3810 6228
319 297 465 355 1055
931 293 991 350 S.
1029 289 1407 347 ATllANASll
1445 287 1598 345 OPP.
1643 288 1822 343 PARS
1863 288 1902 342 1.
1943 320 2014 328 -
2049 287 2425 344 HISTORICA
2466 287 2553 342 ET
2594 284 3019 342 DOGMATICA.
3457 285 3649 346 {0-36

315 413 762 482 obtemperantes
809 408 1257 478 acquiescerent;
1301 405 1386 458 vel
1427 404 1473 458 si
1510 411 1900 472 repugnarent,

2136 402 2168 472 ἢ
2209 401 2542 464 ἀκούσαντες
2578 401 2932 471 ὴρεμήσωσιν
2959 441 2977 466 ,
3024 399 3058 471 ἢ
3115 401 3496 469 ἀντιλέγοντες
3541 403 3650 466 ὡς

319 521 418 573 pro
463 501 733 557 luereticis
768 500 1122 555 haberentur.
1155 496 1370 552 Etenim
1395 512 1517 566 quae
1541 497 1652 566 jam
1690 511 1904 552 memo-

2099 493 2275 545 ertxo‘t
2328 491 2648 563 νομισθῶσι.
2699 491 2780 545 Ta
2839 493 2948 564 γὰρ
3008 494 3274 565 εἰρημένα
3307 494 3421 565 (10)
3471 495 3644 550 οὔτε

317 605 435 651 rata
467 605 616 660 sunt,
642 607 819 662 neque
846 591 994 645 dictu
1030 605 1209 660 neque
1243 590 1432 644 auditu
1464 597 1592 643 sunt
1629 588 1902 643 Christia-

2099 586 2171 640 ςτά
2205 585 2327 640 οὕτε
2358 585 2601 639 ἀκουστὰ
2644 585 2798 657 παρά
2832 587 3208 658 Χριστιανοῖς,
3253 587 3393 640 ἀλλά
3434 588 3638 642 ἀλλό-

318 689 407 744 nis
436 685 764 748 tolerabilia,
795 683 892 739 sed
939 684 1009 739 ab
1053 683 1359 753 apostolica
1396 683 1648 738 doctrina
1684 683 1901 752 penitus

2099 696 2130 731 a
2156 678 2298 731 κατά
2327 678 2506 731 πάντα
2549 677 2748 749 τρόπον
2787 681 2886 748 τῆς
2927 679 3292 749 ἀποστολικῆς
3337 680 3641 735 διδασκαη

317 779 636 834 abhorrent.
673 777 946 842 Quocirca
1003 791 1198 830 eorum
1229 776 1397 838 dicta,
1451 783 1513 828 ut
1546 774 1660 844 jam
1700 790 1904 830 memo-

2099 789 2143 834 ς.
2204 770 2304 824 Διά
2361 770 2521 823 τοῦτο
2570 769 2701 838 γοῦν
2743 769 2900 838 κάγὼ
2949 769 3020 823 τὰ
3059 773 3190 843 παρ’
3243 773 3496 840 ἐκείνων,
3524 775 3635 837 ὼς

319 880 436 925 rata
484 877 649 934 sunt,
678 869 825 938 ipsis
872 867 1058 922 verbis
1111 867 1164 922 in
1216 867 1447 937 epistola
1499 866 1901 921 conscribenda

2099 859 2332 932 >είρηται
2367 860 2505 931 (11),
2564 862 2910 932 ἐγγραφῆναι
2949 862 3174 933 γυμνῶς
3216 864 3498 935 πεποίηκα
3530 869 3627 937 τῇ

317 962 542 1026 curavi;
586 970 646 1016 ut
689 961 946 1032 quisquis
981 960 1240 1025 audierit,
1275 975 1466 1014 eorum
1508 959 1902 1029 turpitudinem

2105 953 2287 1024 στολῇ,
2327 953 2412 1006 ἵνα
2440 953 2532 1006 καὶ
2565 954 2724 1024 μόνον
2753 956 2782 1006 ό
2807 953 3021 1007 ἀκούων
3063 954 3240 1027 θεωρῇ
3278 957 3381 1028 τὴν
3419 959 3481 1011 ὲν
3509 961 3630 1012 αὑ-

316 1064 372 1110 et
400 1056 736 1126 impietatem
768 1055 1193 1110 animadvertat.
1251 1051 1317 1107 Et
1361 1053 1579 1107 tametsi
1617 1052 1904 1122 oportebat

2099 1063 2116 1110 ;
2176 1047 2438 1118 αἰσχύνην
2489 1049 2583 1100 καὶ
2631 1047 2908 1102 ἀσέόειαν.
2958 1050 3067 1102 Καὶ
3111 1052 3160 1102 εί
3208 1050 3303 1103 καὶ
3354 1050 3469 1105 ἔδει
3512 1051 3628 1106 διὰ

317 1149 535 1203 illorum
577 1149 672 1218 qui
709 1149 828 1202 haec
874 1139 1348 1202 commenti'sunt
1393 1145 1681 1200 stultitiam
1731 1144 1904 1214 pluri-

2099 1138 2266 1191 ;ιόνων
2314 1141 2642 1209 κατηγορεῖν
2676 1139 2770 1191 καὶ
2807 1138 3104 1210 διελέγχειν
3137 1141 3248 1212 (12)
3284 1141 3384 1214 τὴν
3421 1145 3620 1216 ἀφρο-

314 1242 418 1297 bus
466 1256 696 1311 arguere
724 1249 778 1294 et
819 1239 1149 1302 confutare;
1205 1248 1446 1293 attamen
1489 1239 1661 1293 satius
1708 1236 1904 1293 fuisset

2099 1247 2172 1294 ἠν
2203 1229 2311 1282 τῶν
2340 1230 2408 1283 τὰ
2437 1229 2662 1284 τοιαῦτα
2699 1231 3011 1301 νοησάντων
3036 1250 3049 1262 ·
3096 1232 3230 1288 ἀλλά
3275 1235 3445 1288 καλὸν
3493 1237 3620 1300 ἕως

313 1335 605 1404 epistolam
654 1335 764 1388 huc
811 1333 1083 1392 desinere,
1139 1341 1194 1386 et
1231 1332 1368 1386 nihil
1421 1334 1565 1386 ultra
1608 1331 1896 1386 scribere:

2100 1340 2206 1377 των
2237 1319 2498 1394 εἶναιτὴν
2530 1324 2818 1396 ἐπιστολὴν
2841 1367 2854 1389 ,
2894 1326 2988 1378 καὶ
3031 1327 3196 1396 μηδὲν
3233 1328 3422 1382 πλεῖον
3461 1329 3620 1401 79i—

314 1443 439 1498 qua:
472 1427 619 1481 enim
673 1427 748 1481 ita
798 1425 1090 1480 manifeste
1133 1441 1302 1494 prava
1355 1433 1899 1489 commonstrantur,

2099 1429 2159 1467 ν’
2202 1415 2270 1468 τὰ
2316 1415 2424 1488 γὰρ
2472 1416 2616 1470 οὕτω
2649 1418 2899 1487 φανερῶς
2928 1418 3256 1491 δεικνύμενα
3288 1421 3480 1490 φαῦλα
3509 1441 3614 1492 γυ-

313 1519 592 1590 exagitare
637 1526 691 1572 et
738 1518 1014 1572 curiosius
1047 1516 1308 1586 indagare
1352 1533 1462 1571 non
1507 1516 1745 1586 expedit,
1775 1531 1842 1570 ne
1870 1531 1903 1571 a

2099 1505 2229 1569 ἱζειν
2259 1508 2350 1559 ἐπὶ
2386 1507 2566 1560 πλεῖον
2605 1509 2698 1560 καὶ
2744 1508 3203 1578 περιεργάζεσθαι
3262 1511 3324 1562 οὐ
3366 1511 3473 1574 δεῖ,
3513 1513 3608 1565 ἵνα

313 1611 675 1667 contentiosis
720 1611 882 1680 722
914 1610 1232 1665 hominibus
1277 1611 1529 1680 ambigua
1579 1609 1902 1665 existimen-

2117 1599 2228 1661 τοῖς
2259 1597 2653 1667 φιλονεικοῦσιν
2673 1598 2750 1662 ὼς
2770 1599 3048 1670 ἀμφίϐολα
3067 1601 3294 1674 νομισθῇ
3323 1622 3338 1635 ·
3371 1605 3405 1674 ἢ
3438 1605 3609 1660 τοῦτο

315 1714 436 1760 tur:
473 1705 568 1760 sed
604 1703 804 1759 sullicit
837 1705 924 1759 his
944 1703 1212 1758 duntaxat
1241 1703 1424 1757 verbis
1445 1702 1514 1756 ad
1546 1701 1637 1756 illa
1665 1716 1899 1772 respon-

2099 1703 2170 1740 ρον
2222 1689 2624 1761 ἀποκρίνασθαι
2662 1689 2798 1760 πρὸς
2830 1691 2900 1745 τά
2942 1692 3198 1758 τοιαῦτα,
3238 1696 3334 1748 καὶ
3367 1697 3554 1750 εἰπεῖν
3582 1713 3600 1726 ·

2099 1782 2206 1806 ...-ἳ
2270 1781 2344 1806 2-.
2382 1782 2478 1806 -)λ.-
2523 1781 2634 1806 ι...
2668 1782 2836 1806 -..ἲῗρ-
2871 1782 2971 1806 -Ζ-
3012 1785 3321 1806 v_n-\_-_s_
3363 1787 3479 1806 913..-
3507 1787 3526 1806 α.

314 1798 447 1853 dere
480 1815 496 1852 :
541 1796 665 1852 Hec
695 1796 978 1852 catholicae
1015 1796 1275 1852 Ecclesiae
1304 1811 1412 1850 non
1436 1805 1585 1859 sunt,
1618 1811 1796 1865 neque
1835 1809 1900 1849 ea

2099 1782 2224 1844 axsi,
2268 1781 2350 1834 ὅτι
2379 1782 2480 1834 οὐκ
2521 1781 2637 1834 έστι
2666 1782 2840 1836 ταῦτα
2869 1782 2971 1852 τῆς
3012 1785 3322 1856 Καθολικῆς
3363 1787 3605 1859 Ἐκκλη-

311 1900 399 1948 est
428 1889 654 1946 Patrum
687 1891 978 1945 sententia.
1012 1889 1282 1944 Caeterum
1317 1905 1384 1944 ne
1426 1905 1492 1944 ex
1530 1897 1791 1958 perpetuo
1823 1888 1901 1943 si-

2104 1891 2151 1939 ς,
2185 1873 2306 1927 οὐδὲ
2333 1873 2503 1927 ταῦτα
2541 1877 2590 1928 οί
2627 1875 2870 1946 Πατέρες
2906 1876 3234 1946 ἐφρόνησαν.
3264 1878 3385 1932 Ἵνα
3416 1878 3477 1932 δὲ
3525 1883 3602 1950 μὴ

315 1984 486 2038 lentio
527 1983 881 2052 impudentia:
915 1983 1263 2038 occasionem
1292 1981 1563 2035 malarum
1606 1980 1682 2034 illi
1712 1995 1897 2034 rerum

2100 1967 2200 2038 τῆς
2232 1967 2414 2020 τέλεον
2461 1969 2673 2039 σιωπῆς
2724 1970 2996 2041 πρόφασιν
3044 1971 3434 2041 ἀναισχυντίας
3485 1975 3601 2044 (15)

314 2075 555 2129 artifices
579 2073 866 2143 arripiant,
892 2088 922 2126 e
959 2087 1018 2126 re
1053 2069 1305 2126 fueritex
1352 2069 1554 2124 divinis
1602 2067 1900 2138 Scripturis

2099 2065 2222 2124 ιτοῖς
2260 2063 2307 2114 οί
2337 2061 2446 2115 τῶν
2472 2063 2658 2115 κακῶν
2700 2063 2990 2134 ὲφευρεταὶ
3030 2064 3398 2135 πορίσωνται,
3428 2065 3602 2118 καλὸν

314 2183 490 2239 pauca
519 2181 862 2233 memorare;
907 2163 1142 2220 fortasse
1184 2164 1269 2218 vel
1318 2162 1425 2217 hoc
1480 2162 1644 2217 modo
1690 2161 1902 2232 pudore

2105 2153 2214 2207 τῶν
2246 2153 2406 2206 θείων
2437 2155 2476 2206 Γ
2482 2153 2670 2226 ραφῶν
2696 2155 2854 2224 ὀλίγα
2880 2156 3250 2228 μνημονεῦσαι
3275 2174 3291 2189 ο
3319 2159 3469 2228 τάχα
3496 2159 3603 2213 κᾶν

313 2259 513 2324 allecti,
578 2257 929 2328 turpissimas
978 2257 1267 2327 opiniones
1330 2253 1678 2326 excogitandi
1735 2253 1897 2308 finem

2099 2263 2180 2308 ’ως
2211 2246 2546 2312 αἰδεσθέντες
2575 2247 2889 2303 παύσωνται
2910 2250 3018 2302 ἀπὸ
3049 2249 3156 2303 τῶν
3190 2250 3453 2322 ῥυπαρῶν
3481 2251 3606 2306 τού·

316 2353 541 2408 facient.

2099 2357 2116 2391 ν
2145 2339 2415 2394 ἐπινοιῶν.

382 2445 439 2500 4.
475 2443 624 2500 Heus
665 2459 786 2508 vos,
821 2443 914 2514 qui
941 2456 1007 2496 eo
1028 2441 1272 2498 animum
1303 2439 1593 2511 appulistis
1619 2447 1680 2494 ut
1702 2453 1902 2508 corpus

2099 2427 2131 2482 l.
2190 2429 2360 2482 Πόθεν
2401 2431 2530 2501 ὑμῖν
2579 2432 2818 2502 ἐπῆλθεν
2874 2433 3050 2486 εἰπεῖν
3105 2432 3261 2505 (14),
3313 2427 3360 2488 ὧ
3420 2429 3599 2501 οὗτοι,

313 2539 572 2595 diceretis
639 2553 761 2594 esse
828 2537 996 2592 Verbi
1081 2537 1360 2590 divinitati
1431 2534 1902 2590 consubstantiale

2099 2523 2294 2577 δούσιον
2348 2520 2489 2577 εἶναι
2533 2525 2596 2578 τὸ
2637 2526 2794 2596 σῶμα
2827 2527 2927 2597 τῆς
2966 2525 3060 2579 τοῦ
3103 2528 3277 2596 Λόγου
3340 2527 3606 2600 θεότητος

315 2633 486 2705 (hinc
520 2633 664 2688 enim
721 2633 888 2687 ordiri
924 2647 1104 2702 operae
1133 2632 1367 2702 pretium
1415 2631 1614 2694 fuerit,
1662 2638 1725 2684 ut
1774 2644 1900 2683 cum

2099 2613 2156 2666 τιὸ
2185 2615 2294 2686 γὰρ
2319 2613 2512 2668 τούτου
2539 2615 2703 2668 καλόν
2733 2619 2882 2669 ἐστιν
2914 2617 3204 2690 ἄρξασθαι,
3237 2618 3326 2672 ἴνα
3345 2657 3359 2680 ,
3403 2618 3602 2673 τούτου

312 2727 438 2796 ejus
477 2726 761 2781 sententiae
800 2724 1022 2779 foeditas
1058 2724 1238 2794 palam
1280 2723 1464 2789 fuerit,
1503 2737 1682 2792 neque
1707 2732 1903 2777 caetera

2099 2708 2356 2779 κνυμένου
2391 2708 2614 2780 σαθροῦ,
2653 2709 2746 2762 καὶ
2780 2709 2958 2762 πάντα
2984 2709 3052 2762 τὰ
3077 2709 3212 2762 ἄλλα
3239 2709 3465 2764 τοιαῦτα
3489 2711 3604 2764 δει-

316 2819 542 2889 majoris
569 2834 691 2874 esse
719 2818 877 2888 pretii
896 2819 1254 2888 conspicuum
1278 2815 1415 2887 sit)?
1439 2815 1496 2870 In
1523 2815 1726 2870 divinis
1754 2823 1902 2870 certe

2099 2801 2188 2870 i);
2236 2801 2369 2853 Ἀπὸ
2416 2801 2514 2871 μὲν
2560 2797 2654 2854 οὖν
2692 2801 2801 2854 τῶν
2843 2801 3002 2855 θείων
3047 2801 3282 2873 Γραφῶν
3314 2803 3417 2856 οὐκ
3446 2802 3612 2856 ἐστιν

319 2911 623 2982 Scripturis
677 2911 816 2965 nihil
869 2919 1152 2980 comparet
1189 2909 1527 2980 hujnsmodi,
1587 2925 1714 2963 nam
1771 2909 1903 2979 ipsze

2099 2895 2210 2958 δεῖν,
2233 2892 2366 2945 Θεὸν
2400 2892 2509 2965 γὰρ
2549 2895 2606 2946 ὲν
2639 2893 2964 2966 ἀνθρωπίνῳ
3000 2893 3213 2965 σώματι
3255 2895 3473 2963 λέγουσι
3504 2912 3606 2962 γε-

319 3003 491 3058 Deum
543 3004 599 3058 itt
650 3005 894 3060 humano
951 3002 1124 3058 fuisse
1174 3019 1407 3072 corpore
1456 3001 1768 3058 affirmant:
1807 3005 1902 3058 sed

2099 2983 2242 3038 ιέναι.
2282 2984 2442 3038 Ἀλλά
2466 2985 2575 3058 γὰρ
2603 2986 2714 3057 (15)
2739 2987 2834 3040 καὶ
2863 2988 2913 3040 οἱ
2935 2987 3196 3059 Πατέρες,
3225 2989 3274 3040 οἱ
3305 2990 3361 3040 ἐν
3387 2988 3605 3058 Νικαίᾳ

319 3099 486 3152 etiam
520 3096 712 3153 Patres
749 3097 844 3167 qui
888 3094 1085 3151 Nicwae
1114 3104 1512 3163 convenerunt,
1546 3112 1654 3152 non
1678 3112 1900 3166 corpus,

2099 3075 2353 3140 ιελθόντες
2375 3078 2436 3130 ού
2470 3077 2530 3131 τὸ
2568 3078 2748 3149 σῶμα,
2782 3079 2896 3132 ἀλλ’
2929 3080 3091 3133 αὑτὸν
3122 3080 3214 3134 τὸν
3245 3080 3372 3132 Υίδν
3395 3081 3604 3152 όμοού-

321 3189 419 3246 sed
458 3191 637 3260 ipsum
672 3188 871 3243 Filium
917 3187 1176 3244 dixerunt
1205 3204 1328 3244 esse
1356 3188 1505 3243 Patri
1539 3190 1903 3246 consubstan-

323 3283 529 3348 tialem,
566 3280 792 3336 ethunc
823 3280 1046 3351 quidem
1087 3296 1154 3335 ex
1193 3281 1500 3336 substantia
1550 3281 1751 3348 Patris,
1781 3298 1908 3336 enr-

322 3390 428 3445 pus
454 3389 582 3428 vero
624 3389 693 3427 ex
745 3371 919 3426 Maria
955 3387 1076 3428 esse
1108 3389 1177 3427 ex
1229 3371 1528 3442 Scripturis
1555 3374 1682 3429 item
1718 3375 1905 3430 decla-

323 3473 540 3521 rarunt.
578 3463 946 3530 Quamobrem
988 3472 1083 3516 aut
1110 3461 1384 3518 Nicaznam
1430 3464 1710 3534 repudiate
1743 3479 1909 3536 syno-

324 3561 481 3628 dum,
513 3569 569 3616 et
597 3568 786 3630 utpote
832 3558 1096 3625 ha2retici,
1134 3559 1249 3614 haec
1287 3559 1463 3613 aliena
1499 3560 1777 3614 inducite:
1815 3569 1909 3614 aut

327 3655 374 3710 si
407 3653 576 3708 vultis
603 3651 829 3708 Patrum
862 3652 1081 3707 illorum
1131 3653 1228 3706 filii
1264 3667 1407 3716 esse,
1441 3669 1508 3706 ne
1538 3651 1810 3707 diversam
1840 3652 1909 3707 ab

291 3778 300 3793 .
327 3761 520 3802 eorum
574 3746 792 3816 scriptis
824 3746 1150 3801 sententiam
1175 3745 1589 3800 consectemini.
1621 3744 1734 3801 Hac
1766 3761 1910 3815 quo-

327 3854 435 3910 que
466 3839 678 3894 ratione
703 3838 835 3893 illud
865 3846 1083 3907 quanta:
1117 3838 1188 3892 sit
1221 3837 1578 3893 alisurditatis
1605 3837 1906 3892 advertite:

329 3931 378 3986 si
412 3929 651 3986 Verbum
685 3930 925 4000 corpori,
965 3931 1112 4000 quod
1160 3946 1227 3985 ex
1277 3938 1422 3985 terra
1481 3939 1732 3985 naturam
1766 3941 1912 3986 tenet

331 4038 513 4088 suam,
539 4030 623 4078 est
647 4023 1137 4089 consubstantialc,
1177 4031 1231 4076 et
1270 4022 1490 4076 aliunde
1534 4022 1773 4077 Verbum
1825 4023 1914 4076 iti-

331 4113 479 4178 dem,
507 4115 665 4184 juxta
697 4111 924 4168 Patrum
957 4113 1386 4179 confessionem,
1437 4121 1522 4168 est
1577 4113 1723 4169 Patri
1782 4130 1915 4170 con-

333 4207 736 4272 substantiale;
789 4207 909 4277 ipse
959 4206 1119 4261 Pater
1175 4208 1394 4274 corpori
1445 4222 1512 4262 ex
1566 4215 1711 4262 terra
1771 4205 1915 4262 facto

332 4295 820 4353 consubstantialis
853 4296 977 4350 erit.
1005 4295 1214 4366 Ecquid
1244 4298 1384 4351 ultra
1414 4296 1648 4352 Arianos
1678 4297 1915 4353 insecte-

335 4389 490 4456 mini,
519 4389 663 4460 quod
697 4389 884 4444 dicant
902 4386 1100 4442 Filium
1135 4403 1256 4444 esse
1283 4397 1615 4454 creaturam,
1648 4405 1773 4445 curn
1811 4389 1914 4460 ipsi

2016 3187 2128 3223 σιον
2184 3171 2440 3241 εἰρήκασι
2479 3170 2572 3224 τοῦ
2603 3172 2838 3242 Πατρὸς,
2883 3172 2980 3226 καὶ
3007 3172 3196 3227 τοῦτον
3243 3173 3342 3244 μὲν
3386 3176 3452 3226 ὲκ
3495 3173 3608 3242 τῆς

2012 3259 2198 3322 οὐσίας
2217 3259 2312 3312 τοῦ
2355 3261 2588 3331 Πατρός,
2618 3261 2678 3314 τὸ
2708 3261 2765 3314 δὲ
2797 3261 2956 3332 σῶμα
2984 3263 3048 3314 ἐκ
3072 3262 3292 3332 Μαρίας
3312 3263 3609 3334 ὡμολόγη-

2016 3368 2116 3404 σαν
2160 3347 2300 3404 εἷναι
2346 3351 2507 3406 πάλιν
2550 3353 2693 3406 κατά
2740 3353 2838 3416 τὰς
2869 3353 3094 3426 Γραφάς
3131 3354 3266 3424 (16).
3309 3355 3372 3407 ’Ὴ
3418 3356 3609 3409 τοίνυν

2015 3444 2326 3516 ἀρνήσασθε
2361 3446 2461 3517 τὴν
2503 3448 2560 3498 ἐν
2594 3445 2796 3518 Νικαίᾳ
2832 3446 3068 3512 σύνοδον,
3104 3450 3197 3502 καὶ
3225 3448 3300 3512 ὡς
3333 3449 3610 3518 αἱρετικοὶ

2017 3540 2417 3611 παρεισφέρετε
2451 3541 2656 3595 ταῦτα·
2689 3542 2744 3612 ἢ,
2780 3543 2828 3594 εί
2861 3541 3113 3611 βούλεσθε
3141 3544 3307 3597 τέκνα
3340 3545 3448 3596 τῶν
3483 3545 3609 3598 Πα-

2015 3633 2193 3704 τέρων
2215 3631 2376 3698 εἶναι,
2407 3635 2480 3705 μὴ
2509 3638 2754 3707 φρονεῖτε
2787 3637 2916 3704 παρ’
2939 3639 3144 3702 ἐκεῖνα,
3183 3638 3327 3709 ἅπερ
3353 3637 3612 3708 ἔγραψαν

2018 3726 2172 3779 αὐτοί
2201 3727 2331 3796 (17).
2363 3727 2473 3779 Καὶ
2489 3727 2597 3798 γὰρ
2638 3729 2731 3780 καὶ
2753 3730 2817 3781 ὲκ
2846 3729 3036 3783 τούτου
3063 3731 3124 3783 τὸ
3149 3729 3349 3784 ἄτοπον
3373 3729 3611 3802 θεωρεῖν

2020 3819 2164 3887 ὑμᾶς
2195 3817 2402 3883 ἔξεστιν
2426 3836 2441 3852 ο
2475 3822 2522 3871 εἰ
2554 3820 2840 3890 ὁμοούσιος
2881 3823 2909 3874 ό
2942 3821 3114 3889 Λόγος
3134 3821 3212 3891 τῷ
3247 3820 3457 3891 σώματι
3491 3822 3610 3892 (18)

2020 3913 2086 3963 ὲκ
2114 3913 2219 3981 γῆς
2256 3910 2433 3980 ἔχοντι
2458 3911 2556 3983 τὴν
2595 3912 2789 3982 φύσιν,
2824 3912 3108 3982 όμοούσιος
3151 3912 3207 3966 δὲ
3248 3911 3277 3963 ὁ
3313 3913 3485 3982 Λόγος
3526 3914 3614 3984 τῷ

2021 4003 2198 4074 Πατρὶ
2232 4003 2374 4058 κατά
2410 4004 2509 4076 τὴν
2555 4005 2666 4058 τῶν
2721 4006 2978 4076 Πατέρων
3029 4005 3359 4075 ὁμολογίαν·
3409 4006 3616 4076 όμοού-

2024 4111 2136 4158 σιος
2165 4095 2318 4148 ἐσται
2357 4098 2451 4148 καὶ
2474 4097 2635 4160 αὐτὸς
2663 4099 2692 4150 ὁ
2725 4097 2916 4169 Πατὴρ
2947 4097 3024 4168 τῷ
3052 4097 3265 4168 σώματι
3296 4099 3374 4170 τῷ
3402 4101 3467 4152 ἐκ
3499 4099 3614 4169 γῆς

2021 4188 2322 4259 γενομένῳ.
2374 4190 2485 4241 Καὶ
2513 4189 2565 4241 τί
2596 4189 2676 4241 ἔτι
2720 4189 3000 4260 μέμφεσθε
3043 4193 3156 4254 τοῖς
3198 4193 3497 4263 Ἀρειανοῖς
3525 4191 3620 4245 λέ-

2023 4297 2179 4350 γουσι
2203 4281 2295 4334 τὸν
2333 4282 2461 4335 Υἱὺν
2500 4283 2727 4353 κτίσμα,
2764 4282 3018 4351 λέγοντες
3047 4283 3199 4337 αὐτοὶ
3233 4285 3326 4337 καὶ
3361 4285 3475 4356 (19)
3513 4287 3613 4340 τὸν

2023 4374 2244 4440 Πατέρα
2289 4373 2574 4443 ὁμοούσιον
2618 4377 2732 4437 τοῖς
2780 4374 3083 4445 κτίσμασι;
3140 4377 3235 4429 καὶ
3285 4377 3364 4439 είς
3414 4377 3612 4448 ἑτέραν

335 4481 552 4537 Patrem
592 4483 755 4537 rebus
787 4482 987 4538 creatis
1035 4497 1159 4538 esse
1207 4481 1732 4538 consubstantialem
1779 4481 1920 4536 allir-

2101 4465 2282 4520 έόειαν
2333 4467 2761 4537 μετερχόμενοι,
2797 4468 3100 4536 φάσκοντες
3148 4472 3227 4533 εἰς
3274 4469 3476 4540 σάρκα,
3513 4472 3615 4524 καὶ

338 4575 520 4642 metis,
554 4584 608 4632 et
645 4577 702 4629 in
755 4576 919 4630 aliam
962 4574 1296 4646 impietatem
1328 4584 1676 4631 transeuntes
1702 4575 1918 4644 dicatis,

339 4669 394 4722 in
417 4682 662 4734 carnem,
699 4681 849 4730 ossa,
884 4667 1130 4736 capillos,
1168 4682 1366 4723 nervos
1393 4674 1447 4722 et
1481 4667 1537 4721 in
1590 4676 1765 4722 totum
1793 4683 1922 4722 cor-

339 4773 444 4828 pus
489 4772 817 4814 conversum
861 4772 984 4812 esse
1029 4755 1295 4824 Verbum,
1345 4767 1399 4812 et
1429 4773 1460 4812 a
1491 4759 1716 4830 pr0pria
1743 4769 1923 4813 muta-

414 4963 781 5039 (iti)_Seguer.
815 4972 869 5019 el.
899 4961 1120 5033 Epiph.,
1151 4963 1512 5035 όνομασθῶσι.
1544 4963 1626 5017 Τὰ
1659 4963 1767 5038 γὰρ
1794 4983 1926 5039 προ-

341 5054 462 5108 ειρη
473 5036 627 5108 μένα.

417 5104 530 5178 (ll)
566 5107 658 5161 Sic
702 5104 927 5177 Seguer.
964 5106 1182 5164 Gobler.
1225 5117 1279 5162 et
1307 5105 1547 5161 Felckm.
1586 5106 1634 5162 1,
1663 5105 1718 5160 1η
1743 5106 1925 5172 editis,

345 5178 580 5249 εἴρηται.

419 5247 530 5320 (12)
560 5247 809 5332 ﬂuidam
855 5249 1466 5332 κῐηεεημκατηγοίρῆ-σαι
1516 5249 1622 5332 καὶ.
1661 5249 1925 5332 ἐλέγχειν.

345 5319 490 5387 Mox,
518 5319 646 5391 τῶί
657 5319 830 5372 ταῦτα
851 5319 1259 5391 διανοηθέντων.

2021 4558 2204 4621 ὀστέα,
2234 4559 2327 4612 καὶ
2341 4559 2552 4630 τρίχας,
2583 4561 2675 4612 καὶ
2705 4557 3005 4630 νεῦρα,κα“ι
3020 4560 3139 4613 ὅλον
3160 4561 3222 4613 τὸ
3243 4560 3403 4632 σῶμα
3436 4580 3613 4632 μετα-

2025 4650 2324 4720 ϐεϐλῆσθαι
2387 4651 2480 4704 τὸν
2548 4651 2740 4720 Λόγον,
2775 4653 2870 4705 καὶ
2902 4651 3166 4722 ἠλλάχθαι
3200 4653 3298 4722 τῆς
3339 4654 3478 4717 ἰδίας
3508 4654 3618 4723 φύ-

2031 4759 2191 4805 σεως.
2223 4743 2365 4813 Ὥρα
2392 4741 2500 4813 γὰρ
2530 4742 2674 4812 ὑμᾶς
2706 4743 2956 4814 φανερῶς
2999 4745 3174 4796 εἰπεῖν
3209 4746 3274 4798 ἐκ
3310 4745 3414 4815 γῆς
3446 4746 3615 4799 αὑτὸν

2098 4969 2210 5040 (14)
2243 4967 2588 5040 Segtterian.,
2624 4967 2794 5040 Πόθεν
2840 4969 3001 5039 ὑμῖν,
3039 4961 3084 5022 ῶ
3125 4963 3293 5033 οὗτοι,
3328 4972 3522 5024 εἰπεῖν.
3556 4969 3616 5026 In

2027 5037 2219 5097 eodem
2250 5039 2392 5110 infra
2417 5047 2540 5110 post
2566 5037 2750 5110 καλόν,
2787 5037 3148 5110 nonilegitur,
3174 5043 3342 5095 ἐστιν.

2102 5111 2213 5180 (15)
2239 5109 2376 5182 ίΓὰρ
2406 5107 2558 5182 deest
2591 5109 2642 5162 in
2680 5111 2861 5165 editis.
2900 5107 3158 5165 Ex'mss.
3189 5111 3418 5182 Seguer.
3445 5110 3617 5167 Basil.

2029 5192 2084 5238 et
2113 5179 2324 5250 Anglic.
2350 5179 2706 5250 restituimus.

2108 5248 2227 5351 (116)
2250 5250 2411 5351 Θείας
2452 5248 2707 5322 Γραφάς,
2743 5251 2794 5305 in
2831 5249 3054 5322 Seguer.
3102 5251 3266 5351 Pasil.
3309 5253 3530 5308 Gobler.
3567 5259 3623 5306 et

1334 5322 1501 5374 obler.
1535 5319 1714 5374 Fclck.
1754 5319 1807 5384 1,
1835 5321 1934 5374 Se-
2031 5319 2272 5379 Felckm.
2309 5322 2360 5373 1.

346 5403 579 5479 ,ζωοί-..εει
608 5389 827 5479 Ερξρίιη
855 5393 958 5479 τῂν
984 5389 1091 5446 τῶν
1115 5392 1300 5479 “aegra.
1320 5391 1934 5479 8fv050évrwv‘aiaxti-

349 5460 466 5529 νην.
504 5461 624 5532 Mox
667 5460 862 5532 Eplplt.
907 5460 1126 5530 Segner.
1159 5463 1322 5532 Basil.
1356 5463 1574 5517 Gobler.
1607 5471 1661 5517 et
1693 5460 1930 5529 Felell,

2108 5395 2220 5463 (17)
2250 5391 2440 5463 Loc_us_
2467 5391 2668 5463 citatus
2694 5391 2748 5445 in
2778 5391 2907 5463 dial.
2948 5391 3236 5448 Theoriani
3271 5393 3394 5448 adv.
3426 5393 3624 5463 Arme—

2036 5459 2158 5530 nos,
2183 5459 2315 5536 tom.
2346 5461 2365 5514 l
2402 5461 2544 5516 Bibl.
2576 5459 2747 5518 erc.
2781 5461 2900 5516 PP.
2928 5478 2980 5533 p.
3006 5463 3130 5530 M7,
3157 5464 3351 5536 Epiph.
3376 5465 3490 5518 Καὶ
3513 5462 3624 5534 γὰρ

352 5531 704 5604 πλέοναΕᾱὶιί
729 5531 783 5588 et
809 5534 922 5601 alii,
949 5534 1150 5588 πλεῖον.
1182 5531 1326 5588 Infra
1353 5533 1579 5604 chuer.
1606 5534 1778 5600 solus,
1807 5536 1920 5587 ἀπο

2099 5535 2337 5604 πτούτου.

348 5603 644 5676 κρίνεσθαι.

423 5675 534 5745 (15)
567 5674 792 5747 Seguer.
824 5676 974 5732 solus
1029 5677 1431 5746 ἀναισχυντίας.
1476 5676 1603 5747 Alii,
1634 5676 1930 5750 ἀναίσχυν-

349 5762 460 5801 τον.

2083 5605 2221 5689 _(18)
2251 5601 2472 5658 Gobler.
2505 5600 2744 5660 Felckm.
2779 5603 2841 5669 l,
2875 5605 2922 5656 εἰ
2955 5605 3236 5676 όμοούσιον
3268 5603 3346 5676 τῷ
3380 5605 3541 5678 Λόγῳ
3564 5603 3628 5660 τδ

2039 5693 2221 5818 σωδῖῧ)
2252 5742 2361 5802 Καί
2393 5745 2543 5803 deest
2569 5743 2624 5801 in
2658 5743 2822 5801 Basil.
