3810 6228
117 262 282 319 ίθὸῖ

118 385 515 459 γεγενῆσθαι.
551 401 568 416 ⁸

116 479 225 534 τοῦ
260 479 569 551 σώματος
588 479 767 550 φύσις.
799 480 896 544 Τίς
912 474 1007 534 οὖν
1029 483 1063 553 ἡ
1091 481 1326 555 τοσαύτη
1347 482 1773 555 παραφροσύνη,

1369 260 1708 320 EPISTOLA
1748 263 1839 319 AD
1888 261 2291 319 EPICTETUM

612 387 678 440 ἐκ
711 387 815 457 γῆς
846 386 957 459 γὰρ
985 386 1100 459 (20)
1130 387 1239 443 τῶν
1272 388 1478 444 ὀστέων
1525 391 1621 445 καὶ
1649 389 1749 443 ὅλοι

1912 408 1995 447 um
2047 408 2171 448 esse
2217 369 2454 448 natura?
2491 391 2683 448 Restat
2734 388 2882 447 enim
2911 395 2975 443 ut
3030 393 3217 458 aperte
3262 386 3465 447 dicatis

3322 265 3463 324 1058

1878 485 2058 555 ipsum
2106 500 2170 541 ex
2225 494 2370 541 terra
2420 483 2622 540 factum
2666 481 2840 538 fuisse
2874 498 2889 537 :
2921 495 2992 535 ex
3019 488 3166 534 terra
3195 479 3341 535 enim
3370 495 3465 537 os-

119 572 221 625 ἵνα
265 571 383 624 καὶ
440 572 602 644 πρὸς
647 573 875 636 ἑαυτοὺς
912 572 1295 645 διαμάχησθε;
1340 573 1629 658 ὁμοούσιον
1677 575 1749 645 μὲι

1912 580 2024 634 ium
2083 579 2359 648 totiusque
2402 577 2654 648 corporis
2700 583 2896 630 natura
2951 573 3222 644 originem
3282 574 3458 629 ducit.

118 664 242 736 γὰρ
282 663 586 732 λέγοντες
622 665 714 719 τὸν
747 665 920 734 Λόγον
963 664 1042 735 τῷ
1082 664 1297 738 σώματι
1332 705 1347 731 ,
1403 667 1591 739 ἕτερον
1638 667 1777 738 πρὸς

119 757 215 810 ἒτε
227 773 333 826 ρον
384 756 713 827 σημαίνετε
741 757 852 829 (2i)
872 773 884 786 ο
915 758 979 812 τὸ
1002 758 1059 812 δὲ
1085 759 1166 821 είς
1204 758 1385 829 σάρκα
1437 759 1775 830 μεταϐεϐλῆ-

123 849 265 903 σθαι
303 847 509 902 αὐτοῦ
543 849 640 903 τοῦ
665 849 841 920 Λόγου
880 851 1090 922 τροπὴν
1123 849 1482 921 φαντάζεσθε.
1537 854 1648 906 Καὶ
1692 852 1812 917 τίς·

121 942 212 996 ἔτι
246 942 471 996 λοιπὸν
523 942 684 1013 ὑμῶν
730 942 980 1010 ἀνέξεται
1007 943 1179 998 ταῦτα
1208 944 1304 998 καὶ
1354 944 1516 1016 μόνον
1545 946 1778 1015 φθεγγο-

127 1033 373 1105 μένων;
440 1034 655 1105 Πάσης
705 1034 814 1106 γὰρ
862 1035 1128 1107 αἱρέσεως
1177 1036 1338 1090 πλέον
1394 1039 1474 1100 εἰς
1516 1037 1777 1092 ἀσέϐειαν

121 1123 511 1190 ἐξεκλίνατε.
564 1124 629 1177 Εἰ
678 1124 788 1196 γὰρ
825 1125 1110 1196 ὁμοούσιος
1149 1127 1179 1179 6
1211 1125 1386 1195 Λόγος
1415 1126 1495 1198 τῷ
1537 1125 1773 1198 σώματι,

122 1217 385 1290 περιττὴ
420 1218 542 1289 τῆς
564 1218 784 1291 Μαρίας
810 1219 841 1289 ἡ
865 1219 1054 1291 μνήμη
1086 1219 1180 1272 καὶ
1212 1220 1244 1291 ᾐ
1274 1219 1387 1291 (22)
1415 1220 1594 1292 χρεία,
1620 1221 1776 1275 δυνα-

128 1309 310 1379 μένου
356 1307 471 1362 τοῦ
531 1307 788 1381 σώματος
831 1304 973 1363 εἶναι
1015 1310 1113 1365 καὶ
1159 1309 1268 1382 πρὸ
1310 1312 1534 1383 Μαρίας
1580 1312 1772 1381 ἀΐδιος,

124 1401 334 1475 ὥσπερ
373 1397 489 1467 οὖν
527 1405 646 1457 ἐστι
669 1402 764 1456 καὶ
792 1403 957 1468 αὐτὸς
984 1405 1013 1458 6
1044 1403 1218 1473 Λόγος
1239 1419 1252 1433 ·
1285 1402 1342 1457 εἴ
1367 1421 1431 1474 γε
1466 1404 1589 1459 καθ’
1626 1406 1775 1477 ὑμᾶς

125 1493 451 1565 όμοούσιός
482 1495 609 1547 ἐστι
651 1492 731 1565 τῷ
780 1492 1012 1565 σώματι.
1048 1494 1145 1559 Τίς
1172 1495 1230 1549 δὲ
1263 1495 1358 1550 καὶ
1403 1496 1438 1566 ἠ
1481 1495 1643 1567 χρεία
1672 1495 1773 1567 τῆς

130 1585 461 1657 ἐπιδημίας
491 1584 594 1639 τού
626 1585 821 1655 Λόγου,
851 1586 938 1641 ἵνα
966 1586 1000 1658 ἦ
1031 1587 1094 1640 τὸ
1125 1586 1321 1641 ἑαυτοῦ
1350 1587 1636 1658 όμοούσιον
1680 1591 1771 1643 ὲν-

132 1678 411 1750 δύσηται,
440 1680 510 1752 ἢ,
541 1679 775 1751 τραπεὶς
800 1680 909 1734 ἀπὸ
933 1679 1045 1751 (9.5)
1069 1683 1170 1753 τῆς
1190 1680 1325 1744 ἰδίας
1340 1678 1579 1750 φύσεως,
1612 1679 1772 1751 σῶμα

1879 671 2140 738 Quaenam
2192 672 2359 743 igitur
2406 672 2524 728 haec
2570 677 2724 725 tanta
2768 669 3043 724 dementia
3078 677 3138 722 ut
3171 668 3462 724 vobiscum

1875 765 1977 835 ipsi
2027 766 2325 837 pugnetis?
2355 764 2486 819 dum
2537 764 2684 819 enim
2733 763 2920 819 dicitis
2950 761 3192 817 Verbum
3241 762 3462 832 corpori

1875 871 2001 912 esse
2051 856 2542 920 consubstantiale,
2590 855 2825 911 alterum
2856 870 2983 909 cum
3010 854 3185 909 altero
3217 854 3461 910 conferri

1876 947 2196 1017 signiﬁcatis
2234 967 2248 1003 :
2305 964 2429 1004 cum
2467 962 2602 1003 vero
2655 947 2713 1002 in
2766 962 2988 1002 carnem
3022 955 3295 1001 mutatum
3337 961 3464 1002 esse

1876 1039 2181 1108 afﬁrmatis,
2212 1041 2314 1110 ipsi
2351 1039 2530 1095 Verbo
2555 1041 2916 1094 mutationem
2941 1037 3220 1109 aliingitis.
3255 1035 3461 1107 Ecquis

1873 1148 1972 1189 vos
2005 1134 2150 1188 ultra
2203 1132 2345 1188 ferat
2396 1132 2514 1187 haec
2547 1131 2632 1186 vel
2661 1129 2909 1201 proferre
2938 1130 3149 1186 ausos?
3194 1128 3460 1185 Haeresim

1873 1224 2075 1296 quippe
2107 1239 2326 1279 omnem
2364 1223 2646 1294 impietate
2678 1223 3002 1291 superastis.
3058 1219 3116 1275 Si
3142 1221 3287 1276 enim
3325 1219 3463 1275 Ver-

1875 1315 2004 1370 bum
2054 1323 2140 1370 est
2187 1314 2405 1385 corpori
2439 1313 2931 1378 consubstantiale,
2966 1311 3242 1382 superﬂua
3290 1311 3463 1366 fuerit

1873 1404 2057 1459 Mariae
2092 1404 2299 1459 mentio
2357 1413 2412 1459 et
2462 1405 2854 1470 ministerium,
2892 1418 3018 1459 cum
3069 1418 3271 1472 corpus
3332 1415 3463 1457 ante

1871 1494 2100 1551 Mariam
2134 1497 2204 1551 ab
2257 1505 2463 1551 aeterno
2495 1511 2617 1551 esse
2646 1496 2844 1564 possit,
2878 1504 2940 1550 ut
2977 1504 3063 1550 est
3098 1495 3278 1566 ipsum
3316 1494 3457 1551 Ver-

1872 1589 2035 1655 bum;
2071 1589 2117 1644 si
2148 1599 2351 1665 tamen,
2393 1597 2454 1644 nt
2497 1603 2596 1644 vos
2640 1588 2847 1654 dicitis,
2875 1588 3346 1644 consubstantiale
3374 1597 3461 1644 est

1873 1683 2113 1752 corpori.
2157 1681 2422 1748 Quaenam
2455 1681 2587 1736 item
2620 1683 2921 1737 necessitas
2956 1679 3120 1736 Verbi
3164 1683 3457 1746 adventus,

132 1771 421 1843 γένηται;
465 1770 552 1825 υύ
590 1771 701 1842 γὰρ
730 1770 929 1841 ἑαυτῆς
978 1773 1012 1843 ἡ
1060 1770 1252 1843 θεότης
1290 1770 1728 1843 ἐπιλαμϐάνεται

1915 1782 1935 1828 ι
1965 1773 2050 1828 vel
2083 1773 2214 1828 illud
2250 1773 2396 1844 quod
2439 1772 2545 1829 sibi
2583 1772 3054 1827 consubstantiale
3079 1783 3219 1838 erat,
3261 1774 3457 1827 indue-

134 1865 231 1918 ἵνα
256 1865 360 1918 καὶ
406 1864 480 1918 τὸ
524 1863 814 1935 ὁμοούσιον
852 1863 1057 1934 ὲαυτῆς
1103 1863 1414 1935 ἐνδύσηται.
1460 1863 1602 1917 Ἀλλ’
1647 1862 1771 1917 ούδὲ

132 1956 405 2027 ἥμαρτεν
434 1956 468 2009 6
495 1955 603 2019 τὰς
640 1954 817 2010 ἄλλων
851 1956 1128 2028 ἁμαρτίας
1170 1955 1535 2028 λυτρούμενος
1572 1956 1767 2024 Λόγος,

134 2048 255 2113 ἵνα,
286 2049 549 2121 τραπεὶς
580 2050 660 2113 εἰς
701 2047 863 2121 σῶμα
898 2049 1033 2119 (‘24),
1052 2048 1244 2103 ἑαυτὸν
1284 2048 1427 2121 ὑπὲρ
1460 2048 1656 2103 ἑαυτυῦ
1688 2050 1770 2114 είς

136 2142 347 2199 θυσίαν
376 2143 767 2217 προσενέγκῃ,
802 2142 896 2198 καὶ
923 2142 1115 2199 ἑαυτὸν
1155 2141 1524 2214 λυτρώσηται.

219 2416 280 2472 5.
319 2416 480 2471 ‘AD.’
526 2417 631 2471 ούκ
664 2415 812 2472 ἔστιν
850 2417 1058 2483 οὕτως,
1097 2416 1172 2490 μὴ
1215 2416 1456 2487 γένοιτοί
1493 2416 1766 2487 Σπέρμα-

150 2522 254 2577 εος
280 2509 402 2579 γὰρ
433 2509 703 2579 Ἀϐραὰμ
730 2509 1214 2580 ἐπιλαμϐάνεται,
1242 2509 1319 2574 ὡς
1349 2506 1504 2563 εἶπεν
1532 2511 1561 2563 6
1609 2508 1768 2563 ’Λπό-

159 2600 343 2666 στολος
363 2618 381 2634 σ
442 2602 595 2656 ὅθεν
634 2600 855 2671 ὤφειλε
893 2602 1046 2658 κατὰ
1081 2601 1280 2656 πάντα
1315 2600 1442 2669 τοῖς
1479 2601 1767 2670 ἀδελφοῖς

155 2695 556 2766 ὁμοιωθῆναι,
592 2695 690 2750 καὶ
716 2694 903 2749 λαϐεῖν
936 2695 1121 2765 ὅμοιον
1143 2697 1277 2767 ἡμῖν
1308 2694 1488 2766 σῶμα.
1512 2694 1614 2748 Διὰ
1640 2693 1766 2748 τοῦ-

68 2830 71 2833 η
155 2805 218 2842 το
243 2789 382 2858 γοῦν
409 2790 517 2844 καὶ
550 2788 838 2843 ὑπόκειται
867 2787 1084 2860 ἀληθῶς
1124 2790 1158 2859 ἡ
1204 2787 1417 2860 Μαρία,
1450 2787 1518 2842 ἵν’
1551 2786 1613 2853 ἐξ
1667 2788 1766 2841 αύ-

156 2880 255 2951 τῆς
274 2881 443 2936 τοῦτο
466 2880 640 2954 λάϐῃ,
674 2882 768 2936 καὶ
800 2882 878 2946 ὡς
905 2881 1036 2935 ἴδιον
1065 2880 1209 2954 ὑπὲρ
1247 2880 1406 2953 ἡμῶν
1434 2880 1567 2936 αὐτὸ
1590 2898 1762 2953 προσ·

158 2971 377 3047 ενέγκῃ.
429 2973 557 3028 Καὶ
600 2971 806 3034 ταύτην
840 2974 869 3026 6
916 2971 1016 3043 μὲν
1077 2971 1303 3036 Ἡσαΐας
1353 2970 1719 3043 προφητεύων
1743 3011 1759 3037 ,

158 3058 397 3116 ἐδείκνυε
426 3062 615 3132 λέγων
640 3080 655 3093 ο
704 3061 859 3118 Ἰδοὺ
889 3061 928 3130 ἡ
958 3060 1263 3132 Παρθένος
1288 3079 1304 3095 ·
1347 3064 1378 3117 ό
1426 3062 1484 3116 δὲ
1520 3063 1763 3138 Γαϐριὴλ

159 3150 564 3208 ἀποστέλλεται
596 3153 735 3224 πρὸς
768 3154 940 3226 αὐτὴν
970 3154 1069 3225 οὐχ
1088 3153 1276 3218 ἁπλῶς
1299 3154 1439 3226 πρὸς
1472 3154 1587 3227 (25)
1614 3173 1761 3229 παρ-

160 3239 310 3297 θένον
330 3282 349 3309 ,
397 3244 599 3300 Ἀλλὰ
663 3243 817 3313 πρὸς
867 3243 1169 3312 παρθένον
1219 3244 1765 3315 λιεμνηστευμένην

159 3332 332 3404 ἀνδρί
353 3352 368 3367 ·
396 3337 469 3390 ἵν’
511 3338 580 3391 ἐκ
597 3336 693 3391 τοῦ
727 3336 1041 3410 μνηστῆρος
1072 3335 1186 3408 (26)
1231 3336 1379 3409 δείξῃ
1404 3337 1505 3411 τὴν
1538 3338 1762 3411 Μαρίαν

163 3424 376 3497 ἁληθὼ
408 3428 710 3501 ἄνθρωπον
736 3424 923 3485 οὖσαν.
973 3430 1066 3484 Διὸ
1099 3430 1193 3484 καὶ
1229 3429 1325 3484 τοῦ
1376 3430 1584 3487 τίκτειν
1628 3449 1765 3505 μνη-

168 3519 378 3587 μονεύει
417 3524 454 3595 ἡ
493 3522 718 3596 Γραφῇ,
745 3522 840 3577 καί
868 3539 1033 3594 φησιν
1064 3537 1080 3553 ο
1138 3523 1634 3595 Ἐσπαργὰνωσεο
1666 3525 1763 3579 καὶ

167 3609 579 3686 ἐμακαρίζοντο
612 3615 830 3688 μαστοὶ,
870 3613 964 3681 οὓς
994 3615 1250 3689 ὲθήλασε,
1283 3617 1379 3670 καί
1417 3617 1759 3692 προσενέχθη

168 3700 343 3771 θυσία,
380 3707 460 3773 ώς
515 3706 880 3775 διανοίξαντος
911 3707 1007 3762 τοῦ
1046 3708 1329 3780 τεχθέντος
1358 3709 1459 3781 τὴν
1501 3711 1719 3784 μήτραν
1743 3730 1759 3745 ο

166 3793 338 3852 ταῦτα
365 3797 432 3852 δὲ-
453 3800 674 3866 πάντα,
707 3799 999 3873 τικτούσης
1027 3795 1096 3873 ἦν
1128 3800 1408 3874 Παρθένου
1443 3804 1763 3876 γνωρίσμα-

167 3902 250 3941 τα.
286 3891 398 3945 Καὶ
430 3894 462 3946 ό
496 3892 743 3965 Γαϐριὴλ
783 3891 841 3946 δὲ
885 3891 1144 3962 ἀσφαλῶς
1167 3893 1554 3964 εὐηγγελίζετο
1595 3896 1757 3968 αὐτῇ,

168 3977 337 4050 λέγων
378 3987 483 4057 οὐχ
535 3985 744 4054 ἁπλῶς,
794 3985 858 4039 τὸ
890 3984 1229 4055 γεννώμενον
1270 3986 1341 4040 ἐν
1379 3987 1501 4053 σοὶ,
1546 3988 1633 4042 ἵνα
1683 3989 1758 4062 μὴ

166 4071 359 4138 ἔξωθεν
379 4078 818 4151 ὲπεισαγόμενον
865 4077 1004 4150 αὐτῇ
1040 4076 1201 4150 σῶμα
1234 4077 1467 4151 νομισθῇ
1497 4096 1511 4110 ·
1543 4079 1658 4133 ἀλλ’
1686 4081 1757 4135 ἐκ

170 4164 300 4232 σοῦ,
325 4168 390 4222 ἶν’
418 4170 479 4238 ἐξ
504 4169 677 4239 αὐτῆς
697 4168 856 4240 φύσει
871 4168 933 4222 τὸ
945 4166 1285 4239 γεννώμενον
1308 4166 1445 4223 εἶναι
1466 4170 1753 4242 πιστευθῇ,

169 4260 409 4330 φανερῶς
437 4262 540 4317 καὶ
575 4262 737 4317 τοῦτο
756 4262 857 4333 τῆς
890 4260 1107 4330 φύσεως
1133 4260 1506 4334 δεικνυούσης,
1532 4261 1609 4326 ὡς
1632 4262 1757 4317 ἁδύ-

171 4365 321 4406 νατον
352 4356 625 4428 παρθένον
650 4354 842 4428 φέρειν
858 4353 1002 4425 γάλα
1034 4354 1109 4427 μὴ
1132 4355 1419 4421 τεκοῦσαν,
1444 4356 1537 4411 καὶ
1560 4356 1757 4413 ἀδύνα-

1789 3105 1832 3162 C

1872 1872 1975 1930 ret,
2011 1866 2097 1920 vel
2130 1875 2400 1920 mutatum
2452 1879 2483 1917 a
2531 1864 2752 1934 propria
2781 1873 2998 1931 natura,
3033 1881 3236 1935 corpus
3278 1864 3460 1921 eﬁice—

1870 1958 2065 2014 retur?
2097 1956 2218 2012 Non
2256 1959 2402 2013 enim
2442 1956 2678 2027 seipsam
2712 1957 2889 2012 deitas
2919 1957 3174 2021 assumit,
3216 1965 3277 2012 ut
3308 1958 3458 2027 quod

1870 2052 1974 2108 sibi
2020 2051 2487 2109 consubstantiale
2519 2060 2604 2107 est
2640 2052 2849 2106 induat.
2880 2049 2988 2106 Sed
3032 2065 3213 2120 neque
3260 2064 3459 2119 pecca-

1868 2147 1946 2202 vit
1978 2144 2218 2201 Verbum
2245 2145 2390 2216 quod
2441 2145 2676 2203 aliorum
2705 2153 2929 2214 peccata
2958 2144 3209 2209 redemit,
3246 2153 3308 2198 ut
3338 2159 3460 2200 mu-

1871 2242 2043 2289 tatum
2075 2234 2130 2288 in
2164 2249 2364 2304 corpus
2394 2234 2639 2304 seipsum
2679 2248 2780 2304 pro
2813 2232 2996 2303 seipse
3026 2234 3082 2287 in
3118 2233 3455 2290 sacriﬁcium

1871 2326 2109 2391 oI‘crret,
2140 2342 2206 2382 ac
2231 2327 2473 2396 seipsum
2513 2326 2830 2381 redimeret.

1938 2416 1992 2471 5.
2029 2416 2134 2490 Sed
2162 2431 2273 2471 non
2300 2417 2374 2471 ita
2398 2432 2458 2473 se
2483 2431 2572 2473 res
2606 2417 2791 2481 habet,
2830 2416 3012 2473 absit:
3065 2433 3217 2482 nam,
3272 2434 3457 2474 semen

1869 2506 2099 2563 Abrahae
2131 2506 2497 2578 apprehendit,
2533 2516 2593 2562 ut
2640 2507 2719 2562 ait
2749 2507 3068 2577 Apostolus,
3101 2509 3240 2562 unde
3273 2509 3457 2562 debuit

1866 2616 1958 2670 per
1985 2600 2167 2653 omnia
2197 2600 2457 2669 fratribus
2478 2599 2710 2654 similari
2729 2600 2820 2666 δι’,
2855 2608 2911 2654 et
2940 2615 3141 2670 corpus
3170 2616 3457 2657 assumere

1867 2691 2028 2746 nobis
2062 2690 2261 2745 simile.
2290 2688 2592 2760 Propterea
2625 2690 2789 2761 igitur
2816 2691 2971 2745 adest
3002 2705 3130 2745 vere
3176 2689 3350 2745 Maria
3395 2699 3456 2745 ut

1866 2785 1936 2840 ab
1966 2800 2032 2839 ea
2057 2783 2192 2839 illud
2217 2792 2484 2849 assumat,
2517 2791 2573 2838 et
2602 2792 2863 2853 tanquam
2897 2783 3183 2854 proprium
3215 2798 3315 2854 pro
3348 2798 3453 2839 no-

1865 2876 1952 2931 bis
1980 2875 2112 2931 illud
2146 2875 2358 2931 oﬁ‘erat.
2411 2872 2679 2946 lllamque
2716 2874 2886 2931 Isaias
2937 2875 3158 2946 quidem
3194 2875 3457 2931 indicavit

1864 2969 2056 3025 dicens
2077 2968 2148 3024 ⁸³ι
2182 2967 2318 3024 Ecce
2340 2970 2507 3039 virgo,
2535 2967 2755 3024 Gabriel
2782 2983 2912 3023 vero
2946 2969 3015 3024 ad
3046 2984 3168 3025 eam
3188 2969 3451 3032 mittitur,

1866 3077 1968 3118 nec
1991 3061 2315 3133 simpliciter
2340 3061 2501 3132 723
2528 3061 2596 3117 ad
2636 3060 2924 3135 virginem,
2954 3061 3051 3117 sed
3083 3061 3153 3116 ad
3198 3063 3456 3133 virginem

1866 3154 2243 3223 desponsatam
2268 3155 2380 3208 viro
2401 3153 2469 3208 “.
2498 3152 2573 3208 Ut
2600 3168 2668 3209 ex
2697 3153 2886 3225 sponsi
2920 3153 3198 3209 mentione
3236 3153 3455 3227 indica-

1866 3256 1949 3304 ret
1977 3247 2203 3302 Mariam
2235 3262 2362 3302 vere
2387 3247 2668 3303 hominem
2695 3262 2840 3303 esse.
2876 3245 3212 3317 Partumque
3235 3261 3453 3302 memo-

1865 3348 1951 3395 rat
1982 3339 2288 3410 Seriptura,
2340 3346 2398 3393 et
2448 3337 2566 3393 ait:
2617 3336 2822 3393 Pannis
2863 3353 2982 3392 eum
3034 3336 3352 3419 involpit":
3387 3353 3455 3394 ac

1864 3435 2022 3491 beata
2064 3434 2506 3506 praedicabantur
2559 3432 2727 3487 ubera
2785 3432 2986 3503 quibus
3034 3431 3153 3502 ipse
3216 3432 3452 3489 laetatus

1860 3526 2036 3592 est",
2083 3534 2137 3580 et
2164 3524 2322 3595 quasi
2366 3531 2527 3593 partu
2561 3522 2777 3577 vulvam
2822 3521 3173 3591 adaperiente
3203 3521 3451 3577 oblatum

1862 3626 1948 3674 est
1977 3617 2309 3674 sacriﬁcium
2333 3615 2378 3647 ⁸⁷
2406 3633 2420 3669 :
2447 3615 2563 3672 haec
2588 3622 2772 3670 autem
2811 3614 2994 3669 omnia
3026 3616 3289 3684 parientis
3322 3613 3450 3670 Vir-

1863 3710 2009 3781 ginis
2051 3717 2211 3764 erant
2260 3706 2485 3762 indicia.
2524 3707 2591 3763 Et
2639 3704 2858 3762 Gabriel
2903 3705 3123 3777 quidem
3179 3715 3337 3763 caute
3383 3722 3451 3763 ac

1848 3801 2155 3874 prudenter
2185 3799 2551 3856 annuntiabat
2573 3799 2651 3855 illi
2683 3799 2934 3866 dicendo,
2964 3814 3075 3855 non
3104 3800 3444 3871 simpliciter.

1859 3893 2006 3964 quod
2050 3893 2108 3946 in
2159 3900 2208 3947 te
2272 3901 2551 3959 nascetur,
2584 3905 2655 3947 ne
2703 3889 3052 3947 extrinsecus
3106 3905 3308 3962 corpus
3336 3891 3447 3962 ipsi

1861 3984 2143 4041 inductum
2173 3979 2516 4055 putaretur;
2557 3982 2673 4051 sed,
2706 3997 2772 4037 ea:
2801 3991 2850 4037 te
2865 3982 2933 4051 ⁵⁸,
2968 3990 3028 4038 ιιι
3061 3982 3206 4053 quod
3254 3982 3447 4053 gigne-

1860 4079 2021 4133 batur
2047 4086 2229 4132 ortum
2257 4092 2325 4132 ex
2349 4075 2439 4130 illa
2465 4074 2691 4131 duxisse
2728 4074 3066 4141 crederetur,
3107 4073 3317 4144 liquido
3342 4074 3448 4131 hoc

1858 4172 2039 4242 ipsum
2081 4181 2292 4258 natura,
2338 4169 2780 4233 demonstrante,
2837 4184 3055 4240 nempe,
3104 4168 3448 4239 impossibile

1857 4278 1980 4320 esse
2014 4261 2296 4334 Virginem
2330 4261 2469 4316 citra
2513 4272 2732 4331 partum
2781 4260 2867 4316 lac
2907 4260 3148 4318 habere:
3182 4259 3412 4330 impossi
3434 4289 3447 4300 -

1856 4356 1966 4412 bile
1999 4355 2127 4411 item
2177 4369 2300 4411 esse
2340 4354 2483 4408 lacte
2526 4352 2727 4407 nutriri
2757 4360 2813 4407 et
2855 4351 3055 4422 pannis
3086 4351 3287 4406 involvi
3321 4366 3446 4408 cor-

171 4459 256 4498 τον
303 4449 541 4517 γάλακτι
567 4450 861 4522 ’τραφῆναι
908 4448 1069 4520 σῶμα
1106 4447 1202 4503 καὶ⁴
1250 4449 1713 4522 σπαργανωθῆναι
1736 4491 1749 4518 ,

1912 4464 1983 4510 is,
2011 4447 2156 4519 quod
2187 4447 2434 4503 nondum
2464 4445 2703 4500 naturali
2731 4453 2891 4515 partu
2923 4442 2996 4498 sit
3031 4441 3259 4499 editum.
3303 4439 3443 4499 Illud

178 4535 249 4605 μὴ
275 4540 541 4613 πρότερον
569 4539 732 4611 φύσει
771 4538 985 4611 τεχθέν.
1017 4538 1188 4593 Τοῦτό
1216 4541 1332 4593 ὲστι
1375 4539 1437 4594 τὸ
1480 4556 1753 4613 περιτμη-

1859 4542 2038 4611 ipsum
2074 4555 2274 4611 corpus
2307 4547 2503 4595 octavo
2544 4538 2634 4595 die
2676 4535 3066 4593 circumcisum
3096 4543 3204 4605 est,
3237 4535 3377 4591 idem
3409 4554 3440 4591 ιι

174 4625 260 4681 etv
306 4633 683 4708 όκταήμερονσ
733 4634 893 4690 τοῦτο
941 4633 1168 4706 Συμεὼν
1217 4636 1298 4698 είς
1347 4634 1448 4700 τὰς
1508 4637 1749 4707 ἀγκάλας

1912 4634 2120 4688 imeone
2148 4632 2205 4686 in
2256 4632 2419 4689 ulnas
2448 4638 2785 4701 susceptum,
2815 4628 3052 4698 idipsum
3083 4642 3221 4699 puer
3244 4630 3438 4694 evasit,

178 4717 382 4786 ἒδὲξατο
408 4744 422 4757 ο
457 4728 619 4782 τοῦτο
658 4727 852 4799 γέγονε
896 4727 1110 4781 παιδίον
1162 4727 1258 4780 καὶ
1307 4725 1535 4799 ηὔξησε,
1583 4727 1747 4782 δωδε-

241 4857 306 4932 '_"
341 4858 503 4919 Hebr.
533 4879 598 4932 ιι,
630 4859 840 4932 16,_l7.
930 4859 1246 4932 "jsatvn,
1279 4859 1368 4914 14.
1413 4908 1433 4928 υ
1473 4860 1521 4893 ἰ
1547 4859 1682 4916 Luc.
1713 4877 1752 4925 ι,
1783 4861 1874 4915 27.

182 4922 224 4956 ⁸⁸
253 4925 380 4986 Luc.
407 4950 445 5002 ι,
473 4935 564 4991 '55.
585 4922 597 4932 ’
642 4922 851 4988 "Luc.
886 4946 949 4996 ιι,
984 4929 1179 4985 2142.

1859 4723 2051 4792 crevit,
2083 4724 2482 4796 duodecimque
2507 4736 2784 4778 annorum
2814 4718 3019 4776 factum
3047 4728 3133 4777 est
3150 4721 3220 4787 "’,
3266 4728 3322 4777 et
3371 4722 3438 4775 ad

1975 4860 2024 4893 ⁸⁸
2050 4858 2184 4915 Luc.
2219 4874 2281 4924 ιι,
2314 4857 2366 4911 7.
2467 4858 2514 4890 ³⁸
2544 4855 2678 4913 Luc.
2712 4873 2788 4924 ιι,
2817 4855 2909 4910 27.
3013 4856 3057 4888 ⁵⁷
3081 4854 3216 4913 Luc.
3252 4873 3313 4925 ιι,
3343 4857 3434 4913 25.

390 5073 793 5158 Δγῖιτμῄγάρ.3
823 5044 1314 5158 Gobler.~Felck‘m.
1438 5068 1658 5158 segnem
1694 5079 1749 5158 et

1912 5069 2036 5158 33,152.
2049 5069 2491 5158 ιιιξθοτρατεεέιοι
2513 5068 2639 5158 τιεὲ

184 5132 364 5214 Brittii
399 5132 703 5211 Editi."’E5c
732 5132 830 5214 ἑῆς
861 5142 973 5214 γὰρ
1016 5140 1122 5211 γῆς
1154 5140 1295 5214 πρὸς
1333 5132 1748 5214 αὖτρὺξέισιμά-

183 5208 357 5284 111205.
379 5208 660 5284 ῥμοούσιον
698 5208 829 5284 γάρ.
863 5208 1065 5284 Ibidem
1118 5208 1228 5283 γάρ
1265 5210 1416 5284 de_est
1454 5212 1510 5284 in
1546 5208 1745 5284 Epiph.

252 5231 357 5272 περ,
379 5231 660 5284 ομοουσιον
698 5231 773 5284 γα
813 5253 829 5267 ο
863 5231 1065 5267 Intaem
1118 5231 1228 5283 γαρ
1265 5231 1416 5265 σεεδῑ
1455 5231 1510 5265 In
1550 5231 1745 5282 nplpn.

249 5279 358 5357 (Ἡ)
380 5281 470 5341 Sic
495 5286 707 5357 Anglic.
753 5231 919 5339 lgasil.
962 5282 1185 5357 Seguer.
1219 5289 1273 5335 et
1314 5280 1507 5351 Epiph.
1543 5281 1599 5335 in
1628 5281 1748 5337 edi-

189 5343 508 5431 Ψίθιρῶματι,
543 5343 1166 5431 ἓὲερον,σημριι--.ῡυεε
1207 5343 1513 5431 seniliter
1541 5362 1746 5431 ειυιιιιην

189 5414 245 5468 τὸ
266 5418 319 5474 δὲ
341 5414 421 5498 είς
448 5414 649 5498 σάρκας
669 5442 701 5481 a
729 5414 948 5498 Gelasio
976 5414 1213 5479 citantur
1239 5414 1301 5477 in
1318 5423 1412 5477 lib.
1440 5422 1518 5476 De
1542 5414 1749 5477 duabus

192 5494 417 5568 ιιιιειέζξιι,Δ
428 5494 710 5568 εθόρευΙο
733 5497 964 5551 diverse.

2075 5139 2167 5223 §ic
2196 5135 2512 5223 $égueri3n.
2538 5135 2767 5223 Epiph.,
2800 5147 2854 5193 et
2872 5138 2971 5223 ita
2991 5137 3122 5223 legit
3161 5135 3431 5223 Hannius.

1855 5208 2031 5279 Editi,
2054 5213 2135 5276 εἰς
2166 5208 2363 5280 σάρκα.
2402 5210 2525 5265 Mox
2559 5208 2807 5280 segnem,
2836 5210 2917 5273 είς
2945 5208 3155 5262 θυσίαν.
3185 5209 3246 5262 In
3287 5208 3432 5278 aliis,

1848 5284 1928 5347 εἰς
1954 5283 2124 5337 deest.
2159 5279 2324 5347 Infra,
2356 5280 2498 5336 κατὰ
2531 5279 2729 5345 πάντα,
2761 5282 2911 5335 deest
2935 5280 2989 5333 in
3018 5279 3245 5349 Seguer.

2067 5351 2261 5422 Epiph.
2295 5361 2350 5408 et
2380 5350 2630 5422 seguer.)
2662 5350 2801 5422 πρός
2821 5393 2836 5415 ,
2871 5350 2968 5422 sed
2994 5348 3146 5404 deest
3173 5349 3248 5422 in_
3248 5348 3428 5422 editis.

1942 5353 1968 5383 οι

1921 5353 2014 5424 (ῑιδ
2067 5353 2261 5422 Epiph.
2295 5361 2350 5408 et
2380 5353 2630 5421 δεεσσε..
2662 5353 2801 5422 πρός
2821 5393 2836 5415 ,
2871 5353 2968 5405 sed
2994 5353 3146 5404 deest
3173 5353 3224 5402 in
3248 5353 3428 5405 editis.

1921 5356 2033 5501 (ἳϋ)
2059 5422 2276 5501 Gob|_er.
2309 5421 2491 5501 Felck.
2520 5421 2839 5501 i,§e_guer_.,
2870 5419 3188 5501 μνήστρρος.
3207 5417 3350 5476 Editi
3375 5430 3435 5501 et

1907 5423 2009 5506 ,(ἳϋ

1849 5490 2333 5576 ξιὶξ,.ιμνηστῆρτος.
2363 5492 2487 5548 Mox
2529 5490 2687 5576 editi,
2720 5492 2814 5576 Διὸ
2841 5490 3070 5576 ,καὶςτοῦ
3118 5490 3342 5576 τίκτειν.
3374 5493 3431 5546 in

387 5557 865 5646 Sic_§egueri_anus
890 5578 945 5646 et
978 5563 1273 5646 Epiphanu
1313 5572 1476 5634 atque
1514 5563 1587 5617 ita
1619 5563 1750 5633 legit
1848 5557 2489 5646 Epipli..él._illu$éguel‘.,.
2525 5562 2605 5617 διό
2630 5564 2804 5620 deest.
2839 5560 3007 5617 Paulo
3051 5569 3175 5633 post
3206 5557 3429 5617 Gobler.

192 5618 432 5705 Nannius.
842 5618 941 5690 Ξωὶι
956 5618 1049 5705 ,τιξ

260 5697 360 5765 (ἳὸ)
374 5704 444 5763 lta
463 5707 684 5775 Seguer.
702 5697 914 5795 Anglic.
930 5697 1167 5798 .Goble'r.’
1181 5702 1364 5801 ξφιοιί.
1391 5703 1445 5797 ,
1468 5712 1521 5793 et
1548 5701 1740 5795 Epiph.

1851 5633 2103 5692 et‘Felck.
2134 5634 2185 5702 1,
2214 5636 2263 5688 οἱ
2295 5633 2509 5707 μαστοί.
