3810 6228
135 281 300 336 1061

1329 269 1670 328 EPISTOLA
1707 271 1797 326 AD
1836 269 2254 326 EPICTETUM.

3294 275 3432 329 4062

131 402 255 454 καῖ
297 397 514 466 ἐγένετο
557 393 762 458 οὕτως,
797 394 912 458 ἴνα,
943 393 1013 446 τὰ
1041 393 1195 464 ἡμῶν
1231 393 1392 456 αὐτὸς
1431 393 1735 464 δεχόμενος.

1863 388 2089 445 iassibili
2121 403 2349 458 corpore
2381 396 2518 454 erat,
2551 403 2756 457 corpus
2788 404 2918 444 vero
2943 389 2996 445 in
3021 391 3204 459 seipso
3237 393 3433 450 habuit

131 491 255 544 καὶ
286 486 669 561 προσενεγκὼν
704 487 783 548 είς
823 483 1013 538 Θυσίαν
1032 525 1046 549 ,
1077 483 1396 555 ὲξαφανίσῃ,
1431 485 1528 536 κα)⁵
1559 484 1744 536 λοιπὸν

129 583 269 644 τοῖς
297 577 491 632 ἑαυτοῦ
525 575 833 648 περιϐαλὼν
862 578 1032 648 ἡμᾶς,
1062 577 1266 648 ποιήσῃ
1301 577 1390 628 τὸν
1425 576 1745 629 Ἀπόστολον

130 672 334 724 εἰπεῖν
353 687 368 700 ·
393 668 495 722 Δεῖ
531 669 597 723 τὸ
633 666 895 738 φθαρτὸν
921 666 1098 720 τοῦτο
1125 666 1498 722 ἐνδύσασθαι
1523 667 1747 736 ἀφθαρ-

129 763 324 826 σίαν,
369 760 468 815 καὶ
517 759 583 814 τὸ
631 757 855 826 θνητὸν
900 755 1074 810 τοῦτο
1119 756 1491 812 ἐνδύσασθαι
1529 759 1748 812 ἀθανα-

129 852 324 904 alar.

1856 479 2090 534 Verbum
2136 479 2492 549 impassibile.
2549 481 2696 549 (μιοά
2752 482 2925 549 ίβδῖυε
2967 484 3218 552 corporis
3272 485 3438 558 724

1855 573 2202 628 inﬁrmitates
2233 571 2571 626 absumeret.
2604 570 2870 626 Cteterum
2916 574 3019 628 hoc
3067 575 3187 629 ideo
3217 578 3434 644 agebat,

1853 674 1909 720 et
1937 666 2009 719 ita
2042 680 2100 718 se
2128 681 2216 720 res
2245 663 2501 730 habebat,
2532 673 2589 718 ut
2617 674 2803 718 nostra
2837 663 3074 719 Verbum
3105 668 3434 736 suscipiens,

1853 755 2197 826 offerensque
2244 756 2299 810 in
2337 755 2691 820 sacriﬁcium,
2737 757 2952 825 penitus
2986 757 3322 826 absumeret,
3370 775 3436 814 ac

1853 847 2113 916 deinceps
2153 848 2272 902 suis
2303 861 2404 901 uos
2455 847 2709 913 induens,
2758 849 3022 918 Apostolo
3063 850 3179 904 hzec
3216 851 3436 906 dicendi

132 943 503 998 occasionem
534 941 719 996 daret:
750 939 966 1010 Oportet
984 939 1324 1010 corruptibile
1347 940 1442 992 hoc
1467 939 1683 993 induere
1718 940 2186 1007 incorruptionem,
2212 949 2259 992 et
2290 942 2515 994 mortale
2531 941 2625 993 hoc
2653 942 2868 995 induere
2892 943 3349 998 immortalitatem
3366 945 3432 998 ⁸⁸.

221 1039 278 1092 7.
315 1038 430 1108 (37)
464 1038 539 1090 Οὐ
572 1037 718 1090 θέσει
741 1037 800 1091 δὲ
827 1036 999 1091 ταῦτα
1028 1036 1256 1104 ἐγίνετο,
1289 1035 1362 1105 μὴ
1394 1035 1633 1104 γένοιτοῐ
1670 1036 1746 1100 ὥς

131 1146 298 1193 τινες
330 1128 492 1181 πάλιν
537 1127 828 1181 ὑττέλαὸον⁹
855 1127 967 1180 ἀλλ’
995 1127 1163 1189 ὅντως
1189 1125 1416 1197 ἀληθεία
1455 1126 1743 1198 ἀνθρώπου

134 1221 455 1292 γενομένου
489 1218 582 1273 τοῦ
613 1220 884 1290 Σωτῆρος,
917 1219 1037 1273 ὅλου
1062 1218 1156 1271 τοῦ
1183 1216 1471 1289 ἀνθρώπου
1502 1217 1745 1290 σωτηρία

134 1314 391 1382 ἐγίνετο.
441 1313 504 1364 Εἰ
546 1312 655 1384 γὰρ
713 1310 858 1364 θέσει
903 1307 971 1382 ἦν
1021 1313 1079 1364 έν
1121 1309 1198 1380 τῷ
1237 1309 1451 1380 σώματι
1487 1312 1515 1363 ό
1547 1310 1741 1378 Λόγος,

134 1407 278 1459 κατ’
311 1405 574 1469 ἐκείνους,
603 1405 664 1456 τὸ
700 1403 757 1456 δὲ
796 1402 941 1456 θέσει
974 1403 1264 1473 λεγόμενον
1305 1401 1576 1471 φαντασία
1605 1403 1742 1466 ἐστὶ,

138 1498 384 1570 δοκήσει
423 1497 739 1568 εὑρίσκεται
773 1496 868 1550 καὶ
906 1496 939 1566 ἡ
987 1495 1228 1564 σωτηρία
1261 1494 1352 1546 καὶ
1383 1495 1414 1565 ὴ
1448 1494 1744 1558 ἀνάστασις

1925 1036 1976 1090 7.
2013 1034 2138 1089 Haec
2167 1045 2348 1088 autem
2401 1051 2505 1088 "0'!
2541 1035 2759 1091 ﬁctione
2794 1035 2936 1090 facta
2983 1049 3130 1102 sunt,
3161 1041 3430 1106 quemad-

1853 1126 2075 1181 modum
2108 1126 2355 1180 nonnulli
2381 1127 2786 1201 existimarunt,
2819 1129 2997 1182 absit!
3026 1131 3117 1184 sed
3151 1129 3435 1187 Salvatore

1851 1235 1978 1274 vere
2007 1219 2228 1272 homine
2262 1218 2426 1281 facto,
2462 1219 2590 1273 hinc
2619 1221 2786 1274 totius
2821 1221 3061 1275 hominis
3103 1222 3252 1278 salus
3298 1237 3435 1278 con-

1851 1322 2043 1369 secuta
2088 1321 2190 1366 cst.
2243 1311 2376 1366 Nam
2439 1314 2484 1367 si
2518 1314 2738 1367 ﬁctione
2775 1313 3039 1368 duntaxat
3099 1312 3331 1369 Verbum
3378 1318 3433 1370 in

1850 1419 2080 1473 corpore
2127 1404 2250 1472 fuit,
2279 1414 2339 1459 ut
2381 1405 2456 1458 illi
2509 1414 2818 1467 autumant,
2866 1414 2920 1460 et
2963 1407 3007 1461 si
3056 1406 3202 1474 quod
3235 1408 3434 1464 dicitur

1853 1495 2069 1548 ﬁctione
2099 1509 2242 1557 csse,
2276 1495 2563 1564 phantasia
2593 1505 2673 1547 est
2701 1510 2718 1559 ;
2747 1494 2993 1562 sequitur
3021 1502 3098 1558 ut,
3127 1495 3430 1549 secundum

131 1589 262 1643 τῶν
300 1587 602 1661 ἀνθρώπων
631 1586 920 1658 λεγομένη,
961 1585 1102 1638 κατὰ
1123 1585 1214 1638 τὸν
1240 1584 1600 1639 ἀσεϐέστατον
1632 1587 1735 1638 Μα-

1871 1583 2230 1653 mpiissimum
2266 1583 2647 1649 Manicha‘um,
2685 1585 2865 1655 specie
2903 1593 3115 1639 tantum
3146 1595 3305 1641 tenus
3344 1603 3431 1641 sa-

131 1683 382 1752 νικαῖον.
403 1679 514 1751 (58)
532 1678 691 1732 Ἀλλὰ
719 1679 823 1749 μὴν
852 1679 910 1731 οὑ
947 1678 1216 1748 φαντασία
1236 1679 1270 1748 ἡ
1299 1675 1539 1748 σωτηρία
1562 1676 1740 1747 ἡμῶν,

131 1773 275 1826 οὐδὲ
311 1771 563 1842 σώματος
598 1770 780 1841 μόνου,
810 1769 925 1822 ἀλλ’
961 1769 1083 1822 ὅλου
1111 1768 1204 1821 τοῦ
1235 1767 1543 1840 ἀνθρώπου,
1568 1769 1746 1839 ψυχῆς

133 1865 250 1917 καὶ
298 1861 553 1932 σώματος
596 1860 847 1931 ἀληθῶς,
889 1862 923 1930 ὴ
974 1859 1217 1930 σωτηρία
1249 1859 1470 1928 γέγονεν
1504 1860 1561 1913 ἐν
1595 1857 1746 1929 αὐτῷ

131 1953 233 2024 τῷ
284 1952 465 2022 Λόγῳ.
531 1951 893 2023 Ἀνθρώπινον
941 1953 1047 2024 ἄρα
1094 1951 1252 2021 φύσει
1303 1951 1412 2022 (59)
1449 1951 1510 2004 τὸ
1546 1953 1610 2004 ὲκ
1648 1951 1746 2021 τῆς

133 2045 378 2118 Μαρίας
400 2043 544 2098 κατὰ
566 2044 666 2108 τὰς
700 2044 852 2107 θείας
895 2044 1146 2116 Γραφὰς,
1173 2045 1268 2098 καὶ
1311 2043 1561 2114 ἀληθινὸν
1593 2039 1660 2114 ἦν
1685 2043 1746 2096 τὸ

139 2137 321 2207 σῶμα
355 2135 468 2208 (40)
499 2135 594 2189 τοῦ
629 2136 836 2207 Κυρίου
863 2152 876 2166 ⁸
905 2136 1156 2208 ἀληθινὸν
1193 2136 1249 2189 δὲ
1285 2132 1374 2207 ἦν,
1404 2137 1525 2189 ἐπεὶ
1553 2136 1746 2190 ταυτὸν

134 2227 218 2304 ἦν
268 2228 352 2300 τῷ
385 2227 663 2301 ήμετέριρ’
697 2228 898 2301 ἀδελφὴ
939 2228 1047 2300 γὰρ
1090 2228 1249 2300 ἡμῶν
1297 2232 1330 2301 ἡ
1367 2229 1575 2301 Μαρία,
1625 2230 1746 2284 ἐπεὶ

138 2323 252 2376 καὶ
300 2321 502 2386 πάντες
541 2323 608 2374 ὲκ
649 2321 744 2374 τοῦ
791 2321 963 2391 Ἀδάμ
1005 2323 1192 2392 ἐσμεν.
1225 2321 1333 2373 Καὶ
1367 2321 1524 2374 τοῦτο
1553 2322 1649 2374 οὐκ
1679 2321 1746 2375 ἄν

136 2428 238 2474 τις
261 2411 583 2482 ἀμφιὸἀλοι,
614 2411 872 2483 μνησθεὶς
902 2405 976 2464 ὧν
1005 2411 1244 2481 ἔγραψεν
1271 2413 1298 2464 ό
1322 2411 1554 2473 Λουκᾶς.
1589 2410 1746 2464 Μετὰ

140 2504 265 2574 γὰρ
301 2503 363 2556 τὸ
389 2505 687 2575 ἀναστῆναι
733 2505 799 2558 ὲκ
837 2503 948 2556 τῶν
979 2503 1190 2574 νεκρῶν
1209 2543 1226 2568 ,
1255 2503 1554 2556 δοκούντων
1583 2503 1745 2556 τινῶν

146 2597 232 2667 μὴ
272 2595 334 2646 ὲν
366 2593 447 2664 τῷ
483 2595 550 2648 ἐκ
591 2595 813 2666 Μαρίας
855 2593 1067 2666 σώματι
1105 2594 1321 2664 βλέπειν
1373 2594 1465 2647 τὸν
1516 2593 1742 2666 Κύριον,

140 2686 289 2740 ἀλλὰ
317 2686 437 2740 ἀντὶ
453 2686 641 2740 τούτου
663 2686 882 2759 πνεῦμα
901 2687 1147 2757 θεωρεῖν,
1189 2687 1394 2755 ἐλεγενο
1429 2687 1608 2741 Ἴδετε
1639 2690 1746 2754 τὰς

141 2776 362 2848 χεῖράς
379 2795 500 2847 μου
529 2779 626 2832 καὶ
662 2777 803 2845 τοὺς
831 2778 1022 2845 πόδας
1045 2796 1185 2847 μου,
1215 2777 1312 2831 καὶ
1340 2777 1484 2844 τοὺς
1517 2779 1746 2843 τύπους

141 2870 275 2923 τῶν
315 2869 504 2938 ἥλων,
535 2871 626 2924 ὅτι
658 2869 771 2940 ἐγώ
798 2873 913 2940 ειμι
953 2872 1152 2936 αὐτός.
1201 2870 1616 2940 Ψηλαφήσατέ
1641 2888 1742 2941 με,

1847 1674 1934 1728 lus
1965 1684 2018 1727 et
2069 1677 2406 1729 resurrectio
2452 1677 2740 1730 hominum
2792 1675 2910 1730 ﬁeri
2957 1678 3192 1732 dicatur.
3230 1677 3430 1733 Verum

1847 1780 2192 1834 nequaquam
2234 1765 2418 1820 ﬁctilia
2462 1781 2550 1819 res
2576 1774 2660 1820 est
2695 1765 2846 1819 salus
2871 1775 3082 1831 nostra,
3122 1783 3299 1837 neque
3339 1784 3433 1824 so-

1847 1857 1954 1911 lius
1982 1858 2229 1925 corporis
2254 1875 2268 1917 :
2298 1859 2392 1911 sed
2425 1872 2553 1911 vere
2580 1859 2753 1911 totius
2784 1857 3044 1924 hominis,
3083 1861 3279 1914 anima:
3323 1861 3432 1915 sci-

1847 1949 1974 2002 licet
1999 1958 2052 2002 et
2081 1950 2348 2021 corporis,
2374 1949 2524 2004 salus
2556 1950 2610 2002 in
2640 1949 2760 2018 ipso
2797 1947 2975 2003 Verbo
3007 1951 3148 2004 facta
3183 1962 3286 2008 est.
3315 1949 3430 2005 Hu-

1847 2057 2071 2096 manum
2108 2042 2290 2110 itaque
2327 2051 2520 2096 natura
2559 2052 2678 2096 erat
2721 2042 2866 2112 quod
2901 2058 2968 2096 ex
3003 2041 3172 2097 Maria
3204 2045 3425 2113 prodiit,

1849 2136 2147 2190 secundum
2191 2135 2405 2190 divinas
2454 2134 2788 2204 Scripturas,
2824 2151 3121 2204 verumque
3161 2147 3280 2190 crat
3321 2136 3431 2190 Do-

1849 2226 1978 2278 mini
2014 2241 2246 2296 corpus:
2275 2241 2488 2289 verum,
2523 2225 2768 2296 inquam,
2797 2225 2920 2292 fuit,
2951 2242 3074 2281 cum
3104 2227 3243 2280 idem
3268 2239 3429 2299 atque

1846 2327 2097 2372 nostrum
2129 2319 2418 2372 exstiterit.
2454 2317 2625 2373 Soror
2661 2319 2860 2373 ctenim
2894 2330 3080 2374 nostra
3111 2330 3194 2376 est
3234 2321 3426 2388 Maria,

1846 2426 2036 2467 omnes
2058 2411 2258 2481 quippe
2285 2429 2349 2465 ex
2381 2412 2591 2467 Adamo
2619 2413 2725 2467 orti
2753 2429 2967 2471 sumus.
3000 2412 3111 2468 Nec
3135 2415 3426 2485 quisquam

1847 2501 1953 2556 hac
1983 2501 2050 2554 de
2098 2517 2159 2555 re
2209 2501 2498 2564 dubitabit,
2541 2502 2588 2555 si
2631 2503 2849 2571 quidem
2889 2519 3078 2557 eorum
3117 2504 3430 2559 meminerit

1846 2607 1968 2662 qua:
1990 2589 2168 2645 Lucas
2191 2591 2434 2660 scripsit.
2482 2589 2642 2656 Nam,
2677 2602 2966 2662 postquam
2991 2608 3021 2646 a
3041 2594 3276 2647 mortuis
3305 2608 3431 2649 su:-

1849 2683 2102 2746 rexissct,
2143 2698 2266 2736 cum
2304 2683 2524 2752 quidam
2559 2683 2960 2749 existimarent,
2990 2699 3050 2739 se
3085 2699 3190 2738 nou
3225 2686 3278 2738 in
3306 2700 3428 2739 cor-

1846 2790 1978 2844 pore
1999 2791 2064 2828 ex
2089 2773 2256 2829 Maria
2284 2775 2470 2845 genito
2511 2774 2800 2829 Dominum
2843 2777 3108 2846 aspicere,
3141 2777 3233 2832 seei
3280 2777 3428 2846 illius

1847 2867 1967 2922 loco
1985 2868 2232 2936 spiritum
2253 2867 2454 2929 videre,
2473 2867 2610 2920 dixit
2633 2868 2720 2921 ille
2741 2887 2754 2922 :
2789 2845 2970 2922 Videte
2993 2884 3180 2921 manus
3208 2884 3348 2922 meas
3363 2845 3428 2922 ἐι

143 2963 253 3017 καὶ
281 2962 458 3029 ἴδετε,
491 2962 581 3016 ὅτι
606 2961 842 3033 πνεῦμα
883 2962 1082 3030 σάρκα
1110 2963 1210 3016 καὶ
1239 2962 1421 3016 ὀστέα
1451 2965 1563 3018 οὐκ
1593 2965 1735 3033 ἔχει,

1863 2957 1996 3010 tedes
2029 2973 2188 3023 meos,
2228 2965 2278 3010 et
2321 2957 2527 3025 ﬁxurus
2564 2955 2852 3018 clarorum,
2880 2958 3007 3027 quia
3031 2973 3122 3026 ego
3153 2958 3261 3026 ipse
3286 2973 3422 3012 sum.

144 3055 352 3122 καθὼς
375 3055 498 3124 ’ἐμὲ
543 3055 806 3126 θεωρεῖτε
859 3056 1098 3126 ἔχοντα.
1151 3057 1259 3111 Καὶ
1312 3057 1488 3111 τοῦτο
1536 3057 1740 3123 εἰπὼν,

142 3147 469 3213 ἐπέδειξεν
493 3147 606 3218 (41)
639 3148 842 3215 αὐτοῖς
864 3151 972 3214 τὰς
1000 3149 1202 3218 χεῖρας
1231 3150 1327 3203 καὶ
1360 3148 1502 3215 τοὺς
1530 3149 1740 3215 πόδας.

156 3238 259 3304 Ἐξ
287 3234 363 3293 ὧν
395 3241 490 3294 καὶ
522 3240 840 3311 ἐλέγχεσθαι
869 3240 1122 3295 δύνανται
1156 3242 1316 3296 πάλιν
1351 3244 1398 3295 oi
1433 3241 1742 3313 τολμήσαν-

143 3352 244 3397 τες
277 3335 452 3386 εἰπεῖν
481 3335 561 3398 εἰς
591 3334 768 3405 σάρκα
807 3334 902 3388 καὶ
941 3334 1105 3388 ὀστέα
1143 3333 1468 3404 ἠλλοιῶσθαι
1502 3334 1591 3386 τὸν
1627 3333 1743 3387 Κύ-

148 3441 292 3496 ριον.
340 3423 414 3477 υύ
458 3422 568 3492 γὰρ
615 3419 756 3479 εἷπε.
787 3421 986 3485 Καθὼς
1021 3423 1120 3494 ἐμὲ
1152 3421 1406 3494 θεωρεῖτε
1440 3421 1617 3493 σάρκα
1648 3425 1743 3476 καὶ

145 3517 289 3570 ὀστᾶ
332 3516 483 3579 ὄντα,
535 3514 648 3569 ἀλλ’
679 3515 867 3586 ἔχοντα
897 3533 910 3545 ·
943 3515 1030 3568 ἴνα
1089 3514 1164 3586 μὴ
1197 3516 1358 3580 αὐτὸς
1400 3518 1427 3570 ὁ
1453 3516 1624 3585 Λόγος
1663 3518 1743 3579 είς

145 3605 325 3660 ταῦτα
353 3606 587 3678 τραπεὶς
620 3605 874 3677 νομισθῇ,
909 3606 1022 3659 ἀλλ’
1065 3607 1227 3670 αὐτὸς
1268 3606 1406 3677 ἔχων
1450 3607 1589 3659 αὐτὰ
1629 3607 1739 3678 (42)

145 3700 247 3769 καὶ
289 3698 399 3770 πρὸ
439 3697 532 3751 τοῦ
581 3698 811 3753 θανάτου
847 3699 940 3752 καὶ
974 3699 1112 3770 μετὰ
1143 3698 1240 3770 τὴν
1270 3699 1564 3752 ἀνάστασιν
1602 3695 1741 3752 εἶναι

147 3790 443 3861 πιστευθῇ.

222 3883 274 3936 8.
307 3882 526 3935 Τούτων
553 3881 610 3934 δὲ
634 3882 806 3946 οὕτως
840 3883 1072 3954 ἐχόντων
1101 3881 1199 3955 τὴν
1229 3881 1523 3947 ἀπόδειξιν,
1555 3899 1742 3955 περιτ-

145 3976 240 4029 τὸν
282 3975 364 4027 ἐτι
405 3975 514 4026 τῶν
541 3973 714 4027 ἄλλων
743 3975 1029 4039 ἅπτεσθαι,
1076 3976 1167 4030 καὶ
1205 3974 1502 4046 γυμνάζειν
1529 3991 1581 4026 τι
1614 3973 1741 4046 περὶ

146 4065 354 4130 αὐτῶν,
385 4064 478 4117 τοῦ
507 4064 756 4136 σώματος
781 4065 916 4136 (45),
949 4067 1006 4119 ὲν
1035 4059 1080 4134 ᾧ
1106 4063 1175 4138 ἦν
1207 4069 1234 4120 ό
1267 4066 1458 4134 Λόγος,
1491 4065 1565 4136 μὴ
1591 4065 1741 4129 ὄντος

145 4156 439 4228 ὁμοουσίου
465 4158 531 4227 τῇ
561 4155 793 4227 θεότητι,
823 4157 937 4211 ἀλλ’
961 4159 1024 4210 ἐκ
1052 4157 1271 4229 Μαρίας
1290 4156 1505 4228 ἀληθῶς
1527 4155 1742 4225 τεχθέν·-

147 4265 260 4312 τοςο
295 4249 391 4300 καὶ
421 4245 586 4301 αὐτοῦ
618 4246 675 4300 δὲ
701 4247 796 4300 τοῦ
830 4249 1004 4318 Λόγου
1042 4248 1118 4320 μὴ
1146 4250 1443 4319 τραπέντος
1474 4248 1554 4311 εἰς
1579 4247 1740 4300 ὀστέα

1845 3047 2070 3118 Palpate
2119 3065 2199 3103 me
2227 3058 2278 3102 et
2320 3050 2507 3116 videte,
2548 3050 2673 3119 quia
2718 3050 2938 3118 spiritus
2978 3063 3186 3102 carnem
3223 3058 3272 3102 et
3305 3065 3427 3108 oar:

1845 3155 1951 3193 non
1977 3137 2150 3204 liabet,
2169 3140 2306 3192 sicut
2338 3155 2416 3192 me
2447 3139 2634 3192 videtis
2658 3138 2869 3192 habere.
2888 3142 2958 3192 Et
2979 3155 3096 3192 cum
3128 3139 3224 3192 hoc
3252 3138 3430 3191 dixis-

1844 3246 1943 3303 set,
1976 3235 2213 3290 ostendit
2249 3237 2323 3289 eis
2383 3252 2572 3290 manus
2598 3245 2647 3288 et
2677 3236 2829 3299 pedes
2857 3235 2921 3288 ".
2982 3234 3061 3289 Ex
3085 3234 3426 3302 quibusjure

1844 3335 2214 3398 coarguantur
2262 3327 2356 3396 qui
2405 3327 2590 3381 dicere
2641 3327 2762 3381 ausi
2821 3335 2984 3392 sunt,
3035 3312 3325 3381 Dominum
3368 3325 3424 3380 in

1843 3435 2065 3474 carnem
2103 3429 2158 3474 et
2187 3434 2310 3473 ossa
2365 3428 2635 3473 mutatum
2678 3418 2870 3473 fuisse.
2925 3417 3046 3473 Non
3087 3420 3232 3474 enim
3263 3419 3422 3484 dixit,

1843 3523 1902 3565 ut
1927 3528 2013 3565 me
2040 3511 2234 3566 videtis
2255 3526 2474 3566 carnem
2502 3519 2556 3565 et
2578 3526 2703 3566 ossa
2731 3527 2853 3566 esse
2879 3527 2894 3577 ;
2935 3511 3052 3577 sed,
3082 3512 3282 3566 habere
3308 3529 3326 3568 :
3356 3527 3426 3568 na

1845 3605 2142 3673 ipsummet
2172 3603 2408 3658 Verbum
2448 3604 2500 3657 in
2520 3620 2608 3658 res
2631 3604 2749 3657 illas
2781 3604 3230 3659 transformatum
3255 3604 3426 3660 fuisse

1847 3707 2179 3762 censeretur,
2205 3697 2298 3752 sed
2333 3696 2452 3750 illas
2479 3705 2528 3750 et
2577 3707 2703 3751 ante
2744 3705 2972 3751 mortem
2999 3706 3052 3751 et
3079 3709 3205 3768 post
3240 3710 3426 3752 resur-

1845 3790 2142 3844 rectionem
2175 3789 2374 3843 habere
2398 3789 2734 3843 crederetur.

1914 3883 1967 3936 8.
2008 3881 2104 3936 llis
2139 3883 2300 3954 igitur
2340 3883 2412 3935 ita
2441 3881 2911 3947 commonstratis,
2953 3896 3423 3952 supervacaneum

1841 3985 1924 4030 est
1959 3976 2064 4028 alia
2112 3975 2399 4045 attingere,
2433 3984 2526 4028 aut
2557 3974 2674 4028 haec
2707 3975 2847 4028 ultra
2898 3975 3146 4045 agitare:
3197 3989 3321 4029 cum
3371 3981 3428 4028 et

1841 4059 2045 4137 corpus
2081 4067 2133 4120 in
2170 4083 2280 4136 quo
2315 4065 2555 4120 Verbum
2600 4074 2740 4130 erat,
2799 4080 2908 4120 non
2956 4064 3426 4120 consubstantiale

1841 4161 2051 4227 deitati,
2099 4160 2193 4215 sed
2243 4176 2309 4214 ex
2359 4158 2526 4213 Maria
2571 4175 2698 4214 vere
2751 4159 2991 4230 genitum
3043 4159 3158 4212 sit:
3195 4165 3249 4212 et
3298 4172 3424 4212 cum

1846 4252 2028 4320 ipsum
2064 4250 2303 4306 Verbum
2339 4251 2392 4305 in
2429 4266 2646 4305 carnem
2681 4259 2734 4305 et
2786 4265 2911 4305 ossa
2941 4263 3264 4304 conversum
3314 4264 3426 4301 non

147 4340 247 4394 καὶ
299 4341 509 4410 σάρκα,
549 4339 664 4393 ἀλλ’
702 4341 760 4393 ὲν
807 4341 970 4412 σαρκὶ
1019 4340 1314 4411 γενομένου
1351 4339 1482 4410 (Μ).
1532 4339 1604 4391 Τὸ
1634 4338 1735 4410 γὰρ

1863 4340 2032 4406 inerit,
2064 4343 2158 4398 sed
2200 4343 2252 4396 in
2286 4357 2450 4397 carne
2477 4342 2766 4397 exstiterit.
2802 4339 2938 4395 Nam
2976 4339 3121 4411 quod
3153 4355 3183 4394 a
3215 4337 3426 4393 Joanne

147 4432 306 4501 παρὰ
333 4432 413 4504 τῷ
428 4433 648 4505 Ἰωάννῃ
673 4433 986 4505 λεγόμενον·
1005 4433 1058 4485 '0
1083 4433 1274 4501 Λόγος
1298 4429 1455 4500 σὰρξ
1480 4430 1738 4500 ἐγένετο,

146 4520 359 4593 ταύτην
405 4520 516 4591 ἔχει
556 4521 655 4594 τὴν
693 4523 952 4588 διάνοιαν,
983 4521 1164 4586 καθὼς
1208 4522 1301 4574 καὶ
1338 4524 1402 4575 ὲκ
1427 4522 1521 4576 τοῦ
1553 4521 1741 4594 ὁμοίου

1846 4435 2046 4489 dicitur
2075 4454 2088 4489 :
2141 4433 2365 4489 Verbum
2398 4450 2522 4488 caro
2561 4434 2762 4504 factum
2802 4445 2877 4487 est
2901 4434 2970 4500 ⁷ο,
3001 4434 3188 4488 eadem
3230 4438 3315 4488 est
3345 4431 3424 4486 si-

1847 4525 2213 4596 gniﬁcatione,
2251 4535 2310 4580 ut
2336 4541 2404 4580 ex
2443 4526 2609 4581 simili
2653 4526 2908 4596 loquendi
2939 4525 3102 4580 modo
3127 4522 3428 4594 deprehena

222 4681 270 4715 ⁸³
296 4682 469 4737 lCor.
499 4698 587 4747 xv,
617 4682 705 4737 55.
783 4681 826 4712 ⁸⁸
857 4679 989 4734 Luc.
1031 4695 1176 4744 xxnv,
1200 4679 1291 4744 59,
1312 4680 1399 4734 40.
1479 4681 1524 4711 ⁷⁸
1555 4677 1713 4735 Joan.
1747 4695 1789 4748 l,
1813 4680 1905 4735 Η.

223 4798 336 4870 (37)
383 4797 510 4853 Haec
552 4797 606 4870 in
648 4796 848 4870 synod.
883 4795 1082 4865 Ephes.
1114 4795 1242 4870 Ἀρι.
1271 4796 1322 4870 1:
1343 4794 1487 4870 item
1524 4793 1728 4870 §ynod.

147 4864 341 4929 Chalc.
371 4879 425 4922 et
468 4868 611 4937 apud
647 4864 1000 4922 Mercatorem
1035 4866 1253 4937 p._1_77,
1297 4865 1476 4929 θέσει,
1523 4864 1727 4935 Synod.

147 4941 485 4997 Chalcedon.
506 4935 716 5004 habet,
753 4937 1072 5006 appositive;
1098 4935 1387 5000 Mercator,
1416 4937 1728 5004 putatione;

149 5013 266 5075 alii,
287 5010 599 5078 adoptione;
627 5025 725 5063 nos
751 5005 876 5078 cum
906 5005 1143 5078 Petavio.
1170 5007 1400 5078 ﬁctione.
1428 5008 1590 5078 et_sic
1615 5023 1730 5078 ver-

151 5075 532 5135 usndum'esse
576 5089 741 5149 patet.
787 5077 1104 5149 ibjoxiBasil.
1139 5075 1442 5149 ὑπέϐαλονζ
1460 5075 1607 5149 Mox.
1644 5076 1732 5130 δν-

147 5169 257 5216 τως
288 5150 488 5220 ἀληθῆ,
529 5147 745 5206 Gobler.
791 5147 1030 5220 Felt-knt.
1063 5151 1120 5220 11
1145 5148 1369 5220 ὃθευθιθ.
1414 5147 1583 5220 Paulo
1605 5155 1736 5220 post

149 5216 465 5278 Gohlerfct'
491 5220 729 5275 Felckm.
768 5220 818 5282 1,
860 5219 995 5281 ὅλως
1033 5217 1124 5270 τοῦ
1159 5216 1467 5288 ἀνθρώπου.
1507 5217 1733 5283 lhidem,

149 5289 617 5360 eyévafzoLEphes.
652 5290 791 5344 lnira
819 5289 1040 5360 Ephes.,
1069 5289 1383 5360 φαντασίας.

220 5358 334 5432 (58)
370 5357 497 5417 Haec
533 5378 564 5416 a
593 5362 814 5417 Gelasio
857 5357 1095 5416 citantur
1127 5361 1220 5412 lib.
1263 5358 1340 5411 De
1379 5357 1586 5411 duabus
1630 5375 1732 5411 na-

147 5433 308 5487 turis.

1839 4799 1934 4853 τοῦ
1964 4797 2233 4870 Σωτῆροῇ
2277 4795 2626 4870 ΤΙιεοάργριη
2656 4800 2748 4851 καὶ
2777 4797 3027 4870 ἀληθινὸν
3052 4799 3114 4853 τὸ
3143 4799 3302 4870 atoue
3326 4801 3422 4854 τοῦ

1839 4870 2004 4922 Σωτο.
2037 4866 2159 4922 mox
2197 4866 2422 4936 Seguer.
2456 4867 2781 4921 Theodoret.
2815 4866 3033 4924 Gobler.
3069 4880 3122 4923 et
3156 4866 3337 4924 Felclt.
3372 4872 3422 4936 1,

1838 4939 2048 5008 ἐπειδὴ.
2085 4937 2387 5010 Editiyero
2415 4948 2468 4992 et
2503 4939 2618 5004 alii,
2645 4938 2789 4992 ἐπεί.
2821 4940 2992 4994 Paulo
3018 4949 3140 5010 post
3170 4938 3421 5010 Seguer.,

1839 5011 2010 5071 solus,
2047 5008 2254 5080 ἐπειδή.

1913 5080 2020 5150 (41)
2049 5076 2266 5150 Gobler.
2298 5077 2537 5150 Felckm.
2573 5079 2624 5144 1,
2656 5077 2903 5150 Seguer.,
2939 5078 3158 5144 ἔδειξεν.
3193 5076 3329 5133 Editi
3369 5089 3424 5134 et

1843 5148 1957 5214 alii,
1993 5148 2278 5221 ἐπέδειξεν.
2330 5149 2634 5221 Epiphan.,
2665 5149 2962 5221 ὑτξέδειξεν.
3010 5149 3423 5221 Μοκζὲλέγχε·

1846 5223 1990 5286 σθαι,
2019 5220 2331 5276 Goblerian.
2379 5219 2561 5275 Felck.
2616 5220 2667 5286 1,
2705 5217 3024 5290 Segueriau.
3067 5229 3122 5275 et
3147 5217 3418 5290 Epiphau.

1842 5293 2006 5352 Etlit.,
2032 5289 2418 5360 διελέγχεσθαι.

1914 5362 2138 5431 (ιεκδίο
2154 5357 2346 5431 Epiph.
2366 5359 2541 5414 Naun.
2556 5358 2786 5431 e_t_Editi.
2812 5357 2916 5414 Sed
2932 5359 3148 5414 Gobler.
3165 5359 3345 5416 Felck.
3368 5362 3421 5428 1,

1842 5427 1929 5496 εἰς’
1947 5427 2138 5494 ταῦτα,
2190 5427 2369 5485 minus
2399 5433 2552 5486 bene.
2579 5428 2699 5484 Mox
2729 5427 2977 5501 Seguer.,
3000 5431 3254 5501 περιττόν
3280 5427 3420 5486 ἐστι.

219 5501 334 5570 (39)
360 5504 498 5573 Haec,
533 5517 561 5554 a
609 5500 954 5573 Theodoreto
1006 5499 1245 5573 citantur
1288 5497 1504 5573 dialogo
1531 5497 1735 5573 primo

1863 5505 2003 5566 dem,
2031 5503 2422 5573 γυμνάζεσθαι.

147 5567 271 5642 pag.
317 5567 413 5626 ⁷40.
463 5572 684 5641 ΕρΙιρε.,
727 5569 1087 5642 Ἀνθρώπινον
1131 5569 1240 5642 γαρ
1295 5567 1476 5642 φύσει.
1531 5569 1734 5622 Ibidem

149 5639 544 5704 Theodoretus,
570 5643 632 5694 τὸ
663 5645 726 5694 ὲκ
758 5639 1312 5712 τῆςΜαρίαςγσῶμα,
1344 5639 1508 5712 κατὰ.

229 5713 346 5784 (40)
375 5714 463 5769 Sic
496 5713 713 5769 Gobler.
768 5707 946 5767 Felck.
976 5707 1014 5766 ’1
1043 5752 1057 5778 ,
1092 5707 1316 5777 Seguer.
1349 5707 1491 5764 Εὐιιί
1537 5720 1590 5766 et
1622 5709 1736 5774 alii,

1909 5573 2019 5644 (45)
2045 5569 2245 5647 Epiph.
2274 5575 2492 5647 Gobler.
2529 5570 2767 5647 Felckm_.
2799 5571 2863 5647 1__.
2906 5569 3156 5643 Seguer.,
3185 5573 3278 5627 τοῦ
3308 5575 3424 5647 γὰρ

1839 5641 2108 5712 σώματος,
2139 5645 2233 5697 sed
2274 5644 2432 5712 male.
2467 5651 2524 5696 ut
2554 5659 2618 5697 ex
2649 5643 2788 5698 serie
2819 5641 3008 5712 liquet}

1909 5711 2022 5786 (44)
2049 5715 2168 5769 Haec
2199 5714 2339 5784 apud
2367 5711 2574 5769 Theod.
2608 5713 2738 5770 dial.
2774 5713 2824 5767 1.
