3810 6228
400 277 423 324 1
436 274 540 326 n65

966 273 1024 324 ὃ.
1059 275 1430 328 AIUANASII
1467 273 1617 323 OPP.
1661 267 1844 322 PARS
1881 267 1923 324 Ι.
1955 297 1968 306 ·

2100 263 2433 319 [lSTORlCA
2473 262 2561 316 ET
2601 263 3024 320 DOGMATICA.

3514 267 3540 320 1
3551 267 3670 322 θοι

398 388 528 441 dere
557 386 718 439 licet:
768 381 910 452 apud
962 380 1189 437 Paulum
1261 381 1460 452 quippe
1518 380 1780 450 scriptum
1838 387 1962 434 est:

2102 379 2225 431 οὖτο
2265 377 2485 430 δυνατὸν
2527 377 2706 448 εὑρεῖν
2737 376 2867 446 (45)⁸
2913 377 3221 447 γέγραπται
3247 379 3357 447 γάρ
3387 382 3548 451 παρά
3580 384 3670 452 τῷ

401 477 642 532 Christus
679 476 850 544 factus
877 483 952 527 est
980 489 1074 541 pro
1107 473 1254 526 nobis
1276 472 1616 526 maledictum
1635 473 1703 526 ".
1735 471 1801 525 Et
1829 472 1970 525 sicut

402 583 512 622 non
548 568 662 636 ipse
688 565 862 620 factus
889 573 973 618 est
1010 564 1400 618 maledictum:
1450 563 1544 618 sed
1570 563 1699 633 quia
1745 563 1964 616 maledi-

402 673 549 715 ctum
581 674 678 729 pro
711 657 869 711 nobis
895 657 1155 725 suscepit,
1194 656 1397 710 idcirco
1424 657 1630 710 dictum
1663 664 1744 709 est
1789 656 1968 723 ipsum

402 752 605 805 factum
646 748 814 802 fuisse
845 747 1192 800 maledictum
1220 765 1234 812 ;
1265 748 1345 801 sic.
1373 755 1426 800 et
1454 745 1690 800 Verbum
1723 760 1851 799 caro
1888 745 1969 798 fa-

401 854 546 896 ctum
577 847 680 906 est,
713 854 822 892 non
855 837 1001 907 quod
1033 838 1088 891 in
1121 853 1336 892 carnem
1365 846 1632 891 mutatum
1663 837 1842 900 fuerit,
1877 836 1971 892 sed

401 932 546 1002 quod
578 946 799 985 carnem
831 931 1103 984 viventem
1152 943 1252 997 pro
1303 928 1462 982 nobis
1512 928 1885 997 assumpserit,
1919 936 1974 980 et

404 1026 566 1076 homo
594 1021 798 1076 factum
830 1021 920 1075 sit.
946 1019 1082 1072 Nam
1122 1019 1322 1082 dicere,
1365 1018 1590 1073 Verbum
1621 1036 1742 1072 caro
1772 1020 1973 1088 factum

400 1123 500 1177 est,
541 1115 683 1168 idem
715 1125 797 1168 est
827 1128 892 1167 ac
937 1114 1136 1179 dicere,
1173 1111 1396 1166 Verbum
1441 1113 1593 1165 homo
1627 1113 1828 1180 factum
1876 1123 1970 1175 est,

400 1211 562 1272 prout
598 1203 652 1256 in
679 1202 830 1257 Joele
857 1203 1087 1257 dicitur:
1112 1201 1402 1269 E/fundam
1427 1202 1490 1254 de
1521 1199 1725 1270 Spiritu
1747 1218 1857 1254 meo
1886 1218 1975 1254 su-

400 1313 491 1364 per
533 1313 736 1350 onmem
787 1297 1091 1349 carnem":
1131 1311 1238 1348 non
1291 1295 1436 1349 enim
1487 1296 1648 1348 bruta
1676 1295 1974 1348 animantia

402 1389 506 1441 ista
556 1389 846 1457 promissio
888 1389 1188 1456 spectabat,
1244 1387 1337 1440 sed
1382 1388 1632 1440 homines
1689 1389 1971 1449 duntaxat,

401 1496 636 1548 quorum
691 1481 862 1550 gratia
910 1479 1174 1533 Dominus
1225 1479 1386 1532 homo
1439 1478 1598 1548 725
1651 1477 1825 1533 factus
1871 1491 1970 1532 est.

402 1572 540 1625 Cum
571 1573 731 1642 igitur
761 1574 962 1625 dictum
996 1572 1125 1625 illud
1153 1587 1216 1625 ea
1241 1571 1311 1626 sit
1341 1571 1760 1640 significatione,
1779 1574 1973 1625 merito

402 1681 525 1719 sese
553 1672 847 1732 coarguunt
875 1665 1184 1731 quicunque
1226 1662 1559 1725 existimant,
1597 1672 1720 1714 ante
1749 1661 1971 1714 Mariam

2070 469 2305 538 Παύλῳο
2371 466 2617 534 Χριστὸς
2685 466 2838 533 ὑπὲρ
2900 465 3069 535 ἡμῶν
3128 466 3335 537 γέγονε
3397 468 3666 536 κατάρα.

2069 562 2179 612 Καὶ
2210 559 2320 630 (46)
2351 557 2538 628 ὥσπερ
2581 559 2681 610 οὑκ
2726 559 2887 620 αὑτὸς
2928 558 3117 626 γέγονε
3150 559 3393 630 κατάρα,
3424 560 3544 612 ἀλλ’
3574 562 3667 612 ὅτι

2069 651 2167 721 τὴν
2195 651 2336 722 ὑπὲρ
2366 649 2522 722 ἡμῶν
2557 649 2843 715 ἀνεδέξατο
2885 649 3150 720 κατάραν,
3186 651 3402 723 εἴρηται
3432 653 3668 724 κατάρα

2071 743 2377 810 γεγονέναιο
2426 741 2566 794 οὕτω
2614 743 2706 794 καὶ
2759 739 2893 811 σὰρξ
2932 743 3153 810 γέγονεν
3195 743 3255 794 οὑ
3293 746 3526 814 τραπεὶς
3579 749 3667 808 εἰς

2074 833 2281 903 σάρκα,
2324 832 2437 885 ἀλλ’
2469 833 2549 884 ὅτι
2583 833 2760 903 σάρκα
2787 832 2966 896 ζῶσαν
3012 833 3122 903 (47)
3158 834 3298 904 ὑπὲρ
3330 834 3488 905 ἡμῶν
3528 837 3669 888 ἀνέ-

2071 924 2223 989 λαὸε,
2285 923 2378 977 καὶ
2432 925 2652 992 γέγονεν
2695 925 2995 995 ἄνθρωπος.
3033 924 3142 977 Καὶ
3171 925 3280 996 γάρ
3337 928 3398 980 τὸ
3454 931 3662 981 εἰπεῖν·

2085 1017 2138 1066 '0
2171 1016 2358 1084 Λόγος
2389 1015 2545 1081 σὰρξ
2592 1014 2860 1082 ἐγένετο,
2913 1015 3024 1066 ἴσον
3059 1015 3221 1068 πάλιν
3270 1018 3419 1070 ἐστὶν
3451 1021 3662 1071 εἰπεῖν·

2085 1107 2140 1157 Ὁ
2154 1107 2342 1174 Λόγος
2369 1104 2674 1172 ἅνθρωπος
2692 1105 2919 1174 γέγονε,
2946 1105 3086 1158 κατὰ
3107 1106 3166 1158 τὸ
3194 1108 3240 1158 εί
3247 1125 3313 1178 ρη
3324 1109 3388 1178 μέ
3397 1127 3484 1162 νον
3503 1113 3566 1162 ἐν
3579 1111 3666 1180 τῷ

2088 1194 2259 1266 Ἰωήλ’
2303 1194 2517 1262 Ἑκχεῶ
2547 1193 2663 1246 ἀπὸ
2693 1210 2759 1245 το
2812 1195 3154 1261 Πνεύματός
3174 1213 3293 1262 μου
3313 1197 3414 1248 ἐπὶ
3445 1196 3668 1251 πᾶσαν

2074 1285 2288 1352 σάρκα·
2333 1287 2394 1338 οὑ
2430 1284 2538 1356 γὰρ
2570 1284 2673 1346 ἕως
2697 1284 2806 1336 τῶν
2833 1285 3042 1352 ἀλόγων
3082 1285 3234 1349 ζώων
3256 1283 3322 1353 ἦν
3350 1290 3382 1357 ἡ
3409 1290 3666 1358 ἐπαγγε-

2075 1376 2182 1440 λία,
2213 1376 2325 1427 ἀλλ’
2353 1378 2430 1438 εἰς
2472 1373 2789 1446 ἀνθρώπους
2814 1374 2959 1426 ἐστὶν
2979 1417 2994 1439 ,
3026 1367 3100 1428 ὧν
3135 1375 3295 1428 ’ἑνεκα
3327 1380 3425 1431 καὶ
3451 1380 3666 1450 ἄνθρω-

2076 1485 2174 1530 πος
2200 1468 2420 1534 γέγονεν
2449 1468 2476 1519 ὁ
2504 1465 2725 1536 Κύριος.
2758 1465 2866 1535 (48)
2891 1464 3094 1518 Τούτου
3123 1467 3178 1519 δὲ
3201 1467 3293 1520 τοῦ
3329 1469 3499 1538 ῥητοῦ
3530 1473 3667 1526 ταύ-

2075 1577 2172 1629 την
2224 1560 2436 1630 ἔχοντος
2492 1559 2589 1631 τὴν
2641 1558 2881 1622 ἔννοιαν,
2938 1561 3159 1624 εἰκότως
3209 1562 3663 1630 καταγνώσονται

2078 1653 2282 1704 ἑαυτῶν
2327 1654 2526 1715 πάντες
2559 1653 2610 1704 οἱ
2651 1653 2969 1722 νομίσαντες
3003 1653 3110 1723 πρὸ
3141 1657 3239 1724 τῆς
3265 1656 3490 1724 Μαρίας
3517 1654 3666 1712 εἶναι

2231 1744 2254 1776 ζ

403 1757 573 1810 fuisse
606 1770 824 1810 carnem
880 1769 945 1808 ex
1004 1769 1066 1808 ea
1118 1762 1478 1822 assumptam,
1538 1763 1590 1805 et
1629 1761 1752 1805 ante
1801 1753 1968 1821 ipsam

2100 1743 2170 1813 τὴν
2200 1744 2256 1809 ἐξ
2289 1745 2458 1813 αὐτῆς
2494 1745 2671 1815 σάρκα
2691 1783 2704 1807 ,
2733 1745 2822 1797 καὶ
2852 1745 2956 1816 πρὸ
2985 1745 3188 1816 ταύτης
3215 1747 3335 1799 τινὰ
3360 1751 3662 1819 ἐσχηκέναι

402 1848 648 1913 Mariam,
689 1846 926 1900 Verbum
978 1847 1276 1898 humanam
1311 1846 1570 1899 habuisse
1611 1846 1871 1906 animam,
1922 1847 1972 1899 in

399 1955 506 2008 qua
539 1948 663 1992 ante
692 1953 851 1991 suum
905 1937 1195 1998 adventum
1253 1951 1467 2004 semper
1508 1936 1796 1990 exstiterit.
1843 1934 1977 1990 Sile-

398 2029 536 2084 hunt
565 2032 727 2083 etiam
757 2029 849 2097 qui
877 2028 1084 2089 dicunt,
1115 2041 1336 2081 carnem
1379 2043 1484 2079 non
1517 2042 1637 2081 esse
1664 2028 1853 2082 mortis
1882 2043 1974 2081 ca-

400 2135 616 2190 pacem,
651 2119 746 2174 sed
779 2120 1105 2173 immortalis
1137 2133 1257 2172 esse
1287 2127 1514 2172 naturae.
1551 2116 1606 2172 Si
1649 2119 1793 2172 enim
1825 2134 1974 2172 mor-

403 2221 528 2265 tuus
594 2226 701 2264 non
761 2220 875 2276 est,
921 2210 1195 2278 quomodo
1256 2207 1458 2264 Paulus
1507 2209 1802 2264 Corinthiis
1865 2219 1976 2263 tra-

400 2300 538 2354 didit
573 2301 718 2370 quod
752 2310 806 2354 et
836 2300 1085 2369 accepit?
1136 2300 1401 2365 Quoniam
1453 2299 1696 2354 Christus
1736 2309 1974 2352 mortuus

399 2403 477 2446 est
509 2409 603 2462 pro
639 2393 864 2458 peccatis
895 2393 1090 2446 nostris
1113 2393 1400 2446 secundum
1437 2391 1743 2460 Scripturas
1759 2392 1823 2444 7’.
1868 2391 1977 2445 Aut

400 2485 497 2556 qui
522 2485 737 2539 tandem
757 2487 1189 2551 resurrexerit,si
1213 2494 1462 2539 mortuus
1489 2499 1595 2538 non
1618 2483 1974 2538 est?Multum

401 2588 581 2632 autem
615 2579 959 2643 erubescent,
989 2579 1084 2647 qui
1116 2577 1199 2631 vel
1228 2577 1397 2632 semel
1427 2578 1782 2646 eogitaverint
1814 2592 1974 2645 posse

403 2686 501 2740 pro
532 2669 797 2725 Trinitate
829 2670 942 2724 ﬁeri
968 2670 1410 2739 quaternitatem,
1443 2671 1488 2724 si
1523 2685 1722 2739 corpus
1764 2686 1829 2723 ex
1862 2669 1976 2722 Ma-

401 2761 484 2814 ria
508 2776 631 2815 esse
662 2760 902 2815 dicatur.
937 2759 1072 2814 Nam
1106 2762 1174 2827 si,
1208 2761 1381 2825 aiunt,
1411 2777 1610 2831 corpus
1641 2759 1820 2815 Verbo
1847 2777 1976 2816 con-

402 2854 770 2914 substantiale,
786 2855 1055 2919 dicamus,
1089 2854 1330 2909 Trinitas
1373 2863 1558 2908 manet
1589 2855 1847 2919 Trinitas,
1885 2856 1972 2908 ni-

402 2945 479 2998 hil
513 2946 566 2999 in
597 2946 771 3014 ipsam
810 2955 1131 3000 extraneum
1171 2947 1459 3000 inducente
1491 2945 1671 3002 Verbo
1698 2965 1711 3000 :
1741 2948 1823 3002 sin
1853 2963 1975 3002 cor-

400 3046 505 3100 pus
535 3031 833 3086 humanum
864 3049 929 3087 ex
963 3033 1129 3088 Maria
1156 3036 1395 3105 genitum
1425 3035 1672 3091 dicamus
1705 3054 1719 3103 ;
1753 3052 1974 3092 necesse

400 3131 487 3176 est
531 3131 588 3176 ut
620 3137 742 3176 cum
775 3139 971 3192 corpus
1019 3124 1092 3178 sit
1142 3134 1461 3179 extraneum
1494 3126 1793 3181 secundum
1841 3129 1972 3183 sub-

401 3214 682 3276 stantiam,
727 3223 781 3268 et
813 3215 868 3268 in
909 3215 1028 3285 ipso
1066 3216 1138 3270 sit
1185 3214 1446 3284 Verbum,
1482 3219 1820 3287 quaternitas
1872 3236 1972 3290 pro

401 3303 688 3372 Trinitate,
720 3316 940 3377 propter
990 3309 1239 3378 corporis
1287 3310 1656 3364 accessionem
1685 3311 1966 3366 eﬂlciatur.

469 3399 522 3453 9.
559 3397 686 3452 Haec
718 3414 841 3452 cum
874 3399 945 3454 ita
976 3399 1278 3470 loquuntur
1312 3417 1418 3455 non
1455 3405 1692 3472 cogitant
1729 3419 1836 3473 quo
1873 3420 1971 3473 pa-

399 3497 489 3543 cto
523 3504 706 3544 secum
742 3491 844 3560 ipsi
873 3503 1131 3562 pugnent.
1160 3492 1372 3548 Etenim
1401 3494 1525 3548 licet
1553 3510 1617 3548 ex
1648 3494 1814 3548 Maria
1850 3512 1968 3550 cor-

399 3592 502 3645 pus
527 3592 648 3632 esse
683 3580 952 3648 negarint,
995 3581 1089 3635 sed
1119 3581 1222 3650 ipsi
1279 3580 1454 3636 Verbo
1502 3585 1968 3640 consubstantiale

399 3669 677 3725 dixerint:
737 3671 1094 3728 nihilominus
1137 3674 1310 3746 (licet
1345 3677 1448 3746 ipsi
1505 3677 1850 3734 dissimulent
1902 3694 1970 3733 ne

398 3761 476 3816 ita
502 3764 1150 3838 sentire-existimentur)
1185 3782 1250 3821 eo
1275 3768 1392 3837 ipso
1416 3768 1571 3836 juxta
1601 3785 1789 3825 eorum
1816 3787 1970 3826 men-

399 3861 532 3920 tem,
588 3857 1006 3924 quaternitatem
1059 3859 1182 3913 illos
1231 3859 1414 3915 dicere
1484 3861 1962 3917 demonstrabitur.

397 3945 868 4013 Quemadmodum
911 3949 1055 4002 enim
1098 3949 1291 4016 Filius,
1319 3952 1473 4020 juxta
1503 3951 1726 4007 Patrum
1758 3955 1961 4010 doctri-

398 4051 527 4090 nam
553 4077 567 4101 ,
609 4038 860 4106 quamvis
901 4040 971 4094 sit
994 4038 1148 4094 Patri
1192 4041 1695 4110 consubstantialis,
1739 4060 1846 4100 non
1885 4055 1970 4102 est

398 4130 516 4199 ipse
546 4129 722 4198 Pater,
758 4133 852 4187 sed
879 4131 1052 4188 Filius
1093 4133 1242 4188 Patri
1293 4135 1490 4190 dicitur
1526 4138 1966 4193 consubstantia-

398 4219 504 4285 lis;
534 4220 614 4274 sic
629 4235 830 4277 cornus
849 4219 1027 4276 Verbo
1051 4223 1517 4278 consubstantiale
1547 4238 1653 4277 non
1683 4235 1765 4279 est
1787 4224 1966 4294 ipsum

461 4345 514 4388 ἠ
545 4355 722 4412 Galat.
757 4372 839 4421 ιιι,
874 4356 960 4413 15.
1035 4358 1080 4390 ⁷³
1105 4356 1221 4412 Joel
1251 4373 1312 4422 ιι,
1348 4356 1436 4412 28.
1513 4357 1604 4410 ⁷³1
1635 4356 1759 4412 Cor.
1797 4374 1885 4419 xv,
1920 4360 1971 4413 5.

2075 1828 2252 1905 ψυχὴν
2284 1835 2626 1906 ἀνθρωπίνην
2659 1837 2752 1889 τὸν
2792 1837 2960 1904 Λόγον
2993 1837 3124 1907 (49),
3160 1839 3253 1891 καὶ
3291 1841 3348 1892 ἐν
3380 1841 3522 1912 αὐτῇ
3553 1844 3663 1912 πρὸ

2075 1929 2176 1997 τῆς
2220 1929 2510 1997 ἐπιδημίας
2549 1929 2636 1981 ἀεὶ
2669 1929 3012 1999 γεγενῆσθαι.
3053 1929 3354 1983 Παύσονται
3383 1932 3443 1984 δέ
3478 1934 3576 1986 καὶ
3607 1935 3662 1986 0i.

2076 2019 2328 2082 εἰπόντες
2350 2019 2423 2090 μὴ
2451 2015 2588 2071 εἶναι
2611 2019 2864 2091 δεκτικὴν
2895 2020 3126 2074 θανάτου
3159 2022 3257 2092 τὴν
3291 2023 3498 2094 σάρκα,

2075 2111 2173 2180 τῆς
2198 2109 2464 2164 ἀθάνατου
2498 2111 2711 2179 φύσεως
2744 2107 2881 2164 εἶναι
2910 2112 3133 2183 ταύτην.
3162 2114 3224 2166 Εἰ
3257 2114 3368 2186 γάρ
3407 2117 3486 2186 μὴ
3522 2117 3663 2170 ἀπέ-

2077 2198 2614 2263 Θανε,πῶςὸΠαῦλος
2642 2201 3322 2273 παρεδίδουέΚορινθίοιςῶ
3353 2207 3448 2258 καὶ
3484 2208 3661 2278 παρέ-

2075 2291 2267 2343 λαϐεν·
2315 2292 2437 2344 Ὅτι
2471 2292 2727 2360 Χριστὸς
2781 2294 3081 2349 ἀπέθανεν
3116 2295 3269 2364 ὑπὲρ
3312 2296 3431 2350 τῶν
3475 2299 3664 2368 ἁμαρ-

2075 2383 2216 2436 τιῶν
2266 2381 2435 2452 ἡμῶν
2478 2384 2628 2437 κατὰ
2659 2384 2767 2449 τὰς
2791 2386 3074 2454 Γραφάω
3112 2387 3236 2451 Πῶς
3279 2389 3334 2441 δὲ
3379 2389 3521 2452 ὅλως
3565 2394 3666 2443 καὶ

2074 2475 2292 2546 ἀνέστη,
2342 2479 2388 2530 εί
2438 2478 2511 2547 μὴ
2546 2479 2639 2530 καὶ
2665 2477 2966 2544 ἀπέθανεν;
3007 2480 3418 2550 Ἐρυθριάσουσι
3450 2482 3565 2550 (50)
3603 2484 3664 2536 δέ

2080 2569 2327 2639 μεγάλως
2367 2570 2415 2621 οἱ
2459 2569 2595 2632 ὅλως
2643 2570 3037 2642 ἐνθυμηθέντες
3080 2573 3337 2628 δύνασθαι
3389 2577 3514 2629 ἀντὶ
3560 2578 3667 2646 τῆς

2075 2659 2301 2731 Τριάδος
2330 2659 2581 2727 γενέσθαι
2605 2660 2852 2730 τετράδα,
2881 2663 2928 2713 εἰ
2958 2661 3162 2731 λέγοιτο
3183 2665 3246 2716 ἐκ
3270 2665 3492 2735 Μαρίας
3518 2662 3666 2720 εἶναι

2073 2755 2134 2805 τὸ
2181 2753 2357 2824 σῶμα.
2401 2753 2713 2824 Ὀμοούσιον
2761 2756 2869 2827 γὰρ
2911 2755 3006 2810 ἐὰν
3052 2755 3326 2827 εἴπωμεν,
3378 2758 3552 2827 φασὶ,
3605 2762 3667 2811 τ’)

2077 2846 2235 2916 σῶμα
2276 2845 2353 2916 τῷ
2394 2846 2587 2917 Λόγῳ,
2623 2847 2774 2917 μένει
2819 2850 2852 2918 ή
2900 2847 3070 2919 Τριὰς
3110 2848 3223 2919 (51)
3266 2849 3467 2920 Τριάς,
3507 2851 3665 2904 οὐδὲν

2076 2939 2224 3004 ξένον
2253 2940 2331 3002 εἰς
2361 2940 2529 3009 αὑτὴν
2561 2939 2953 3010 ἐπιφερομένου
2992 2939 3085 2992 τοῦ
3118 2940 3314 3009 Λόγου·
3351 2942 3448 2995 ἐὰν
3479 2943 3540 2996 δὲ
3568 2945 3666 3000 ὲν-

2000 3073 2045 3132 C
2078 3030 2346 3102 θρὼπινον
2379 3032 2620 3102 εἴπωμεν
2656 3032 2715 3085 τὸ
2761 3035 2824 3085 ἐκ
2850 3034 3068 3104 Μαρίας
3100 3033 3276 3104 σῶμα,
3304 3035 3547 3108 ἀνάγκη,
3577 3037 3668 3104 ξέ-

2076 3141 2168 3176 νου
2214 3125 2365 3186 ὅντος
2417 3125 2535 3177 κατ’
2568 3124 2755 3177 οὐσίαν
2796 3124 2890 3178 τοῦ
2945 3123 3214 3194 σώματος,
3265 3127 3360 3179 καὶ
3406 3127 3564 3191 ὄντος
3607 3130 3664 3181 ἐν

2078 3214 2226 3285 αὑτῷ
2272 3215 2364 3266 τοῦ
2404 3215 2609 3282 Λόγου,
2655 3214 2849 3286 τετρὰς
2896 3216 3018 3268 ἀντὶ
3063 3216 3291 3285 Τριάδος
3329 3217 3545 3284 γίνεται
3576 3219 3668 3273 διὰ

2077 3308 2173 3379 τὴν
2207 3306 2298 3361 τοῦ
2332 3307 2579 3378 σώματος
2607 3307 2943 3380 προσθήκην.

2145 3403 2198 3456 9.
2232 3401 2415 3454 Ταῦτα
2451 3400 2592 3454 οὕτω
2628 3399 2909 3469 λέγοντες,
2947 3401 3007 3454 οὑ
3048 3400 3292 3465 νοοῦσιν,
3348 3403 3504 3466 ὅπως
3538 3404 3666 3458 ἐαυ-

2072 3496 2184 3556 τοῖς
2213 3493 2620 3564 περιττεπτουαι.
2644 3495 2753 3546 Καὶ
2781 3493 2890 3564 γὰρ
2940 3492 3043 3546 κᾶν
3088 3495 3160 3564 μὴ
3196 3495 3260 3546 ἐκ
3305 3495 3535 3565 Μαρίας
3576 3497 3664 3548 λέ-

2073 3602 2208 3653 γωσι
2236 3586 2296 3638 τὸ
2335 3586 2511 3656 σῶμα,
2545 3585 2680 3638 άλλά
2703 3585 2983 3655 ὁμοοὺσιον
3013 3585 3144 3638 αὑτὸ
3170 3585 3249 3655 τῷ
3280 3587 3442 3657 Λόγῳ
3462 3627 3476 3650 ,
3510 3589 3665 3642 οὐδὲν

2075 3671 2233 3748 ἦττον
2263 3677 2416 3747 (ὅπερ
2442 3675 2817 3746 ὑποκρίνονται
2849 3674 2960 3747 (52)
2983 3716 2996 3737 .
3047 3676 3121 3747 μὴ
3161 3677 3267 3747 ἄρα
3296 3675 3491 3748 ὥσπερ
3536 3694 3665 3751 φρο-

2059 3767 2291 3831 ινοῦντες
2335 3767 2668 3838 νομισθῶσι)
2699 3767 2857 3820 τοῦτο
2901 3767 3040 3820 κατά
3083 3769 3180 3839 τὴν
3233 3769 3414 3822 αὑτῶν
3451 3770 3663 3825 ἔννοιαν

2073 3859 2440 3930 δειχθήσονται
2469 3860 2714 3928 λέγοντες
2735 3859 2984 3930 τετράδα.
3035 3861 3120 3923 Ὠς
3158 3860 3265 3931 γὰρ
3297 3863 3326 3914 ὁ
3360 3861 3492 3924 Υἱὸς
3524 3867 3664 3917 κατά

2073 3954 2198 4016 τοὺς
2243 3951 2523 4023 Πατέρας,
2561 3950 2841 4022 ὀμοοὺσιος
2893 3950 2967 4006 ὢν
3017 3952 3095 4022 τῷ
3149 3954 3351 4024 Πατρὶ,
3385 3956 3489 4008 οὑκ
3518 3956 3664 4008 εστιν

2072 4047 2233 4109 αὐτὸς
2276 4048 2304 4098 ὁ
2357 4047 2566 4118 Πατὴρ,
2627 4045 2760 4100 ἁλλά
2819 4045 2947 4109 Υἱὸς
2998 4047 3137 4118 πρὸς
3166 4047 3384 4119 Πατέρα
3441 4047 3662 4116 λέγεται

2073 4140 2354 4211 ὁμοούσιος
2374 4155 2385 4167 ·
2453 4139 2594 4192 οὑτω
2625 4139 2686 4191 τὸ
2713 4139 2998 4210 ὀμοούσιον
3039 4139 3196 4209 σῶμα
3224 4138 3316 4191 τοῦ
3357 4138 3538 4206 Λόγου
3567 4139 3662 4192 οὑκ

2075 4232 2220 4284 ἔστιν
2253 4231 2416 4294 αὐτὸς
2465 4231 2493 4282 ό
2517 4231 2689 4299 Λόγος
2711 4269 2725 4295 ,
2781 4229 2893 4283 ἀλλ’
2922 4229 3105 4300 ἓτερον
3153 4230 3289 4300 πρὸς
3326 4230 3419 4282 τὸν
3456 4231 3657 4298 Λόγον.

613 4512 1099 4589 Gobler.__Felckm.
1140 4513 1191 4578 1,
1222 4515 1409 4566 τούτου
1434 4513 1656 4566 δυνατὸν
1685 4515 1866 4585 εὑρεῖν
1894 4515 1968 4579 ὡς

2100 4514 2267 4589 Epiph.
2297 4515 2516 4589 gobler.
2541 4514 2723 4589 Felek.
2745 4517 2815 4589 _I_,
2843 4516 3163 4589 Seguerian.

396 4585 607 4649 Παῦλός
634 4602 783 4655 φησι·
819 4585 953 4655 Χρ..
977 4593 1081 4655 etc.

470 4655 582 4726 (46)
616 4651 723 4707 καί
742 4651 997 4726 γόοοέείὶη
1025 4654 1247 4726 Seguer.
1277 4652 1399 4726 Mox
1437 4651 1650 4726 Epiph.,
1677 4654 1776 4706 οὑκ
1807 4655 1970 4726 alb-:0;

395 4721 585 4795 γέγονε
619 4725 850 4795 κατάρα.
884 4721 1121 4784 ΤΙιθοό.ξ
1151 4724 1250 4795 οὑχ
1279 4725 1359 4777 ὅτι
1389 4721 1551 4787 αὑτὸς
1581 4724 1790 4795 γέγονε.
1824 4723 1966 4795 Editi

397 4793 599 4854 autem,
625 4794 725 4864 οὑκ
756 4793 887 4847 αὑτὸ
917 4795 1074 4846 τοῦτο
1100 4793 1289 4862 γέγονε
1326 4795 1556 4864 κατάρα.
1582 4793 1814 4864 Seguer.
1856 4794 1966 4848 Go-

397 4866 529 4920 bler.
562 4874 616 4918 et
645 4863 833 4934 Felck.
865 4865 916 4928 1,
949 4866 1048 4918 οὑκ
1080 4864 1226 4934 αὑτῴ
1271 4865 1443 4934 τούτῳ
1470 4863 1636 4926 αὑτὸς
1658 4881 1810 4917 κατ-.
1847 4864 1968 4920 Mox

397 4934 696 5005 Theodori,
732 4933 965 4998 ἐδέξατο.
1010 4935 1066 4988 ln
1106 4933 1297 4989 eodem
1350 4933 1472 4987 max
1499 4976 1514 4999 ,
1546 4934 1759 5005 κατάρα
1793 4935 1964 4989 deest.

399 5005 598 5077 Ibidem
644 5003 901 5077 833nm},
960 5005 1175 5077 κατάρα
1224 5006 1476 5077 γέγονενζ
1514 5004 1656 5077 οὑτω
1693 5003 1793 5056 καὶ
1834 5005 1967 5077 σάρξ

397 5076 629 5146 ἐγένετο.
661 5073 955 5146 Theodor.,
978 5073 1120 5146 οὑτω
1159 5075 1365 5146 καὶτὸ,
1407 5075 1566 5146 Σάρξ.
1594 5073 1745 5138 Mox,
1780 5073 1969 5131 omnes

397 5144 512 5200 fere
539 5161 693 5207 mss.,
730 5145 842 5198 ἀλλ’
871 5148 973 5201 ὅτι.
1013 5145 1174 5210 Εειὶιί,
1200 5145 1313 5197 ἀλλ’
1343 5144 1446 5199 ἔτι.

469 5216 579 5286 (47)
625 5215 813 5269 Ζῶσαν
856 5218 1005 5271 deest
1040 5216 1093 5286 in
1146 5213 1492 5286 EpLTheod.
1544 5224 1598 5270 et
1644 5215 1866 5284 Seguer.
1905 5215 1964 5270 In

399 5285 650 5353 Septem,
683 5286 774 5339 καί
802 5303 1035 5356 Seqnens
1066 5285 1237 5339 deest.
1261 5285 1431 5340 Paulo
1457 5295 1597 5353 post,
1627 5286 1788 5338 πάλιν
1815 5288 1966 5341 deest

397 5357 453 5426 in
483 5356 696 5410 Gobler.
724 5368 779 5410 et
801 5356 977 5411 Felck.
1007 5357 1066 5426 1.
1092 5356 1290 5426 Ibidem
1317 5357 1346 5408 ὁ
1369 5356 1536 5426 Λόγος
1562 5357 1715 5426 deest
1743 5359 1794 5410 in
1841 5357 1968 5426 Seg.

397 5425 539 5482 Infra
567 5427 787 5496 Seguer.
813 5428 1020 5496 ἀλόγων
1051 5425 1223 5489 ζώων.
1255 5425 1310 5478 In
1336 5428 1474 5490 aliis,
1508 5425 1570 5490 CC
1585 5445 1659 5479 ων
1691 5429 1862 5481 deest.

468 5497 578 5565 (48)
625 5495 750 5549 H:cc
795 5495 1032 5551 citantur
1083 5508 1213 5550 tom.
1261 5496 1304 5549 V
1356 5496 1518 5551 Cone.
1565 5512 1616 5565 p.
1672 5495 1796 5550 655.
1844 5497 1964 5552 Mox

398 5564 613 5636 Gobler.
665 5567 842 5622 Felck.
882 5570 934 5630 1,
979 5568 1199 5636 Seguer.
1227 5565 1443 5636 Epiph.,
1473 5564 1725 5620 διάνοιαν.
1763 5567 1964 5622 Ibidem

399 5634 648 5706 Seguer.,
685 5639 900 5700 πάντες.
932 5634 1074 5705 Alii,
1107 5634 1342 5700 πάντως.
1381 5635 1600 5702 lbider',
1627 5637 1959 5707 νομίζοντες.

2147 4586 2261 4656 (49)
2292 4585 2542 4654 Segucr.,
2573 4585 2704 4639 Θεὸν
2727 4587 2916 4654 Λόγον.

2146 4655 2257 4726 (50)
2292 4656 2515 4726 Epiph.,
2544 4656 2854 4726 ἐρυθριῶσι.
2887 4657 3103 4712 Gobler.
3139 4655 3377 4713 Felckm.
3411 4659 3462 4712 1.
3492 4658 3656 4722 Editi,

2074 4725 2734 4798 spatiptdcmst._Seguel‘.,
2767 4728 3146 4798 ἐρυθριάσουσι
3181 4744 3299 4796 quae
3330 4730 3492 4782 lectio
3531 4748 3658 4785 sane

2115 4793 2426 4849 raeferenda.
2446 4793 2575 4848 Mox
2596 4793 2821 4865 Seguer.
2845 4793 3060 4853 Gobler.
3085 4793 3268 4853 Felck.
3298 4800 3347 4865 1,
3371 4798 3475 4851 κᾶν
3500 4802 3652 4864 ὅλως.

2103 4867 2214 4938 iditi
2253 4874 2307 4920 et
2335 4867 2447 4938 alii,
2481 4866 2574 4938 καὶ
2614 4866 2769 4938 ὅλως.
2819 4867 3043 4932 Ibidem,
3081 4868 3396 4938 Seguerian.
3433 4868 3652 4923 Gobler.

2072 4935 2309 5007 Felrkm.
2341 4937 2409 5007 l_,
2443 4935 2744 5007 γίγνεσθαι.
2790 4935 3458 5007 Ερίρὴαιιὶιιε,”γίνεσθαι.
3492 4941 3655 4996 Edui.

2072 5005 2342 5094 γενέσθαι.
2371 5005 2514 5058 Infra
2542 5004 2788 5076 Seguer.,
2829 5004 3142 5079 'Oitootictov
3174 5004 3274 5079 μὲν
3310 5010 3439 5078 γάρ,
3469 5013 3653 5081 φησὶν,

2072 5078 2168 5128 ἐὰν
2197 5078 2460 5146 εἴπωμεν.
2898 5078 2904 5079 ⁷
3178 5078 3183 5079 ⁷
3535 5078 3544 5081 '

2072 5214 2120 5221 __
2146 5146 2280 5221 (51)
2310 5145 2401 5221 Sic
2433 5145 2627 5216 Epiph.
2667 5145 2889 5221 Seguer.
2938 5148 2989 5200 in
3030 5148 3190 5221 editis
3242 5150 3430 5213 semel,
3462 5150 3649 5221 Τριάς.

2071 5214 2196 5291 Mox
2241 5214 2995 5291 Ερίμ11.,“ἐπεισφερομένου.
3055 5219 3279 5290 Seguer.
3326 5222 3405 5281 εἰς
3459 5214 3654 5291 ἑαυτὴν

2071 5288 2490 5410 εἰσιὲεροὲένου..
2749 5288 2753 5289 ⁷
3137 5288 3149 5290 ⁷
3615 5288 3624 5291 ⁷

2072 5426 2098 5446 ᾖ
2306 5373 2382 5446 At?
2399 5357 2592 5446 Epiph.
2626 5366 2679 5446 et
2696 5356 2923 5446 Seg‘ue'r.
2952 5358 3169 5443 Gobler.
3199 5358 3462 5446 Felck._
3493 5359 3648 5446 Editi,

2071 5426 2103 5498 ἢ
2135 5426 2325 5498 ὥσπερ
2353 5426 2714 5498 ὑπεκρίναντο
2744 5429 2818 5500 μὴ
2847 5429 2964 5501 ὥρα
2992 5428 3134 5481 οὕτω
3167 5446 3346 5499 φρόνει.
3377 5429 3497 5484 Mox
3534 5431 3647 5498 Ep..

2071 5497 2494 5572 αὑτῶν-ἄνοιαν.
2539 5498 2708 5552 Paulo
2753 5510 2891 5572 post,
2947 5499 3193 5572 Sequar,
3224 5501 3437 5572 _”(251:sp
3472 5502 3585 5571 γὰρ
3628 5501 3652 5572 ὀ

2077 5566 2220 5630 Υἱός.
2254 5567 2395 5621 Infra
2430 5569 2570 5622 idem
2601 5585 2724 5622 cum
2753 5568 2972 5622 Gobler.
3006 5579 3059 5622 et
3099 5567 3336 5626 Felckln.
3368 5566 3419 5632 1;
3453 5566 3592 5626 ἄλλά
3624 5571 3650 5620 o'

2073 5637 2218 5701 Υἱός.
2251 5636 2420 5691 Paulo
2448 5649 2568 5709 post
2611 5640 2792 5703 iidem,
2815 5640 2913 5692 οὑκ
2939 5637 3084 5690 ἐστιν
3110 5639 3258 5692 αὑτό.

3769 133 3771 244 l
