3810 6228
225 259 372 316 1065

1351 245 1686 306 EPISTOLA
1727 244 1817 300 AD
1853 243 2265 302 EPICTETUM.

3323 243 3345 296 l
3354 241 3462 299 066

204 371 398 442 ἑτέρου
430 369 489 424 δὲ
505 368 678 432 δντος,
702 369 823 422 κατ’
849 365 1044 428 αὑτὸὺς
1071 365 1276 435 ἕσταιή
1302 362 1657 434 αὐτῶνΤριὶις
1679 359 1775 432 (53

1897 354 2154 421 Verbum,
2168 359 2260 414 sed
2281 357 2423 412 aliud
2443 373 2472 412 a
2487 355 3033 426 Verbo’disunctum;
3057 373 3293 430 cumque
3311 359 3460 414 aliud

200 463 424 534 τετράς.
465 461 540 513 Οὐ
569 459 740 532 γὰρ,ή
785 457 1039 529 ἀληθινὴ,
1073 456 1164 510 καὶ
1211 456 1379 518 ὅντως
1427 453 1640 514 τελεία,
1691 451 1785 504 καὶ

200 551 510 623 ἀδιαίρετος
535 550 702 621 Τριὰς
731 549 941 619 δέχεται
978 546 1346 619 .προσθήκην,
1403 545 1516 599 ἀλλ’
1567 545 1600 614 ἡ
1637 543 1787 614 παρὰ

199 643 413 699 τούτων
435 623 844 712 ἐπινενοημένη.
871 639 980 692 Καὶ
1001 639 1117 702 πῶς
1139 638 1218 691 ἔτι
1240 637 1572 708 Χριστιανοὶ,
1598 636 1648 687 οἱ
1673 633 1782 705 (54)

201 735 392 805 ἓτερον
427 732 578 804 παρὰ
617 732 708 785 τὸν
743 731 872 784 ὄντα,
908 730 1039 784 Θεὸν
1069 729 1441 792 ὲπινοοῦντες;
1479 726 1644 780 Πάλιν
1676 724 1784 796 γὰρ

199 825 303 881 καὶ
330 827 388 878 ἐν
415 823 492 895 τῷ
538 824 708 895 ἑτέρῳ
750 823 926 876 αὐτῶν
961 823 1252 892 σοφίσματι
1290 819 1488 890 πολλὴν
1534 817 1644 888 (55)
1686 818 1786 888 τὴν

198 917 517 988 ἀφροσύνην
545 915 748 980 ἔξεστιν
772 917 903 986 όρᾷν
921 931 934 944 ο
967 915 1036 978 εί,
1059 913 1144 967 διὰ
1172 912 1232 966 τὸ
1253 908 1389 966 εἶναι
1415 911 1508 964 καὶ
1534 907 1784 978 λέγεσθαι

197 1010 263 1061 ὲν
282 1011 403 1070 ταῖς
426 1007 688 1077 Γραφαίς,
722 1006 786 1057 ὲκ
808 1005 1025 1078 Μαρίας
1058 1001 1197 1058 εἶναι
1230 1003 1323 1056 καὶ
1361 999 1695 1072 ἀνθρώπινον
1724 997 1786 1050 τὸ

201 1098 367 1169 σῶμα
387 1097 478 1150 τοῦ
504 1097 754 1167 Σωτῆρος
774 1135 788 1159 ,
817 1095 1124 1166 νομίζουσιν
1156 1096 1276 1149 ἀντὶ
1311 1091 1534 1164 Τριάδος
1555 1089 1785 1161 τετράδα

196 1190 477 1259 λέγεσθαι,
499 1189 574 1253 ὼς
601 1188 914 1260 προσθήκης
940 1188 1230 1259 γινομένης
1258 1187 1347 1240 διὰ
1372 1186 1432 1238 τὸ
1465 1184 1621 1254 σῶμα
1643 1183 1779 1251 (56)”

196 1283 340 1336 πολὺ
376 1282 674 1334 πλανῶνται
706 1280 765 1332 τὸ
791 1279 998 1349 ποίημα
1021 1278 1418 1343 συνεξισοῦντες
1455 1278 1532 1348 τῷ
1565 1281 1780 1350 ποιητῇ,

193 1374 298 1426 καὶ
332 1371 680 1434 ὑπονοοῦντες
727 1369 982 1423 δύνασθαι
1035 1369 1134 1440 τὴν
1186 1368 1414 1436 θεότητα
1467 1369 1782 1440 προσθήκην

194 1467 522 1537 λαμϐάνειν·
561 1466 655 1518 καὶ
701 1465 1006 1535 ἠγνόησαν,
1063 1463 1146 1516 ὃτι
1210 1463 1271 1514 οὐ
1319 1462 1408 1514 διὰ
1466 1462 1782 1534 προσθήκην

194 1556 454 1625 θεότητος
482 1556 669 1624 γέγονε
703 1554 838 1626 σὰρξ
865 1557 894 1608 ό
922 1555 1123 1622 Λόγος,
1156 1553 1270 1607 ἀλλ’
1311 1555 1394 1606 ἵνα
1423 1556 1456 1624 ἡ
1495 1553 1629 1626 σὰρξ
1661 1555 1785 1607 ἀνα-

196 1648 303 1715 στῇ
331 1661 345 1674 ·
379 1645 498 1697 οὐδὲ
537 1645 623 1697 ἰνα
655 1643 914 1714 βελτιωθῇ
957 1645 984 1696 ὁ
1016 1645 1220 1712 Λόγος,
1255 1643 1520 1714 προῆλθεν
1563 1646 1627 1696 ἐκ
1663 1645 1782 1698 Μα-

198 1737 349 1810 ρίας,
375 1736 603 1789 ἀλλ’ἵνα
630 1737 691 1790 τὸ
732 1736 837 1790 τῶν
881 1734 1184 1808 ἀνθρώπων
1227 1736 1382 1804 γένος
1426 1735 1783 1807 λυτρώσηται.

193 1831 327 1894 Πῶς
361 1827 452 1884 οὖν
479 1829 756 1884 οῐονταιτδ
775 1830 862 1883 διὰ
891 1829 983 1882 τοῦ
1005 1829 1177 1896 Λόγου
1207 1827 1473 1899 λυτρωθὲν
1491 1829 1600 1896 (57)
1632 1829 1788 1900 σῶμα

194 1923 296 1977 καὶ
350 1921 680 1992 ζωοποιηθὲν
722 1920 1038 1991 προσθήκην
1091 1921 1169 1982 είς
1227 1919 1455 1990 θεότητα
1507 1921 1584 1991 τῷ
1632 1923 1788 1993 Λόγῳ

191 2012 279 2083 τῷ
322 2012 716 2081 ζωοποιήσαντι
745 2017 956 2076 ποιεῖν;
1000 2011 1199 2082 μᾶλλον
1241 2012 1348 2084 γὰρ
1387 2011 1536 2083 αὐτῷ
1577 2012 1654 2084 τῷ
1690 2015 1787 2067 ἀν-

195 2105 460 2176 θρωπίνῳ
499 2103 710 2175 σώματι
746 2103 1030 2176 προσθήκη
1067 2104 1276 2176 μεγάλη
1324 2102 1545 2172 γέγονεν
1589 2106 1654 2158 ὲκ
1684 2104 1787 2172 τῆς

192 2197 294 2250 τοῦ
338 2197 508 2265 Λόγου
536 2197 669 2268 πρὸς
689 2197 817 2266 αὐτὸ
851 2195 1132 2259 κοινωνίας
1163 2214 1220 2249 τε
1250 2197 1341 2250 καὶ
1371 2194 1644 2258 ἐνώσεως·
1678 2197 1786 2251 ἀπὸ

197 2288 312 2360 γὰρ
334 2288 526 2360 θνητοῦ
548 2288 766 2358 γέγονεν
787 2287 1048 2343 ἀθάνατον
1069 2306 1082 2320 ·
1107 2289 1200 2342 καὶ
1223 2288 1450 2360 ψυχικὸν
1470 2288 1549 2353 ὃν,
1589 2289 1780 2358 γέγονε

198 2383 592 2452 πνευματικὸν,
645 2383 738 2435 καὶ
769 2385 832 2435 ὲκ
877 2382 980 2452 γῆς
1023 2381 1330 2451 γενόμενον,
1361 2383 1459 2444 τὰς
1502 2382 1785 2451 οὐρανίους

196 2473 354 2544 διέϐη
389 2474 498 2544 (58)
533 2473 726 2536 πύλας.
777 2475 840 2526 Ἠ
874 2474 1059 2545 μέντοι
1088 2472 1276 2543 Τριὰς,
1303 2473 1396 2525 καὶ
1429 2472 1682 2536 λαϐόντος
1719 2474 1784 2526 ὲκ

199 2562 422 2634 Μαρίας
455 2562 614 2626 σῶμα
645 2562 734 2616 τοῦ
771 2564 943 2631 Λόγου
965 2602 979 2626 ,
1018 2563 1186 2634 Τριὰς
1211 2564 1356 2616 ἐστιν
1375 2601 1389 2624 ,
1430 2563 1490 2616 οὐ
1521 2561 1780 2632 δεχομένη

197 2652 540 2724 προσθήκην,
574 2651 693 2704 οὐδὲ
722 2652 1038 2724 ἀφαίρεσιν·
1069 2652 1182 2706 ἀλλ’
1213 2652 1300 2706 ἀεὶ
1321 2651 1500 2705 τελεία
1526 2652 1659 2717 ἐστὶ,
1689 2653 1782 2729 καὶ

196 2747 259 2798 ὲν
320 2744 507 2815 Τριάδι
555 2745 655 2814 μία
713 2744 899 2816 θεότης
946 2744 1302 2814 γινώσκεται,
1361 2743 1456 2796 καὶ
1511 2743 1682 2807 οὕτως
1724 2745 1782 2797 ἐν

196 2839 268 2908 τῇ
315 2836 609 2909 Ἐκκλησία
661 2831 742 2901 εἷς
779 2837 911 2902 Θεὸς
965 2837 1334 2908 κηρύσσεται,
1388 2838 1418 2889 ὁ
1461 2835 1554 2890 τοῦ
1608 2838 1780 2906 Λόγου

200 2929 358 3000 Πατή
364 2946 418 3000 ρ.

274 3103 366 3158 10.
417 3104 512 3158 Ἐκ
532 3103 597 3175 δὴ
626 3103 817 3157 τούτου
859 3105 1193 3174 σιωπήσουσι
1222 3103 1404 3158 λοιπὸν
1431 3103 1525 3158 καὶ
1565 3105 1615 3157 οί
1650 3104 1779 3158 ποτὲ

198 3196 447 3259 εἰπόντες
479 3196 568 3248 τὸν
607 3198 670 3250 ὲκ
716 3195 933 3268 Μαρίας
968 3196 1298 3267 προελθόντα
1350 3198 1424 3268 μὴ
1457 3193 1594 3251 εἶναι
1619 3197 1782 3252 αὐτὸν

197 3288 293 3340 τὸν
321 3287 574 3358 Χριστὸν,
608 3289 701 3341 καὶ
727 3288 949 3360 Κύριον,
989 3289 1084 3342 καὶ
1115 3288 1264 3343 Θεόν.
1293 3289 1358 3354 Ei
1401 3289 1509 3360 γὰρ
1551 3287 1624 3360 μὴ
1650 3289 1783 3352 Θεὸς

197 3376 270 3453 ἦν
301 3384 360 3436 ὲν
384 3381 462 3452 τῷ
495 3380 725 3452 σώματι,
778 3382 896 3445 πῶς
929 3382 1089 3445 εὐθὺς
1133 3381 1409 3454 προελθὼν
1462 3385 1526 3434 ἐκ
1565 3382 1784 3454 Μαρίας

198 3473 405 3546 ἐκλήθη
459 3473 872 3543 Ἐμμανουὴλ,
925 3474 958 3527 ὅ
1013 3474 1143 3526 ἐστι
1196 3474 1784 3543 μεθερμηνευόμενον

198 3568 348 3622 Μεθ’
375 3565 544 3635 ἡμῶν
583 3569 616 3619 ὁ
663 3566 840 3631 Θεός;
880 3565 1002 3630 Πῶς
1032 3567 1088 3619 δὲ
1120 3566 1213 3619 καὶ
1245 3569 1274 3620 ὁ
1304 3565 1532 3629 Παῦλος,
1567 3566 1614 3618 εί
1644 3565 1717 3636 μὴ
1755 3567 1784 3617 ὁ

198 3659 375 3726 Λόγος
414 3653 481 3728 ἦν
510 3659 568 3709 ὲν
616 3657 810 3728 σαρκὶ,
857 3656 1143 3728 Ῥωμαίοις
1190 3656 1457 3727 ἔγραφενο
1505 3650 1718 3720 Ἐξῶν
1749 3659 1782 3710 ὀ

195 3749 455 3818 Χριστὸς
481 3748 547 3802 τὸ
593 3747 743 3802 κατὰ
783 3747 1014 3822 σάρκα,
1048 3750 1080 3800 ό
1125 3743 1211 3798 ὢν
1252 3747 1349 3799 ἐπὶ
1398 3745 1636 3800 πάντων
1672 3745 1780 3818 (59)

199 3843 350 3908 Θεὸς
395 3840 725 3911 εὐλογητὸς
759 3843 846 3906 εὶς
901 3838 1044 3905 τοὺς
1073 3837 1312 3902 αἰῶνας,
1341 3838 1539 3907 dum»;
1577 3837 1785 3892 Οὐκοῦν

197 3933 631 4004 ὁμολογείτωσαν
661 3932 754 3984 καὶ
780 3931 828 3984 οί
855 3929 1114 4000 πρότερον
1137 3929 1456 4000 ἀρνούμενοι
1479 3929 1570 3982 τὸν
1594 3931 1786 3983 ἐσταυ-

200 4023 446 4094 ρωμένον
473 4019 613 4076 εῖναι
645 4022 777 4077 Θεὸν
807 4019 1092 4090 ἐσφάλθαι,
1120 4019 1430 4090 πειθόμενοι
1461 4022 1582 4082 ταῖς
1615 4019 1784 4082 θείαις

197 4115 473 4189 Γραφαϊς·
506 4115 740 4186 μάλιστα
764 4113 822 4166 δὲ
849 4112 924 4183 τῷ
953 4111 1150 4182 Θωμᾷ,
1182 4111 1270 4176 ὃς,
1306 4111 1444 4181 μετὰ
1467 4110 1528 4164 τὸ
1563 4112 1689 4165 ἰδεῖν
1727 4112 1784 4164 ὲν

196 4204 352 4275 αὐτῷ
366 4207 489 4268 τοὺς
499 4205 607 4256 τῶν
628 4203 772 4274 ἥλων
789 4203 1009 4266 τύπους,
1025 4203 1218 4273 ἀνεὸόη
1227 4219 1316 4256 σεν
1335 4221 1346 4232 ·
1365 4204 1428 4255 '0
1444 4202 1655 4272 Κύριός
1665 4219 1782 4272 μου

197 4297 299 4352 καὶ
320 4299 351 4350 ό
369 4297 512 4361 Θεός
519 4313 636 4364 μου
656 4294 788 4366 (60).
807 4295 938 4357 Θεὸς
962 4294 1068 4366 γὰρ
1083 4296 1176 4348 καὶ
1191 4294 1395 4365 Κύριος
1413 4294 1512 4364 τῆς
1527 4293 1685 4364 δόξης
1707 4292 1782 4346 ὢν

1891 450 1983 514 sit,
1998 447 2236 505 Trinitas
2253 466 2315 504 ex
2335 450 2575 520 ipsorum
2596 451 2861 505 sententia
2878 451 3215 520 quaternitas
3229 453 3347 506 erit.
3363 449 3464 506 Ne-
3545 460 3555 474 ‘

1893 557 1998 610 que
2020 541 2162 596 enim
2186 557 2334 608 vera,
2353 557 2416 595 ac
2433 557 2558 596 vere
2589 541 2823 611 perfecta
2841 550 2895 596 et
2913 543 3258 598 indivisibilis
3283 541 3436 598 Ti'ini

1891 643 1974 688 tas
1988 633 2354 688 accessionem
2380 633 2614 689 admittit
2631 653 2644 689 :
2661 635 2751 690 sed
2768 635 2856 688 illa
2873 637 3156 699 duntaxat,
3175 652 3336 706 quam
3358 636 3461 706 ipsi

1891 725 2187 780 commenti
2213 733 2360 780 sunt.
2389 724 2450 778 Et
2475 726 2591 795 qui,
2629 727 2846 790 amabo,
2882 726 3179 782 Christiani
3207 737 3335 784 sunt
3362 727 3458 799 qui

1891 816 2055 871 alium
2112 815 2308 882 Deum,
2357 826 2548 886 praeter
2581 833 2705 872 eum
2741 819 2834 888 qui
2874 835 3063 875 revera
3091 830 3193 888 est,
3229 821 3461 876 commi-

1891 906 2218 963 niscuntur?
2245 907 2442 962 lterum
2477 910 2530 964 in
2561 909 2734 964 altero
2764 911 2978 966 illorum
3017 912 3352 981 sophismate
3375 912 3462 967 in-

1890 1008 2102 1069 gentem
2135 1000 2416 1055 stultitiam
2442 1001 2844 1071 deprehendere
2873 1003 3036 1058 licet:
3065 1004 3110 1059 si
3137 1005 3280 1075 quod
3313 1003 3461 1060 Scri-

1890 1105 2064 1161 pturae
2094 1092 2300 1156 dicant,
2325 1108 2525 1162 corpus
2555 1092 2854 1148 Saluatoris
2876 1109 2938 1148 ex
2974 1093 3141 1149 Maria
3172 1105 3228 1150 et
3265 1096 3462 1152 burna-

1891 1200 2021 1238 num
2055 1200 2196 1249 esse,
2253 1185 2379 1240 ideo
2416 1201 2514 1255 pro
2567 1184 2832 1240 Trinitate
2883 1188 3305 1256 quaternitatem
3350 1189 3461 1244 dici

1891 1277 2225 1342 existimant,
2258 1278 2413 1346 quasi
2455 1279 2698 1333 accessio
2727 1279 2972 1348 quadam
3019 1296 3084 1334 ex
3117 1295 3344 1350 corpore
3375 1281 3459 1336 fa-

1888 1378 1976 1423 cta
2025 1369 2137 1436 sit;
2176 1370 2403 1424 multum
2451 1370 2878 1436 hallucinantur,
2923 1371 3053 1426 dum
3098 1387 3212 1425 rem
3259 1372 3458 1427 factam

1890 1461 2087 1514 factori
2135 1470 2443 1531 exaequant,
2497 1471 2554 1517 et
2602 1463 2938 1518 arbitrantur
2995 1479 3155 1534 posse
3201 1464 3460 1521 deitatem

1889 1552 2258 1607 accessionem
2289 1554 2619 1608 admittere:
2674 1555 3034 1626 ignorantque
3084 1573 3191 1611 non
3240 1566 3460 1628 prapter

1892 1652 2241 1712 augmentum
2271 1643 2486 1699 deitatis
2516 1643 2753 1699 Verbum
2793 1662 3012 1702 carnem
3064 1647 3268 1703 factum
3315 1665 3457 1716 esse,

1891 1735 1984 1791 sed
2016 1744 2074 1789 ut
2099 1743 2225 1790 caro
2259 1746 2600 1807 resurgeret:
2633 1753 2807 1807 neque
2842 1749 2898 1792 ut
2939 1741 3288 1809 praestantius
3331 1743 3458 1798 red-

1888 1825 2106 1879 deretur
2132 1824 2393 1889 Verbum,
2424 1843 2491 1881 ex
2521 1825 2690 1882 Maria
2723 1829 3008 1898 prodiisse,
3047 1830 3144 1884 sed
3176 1840 3235 1886 ut
3263 1831 3460 1888 huma-

1887 1932 2018 1971 num
2045 1933 2216 1988 genus
2255 1917 2561 1974 redimeret.
2589 1918 2700 1973 Cur
2725 1935 2857 1988 ergo
2883 1921 3222 1988 existimant,
3255 1938 3457 1992 corpus

1885 2023 1916 2062 a
1953 2006 2126 2063 Verbo
2179 2009 2513 2078 redemptum
2557 2018 2611 2065 et
2659 2010 3010 2075 viviticatum,
3070 2010 3249 2067 Verbo
3288 2014 3456 2068 viviti-

1885 2099 2033 2154 canti
2088 2101 2154 2154 ad
2199 2101 2453 2155 deitatem
2498 2102 2893 2158 incrementum
2932 2104 3151 2174 aliquod
3206 2105 3454 2162 addere?

1885 2188 2020 2245 Nam
2047 2193 2227 2261 potius
2256 2192 2496 2247 humano
2524 2194 2859 2264 corporiyex
2877 2195 3036 2251 Verbi
3069 2184 3456 2257 communione

1883 2291 1938 2337 et
1966 2283 2367 2353 conjunctione,
2400 2284 2591 2354 ingens
2617 2285 2758 2340 facta
2789 2297 2872 2342 est
2898 2289 3137 2345 accessio
3163 2308 3176 2344 :
3209 2306 3275 2345 ex
3303 2307 3454 2346 mor-

1882 2375 1976 2429 tali
2009 2375 2154 2429 enim
2185 2375 2386 2430 factum
2427 2385 2512 2431 est
2555 2376 2883 2442 immortale,
2937 2388 2992 2434 et
3039 2395 3163 2436 cum
3218 2383 3456 2440 animale

1883 2473 2051 2530 esset,
2075 2464 2276 2518 factum
2309 2476 2390 2520 est
2421 2465 2972 2539 spirituale,cumqne
2987 2486 3054 2525 ex
3079 2480 3221 2527 terra
3251 2473 3452 2531 factum

1881 2561 2046 2617 esset,
2083 2555 2330 2609 cmlestes
2374 2564 2563 2623 portas
2592 2559 2915 2625 penetravit.
2965 2557 3137 2616 Porro
3192 2559 3454 2632 Trinitas,

1881 2646 2044 2700 etiam
2091 2644 2264 2699 Verbo
2317 2661 2384 2701 ex
2432 2645 2600 2701 Maria
2645 2663 2844 2717 corpus
2894 2658 3162 2717 sumente,
3216 2650 3457 2710 Trinitas

1882 2752 2099 2806 semper
2131 2746 2236 2802 est,
2292 2752 2466 2806 neque
2514 2737 2886 2793 accessionem
2921 2740 3235 2809 admittens,
3277 2760 3457 2815 neque

1882 2828 2338 2894 diminutionem;
2369 2828 2464 2884 sed
2497 2827 2736 2900 perfecta
2770 2845 2985 2901 semper
3018 2840 3120 2898 est,
3163 2842 3216 2888 et
3247 2834 3299 2888 in
3333 2831 3455 2890 Tri-

1883 2921 2053 2975 nitate
2092 2935 2201 2975 una
2263 2921 2436 2976 deitas
2497 2921 2830 2992 agnoscitur,
2897 2931 2952 2977 et
2987 2923 3068 2980 sic
3123 2941 3267 2982 unus
3309 2926 3455 2987 Deus

1808 3052 1851 3112 ϐ
1886 3011 2048 3066 Verbi
2075 3011 2234 3066 Pater
2265 3011 2321 3066 in
2361 3011 2604 3067 Ecclesia
2635 3013 2981 3083 praedicatur.

1957 3104 2120 3175 726
2151 3103 2234 3159 l0.
2285 3102 2486 3160 Eadem
2531 3114 2714 3161 autem
2761 3107 2972 3162 ratione
3027 3108 3064 3163 ii
3093 3125 3312 3181 quoque
3336 3111 3453 3183 jam

1883 3195 2121 3251 silebunt
2157 3195 2252 3265 qui
2311 3196 2605 3266 aliquando
2657 3198 2842 3253 dixere
2885 3213 3008 3254 eum
3039 3202 3131 3272 qui
3174 3219 3237 3258 ex
3286 3203 3454 3260 Maria

1882 3291 2106 3358 prodiit,
2157 3307 2258 3348 nec
2304 3291 2607 3360 Christum,
2665 3308 2766 3349 nec
2823 3292 3110 3350 Dominum
3157 3298 3242 3352 vel
3281 3297 3453 3354 Deum

1881 3397 2022 3437 esse.
2049 3383 2107 3438 Si
2142 3384 2288 3438 enim
2325 3383 2469 3439 Deus
2508 3383 2562 3438 in
2596 3399 2827 3454 corpore
2855 3401 2961 3441 non
2996 3396 3134 3455 erat,
3177 3391 3454 3458 quomodo

1884 3469 2069 3523 statim
2101 3479 2262 3539 atque
2293 3487 2356 3525 ex
2389 3471 2556 3526 Maria
2597 3474 2819 3542 prodiit,
2850 3485 3076 3532 vocatus
3107 3487 3190 3533 est
3233 3477 3454 3534 Emma-

1884 3561 2024 3628 nuel,
2054 3561 2192 3630 quod
2213 3571 2292 3616 est
2315 3563 2739 3634 interpretatum,
2771 3567 3042 3622 nobiscum
3068 3567 3208 3624 Deus
3227 3569 3316 3624 "1’
3345 3573 3455 3628 Cur
3501 3611 3505 3616 ι

1885 3651 2014 3704 item
2049 3650 2272 3718 Paulus,
2303 3653 2349 3709 si
2382 3653 2618 3710 Verbum
2645 3657 2699 3711 in
2737 3673 2903 3714 carne
2938 3674 3048 3714 non
3082 3670 3219 3729 erat,
3255 3661 3456 3719 Roma-

1884 3743 1970 3797 nis
2000 3742 2218 3811 scripsit
2243 3763 2254 3798 :
2300 3743 2382 3796 Ex
2410 3747 2597 3815 quibus
2634 3760 2710 3802 est
2736 3747 2976 3804 Christus
3007 3753 3295 3808 secundum
3325 3771 3450 3810 car-

1882 3848 2020 3896 nem,
2052 3834 2141 3902 qui
2169 3843 2243 3887 est
2269 3851 2422 3903 super
2447 3837 2623 3889 omnia
2663 3837 2802 3894 Deus
2834 3839 3132 3896 benedictus
3154 3845 3208 3898 in
3235 3847 3454 3912 sarcula,

1885 3939 2035 3976 amen
2061 3924 2131 3978 ".
2159 3923 2500 3995 Quapropter
2532 3930 2626 3997 qui
2663 3931 2816 3999 prius
2863 3933 3153 4003 negabant,
3186 3951 3312 3990 eum
3358 3938 3456 4009 qui

1886 4017 2181 4073 crucifixus
2211 4027 2295 4073 est
2323 4035 2446 4075 esse
2484 4019 2676 4088 Deum,
2706 4039 2763 4079 se
2787 4039 3002 4080 errasse
3048 4025 3342 4095 fateantur,
3389 4045 3455 4087 ac

1883 4109 2084 4166 divinis
2115 4111 2368 4165 omnibus
2399 4112 2697 4183 Scripturis
2744 4116 2902 4171 fidem
2941 4117 3195 4185 habeant,
3228 4119 3455 4178 Thomas

1885 4199 2253 4268 potissimum,
2285 4203 2378 4271 qui
2408 4219 2530 4258 cum
2572 4206 2625 4258 in
2658 4206 2748 4260 illo
2775 4207 3054 4263 clavorum
3074 4212 3301 4282 vestigia
3323 4228 3454 4268 con-

1885 4294 2172 4359 spexisset,
2191 4295 2516 4351 exclamavit
2535 4311 2546 4346 :
2574 4297 2826 4354 Dominus
2844 4317 2985 4354 meus
3001 4311 3051 4356 et
3071 4301 3209 4356 Deus
3226 4321 3368 4359 meus
3383 4306 3452 4363 ⁷⁸.

195 4389 227 4441 ὁ
243 4387 394 4451 Υἱὸς,
414 4383 481 4458 ἦν
499 4388 555 4440 ὲν
573 4385 651 4456 τῷ
668 4385 867 4450 ἀδόξως
885 4386 1120 4457 καθηλου
1129 4386 1272 4456 μένῳ
1292 4386 1384 4439 καὶ
1396 4384 1775 4455 ἀτιμαζομένῳ

1891 4378 2062 4436 Filius
2102 4383 2270 4445 enim,
2313 4383 2454 4441 Deus
2505 4395 2558 4440 et
2592 4385 2854 4444 Dominus
2899 4389 3086 4458 gloria:
3115 4408 3238 4446 cum
3287 4403 3452 4457 esset,

198 4479 417 4550 σώματι
441 4497 454 4510 ·
485 4479 546 4531 τὸ
571 4478 627 4530 δὲ
667 4476 826 4548 σῶμα
865 4477 973 4547 (61)
1004 4480 1208 4547 ἔπασχε
1237 4477 1335 4547 μὲν
1367 4476 1688 4546 νυττόμενον
1721 4475 1778 4528 ὲν

195 4572 278 4643 τῷ
313 4569 470 4641 ξύλῳ,
506 4571 600 4623 καὶ
642 4568 828 4640 ἔρρεεν
858 4569 966 4622 ἀπὸ
1008 4568 1107 4639 τῆς
1146 4566 1336 4620 τούτου
1370 4567 1611 4638 πλευρᾶς
1639 4561 1778 4636 αἷμα

275 4720 326 4752 ⁷⁸
357 4719 545 4776 Matth.
576 4737 618 4786 ι,
647 4677 824 4777 25."'
851 4719 1009 4776 Rom.
1038 4737 1113 4788 ιιι,
1148 4722 1200 4776 5.
1277 4722 1322 4753 "
1345 4720 1503 4777 Joan.
1534 4739 1626 4788 xx,
1662 4721 1756 4776 ‘28.

273 4876 388 5000 (55)
415 4875 637 4945 Seguer.
673 4874 890 4930 Goblet'.
914 4877 1058 4932 Felc.
1094 4878 1148 4941 1,
1186 4877 1336 4930 ἔσται
1366 4879 1486 4930 κατ’
1513 4877 1712 4942 αὐτοὺς
1739 4879 1773 4949 ή

199 4946 276 5017 ἀγ
299 4966 332 4999 α
364 4945 533 5017 Τριὰς
559 4963 670 4999 τετ.

274 4965 332 5000 'ta
366 4965 397 4999 ⁷1
451 4965 533 4999 ια·
559 4965 670 4999 τετ.

274 5017 385 5090 (51)
405 4965 745 5090 gicinaxima
761 5035 888 5090 pars
904 5033 1035 5090 mss.
1055 5019 1112 5069 ln
1131 5017 1202 5070 al.
1224 5031 1351 5090 vero
1366 5017 1516 5071 eted.
1545 5019 1592 5090 gi
1609 5018 1778 5090 deest.

276 5086 390 5158 (55)
425 5087 630 5156 Πολλήν
688 5086 837 5144 deest
867 5090 922 5142 in
952 5087 1176 5158 Seguer.
1219 5086 1435 5158 Gobler.
1458 5101 1520 5158 et
1546 5086 1691 5158 Felg.
1725 5089 1778 5142 l.

202 5155 329 5212 Mox
355 5155 668 5228 Goblerian.
698 5169 751 5214 et
795 5160 938 5213 Felc.
974 5159 996 5210 1
1030 5155 1049 5223 ζ
1078 5156 1129 5220 5,
1145 5156 1409 5228 -καθορᾷν
1441 5155 1474 5226 ἢ
1505 5157 1613 5210 διά.
1648 5156 1780 5226 Epi-

200 5231 403 5354 διπηηὲ
426 5230 474 5280 εί
502 5227 702 5350 δξὲδιά.
732 5229 903 5286 Porro
939 5230 1051 5283 haec
1078 5243 1108 5282 a
1143 5225 1484 5282 Theodoreto
1519 5225 1778 5294 citantur,

242 5314 292 5352 ia
324 5338 333 5346 .
408 5336 423 5359 ,
453 5313 505 5363 p.
610 5337 623 5351 .

274 5368 389 5434 (56)
420 5365 706 5436 Epiphan.,
737 5369 812 5432 ὡς
839 5387 880 5421 π
915 5367 1152 5438 οσθήκης
1179 5366 1475 5438 λεγομένης
1503 5364 1564 5418 τὸ
1595 5366 1672 5438 σῷ
1720 5384 1777 5420 α.
1882 5379 1917 5433 p

278 5437 392 5491 (57)
423 5436 512 5490 Sir.
551 5436 814 5491 Eninhan.
851 5387 1055 5491 'lPheod.
1097 5439 1306 5491 Anglic.
1355 5437 1576 5491 Seaucr.
1615 5385 1779 5491 Ειίίιὶ.

1699 5454 1779 5501 ιιι,

278 5437 393 5508 (57)
423 5436 512 5490 Sir.
551 5436 814 5508 Epiphan.
851 5436 1055 5508 Theod.
1096 5439 1327 5508 Anglic.
1355 5436 1576 5508 Segucr.

201 5505 753 5579 λυτρούμενονξΜοχ,
779 5508 855 5579 τῷ
877 5507 1267 5579 ζωοποιήσαντι
1299 5505 1526 5579 deesijn
1555 5505 1777 5579 Seguer.

203 5575 582 5650 Theodoretus
602 5580 625 5650 ἐκ
649 5579 733 5650 τῷν
769 5575 1362 5650 ζωοποιήσαντι-Λόγῳ.
1391 5576 1547 5650 lnl‘ra_
1566 5575 1780 5650 σῴματι

203 5647 361 5702 deest
389 5647 442 5701 in
477 5645 778 5716 Epiphanio
815 5659 868 5702 et
896 5645 1118 5718 Seg'uer.
1141 5645 1328 5718 raqu
1359 5657 1482 5718 post
1514 5645 1778 5702 Basilien-

527 5719 794 5780 Ρηιιοι..
827 5720 944 5781 Gn.
977 5717 1210 5779 XXV].

1890 4481 2008 4527 erat
2034 4482 2213 4528 tamen
2239 4475 2292 4528 in
2326 4490 2553 4544 corpore
2582 4477 2940 4547 ignominiose
2973 4481 3140 4538 clavis
3173 4483 3352 4551 allixo,
3401 4492 3455 4538 et

1883 4565 2233 4620 contumeliis
2267 4565 2479 4622 aﬂ‘ecto.
2509 4566 2722 4638 Corpus
2752 4581 2932 4627 autem
2962 4572 3018 4628 in
3049 4571 3198 4643 ligno
3233 4576 3454 4648 quidem

1883 4870 1978 4930 sis.
2011 4870 2147 4937 πρὸς
2171 4869 2350 4923 αὐτόν.

1952 4939 2064 5015 (ξξ)
2098 4939 2312 5015 gobler.
2344 4938 2486 5015 Fele.
2523 4940 2572 5005 l,
2601 4940 3141 5015 διπηιλύπερέση.

1954 5008 2068 5076 (59)
2098 5008 2187 5065 Sic
2223 5025 2414 5064 omnes
2459 5009 2571 5066 fere
2614 5008 2746 5068 mss.
2781 5011 2918 5066 Editi
2953 5008 3226 5077 vero,'éni
3251 5015 3448 5073 πάντα.

1884 5080 2028 5158 intra
2066 5079 2286 5158 Gobler.
2325 5079 2579 5158 Feleltm;
2615 5082 2927 5158 1,_Seguer.
2951 5121 2965 5145 ,
2997 5083 3102 5158 ea:
3122 5087 3449 5158 €_V_6‘W.UQ(E).

1881 5151 2026 5212 Mox,
2055 5151 2256 5222 πάσαις
2289 5152 2407 5214 ταῖς
2440 5150 2490 5205 Θ.
2526 5149 2616 5207 Sic
2656 5149 3037 5217 Goblerianus,
3062 5151 3244 5222 Felck.
3272 5159 3323 5222 1,
3352 5149 3453 5212 Si:-

1882 5237 2028 5291 gner.
2053 5219 2356 5291 Nicephor.
2428 5289 2439 5291 _
2953 5290 2960 5291 ί
3104 5219 3112 5233 ‘

1954 5292 2070 5414 (16a),
2094 5289 2280 5342 Exstat
2313 5289 2398 5344 hic
2427 5289 2579 5345 locus
2608 5291 2750 5361 apud
2779 5290 3204 5362 Theodorotum,
3236 5294 3368 5352 dial.
3395 5297 3452 5366 5,

1953 5432 2063 5500 (6|)
2099 5429 2189 5484 Sic
2232 5427 2496 5500 Epiphan.
2542 5428 2811 5488 Theodor.
2856 5434 3074 5490 Gobler.
3123 5432 3360 5490 Felekm.
3399 5436 3452 5495 1.

1885 5499 2199 5570 Seguerian.
2234 5499 2394 5571 Etliti,
2437 5499 2495 5553 τὸ
2527 5500 2597 5571 -δὲ
2632 5500 2790 5571 σῶμα
2827 5505 2918 5558 τοῦ
2959 5506 3113 5560 θεοῦ,
3165 5505 3309 5561 [una
3353 5504 3454 5558 se.

1883 5569 2058 5640 guer.,
2085 5569 2378 5648 τυγχάνον,
2411 5569 2870 5645 πεπληρωμένον,
2899 5586 3066 5634 recte.
3093 5576 3226 5643 Alii,
3250 5574 3457 5648 τυγχά-

1881 5639 2009 5710 νων,
2037 5639 2482 5712 πεπληρωμένος.

3089 5718 3164 5778 3's
