3810 6228
379 218 519 278 1037

950 217 1008 272 S.
1050 218 1428 274 ATIIANASII
1468 218 1622 277 OPP,
1663 216 1843 272 PARS
1885 217 1923 272 I.
1964 249 2034 258 —
2069 217 2440 275 lllSTORICA
2481 221 2566 274 ET
2608 219 3029 279 DOGMATICA.

3513 180 3662 279 {eos

378 332 694 390 vulneribus
721 337 1035 388 contossum
1067 335 1397 403 patiebatur,
1438 344 1490 389 et
1521 335 1589 388 ab
1629 333 1750 401 ejus
1783 333 1944 387 latere

2093 337 2146 388 αἱ
2182 336 2325 406 ὕδωρ
2343 355 2359 370 ο
2384 338 2509 402 ναὸς
2541 338 2598 392 δὲ
2626 338 2719 392 τοῦ
2742 340 2918 408 Λόγου
2952 339 3241 408 τυγχάνον,
3275 338 3658 412 πεπληρωμέ-

376 427 600 498 sanguis
628 433 682 480 et
708 440 848 494 aqua
873 427 1147 480 manabat.
1175 427 1312 482 Cum
1349 436 1528 481 autem
1562 425 1652 479 Dei
1689 425 1951 494 templum

374 526 538 582 esset,
565 517 767 572 deitate
799 518 1065 587 repletum
1097 528 1235 572 erat.
1288 519 1556 585 Quocirca
1597 517 1679 572 sol
1731 517 1952 586 quidem

375 625 499 663 cum
529 610 840 664 Creatorem
872 625 1032 663 suum
1075 611 1128 662 in
1162 624 1391 680 corpore
1441 608 1788 665 contumeliis
1825 607 1954 662 aﬂ‘e—

375 709 463 752 cto
497 698 818 752 tolerantem
857 697 1082 758 videret,
1108 697 1292 751 radios
1319 695 1614 757 contraxit,
1645 704 1954 762 terramque

377 790 612 844 tenebris
645 789 858 844 oﬂ‘udit.
901 791 1086 859 Ipsum
1121 804 1250 843 vero
1292 803 1495 858 corpus
1527 796 1720 842 natura
1754 785 1951 856 praedi-

375 889 488 936 tum
520 882 756 948 mortali,
792 897 959 951 supra
994 897 1150 937 suam
1179 889 1430 934 naturam
1461 891 1678 949 propter
1711 878 1951 933 Verbum

373 975 520 1045 quod
573 977 627 1029 in
670 975 791 1045 ipso
838 983 974 1038 erat,
1008 974 1356 1027 resurrexit:
1415 982 1468 1027 et
1501 973 1685 1026 amisit
1731 971 1952 1042 quidem

374 1069 678 1122 naturalem
730 1083 884 1122 suam
930 1066 1487 1135 corruptibilitatem:
1525 1066 1715 1119 induto
1768 1073 1949 1118 autem

371 1159 518 1227 quod
550 1173 715 1226 supra
748 1157 1026 1212 hominem
1055 1165 1170 1211 erat
1197 1155 1397 1220 Verbo,
1431 1155 1841 1226 iucorruptibile
1868 1153 1951 1208 fa-

371 1257 521 1302 ctum
551 1257 651 1302 CSI.

446 1337 531 1391 11.
568 1337 723 1402 Quod
754 1350 888 1390 vero
936 1335 1184 1389 nonnulli
1234 1334 1730 1390 comminiscuntur
1772 1342 1826 1387 et
1867 1333 1954 1386 di-

371 1439 538 1484 cunt:
566 1429 1028 1498 quemadmodum
1057 1429 1109 1482 in
1135 1428 1381 1497 singulos
1405 1426 1693 1497 prophetas
1712 1423 1948 1480 Verbum

371 1521 613 1587 advenit,
650 1521 722 1574 ita
750 1535 971 1590 quoque
1009 1521 1061 1573 in
1094 1519 1386 1588 quemdam
1438 1516 1951 1572 hominem'blarire

368 1612 567 1669 Filium
593 1613 830 1677 venisse,
870 1612 1063 1666 inutile
1097 1619 1182 1666 est
1213 1610 1458 1681 agitare;
1489 1625 1613 1665 cum
1644 1624 1836 1666 eorum
1866 1609 1951 1662 in-

2057 444 2143 480 νον
2169 423 2236 498 ἦν
2288 428 2387 499 τῆς
2435 428 2705 496 θεότητος.
2738 429 2835 482 Διὰ
2876 429 3037 482 τοῦτο
3065 428 3196 497 γοῦν
3245 432 3273 483 6
3323 431 3422 500 μὲν
3476 432 3658 502 ἥλιος,

2055 519 2196 590 ὁρῶν
2222 519 2312 572 τόν
2357 520 2685 592 δημιουργὸν
2718 521 2912 574 ἑαυτοῦ
2944 521 3055 592 (62)
3093 523 3150 574 ὲν
3187 521 3268 592 τῷ
3306 522 3660 596 ὑϐριζομένῳ

2057 609 2265 681 σώματι
2315 611 2674 680 ἀνεχόμενον,
2725 610 2826 674 τὰς
2877 612 3101 674 ἀκτῖνας
3150 613 3458 666 συνέστειλε
3485 653 3500 676 ,
3561 615 3660 667 καὶ.

2054 702 2297 754 ὲσκότισε
2326 703 2422 772 τὴν
2445 702 2549 772 γῆν
2573 718 2587 731 °
2624 701 2756 756 αὐτὸ
2781 701 2839 753 δὲ
2865 701 2927 754 τὸ
2956 701 3137 772 σῶμα,
3174 702 3336 771 φύσιν
3359 703 3488 773 ἔχον
3526 704 3660 773 θνη-

2053 796 2173 868 τὴν,
2210 797 2347 865 ὑπὲρ
2371 795 2467 866 τὴν
2504 794 2695 848 ἑαυτοῦ
2736 794 2897 864 φύσιν
2924 795 3122 866 ἀνέστη
3161 795 3248 848 διὰ
3277 796 3370 848 τὸν
3413 798 3474 848 ἐν
3502 797 3657 866 αὐτῷ

2053 890 2223 956 Λόγον
2243 907 2256 919 ·
2289 889 2382 940 καὶ
2399 887 2673 942 πέπαυται
2698 885 2797 956 μὲν
2818 886 2916 956 τῆς
2930 886 3072 938 κατὰ
3090 885 3251 955 φύσιν
3268 885 3482 959 φθορᾶς
3501 886 3613 955 (6⁸5)
3630 905 3649 917 ·

2054 980 2414 1049 ὲνδυσάμενον
2440 979 2498 1032 δὲ
2533 977 2626 1031 τὸν
2673 976 2815 1047 ὑπὲρ
2861 977 3146 1048 ἄνθρωπον
3182 979 3354 1047 Λόγον
3378 1021 3394 1046 ,
3425 978 3655 1048 γέγονεν

2053 1065 2348 1137 ἄφθαρτον.

2125 1335 2210 1388 11.
2246 1335 2384 1406 Περὶ
2412 1335 2467 1388 δὲ
2500 1333 2592 1387 τοῦ
2622 1335 2990 1404 φαντάζεσθαι
3019 1353 3172 1400 τινας
3192 1339 3286 1389 καὶ
3318 1335 3648 1404 λέγειν,ὃτι.

2051 1425 2240 1497 ῶσπερ
2270 1428 2355 1494 ἐφ’
2397 1427 2626 1480 ἕκαστον
2657 1426 2767 1496 (61)
2800 1423 2907 1480 τῶν
2942 1427 3236 1498 προφητῶν
3269 1428 3487 1496 ἐγίνετο
3507 1469 3523 1493 ,
3561 1429 3655 1481 οὓς

2052 1537 2128 1572 τω
2169 1519 2264 1572 καὶ
2293 1519 2386 1572 ἐπὶ
2431 1519 2527 1571 ἕνα
2557 1519 2681 1571 τινὰ
2720 1518 3007 1591 ἄνθρωπον
3051 1522 3115 1573 ἐκ
3163 1521 3384 1591 Μαρίας
3424 1516 3591 1592 ἦλθεν
3618 1525 3650 1575 6

2053 1614 2242 1682 Λόγος,
2295 1613 2548 1684 περιττόν
2587 1613 2704 1666 ἐστι
2766 1614 3098 1684 γυμνάζειν,
3133 1613 3373 1686 φανερὰν
3411 1614 3654 1686 ἐχούσης

369 1703 525 1758 sauia
571 1702 917 1758 manifestam
951 1703 1039 1757 sui
1091 1701 1522 1757 confutationem
1554 1718 1665 1772 pra:
1697 1717 1757 1757 se
1789 1700 1944 1756 ferat.

2093 1680 2149 1776 ἧς
2176 1680 2383 1774 μανίας-
2399 1704 2514 1774 (65)
2541 1704 2721 1758 αὐτῶν
2744 1680 3226 1775 τήννκατάγνωσιν.
3251 1680 3314 1758 Ei
3335 1680 3454 1777 γὰρ
3466 1680 3654 1769 οὕτως

370 1795 426 1849 Si
461 1810 695 1864 namque
729 1795 964 1849 Ver-bum
1019 1795 1094 1850 ita
1135 1795 1372 1858 advenit,
1403 1810 1502 1848 cur
1553 1795 1643 1849 hic
1691 1793 1854 1848 homo
1881 1807 1947 1847 ex

367 1885 614 1955 Virgine,
643 1894 696 1939 et
732 1900 839 1939 non
871 1901 936 1940 ex
959 1886 1079 1940 viro
1108 1895 1162 1940 et
1186 1885 1412 1940 muliere
1442 1885 1558 1955 ipse
1585 1899 1806 1955 quoque
1829 1900 1949 1954 pro-

366 1976 516 2030 diit?
547 1977 628 2030 sic
659 1977 804 2030 enim
844 1977 1080 2046 quisque
1109 1986 1427 2031 sanctorum
1463 1977 1678 2046 genitus
1711 1983 1814 2030 est.
1842 1975 1949 2028 Aut

365 2084 485 2134 cur,
525 2069 570 2123 si
605 2067 837 2123 Verbum
863 2071 936 2124 ita
977 2069 1206 2133 venerit,
1239 2069 1508 2138 cujusque
1541 2084 1692 2124 mors
1723 2084 1831 2122 non
1865 2068 1942 2121 di-

366 2161 510 2217 citur
540 2176 640 2230 pro
672 2161 830 2216 nobis
861 2161 1116 2227 tolerata,
1145 2162 1238 2216 sed
1282 2161 1428 2215 illius
1459 2169 1670 2214 tantum
1696 2160 1719 2212 ?
1764 2159 1946 2225 Quare

365 2253 497 2306 item
522 2268 646 2307 cum
677 2255 743 2307 ad
781 2253 1026 2324 singulos
1052 2254 1348 2322 prophetas
1373 2252 1610 2306 Verbqu
1639 2252 1942 2317 advenerit,

363 2345 565 2400 dicitur
589 2355 767 2400 tamen
797 2345 865 2400 ad
897 2345 1080 2400 solum
1107 2345 1291 2398 Mariae
1315 2343 1514 2397 Filium
1546 2342 1712 2396 semel
1737 2341 1788 2394 in
1813 2356 1945 2396 con-

365 2437 731 2492 summatione
762 2439 1090 2492 saeculorum
1115 2435 1446 2491 advenisse?
1487 2435 1594 2489 Aut
1627 2450 1725 2488 cur
1765 2433 1944 2488 Verbo

366 2532 442 2585 ita
463 2531 733 2595 veniente,
762 2538 824 2584 ut
864 2538 1090 2584 venerat
1141 2529 1195 2582 in
1241 2537 1458 2582 sanctos
1493 2527 1616 2582 illos
1646 2526 1741 2596 qui
1790 2526 1942 2596 prius

362 2622 706 2686 exstiterant,
755 2621 847 2674 alii
895 2607 1116 2690 quidem
1152 2633 1341 2673 omnes
1389 2617 1594 2672 mortui
1637 2631 1761 2671 cum
1809 2617 1940 2682 sint,

363 2715 603 2771 nondum
659 2721 1107 2774 resurrexerunt,
1156 2712 1308 2766 solus
1356 2724 1485 2764 vero
1533 2708 1713 2763 Maria:
1771 2707 1942 2762 Filius

361 2815 489 2877 post
527 2805 770 2860 triduum
829 2803 1172 2858 resurrexit?
1220 2802 1329 2855 Aut
1372 2815 1543 2870 quare
1597 2815 1724 2854 cum
1775 2797 1940 2852 simili

363 2897 528 2954 modo
553 2897 620 2951 ad
643 2897 781 2951 alios
813 2895 1050 2950 Verbum
1099 2893 1330 2957 venerit,
1364 2892 1515 2947 solus
1547 2890 1731 2945 Marim
1768 2890 1941 2945 Filius

2047 1792 2177 1866 ἦλθε
2199 1835 2213 1858 ,
2243 1795 2331 1848 διὰ
2364 1795 2416 1848 τί
2447 1788 2603 1858 οὗτος
2652 1795 2717 1847 ἐκ
2752 1793 3059 1865 Παρθένου,
3098 1795 3190 1848 καὶ
3234 1794 3308 1865 μὴ
3343 1796 3446 1848 καί⁹
3483 1795 3651 1859 αὐτὸς

2048 1889 2108 1953 ἐξ
2136 1888 2324 1960 ἀνδρὸς
2356 1889 2449 1940 καὶ
2474 1887 2764 1957 γυναικός;
2794 1887 2980 1950 Οὕτως
3012 1887 3120 1959 γὰρ
3141 1888 3234 1941 καὶ
3266 1886 3504 1950 ἕκαστος
3537 1888 3649 1940 τῶν

2047 1980 2216 2048 ἁγίων
2233 1979 2516 2049 ἐγεννήθη.
2552 1980 2622 2031 Ἦ
2647 1979 2735 2032 διὰ
2763 1979 2834 2043 τί,
2860 1979 3032 2042 οὕτως
3049 1979 3296 2042 ἐλθόντος
3325 1979 3422 2032 τοῦ
3442 1981 3645 2047 Λόγου,

2047 2073 2144 2142 οὐχ
2173 2074 2202 2125 6
2227 2071 2460 2124 ἑκάστου
2509 2071 2739 2134 θάνατος
2780 2071 2997 2139 λέγεται
3038 2071 3177 2144 ὑπὲρ
3206 2070 3364 2140 ἡμῶν
3405 2072 3643 2141 γεγενῆ-

2049 2163 2192 2226 σθαι,
2227 2162 2339 2216 ἀλλ’
2367 2165 2395 2215 6
2437 2163 2628 2216 τούτου
2679 2162 2874 2232 μόνος;
2923 2161 3020 2214 Διά
3053 2163 3104 2214 τί
3132 2161 3210 2224 δὲ,
3249 2162 3371 2215 καθ’
3407 2164 3647 2216 ἕκαστον

2044 2256 2151 2308 τῶν
2183 2255 2476 2326 προφητῶν
2523 2255 2913 2326 ἐπιδημοῦντος
2949 2255 3042 2308 τοῦ
3076 2256 3275 2322 Λόγου,
3326 2255 3516 2322 λέγετε
3549 2255 3647 2309 ἐπὶ
3747 2262 3756 2272 ”

2048 2347 2209 2417 μόνου
2242 2347 2336 2400 τοῦ
2373 2348 2435 2398 ὲκ
2463 2345 2716 2416 Μαρίας,
2755 2345 2830 2408 ὠς
2873 2345 3020 2410 ἅπαξ
3068 2345 3159 2398 ἐπὶ
3204 2345 3482 2416 συντελείᾳ
3530 2345 3645 2397 τῶν

2045 2438 2257 2492 αἰώνων
2305 2438 2781 2508 ὲπιδημήσαντος;
2837 2438 2908 2490 Ἢ
2944 2437 3031 2490 διὰ
3078 2437 3148 2499 τί,
3190 2435 3439 2500 ἐλθόντος
3466 2437 3646 2488 αὐτοῦ

2045 2530 2190 2601 (66),
2227 2530 2302 2593 ῶς
2343 2526 2506 2602 ἦλθεν
2556 2531 2613 2582 ὲν
2664 2531 2775 2592 τοῖς
2819 2528 3134 2599 ’ἔμπροσθεν
3178 2529 3392 2597 ἁγίοις.
3439 2530 3486 2582 οί
3539 2529 3648 2599 μὲν

2043 2623 2193 2676 ἄλλοι
2247 2623 2474 2688 πάντες,
2521 2621 2910 2685 ἀποθανόντες,
2964 2625 3115 2676 οὔπω
3147 2623 3469 2693 ἀνέστησαν,
3517 2625 3549 2676 6
3583 2624 3648 2677 δὲ

2043 2715 2108 2767 ὲκ
2157 2715 2376 2785 Μαρίας
2435 2715 2592 2784 μόνος
2652 2713 2761 2783 (67)
2817 2716 3115 2786 τριήμερος
3167 2715 3405 2784 ἁνέστη;
3451 2716 3527 2766 Ἦ
3553 2715 3652 2770 διὰ

2042 2809 2127 2870 τί,
2152 2808 2351 2877 ὁμοίως
2375 2810 2486 2871 τοῖς
2535 2807 2714 2871 ἄλλοις
2746 2806 2988 2872 ἐλθόντος
3035 2807 3126 2862 τοῦ
3174 2809 3377 2876 Λόγου,
3414 2808 3650 2876 λέγεται

2045 2901 2205 2971 μόνος
2231 2900 2259 2952 6
2283 2900 2346 2952 ὲκ
2372 2900 2590 2969 Μαρίας
2629 2899 3000 2971 Ἐμμανουήλ,
3033 2899 3110 2963 ὡς
3144 2898 3395 2970 σώματος
3418 2899 3649 2971 πεπλή-

363 2989 564 3045 dicitur
593 2986 936 3050 Emmanuel,
968 2984 1123 3056 quasi
1151 2999 1354 3054 corpus
1387 2983 1505 3052 ejus
1529 2983 1729 3038 deitate
1771 2981 1944 3052 reple-

2093 2991 2289 3062 »μένου
2314 2991 2587 3062 θεότητος,
2614 2989 2896 3061 τεχθέντος
2923 2991 2984 3055 ἐξ
3008 2990 3211 3060 αὐτῆςς
3246 2991 3318 3044 Τὸ
3349 2990 3454 3062 γὰρ
3501 2992 3651 3062 Ἐμ-

363 3093 480 3138 tum
507 3091 562 3138 et
585 3098 650 3138 ex
695 3082 780 3135 illa
812 3082 1051 3150 genitum
1077 3079 1192 3134 sit?
1227 3077 1362 3132 Nam
1401 3077 1552 3141 illud,
1595 3074 1939 3140 Emmanuel,

365 3175 658 3247 signiﬁcat,
687 3173 979 3227 Nobiscum
1007 3171 1166 3226 Deus.
1193 3170 1290 3224 Vel
1321 3185 1494 3240 quare
1527 3169 1571 3223 si
1605 3169 1678 3221 ita
1713 3167 1940 3231 venerit,

363 3267 646 3338 quodlibet
694 3275 1011 3322 sanctorum
1059 3263 1380 3319 comedente
1414 3270 1468 3316 et
1501 3260 1740 3323 bibente,
1780 3259 1941 3314 labo—

364 3372 520 3416 rante
558 3368 614 3415 et
650 3360 940 3424 moriente,
973 3372 1079 3410 non
1112 3357 1314 3411 dicitur
1344 3354 1523 3424 ipsum
1567 3352 1807 3408 Verbum
1849 3367 1945 3407 co-

365 3453 581 3507 medere
618 3461 671 3506 et
717 3451 922 3516 bibere,
954 3450 1206 3504 laborare
1253 3455 1307 3502 et
1352 3447 1514 3508 mori,
1570 3447 1663 3502 sed
1711 3445 1780 3500 de
1825 3445 1943 3500 solo

364 3545 548 3600 Maria
597 3542 733 3597 Filio
783 3543 858 3598 ita
912 3539 1527 3610 dicitur?Quzecunqne
1551 3539 1696 3592 enim
1742 3552 1941 3606 corpus

365 3636 512 3692 istud
555 3650 779 3706 passum
825 3643 931 3699 est,
977 3634 1091 3688 hzec
1123 3633 1280 3702 quasi
1313 3632 1430 3701 ipso
1473 3629 1710 3700 patiente
1764 3628 1941 3682 Verbo

363 3728 508 3782 dicta
557 3736 705 3781 sunt.
752 3724 977 3779 Etcum
1027 3723 1095 3777 de
1142 3722 1263 3776 aliis
1313 3721 1568 3776 omnibus
1621 3719 1824 3772 dictum
1869 3717 1942 3771 sit

364 3819 650 3882 duntaxat,
675 3815 820 3886 quod
856 3814 1023 3885 geniti
1055 3813 1172 3866 nati
1217 3813 1347 3875 sint,
1384 3811 1451 3864 de
1494 3809 1610 3863 solo
1643 3807 1825 3860 Mariae
1851 3804 1942 3858 Fi-

357 3912 438 3966 ‘lio
461 3911 668 3965 dictum
707 3916 828 3962 est:
859 3905 928 3960 Et
967 3904 1190 3959 Verbum
1214 3920 1336 3956 caro
1368 3904 1569 3971 factum
1598 3911 1672 3954 est
1694 3900 1760 3952 "".

436 4001 524 4054 12.
558 3999 636 4053 Ex
661 3999 862 4068 quibus
884 3996 1187 4050 ostenditur
1209 3995 1276 4049 ad
1309 3994 1550 4062 reliquos
1569 3992 1788 4061 quidem
1815 4005 1941 4044 san-

365 4099 482 4146 ctos
509 4089 734 4144 verbum
761 4087 963 4142 factum
985 4100 1106 4141 esse
1130 4093 1190 4138 ut
1220 4085 1605 4154 prophetarent
1629 4100 1643 4146 ;
1672 4097 1739 4134 ex
1773 4079 1938 4132 Maria

358 4190 546 4237 autem
575 4179 810 4235 Verbum
835 4193 1000 4234 carne
1019 4183 1299 4245 assumpta
1323 4175 1597 4228 hominem
1624 4172 1896 4242 prodiisse
1919 4208 1936 4234 ,

363 4274 457 4343 qui
495 4283 686 4327 natura
719 4270 938 4342 quidem
965 4278 1019 4323 et
1049 4267 1352 4322 substantia
1389 4264 1624 4320 Verbum
1659 4263 1755 4317 Dei
1795 4271 1936 4324 erat,

2049 3082 2289 3154 μανουὴλ
2305 3081 2689 3153 ἑρμηνεύεται,
2730 3081 2869 3135 Μεθ’
2898 3081 3068 3151 ἡμῶν
3091 3085 3126 3136 ό
3157 3084 3322 3148 Θεός.
3345 3084 3411 3134 Ἦ
3427 3081 3521 3135 διὰ
3562 3085 3646 3146 τί,

2045 3175 2203 3246 εἴπερ
2222 3173 2393 3237 οὕτως
2416 3169 2600 3244 ἦλθεν,
2624 3173 2893 3235 ἐσθίοντος
2913 3172 3145 3226 ἑκάστου
3166 3171 3274 3224 τῶν
3296 3172 3462 3240 ἁγίων
3490 3171 3648 3240 (68),

2045 3269 2139 3321 καὶ
2164 3269 2429 3330 πίνοντος,
2466 3268 2559 3320 καὶ
2597 3265 2916 3327 κοπιῶντος,
2952 3264 3043 3316 καὶ
3076 3262 3536 3333 ἀποθνήσκοντος,
3579 3265 3646 3317 οὐ

2043 3360 2258 3428 λέγεται
2285 3359 2360 3421 ὼς
2391 3359 2556 3422 αὐτὸς
2583 3357 2799 3422 ἐσθίων,
2823 3357 2918 3409 καὶ
2941 3355 3130 3419 πίνων,
3161 3355 3253 3408 καὶ
3278 3356 3505 3417 κοπιῶν,
3541 3360 3649 3412 καὶ

2043 3449 2420 3520 ἀποθνήσκων,
2448 3447 2560 3500 ἀλλ’
2590 3448 2682 3498 ἐπὶ
2728 3447 2889 3516 μόνου
2926 3445 3020 3498 τοῦ
3049 3447 3113 3498 ὲκ
3141 3445 3380 3516 Μαρίας;
3420 3447 3486 3497 Ἃ
3523 3448 3648 3519 γὰρ

2044 3542 2248 3612 ἔπασχε
2277 3539 2436 3593 τοῦτο
2466 3539 2526 3591 τὸ
2559 3538 2745 3608 σῶμα,
2796 3537 2969 3590 ταῦτα
2995 3537 3070 3600 ῶς
3121 3537 3285 3589 αὐτοῦ
3326 3537 3648 3604 πάσχοντος

2042 3613 2275 3704 εἴρηται.
2314 3633 2423 3685 Καὶ
2446 3631 2553 3684 τῶν
2596 3629 2768 3683 ἄλλων
2801 3630 2856 3682 δὲ
2907 3629 3017 3700 (69)
3057 3629 3271 3682 πάντων
3312 3629 3646 3704 ,λεγομένων

2046 3701 2228 3795 μόνον,
2263 3724 2346 3777 ὃτι
2395 3722 2693 3793 ἐτέχθησαν
2733 3722 2828 3774 καὶ
2865 3719 3264 3790 ἐγεννήθησαν,
3301 3701 3389 3772 ἐπὶ
3431 3719 3531 3771 τοῦ
3575 3724 3646 3773 ὲκ

2042 3818 2258 3890 Μαρίας
2294 3816 2454 3887 μόνου
2485 3815 2728 3886 εἴρηται·
2763 3813 2872 3867 Καὶ
2895 3816 2928 3866 ό
2950 3813 3140 3882 Λόγος
3176 3811 3332 3880 σὰρξ
3361 3809 3641 3866 ἐγένετο.

2113 3997 2202 4050 12.
2255 3995 2342 4061 Ἐξ
2370 3988 2444 4048 ὧν
2472 3992 2770 4056 δείκνυται,
2819 3992 2900 4044 ὅτι
2947 3988 3084 4060 πρὸς
3129 3988 3226 4058 μὲν
3265 3987 3386 4047 τοὺς
3428 3981 3646 4049 ἄλλους

2043 4089 2287 4151 ἅπαντας
2315 4087 2536 4156 γέγονεν
2564 4087 2592 4138 6
2624 4085 2828 4153 Λόγος,
2873 4082 2966 4135 τοῦ
3016 4077 3373 4152 προφητεύειν
3427 4077 3639 4146 χάρινο

2042 4180 2106 4231 ὲκ
2158 4179 2212 4231 δὲ
2269 4177 2484 4247 Μαρίας
2544 4176 2703 4238 αὐτὸς
2749 4175 2777 4227 6
2808 4174 3006 4241 Λόγος,
3060 4172 3239 4238 σάρκα
3272 4167 3448 4223 λαϐὼν
3480 4168 3639 4238 (70),

2043 4267 2312 4340 προῆλθεν
2344 4267 2656 4337 ἅνθρωπος,
2693 4267 2757 4336 τῇ
2800 4263 2897 4334 μὲν
2929 4261 3088 4331 φύσει
3116 4261 3209 4313 καὶ
3237 4261 3302 4330 τῇ
3334 4257 3490 4327 οὐσίᾳ
3523 4260 3640 4312 Λό-

360 4365 665 4422 secundum
687 4379 907 4419 carnem
936 4371 1116 4416 autem
1147 4375 1213 4415 ex
1235 4358 1442 4413 semine
1468 4357 1636 4412 David
1654 4367 1787 4412 etex
1817 4371 1939 4410 car-

2093 4374 2136 4420 >ς
2162 4356 2238 4410 ὢν
2267 4355 2362 4410 τοῦ
2390 4355 2547 4420 Θεοῦ,
2583 4353 2722 4407 κατὰ
2770 4354 2826 4407 δὲ
2859 4353 3039 4424 σάρκα
3081 4353 3144 4404 ὲκ
3177 4350 3484 4420 σπέρματος
3523 4351 3641 4402 Δα-

436 4502 480 4532 ⁷⁷
512 4498 670 4555 Joan.
704 4515 743 4564 I,
773 4495 858 4551 M.

437 4638 549 4706 (62)
577 4635 979 4706 Theodogetus,
1033 4632 1217 4706 αὐτοῦ.
1247 4631 1394 4706 Infra
1429 4625 1775 4706 seguerian?
1812 4611 1941 4676 συ“νο

367 4696 606 4762 ἔστελλε.
633 4707 767 4760 lhid.
802 4705 1034 4770 Theod.,
1057 4705 1330 4757 ὲσκότασε.
1364 4696 1529 4753 Paulo
1563 4706 1684 4770 post
1717 4696 1939 4770 $eguer.

366 4779 583 4832 (iohler.
618 4777 856 4831 Felckm.
895 4776 946 4838 1,
996 4765 1263 4844 Epiphan.
1299 4783 1352 4828 et
1392 4765 1690 4833 Theodor.,
1719 4765 1942 4837 θνητήν.

364 4849 530 4914 Editi,
562 4849 813 4918 γενητήν.

440 4905 550 4988 (63)
573 4905 799 4988 ἘρίὶιΙίη
830 4914 1267 4988 φθορᾶςέὲνρυμα
1299 4913 1354 4966 δὲ
1385 4905 1708 4988 γέγονεῃτοῦ
1745 4905 1940 4988 Λόγου.

441 4975 554 5059 (64)
583 4975 970 5059 seg'uej'ia'nns,
1008 4975 1086 5048 εἰς
1118 4975 1367 5059 ἕκαστον.
1397 4975 1538 5059 intra
1557 4978 1817 5059 §egtier.,
1849 4975 1942 5027 τὸν

365 5048 702 5129 ὲίΜάρίαξ.
751 5057 810 5110 lu
837 5057 1027 5129 editis,
1070 5055 1160 5107 τόν
1191 5051 1519 5129 deesl._Mox
1556 5048 1942 5129 Seguel'ianus,

366 5117 728 5186 Gobieriauins
754 5137 807 5181 et
836 5126 980 5179 Felc.
1010 5127 1060 5191 1,
1087 5125 1336 5194 περιττόν
1369 5121 1607 5194 ἐστιᾲκαί
1622 5117 1939 5194 γυμνάζειν.

439 5201 550 5272 (65)
581 5198 809 5272 Βοςιιονλ
856 5185 1086 5272 0061οξ
1103 5185 1354 5272 ρι’λιῗρρςττ.
1377 5195 1427 5272 1,
1459 5185 1784 5272 τῆς-ἁινοίας.
1821 5185 1942 5272 Mox

368 5257 710 5339 Sehuériant,
753 5263 906 5329 οὗτος
946 5269 1026 5339 ἐκ.
1042 5265 1214 5336 Παρθ.
1253 5264 1402 5339 _l£di_ti
1433 5272 1489 5317 et
1513 5257 1847 5339 strepat»;
1880 5257 1944 5339 ὲκ

368 5327 554 5411 Παίρθ,
584 5327 723 5411 Mox)
746 5327 958 5411 Anglic.
993 5327 1213 5411 Segu'er.
1244 5335 1461 5411 Goliler.
1496 5340 1549 5384 et
1587 5329 1730 5411 Felc.
1767 5329 1817 5411 13
1851 5327 1944 5411 καὶ

420 5397 572 5476 ὴ’καὶ
598 5410 758 5472 αὑτός
787 5425 802 5440 ο
833 5397 887 5460 in
913 5397 1256 5476 Seguérian.,
1286 5406 1377 5456 καί
1415 5405 1569 5457 deest
1608 5409 1732 5454 ante
1757 5397 1940 5459 αὑτός.

477 5429 572 5463 και
598 5429 758 5472 αυτος
787 5429 802 5440 ·
834 5429 887 5460 Ill
915 5429 1256 5476 Dttgucnauq

368 5429 512 5534 Hui
541 5495 688 5549 vero,
718 5478 809 5530 καὶ
845 5477 918 5549 μὴ
954 5478 1046 5549 κα).
1070 5476 1261 5549 οὗτιυῇ

441 5548 552 5618 (66)
588 5544 927 5617 Segueriain',
959 5546 1101 5618 i165):
1133 5546 1183 5618 τί
1211 5544 1402 5618 οὓτως.

441 5608 552 5690 (67)
578 5608 752 5679 Μόνος
779 5608 929 5672 deest
958 5608 1010 5669 in
1036 5615 1200 5672 Basil.
1230 5615 1449 5678 Ibidem,
1472 5613 1764 5684 τριήμερος
1792 5608 1946 5663 deest

2046 4631 2100 4684 in
2133 4627 2450 4698 Epiphanio.
2479 4624 2622 4679 lnl'ra
2656 4624 2968 4698 Anglican.,
2999 4629 3123 4698 post
3146 4615 3456 4698 ξκΜειρίας
3475 4617 3637 4698 ςΕμρ

2050 4686 2313 4772 μανοξυήλ,
2341 4697 2492 4772 addit
2518 4686 3188 4772 _xai_épuﬁvsgeeat',_bl§0‘
3213 4686 3365 4760 ήμῶν
3376 4686 3554 4772 ,Θεόςε

2115 4770 2226 4840 (68)
2245 4760 2351 4823 ’8ἰο
2382 4760 2998 4840 EpiphLGtib'ler._Fel_c.
3024 4761 3103 4840 1L
3103 4760 3357 4840 segnem,
3376 4760 3432 4840 in
3459 4760 3633 4840 edit...

2045 4826 2358 4910 προφητῶν.
2377 4826 2534 4910 intra
2565 4834 2790 4905 Seguer.
2819 4833 3035 4910 Golden.
3065 4826 3208 4910 Fele'.
3236 4831 3287 4891 1,
3311 4839 3366 4910 _e_t
3394 4826 3631 4910 Epiph.,

2044 4899 2118 4974 ὡς
2157 4899 2340 4970 ἁῦτός.
2377 4907 2518 4961 Editi
2558 4899 2688 4960 vero
2735 4915 2790 4959 et
2838 4904 2929 4974 alii
2953 4942 2976 4974 ,_
3001 4901 3278 4974 ὡσαύτως.
3309 4899 3636 4974 Μο-τκᾲςπο.

2044 4967 2314 5050 θνήσκων,
2346 4979 2427 5033 sic
2459 4978 2616 5050 Angl,
2645 4976 2800 5031 Gohl.
2839 4972 3019 5028 Felck.
3053 4971 3104 5036 1,
3139 4969 3360 5040 Seguer.
3391 4967 3542 5023 Editi
3580 4982 3634 5026 et

2044 5046 2334 5122 Epiphan,,
2370 5046 2676 5122 ᾀποθανών.

2115 5108 2226 5190 (69)
2257 5108 2348 5174 Sic
2374 5115 2838 5190 SreguernAnglic.
2871 5112 3100 5190 G_obler._
3118 5120 3173 5165 et
3201 5109 3439 5190 _Felckm.
3512 5149 3529 5163 .
3574 5110 3632 5190 l_n

2044 5179 2164 5246 aliis
2193 5179 2246 5243 et
2277 5192 2331 5243 in
2361 5179 2551 5251 editis,
2599 5186 2656 5238 δέ
2689 5179 2861 5240 (ὤθει.
2898 5183 3044 5244 Mox,
3073 5181 3156 5233 ὅτι
3187 5183 3335 5236 deest
3363 5180 3418 5251 in
3449 5179 3631 5249 pluri-

2043 5262 2148 5314 mis
2196 5277 2352 5324 mss.,
2413 5260 2504 5312 sed
2537 5247 2883 5310 retinendum
2939 5253 3170 5324 videtur.
3223 5247 3627 5324 Λὼτ-δέδηεν.

2044 5333 2215 5393 solus,
2252 5318 2349 5382 ὲπῖ
2397 5328 2451 5381 δὲ
2482 5326 2575 5379 τοῦ
2615 5327 2679 5378 ἐκ
2706 5324 2924 5394 Μαρίας
2952 5322 3129 5394 μόνον.
3171 5318 3625 5394 Ιηῄειλερίριιᾏη.

2045 5390 2269 5470 Segner.
2301 5399 2519 5453 Gobler.
2553 5405 2608 5452 et
2635 5390 2871 5450 Felckin.
2900 5390 3209 5456 1,’πὰντας.
3241 5390 3387 5446 Editi
3414 5401 3470 5446 et
3501 5393 3625 5456 a'u‘i,

2043 5473 2305 5533 ἅπαντας.

2011 5580 2018 5585 .
2115 5542 2223 5613 (70)
2251 5540 2632 5608 Seguerianus,
2657 5540 2686 5591 6
2718 5538 2889 5606 Λόγος
2923 5533 3100 5604 ἐαυτῷ
3130 5534 3330 5604 σάρκαο
