3810 6228
173 251 309 311 1689

1087 267 1423 326 EPISTOLA
1461 272 1552 326 AD
1589 271 1988 330 ADELPHIUM
2029 271 2434 330 EI’ISCOPUM.

3284 276 3424 336 10ῗῦ

170 368 252 463 ϐίδ
279 372 373 425 καὶ
398 373 504 442 τῆς
529 376 729 445 σαρκὸς
756 377 977 449 Μαρίας
997 382 1288 453 γενόμενος
1314 384 1596 458 ἄνθρωπος
1620 427 1634 448 ,
1669 385 1743 448 ὡς

1857 401 1916 441 ne
1942 385 2126 441 Maria:
2167 387 2333 442 homo
2373 386 2552 442 factus
2609 396 2714 454 est,
2747 396 2808 443 ut
2869 390 2945 445 ait
2978 391 3139 463 727
3192 394 3418 453 Paulus.

168 458 314 518 εἶπεν
337 466 366 516 ὁ
385 465 615 530 Παῦλος.
645 468 844 524 Τοῦτον
875 475 904 524 ὁ
929 474 1120 547 Πατὴρ
1142 476 1527 544 (71)ἐδείκνυε,
1563 480 1656 532 καὶ
1687 482 1744 534 ἐν

179 554 408 627 Ἰορδάνῃ
433 559 527 610 καὶ
549 560 606 611 ἐν
637 559 714 632 τῷ
747 561 864 632 ὄρει
892 563 1064 633 λέγων
1085 584 1097 596 ·
1128 565 1315 636 Οὗτός
1338 572 1509 625 ἐστιν
1541 576 1573 625 o’
1614 574 1745 639 Υἱός

162 663 276 715 μου
307 650 340 700 ὀ
367 649 696 719 ἀγαπητὸς,
739 654 810 706 ἐν
841 655 887 720 ᾧ
921 657 1256 727 ηὑδόκησα.
1300 662 1500 716 Τοῦτον
1543 665 1592 717 οἱ
1648 666 1745 735 μὲν

179 737 439 810 Ἀρειανοὶ
461 744 786 815 ἠρνήσαντο,
813 749 974 817 ἡμεῖς
999 749 1054 802 δὲ
1075 752 1546 820 ἐπιγινώσκοντες,
1576 774 1745 828 προσ-

167 831 451 903 κυνοῦμεν,
509 836 568 888 οὐ
617 837 950 910 διαιροῦντες
996 843 1088 896 τὸν
1137 845 1265 899 Υἱὺν
1292 847 1506 901 καὶτὸν
1552 849 1743 917 Λόγον,

167 924 276 977 ἀλλ’
292 926 455 980 αὐτὸν
471 927 563 981 τὸν
579 929 751 999 Λόγον
775 931 888 1003 (72)
919 933 1122 997 εἰδότες
1134 931 1272 989 εἶναι
1300 938 1392 991 τὸν
1415 939 1541 992 Υίὸν
1562 982 1576 1005 ,
1605 935 1746 995 δι’οὖ

165 1015 230 1070 τὰ
255 1017 434 1071 πάντα
465 1018 691 1089 γέγονε,
734 1022 829 1074 καὶ
875 1024 1035 1094 ἡμεῖς
1090 1025 1493 1100 ἐλυτρώοημεν.
1529 1031 1620 1083 Διὸ
1654 1031 1748 1085 καὶ

165 1108 572 1184 ἐθαυμάσαμεν,
591 1113 708 1178 πῶς
725 1115 861 1180 ὅλως
873 1117 930 1169 ἐν
943 1117 1070 1188 ὑμῖν
1089 1119 1200 1189 (75)
1215 1125 1342 1195 περὶ
1357 1123 1466 1176 τῶν
1494 1122 1637 1179 οὕτω
1649 1143 1749 1193 φα-

164 1203 330 1276 νερῶν
387 1205 582 1274 γέγονε
628 1208 959 1278 φιλονεικία.·
1015 1211 1174 1266 Ἀλλὰ
1226 1215 1385 1286 χάρις
1417 1215 1496 1286 τῷ
1536 1217 1746 1289 Κυρίῳ,

165 1295 263 1360 ὅτι,
281 1297 403 1350 ὅσον
421 1298 668 1370 ἐλυπήθη
677 1319 774 1372 μεν
790 1303 1104 1373 ἐντυχόντες
1119 1304 1231 1373 (74)
1245 1309 1354 1369 τοῖς
1371 1308 1584 1379 ὐπομνή
1595 1326 1746 1378 μασι,

164 1387 409 1442 τοσοῦτον
438 1391 720 1464 ἐχάρημεν
750 1394 842 1447 ἐπὶ
885 1395 964 1467 τῷ
995 1395 1139 1450 τέλει
1187 1397 1410 1452 τούτων.
1444 1401 1599 1454 Μετὰ
1639 1401 1749 1474 γὰρ

167 1483 479 1552 συμφωνίας
502 1485 875 1558 ἀνεχώρησαν,
907 1489 1002 1543 καὶ
1046 1482 1368 1561 είρήνευσαν
1408 1492 1499 1546 ἐπὶ
1531 1496 1594 1565 τῇ
1623 1496 1752 1566 ὁμο-

163 1569 311 1644 λογία
358 1574 462 1645 τῆς
503 1577 763 1643 εὐσεϐοῦς
817 1581 911 1633 καὶ
964 1581 1248 1652 ὀρθοδόξου
1282 1584 1534 1650 πίστεως.
1584 1586 1753 1641 Τοῦτο

162 1667 284 1735 γοῦν
301 1670 468 1741 κάμὲ,
495 1671 666 1725 πολλὰ
701 1675 965 1748 πρότερον
994 1677 1357 1749 σκεψάμενον,
1390 1681 1750 1756 πέπεικε⁴(75)

164 1760 360 1829 γράψαι
391 1763 461 1816 τὰ
491 1763 652 1834 ὀλίγα
671 1767 845 1820 ταῦτα
865 1747 883 1830 ,
907 1747 1295 1841 λογισάμενον,
1334 1773 1408 1844 μὴ
1438 1773 1546 1846 ἄρα
1577 1747 1750 1830 ταύτα
1782 1747 1824 1802 Β

163 1852 223 1904 ἐκ
255 1854 350 1925 τῆς
377 1858 594 1928 σιωπῆς
623 1860 744 1913 ἀντὶ
777 1863 951 1932 χαρᾶς
986 1861 1128 1934 λύπη
1159 1863 1384 1936 γένηται
1415 1869 1528 1928 τοῖς
1556 1867 1620 1919 ἐκ
1647 1867 1748 1939 τῆς

167 1951 474 2017 συμφωνίας
499 1953 777 2022 πρόφασιν
803 1955 896 2008 τοῦ
932 1956 1142 2028 χαίρειν
1179 1959 1551 2029 παρασχοῦσιν
1589 1962 1739 2032 ἡμῖν.

176 2037 326 2105 Ἀξιῶ
349 2045 536 2098 τοίνυν
568 2048 993 2118 προηγουμένως
1020 2049 1116 2121 τὴν
1145 2050 1244 2122 σὴν
1292 2051 1607 2116 εὐλάϐειαν,
1649 2051 1742 2104 καὶ

165 2131 402 2207 δεύτερον
428 2139 561 2202 τοὺς
591 2139 908 2206 ἀκούοντας,
945 2141 1083 2211 μετὰ
1139 2143 1496 2213 συνειδήσεως
1538 2141 1747 2213 ἀγαθῆς

165 2225 323 2280 ταῦτα
347 2229 609 2296 δέξασθαι
628 2248 640 2261 ·
673 2234 768 2286 καὶ
801 2235 849 2287 εί
875 2233 974 2304 μὲν
1001 2251 1054 2287 τι
1075 2234 1212 2304 πρὸς
1241 2235 1519 2288 εὐσέϐειαν
1548 2233 1744 2298 λείπει,

165 2318 311 2372 τοῦτο
341 2321 741 2392 διορθώσασθαι
766 2326 860 2379 καὶ
885 2324 1122 2398 δηλῶσαί
1154 2343 1275 2396 μοι·
1309 2327 1358 2378 εἰ
1396 2325 1452 2378 δέ
1497 2325 1572 2388 ὡς
1599 2325 1746 2393 παρὰ

169 2409 362 2466 ἰδιώτου
391 2414 468 2486 τῷ
497 2415 656 2488 Λόγῳ
689 2417 762 2489 μὴ
784 2420 902 2471 κατ’
939 2417 1115 2484 ἀξίαν,
1155 2418 1288 2489 μηδὲ
1309 2417 1525 2482 τελείως
1546 2416 1746 2488 γέγρα-

168 2519 304 2567 πται,
329 2506 641 2574 συγγνῶναι
662 2508 867 2572 πάντας
883 2507 994 2579 (76)
1013 2511 1078 2580 τῇ
1092 2508 1338 2581 ἡμετέρᾳ
1353 2525 1421 2561 πε
1427 2508 1482 2579 pi
1497 2509 1558 2560 τὸ
1567 2507 1746 2576 λέγειν

166 2595 424 2670 ἀσθενείᾳ.
456 2600 840 2670 Προσαγόρευε
874 2600 1081 2664 πάντας
1125 2600 1250 2664 τοὺς
1295 2599 1432 2670 μετὰ
1467 2598 1561 2652 σοῦ
1593 2598 1746 2652 ἀδελ-

168 2691 308 2758 φούς.
332 2692 400 2745 Σὲ
431 2695 483 2746 οἱ
517 2693 616 2745 σὺν
649 2694 779 2762 ἡμῖν
828 2690 1028 2754 πάντες
1063 2689 1580 2764 προσαγορεύουσιν.
1624 2690 1748 2762 Ἐρ-

170 2783 414 2853 ρωμὲνως
475 2787 536 2838 ἐν
577 2785 769 2857 Κυρίῳ
806 2783 1046 2852 διὰγοις,
1097 2783 1347 2853 ἀγαπητέ
1393 2783 1489 2836 καὶ
1534 2781 1752 2855 ἀληθῶς

169 2876 521 2931 ποθεινότατε.

231 2993 274 3025 ⁷⁸
304 2995 490 3050 Matth.
526 3007 613 3059 In,
647 2993 734 3048 17.

252 3111 338 3185 ῃ)
367 3111 693 3185 Seguerian.
720 3111 878 3185 Gobl.
899 3119 961 3185 _et
979 3109 1126 3185 fele.
1165 3110 1217 3177 1,
1245 3108 1306 3163 ὃν
1336 3109 1364 3164 ό
1392 3108 1604 3181 Πατήρ.

1848 475 2004 532 Hunc
2068 477 2228 534 Pater
2289 480 2341 533 in
2408 478 2644 535 Jordane
2695 489 2749 535 et
2823 481 2879 537 in
2939 494 3124 542 monte
3188 489 3421 547 maml‘e-

1846 569 2011 622 stavit
2047 569 2276 624 dicens:
2313 569 2416 624 Hic
2448 580 2526 624 est
2567 569 2746 625 Filius
2794 589 2938 628 meus
2981 575 3201 632 dilectus
3232 581 3288 633 in
3321 597 3422 649 quo

1847 660 1976 713 mihi
2006 662 2303 730 complacui
2323 664 2391 717 ⁸⁷⁸.
2413 661 2569 718 llunc
2597 664 2780 718 Ariani
2813 667 3031 737 quidem
3061 669 3420 741 abnegarunt,

1847 770 1949 808 nos
1979 771 2106 810 vero
2127 764 2483 825 agnoscentes
2507 758 2823 826 adoramus,
2853 776 2948 815 nec
2974 758 3171 817 Filium
3191 781 3221 818 a
3244 762 3425 819 Verbo

1846 847 2162 912 dividimus,
2193 848 2288 903 sed
2322 850 2672 918 agnoscimus
2697 850 2874 921 ipsum
2916 849 3154 908 Verbum
3185 871 3309 912 esse
3334 854 3426 911 Fi-

1847 937 1978 992 lium
2013 956 2109 1009 per
2138 955 2299 1009 quem
2328 941 2512 995 omnia
2543 940 2682 998 facta
2718 952 2869 1011 sunt,
2903 953 2958 999 et
2991 960 3087 1014 per
3116 962 3277 1017 quem
3324 965 3427 1007 nos

1845 1031 2108 1100 redempti
2142 1047 2352 1087 sumus.
2385 1032 2723 1103 Quapropter
2755 1035 2937 1090 mirati
2965 1052 3158 1093 sumus
3187 1041 3330 1110 quod
3371 1043 3428 1096 in

1848 1122 2013 1178 rebus
2043 1124 2114 1176 ita
2150 1123 2457 1179 manifestis
2490 1124 2633 1194 apud
2667 1140 2764 1181 vos
2795 1125 3074 1183 contentio
3105 1129 3298 1186 oborta
3332 1133 3425 1187 sit.

1851 1214 1955 1270 Sed
1988 1216 2160 1286 gratia
2201 1216 2272 1271 sit
2312 1215 2564 1282 Domino,
2597 1217 2724 1286 quia
2757 1227 3020 1286 quantum
3047 1235 3110 1275 ex
3147 1237 3430 1278 commeno

1849 1310 2109 1362 tariorum
2147 1309 2378 1363 lectione
2405 1307 2711 1363 contristati
2743 1325 2954 1377 sumus,
2981 1319 3193 1368 tantum
3238 1330 3432 1372 sumus

1850 1415 2033 1454 rerum
2082 1401 2312 1455 istarum
2364 1401 2509 1456 exitu
2544 1401 2731 1456 latati.
2762 1401 2900 1457 Cum
2940 1405 3232 1460 concordia
3283 1409 3428 1463 enim

1850 1490 2254 1556 discesserunt,
2307 1491 2410 1562 piae
2451 1501 2507 1546 et
2553 1493 2874 1549 orthodoxae
2915 1495 3038 1550 ﬁdei
3085 1496 3433 1554 confessione

1851 1584 1994 1639 inter
2023 1600 2082 1639 se
2131 1585 2415 1640 conciliata
2464 1600 2614 1654 pace.
2654 1585 2729 1640 Ea
2780 1595 2928 1643 certe
2959 1603 3047 1643 res
3079 1604 3167 1643 me
3197 1591 3430 1645 multum

1851 1679 2003 1747 prius
2027 1676 2438 1741 deliberantem,
2480 1678 2548 1732 ad
2579 1678 2696 1733 haec
2741 1695 2913 1748 pauca
2963 1681 3252 1738 scribenda
3283 1699 3434 1740 com-

1855 1768 2028 1840 pulit:
2058 1769 2284 1824 verebar
2314 1770 2458 1824 enim
2487 1785 2553 1825 ne
2598 1769 2739 1826 forte
2764 1787 2850 1853 'ex
2895 1774 3288 1842 taciturnitate,
3333 1793 3434 1847 pro

1853 1865 2054 1936 gaudio
2096 1865 2313 1920 tristitia
2367 1866 2474 1920 illis
2513 1857 2841 1933 oboriretur,
2895 1870 2989 1939 qui
3022 1886 3088 1925 ex
3137 1876 3432 1930 concordia

1851 1958 2009 2012 nobis
2049 1972 2269 2011 causam
2322 1957 2518 2012 laetitiae
2570 1960 3005 2028 suppeditarunt.
3066 1961 3218 2035 Rogo
3265 1967 3432 2036 igitur

1850 2051 2000 2098 tuam
2035 2043 2287 2113 pietatem
2322 2044 2581 2112 primum,
2608 2047 2854 2101 secundo
2885 2048 3183 2116 auditores,
3210 2061 3272 2106 ut
3317 2052 3434 2110 haec

1854 2149 1978 2189 cum
2021 2135 2163 2188 bona
2203 2136 2538 2190 conscientia
2577 2137 2887 2206 recipiatis:
2921 2148 2974 2193 et
3005 2140 3048 2194 si
3077 2142 3206 2211 quid
3255 2158 3285 2196 a
3314 2144 3432 2212 pie-

1856 2233 1963 2280 tate
2015 2225 2296 2289 deﬁciunt,
2341 2226 2475 2281 illud
2520 2229 2809 2298 corrigatis
2858 2231 3103 2302 mihique
3153 2233 3428 2290 indicetis.

1851 2317 2008 2384 Quod
2038 2318 2106 2384 si,
2134 2327 2318 2387 utpote
2340 2319 2409 2372 ab
2434 2319 2654 2375 homine
2678 2321 2953 2390 imperito,
2983 2340 3090 2379 non
3124 2340 3224 2394 pro
3253 2327 3434 2394 digni-

1854 2420 1961 2466 tate
1992 2411 2090 2475 rei,
2131 2427 2234 2468 nec
2279 2412 2413 2467 satis
2461 2422 2717 2468 accurate
2764 2414 2869 2468 ista
2928 2417 3236 2486 conscripta
3294 2419 3427 2484 sint,

1853 2505 2066 2559 veniam
2093 2505 2233 2562 detis
2259 2521 2451 2562 omnes
2481 2515 2682 2562 nostrae
2707 2507 2760 2560 in
2787 2507 3018 2562 dicendo
3053 2510 3431 2566 imbecillitati.

1857 2596 2044 2653 Saluta
2078 2613 2292 2662 omnes,
2347 2599 2440 2666 qui
2483 2607 2662 2653 tecum
2694 2610 2844 2660 sunt,
2867 2600 3090 2669 fratres.
3123 2601 3199 2658 Te
3239 2619 3434 2658 omnes

1855 2690 1949 2761 qui
1976 2690 2262 2745 nobiscum
2294 2698 2423 2745 sunt
2467 2691 2732 2770 salutant.
2771 2691 2967 2748 Salvus
2999 2693 3051 2748 in
3089 2694 3319 2750 Domino
3347 2697 3434 2752 vi-

1856 2798 1974 2849 vas,
2007 2783 2198 2840 dilecte
2222 2792 2276 2837 et
2304 2796 2429 2837 vere
2448 2785 2812 2854 optatissime.

1914 3109 2026 3192 ΨΒ)
2053 3105 2674 3192 Ερίῃὴ.,ϐοξ)ιθν.ηΐειρ.
2703 3105 2758 3172 1,
2790 3104 2930 3192 δεδι..
2953 3106 3245 3192 πεποίηκε.
3285 3108 3438 3178 Mox,

1843 3177 2017 3234 ταῦτα
2073 3177 2236 3249 deest
2257 3178 2308 3232 in
2346 3179 2471 3249 Seg.
2505 3177 2740 3249 Gobler.
2756 3185 2810 3231 et
2839 3177 2985 3249 Felc.
3012 3177 3063 3231 1.

1918 3251 2028 3324 (76)
2053 3247 2241 3324 Epipht.
2265 3253 2330 3304 G.
2371 3249 2412 3303 Ι.
2431 3245 2500 3302 ⁷8.
2535 3245 2867 3324 συγγνώμην
2896 3247 3040 3317 ἔχειν
3066 3249 3294 3313 πάντας.
3308 3250 3438 3324 _Ibi-

1846 3319 1968 3376 dem
1995 3319 2384 3390 i'psiomittunt
2418 3319 2825 3390 προσαγόρευε,
2856 3326 2989 3381 etc.,
3019 3334 3256 3388 quorum
3308 3319 3433 3374 loco

1849 3389 2187 3463 Epiphanius
2212 3391 2378 3445 habet
2404 3389 2648 3460 ἔρρωσθε
2673 3397 2907 3442 tantum.

232 3181 338 3252 (72)
371 3181 474 3238 Τὸν
499 3183 675 3252 Λόγον
707 3182 860 3236 deest
896 3183 950 3252 in
975 3181 1201 3251 Seguer.

234 3249 340 3324 (75⁷)
376 3249 605 3324 δρςυονζ
644 3255 701 3306 ἐν
741 3255 904 3324 ἡμῖνζ
924 3249 1071 3324 lnlra
1094 3253 1186 3324 δτι
1205 3253 1356 3324 deest
1381 3252 1434 3305 in
1462 3250 1594 3324 edit.
1616 3249 1737 3324 Co_l.

235 3318 341 3396 (74)
384 3318 478 3379 Sic
521 3323 717 3396 Epiph.
762 3318 818 3378 ἐι
846 3322 957 3396 Ἐν.
1095 3322 1258 3396 Editi,
1303 3321 1639 3396 εὐτυχόντες.
1681 3318 1740 3396 l_n

173 3390 486 3463 δθςηεουι.
516 3390 732 3450 ειἘὶεΙο.
761 3396 816 3462 1,
844 3395 983 3459 haec,
1012 3393 1328 3464 ἐντυχόντες
1357 3390 1470 3456 τοῖς
1503 3390 1743 3461 ὑπομνή-

175 3481 296 3521 μασι
322 3467 542 3521 desunt.

175 3481 296 3535 μασι
322 3475 542 3523 desunt.

187 3559 3403 3598 ___________________________________________________..

1460 3709 2162 3804 ADMONITIO

958 3911 1030 3972 ln
1057 3907 1405 3988 Epistolam
1448 3903 1647 3967 sancti
1675 3900 2009 3966 Athanasii
2043 3900 2120 3961 ad
2169 3898 2583 3978 Adelphium.

1786 4072 1855 4085 ..α

239 4190 279 4248 ι⁸
305 4192 586 4264 Adelph,”
616 4191 738 4255 me,
769 4198 918 4242 ιοπηο
947 4185 1016 4239 ad
1042 4185 1433 4248 ΑηιῙοειιεηοε,
1474 4198 1595 4252 pag.
1629 4179 1753 4272 6-19,
1777 4177 2055 4272 episcopus
2100 4171 2372 4272 Qttupheos
2402 4167 2736 4272 Lychnorum
2786 4179 3136 4272 memoratur,
3167 4187 3317 4272 quem
3363 4175 3426 4227 ab

177 4282 377 4338 Arionis
415 4258 473 4338 in
503 4281 754 4338 exsilium
779 4274 1090 4332 Psinablam
1122 4273 1405 4329 Thebaidis
1438 4273 1660 4326 missum
1688 4268 1908 4336 legimus
1943 4261 2181 4318 Historia
2210 4259 2539 4315 Arianorum
2572 4258 2638 4314 ad
2661 4261 2983 4325 monachos,
3014 4278 3137 4332 pag.
3169 4262 3296 4327 506,
3332 4281 3434 4318 nu-

179 4389 306 4428 mero
333 4377 417 4437 7‘2,
450 4385 500 4430 et
527 4373 791 4445 Apologia
819 4370 886 4424 de
922 4367 1069 4439 fuga,
1100 4383 1224 4439 pag.
1257 4365 1387 4432 256,
1416 4379 1562 4418 num.
1601 4362 1652 4426 7,
1689 4361 1910 4430 hincque
1937 4368 2014 4408 est
2043 4353 2181 4425 quod
2214 4352 2353 4406 idem
2385 4351 2441 4404 in
2469 4351 2692 4420 epistola
2724 4349 2881 4404 titulo
2910 4353 3268 4425 ὁμολογητής,
3295 4355 3438 4410 Con-

179 4462 342 4523 fessor
367 4471 582 4523 dicitur.
614 4467 682 4522 In
709 4469 812 4537 ﬁne
851 4463 1091 4518 Hieracis
1112 4459 1424 4532 presbyteri,
1452 4457 1540 4511 cui
1567 4466 1615 4510 et
1637 4455 1748 4508 hwc
1772 4447 2048 4506 recitanda
2077 4447 2242 4516 cupit,
2275 4445 2514 4498 meminit
2542 4445 2867 4502 Athanasius
2890 4466 2909 4513 ;
2940 4451 2987 4503 is
3016 4461 3194 4505 autem
3228 4453 3436 4508 videtur

177 4574 296 4626 esse,
329 4564 415 4632 qui
443 4573 492 4617 et
519 4564 650 4631 ipse,
679 4561 729 4614 vi
765 4560 1104 4627 Arianorum,
1128 4564 1310 4613 eodem
1355 4555 1628 4611 exsulasse
1675 4561 1900 4619 tentpore
1936 4546 2067 4601 locis
2098 4543 2251 4597 modo
2291 4541 2526 4595 laudatis
2552 4543 2740 4611 fertur.
2785 4544 2996 4614 Scripta
3031 4557 3207 4601 autem
3229 4549 3436 4603 videtur

177 4656 386 4724 epistola
415 4661 625 4714 circiter
645 4676 842 4712 annum
869 4660 996 4724 571,
1021 4675 1122 4729 quo
1153 4671 1358 4725 nempe.
1385 4652 1682 4723 pullulante
1712 4646 2039 4718 Apollinurii
2084 4643 2294 4702 haeresi,
2321 4640 2459 4694 varii
2503 4637 2876 4692 exoriebantur
2908 4640 2972 4692 de
3013 4638 3215 4693 Christi
3244 4639 3437 4694 Incar-

180 4749 375 4805 natione
403 4769 627 4808 errores.
662 4749 804 4805 Nam
829 4751 1018 4806 Ariani
1046 4750 1131 4803 hic
1157 4745 1457 4809 memorati,
1497 4744 1737 4814 impietat

1857 4755 1918 4793 ta:
1951 4737 2218 4807 pristinaz,
2249 4733 2434 4798 aliam,
2469 4746 2534 4784 ea:
2569 4731 2970 4801 Apollinaristis
3000 4731 3138 4800 forte
3179 4733 3432 4796 mutuati,

179 4838 419 4908 adjecere.

247 4933 303 4991 ll.
336 4937 400 4992 In
425 4941 680 5010 quosdam
701 4941 866 5010 igitur
896 4941 1121 4994 Arianos
1153 4937 1352 5008 scripta
1376 4944 1475 5000 est,
1507 4944 1565 4988 ut
1596 4931 1738 5004 ferti

1857 4927 2018 4998 iptio,
2054 4925 2166 4996 qui,
2197 4933 2255 4978 ut
2283 4923 2545 4998 numeral
2581 4929 2808 4975 testatur
2837 4922 3179 4988 Athanasius,
3206 4925 3436 4993 passim-

179 5047 269 5100 que
291 5036 435 5102 alibi,
467 5041 698 5110 primum
744 5035 899 5093 Verbi
929 5036 1257 5090 divinitatem
1294 5047 1484 5102 negare
1523 5029 1656 5084 satis
1693 5027 2008 5083 habuerunt,
2044 5019 2526 5122 simulaperuntque
2556 5016 2672 5085 ejus
2806 5031 3018 5122 carnem
3057 5017 3435 5122 adventum-se

182 5127 273 5181 rite
304 5147 593 5200 agnoscere,
625 5131 959 5201 postmodum
1005 5146 1123 5184 vero
1163 5128 1325 5197 impie
1361 5139 1566 5197 quoque
1591 5125 1653 5175 de
1684 5115 2061 5173 Incarnatione
2103 5113 2318 5166 Domini
2357 5121 2652 5167 senserunt.
2701 5110 2950 5165 Homines
2980 5111 3158 5181 itaque
3185 5127 3314 5201 qups
3347 5112 3432 5163 hic

183 5199 426 5293 oppugnat
448 5199 661 5280 sanctus
683 5225 886 5287 doctor,
921 5221 1120 5279 Christi
1147 5235 1336 5290 corpus
1369 5216 1630 5287 negabant
1656 5228 1766 5266 esse
1801 5206 2134 5304 adorandum
2168 5219 2185 5257 :
2214 5204 2292 5258 vel
2327 5205 2524 5304 potius,
2550 5211 2609 5256 ut
2633 5202 2858 5304 videtur,
2881 5201 3140 5271 negabant
3173 5218 3206 5252 a
3233 5199 3430 5304 Catho-

181 5307 289 5365 licis
312 5292 408 5369 rite
431 5333 577 5384 posse
598 5315 837 5379 adorari,
857 5315 946 5385 qui
973 5312 1224 5364 nimirum
1251 5307 1515 5361 crederent
1543 5300 1770 5357 Verbum
1785 5299 2072 5370 perfectam
2097 5296 2444 5384 assumpsisse
2460 5293 2746 5385 humanam
2767 5301 3038 5357 ηαῑιιναηιν
3071 5292 3432 5385 εονριιδ-ξείίὶ-

183 5413 276 5469 cet,
301 5379 612 5479 mentemque
643 5379 950 5460 humanam.
985 5401 1184 5457 Contra
1214 5397 1720 5468 Apollinaristarum
1745 5391 1902 5443 duces
1923 5403 2078 5456 prave
2102 5379 2456 5482 opinabantur
2468 5384 2639 5437 solam
2661 5385 2947 5482 humanam
2978 5396 3189 5482 carnem
3212 5397 3246 5433 a
3269 5379 3433 5434 Verbo

183 5509 490 5570 assumptum
513 5474 642 5566 esse,
673 5503 847 5572 ipsum
881 5506 1052 5552 autem
1093 5492 1317 5548 Verbum
1349 5491 1520 5542 instar
1542 5484 1735 5538 anima:
1765 5480 1929 5551 fuisse
1955 5479 2186 5532 humano
2211 5476 2418 5544 corpori
2441 5491 2460 5528 :
2489 5492 2648 5576 quam
2675 5474 2736 5527 ob
2764 5488 2981 5576 causam
3005 5474 3303 5576 passionem
3325 5486 3436 5524 ca’-

188 5561 382 5663 temque
406 5561 638 5649 humana
662 5561 838 5647 omnia
855 5593 910 5645 in
939 5589 1051 5658 ejus
1066 5582 1451 5654 transferebant
1465 5576 1817 5631 divinitatem.
1843 5569 1930 5624 Ita
1948 5567 2102 5639 plane
2116 5567 2267 5621 docet
2283 5561 3221 5663 sanctus—AthanasiusOrationibus
3243 5573 3429 5663 cont:a

187 5658 572 5756 Apollinarium.
603 5691 754 5747 Idem
781 5688 1030 5745 similiter
1059 5683 1252 5738 diserte
1288 5677 1468 5736 scribit
1495 5671 1776 5744 Gregorius
1816 5666 2215 5732 Nazianzenus,
2244 5661 2466 5732 epistola
2500 5661 2526 5715 1
2549 5662 2618 5715 ad
2649 5660 2984 5727 Cledonium,
3005 5661 3086 5716 his
3113 5659 3281 5715 verbis
3301 5665 3327 5713 ’-'
3365 5658 3430 5712 Εἰ
