3810 6228
370 303 512 363 ιιιῑι
971 296 1029 353 S.
1070 291 1438 351 ATIIANASII
1479 291 1630 348 OPP.
1673 289 1854 344 PARS
1893 289 2029 345 1.-
2069 285 2438 342 llISTORICA
2479 285 2566 340 ET
2607 283 3025 342 DOGMATICA.
3496 285 3662 340 {073

377 420 479 491 μιν
522 415 630 488 γὰρ
677 414 881 485 ἄψυχαῖ
923 409 1206 482 ἄνθρωπος
1232 425 1246 442 ⁶
1279 408 1436 461 τοῦτο
1461 407 1833 478 καὶἈρειανοὶ
1867 405 2135 473 λέγουσιν,
2185 403 2250 456 ἵν’
2272 406 2364 456 ἐπὶ
2403 403 2502 474 τὴν
2531 403 2760 472 θεότητα
2801 399 2862 453 τὸ
2895 399 3063 464 πάθος
3093 401 3409 468 ἐνέγκωσιν,
3433 401 3515 465 ὡς
3545 402 3657 456 τοῦ

376 509 649 571 κινοῦντος
689 507 748 560 τὺ
784 505 940 575 σῶμα
984 503 1077 558 καὶ
1111 501 1300 554 τούτου
1327 499 1645 572 πάσχοντος.
1687 496 1822 552 Nam
1863 513 1880 552 ε

2153 495 2379 564 hristus)
2405 494 2736 548 inanimatus
2764 493 2928 550 homo
2962 505 3043 550 est
3070 511 3087 548 :
3117 495 3220 550 hoc
3252 495 3416 551 etiam
3445 497 3655 551 Ariani

375 602 548 668 aiunt,
577 608 634 654 ut
655 599 963 669 passionem
995 597 1048 650 in
1077 593 1410 649 divinitatem
1445 590 1796 653 transferant,
1832 595 2016 656 utpote
2051 602 2174 639 cum
2207 586 2256 640 id
2287 584 2432 654 quod
2471 594 2650 638 m0vet
2687 598 2909 652 corpus,
2946 584 3086 639 idem
3127 599 3348 655 quoque
3374 587 3655 655 patiatur.

446 695 532 750 Ill.
565 692 775 748 Idcirco
809 700 984 745 autem
1007 689 1061 742 hi
1092 689 1343 759 lucifuga:
1369 704 1422 742 se
1466 685 1685 740 Verbum
1709 685 1967 738 hominem
1994 682 2198 750 factum
2232 693 2368 735 recte
2400 682 2624 734 adorare
2651 679 3075 746 arbitrabantur,
3101 682 3241 751 quod
3281 690 3337 734 ut
3366 698 3492 736 cane
3538 699 3658 752 pu—

374 792 578 853 tabant,
602 789 793 843 animle
818 788 986 842 locum
1037 784 1251 840 Verbun
1283 786 1456 854 ipsum
1489 783 1762 836 obtineret.
1794 778 1934 832 Nam
1958 779 2168 833 etiamsi
2201 777 2423 832 Verbum
2446 793 2554 831 rem
2583 785 2814 831 creatam
2845 774 3030 829 vellent
3060 790 3192 839 esse,
3229 775 3402 844 ipsum
3435 775 3617 829 nihilo
3640 805 3657 816 -

371 883 546 936 minus
580 880 876 935 adorabunt
901 897 919 934 :
951 881 1086 934 unde
1112 883 1310 950 passim
1344 880 1452 934 illis
1494 878 1775 948 exprobrat
1802 875 2148 938 Athanasius,
2184 875 2320 944 quod
2339 889 2445 927 rem
2477 883 2711 926 creatam
2744 871 2961 924 adorent
2998 871 3147 939 eique
3180 871 3434 937 serviant,
3463 881 3522 923 ut
3561 870 3657 925 hic

371 991 585 1029 numero
619 975 664 1030 ι.
691 973 760 1027 At
790 974 1060 1029 Christum
1088 984 1145 1027 ut
1177 975 1440 1028 hominem
1477 971 1733 1043 negabant
1783 970 1940 1022 iidem
1968 968 2299 1022 adorandum
2337 983 2468 1030 esse,
2500 967 2568 1029 si,
2622 977 2680 1019 ut
2727 973 2840 1018 erat
2899 965 3293 1021 Catholicorum
3353 969 3651 1031 sententia,

369 1067 632 1137 perfectus
663 1068 816 1121 homo
837 1077 1003 1132 esset;
1050 1077 1204 1138 atque
1239 1067 1313 1118 ita
1341 1064 1739 1134 intelligendum
1796 1070 1894 1124 est,
1941 1059 2077 1130 quod
2115 1075 2326 1112 numero
2359 1057 2389 1111 7
2412 1059 2488 1110 ait
2515 1068 2728 1111 sanctus
2761 1059 2964 1130 doctor,
3001 1063 3225 1118 Arianos
3265 1061 3557 1119 Dominum
3589 1066 3656 1118 in

369 1176 525 1216 carne
553 1171 806 1232 tanquam
829 1162 883 1214 in
910 1159 1100 1230 templo
1130 1158 1463 1212 exsistentem
1493 1154 1632 1208 nolle
1657 1153 1902 1206 adorare.

439 1247 535 1311 IV:
557 1261 671 1312 Hoc
700 1273 766 1311 ex
804 1271 981 1309 errore
1008 1254 1096 1309 ille
1143 1253 1281 1307 alius
1320 1252 1524 1306 videtur
1550 1265 1842 1312 emanasse,
1869 1261 2049 1302 eorum
2081 1261 2262 1314 nempe
2299 1245 2389 1316 qui
2415 1261 2627 1300 carnem
2658 1245 2866 1302 Domini
2908 1246 3278 1316 conjunctione
3307 1264 3425 1302 cum
3470 1246 3653 1304 Verbo

368 1345 663 1400 increatam
699 1346 898 1414 factam
931 1346 1095 1415 fuisse
1120 1346 1521 1401 existimabant.
1558 1342 1757 1413 Quippe
1783 1343 1864 1395 illi

2146 1340 2454 1409 efensionem
2483 1341 2801 1396 dictitabant
2831 1343 3055 1418 εἮμείς
3075 1347 3134 1399 οὐ
3164 1346 3436 1417 κτίσματα
3467 1365 3650 1417 προσ-

368 1440 659 1512 κυνοῦμεν,
692 1439 803 1497 Nos
833 1455 947 1496 rem
980 1449 1216 1496 creatam
1248 1455 1357 1494 non
1393 1440 1710 1504 adoramus,
1748 1439 1872 1491 iidei

2145 1436 2324 1490 iolicos
2343 1436 2676 1506 appellabant
2709 1437 3186 1511 ἀνθρωπολάτρας,
3211 1439 3444 1509 duosque
3474 1440 3540 1492 ab
3567 1445 3649 1492 eis

369 1535 584 1604 agnosci
611 1533 782 1589 Filios
833 1537 1318 1603 calumniabantur,
1347 1535 1485 1606 quod
1540 1533 1762 1588 Verbum
1803 1534 2003 1603 factum
2049 1531 2309 1586 hominem
2340 1532 2629 1602 perfectum
2661 1533 2966 1588 adorarent.
3003 1533 3168 1602 Cujus
3197 1533 3406 1604 quidem
3437 1536 3647 1588 erroris

369 1624 774 1695 fundamentum
797 1624 896 1678 hac
925 1627 980 1678 in
1009 1626 1234 1694 epistula
1260 1626 1425 1680 diruit
1451 1635 1666 1678 sanctus
1705 1623 2050 1686 Athanasius,
2097 1623 2150 1675 in
2180 1638 2282 1691 qua
2306 1622 2453 1676 docet
2487 1634 2534 1676 et
2563 1625 2896 1678 adorandum
2925 1641 3036 1681 esse
3059 1625 3255 1680 Christi
3289 1641 3502 1695 corpus,
3532 1630 3648 1682 sive

371 1716 640 1773 Christum
671 1717 954 1783 hominem,
987 1737 1079 1774 nec
1103 1719 1179 1772 ita
1214 1735 1245 1771 a
1272 1721 1420 1772 nobis
1458 1719 1674 1771 adorari
1697 1732 1803 1769 rem
1833 1725 2099 1778 creatam,
2123 1713 2212 1766 sed
2250 1711 2469 1766 Verbum
2500 1715 2760 1768 hominem
2792 1717 2994 1786 factum
3037 1733 3164 1771 :nec
3191 1718 3327 1771 enim
3348 1719 3647 1772 humanam

370 1819 621 1863 naturam
638 1828 669 1864 a
695 1809 860 1864 Verbo
886 1818 1239 1882 separandum
1265 1833 1396 1880 esse,
1425 1827 1480 1870 ut
1514 1815 1734 1869 Verbum
1760 1814 2010 1866 adoretur
2027 1809 2145 1875 ;sed
2164 1810 2328 1880 728
2350 1809 2574 1864 Verbum
2601 1811 2774 1880 forma
2793 1813 3121 1882 servi,quam
3139 1816 3357 1882 accepit,
3390 1815 3646 1870 indutum

368 1900 552 1957 debere
578 1903 816 1958 adorari.
846 1904 967 1970 Qua
997 1925 1122 1963 sane
1151 1911 1396 1965 doctrina
1421 1920 1470 1965 et
1505 1908 1814 1963 Nestorium
1851 1915 1903 1961 et
1933 1903 2244 1975 Eutychem,
2272 1904 2420 1975 longe
2457 1916 2577 1959 ante
2609 1917 2756 1960 ortas
2796 1908 3030 1976 ipsorum
3064 1909 3309 1972 haereses,
3336 1909 3644 1963 luculenter

369 1998 770 2054 condemnavit:
805 1999 1112 2057 Nestorium
1139 2006 1370 2075 quidem,
1405 2022 1524 2059 cum
1565 2002 1836 2060 Christum
1860 2010 2014 2072 negat
2045 2001 2100 2053 in
2144 1999 2248 2053 duo
2278 2016 2388 2055 esse
2424 2002 2804 2059 dividendum:
2834 2002 3124 2073 Eutychem
3169 2018 3308 2066 vero,
3341 2016 3466 2056 cum
3501 2003 3644 2057 ints-

368 2111 492 2167 gras
513 2113 576 2151 ac
597 2097 879 2153 distinctas
908 2110 1085 2156 tuetur
1120 2101 1321 2158 Christi
1353 2113 1597 2157 naturas.

771 2349 997 2435 ΤΟΥ
1051 2352 1196 2438 ΕΝ
1247 2353 1612 2439 ΑΓΙΟΙΣ
1650 2354 2086 2442 ΠΑΤΡΟΣ
2144 2354 2468 2442 ΗΜΩΝ
2544 2353 3210 2445 ΑΘΑΝΑΣΙΟΥ,

1369 2533 1954 2589 ΛΡΧΙΕΙΗΣΚΟΠΟΥ
1990 2532 2558 2592 ΑΛΕΞΑΝΔΡΕΙΑΣ
2589 2536 2725 2608 (77),

641 2684 984 2743 ΕΠΙΣΤΟΛΗ
1029 2690 1210 2746 ΠΡΟΣ
1259 2691 1600 2746 ΑΔΕΛΦῙΟΝ
1657 2689 2058 2746 ΕΠΙΣΚΟΠΟΝ
2102 2695 2226 2750 ΚΑ]
2248 2694 2738 2765 ΟΜΟΛΟΓΗΤΗΝ,
2770 2697 2964 2754 ΚΑΤΑ
2995 2697 3366 2752 ΑΡΕΙΔΝΩΝ.

1287 2933 1406 3052 S.
1494 2940 1620 3050 P.
1707 2939 1848 3054 N.
1940 2939 2774 3062 ATHANASII.

1474 3155 2001 3216 ARCHIEHSCOPI
2039 3158 2533 3226 ALEXANDRUE,

525 3315 938 3380 EPISTOLA
999 3316 1110 3378 AD
1155 3316 1679 3386 ADELPHIUM
2259 3320 2376 3382 ET
2415 3316 3037 3383 CONFESSOREM
3057 3361 3076 3393 ,
3135 3317 3470 3383 CONTRA

1954 3591 2023 3605 ..-

449 3682 498 3739 l.
521 3679 787 3738 Perlectis
814 3682 901 3738 his
925 3696 1047 3750 quae
1075 3696 1105 3736 a
1131 3689 1220 3736 tua
1255 3683 1518 3754 religione
1556 3685 1758 3757 scripta
1787 3696 1938 3752 sunt,

2129 3687 2167 3741 l.
2217 3683 2556 3754 Ἐντυχόντες
2585 3682 2695 3745 τοῖς
2720 3680 2870 3752 παρὰ
2896 3681 2996 3753 τῆς
3017 3680 3118 3752 σῆς
3139 3678 3451 3745 θεοσεϐείας
3489 3699 3633 3753 γρα-

371 3786 522 3832 tuam
548 3774 765 3845 quidem
801 3773 856 3829 in
900 3771 1180 3830 Christum
1227 3775 1482 3846 pietatem
1510 3793 1634 3832 vere
1671 3779 1875 3849 approb

2127 3777 2328 3847 ῑσι,τὴν
2348 3776 2445 3846 μὲν
2467 3773 2564 3844 σὴν
2601 3774 2679 3837 εἰς
2709 3773 2941 3844 Χριστὸν
2971 3771 3252 3827 εὐσέϐειαν
3271 3773 3489 3844 ἀληθῶς
3518 3777 3631 3828 ἀπ-

371 3868 570 3930 vimus,
620 3865 915 3934 laudesque
954 3864 1064 3918 Deo
1094 3865 1361 3936 imprimis
1403 3869 1793 3937 persolvimus,
1843 3885 1875 3940 q

2128 3869 2361 3942 ξάμεθα,
2377 3869 2472 3922 καὶ
2481 3867 2569 3920 τὸν
2586 3867 2683 3938 μὲν
2693 3865 2824 3920 Θεὸν
2838 3867 3258 3938 προηγουμένως
3272 3867 3498 3932 ὲδοξάσα
3505 3888 3632 3940 μεν,

371 3958 468 4014 tibi
494 3956 806 4028 hujusmodi
834 3964 918 4011 est
937 3955 1163 4025 largitus
1195 3959 1446 4028 gratiam,
1473 3968 1532 4013 ut
1559 3968 1613 4014 et
1645 3970 1790 4015 recte
1815 3976 1873 4017 se

2129 3961 2311 4015 ωκότα
2343 3976 2423 4012 σοι
2454 3957 2552 4029 τὴν
2588 3957 2842 4029 τοιαύτην
2865 3959 3044 4029 χάριν,
3074 3954 3215 4010 ὥστε
3240 3959 3336 4011 καὶ
3363 3959 3464 4030 τὴν
3493 3961 3633 4030 φρό-

370 4049 522 4115 tires,
546 4063 646 4102 nec
670 4045 869 4102 diaboli
889 4045 1127 4110 fraudes,
1151 4057 1414 4116 quantum
1445 4051 1587 4105 scire
1609 4051 1755 4117 licet,
1786 4052 1874 4123 ign

2127 4070 2198 4105 rw
2243 4051 2386 4121 ἔχειν
2419 4049 2582 4122 ὀρθὴν
2605 4089 2620 4113 ,
2645 4050 2739 4103 καὶ
2771 4050 2845 4120 μὴ
2892 4047 3106 4116 ἀγνοεῖν
3140 4049 3282 4102 κατὰ
3305 4049 3368 4102 τὸ
3399 4049 3631 4105 δυνατὸν

370 4155 558 4195 rares:
586 4154 694 4194 non
728 4139 1007 4209 potuimus
1031 4153 1161 4194 vero
1190 4154 1296 4193 non
1330 4141 1591 4196 admirari
1620 4159 1874 4212 perverso

2127 4160 2139 4206 ;
2173 4141 2449 4212 μεθοδείας
2489 4139 2584 4192 τοῦ
2615 4139 2894 4192 διαϐόλου·
2935 4137 3036 4208 τὴν
3064 4137 3122 4191 δὲ
3172 4139 3280 4192 τῶν
3332 4141 3631 4212 αἱρετικῶν

369 4230 749 4287 haereticorum
781 4231 1049 4294 animum,
1085 4230 1180 4300 qui
1219 4231 1354 4285 adeo
1385 4232 1440 4286 in
1484 4232 1811 4303 profundum
1838 4236 1873 4290 il

2127 4235 2330 4287 κόνοιαν
2375 4232 2792 4304 ἐθαυμάσαμεν,
2855 4231 3181 4305 θεωροῦντες
3219 4233 3336 4297 πῶς
3371 4235 3631 4289 τοσοῦτον

368 4321 587 4392 pietatis
615 4321 848 4375 demersi
881 4326 1030 4384 sunt,
1070 4328 1131 4373 ut
1169 4321 1376 4374 nullum
1411 4320 1525 4390 jam
1556 4338 1776 4378 sensum
1807 4339 1872 4380 co

2154 4325 2405 4388 ἀσεϐείας
2439 4324 2710 4396 βάραθρον
2735 4321 3117 4389 πεπτώκασιν,
3149 4324 3223 4389 ὡς
3259 4325 3456 4396 μηκέτι
3490 4330 3630 4399 μηδὲ

370 4421 611 4476 servent,
636 4413 731 4468 sed
757 4419 1069 4481 corruptam
1095 4412 1244 4466 omni
1267 4428 1332 4467 ex
1355 4425 1506 4482 parte
1527 4413 1762 4469 habeant
1787 4431 1873 4469 me

2123 4436 2143 4482 ;
2174 4417 2452 4488 αἰσθήσεις
2487 4415 2709 4483 σώζειν,
2749 4416 2884 4472 ἀλλὰ
2920 4418 3253 4488 πανταχόθεν
3295 4419 3627 4491 διεφθαρμέ-

371 4513 503 4559 tem.
543 4503 703 4558 Certe
735 4501 1049 4572 liujusmodi
1099 4499 1312 4556 facinus
1343 4501 1619 4557 diabolum
1659 4513 1875 4560 auctore

2127 4528 2141 4561 ν
2172 4509 2316 4579 ἔχειν
2347 4508 2443 4580 τὴν
2467 4508 2720 4562 διάνοιαν.
2754 4509 2922 4562 Τοῦτο
2951 4509 3008 4563 δὲ
3044 4510 3104 4562 τὸ
3137 4511 3474 4582 ἐπιχείρημα
3511 4512 3631 4565 δια-

370 4599 554 4662 habet,
586 4607 776 4664 estque
805 4595 872 4649 ad
911 4594 1281 4663 improborum
1324 4594 1679 4650 imitationem
1724 4595 1874 4651 Judae

2125 4619 2198 4657 too
2233 4601 2330 4672 μέν
2372 4604 2519 4654 ἐστιν
2553 4599 2821 4672 ι’δποϐολὴ,
2864 4600 2972 4655 τῶν
3016 4600 3073 4654 δὲ
3115 4603 3446 4673 παρανόμων
3498 4605 3629 4657 Ἰου-

368 4707 513 4746 rum.
533 4688 669 4744 Nam
693 4699 752 4744 ut
773 4687 849 4742 illi
877 4687 1118 4755 undique
1143 4687 1400 4751 convicti,
1416 4689 1656 4744 rationes
1675 4691 1867 4745 advers

2123 4693 2204 4745 ξων
2256 4693 2503 4764 μίμησις.
2565 4693 2774 4764 Ὥσπερ
2827 4693 2937 4764 γὰρ
2987 4695 3216 4757 ἐκεῖνοι,
3284 4698 3627 4767 πανταχόθεν

369 4782 582 4852 seipsos
605 4780 1005 4851 exc0gitabant,
1030 4793 1096 4833 eo
1127 4786 1334 4832 tantum
1373 4789 1434 4833 ut
1458 4777 1748 4834 Dominum
1780 4797 1873 4853 ηερ

2122 4783 2422 4854 ιγχόμενοι,
2463 4784 2761 4854 προφάσεις
2807 4783 3062 4837 ὲπενόουν
3099 4785 3222 4837 καθ’
3251 4786 3460 4838 ἑαυτῶν
3483 4826 3497 4849 ,
3537 4788 3626 4841 ἵνα

367 4885 511 4941 rent,
543 4884 598 4930 et
619 4891 740 4946 quae
769 4874 1026 4945 praedicta
1071 4884 1199 4929 sunt
1233 4874 1284 4926 in
1323 4873 1530 4944 seipsos
1553 4875 1865 4930 attraheren

2123 4893 2203 4929 νον
2230 4876 2319 4928 τὸν
2349 4875 2550 4946 Κύριον
2579 4877 2939 4948 ἀρνήσωνται,
2967 4877 3061 4930 καὶ
3091 4876 3158 4929 τὰ
3178 4877 3627 4948 προφητευθέντα

369 4971 451 5026 sic
472 4978 526 5023 et
546 4969 637 5025 isti
669 4983 790 5024 cum
819 4983 878 5024 se
906 4968 1146 5038 undique
1176 4968 1375 5030 notari,
1400 4982 1665 5037 suamque
1687 4969 1873 5024 luet-esi

2123 4967 2167 5020 θ’
2197 4967 2406 5023 ἑαυτῶν
2453 4969 2890 5022 ἐπισπάσωνται·
2946 4970 3035 5023 τὸν
3076 4969 3235 5022 αὑτὸν
3285 4969 3484 5040 τρόπον
3528 4971 3627 5025 καὶ

368 5061 625 5117 omnibus
672 5059 1063 5115 exsecrandam
1107 5074 1230 5115 esse
1259 5059 1480 5124 vident,
1517 5074 1636 5114 sese
1666 5060 1872 5115 sceleru

2124 5075 2203 5123 τοι,
2235 5057 2565 5130 θεωροῦντες
2602 5061 2828 5124 ἑαυτοὺς
2862 5061 3197 5131 πανταχόθεν
3236 5060 3628 5132 στηλιτευομέ-

367 5162 622 5209 auctores
650 5167 760 5206 non
786 5162 1042 5206 verentur
1073 5151 1284 5217 tacere;
1321 5161 1378 5206 ut
1415 5161 1604 5206 contra
1649 5153 1871 5208 veritate

2122 5168 2182 5216 ις,
2217 5152 2311 5204 καὶ
2345 5151 2630 5220 βλέποντες
2660 5153 2957 5225 γενομένην
2983 5153 3093 5223 ('78)
3127 5153 3419 5225 βδελυκτὴν
3467 5173 3542 5208 πα
3555 5155 3626 5226 ρὰ

366 5258 610 5316 pugnare
639 5257 748 5297 non
793 5242 1137 5308 desistentes,
1171 5257 1296 5296 vere
1343 5241 1547 5297 Christi
1587 5241 1772 5297 hostes
1807 5257 1870 5313 pe

2122 5260 2174 5296 σι
2204 5243 2302 5314 τὴν
2328 5243 2535 5314 αἵρεσιν
2567 5244 2765 5312 αὐτῶν,
2809 5249 3095 5317 ἐφευρεταὶ
3140 5247 3375 5315 γίνονται
3407 5246 3622 5310 κακῶν,

366 5343 643 5392 maneant.
678 5331 836 5392 Unde
865 5333 1011 5389 enim
1050 5334 1158 5389 illis
1191 5333 1243 5387 id
1273 5342 1521 5388 exortum
1565 5333 1767 5388 malum
1806 5349 1864 5389 es

2116 5335 2238 5407 ιμὴ,
2261 5335 2558 5408 παυόμενοι
2575 5339 2694 5400 ταῖς
2716 5338 2852 5410 πρὸς
2867 5338 3235 5411 τὴνάλήθειαν
3258 5339 3458 5412 μάχαις
3482 5339 3620 5410 (79),

432 5494 550 5575 g7)
587 5494 800 5575 Scripta
833 5509 976 5575 anno
993 5493 1212 5575 circiter
1245 5491 1674 5575 5Zl.:—_-Seguer.
1700 5491 1802 5575 ’τοῦ
1835 5493 1931 5575 at}-

1334 5491 1674 5575 l.—.—_-Segu_er.
1700 5491 1802 5575 ’τοῦ
1835 5493 1931 5575 at?-
2249 5493 2506 5575 _$cgruer..,
2532 5497 2838 5575 γινομένην.

367 5561 460 5638 τοῦ
483 5561 738 5636 ὲπιστολὴ
765 5567 1039 5638 γραφεῖσα
1081 5563 1237 5634 πρός.
1284 5561 1445 5618 Basil.
1490 5561 1545 5619 et
1579 5563 1792 5634 Anglic.
1828 5578 1871 5618 at

1284 5561 1445 5618 Basil.
1490 5561 1545 5619 et
1579 5563 1792 5634 Anglic.
1828 5563 1926 5618 ad-
2107 5561 2220 5635 ('79)
2246 5561 2407 5622 Forte
2434 5561 2768 5638 τῆςμάχης.

367 5632 505 5688 dunt
530 5632 1087 5706 ιιιιοίιιιόίῒραφεῖσα.
