3810 6228
183 355 221 410 Ι
232 351 338 409 075

1157 355 1498 411 EPlSTOLA
1538 356 1630 410 AD
1670 353 2073 410 ADELPlllUM
2117 353 2528 411 EPISCOPUM.

3305 345 3434 404 1074

177 474 406 545 ἀληθῶς
445 476 810 546 Χριστομάχοι
855 475 1191 546 διαμείνωσι.
1240 478 1411 534 Πόθεν
1450 478 1557 549 γὰρ
1590 480 1772 542 αὐτοῖς

1884 478 1977 544 Qui
2007 478 2229 534 omnino
2268 493 2462 534 novam
2505 477 2644 531 hanc
2671 473 2996 530 calumniam
3030 479 3218 528 contra
3249 467 3438 526 Salva.

181 564 353 620 ἀνέδυ
382 565 476 619 καὶ
518 565 676 619 τοῦτο
713 567 772 620 τὸ
821 567 1023 632 κακόν;
1071 567 1195 630 Πῶς
1229 569 1364 632 ὅλως
1409 569 1776 640 τετολμήκασι

178 658 289 729 τήν
317 657 510 728 καινὴν
544 657 747 729 ταύτην
779 659 1088 730 δυσφημίαν
1129 659 1463 729 φθέγξασθαι
1509 659 1651 715 κατὰ
1683 659 1776 712 τοῦ

179 746 474 817 Σωτῆρος;
508 746 644 810 ἀλλ’,
672 748 748 811 ὡς
777 747 942 812 ἔοικε,
965 751 1199 821 πονηρὸν
1229 753 1256 803 ὁ
1286 751 1505 822 ἀσεϐὴς,
1539 751 1632 804 καὶ
1664 751 1779 804 ἀδό-

177 855 352 910 κιμος
370 837 481 909 (80)
507 837 675 902 ὅντως
703 839 830 910 περὶ
855 839 952 911 τὴν
983 841 1184 894 πίστιν.
1215 841 1484 912 Πρότερον
1517 841 1646 911 γάρ,
1674 842 1774 912 ἀρ-

175 931 441 1004 νούμενοι
465 931 564 1002 τὴν
597 931 827 1003 θεότητα
856 933 950 986 τοῦ
979 932 1296 1004 μονογενοῦς
1328 933 1456 986 Υίοῦ
1499 935 1592 986 τοῦ
1617 933 1773 996 Θεοῦ,

173 1023 547 1095 ὑπεκρίνοντο
583 1022 687 1076 κᾶν
715 1023 812 1095 τὴν
839 1023 1098 1096 ἐνσαρκον
1133 1024 1298 1078 αὐτοῦ
1325 1025 1626 1096 παρουσίαν
1657 1026 1776 1079 ἐπι-

172 1114 509 1184 γινώσκειν·
562 1114 656 1168 νῦν
702 1115 782 1177 δὲ,
845 1115 962 1168 κατ’
1001 1115 1176 1184 ὀλίγον
1226 1115 1771 1180 ὑποκαταϐαίνοντες.

173 1203 456 1272 ἐξέπεσαν
487 1205 580 1258 καὶ
600 1203 801 1274 ταύτης
831 1204 1008 1258 αὐτῶν
1047 1205 1144 1276 τῆς
1167 1206 1412 1276 οἰήσεως,
1447 1207 1542 1258 καὶ
1563 1223 1771 1260 παντα-

174 1295 347 1368 χόθεν
367 1295 515 1350 ἄθεοι
542 1297 848 1365 γεγόνασιν,
877 1295 1017 1349 ὥστε
1050 1298 1185 1367 μήτε
1224 1297 1354 1350 Θεὸν
1390 1298 1550 1351 αὐτὸν
1595 1301 1774 1366 ἐπιγι-

175 1387 458 1452 νώσκειν,
497 1388 620 1460 μήθ’
668 1389 749 1440 ὅτι
792 1387 1077 1460 ἄνθρωπος
1123 1388 1312 1456 γέγονε
1368 1388 1660 1443 πιστεύειν.
1710 1389 1774 1442 Ei

172 1480 296 1551 γὰρ
322 1481 624 1544 ἐπίστευον,
655 1479 756 1532 οὐκ
783 1477 848 1532 ἂν
877 1478 1098 1531 τοιαῦτα
1127 1478 1474 1547 ἐφθέγξαντο,
1501 1474 1588 1532 οἷα
1617 1479 1776 1550 ἔγρα-

173 1571 288 1640 ψεν
317 1573 350 1641 ή
380 1569 445 1641 σὴ
479 1569 760 1622 θεοσέϐεια
792 1569 912 1622 κατ’
940 1568 1139 1621 αὐτῶν.

257 1661 315 1714 2.
343 1662 414 1714 Σὺ
451 1661 548 1732 μὲν
579 1656 691 1725 οὖν,
736 1661 988 1731 ἀγαπητὲ
1036 1661 1128 1713 καὶ
1155 1659 1265 1730 (81)
1295 1659 1508 1730 άληθῶς
1542 1658 1774 1712 ποθεινό-

174 1767 342 1813 τατε,
374 1750 654 1821 πρέποντα
681 1752 746 1820 τῇ
780 1749 1203 1820 ὲκκλησιαστικῇ
1257 1748 1553 1820 παραδόσει
1582 1748 1676 1801 καὶ
1706 1751 1768 1818 τῇ

175 1843 269 1906 είς
313 1841 406 1894 τὸν
439 1841 639 1914 Κύριον
692 1841 942 1912 εὐσεϐείᾳ
991 1841 1328 1912 πεποίηκας,
1377 1840 1636 1908 ἐλέγξας,
1681 1840 1773 1894 καὶ
1806 1823 1846 1876 Β

177 1935 528 2007 παραινέσας
571 1935 666 1987 καὶ
713 1935 1048 2004 ἐπιτιμήσας
1096 1936 1208 1995 τοῖς
1249 1931 1537 1994 τοιούτοις*
1589 1931 1776 2003 ἐπειδὴ

174 2027 264 2088 δὲ,
305 2023 733 2096 παροξυνόμενοι
773 2024 924 2094 παρὰ
956 2021 1049 2076 τοῦ
1080 2024 1285 2094 πατρὸς
1322 2022 1502 2077 αὐτῶν
1542 2023 1634 2077 τοῦ
1662 2023 1777 2076 6w.-

176 2117 370 2181 δόλου,
394 2118 506 2170 οὐκ
541 2116 846 2185 ἔγνωσαν,
881 2114 1022 2168 οὐδὲ
1059 2116 1371 2184 συνῆκαν,
1415 2115 1553 2168 κατὰ
1585 2116 1644 2168 τὸ
1682 2131 1775 2183 γεο

175 2207 538 2279 γραμμένον,
583 2207 719 2260 ἀλλὰ
763 2207 833 2259 ἐν
871 2208 1074 2260 σκότει
1123 2205 1603 2274 διαπορεύονται·
1647 2222 1778 2276 μαν-

180 2299 502 2353 θανέτωσαν
556 2297 706 2368 παρὰ
757 2298 856 2368 τῆς
896 2297 995 2369 σῆς
1028 2296 1340 2364 εὐλαϐείας,
1371 2298 1446 2360 ὡς
1495 2297 1775 2368 ἡτοιαύτη

179 2389 373 2444 αὐτῶν
425 2389 682 2444 κακόνοια
742 2388 1092 2443 Οὐαλεντίνου
1151 2389 1246 2442 καὶ
1303 2389 1629 2460 Μαρκίωνος
1685 2388 1778 2442 καὶ

179 2483 493 2554 Μανιχαίου
523 2483 632 2554 (82)
660 2483 805 2536 ἐστίν
826 2500 840 2513 ο
877 2476 952 2535 ὧν
972 2484 1020 2534 οί
1053 2483 1151 2552 μὲν
1185 2483 1304 2536 ἀντὶ
1341 2481 1596 2553 ἀληθείας
1629 2481 1781 2551 δόκη,

182 2596 275 2631 σιν
311 2577 675 2648 εἰσηγήσαπο
694 2614 710 2640 ,
739 2576 789 2628 οί
821 2574 876 2627 δὲ
913 2573 1247 2646 διαιροῦντες
1267 2574 1335 2627 τὰ
1363 2574 1640 2644 ἀδιαίρετα
1675 2575 1777 2644 ἡρ-

182 2672 425 2742 νήσαντο
456 2669 537 2732 τὸ,
583 2669 645 2722 '0
674 2671 866 2738 Λόγος
895 2667 1051 2736 σὰρξ
1072 2665 1304 2737 ἐγένετο
1324 2707 1340 2730 ,
1373 2665 1471 2719 καὶ
1509 2663 1778 2732 ἐσκήνω-

181 2778 307 2816 σεν
336 2760 594 2830 ἐνήμῖν.
644 2761 744 2814 Διὰ
789 2760 842 2814 τί
873 2756 1002 2826 οῦν,
1059 2760 1127 2814 τὰ
1179 2759 1381 2814 τούτων
1434 2758 1776 2829 φρονοῦντες.

183 2855 315 2924 οὐχ).
349 2853 442 2906 καὶ
474 2852 582 2906 τῶν
616 2853 893 2923 ὀνομάτων
929 2851 1108 2908 αὐτῶν
1139 2851 1377 2920 γίνονται
1413 2851 1775 2922 κληρονόμοις

186 2947 433 3014 Εῦλογον
460 2945 571 3018 γὰρ
592 2938 666 2999 ὧν
697 2945 794 3015 τὴν
833 2943 1152 3008 κακοδοξίαν
1183 2943 1384 3013 ἔχουσι,
1407 2942 1609 2997 τούτων
1631 2942 1776 3012 ἔχειν

188 3038 289 3092 καὶ
317 3037 388 3090 τὰ
425 3037 662 3108 ὀνόματα
700 3037 837 3107 (85),
873 3037 958 3089 ἵνα
1008 3035 1191 3088 λοιπὸν
1225 3035 1652 3088 Ούαλεντινιανοὶ
1684 3036 1779 3089 καὶ

1878 580 2048 624 torem
2077 568 2318 640 proferre
2340 568 2458 623 ausi
2488 567 2651 622 sunt?
2686 565 2812 631 Sed,
2839 575 2899 620 ut
2920 566 3140 636 planum
3169 573 3272 630 est,
3297 563 3437 619 mala

1880 677 1969 716 res
2029 671 2114 716 est
2144 661 2362 730 impius.
2405 676 2468 715 ac
2504 675 2686 715 revera
2719 658 2984 728 reprobus
3016 657 3158 712 circa
3181 655 3337 710 fidem
3368 655 3436 708 τ’.

1876 749 2119 804 Primum
2155 750 2298 804 enim
2333 759 2522 819 negata
2566 749 2828 817 unigeniti
2851 746 2972 802 Filii
3007 745 3101 801 Dei
3132 745 3434 808 divinitate,

1875 841 1994 908 ejus
2017 840 2204 894 saltem
2237 854 2555 907 corporeum
2579 839 2868 892 adventum
2899 850 3193 906 agnoscere
3211 835 3438 890 simula-

1874 939 2070 986 verunt
2096 949 2110 985 :
2142 947 2286 985 nunc
2311 942 2486 985 autem
2519 930 2777 1000 paulatim
2809 928 3037 998 delapsi,
3061 928 3200 982 hanc
3219 940 3438 996 quoque

1876 1020 2232 1090 repudiarunt
2262 1021 2606 1085 sententiam,
2638 1029 2799 1089 atque
2826 1019 2973 1074 omni
3005 1035 3071 1072 ex
3105 1027 3259 1087 parte
3291 1017 3436 1071 athei

1874 1110 2003 1166 facti
2039 1119 2186 1174 sunt,
2219 1121 2276 1164 ut
2303 1111 2480 1180 ipsum
2520 1126 2693 1180 neque
2717 1117 3015 1181 agnoscant
3045 1109 3234 1173 Deum,
3263 1123 3440 1177 neque

1875 1203 2150 1257 hominem
2179 1201 2379 1258 factum
2405 1219 2528 1258 esse
2557 1203 2798 1258 credant.
2828 1200 2960 1256 Nam
2985 1202 3030 1256 si
3055 1201 3356 1264 crederent,
3374 1215 3437 1254 ea

1875 1311 2005 1350 sane
2049 1295 2215 1350 locuti
2258 1309 2365 1349 non
2397 1293 2650 1355 fuissent.
2681 1309 2801 1350 uuae
2844 1302 2935 1350 tua
2977 1293 3148 1364 pietas
3179 1293 3439 1348 adversus

1874 1386 2022 1456 ipsos
2055 1388 2289 1458 scripsit.

1940 1667 1994 1722 9...
2037 1667 2118 1722 Tu
2167 1668 2366 1738 igitur,
2397 1667 2590 1724 dilecte
2636 1677 2690 1722 et
2727 1683 2854 1724 rere
2889 1669 3269 1738 optatissime,
3324 1682 3437 1722 rem

1872 1757 2256 1813 ecclesiastica:
2302 1758 2579 1813 traditioni
2623 1769 2678 1813 et
2730 1759 2932 1813 Christi
2991 1759 3242 1828 religioni
3285 1758 3442 1813 valde

1874 1856 2294 1900 consentaneam
2333 1848 2631 1917 peregisti,
2669 1863 2792 1903 cum
2834 1847 3146 1916 hujusmodi
3193 1847 3440 1903 homines

1874 1935 2142 2001 refutasti,
2175 1937 2436 2000 invitasti.
2465 1937 2786 2008 objurgasti.
2816 1938 3045 2003 Quando
3070 1953 3198 1992 vero
3224 1937 3440 1994 diabolo

1875 2029 2114 2098 ipsorum
2171 2037 2322 2100 patre
2363 2029 2697 2099 impellente,
2735 2029 3050 2092 nescierunt,
3081 2045 3242 2099 neque
3284 2029 3442 2082 intel-

1875 2122 2134 2185 lexerunt,
2163 2122 2242 2176 uti
2265 2121 2523 2192 scriptum
2553 2128 2639 2175 est
2660 2121 2705 2152 ⁸⁸
2725 2124 2764 2185 ',
2797 2119 2890 2176 sed
2924 2121 2978 2174 in
3005 2119 3229 2174 tenebris
3249 2118 3439 2172 ambu-

1877 2213 2022 2277 lant;
2055 2213 2269 2268 discant
2316 2227 2347 2266 a
2398 2222 2488 2267 tua
2541 2211 2739 2281 pietate
2784 2224 3003 2281 pravam
3047 2225 3168 2264 eam
3225 2210 3438 2264 illorum

1877 2305 2226 2370 sententiam,
2259 2303 2550 2370 Valentini,
2583 2301 2872 2358 Marcionis
2901 2311 2956 2358 et
2983 2300 3263 2356 Manichaci
3297 2315 3439 2364 esse,

1876 2412 2109 2467 quorum
2132 2397 2222 2451 alii
2259 2412 2354 2465 pro
2383 2396 2608 2451 veritate
2635 2411 2839 2450 meram
2866 2393 3099 2463 speciem
3143 2395 3432 2457 induxere,

1877 2487 1967 2541 alii
2000 2487 2276 2542 individua
2304 2487 2636 2553 dividentes,
2663 2487 2792 2540 illud
2829 2483 3122 2556 Scriptura:
3155 2500 3442 2549 negavere,

1889 2575 2110 2630 Verbum
2128 2593 2253 2630 caro
2275 2576 2476 2645 factum
2497 2587 2574 2632 est
2594 2589 2644 2632 et
2664 2577 2917 2632 habitavit
2941 2578 2993 2632 in
3013 2575 3161 2630 nobis
3177 2578 3243 2632 δι.
3263 2575 3445 2643 Quare

1879 2668 2044 2740 igitur
2071 2684 2195 2723 cum
2226 2670 2413 2742 eadem
2440 2685 2561 2739 qua;
2595 2669 2671 2724 illi
2709 2672 2968 2733 sentiant.
2994 2668 3312 2724 earumdem
3343 2682 3445 2722 no-

1879 2758 2088 2812 minum
2117 2759 2356 2815 haeredes
2378 2775 2484 2814 non
2518 2761 2688 2814 fiunt?
2720 2759 2999 2830 Siquidem
3029 2775 3245 2829 aequum
3268 2767 3353 2814 est
3375 2759 3445 2813 il-

1878 2851 1961 2906 los
1995 2851 2237 2922 ipsorum
2261 2853 2441 2906 vocari
2473 2852 2711 2916 nomine,
2744 2867 2976 2922 quorum
3008 2866 3319 2921 perversam
3359 2865 3450 2906 se-

1879 2951 2124 3012 quuntur
2161 2944 2507 3011 sententiam,
2536 2953 2595 2998 ut
2617 2943 2726 3013 jam
2758 2944 3010 3013 deinceps
3044 2940 3438 3005 Valentiniani,

1880 3034 2242 3090 llarcionistae
2268 3044 2322 3089 et
2347 3035 2620 3090 Manichaei
2646 3035 2969 3090 vocitentur.
3006 3033 3168 3089 Forte
3194 3033 3339 3089 enim
3378 3033 3450 3088 ob

186 3129 614 3198 Μαρκιωνισταὶ
666 3129 760 3182 καὶ
808 3129 1093 3198 Μανιχαῖοι
1148 3127 1438 3196 καλῶνται.
1488 3129 1638 3198 Τάχα
1671 3130 1776 3181 κᾶν

1884 3127 2098 3180 illorum
2123 3126 2402 3180 nominum
2450 3125 2731 3180 infamiam
2769 3126 3174 3188 erubescentes,
3202 3123 3448 3179 animad-

184 3216 369 3278 οὕτως
393 3216 480 3270 διὰ
499 3217 598 3287 τὴν
624 3217 730 3270 τῶν
781 3218 1055 3288 ὀνομάτων
1091 3217 1352 3269 δυσωδίαν
1394 3217 1770 3288 αἰσχυνόμενοι

187 3312 526 3382 κατανοῆσαι
558 3311 853 3382 δυνηθῶσιν
877 3353 892 3376 ,
920 3313 999 3374 εἰς
1026 3313 1148 3364 ὅσον
1187 3311 1348 3381 βάθος
1393 3312 1645 3375 ἀσεϐείας
1679 3329 1776 3365 πε-

187 3401 466 3457 πτώκασι.
498 3403 609 3456 Καὶ
639 3399 707 3474 ἦν
740 3403 835 3472 μὲν
852 3402 1058 3456 δίκαιον
1086 3402 1281 3471 μηκέτι
1309 3402 1517 3466 τούτοις
1543 3402 1774 3473 ἀποκρί-

188 3491 409 3556 νασοαι,
429 3492 567 3545 κατὰ
582 3493 677 3563 τὴν
703 3491 1019 3562 παραίνεσιν
1033 3490 1127 3562 τὴν
1150 3491 1509 3562 ἀποστολικήν
1533 3511 1544 3523 ·
1565 3491 1669 3561 (84)
1688 3494 1777 3546 Αι-

181 3584 432 3656 ρετικὸν
467 3583 778 3652 ἄνθρωπον
814 3584 965 3653 μετὰ
996 3585 1142 3652 μίαν
1182 3585 1279 3638 καὶ
1313 3583 1599 3652 δευτέραν
1638 3602 1776 3637 νου-

191 3676 410 3731 θεσίαν
427 3676 734 3744 παραιτοῦ,
768 3674 957 3741 εἰδὼς,
989 3675 1077 3728 ὅτι
1097 3674 1490 3743 ἐξέστραπται
1522 3678 1554 3728 o'
1586 3675 1776 3729 τοιοῦ-

191 3787 300 3836 τος
327 3807 342 3832 ,
371 3769 468 3822 καὶ
503 3767 823 3838 ἁμαρτάνει
860 3767 944 3820 ὢν
975 3765 1473 3836 αὐτοκατάκριτος
1499 3784 1511 3797 ·
1543 3768 1777 3838 μάλιστα

191 3860 277 3913 δτι
312 3860 406 3912 καὶ
431 3858 540 3929 (85)
574 3861 602 3912 ό
647 3860 931 3930 προφήτης
977 3859 1106 3930 περὶ
1141 3857 1248 3912 τῶν
1280 3859 1536 3912 τοιούτων
1577 3861 1773 3929 φησίν·

202 3950 272 4007 Ὀ
290 3952 492 4022 μωρὸς
511 3953 678 4021 μωρὰ
696 3954 978 4017 λαλήσει,
1010 3953 1109 4006 καὶ
1136 3953 1175 4020 ή
1214 3953 1428 4020 καρδία
1455 3954 1643 4007 αὐτοῦ
1673 3953 1786 4023 μά-

192 4045 562 4114 ταιανοήσει
583 4064 595 4076 ο
626 4046 812 4116 ἐπειδὴ
836 4045 893 4098 δὲ
916 4045 1026 4115 (86)
1063 4045 1202 4099 κατὰ
1234 4046 1324 4098 τὸν
1362 4045 1662 4115 ἡγούμενον
1695 4046 1786 4099 αύ-

193 4139 307 4192 τῶν
345 4137 725 4208 περιέρχονται
751 4136 844 4189 καὶ
882 4136 1054 4200 αὐτοὶ,
1097 4136 1172 4200 ὼς
1202 4137 1443 4201 λέοντες,
1495 4135 1782 4206 ζητοῦντες

193 4229 319 4283 τίνα
346 4227 654 4282 καταπίωσι
685 4228 791 4282 τῶν
827 4229 1101 4300 ἀκεραίων
1121 4246 1136 4260 ο
1175 4229 1365 4282 τούτου
1406 4229 1588 4282 ἕνεκεν
1622 4229 1786 4298 ἀναγ-

198 4324 354 4374 καῖον
378 4321 598 4390 γέγονεν
628 4322 758 4391 ἡμῖν
782 4324 847 4392 τῇ
880 4325 945 4393 σῇ
993 4321 1249 4393 εὐλαϐείᾳ
1271 4321 1599 4394 ἀντιγράψαι
1617 4361 1632 4384 ,
1671 4321 1778 4380 ἵνα.

1881 3228 2089 3274 vertere
2117 3227 2370 3290 poterunt
2402 3219 2456 3272 in
2490 3227 2754 3287 quantum
2789 3217 3080 3286 impietatis
3113 3214 3447 3286 profundum

1879 3311 2192 3367 ceciderint.
2230 3310 2334 3366 Par
2372 3325 2505 3366 sane
2553 3310 2744 3364 fuisset
2776 3309 2911 3362 nihil
2945 3309 3180 3377 amplius
3224 3307 3334 3361 illis
3361 3322 3448 3361 re-

1881 3403 2166 3473 spondere,
2185 3403 2260 3456 uti
2295 3403 2584 3471 Apostolus
2599 3401 2680 3456 his
2699 3401 2876 3456 verbis
2890 3412 3073 3454 monet
3094 3417 3107 3452 :
3127 3398 3448 3454 Hareticunt

1882 3495 2141 3548 hominem
2165 3502 2280 3563 post
2303 3509 2462 3546 unam
2493 3501 2540 3546 et
2569 3490 2849 3546 secundum
2881 3490 3044 3560 729
3071 3491 3452 3559 correptione»:

1882 3587 2081 3646 devita.
2111 3587 2279 3639 sciens
2305 3585 2429 3655 quia
2454 3583 2726 3637 subversas
2765 3593 2840 3636 est
2877 3585 2964 3652 qui
2991 3582 3250 3652 ejusmodi
3274 3591 3371 3646 est,
3401 3592 3450 3634 et

1881 3677 2134 3745 delinquit
2174 3691 2292 3729 cum
2343 3675 2410 3727 sit
2449 3690 2508 3728 eo
2545 3676 2656 3742 ipso
2695 3671 3069 3726 condemnatus
3097 3671 3181 3724 8':
3218 3670 3454 3724 maxime

1883 3790 2006 3830 cum
2031 3773 2191 3828 etiam
2228 3771 2487 3842 propheta
2525 3771 2592 3825 de
2623 3771 2810 3825 iisdem
2837 3769 3023 3824 dicat:
3058 3768 3265 3825 Stultus
3288 3769 3454 3822 stulta

1883 3866 2141 3935 loquetur,
2179 3874 2228 3918 et
2268 3880 2357 3916 cur
2383 3862 2496 3932 ejus
2540 3878 2672 3915 uana
2715 3861 2962 3932 cogitabit
2985 3861 3052 3915 ⁸³.
3105 3859 3302 3916 Verum
3328 3876 3451 3914 cum

1887 3958 1985 4020 illi,
2005 3956 2161 4012 ducis
2181 3956 2264 4010 sui
2290 3955 2538 4022 exemplo
2561 3955 2706 4008 velut
2726 3954 2909 4008 leones
2929 3954 3287 4015 circumeanl,
3306 3969 3454 4021 quae-

1887 4055 2070 4102 rentes
2117 4061 2281 4116 quem
2326 4060 2356 4100 e
2395 4045 2818 4114 simplicioribus
2865 4043 3206 4108 devorent”,
3254 4042 3456 4097 idcirco

1884 4138 2258 4194 necessarium
2282 4137 2439 4192 nobis
2462 4137 2562 4190 fuit
2586 4147 2692 4191 tuae
2721 4135 2904 4206 pietati
2930 4136 3246 4197 rescribere,
3267 4143 3322 4189 ut
3347 4132 3456 4188 fra-

1884 4240 1997 4285 tres
2027 4236 2118 4284 tua
2155 4230 2351 4284 iterum
2385 4229 2634 4284 instructi
2666 4227 3070 4295 admonitione,
3097 4241 3288 4282 eorum
3328 4225 3456 4280 futi-

1884 4321 2089 4376 litatem
2119 4320 2292 4391 magis
2326 4320 2608 4390 magisque
2635 4319 3061 4389 deprehendant.

196 4412 362 4466 πάλιν
380 4413 469 4466 διὰ
501 4415 600 4484 τῆς
624 4414 724 4484 σῆς
752 4415 1030 4478 νουθεσίας
1059 4415 1169 4486 (87)
1195 4415 1454 4486 μαθόντες
1477 4417 1526 4469 οί
1555 4415 1793 4486 ἀδελφοὶ,
1817 4413 2296 4484 καταγινώσκωσιν
2329 4415 2421 4468 ἐπὶ
2447 4414 2629 4468 πλεῖον
2655 4413 2756 4484 τῆς
2789 4413 3012 4466 ἐκείνων
3053 4408 3452 4483 ματαιολογίας.

270 4509 326 4561 5.
355 4509 428 4562 Οὐ
477 4508 683 4580 κτίσμα
716 4509 1128 4582 προσκυνοῦμεν
1153 4529 1166 4542 ·
1203 4511 1278 4582 μὴ
1325 4511 1567 4580 γένοιτοι
1611 4511 1777 4565 Ἐθνι-

1952 4512 2006 4566 5.
2059 4509 2244 4581 Itaque
2290 4525 2402 4564 rem
2444 4519 2683 4565 creatam
2736 4523 2846 4562 non
2901 4508 3231 4562 adoramus:
3277 4504 3452 4559 absit!

198 4599 314 4654 κῶν
341 4599 450 4668 γὰρ
491 4601 587 4654 καὶ
625 4600 918 4672 Ἀρειανῶν
947 4603 979 4672 ή
1013 4602 1234 4674 τοιαύτη
1287 4602 1457 4672 πλάνη
1481 4619 1493 4631 ·
1526 4601 1663 4655 ἀλλὰ
1689 4601 1779 4654 τὸν

198 4693 408 4764 Κύριον
435 4693 534 4763 τῆς
567 4694 793 4757 κτίσεως
827 4694 1177 4764 σαρκωθέντα
1208 4703 1299 4748 τον
1327 4694 1421 4748 τοῦ
1450 4693 1585 4748 Θεοῦ
1608 4693 1778 4762 Λόγον

199 4782 634 4855 προσκυνοῦμεν.
691 4785 754 4838 Et
798 4783 904 4857 γὰρ
941 4785 1052 4856 (88)
1085 4785 1241 4856 καὶὴ
1292 4783 1430 4856 σὰρξ
1478 4784 1616 4856 αὑτὴ
1653 4784 1774 4838 καθ’

269 4962 316 4995 π
345 4960 368 5016 ι
398 4962 538 5019 Tim.
573 4979 659 5032 ιιι,
691 4963 745 5020 8.
820 4966 869 4997 ⁸⁰
895 4965 1038 5023 Psal.
1069 4981 1251 5032 LXXXI,
1412 4967 1455 4998 ⁸¹
1501 4965 1657 5022 Joan.
1681 4983 1718 5032 ι,
1748 4967 1833 5022 14.

275 5161 390 5235 (8ο)
414 5163 654 5235 ᾼηςιίση
677 5164 956 5235 ἀδόκιμον.

275 5231 389 5303 (81)
419 5231 523 5304 Sicf
553 5231 869 5301 Seguerian.
910 5235 1014 5289 Alii
1057 5243 1112 5288 et
1161 5235 1288 5291 editi
1330 5233 1650 5304 particulam
1687 5233 1782 5286 καί

205 5306 482 5376 omittunt.
512 5303 568 5356 In
599 5304 757 5360 Gobl.
779 5316 832 5360 et
854 5304 998 5361 Felc.
1046 5305 1099 5370 1,
1129 5305 1264 5371 haec,
1287 5303 1504 5376 ἀληθῶς
1538 5304 1783 5358 ποθεινός

203 5391 353 5435 τατε,
377 5373 592 5428 desunt.
1378 5373 1389 5376 “

277 5442 390 5529 (82)
409 5444 797 5511 Seguerianus,
821 5443 1136 5502 Basiliensis
1156 5456 1210 5501 et
1232 5444 1586 5514 Anglicanus,
1612 5444 1786 5498 Μανι-

205 5529 400 5656 ἕαέἒιὲ).
421 5582 806 5656 δςευρνὶδηυε.
832 5586 898 5656 ,τὸ
922 5585 1110 5656 ὄνομα.
1146 5585 1288 5647 Mox,
1317 5585 1606 5656 MG‘IIZGEO'.
1629 5585 1782 5639 deest

209 5652 262 5708 in
290 5652 425 5707 etlit.
457 5652 722 5710 Commel.
748 5666 802 5711 et
827 5655 971 5710 Fclc.
1002 5652 1055 5708 ἱ.

280 5723 391 5793 (84)
427 5721 790 5794 Seguerianus
812 5727 957 5782 addit
984 5727 1080 5797 τὴν
1103 5726 1383 5793 λέγουσαν.

1886 4600 2242 4656 Ethnicorum
2279 4602 2424 4656 enim
2459 4613 2513 4656 et
2541 4601 2870 4654 Arianorum
2905 4609 2989 4654 est
3022 4598 3334 4666 hujusmodi
3368 4611 3457 4652 er-

1885 4708 1998 4748 ror.
2038 4691 2142 4748 Sed
2176 4709 2358 4748 rerum
2401 4701 2708 4748 creatarum
2763 4691 3072 4752 Dominum,
3105 4703 3325 4743 carnem
3373 4686 3457 4741 fa-

1882 4792 2052 4846 ctum,
2090 4781 2181 4836 Dei
2215 4783 2446 4837 Verbum
2487 4781 2798 4836 adoramus.
2854 4779 2962 4838 Etsi
2991 4781 3137 4834 enim
3186 4779 3302 4848 ipsa
3327 4792 3457 4833 caro

1910 4966 1956 4998 ⁸³
1976 4965 2081 5021 Tit.
2100 4981 2182 5030 Ill,
2206 4964 2289 5028 10,
2346 4965 2434 5020 ll.
2513 4963 2558 4996 ⁸⁸
2583 4964 2686 5018 lsa.
2706 4977 2880 5027 xxxii,
2911 4961 2961 5014 6.
3031 4959 3080 4992 "
3105 4959 3126 5012 ι
3148 4957 3290 5015 Petr.
3317 4975 3372 5027 v,
3399 4959 3454 5013 8.

1955 5167 2068 5236 (85)
2107 5164 2625 5238 Segtteriatiusant
2652 5164 2732 5238 ὅτι
2769 5162 2881 5238 καί,
2912 5173 3016 5218 etc.

1953 5228 2066 5308 (86)
2107 5228 2209 5291 Sic'
2227 5235 2452 5308 Seguer.
2487 5235 2650 5291 Basil.
2686 5233 3042 5304 Anglicanus.
3075 5231 3182 5286 Alii
3227 5237 3283 5285 et
3323 5228 3455 5286 edit.

1883 5305 2148 5362 Commel.
2182 5307 2239 5360 δέ
2271 5305 2548 5362 omittunt.

1958 5378 2071 5448 (87)
2113 5377 2503 5447 Seguerianus,
2554 5369 2972 5448 συνέσεως-.--ΕΚ
3019 5372 3208 5448 eodem
3234 5368 3454 5448 ibidem,

1885 5441 2072 5502 vocem
2109 5441 2229 5518 σῆξ.
2281 5464 2402 5517 qua:
2449 5449 2500 5499 in
2550 5447 2672 5499 aliis
2708 5455 2763 5499 et
2809 5443 2968 5498 editis
3010 5442 3182 5506 deest,
3218 5441 3458 5494 restitui-

1887 5534 2032 5571 mus.
2062 5518 2182 5571 Mox
2214 5516 2337 5571 Sea.
2371 5515 2536 5569 Basil.
2567 5515 2645 5568 ἔτι
2684 5515 2883 5568 habent
2911 5527 3010 5571 Dro
3034 5513 3146 5564 ἐπί.

2017 5557 2032 5571 ο
2062 5531 2182 5571 ΜΟΧ
2214 5531 2337 5571 δθιι.
2371 5531 2536 5569 uasu.
2567 5531 2645 5568 ετι
2684 5531 2883 5568 ιιθοειιι
2911 5531 3010 5571 1)Γο
3034 5531 3146 5564 επι.

1887 5534 2032 5571 mus.
2062 5528 2182 5572 Mox
2214 5528 2337 5586 Seg.
2371 5528 2536 5569 uasat.
2567 5528 2645 5568 ετι
2684 5528 2883 5568 habent
2911 5528 3010 5581 pro
3034 5528 3146 5564 επι.

1914 5657 1918 5658 ί
1957 5587 2070 5658 (88)
2113 5585 2210 5658 Sie
2251 5585 2493 5658 Seguer;
2524 5583 2688 5658 Basil.
2716 5584 3070 5658 anglicanus.
3117 5580 3296 5636 Editio
3326 5595 3455 5636 vero

1884 5654 2148 5712 Commel.
2183 5654 2347 5713 Gobl.‘
2373 5665 2426 5711 et
2455 5654 2600 5710 Felc.
2627 5657 2676 5720 l,
2718 5655 2782 5707 Ἠ
2810 5654 2938 5724 γάρ.
