3810 6228
407 331 550 387 1075

982 336 1040 395 S.
1084 336 1452 394 ATHANASII
1491 340 1641 396 OPP.
1685 343 1866 399 PARS
1905 344 1945 401 Ι.
1989 354 2059 386 4-
2098 345 2466 405 HISTORICA
2504 349 2592 405 ET
2632 351 3049 411 DOGMATICA.

3508 359 3652 415 1076

407 464 654 507 seorsum
706 461 965 521 spectata,
1014 470 1141 525 pars
1170 458 1252 511 sit°
1272 472 1453 512 rerum
1506 470 1835 524 creatarum,
1881 471 1963 516 at-

2080 465 2263 535 ὲαυτὴν
2296 467 2460 538 μέρος
2502 468 2619 522 ἐστὶ
2649 470 2758 523 τῶν
2790 471 3123 542 κτισμάτων,
3147 470 3282 524 ἀλλὰ
3311 470 3450 526 Θεοῦ
3482 474 3651 545 γέγο-

407 551 592 597 tamen
620 542 713 598 Dei
744 544 878 599 facta
902 556 987 601 est
1022 562 1241 617 corpus.
1276 548 1463 619 Neque
1498 567 1627 606 vero
1659 554 1971 623 hujusmodi

407 646 608 702 corpus
641 648 671 688 a
702 632 878 690 Verbo
922 637 1221 694 dividentes
1267 642 1579 707 adoramus,
1623 659 1798 714 neque
1845 661 1969 700 cum

410 722 646 779 Verbum
670 726 923 783 volumus
950 731 1195 795 adorare,
1228 733 1404 802 ipsum
1437 750 1466 787 a
1513 751 1679 791 carne
1724 753 1970 793 remove-

406 833 567 872 mus:
601 820 716 885 sed,
748 829 809 874 ut
837 824 1091 891 superius
1127 825 1386 888 diximus,
1416 825 1550 893 haec,
1593 826 1811 882 Verbum
1847 846 1970 884 caro

390 908 609 977 factum
645 919 756 974 est,
797 927 903 966 non
943 913 1280 984 ignorantes,
1302 918 1441 973 idem
1464 917 1694 972 Verbum
1724 919 1777 973 in
1807 935 1972 975 carne

402 1003 695 1067 exsistens,
731 1000 903 1057 Deum
951 1007 1319 1073 agnoscimus.
1371 1007 1504 1074 Quis
1532 1024 1662 1079 ergo
1708 1011 1844 1065 adeo
1879 1012 1973 1066 de-

401 1104 558 1145 mens
592 1092 681 1156 sit,
715 1102 770 1146 ut
799 1090 1031 1150 Domino
1058 1095 1205 1152 dicat
1231 1115 1243 1151 :
1274 1096 1485 1154 Recede
1514 1115 1545 1153 a
1569 1114 1798 1170 corpore
1830 1112 1890 1157 ut
1917 1113 1970 1158 te

403 1181 675 1236 adorem?
703 1184 798 1239 Vel
832 1186 956 1255 quis
984 1201 1051 1242 eo
1096 1187 1313 1244 devenit
1366 1191 1681 1260 impietatis,
1730 1203 1791 1248 ut
1842 1209 1967 1249 cum

402 1271 615 1330 insanis
644 1274 847 1333 Judaeis
874 1280 1048 1334 eidem
1081 1291 1302 1351 propter
1328 1298 1528 1353 corpus
1564 1284 1710 1340 dicat
1736 1305 1750 1341 :
1794 1286 1969 1352 Quare

402 1373 481 1432 tu,
512 1366 667 1420 homo
701 1384 819 1422 cum
844 1372 939 1434 sis,
974 1372 1108 1440 facis
1135 1375 1356 1443 leipsum
1392 1375 1555 1430 Deum
1575 1377 1622 1410 ⁸³
1647 1379 1670 1432 ?
1692 1380 1856 1449 Atqui
1887 1390 1968 1436 ta-

401 1456 470 1511 lis
499 1472 610 1512 non
649 1458 750 1515 fuit
783 1460 1028 1531 Ieprosus
1061 1465 1191 1534 ille;
1222 1465 1392 1522 Deum
1448 1470 1593 1524 enim
1642 1472 1697 1526 in
1743 1488 1969 1542 corpore

400 1548 752 1606 exsistentem
788 1554 1054 1622 adoravit,
1082 1572 1314 1629 eumque
1337 1556 1505 1615 Deum
1537 1576 1658 1617 esse
1686 1562 1771 1617 his
1800 1579 1968 1636 agno-

400 1642 478 1696 vit
499 1644 711 1699 verbis:
738 1644 976 1707 Domine.
1006 1649 1055 1702 si
1086 1651 1184 1717 vis,
1207 1665 1348 1719 pales
1380 1671 1459 1708 me
1488 1655 1742 1709 mundare
1764 1656 1829 1709 ⁸⁸.
1860 1656 1969 1712 Nec

397 1747 528 1787 vero
565 1735 656 1788 ille
680 1733 773 1790 Dei
807 1735 1041 1793 Verbum
1081 1741 1376 1800 arbitratus
1396 1754 1478 1799 est
1505 1756 1721 1815 propter
1745 1762 1964 1802 carnem

2071 571 2129 607 νε
2153 556 2328 626 σῶμα.
2345 558 2451 611 Καὶ
2480 557 2600 611 οὔτε
2626 558 2687 611 τὸ
2715 559 2953 613 τοιοῦτον
2987 560 3146 631 σῶμα
3175 560 3297 614 καθ’
3324 563 3486 616 ἑαυτὸ
3505 565 3651 618 διαι-

2075 647 2291 717 ροῦντες
2321 649 2428 702 ἀπὸ
2457 650 2565 719 (89)
2599 650 2693 704 τοῦ
2722 651 2896 720 Λόγου
2927 653 3370 723 προσκυνοῦμεν*
3405 654 3533 709 οὔτε
3559 658 3651 711 τὸν

2070 739 2240 807 Λόγον
2271 742 2642 811 προσκυνῆσαι
2667 742 2931 808 θέλοντες,
2965 744 3313 816 μακρύνομεν
3346 748 3512 801 αὑτὸν
3540 750 3651 802 ἀπὸ

2069 831 2167 899 τῆς
2202 833 2430 901 σαρκός·
2477 832 2590 885 ἀλλ’
2620 834 2839 899 εἰδότες,
2888 834 3033 888 καθὰ
3072 837 3425 907 προείπομεν,
3455 838 3543 903 τὸ,
3589 840 3652 892 '0

2069 922 2258 992 Λόγος
2287 922 2442 991 σὰρξ
2489 922 2746 992 ἐγένετο,
2780 923 2965 976 τοῦτον
3002 925 3097 977 καὶ
3126 926 3184 977 ὲν
3220 926 3381 996 σαρκὶ
3413 927 3651 996 γενόμε-

2069 1030 2180 1075 νον,
2205 1013 2636 1085 ἐπιγινώσκομεν
2657 1014 2807 1068 Θεόν.
2834 1016 2930 1079 Τίς
2953 1016 3240 1087 τοιγαροῦν
3261 1016 3435 1081 οὕτως
3455 1018 3652 1091 ἄφρων

2069 1106 2236 1168 ἐστὶν,
2270 1107 2346 1169 ὡς
2388 1105 2563 1175 λέγειν
2594 1106 2701 1176 (90)
2747 1106 2825 1177 τῷ
2872 1108 3061 1179 Κυρίῳ
3084 1124 3099 1137 ⁸
3143 1109 3379 1162 ’Λπόστα
3410 1111 3521 1163 ἀπὸ
3551 1112 3648 1165 τοῦ

2071 1195 2339 1266 σώματος,
2375 1198 2461 1250 ἵνα
2486 1214 2544 1250 σε
2591 1200 2986 1269 προσκυνήσω;
3021 1200 3091 1252 Ἢ
3120 1198 3202 1262 τίς
3236 1198 3409 1262 οὕτως
3440 1201 3649 1271 ἀσεϐής

2068 1289 2236 1352 ἐστιν,
2267 1287 2344 1351 ὠς
2373 1288 2511 1359 μετά
2542 1290 2649 1341 τῶν
2677 1289 2926 1361 ἀφρόνων
2970 1290 3234 1344 Ἰουδαίων
3263 1290 3352 1344 διὰ
3380 1291 3443 1345 τὸ
3485 1291 3652 1363 σῶμα

2066 1377 2246 1447 λέγειν
2300 1379 2482 1450 αὐτῷ·
2534 1380 2638 1433 Διά
2683 1380 2742 1432 τι
2798 1380 2902 1443 σὺ,
2956 1378 3265 1449 ἄνθρωπος
3295 1378 3403 1444 ὢν,
3455 1382 3651 1447 ποιεῖς

2067 1468 2327 1523 σεαυτὸν
2361 1472 2511 1524 Θεόν
2529 1485 2550 1533 ;
2590 1469 2731 1523 Ἀλλ’
2763 1470 2823 1522 ού
2855 1470 3095 1534 τοιοῦτος
3125 1473 3154 1523 ό
3184 1469 3415 1542 λεπρὸς·
3477 1488 3651 1543 προσ-

2067 1560 2247 1614 εκύνει
2270 1562 2376 1634 γὰρ
2416 1563 2506 1614 τὸν
2550 1562 2660 1631 (91)
2689 1560 2820 1614 Θεὸν
2860 1562 2918 1614 ἐν
2961 1560 3170 1631 σώματι
3201 1562 3352 1625 ὄντα,
3386 1565 3488 1616 καὶ
3533 1565 3651 1632 ἐγί-

2067 1669 2294 1717 νωσκεν,
2319 1653 2401 1705 ὅτι
2428 1652 2560 1716 Θεὸς
2590 1648 2677 1723 ἦν,
2706 1652 2878 1720 λέγων
2901 1670 2915 1682 ·
2950 1654 3147 1720 Κύριε,
3170 1653 3279 1724 ἐὰν
3310 1652 3518 1722 θέλῃς,
3549 1654 3653 1708 δύ-

2067 1745 2252 1798 νασαι
2276 1761 2352 1813 με
2380 1745 2713 1812 καθαρίσαι.
2750 1743 2858 1796 Καὶ
2889 1742 3011 1796 οὔτε
3055 1744 3146 1797 διὰ
3189 1744 3287 1815 τὴν
3312 1746 3498 1815 σάρκα
3532 1747 3649 1798 ἐνό⁹

396 1839 512 1879 rem
535 1834 773 1881 creatam
801 1843 949 1903 esse,
969 1846 1068 1886 nec
1092 1834 1220 1901 quia
1250 1834 1486 1890 Verbum
1511 1853 1692 1892 rerum
1716 1839 1960 1894 omnium

2080 1853 2194 1905 μισε
2240 1836 2447 1905 κτίσμα
2479 1834 2570 1887 τὸν
2601 1833 2695 1887 τοῦ
2740 1834 2875 1887 Θεοῦ
2908 1835 3079 1902 Λόγον
3101 1851 3115 1864 ⁸
3150 1833 3272 1888 οὔτε
3298 1834 3389 1888 διὰ
3417 1836 3484 1886 τὺ
3510 1831 3651 1889 εἶναι

395 1925 704 1972 creatarum
744 1920 925 1989 opifex
977 1934 1081 1988 est,
1122 1940 1342 1981 carnem
1388 1943 1495 1997 qua
1548 1929 1798 1985 indutum
1847 1939 1966 1986 erat

397 2007 718 2077 vilipendit;
777 2012 872 2066 sed
936 2014 1181 2070 universi
1215 2016 1529 2075 Creatorem
1584 2030 1843 2092 tanquam
1905 2025 1960 2080 in

395 2111 581 2156 creato
628 2104 830 2174 templo
874 2106 1141 2176 adoravit,
1189 2110 1525 2182 eﬁ‘ectusque
1566 2116 1804 2171 mundus
1848 2115 1965 2186 ipse

393 2201 498 2247 est.
531 2191 623 2248 Sic
648 2195 809 2251 etiam
843 2199 1061 2266 mulier,
1101 2216 1221 2270 qua:
1244 2205 1525 2274 sanguinis
1552 2204 1758 2261 ﬂuxum
1792 2209 1964 2279 patie-

394 2280 575 2347 batur,
615 2285 867 2351 credidit,
907 2289 1175 2359 tactisquc
1220 2295 1601 2350 tantummodo
1643 2296 1763 2367 ejus
1796 2299 1964 2355 vestis

392 2372 645 2437 ﬁmbriis,
700 2386 890 2433 sanata
942 2381 1141 2437 est"?
1199 2398 1352 2440 mare
1399 2385 1651 2442 similiter
1704 2389 1962 2459 agitatum

390 2464 649 2521 ﬂuctibus
681 2469 885 2524 audivit
914 2469 1151 2527 Verbum
1181 2488 1401 2530 carnem
1430 2475 1655 2546 factum,
1689 2496 1754 2537 ac
1775 2482 1963 2539 sedata

394 2568 686 2628 tempestas
718 2571 803 2617 est
824 2563 912 2622 ":
953 2581 1131 2622 cacus
1179 2569 1307 2623 item
1364 2580 1525 2626 natus
1564 2584 1727 2642 sputo
1780 2578 1963 2634 carnis

392 2660 617 2706 sanatus
655 2668 686 2709 a
720 2651 897 2709 Verbo
933 2667 1015 2711 est
1037 2658 1104 2712 ".
1145 2656 1300 2725 Quod
1336 2669 1519 2715 autem
1568 2663 1747 2733 majus
1773 2676 1857 2721 est
1908 2677 1964 2724 et

393 2741 792 2807 admirabilius,
845 2744 1142 2813 (fortassis
1191 2751 1338 2804 enim
1383 2751 1435 2805 id
1484 2754 1825 2824 impiissimis
1854 2757 1962 2813 illis

394 2833 712 2886 scandalum
746 2833 889 2906 fuit)
919 2837 1081 2891 etiam
1113 2839 1166 2893 in
1201 2840 1317 2910 ipsa
1353 2857 1515 2898 cruce
1560 2845 1827 2914 pendente
1859 2847 1964 2901 De-

395 2923 567 2989 mino,
602 2924 769 2993 (nam
806 2927 925 2995 ejus
957 2938 1077 2983 erat
1112 2944 1331 3000 corpus,
1361 2932 1417 2986 in
1442 2948 1619 3004 eoque
1665 2947 1782 2992 erat
1826 2937 1962 2993 Ver-

391 3012 567 3085 bum)
622 3016 705 3070 sol
763 3018 1089 3076 obscuratus
1141 3032 1245 3086 est,
1295 3031 1439 3078 terra
1502 3028 1742 3091 tremuit,
1797 3038 1962 3097 petra:

2063 1927 2153 1980 τὸν
2182 1926 2352 1995 Λόγον
2380 1926 2708 1997 δημιουργὸν
2736 1926 2915 1997 πάσης
2942 1925 3053 1995 (9‘2)
3087 1926 3336 1990 κτίσεως,
3372 1926 3651 1992 ἐξουθένει

2061 2018 2161 2089 τὴν
2210 2020 2407 2090 σάρκα,
2440 2019 2507 2089 ἠν
2537 2018 2880 2088 ἐνδεδυμένος
2921 2013 3027 2088 ἦν.
3067 2018 3181 2072 ἀλλ’
3206 2017 3282 2081 ὡς
3329 2020 3391 2071 ἐν
3444 2020 3651 2088 xui“;

2063 2111 2175 2182 ναῷ
2202 2112 2295 2165 τὸν
2319 2111 2540 2182 κτίστην
2562 2110 2656 2164 τοῦ
2685 2110 2886 2174 παντὸς
2913 2111 3258 2182 προσεκύνει,
3275 2111 3370 2163 καὶ
3394 2111 3654 2181 ἐκαθαρέ-

2064 2203 2207 2272 ζετο.
2224 2203 2410 2269 Οὕτως
2431 2205 2525 2257 καὶ
2554 2205 2588 2275 ἠ
2620 2203 2987 2276 αἱμορροοῦσα
3017 2203 3175 2274 γυνὴ,
3195 2203 3542 2257 πιστεύσασα
3557 2204 3653 2257 καὶ

2067 2300 2226 2371 μόνον
2256 2296 2507 2367 ἁψαμένη
2541 2294 2632 2349 τοῦ
2665 2294 2992 2367 κρασπέδου,
3029 2293 3152 2365 ίὰθη
3170 2311 3185 2324 ·
3216 2295 3311 2347 καὶ
3346 2296 3381 2365 ἠ
3420 2296 3527 2365 μὲν
3556 2295 3653 2348 θάο

2062 2390 2230 2445 λαττα
2260 2390 2637 2463 ἑπαφρίζουσα
2657 2391 2769 2451 τοῖς
2800 2386 3039 2456 κύμασιν
3067 2387 3266 2457 ἢκουσε
3295 2386 3392 2440 τοῦ
3427 2404 3653 2459 σαρκω-

2030 2483 2247 2548 ·θέντος
2285 2484 2481 2550 Λόγου,
2516 2482 2610 2537 καὶ
2652 2480 2927 2534 πέπαυται
2964 2477 3059 2531 τοῦ
3092 2477 3392 2548 χειμῶνοςο
3421 2480 3451 2530 ὁ
3479 2478 3538 2530 δὲ
3584 2478 3650 2532 ὲκ

2061 2576 2288 2647 γενετῆς
2314 2574 2425 2645 (93)
2460 2572 2680 2643 τυφλὸς,
2719 2570 2998 2641 πτύσματι
3036 2569 3138 2638 τῆς
3172 2568 3376 2640 σαρκὸς
3413 2569 3653 2640 τεθερά-

2062 2684 2257 2721 πευται
2297 2665 2446 2737 παρὰ
2477 2664 2568 2718 τοῦ
2601 2664 2799 2731 Λόγου.
2844 2663 2955 2716 Καὶ⁵
2979 2661 3040 2714 τό
3079 2677 3144 2730 γε
3192 2659 3376 2732 μεῖζον
3410 2662 3510 2714 καὶ
3545 2680 3651 2715 πα-

2064 2758 2408 2830 ραδοξότερον
2438 2759 2589 2827 (ῐσως
2616 2757 2724 2828 γὰρ
2754 2755 2913 2809 τοῦτο
2943 2754 3037 2807 καὶ
3092 2753 3217 2815 τοὺς
3246 2752 3653 2817 ἀσεϐεστάτους

2061 2846 2463 2915 ὲσκανδάλισε),
2498 2846 2592 2899 καὶ
2637 2846 2724 2897 ἐπ’
2758 2842 2921 2898 αὐτοῦ
2953 2840 3047 2895 τοῦ
3082 2839 3316 2912 σταυροῦ
3356 2839 3653 2911 κρεμαμέ-

2060 2958 2150 2993 νου
2182 2938 2276 2991 τοῦ
2306 2938 2513 3008 Κυρίου
2544 2935 2729 3007 (αὑτοῦ
2754 2934 2862 3005 γὰρ
2887 2928 2956 3004 ἦν
2981 2933 3045 2984 τὸ
3073 2932 3251 3000 σῶμα,
3282 2931 3375 2983 καὶ
3404 2933 3464 2983 ὲν
3494 2931 3650 3001 αὐτῷ

2059 3030 2129 3106 ἦν
2156 3035 2185 3086 ὁ
2207 3032 2377 3101 Λόγος
2394 3030 2436 3101 ),
2462 3033 2491 3084 ό
2521 3029 2617 3100 μὲν
2644 3027 2795 3098 ἥλιος
2826 3022 3135 3094 ἐσκοτίσθη,
3160 3024 3194 3093 ἡ
3221 3023 3279 3075 δὲ
3303 3021 3377 3091 γῆ
3405 3022 3649 3093 ὲτρόμα-

391 3105 577 3160 scissae
595 3116 726 3162 sunt
755 3117 815 3164 ut
842 3120 896 3163 et
920 3113 1101 3181 templi
1128 3113 1303 3168 velum
1323 3156 1338 3181 ,
1363 3127 1417 3170 et
1451 3118 1617 3172 multa
1646 3128 1958 3176 sanctorum

2080 3105 2158 3179 rev
2185 3125 2321 3191 (94),
2354 3125 2411 3177 αί
2445 3121 2644 3193 πέτραι
2673 3117 3017 3189 ἐσχίσθησαν,
3046 3116 3141 3169 κα)⁵
3160 3113 3222 3166 τὸ
3243 3113 3651 3183 καταπέτασμα

390 3209 644 3267 corpora,
678 3198 774 3269 qui
802 3200 1157 3268 dormierant,
1200 3215 1555 3261 surrexerunt
1580 3209 1650 3264 ⁸ο.

460 3380 516 3435 4.
545 3379 673 3436 Haec
698 3381 915 3453 quidem
948 3385 1022 3439 ita
1062 3386 1357 3457 contigere,
1393 3403 1680 3456 nemoque,
1712 3393 1787 3446 uti
1816 3408 1961 3448 nunc

390 3474 594 3528 audent
623 3476 834 3541 Ariani,
875 3493 1060 3532 secum
1098 3480 1405 3544 dubitavit.
1460 3491 1643 3537 utrum
1680 3484 1962 3542 incarnato

392 3561 573 3619 Verbo
601 3566 932 3621 credendum
964 3577 1017 3622 et
1046 3570 1345 3637 parendum
1375 3580 1521 3627 esset
1547 3591 1561 3638 ;
1614 3575 1707 3629 sed
1739 3576 1816 3630 illi
1864 3577 1963 3632 ho-

391 3655 593 3710 minem
622 3656 915 3724 intuentes,
947 3664 1197 3716 eumdem
1235 3663 1488 3733 Opiﬁcem
1531 3682 1654 3721 esse
1682 3684 1843 3723 suum
1880 3671 1963 3723 in-

392 3744 751 3817 telligebant:
804 3750 1213 3821 humanamque
1261 3754 1544 3810 audientes
1591 3772 1803 3820 vocem,
1864 3776 1963 3814 ne-

393 3852 665 3907 quaquam
695 3849 916 3909 propter
966 3841 1261 3898 bumanam
1295 3854 1547 3900 naturam
1576 3846 1811 3917 Verbum
1846 3865 1960 3905 rem

397 3942 637 3984 creatam
672 3932 891 3985 aiebant
928 3948 1070 3998 esse,
1108 3935 1201 3989 sed
1238 3936 1413 4004 magis
1456 3937 1620 3991 etiam
1670 3942 1962 3994 contremi-

398 4022 642 4090 scebant,
666 4038 901 4095 eumque
930 4008 1111 4080 nihilo.
1134 4027 1313 4082 secius
1357 4030 1729 4098 suspiciebant
1755 4047 1820 4087 ac
1852 4033 1897 4088 si
1931 4049 1963 4089 e

392 4114 593 4181 templo
617 4122 809 4168 sancto
839 4115 1170 4183 loqueretur.
1207 4115 1319 4170 Cur
1366 4117 1533 4186 igitur
1565 4133 1675 4173 non
1707 4131 1962 4176 verentur

390 4207 542 4275 impii
576 4207 828 4261 homines
859 4223 948 4274 ne,
974 4208 1109 4261 sicut
1148 4223 1251 4260 non
1283 4209 1633 4277 probaverunt
1666 4211 1832 4266 Deum
1860 4214 1960 4267 ha-

389 4298 506 4352 bere
562 4299 615 4351 in
655 4299 869 4364 notitia,
905 4299 1190 4353 tradantur
1221 4300 1276 4352 in
1318 4301 1593 4367 reprobum
1628 4319 1863 4369 sensum,
1905 4318 1961 4360 ut

2061 3215 2155 3280 τοῦ
2189 3214 2318 3270 ναοῦ
2363 3211 2610 3283 ἐσχίσθη,
2645 3209 2741 3263 καὶ
2771 3208 2940 3262 πολλὰ
2978 3205 3205 3277 σώματα
3238 3205 3347 3259 τῶν
3381 3221 3651 3275 κεκοιμη-

2069 3316 2242 3392 μένων
2268 3308 2437 3376 ἁγίων
2469 3304 2688 3373 ἀνέστη.

2134 3409 2187 3462 4.
2221 3404 2405 3459 Ταῦτα
2452 3399 2509 3453 δὲ
2555 3397 2768 3465 γέγονε,
2823 3393 2918 3447 καὶ
2961 3391 3157 3454 οὐδεὶς,
3202 3388 3393 3460 ὥσπερ
3448 3386 3550 3441 νῦν
3596 3388 3648 3441 οε

2076 3496 2340 3571 ’Λρειανοὶ
2381 3488 2641 3561 τολμῶσι,
2679 3483 3033 3552 διελογίσατο,
3087 3482 3135 3533 εἰ
3180 3480 3261 3532 δεῖ
3302 3476 3648 3571 σαρκωθέντι

2062 3569 2154 3662 τῷ
2171 3590 2326 3658 Λόγῳ
2368 3580 2681 3636 πείθεσθαι’
2720 3576 2855 3643 ἀλλά
2882 3575 2976 3629 καὶ
3007 3572 3290 3643 ἄνθρωπον
3328 3569 3646 3639 βλέποντες,

2064 3682 2430 3749 ἐπεγίνωσκον
2467 3672 2627 3726 αὑτὸν
2657 3669 2785 3722 ὄντα
2808 3664 3135 3738 δημιουργὸν
3162 3662 3372 3716 αὐτῶν·
3404 3662 3504 3714 καὶ
3549 3662 3647 3715 ἀν-

2065 3769 2343 3844 θρωπίνης
2370 3762 2551 3835 φωνῆς
2580 3759 2690 3831 (95)
2721 3756 3038 3818 ἀκούοντες,
3064 3755 3126 3807 οὐ
3157 3751 3340 3844 atare
3363 3750 3648 3844 ἀνθρώπι-

2063 3879 2152 3916 νον
2182 3859 2387 3927 ἔλεγον,
2416 3856 2498 3908 ὅτι
2526 3854 2554 3905 ὁ
2583 3847 2986 3943 Λόγοςῌκτίσμα
3009 3844 3154 3900 ἐστίν
3172 3862 3186 3875 ·
3386 3843 3482 3943 καὶ
3510 3844 3648 3943 pi):-

2063 3952 2152 4006 λον
2173 3952 2419 4022 ἔτρεμον,
2449 3946 2545 3999 καὶ
2570 3943 2721 3996 οὐδὲν
2743 3935 2904 4011 ἦττον
2924 3938 3237 4007 ἐγίνωσκον,
3258 3936 3291 4006 ἢ
3317 3936 3400 3988 ὅτι
3423 3935 3490 3988 ἐκ
3511 3935 3645 3988 ναοῦ

2066 4043 2219 4111 ἁγίου
2246 4038 2559 4108 ἐφθέγγετο.
2586 4032 2712 4095 Πῶς
2731 4030 2908 4083 τοίνυν
2949 4030 2997 4080 οἱ
3019 4027 3236 4082 ἁσεὸεἰς
3258 4027 3320 4077 οὐ
3347 4024 3645 4095 φοϐοῦνται

2068 4133 2164 4206 μὴ,
2191 4130 2383 4196 καθὼς
2402 4130 2515 4182 οὐκ
2540 4125 2909 4192 ἐδοκίμασαν
2935 4118 3217 4218 ter-6861'
3238 4118 3359 4218 (96)
3372 4119 3544 4189 ἔχειν
3572 4118 3645 4218 ἑζν

2061 4225 2396 4297 ἐπιγνώσει,
2441 4216 2812 4293 παραὼθῶσιν
2844 4217 2931 4279 εις
2951 4212 3235 4281 ἀδόκιμον
3252 4210 3425 4273 γοῦν,
3449 4210 3645 4262 ποιεῖν

2062 4321 2135 4373 τὰ
2156 4317 2240 4388 μὴ
2276 4313 2645 4380 καθήκοντα;
2674 4309 2748 4362 Οὐ
2772 4306 2882 4378 γὰρ
2909 4304 3168 4374 κτίσματι
3194 4303 3227 4372 ὴ
3262 4301 3440 4362 κτίσις
3468 4316 3643 4370 προσ-

390 4388 595 4458 faciant
632 4406 695 4444 ea
750 4405 869 4459 qua:
919 4406 1022 4444 non
1058 4391 1428 4444 conveniunt“
1458 4390 1613 4449 ?Nec
1659 4396 1803 4451 enim
1843 4413 1957 4452 rem

2080 4412 2245 4463 ιυνεῖ·
2287 4407 2407 4459 οὐδὲ
2437 4402 2597 4456 πάλιν
2627 4400 2715 4453 διὰ
2749 4398 2848 4469 τὴν
2875 4398 3054 4468 σάρκα
3084 4394 3381 4466 παρῃτεῖτο
3411 4391 3503 4444 τὸν
3530 4392 3645 4444 Κύι

388 4490 626 4536 creatam
658 4482 850 4537 adorat
876 4497 962 4536 res
989 4490 1193 4546 creata,
1226 4498 1403 4553 neque
1425 4500 1621 4540 rursus
1649 4487 1720 4541 ob
1739 4504 1959 4545 carnem

2080 4518 2179 4555 πον
2210 4499 2405 4569 ἑαυτῆς
2435 4495 2778 4567 προσκυνεῖν,
2809 4488 2943 4542 ἁλλὰ
2971 4487 3061 4540 τὸν
3086 4485 3285 4582 hauri};
3308 4482 3642 4582 δημιουργὸν

386 4572 681 4627 Dominum
715 4590 875 4628 suum
912 4573 1110 4644 refugit
1145 4574 1416 4630 adorare:
1456 4576 1551 4631 sed
1580 4578 1715 4634 vidit
1754 4580 1806 4635 in
1837 4598 1958 4637 cor-

2080 4592 2288 4645 ίῦλεπεν
2307 4591 2365 4642 ἐν
2388 4586 2601 4658 σώματι
2616 4602 2628 4613 ·
2653 4583 2747 4636 καὶ
2765 4583 2824 4633 ἐν
2849 4578 2928 4650 τῷ
2951 4578 3171 4647 ὀνόματι
3203 4572 3375 4645 Ἰησοῦ
3399 4572 3641 4645 Χριστοῦ

385 4680 520 4737 pore
540 4665 853 4721 Creatorem
881 4682 1065 4731 suum,
1093 4677 1257 4737 atque
1294 4668 1349 4721 in
1380 4669 1601 4739 nomine
1635 4668 1762 4726 Jesu
1795 4689 1959 4730 omne

2080 4685 2173 4739 πᾶν
2200 4683 2331 4752 γόνυ
2365 4679 2611 4748 ἔκαμπτε
2638 4672 2769 4743 (97),
2819 4671 2917 4724 καὶ
2959 4668 3166 4740 κάμψει
3192 4666 3268 4730 δὲ,
3303 4665 3642 4736 ἐπουρανίων

459 4821 504 4853 οι
542 4820 787 4901 ψίλα-ξ,
821 4821 910 4901 5;.
987 4822 1033 4854 ⁸⁸
1072 4820 1262 4901 Matth.
1303 4838 1435 4901 vi",
1456 4822 1515 4877 2.
1608 4825 1881 4901 "Ablatth.
1912 4849 1991 4901 lx,
2023 4835 2114 4891 20.

390 4906 552 4956 mn,
578 4891 687 4958 45;
715 4890 907 4948 Matth.
940 4907 1111 4957 xxvn,
1144 4891 1233 4946 51.
1308 4894 1351 4926 ⁹¹
1397 4893 1555 4949 Rom.
1587 4911 1625 4960 ι,
1656 4897 1745 4952 ‘28.

2216 4837 2262 4869 ⁸⁸
2299 4828 2493 4890 Matth.
2531 4849 2653 4900 Vlll,
2684 4829 2778 4885 ‘26.
2890 4829 2934 4861 "
2974 4826 3136 4882 Joan.
3168 4841 3247 4889 rx,
3279 4824 3331 4879 6.
3412 4825 3461 4858 ⁹⁰
3501 4824 3637 4879 Luc-

456 5006 570 5076 (89)
611 5005 705 5076 Sic
732 5004 1251 5076 Seguerianus.Alii
1281 5013 1335 5058 et
1360 5006 1525 5076 editi.)
1551 5007 1658 5061 διά.

459 5074 588 5148 (90)_
614 5074 707 5131 Sic
741 5075 966 5148 Seguer.
993 5074 1158 5148 _Basil.
1187 5076 1470 5148 .Angliean.
1498 5075 1657 5132 Gobl.
1684 5078 1874 5136 Caeteri
1903 5093 1958 5139 et

386 5144 918 5223 οᾱῖιέϐοῐῃωίὼς
947 5144 1161 5223 λέγων.
1178 5145 1348 5223 Paulo
1395 5156 1536 5223 post,
1570 5164 1756 5223 vocem
1793 5152 1959 5223 ἁφρό-
2047 5210 2051 5214 ,

389 5237 496 5275 νων
526 5216 650 5285 Seg.
686 5215 846 5271 Basil.
886 5215 1104 5285 Anglic.
1147 5216 1350 5270 habent
1377 5234 1389 5269 :
1420 5217 1511 5269 alii
1545 5228 1599 5273 et
1630 5220 1758 5274 editi
1791 5215 1958 5276 ornit-

387 5299 530 5345 tunt.
570 5283 798 5347 Ibidem,
832 5284 919 5337 διὰ
948 5285 1008 5337 τὸ
1038 5283 1198 5355 σῶμα
1232 5285 1356 5355 Seg.
1395 5285 1550 5342 Gobl.
1585 5288 1730 5343 Felc.
1764 5290 1816 5355 1,
1864 5295 1960 5348 ad-

386 5362 545 5424 dum,
581 5374 702 5426 quae
736 5357 806 5411 ab
841 5356 960 5426 aliis
988 5363 1041 5426 et
1061 5356 1190 5426 edit.
1225 5355 1435 5410 Comm.
1469 5357 1687 5414 absunt.

460 5422 573 5510 (_9l)
599 5422 718 5481 ’Τόν
756 5426 845 5481 hic
876 5425 1027 5480 addit
1059 5422 1377 5498 Seguerian.
1414 5427 1521 5480 Alii
1554 5444 1682 5484 vero
1730 5438 1787 5485 et
1830 5432 1962 5487 editi

386 5508 669 5555 Omttlttnt.

460 5567 574 5638 (92)
615 5568 802 5638 ῌάσης
832 5564 1075 5638 tleest__in
1107 5566 1430 5638 Anglicano.

483 5568 552 5622 92
615 5568 802 5638 Πάσης
832 5568 986 5619 deest
1019 5567 1075 5618 in
1107 5567 1430 5632 Anglicano.

422 5567 574 5719 ,(95)
614 5636 841 5707 Seguer.
874 5634 1158 5705 Anglican.
1193 5635 1411 5693 Gobler.
1445 5646 1499 5693 et
1526 5637 1672 5695 Felc.
1699 5640 1751 5706 1,
1775 5657 1962 5715 γεννη-

389 5724 574 5848 ἰςηῗ94)
615 5776 705 5835 Sic
733 5776 854 5848 Seg.
891 5777 959 5833 At
1000 5776 1160 5831 Basil.
1208 5775 1418 5848 Anglic.
1455 5778 1695 5847 Gobler.,
1724 5782 1956 5849 ἐτρόμα-

2061 5018 2169 5091 ξεν.
2216 5016 2357 5091 Edit.
2411 5013 2676 5091 commel.
2707 5020 2762 5066 et
2793 5010 2905 5073 alii,
2939 5008 3256 5091 ἐτρόμαζεν.
3301 5007 3478 5091 Paulo
3518 5024 3643 5082 post

2065 5079 2661 5161 Seguerianus_habet_.
2709 5079 3273 5161 προκεκοιμημένων,
3334 5080 3456 5161 sine
3510 5079 3643 5161 voce

2065 5105 2132 5140 δὴ
2173 5105 2431 5143 uertanus
2483 5105 2661 5141 navet,
2709 5105 3236 5153 προκεκοιμημενων
3258 5120 3273 5144 ,
3334 5105 3456 5161 ςιιιε
3510 5105 3639 5137 voce

2064 5105 2253 5224 ἁγξων.
2287 5157 2344 5209 ln
2375 5154 2692 5237 emicaran
2720 5162 2844 5220 post
2864 5150 3308 5237 ἐῦσπεριιεβίξιιτ,
3337 5165 3393 5237 ιη
3425 5157 3639 5237 caeteris

2064 5221 2188 5299 post
2223 5226 2513 5299 ’Λρειανοίἒ
2549 5224 2704 5299 Idem
2724 5237 2820 5291 pro
2859 5222 2958 5283 δεῖ,
2996 5223 3157 5276 habet
3184 5221 3270 5291 δή,
3302 5231 3359 5272 et
3382 5237 3487 5290 pro
3518 5224 3632 5275 πεί-

2063 5293 2571 5371 9566at,;1t_si0§_606,
2602 5293 2760 5371 male.
2815 5362 2848 5371 __
3000 5363 3012 5371 _
3105 5360 3140 5371 η

2137 5359 2265 5440 (95)
2289 5365 2380 5440 Sic
2428 5366 2659 5440 Segger,
2706 5361 2871 5416 Basil.
2907 5371 2962 5414 et
2986 5360 3196 5429 Anglic.
3226 5359 3332 5440 alii
3367 5370 3549 5440 autem
3588 5371 3634 5440 οξ

2063 5431 2240 5500 οιιίἰὶ,’
2264 5431 2712 5510 φύσεωςξξιξυίο.
2732 5443 2871 5500 post,
2894 5446 3201 5510 ytanuscr.,
3232 5431 3266 5500 ἢ
3303 5432 3385 5483 ὅτι
3416 5432 3483 5483 ἐκ
3507 5432 3635 5486 ναοῦ

2065 5503 2299 5576 habent}
2331 5507 2481 5576 editi,
2518 5503 2759 5576 ﬂesse):
2791 5503 2942 5556 ναοῦ.

2056 5600 2059 5605 ⁴
2133 5577 2248 5653 <99)
2288 5569 3320 5653 §asi1-’et'éns!icanastm’Eesﬁév-

2135 5641 2244 5714 (97)
2286 5644 2376 5699 Sic
2410 5643 2532 5716 Seg.
2562 5642 2716 5700 Gobl.
2745 5653 2799 5700 et
2830 5641 2973 5698 Felc.
3006 5641 3058 5696 1.
3093 5641 3237 5696 Editi
3269 5653 3399 5695 vero
3430 5653 3488 5697 et
3522 5641 3633 5707 alii,

2061 5719 2391 5788 ἐκάμπτετο.
