3810 6228
230 361 258 415 l
272 361 387 414 (ΓΠ
1193 357 1533 414 EPISTULA
1571 356 1662 411 Αι)
1699 351 2100 410 ADELPHIUM
2117 346 2534 423 'EPISCOPUM
3352 344 3490 401 l078

227 470 340 524 καὶ
387 470 666 539 ἐπιγείων,
716 471 810 523 καὶ
852 469 1239 541 καταχθονίων,
1286 471 1381 522 καὶ
1423 470 1571 523 πᾶσα
1606 467 1796 537 γλῶσσι

1928 479 2067 535 genu
2091 464 2291 520 ﬂexum
2318 475 2405 519 est
2426 457 2481 519 ei
2504 460 2773 527 ﬂectetur,
2798 458 3124 524 ccclestium,
3152 462 3490 517 terrestrium

227 561 717 633 ἐξομολογήσεται,
760 561 865 631 κᾶν
914 564 1025 625 τοῖς
1078 563 1373 631 Ἀρειανοῖς
1423 562 1497 632 μὴ
1540 560 1692 631 δοκῇ,
1739 561 1796 613 ὂτ

1921 562 1977 608 et
2024 552 2387 614 inl'ernorum,
2443 560 2500 607 et
2551 551 2733 607 omnis
2787 550 2974 620 lingua
3028 552 3488 615 conﬁtebitur”;

228 651 447 723 Κύριος
486 654 693 723 Ἰησοῦς
739 654 969 725 Χριστὸς
1006 655 1085 716 εἰς
1130 651 1286 717 δόξαν
1316 652 1451 706 Θεοῦ
1481 654 1713 724 Πατρός.
1744 654 1819 706 Οὐ

227 746 353 815 γάρ
392 743 607 810 ἀδοξίαν
651 746 880 816 ἤνεγκεν
912 747 945 816 ἡ
981 744 1116 816 σάρξ
1152 743 1232 815 τῷ
1254 744 1442 813 Λόγῳ·
1481 744 1554 815 μὴ
1580 743 1816 812 γένοιτοῐ

230 835 379 889 ἀλλά
437 836 634 906 μᾶλλον
685 834 825 906 αῦτη
870 835 1182 899 δεδόξασται
1230 835 1360 907 παρ’
1416 834 1602 889 αὐτοῦ,
1650 835 1816 899 Οὐδὲ,

229 926 431 999 ἐπειδὴ
484 928 671 982 δούλου
721 929 932 1000 μορφὴν
980 927 1237 982 ἀνέλαϐεν
1285 931 1313 981 6
1355 929 1413 981 ὲν
1459 930 1636 1000 μορφῇ
1683 926 1818 980 Θεοῦ

230 1020 504 1091 ὑπάρχων
529 1020 679 1085 Υἱὸς,
707 1018 996 1089 ἠλαττώθη
1024 1019 1124 1088 τῆς
1156 1018 1406 1089 θεότητος
1422 1036 1436 1049 ο
1461 1018 1599 1073 ἀλλά
1622 1018 1819 1088 μᾶλλον

231 1110 404 1174 αὐτὸς
433 1110 614 1163 ὲλευθε
626 1110 800 1181 ρωτὴς
827 1111 1007 1182 πάσης
1040 1111 1240 1182 σαρκὸς
1270 1110 1363 1163 καὶ
1384 1111 1566 1181 πάσης
1593 1109 1820 1173 κτίσεως

231 1200 454 1269 γέγονε.
498 1201 608 1254 Καὶ
639 1202 688 1253 εί
729 1203 758 1254 6
802 1201 935 1265 Θεὸς
967 1201 1025 1254 δὲ
1068 1201 1354 1254 ἀπέστειλε
1379 1201 1470 1254 τὸν
1498 1200 1625 1253 Υίὸν
1653 1198 1817 1253 αὐτοῦ

231 1289 577 1360 γεννώμενον
621 1292 685 1343 ὲκ
710 1291 987 1359 γυναικὸς,
1026 1291 1127 1344 οὐκ
1172 1291 1433 1361 αἰσχύνην
1463 1291 1595 1362 ἡμῖν
1626 1292 1817 1360 ἐπάγει

230 1382 298 1434 τὸ
328 1382 579 1453 πρᾶγμα,
609 1381 746 1435 ἀλλά
769 1381 968 1453 μᾶλλον
989 1381 1229 1449 εὐδοξίαν
1254 1384 1348 1436 καὶ⁵
1375 1382 1615 1453 μεγάλην
1635 1382 1817 1454 χάριν.

232 1473 435 1541 Γέγονε
467 1473 576 1545 γὰρ
610 1473 914 1545 ἄνθρωπος,
950 1474 1016 1528 ἵν’
1041 1476 1188 1546 ἡμᾶς
1215 1476 1269 1527 ὲν
1296 1475 1471 1545 ἐαυτῷ
1491 1474 1814 1547 θεοποιήσῃο

231 1565 334 1619 καὶ
362 1565 585 1634 γέγονεν
616 1567 679 1618 ὲκ
717 1566 994 1634 γυναικὸς,
1030 1567 1124 1620 καὶ
1154 1565 1473 1637 γεγέννηται
1509 1567 1575 1619 ὲκ
1606 1567 1818 1638 Παρθέ-

229 1670 355 1716 νου,
388 1655 475 1708 ἵνα
517 1654 616 1727 τὴν
654 1656 811 1727 ήμῶν
840 1655 1204 1728 πλανηθεῖσαν
1228 1658 1597 1727 γέννησινέίς
1627 1659 1816 1711 ἑαυτὸν

234 1745 564 1818 μετενέγκῃ,
617 1747 711 1799 καὶ
754 1745 1041 1817 γενώμεθα
1090 1745 1274 1799 λοιπὸν
1315 1747 1471 1814 γένος
1515 1747 1697 1815 ἅγιον»
1720 1747 1816 1800 καὶ

1920 647 2140 700 tametsi
2178 643 2398 698 Arianis
2446 657 2554 697 non
2603 642 2800 713 placet,
2836 644 2967 713 quia
3017 643 3281 700 Dominus
3331 644 3493 715 730

1917 735 2079 792 Jesus
2101 736 2355 791 Christus
2386 736 2442 790 in
2472 735 2643 804 gloria
2672 744 2758 790 est
2789 735 2881 790 Dei
2906 734 3103 791 Patris.
3135 734 3320 807 Neque
3340 736 3491 793 enim

1918 827 2155 883 dedecus
2188 826 2368 882 Verbo
2422 841 2553 883 caro
2586 828 2804 882 attulit:
2855 827 3037 884 absit!
3095 829 3189 883 sed
3222 829 3339 898 ipsa
3390 844 3490 897 po.

1919 918 2027 974 tius
2051 919 2117 974 ab
2143 916 2237 973 illo
2262 918 2491 989 gloriam
2525 919 2753 987 accepit.
2785 917 2894 973 Nec
2926 919 3077 987 item,
3103 920 3230 990 quia
3254 919 3484 975 formam

1917 1008 2060 1064 servi
2090 1008 2297 1077 accepit
2329 1007 2520 1074 Filius,
2556 1008 2648 1078 qui
2677 1009 2730 1062 in
2767 1008 2941 1064 forma
2973 1008 3071 1065 Dei
3119 1019 3204 1066 est
3224 1010 3291 1077 ",
3321 1011 3485 1066 dimi-

1920 1083 2086 1153 nutus
2119 1097 2404 1154 divinitate
2432 1108 2518 1154 est
2544 1118 2557 1153 :
2584 1100 2679 1154 sed
2724 1109 2934 1167 contra,
2983 1101 3251 1157 universa:
3304 1102 3487 1158 carnis

1917 1204 2215 1261 rerumque
2257 1191 2500 1246 omnium
2547 1199 2851 1246 creatarum
2907 1193 3166 1248 liberator
3213 1195 3328 1263 ipse
3361 1194 3483 1249 fuit.

1916 1280 1983 1336 Et
2008 1297 2136 1338 vero
2161 1283 2208 1338 si
2237 1281 2379 1338 Deus
2406 1282 2604 1338 Filium
2640 1300 2800 1340 suum
2838 1284 2988 1339 misit
3018 1301 3086 1339 ex
3116 1285 3345 1340 muliere
3394 1301 3485 1356 ge~

1915 1374 2113 1439 nitum,
2150 1373 2287 1428 nihil
2321 1388 2452 1429 sane
2484 1374 2787 1436 dedecoris,
2819 1375 2910 1429 sed
2943 1375 3124 1443 potius
3167 1375 3393 1445 gloriam
3431 1384 3487 1431 et

1917 1463 2145 1534 gratiam
2177 1479 2427 1534 magnam
2455 1465 2614 1519 nobis
2641 1481 2729 1520 res
2759 1464 2848 1519 illa
2884 1466 3237 1534 comparavit.
3296 1464 3485 1534 Siqui-

1915 1555 2039 1609 dem
2071 1553 2249 1609 l‘actus
2278 1555 2445 1610 homo
2473 1566 2577 1622 est,
2612 1564 2672 1610 ut
2699 1570 2799 1610 nos
2831 1556 2885 1608 in
2918 1556 3099 1626 seipso
3145 1556 3276 1612 deos
3304 1556 3484 1613 eﬂice-

1914 1653 2002 1699 ret
2034 1663 2047 1699 :
2078 1644 2258 1701 factus
2298 1655 2381 1701 est
2407 1660 2475 1701 ex
2524 1646 2771 1708 muliere,
2806 1654 2862 1701 et
2889 1647 3105 1717 genitus
3130 1659 3215 1703 est
3263 1663 3332 1702 ex
3361 1647 3482 1703 Vir-

1915 1735 2060 1806 gine,
2097 1744 2157 1791 ut
2183 1744 2454 1792 errantem
2495 1738 2671 1792 nostri
2707 1746 2887 1792 ortum
2929 1738 3253 1795 transferret
3299 1739 3355 1794 in
3398 1755 3485 1796 se-

228 1838 484 1889 κοινωνοὶ
516 1816 665 1902 θείας
713 1816 945 1907 φύσεως,
980 1840 1056 1903 ὡς
1087 1838 1323 1911 ἔγραψεν
1355 1842 1383 1892 6
1417 1841 1686 1911 μακάριος
1710 1840 1796 1893 Πέ-

1915 1829 2117 1898 ipsum,
2168 1838 2334 1899 atque
2383 1830 2498 1900 jam
2561 1844 2664 1885 nos
2700 1845 2872 1899 genus
2898 1839 3154 1886 sanctum
3185 1839 3241 1885 et
3289 1832 3484 1888 divina:

226 1942 392 1997 τροςο
426 1927 536 1981 Καὶ
567 1928 634 1982 τὸ
665 1928 967 1984 ἀδύνατον
997 1930 1066 1984 δὲ
1092 1931 1197 1985 τοῦ
1226 1932 1435 2001 νόμου,
1460 1932 1530 1984 ἐν
1559 1924 1607 1997 ᾧ
1635 1930 1811 1999 ἠσθέ-

225 2033 321 2069 νει
369 2015 468 2071 διὰ
510 2016 623 2086 τῆς
672 2020 917 2088 σαρκὸς,
969 2024 1003 2075 ό
1055 2021 1199 2086 Θεὸς
1252 2021 1359 2075 τὸν
1403 2022 1620 2076 ἑαυτοῦ
1676 2022 1812 2076 Υίὸν

226 2106 476 2175 πέμψας
506 2108 576 2160 ἐν
601 2108 915 2177 ὁμοιώματι
942 2110 1167 2177 σαρκὸς
1197 2111 1502 2180 ἁμαρτιας.
1538 2113 1637 2165 καὶ
1676 2114 1806 2180 περὶ

224 2198 518 2267 ἁμαρτίας
557 2200 864 2269 κατέκρινε
903 2201 1018 2271 τὴν
1051 2203 1343 2272 ἁμαρτίαν
1372 2203 1442 2257 ἐν
1480 2202 1556 2273 τῇ
1601 2204 1805 2272 σαρκί.

297 2402 352 2456 5.
391 2400 503 2474 Τὴν
535 2402 713 2455 τοίνυν
744 2402 1181 2474 προσληφθεῖσαν
1208 2404 1311 2457 ὐπὸ
1342 2404 1435 2457 τοῦ
1467 2405 1640 2473 Λόγου
1672 2404 1803 2476 σάρ-

224 2510 320 2558 κα,
371 2495 465 2547 ἐπὶ
513 2494 591 2565 τῷ
642 2495 850 2560 πάντας
898 2494 1218 2567 ἀνθρώπους
1263 2496 1658 2565 ἐλευθερῶσαι.
1713 2499 1806 2551 καὶ

225 2584 433 2649 πάντας
469 2587 533 2639 ὲκ
558 2582 778 2657 ’νεκρῶν
820 2586 1141 2657 ἀναστῆσαι,
1169 2586 1263 2639 καὶ
1290 2586 1563 2659 ἁμαρτίας
1579 2586 1690 2656 (98)
1719 2586 1808 2640 λυ-

224 2675 562 2748 τρώσασθαι,
608 2676 726 2742 πῶς
770 2680 818 2731 oi
867 2677 1072 2750 ταύτην
1117 2677 1537 2744 ὲξουδενοῦντες,
1571 2678 1605 2751 ἢ
1634 2680 1683 2732 oi
1715 2678 1804 2733 διὰ

222 2765 430 2839 ταύτην
455 2769 888 2842 κατηγοροῦντες
914 2769 1007 2824 τοῦ
1033 2769 1164 2823 Υίοῦ
1187 2770 1281 2824 τοῦ
1304 2770 1439 2824 Θεοῦ
1463 2770 1539 2834 ὡς
1565 2772 1804 2843 ποιήμα-

223 2874 314 2922 τος
346 2858 379 2927 ἢ
417 2860 716 2929 κτίσματος
741 2860 875 2930 (99),
922 2860 1021 2914 οὐκ
1063 2861 1343 2933 ἀχάριστοι
1377 2860 1675 2931 φαίνονται,
1709 2864 1803 2917 καὶ

225 2948 425 3010 παντός
456 2951 561 3001 είσι
597 2949 787 3019 μίσους
818 2948 988 3015 ditat;
1034 2951 1208 3004 Μόνον
1234 2949 1344 3022 γὰρ
1384 2951 1502 3021 οὐχὶ
1530 2951 1691 3022 βοῶσι
1722 2952 1802 3023 τῷ

223 3037 340 3109 Θεῷ
361 3038 612 3107 λέγοντες
629 3057 644 3071 ν
673 3041 764 3109 Μὴ
789 3041 1012 3115 πέμψῃς
1036 3059 1126 3095 σου
1145 3042 1235 3096 τὸν
1255 3044 1382 3098 Υίὸν
1410 3044 1501 3097 τὸν
1538 3046 1799 3117 μονογενῆ

222 3132 281 3183 ὲν
333 3133 529 3200 σαρκία
578 3131 655 3204 μὴ
698 3136 929 3207 ποιήσῃς
971 3135 1131 3188 αὐτὸν
1182 3137 1246 3189 ὲκ
1292 3136 1570 3208 Παρθένου
1622 3138 1800 3209 σάρκα
1827 3170 1868 3225 C

220 3219 422 3279 λαϐεῖν.
454 3223 539 3276 ἴνα
566 3224 640 3294 μὴ
663 3224 1007 3296 λυτρώσηται
1032 3227 1178 3298 ἡμᾶς
1202 3226 1295 3280 τοῦ
1326 3227 1553 3282 θανάτου
1588 3231 1681 3283 καὶ
1701 3232 1800 3302 τῆς

218 3314 514 3385 ἁμαρτίας.
564 3318 640 3368 Οὐ
687 3314 910 3386 θέλομεν
961 3318 1121 3371 αὐτὸν
1172 3320 1229 3371 ἐν
1268 3319 1479 3389 σώματι
1525 3321 1796 3391 γενέσθαι,

222 3404 309 3458 ἶνα
342 3406 417 3475 μὴ
454 3406 545 3458 τὸν
585 3406 726 3477 ὑπὲρ
764 3406 915 3477 ἡμῶν
948 3408 1265 3478 ἀναδέξηται
1299 3409 1554 3465 θάνατον’
1584 3412 1645 3473 οὐ
1680 3412 1801 3483 βου-

219 3495 427 3564 λόμεθα
464 3497 555 3549 τὸν
599 3498 771 3566 Λόγον
806 3499 982 3571 σάρκα
1018 3500 1288 3568 γενέσθαι,
1332 3503 1419 3556 ἵνα
1470 3503 1544 3582 μῂ
1578 3505 1637 3558 ὲν
1665 3506 1798 3558 ταύ-

220 3600 287 3655 τῃ
318 3584 393 3655 (1)
431 3585 656 3658 μεσίτης
696 3588 851 3658 ήμῶν
894 3589 1118 3659 γένηται
1151 3591 1248 3661 τῆς
1284 3592 1418 3661 πρὸς
1446 3593 1505 3646 σὲ
1536 3596 1796 3666 προσόδου

220 3678 315 3730 καὶ
337 3677 436 3740 τὰς
465 3679 523 3731 ἐν
555 3680 803 3751 οὐρανοῖς
830 3682 1138 3752 οίκήσωμεν
1168 3684 1351 3753 μονάς.
1378 3684 1797 3757 Κλεισθήτωσαν

220 3770 275 3820 αῖ
306 3767 469 3821 πύλαι
499 3769 607 3823 τῶν
640 3771 903 3842 οὐρανῶν,
935 3771 1022 3825 ἵνα
1045 3771 1119 3843 μὴ
1141 3772 1227 3825 διὰ
1253 3773 1346 3825 τοῦ
1371 3777 1799 3846 καταπετάσμα-

218 3877 310 3923 τος
359 3861 460 3932 τῆς
503 3863 701 3934 σαρκὸς
742 3862 906 3917 αὐτοῦ
949 3862 1046 3935 τὴν
1091 3866 1149 3917 ὲν
1199 3865 1448 3936 οὐρανοῖς
1499 3866 1628 3936 ἡμῖν
1677 3867 1796 3921 ὁδὸν

218 3950 503 4021 ὲγκαινίσῃ
528 3953 558 4004 6
588 3952 677 4015 σὸς
695 3951 771 4022 (2)
808 3953 996 4021 Λόγος.
1028 3946 1195 4007 Αὗται
1227 3955 1324 4025 μὲν
1351 3958 1405 4009 αί
1441 3956 1661 4010 ἐκείνων
1684 3975 1795 4027 φω-

215 4042 306 4094 ναὶ
340 4042 478 4112 μετά
512 4041 828 4112 διαϐολικῆς
863 4044 1069 4115 τόλμης
1107 4045 1213 4097 είσὶ
1255 4046 1684 4117 προφερόμεναι,
1722 4047 1792 4100 δι’

213 4127 282 4204 ἧς
315 4135 612 4205 ἐπενόησαν
643 4136 852 4198 ἑαυτοῖς
881 4136 1166 4199 κακονοίας
1185 4153 1198 4166 ·
1231 4138 1278 4189 οἱ
1308 4137 1417 4208 γὰρ
1451 4137 1524 4207 μὴ
1553 4137 1793 4211 θέλοντες

217 4225 395 4295 σάρκα
421 4225 711 4295 γενόμενον
742 4225 831 4278 τὸν
863 4226 1034 4294 Λόγον
1060 4230 1405 4297 προσκυνεῖν,
1438 4228 1792 4299 ἀχαριστοῦσι

212 4318 280 4387 τῇ
305 4315 712 4388 ὲνανθρωπήσει
736 4316 901 4370 αὐτοῦ
921 4334 934 4347 ·
962 4318 1055 4370 καὶ
1080 4320 1129 4370 οἱ
1156 4317 1488 4391 διαιροῦντες
1510 4319 1600 4372 τὸν
1621 4321 1791 4388 Λόγον

213 4408 322 4460 ἀπὸ
362 4407 463 4478 τῆς
504 4408 703 4479 σαρκὸς
740 4408 860 4461 οὐδὲ
903 4410 1032 4479 μίαν
1080 4408 1346 4481 λύτρωσιν
1375 4411 1472 4480 τῆς
1519 4411 1790 4483 ἁμαρτίας

1915 1928 2201 1977 consortes
2234 1929 2445 1976 naturae
2472 1920 2827 1986 eliiceremur,
2861 1922 3318 1990 quemadmodum
3348 1925 3481 1979 scri-

1912 2013 2024 2081 psit
2050 2012 2240 2069 beatus
2272 2012 2463 2068 Petrus
2483 2014 2573 2067 9‘:
2619 2011 2774 2068 Unde
2817 2015 2954 2085 quod
3002 2014 3321 2084 impossibile
3366 2027 3479 2070 erat

1911 2102 2034 2173 legi,
2081 2104 2137 2158 in
2168 2121 2271 2175 quo
2305 2104 2678 2174 iuﬁrmabatur
2719 2121 2813 2174 per
2856 2121 3087 2171 carnem,
3129 2103 3270 2159 Deus
3317 2107 3479 2161 misso

1911 2192 2058 2247 Filio
2087 2212 2184 2249 suo
2210 2196 2266 2249 in
2297 2195 2699 2249 similitudinem
2729 2196 2906 2249 carnis
2934 2196 3156 2265 peccati,
3187 2205 3237 2250 et
3265 2196 3330 2251 de
3355 2212 3479 2266 pec-

1912 2296 2032 2341 cato
2069 2287 2337 2342 damnavit
2376 2297 2648 2357 peccatum
2682 2287 2733 2340 in
2759 2287 3002 2342 carne”.

1980 2389 2035 2445 5.
2061 2391 2146 2445 An
2175 2407 2283 2447 non
2318 2391 2483 2463 igitur
2535 2392 2646 2456 illi,
2697 2392 2790 2461 qui
2834 2403 3172 2464 assumptam
3220 2411 3253 2451 a
3302 2395 3477 2451 Verbo

1909 2496 2151 2547 carnem,
2189 2498 2300 2553 quo
2325 2497 2516 2538 omnes
2554 2482 2806 2539 homines
2839 2484 3113 2555 liberaret,
3133 2501 3201 2542 ex
3245 2490 3477 2544 mortuis

1909 2573 2290 2640 exsuscitaret,
2327 2588 2356 2628 a
2384 2575 2730 2645 peccatisque
2757 2575 3068 2641 redimeret,
3117 2577 3471 2648 vilipendunt,

1908 2665 1994 2719 vel
2022 2665 2142 2734 ejus
2189 2680 2356 2721 causa
2407 2665 2605 2721 Filium
2637 2665 2732 2722 Dci
2788 2675 3049 2737 tanquam
3103 2683 3217 2723 rem
3275 2666 3473 2725 factam

1908 2769 2219 2815 creatamve
2246 2760 2673 2827 calumniantur,
2701 2764 2899 2834 ingrati
2930 2763 3189 2833 omnique
3235 2764 3361 2819 odio
3391 2763 3474 2818 di-

1908 2852 1999 2922 gni
2025 2853 2198 2908 videri
2229 2852 2472 2910 debent?
2497 2852 2731 2909 Tantum
2764 2856 2909 2909 enim
2960 2870 3070 2910 non
3122 2855 3196 2910 ita
3238 2856 3474 2910 clamant

1908 2943 1974 2998 ad
2006 2943 2214 2999 Deum:
2262 2943 2341 3000 Ne
2370 2946 2557 3001 mittas
2602 2945 2801 3000 Filium
2847 2956 2998 3001 tuum
3033 2946 3366 3018 unigenitum
3416 2949 3471 3001 in

1905 3050 2168 3091 carnem:
2207 3036 2318 3091 noli
2358 3037 2534 3108 ipsum
2583 3053 2801 3094 carnem
2836 3054 2903 3093 ex
2936 3037 3157 3109 Virgine
3204 3040 3467 3109 accipere,

1906 3138 1975 3179 ne
2003 3140 2104 3181 nos
2137 3141 2168 3179 a
2197 3136 2374 3182 morte
2401 3137 2456 3183 et
2486 3139 2711 3197 peccato
2742 3128 2954 3183 liberet.
3011 3127 3275 3185 Nolumus
3327 3130 3471 3185 hunc

1901 3216 2055 3270 nasci
2085 3217 2417 3286 incorpore,
2448 3234 2517 3274 ne
2549 3228 2776 3274 mortem
2812 3235 2910 3289 pro
2959 3220 3118 3275 nobis
3163 3221 3464 3289 suscipiat:

1899 3308 2158 3365 nolumus
2186 3308 2422 3365 Verbum
2452 3325 2673 3367 carnem
2703 3311 2841 3378 ﬁeri,
2868 3326 2936 3366 ne
2962 3313 3132 3367 nostri
3162 3313 3227 3365 ad
3261 3322 3312 3366 te
3340 3328 3467 3382 pro-

1900 3416 2126 3468 gressus
2156 3400 2425 3457 mediator
2456 3402 2513 3457 in
2540 3418 2604 3458 ea
2633 3403 2744 3469 liat,
2773 3403 3129 3473 caelestesque
3158 3404 3350 3460 domos
3383 3404 3466 3459 in-

1899 3493 2164 3549 colamus.
2220 3491 2557 3549 Claudantur
2608 3494 2868 3549 cmlorum
2919 3496 3138 3565 januaa.
3188 3511 3257 3551 ne
3309 3505 3462 3551 tuum

1903 3584 2145 3641 Verbum
2177 3601 2274 3656 per
2302 3589 2486 3642 carnis
2512 3603 2625 3643 sua:
2653 3586 2898 3644 velamen
2929 3590 3090 3644 nobis
3121 3590 3223 3645 iter
3252 3589 3318 3644 ad
3347 3603 3433 3645 cm
3452 3620 3464 3630 ε

1898 3676 1982 3731 los
2024 3684 2266 3731 renovet.
2298 3676 2378 3731 En
2423 3693 2560 3747 quas
2588 3677 2665 3731 illi
2694 3694 2859 3735 voces
2896 3680 3165 3736 diabolica
3198 3696 3320 3735 cum
3362 3695 3463 3735 au-.

1896 3767 2052 3821 dacia
2086 3766 2393 3836 proferunt,
2443 3782 2550 3837 qua
2598 3764 2787 3823 eadem
2833 3769 3123 3840 instigante
3154 3786 3318 3840 prava
3358 3771 3460 3826 sibi

1897 3858 2002 3927 ipsi
2058 3859 2433 3927 excogitavere
2494 3868 2836 3914 commenta;
2884 3858 3019 3915 Nam
3073 3863 3165 3932 qui
3225 3861 3458 3917 Verbum

1897 3963 2118 4003 carnem
2169 3948 2369 4004 factum
2418 3949 2649 4005 adorare
2698 3961 2974 4012 recusant.
3009 3953 3066 4006 hi
3117 3953 3356 4023 ingratos
3404 3955 3458 4008 in

1893 4040 2014 4110 ejus
2038 4039 2425 4110 benignitatem
2456 4055 2577 4095 sese
2600 4040 2877 4107 exhibent,
2904 4057 3012 4111 qua
3039 4043 3331 4098 humanam
3372 4059 3463 4101 as-

1894 4131 2129 4201 sumpsit
2160 4138 2433 4185 naturam.
2467 4131 2570 4198 Qui
2603 4141 2783 4187 autem
2836 4132 3067 4189 Verbum
3119 4151 3150 4191 a
3184 4151 3348 4192 carne
3376 4139 3461 4192 di-

1891 4221 2120 4288 rimunt,
2152 4220 2205 4275 hi
2239 4220 2481 4291 profecto
2523 4223 2727 4276 nullam
2774 4225 2982 4293 peccati
3028 4225 3457 4295 redemptionem

1892 4313 2167 4367 nullamve
2192 4312 2383 4367 mortis
2402 4313 2729 4368 solutionem
2753 4321 3039 4370 autumant
3070 4315 3420 4372 lieri.Ubinar

1894 4420 2022 4458 vero
2048 4418 2292 4467 carnem,
2323 4419 2486 4473 quam
2532 4402 2779 4459 Salvator
2804 4407 3032 4475 accepit,
3063 4422 3309 4463 seorsum
3359 4423 3457 4477 po-

212 4499 484 4568 γενέσθαι,
506 4500 624 4553 οὐδὲ
647 4498 936 4554 κατάλυσιν
959 4500 1053 4554 τοῦ
1086 4500 1315 4555 θανάτου
1344 4502 1642 4572 νομίζουσι.
1678 4503 1787 4557 Ποῦ

1909 4495 2054 4549 sitam
2085 4495 2354 4564 reperient
2385 4495 2559 4564 impii,
2602 4503 2661 4549 ut
2692 4504 2747 4550 et
2796 4497 3001 4552 dicere
3032 4498 3267 4553 audeant
3303 4516 3317 4552 :
3343 4496 3453 4554 Nos

209 4590 267 4642 δὲ
305 4588 441 4652 ὅλως
482 4591 529 4642 oi
563 4589 778 4653 ἀσεϐεῖς
820 4592 912 4644 καὶ
962 4590 1082 4644 καθ’
1111 4592 1308 4663 ἑαυτὴν
1357 4594 1646 4664 εὑρήσουσι
1686 4594 1784 4666 τὴν

1909 4602 2001 4640 ton
2054 4587 2352 4641 adoramus
2398 4585 2689 4641 Dominum
2728 4602 2855 4642 cum
2901 4604 3086 4655 carne,
3122 4589 3217 4644 sed
3253 4603 3452 4659 corpus

212 4680 410 4751 σάρκα,
440 4680 508 4751 ἢν
541 4681 729 4734 ἐλαϐεν
753 4683 780 4734 6
811 4681 1019 4753 Σωτὴρ,
1062 4682 1147 4735 ἵνα
1180 4685 1273 4737 καὶ
1304 4684 1543 4754 τολμῶσι
1575 4684 1780 4754 λέγειν’

1909 4693 2227 4747 ςερατεωιιε,
2257 4687 2311 4732 et
2342 4679 2442 4733 soli
2473 4677 2706 4734 Domino
2736 4680 3049 4736 servimus?
3084 4679 3226 4737 Sane
3256 4682 3451 4738 beatus

208 4772 366 4842 06(5)
383 4773 790 4844 προσκυνοῦμεν
808 4776 963 4845 ἡμεῖς
978 4774 1068 4826 τὸν
1079 4775 1281 4846 Κύριον
1293 4775 1430 4845 μετά
1444 4776 1543 4846 τῆς
1560 4777 1777 4849 σαρκός·

1909 4768 2197 4837 Stephanus
2247 4767 2537 4822 Dominum
2588 4785 2619 4823 a
2669 4771 2875 4825 dextris
2925 4780 3156 4827 stantem
3209 4772 3341 4827 vidit
3361 4773 3445 4838 ⁹⁶;

207 4863 344 4918 ἀλλὰ
377 4864 688 4935 διαιροῦμεν
715 4865 776 4918 τὸ
820 4865 1001 4936 σῶμα,
1029 4866 1122 4918 καὶ
1149 4866 1293 4937 μόνῳ
1323 4867 1496 4938 τούτῳ
1524 4867 1781 4939 λατρεύο-

1909 4862 2058 4932 ιιὶεοιί
2088 4875 2302 4931 quoque
2335 4860 2618 4931 discipulis
2667 4862 2918 4918 aiebant:
2951 4862 3041 4917 Sic
3075 4864 3238 4916 veniet
3269 4880 3444 4933 quem-

209 4966 340 5020 μενς
386 4950 444 5002 '0
477 4951 574 5020 μὲν
600 4947 693 5005 οῦν
718 4952 985 5023 μακάριος
1017 4952 1285 5022 Στέφανος
1318 4956 1375 5008 ἐν
1404 4956 1649 5027 οὐρανοῖς
1674 4951 1780 5009 εἶδε

1909 4952 2171 5004 ιάηιοαιιηι
2201 4952 2409 5006 uidistis
2437 4969 2556 5006 eum
2591 4962 2798 5006 euntem
2838 4954 2892 5006 in
2920 4952 3106 5006 coelum
3125 4954 3191 5008 "’.
3221 4952 3363 5019 Quin
3393 4964 3441 5008 et

203 5039 298 5093 τὸν
328 5037 531 5110 Κύριον
573 5042 637 5094 ἐκ
667 5040 855 5105 δεξιῶν
888 5042 1126 5099 ἑστῶτα·
1155 5046 1205 5097 οἱ
1244 5045 1299 5098 δὲ
1339 5045 1557 5113 ἄγγελοι
1595 5047 1777 5115 ἔλεγον

1909 5058 2001 5112 pse
2031 5042 2291 5097 Dominus
2331 5042 2542 5098 Patrem
2573 5043 2856 5113 alloquens
2882 5044 3018 5100 dixit
3049 5059 3066 5098 :
3099 5044 3224 5099 Volo
3260 5055 3317 5099 ut
3355 5045 3443 5100 ubi

202 5132 317 5194 τοῖς
340 5132 605 5202 μαθηταῖς
624 5148 636 5161 ·
671 5133 869 5199 Οὕτως
907 5135 1219 5191 ἐλεύσεται
1260 5135 1332 5190 ὃν
1362 5137 1584 5205 τρόπον
1609 5136 1775 5190 ἐθεά-

1912 5152 1999 5189 um
2025 5151 2138 5206 ego,
2169 5146 2218 5189 et
2253 5134 2335 5189 illi
2367 5151 2568 5206 semper
2595 5136 2700 5189 sint
2732 5151 2933 5190 mecum
2948 5136 3015 5191 ’⁸.
3040 5134 3097 5191 Si
3129 5136 3292 5207 igitur
3314 5151 3445 5193 caro

276 5267 322 5346 ος
351 5265 581 5337 Philipp.
615 5270 915 5346 n_,_10,ll.
992 5272 1038 5304 οι
1063 5272 1194 5329 ibid.
1230 5274 1282 5341 7,
1316 5273 1370 5329 6.
1445 5274 1795 5332 “llPetr.t

1977 5278 2023 5310 ³⁸
2064 5275 2220 5334 Rom.
2255 5293 2373 5342 vm,
2410 5277 2462 5331 5.
2537 5277 2583 5310 “
2619 5275 2740 5333 Act.
2761 5292 2862 5343 vn,
2895 5276 2984 5333 55.
3059 5278 3105 5310 ⁸⁷
3128 5277 3251 5333 Act.
3285 5292 3324 5346 ι,
3350 5278 3435 5332 ll.

202 5338 249 5369 ’⁸
284 5334 444 5391 Joan.
477 5334 612 5405 iv",
638 5339 729 5394 24.

426 5428 744 5500 Seguenan.
778 5433 942 5489 Basil.
973 5441 1028 5490 et
1057 5435 1411 5507 Anglicanus,
1448 5439 1542 5492 ml.
1570 5439 1768 5503 παντὸς

1909 5437 2390 5523 "apameae-
2459 5509 2490 5523 ..
2562 5509 2578 5523 .
2668 5509 2702 5523 ..

201 5498 375 5570 ἀμαρο
508 5498 522 5500 “
1146 5498 1174 5507 ⁷
1396 5498 1407 5504 ⁷
1748 5498 1764 5503 ⁷

201 5567 783 5660 ,Δέέἧέἰεηξςςιεεη
809 5582 975 5660 atque
1008 5573 1083 5630 ita
1109 5575 1236 5648 legit
1263 5574 1528 5631 Nannius.
1560 5576 1666 5632 Alii
1714 5587 1770 5633 et

1946 5498 2156 5631 Sit'c
2189 5510 2314 5578 Seg.
2349 5507 2513 5564 Basil.
2548 5509 2757 5581 Anglic.
2792 5509 2899 5565 Alii
2923 5524 3054 5569 vero
3082 5516 3137 5563 et
3171 5509 3323 5576 editi,
3347 5511 3438 5576 σός

1914 5593 1984 5631 nn
2036 5593 2153 5632 un.

1945 5646 2025 5715 (5)
2065 5645 2154 5703 Sic
2168 5663 2356 5705 omnes
2381 5663 2514 5706 mss.
2539 5647 2676 5705 Male
2701 5657 2880 5704 autem
2892 5648 3056 5706 editio
3069 5647 3435 5716 Commel.,oo

191 5636 706 5727 ωξείὶοξιρἰιιυηιξῆ
736 5636 1047 5727 κτίσματος.
1160 5636 1191 5648 “’
1244 5715 1257 5727 ι
1376 5714 1431 5727 η
1526 5715 1572 5727 η
1681 5717 1712 5727 η

1945 5646 2047 5727 (β).

1875 5725 2076 5773 omittit

269 5705 347 5777 ll)
387 5708 479 5765 Sic
511 5705 705 5767 omnes
724 5705 1032 5769 mssCEdit’i
1061 5729 1207 5781 vero,
1239 5714 1496 5771 ἐνταῦθα.
1524 5715 1647 5773 Mox
1679 5717 1769 5774 Se-
