3810 6228
364 341 500 401 1079
919 339 976 396 S.
1016 337 1383 397 ATIIANASII
1423 337 1573 396 OPP.
1608 338 1792 396 PARS
1829 338 1869 395 1.
1905 372 1974 383 -
2010 339 2378 397 HISTORICA
2414 339 2503 397 ET
2542 339 2979 399 DOGMATICA.‘-
3457 340 3625 397 {080

361 475 392 515 a
421 454 601 514 Verbo
628 453 818 526 nequit
842 453 1031 521 dividi,
1069 468 1141 509 an
1168 468 1278 509 non
1307 470 1533 511 necesse
1568 465 1651 511 est
1680 455 1804 510 illos
1828 462 1922 510 aut

2039 460 2216 512 γασθε
2245 457 2432 511 αὐτὸν
2463 457 2867 527 πορευόμενον
2906 459 2995 524 εις
3026 456 3135 512 τὸν
3177 459 3458 528 οὐρανόν.
3490 458 3622 512 Καὶ

359 564 546 607 errore
570 549 818 619 deposito
845 547 958 617 jam
985 547 1196 602 Patrem
1229 547 1284 601 in
1320 547 1538 603 nomine
1579 546 1793 602 Domini
1823 562 1924 601 no-

2039 547 2184 611 ιύτὸς
2231 547 2288 601 δὲ
2335 550 2364 602 ὁ
2410 547 2612 620 Κύριος
2657 549 2866 619 εἴρηκε,
2897 548 3231 621 προσφωνῶν
3278 549 3356 619 τῷ
3384 549 3577 621 Πατρί
3600 566 3621 579 ο

355 641 457 697 stri
495 639 623 697 Jesu
658 639 862 695 Christi
893 640 1140 707 adorare,
1192 649 1307 704 aut,
1338 639 1384 695 si
1421 639 1658 695 Verbum
1702 652 1923 694 carnem

2039 638 2205 704 Βέλω,
2238 638 2390 693 ὅπου
2415 639 2531 709 εἰμὶ
2568 638 2703 709 ἐγὼ,
2736 641 2837 693 ἵνα
2862 640 2961 694 καὶ
2991 640 3159 695 αὐτοὶ
3194 639 3451 695 πάντοτε
3471 642 3621 710 μετ’

356 731 560 789 factum
589 731 818 787 adorare
849 731 1033 801 illique
1086 734 1294 789 servire
1322 732 1616 798 noluerint,
1650 732 1719 787 ab
1745 733 1925 786 omni-

2039 727 2167 798 ἐμοῦ
2197 725 2329 783 ὦσι.
2358 730 2467 782 Καὶ
2485 730 2652 793 ϐλως,
2686 732 2735 783 εί
2757 730 3056 801 ἀδιαίρετός
3083 733 3229 784 ἐστιν
3262 733 3295 802 ἡ
3321 730 3461 802 σὰρξ
3493 730 3619 783 ἀπὸ

355 823 459 879 bus
483 825 655 894 rejici,
688 839 788 879 nec
816 824 1052 894 amplius
1082 826 1293 881 censeri
1324 826 1681 890 Christianos,
1714 825 1809 880 sed
1839 824 1923 879 vel

2039 820 2114 873 ποῦ
2142 822 2338 891 Λόγου,
2372 822 2489 887 πῶς
2530 824 2628 876 οὐκ
2664 823 2874 893 ἀνάγκη
2909 824 3129 887 τούτους
3165 823 3463 878 ἀποθέσθαι
3498 824 3618 893 τὴν

354 915 498 970 inter
531 915 801 977 ethnicos,
832 914 916 969 vel
948 916 1089 969 inter
1107 914 1325 970 Judaeos
1356 915 1744 969 annumerari?

2039 914 2253 987 πλάνην,
2293 917 2386 970 καὶ
2437 919 2759 988 προσκυνεῖν
2807 916 2991 974 λοιπὸν
3034 916 3127 969 τὸν
3159 917 3379 989 Πατέρα
3415 918 3474 968 ἐν
3524 912 3617 984 τῷ

352 1006 574 1079 ὀνόματι
617 1005 711 1060 τοῦ
751 1005 955 1078 Κυρίου
996 1006 1153 1079 ήμῶν
1214 1007 1387 1078 Ἰησοῦ
1430 1006 1693 1079 Χριστοῦ’
1748 1006 1805 1077 ἦ,
1846 1004 1920 1075 μὴ
1958 1008 2429 1077 προσκυνοῦντας.
2480 991 2613 1081 μηδὲ
2649 1009 3008 1081 λατρεύοντας
3052 1009 3130 1079 τῷ
3181 1010 3239 1062 ὲν
3293 1008 3461 1079 σαρκὶ
3511 1025 3619 1075 γεο

352 1097 561 1171 νομένῳ
588 1098 765 1168 Λόγῳ,
800 1099 1132 1170 πανταχόθεν
1174 1098 1552 1164 ἐκϐάλλεσθαι,
1582 1099 1676 1153 καὶ
1720 1099 1916 1171 μηκέτι
1952 1098 2330 1170 Χριστιανοὺς,
2362 1101 2533 1175 ἀλλ’ἢ
2572 1101 2836 1166 ἐθνικοὺς,
2882 1103 2917 1174 ἢ
2972 1101 3110 1174 μετὰ
3158 1101 3266 1154 τῶν
3327 1101 3614 1156 Ἰουδαίων

352 1188 797 1263 συναριθμεῖσθαι
815 1206 832 1257 ;

423 1280 478 1337 6.
507 1279 635 1336 Haec
664 1294 814 1351 ergo,
844 1289 903 1334 ut
931 1293 1096 1348 supra
1121 1279 1379 1344 diximus,
1418 1280 1628 1336 insania
1666 1289 1719 1335 et
1748 1289 1915 1335 teme-

353 1374 490 1430 ritas
528 1374 747 1427 illorum
775 1383 876 1430 est.
906 1370 1101 1426 Nostra
1135 1382 1313 1427 autem
1350 1372 1482 1427 ﬁdes
1530 1381 1673 1427 recta
1704 1381 1807 1436 est,
1838 1380 1920 1425 at-

355 1479 462 1534 que
492 1478 558 1518 ex
591 1463 834 1518 doctrina
866 1461 1161 1530 apostolica
1198 1461 1451 1526 deducta,
1483 1470 1536 1516 et
1566 1461 1783 1516 Patrum
1810 1469 1922 1514 tra-

2089 1277 2141 1331 6.
2188 1278 2440 1333 Ἐκείνων
2470 1280 2567 1349 μὲν
2596 1275 2709 1343 οὖν,
2742 1278 2885 1332 καθά
2913 1278 3270 1348 προείπομεν.
3302 1278 3336 1347 ή
3368 1276 3606 1347 τοιαύτη

2024 1370 2191 1441 μανία
2218 1371 2309 1424 καὶ
2351 1370 2556 1441 τόλμα·
2588 1370 2745 1441 ήμῶν
2783 1370 2841 1423 δὲ
2871 1371 2905 1440 ἠ
2945 1368 3127 1432 πίστις
3154 1370 3297 1421 ἐστὶν
3325 1367 3461 1438 ὀρθὴ
3484 1367 3607 1435 (4),

2024 1462 2118 1516 κα).
2146 1464 2210 1515 ὲκ
2248 1460 2593 1524 διδασκαλίας
2637 1460 2997 1531 ἀποπολικῆς
3039 1460 3341 1530 ὁρμωμένη
3367 1461 3464 1513 καὶ
3494 1478 3613 1515 πα-

356 1555 588 1621 ditione,
620 1569 722 1609 nec
753 1569 862 1608 non
893 1568 1014 1609 cum
1040 1551 1179 1608 Novi
1208 1562 1324 1608 tum
1348 1552 1561 1608 Veteris
1591 1552 1923 1609 Testamenti

2039 1553 2293 1623 οαδόσεως
2335 1552 2443 1605 τῶν
2466 1554 2745 1625 Πατέρων,
2771 1552 3132 1623 βεϐαιουμένη
3161 1550 3223 1604 ἐκ
3246 1569 3309 1604 τε
3330 1552 3481 1615 Νέας
3504 1553 3608 1606 καὶ

357 1599 588 1621 .....ν..ν,
622 1599 722 1609 ..νν
755 1599 862 1608 -.νη
1041 1599 1179 1608 --νη
1211 1599 1324 1608 η...
1368 1599 1561 1608 ηπ..-
1602 1599 1923 1609 ----_...--.--

355 1645 683 1704 auctoritate
703 1645 1044 1701 conﬁrmata.
1063 1643 1188 1700 Haec
1213 1645 1357 1699 enim
1381 1654 1511 1701 sunt
1541 1646 1922 1715 prophetarum

2039 1599 2589 1717 ΠαλαιᾶςνΔιαθήκης,
2618 1599 2748 1698 ττῶᾷ
2771 1599 2891 1715 ⁸μὲν
2939 1599 3234 1717 προφητῶν
3283 1599 3558 1712 λεγόντων
3586 1662 3604 1674 ·

354 1740 520 1794 verba
549 1757 563 1793 :
591 1736 788 1791 Emitte
818 1735 1042 1791 Verbum
1083 1746 1231 1790 tuum
1262 1746 1312 1791 et
1355 1739 1628 1791 veritatem
1672 1745 1820 1791 tuam
1839 1738 1922 1792 ”:

2039 1739 2419 1791 Ἀπόστειλον
2447 1737 2555 1790 τὸν
2591 1738 2788 1804 Λόγον
2828 1751 2945 1791 σου
2998 1737 3097 1790 καὶ
3146 1734 3261 1804 τὴν
3305 1737 3610 1803 ἀλήθειάν

356 1841 448 1888 et:
482 1829 618 1885 Ecce
666 1828 820 1901 Virgo
863 1830 1118 1898 concipiet
1144 1838 1195 1884 et
1222 1831 1391 1899 pariet
1422 1829 1644 1896 Filium,
1678 1839 1727 1885 et
1773 1845 1925 1885 voca-

2039 1844 2170 1882 J'ov'
2198 1830 2292 1883 καὶ
2313 1870 2326 1891 ,
2358 1827 2514 1883 Ἰδοὺ
2546 1830 2583 1896 ἠ
2619 1827 2919 1896 Παρθένος
2966 1829 3036 1881 ἐν
3082 1828 3293 1898 γαστρὶ
3333 1828 3460 1893 ἓξει
3498 1829 3605 1883 καὶ

357 1922 485 1978 bunt
514 1939 701 1979 nomen
728 1923 841 1989 eius
867 1922 1203 1990 Emmanuel,
1235 1924 1373 1995 quod
1400 1932 1478 1977 est
1500 1924 1923 1993 interpretatum,

360 2012 653 2069 Nobiscum
688 2013 887 2069 Deus‘.
924 2013 1062 2079 Quid
1090 2028 1256 2082 porro
1289 2012 1420 2068 illud
1446 2022 1710 2082 estquam
1755 2011 1923 2067 Deum

357 2103 411 2158 in
436 2119 601 2158 carne
639 2105 837 2158 factum
864 2103 1032 2159 esse?
1064 2102 1206 2158 Idem
1243 2117 1462 2173 quoque
1491 2102 1798 2173 apostolica
1826 2103 1926 2156 do-

354 2203 443 2251 cet
499 2195 740 2255 traditio.
771 2203 886 2249 tum
915 2196 1074 2250 beato
1099 2195 1262 2250 Petro
1283 2196 1496 2251 dicente
1527 2213 1540 2250 :
1569 2196 1782 2249 Christo
1823 2196 1926 2266 igi-

357 2299 447 2342 tur
459 2303 554 2356 pro
572 2286 722 2341 nobis
748 2303 905 2341 carne
926 2302 1081 2356 passo
1095 2288 1149 2353 ';
1174 2295 1285 2340 tum
1312 2285 1480 2342 Paulo
1497 2287 1786 2349 scribente,
1814 2285 1925 2340 Ex-

355 2387 647 2448 spectantes
690 2380 896 2433 beatam
931 2394 1073 2446 spem
1115 2387 1166 2431 et
1203 2379 1483 2432 adventum
1540 2379 1696 2449 731
1742 2378 1925 2449 glorite

354 2470 538 2541 magni
566 2469 663 2523 Dei
687 2481 738 2524 et
764 2468 1059 2524 Saluatoris
1087 2470 1253 2523 nostri
1282 2468 1411 2523 Jesu
1442 2468 1665 2533 Christi,
1704 2471 1794 2540 qui
1832 2468 1925 2522 de-

355 2562 439 2616 dit
457 2561 792 2631 semetipsum
820 2578 914 2631 pro
949 2561 1118 2624 nobis,
1141 2571 1198 2615 ut
1219 2560 1497 2615 redimeret
1541 2577 1635 2615 nos
1665 2562 1730 2614 ab
1780 2562 1922 2615 omni

353 2667 588 2724 peccato,
635 2664 685 2708 et
715 2656 992 2707 mandaret
1035 2654 1135 2706 sibi
1180 2652 1430 2723 populum
1477 2652 1831 2721 peculiarem,
1872 2659 1922 2706 et

357 2754 666 2799 sectatorem
709 2744 964 2798 bonorum
1009 2759 1221 2812 operum
1246 2745 1286 2798 ³.
1338 2742 1621 2809 Quomodo
1661 2757 1792 2811 ergo
1835 2757 1924 2796 se-

358 2835 539 2904 ipsum
568 2849 670 2903 pro
698 2833 857 2888 nobis
884 2832 1141 2899 dedissvt,
1194 2833 1296 2887 nisi
1348 2848 1567 2888 carnem
1614 2832 1924 2903 gestasset?

2023 1920 2251 1980 τέξεται
2313 1920 2469 1983 Υἱὸν,
2516 1920 2614 1974 καὶ
2661 1918 2992 1973 καλέσουσι
3046 1919 3114 1973 τὸ
3171 1919 3358 1988 ὄνομα
3408 1919 3608 1973 αὐτοῦ

2037 2012 2435 2083 Ἐμμανουὴλ,
2452 2013 2622 2067 ὅέστι
2643 2014 3248 2081 μεθερμηνευόμενον,
3263 2011 3405 2065 Μεθ’
3431 2010 3608 2079 ἡμῶν

2023 2110 2057 2161 ό
2087 2108 2249 2173 Θεός.
2296 2105 2361 2159 Τί
2402 2106 2459 2158 δὲ
2497 2104 2653 2159 τοῦτό
2697 2107 2844 2158 ἐστιν
2888 2104 2921 2174 ἢ
2962 2104 3093 2158 Θεὸν
3134 2106 3192 2158 ὲν
3239 2104 3406 2174 σαρκὶ
3440 2121 3607 2174 γεγε-

2022 2197 2261 2267 νῆσθαι;
2300 2197 2364 2250 Ἦ
2407 2196 2464 2249 δὲ
2508 2195 2837 2267 ἁποστολικὴ
2865 2196 3158 2267 παράδοσις
3201 2196 3469 2260 διδάσκει,
3503 2195 3605 2248 τοῦ

2025 2288 2124 2358 μὲν
2158 2286 2427 2358 μακαρίου
2471 2286 2548 2355 (5)
2595 2285 2799 2356 Πέτρου
2852 2285 3129 2354 λέγοντος·
3175 2287 3435 2355 Χριστοῦ
3486 2283 3606 2341 οὖν

2021 2371 2173 2445 ὑπὲρ
2204 2377 2373 2447 ἡμῶν
2398 2378 2694 2443 παθόντος
2724 2378 2909 2445 σαρκί
2928 2395 2944 2408 ·
2980 2375 3076 2431 τοῦ
3113 2379 3171 2431 δὲ
3199 2378 3417 2431 Παύλου
3461 2380 3604 2449 γρά-

2022 2483 2237 2537 φοντος·
2263 2467 2737 2536 Προσδεχόμενοι
2766 2467 2881 2533 τὴν
2906 2467 3204 2534 μακαρίαν
3224 2466 3470 2526 ἐλπίδα.
3499 2467 3605 2519 καὶ

2019 2558 2372 2630 ἐπιφάνειαν
2401 2558 2505 2626 τῆς
2542 2558 2727 2626 δόξης
2754 2558 2861 2612 τοῦ
2883 2556 3150 2627 μεγάλου
3178 2550 3325 2611 Θεοῦ
3358 2557 3459 2610 καὶ
3488 2561 3607 2611 Σω-

2020 2650 2201 2719 τῆρος
2234 2648 2405 2720 ἡμῶν
2447 2649 2649 2717 Ἰησοῦ
2684 2648 2964 2717 Χριστοῦ,
3011 2647 3081 2713 ὃς
3117 2647 3341 2701 ἔδωκεν
3378 2648 3606 2702 ἑαυτὸν

2021 2743 2171 2812 ὑπὲρ
2206 2742 2395 2812 ἡμῶν,
2443 2743 2542 2795 ἵνα
2590 2741 2966 2811 λυτρώσηται
3011 2737 3170 2809 ἡμᾶς
3220 2740 3341 2794 ἀπὸ
3391 2739 3606 2807 πάσης

2024 2836 2329 2905 ἁμαρτίας,
2366 2834 2463 2888 καὶ
2498 2837 2791 2901 καθαρίσῃ
2825 2833 3015 2898 ἑαυτῷ
3039 2832 3195 2887 λαὸν
3225 2836 3602 2900 περιούσιον,

360 2925 501 2979 hanc
541 2924 686 2978 enim
730 2923 988 2988 oil‘erens,
1026 2924 1375 2994 semetipsum
1421 2938 1523 2993 pro
1565 2924 1724 2979 nobis
1750 2925 1918 2991 dedit,

2039 2926 2126 2980 καὶ
2172 2926 2441 2993 ζηλωτὴν
2472 2924 2676 2979 κηλῶν
2705 2926 2910 2993 ﬁmum”.
2931 2923 3056 2988 Πῶς
3099 2920 3190 2978 οὖν
3233 2923 3467 2978 δέδωκεν
3505 2926 3608 2978 αύ-

357 3023 422 3071 ιιι
443 3026 673 3071 mortem
710 3016 766 3070 in
790 3015 880 3071 illa
915 3015 1219 3079 subeundo,
1268 3014 1543 3069 diabolum
1583 3015 1775 3070 mortis
1821 3017 1925 3071 im-

356 3104 571 3177 perium
602 3106 892 3161 habentem
925 3105 1296 3176 profligant".
1329 3103 1466 3160 Hinc
1481 3106 1681 3177 gratias
1711 3122 1926 3177 semper

356 3197 572 3268 agimus
601 3196 659 3252 in
689 3197 910 3253 nomine
936 3196 1063 3253 Jesu
1092 3195 1318 3261 Christi,
1352 3211 1526 3265 neque
1562 3196 1790 3268 gratiam
1825 3211 1925 3251 no-

356 3288 445 3346 bis
495 3304 591 3360 per
641 3290 820 3360 ipsum
877 3291 1171 3360 prmstitam
1222 3288 1593 3359 repudiamus.
1650 3290 1924 3359 Corporea

356 3380 504 3437 enim
535 3380 835 3437 Salvatoris
858 3379 1147 3453 praesentia
1177 3380 1371 3436 mortis
1417 3380 1520 3436 fuit
1547 3382 1778 3450 pretium
1803 3420 1820 3444 .
1869 3387 1925 3436 et

356 3488 541 3528 rerum
569 3473 812 3529 omnium
841 3481 1144 3528 creatarum
1187 3471 1358 3527 salus.
1385 3470 1670 3539 Quocirca,
1709 3473 1924 3529 charis-

357 3565 494 3621 sime
517 3575 572 3621 et
595 3566 957 3637 optatissime,
992 3565 1048 3620 hi
1079 3564 1320 3636 quidem,
1351 3566 1446 3636 qui
1473 3566 1707 3635 diligunt
1742 3565 1927 3621 Domi-

358 3672 514 3722 num,
543 3674 609 3713 ex
647 3658 812 3714 dictis
846 3659 1305 3714 commonebant:
1352 3659 1445 3728 qui
1474 3673 1606 3713 vero
1644 3659 1928 3714 imitantur

357 3738 576 3809 Iudam,
605 3754 659 3799 et
687 3743 976 3801 Dominum
1010 3746 1375 3810 deserunt,ut-
1405 3747 1665 3816 Caipbam
1692 3762 1928 3815 sequan-

358 3838 471 3896 tur,
507 3847 575 3888 ex
622 3833 814 3889 iisdem
861 3834 1255 3903 detloceantur,
1305 3837 1350 3891 si
1387 3837 1546 3891 modo
1576 3836 1764 3899 velint,
1800 3846 1927 3892 tan-

359 3923 598 3994 demque
626 3925 975 3981 erubescant.
1012 3926 1271 3982 Noverint
1298 3927 1465 3998 igitur
1488 3943 1607 3992 nos,
1663 3943 1787 3982 cum
1820 3927 1928 3983 Do-

358 4014 571 4071 minum
597 4016 652 4070 in
689 4032 854 4071 carne
890 4018 1204 4083 adoramus,
1236 4033 1346 4073 non
1396 4034 1510 4073 rem
1554 4026 1790 4073 creatam
1825 4019 1925 4073 ad-

358 4120 537 4169 orare,
557 4108 649 4163 sed
670 4106 983 4163 Creatorem
999 4117 1182 4163 creato
1204 4109 1451 4164 indutum
1473 4124 1719 4178 corpore,
1736 4125 1928 4180 quem-

359 4198 652 4253 admodum
688 4214 850 4269 supra
881 4200 1291 4269 esplicavimus.

2024 3020 2117 3073 τὸν
2143 3019 2215 3089 (6)
2247 3020 2385 3090 ὑπὲρ
2408 3021 2439 3087 ἡ
2450 3018 2585 3088 μῶν,
2614 3018 2662 3070 εί
2695 3017 2769 3088 μὴ
2798 3017 2975 3087 σάρκα
3005 3010 3364 3088 φορέσας’ἦν;
3391 3017 3607 3089 ταύτην

2024 3112 2132 3183 γὰρ
2179 3111 2546 3183 προσενέγκας
2585 3109 2682 3180 (7),
2713 3108 2901 3162 ἑαυτὸν
2944 3109 3082 3177 ὑπὲρ
3130 3107 3287 3178 ἡμῶν
3340 3107 3605 3171 δέδωκεν,

2026 3203 2113 3266 ἵν’,
2147 3205 2204 3257 ὲν
2237 3201 2419 3273 ἐκείνῃ
2451 3201 2542 3255 τὸν
2577 3200 2806 3253 θάνατον
2833 3198 3244 3268 ἀναδεξάμενος,
3272 3200 3608 3273 καταργήσῃ

2023 3294 2114 3348 τὸν
2145 3294 2204 3348 τὸ
2235 3294 2435 3366 κράτος
2465 3292 2655 3363 ἔχοντα
2692 3292 2787 3347 τοῦ
2832 3293 3058 3347 θανάτου
3088 3290 3350 3346 διάϐολον.
3386 3291 3479 3345 Διὸ
3509 3292 3609 3345 καὶ

2027 3386 2254 3440 πάντοτε
2275 3382 2697 3456 εὐχαριστοῦμεν
2716 3387 2773 3438 ὲν
2790 3383 2867 3455 τῷ
2887 3383 3107 3454 ὀνόματι
3134 3382 3307 3452 Ἰησοῦ
3328 3381 3571 3453 Χριστοῦ
3588 3398 3605 3411 ·

2025 3475 2119 3529 καὶ
2155 3477 2253 3528 οὐκ
2278 3474 2576 3545 ἀθετοῦμεν
2602 3475 2701 3544 τὴν
2723 3474 2790 3527 δι’
2819 3473 2981 3527 αὑτοῦ
3006 3472 3303 3543 γενομένην
3328 3473 3495 3545 χάριν
3524 3473 3609 3536 είς

2026 3569 2191 3639 ἡμᾶς.
2235 3567 2299 3619 Ἦ
2331 3567 2440 3638 γὰρ
2472 3566 2730 3638 ἐνσαρκος
2760 3566 3031 3639 παρουσία
3050 3565 3144 3618 τοῦ
3169 3566 3422 3635 Σωτῆρος
3446 3564 3610 3618 θανά-

2026 3677 2118 3713 του
2162 3659 2356 3730 λύτρον
2405 3660 2498 3713 καὶ
2548 3661 2778 3723 κτίσεως
2826 3660 3008 3729 πάσης
3056 3657 3301 3728 σωτηρία
3350 3658 3605 3725 γέγονεν.

2030 3751 2216 3811 Ὥστε,
2252 3750 2502 3819 ἀγαπητὲ
2523 3750 2618 3804 καὶ
2646 3749 2985 3803 ποθεινότατε
3009 3748 3107 3819 (8),
3132 3749 3179 3801 οἱ
3217 3748 3313 3817 μὲν
3339 3748 3608 3816 ἀγαπῶν-

2026 3858 2117 3905 τες
2164 3841 2251 3893 τὺν
2294 3840 2499 3913 Κύριον
2547 3839 3149 3912 ὑπομιμνησκέσθωσαν
3188 3842 3252 3892 ὲκ
3283 3839 3522 3892 τούτων·
3555 3842 3608 3893 οῖ

2027 3933 2085 3987 δὲ
2114 3933 2205 3986 τὸν
2245 3933 2415 3987 Ἰούδα
2443 3935 2640 4005 τρόπον
2674 3934 3064 4004 μιμησάμενοι,
3095 3931 3189 3984 καὶ
3212 3929 3609 3993 καταλιπόντες

2027 4025 2118 4078 τὸν
2156 4028 2378 4098 Κύριον,
2425 4026 2511 4079 ἴνα
2548 4025 2684 4095 μετὰ
2711 4024 2804 4078 τοῦ
2837 4025 3061 4093 Καῖάφα
3088 4023 3163 4095 (9)
3187 4023 3471 4091 γένωνται,
3509 4038 3610 4091 με-

2027 4118 2535 4172 ταπαιδευέσθωσαν
2561 4120 2618 4173 ὲν
2646 4117 2877 4180 τούτοις,
2907 4116 3002 4170 ἐὰν
3028 4116 3137 4187 ἄρα
3160 4115 3480 4186 θελήσωσιν,
3510 4114 3611 4165 ἐὰν

2030 4209 2139 4278 ἄρα
2168 4208 2514 4287 αίσχυνθῶσι.
2545 4209 2654 4262 Καὶ
2677 4207 3112 4277 γινωσκέτωσαν.
3151 4206 3252 4267 ὅτι,
3281 4205 3373 4256 τὸν
3400 4202 3608 4273 Κύριον

358 4289 418 4342 ὲν
445 4290 607 4360 σαρκῖ⁵
632 4290 1080 4362 προσκυνοῦντες,
1114 4292 1174 4345 οὺ
1203 4291 1460 4363 κτίσματι
1501 4292 1930 4366 προσκυνοῦμεν,
1969 4297 2105 4353 ἀλλὰ
2134 4300 2226 4354 τὸν
2258 4300 2482 4371 κτίστην
2503 4300 2857 4371 ὲνδυσάμενον
2903 4297 2965 4351 τὸ
3006 4295 3218 4350 κτιστὺν
3256 4294 3438 4367 σῶμα,
3460 4294 3610 4349 καθα

360 4378 714 4452 προείπομεν.

433 4471 487 4528 7.
522 4470 724 4527 Vellem
753 4488 887 4529 vero
918 4483 981 4529 ut
1008 4484 1103 4531 tua
1147 4476 1323 4546 pietas
1353 4476 1459 4532 hoc
1485 4476 1555 4532 ab
1585 4475 1694 4532 illis
1735 4478 1925 4535 scisci-

2098 4484 2150 4538 7.
2183 4481 2544 4555 Ἐϐουλόμεθα
2563 4481 2619 4535 δὲ
2639 4480 2736 4552 τὴν
2759 4482 2857 4551 σὴν
2880 4477 3164 4532 εὐλάϐειαν
3184 4474 3450 4529 πυθέσθαι
3473 4475 3607 4547 παρ’

360 4570 589 4619 teretur.
634 4562 839 4635 Nempe
881 4581 1006 4621 cum
1054 4565 1312 4622 Israelitte
1349 4564 1742 4638 Jerosoiymam
1773 4568 1932 4639 jube-

360 4655 563 4712 bantur
590 4656 907 4721 asoendere,
940 4666 1002 4713 ut
1037 4659 1330 4713 adorarent
1371 4658 1426 4713 in
1468 4658 1668 4729 templo
1695 4658 1928 4729 Domini,

360 4748 455 4803 ubi
482 4748 732 4804 videlicet
763 4764 891 4805 arca
921 4760 1060 4817 erat,
1110 4766 1272 4820 supra
1307 4766 1469 4817 quam
1501 4751 1785 4806 cherubim
1814 4754 1931 4823 glo-

359 4839 456 4896 riae
474 4841 802 4911 obtegebant
828 4843 1289 4913 propitiatorium,
1333 4844 1544 4899 benene
1575 4843 1827 4914 agebant,
1859 4860 1929 4899 an

360 4932 550 4986 male?
594 4930 651 4987 Si
678 4934 821 4989 male
851 4935 1120 5004 agebant:
1169 4951 1268 4990 cur
1292 4936 1346 4990 hi
1396 4936 1489 5005 qui
1547 4936 1719 5005 legem
1768 4935 1927 4991 istam

360 5026 715 5097 negligerent,
757 5028 1171 5086 multabantur?
1198 5030 1471 5102 Scriptum
1489 5033 1633 5087 enim
1671 5041 1786 5087 est:
1825 5032 1930 5098 Qui

362 5122 726 5190 contempserit
773 5138 867 5176 nec
910 5123 1223 5185 ascenderit,
1267 5124 1457 5193 peribit
1515 5124 1579 5180 de
1629 5123 1820 5195 populo
1883 5123 1929 5178 '.

364 5206 459 5265 Sin
496 5220 677 5267 autem
708 5221 855 5269 recte
879 5214 1133 5285 agebant,
1163 5230 1337 5285 eaque
1375 5215 1429 5268 in
1458 5230 1516 5269 re
1543 5216 1745 5284 accepti
1773 5223 1930 5270 erant

2032 4574 2211 4628 αὐτῶν
2233 4571 2425 4626 τοῦτο·
2463 4571 2628 4643 ἡνίκα
2653 4572 2683 4624 ὁ
2719 4568 2936 4641 Ἰσραὴλ
2971 4566 3250 4621 ἐκελεύετο
3280 4564 3611 4636 ἀνέρχεσθαι

2032 4668 2111 4731 είς
2144 4665 2241 4736 τὴν
2279 4662 2631 4735 Ἰερουσαλὴμ
2659 4662 2982 4733 προσκυνεῖν
3019 4661 3078 4712 ὲν
3105 4657 3183 4729 τῷ
3214 4656 3330 4726 ναῷ
3374 4657 3607 4728 Κυρίου,

2031 4757 2158 4810 ἔνθα
2181 4758 2213 4826 ἡ
2243 4754 2473 4817 κιϐωτὸς
2506 4753 2600 4807 καὶ
2628 4751 2884 4823 ὑπεράνω
2905 4749 3108 4819 ταύτης
3135 4747 3205 4801 τὰ
3226 4746 3493 4819 χερουϐὶμ
3512 4749 3610 4818 τῆς

2031 4846 2188 4915 δόξης
2222 4842 2652 4907 κατασκιάζοντα
2674 4842 2737 4895 τὸ
2761 4842 3090 4912 ἱλαστήριον,
3118 4838 3300 4901 καλῶς
3330 4837 3550 4891 ἐποίουν
3576 4837 3610 4908 ἢ

2033 4936 2366 5000 τούναντίον;
2401 4936 2462 4988 Εἰ
2494 4934 2592 5004 μὲν
2616 4926 2709 4986 οὖν
2739 4930 2956 5002 φαύλως
2981 4930 3267 5000 ἔπραττον,
3293 4925 3415 4990 πῶς
3445 4927 3495 4979 οἱ
3518 4927 3613 4979 τοῦ

2034 5029 2198 5099 νόμου
2221 5027 2411 5081 τούτου
2436 5023 2930 5096 κατολιγωροῦντες
2957 5018 3373 5089 ύπὺ’ὲπιτιμίαν
3403 5017 3613 5085 ἐγίνον-

2035 5137 2126 5187 το;
2172 5120 2488 5188 Γέγραπται
2515 5117 2642 5187 γάρ·
2702 5117 2807 5180 Ὃς
2847 5111 2957 5166 ἐὰν
2975 5109 3352 5177 ἐξουθενήσῃ
3384 5107 3489 5160 καὶ
3526 5104 3612 5175 μὴ

2037 5210 2252 5279 ἀναϐῇ,
2268 5204 2837 5276 ὲξολοθρευθήσεται
2856 5203 2925 5256 ἐκ
2942 5201 3046 5256 τοῦ
3060 5199 3215 5255 λαοῦ
3235 5217 3247 5228 ι
3278 5200 3328 5250 εἰ
3345 5197 3402 5250 δὲ
3429 5196 3612 5258 καλῶς

432 5304 477 5337 ⁸⁸
515 5301 663 5374 Psal.
691 5320 800 5361 xw
826 5347 841 5371 ,
871 5307 924 5362 '5.
1005 5308 1022 5340 ⁸
1062 5305 1165 5363 lsa.
1198 5294 1293 5373 Vli,
1319 5306 1421 5374 M;
1451 5305 1643 5363 Matth.
1672 5322 1712 5371 ι,
1740 5306 1833 5364 ‘23.
1909 5308 1925 5339 '

2039 5304 2172 5361 Petr.
2210 5320 2282 5367 tv,
2314 5303 2367 5357 i.
2443 5301 2464 5333 ³
2501 5298 2610 5352 Tit.
2644 5313 2703 5361 ιι,
2738 5295 2827 5350 15.
2901 5294 2923 5326 δ
2958 5291 3121 5348 Hebr.
3151 5307 3213 5358 ιι,
3237 5289 3324 5345 Η.
3390 5291 3412 5323 ⁸
3452 5287 3611 5343 Deut.

360 5385 476 5437 nl,
507 5373 593 5427 16.

437 5464 516 5540 (ᾗ)
553 5465 631 5520 lta
663 5466 893 5540 Seguer.
917 5466 1083 5540 Basil.
1113 5475 1169 5523 et
1184 5468 1404 5540 Anglic.
1431 5468 1499 5540 ᾼι
1525 5470 1617 5524 alii
1645 5479 1696 5524 et
1719 5469 1873 5540 editi,
1898 5470 1931 5540 ἡ

360 5534 572 5620 addunt
602 5545 725 5591 ante
742 5534 926 5620 "6991;.
977 5538 1146 5620 Iidem.
1178 5538 1399 5620 Seguer.
1433 5538 1599 5620 [fasi].
1627 5547 1687 5620 et
1712 5534 1925 5620 Anglici

363 5618 511 5683 ιιι-οη.
548 5607 931 5683 ᾲπσστολικῆς,
960 5621 1013 5663 et
1062 5607 1225 5677 infra,
1252 5607 1602 5683 ἀποστολική,
1638 5610 1728 5665 ubi
1760 5609 1848 5662 alii
1880 5617 1932 5663 ct

361 5672 516 5735 editi,
552 5672 883 5729 ἀποστόλων.

435 5743 509 5815 (ὅ)
553 5744 645 5800 Sic
676 5745 799 5817 Sag;
839 5746 1004 5802 Basil.
1037 5755 1092 5802 et
1122 5747 1332 5820 Anglic.
1382 5747 1486 5804 Alii
1530 5762 1659 5805 vero
1683 5757 1738 5804 et
1765 5747 1923 5816 editi,

742 5886 757 5916 Ι

2037 5482 2249 5537 vocem.
2287 5463 2567 5537 μακαρίου,
2589 5459 2864 5515 omittunt.

2223 5532 2384 5612 Eorte
2410 5532 2620 5612 ἑαυτόν.
2969 5593 2983 5612 ν

2109 5605 2188 5672 (7)
2230 5605 2618 5671 Seguerianus.
2648 5605 3044 5672 προσενεγκὼν.

2223 5657 2704 5750 ᾖαῖνποβεινότατε
2725 5657 2987 5750 ρηιίῑιιιηί
3025 5664 3163 5720 Gobi
3210 5670 3264 5717 et
3290 5658 3537 5717 Felckm.
3562 5657 3611 5711 1.

2104 5738 2181 5819 (9)
2224 5744 2609 5817 Seguerianus,
2644 5738 2848 5807 Καῖερα.
