3810 6228
139 326 168 378 1
188 324 322 382 οδι
1109 331 1448 389 EPISTOLA
1487 335 1576 389 AD
1603 333 2006 394 ADELPHIUM
2047 335 2460 398 EPISCOPUM.
3300 337 3444 396 l08'2

138 440 480 512 ἔπραττον,
511 437 604 493 καὶ
629 438 687 491 ἐν
726 437 900 509 τούτῳ
939 439 1221 510 εὐάρεστοι
1260 440 1337 512 τῷ
1374 442 1492 514 Θεῷ
1517 443 1627 514 (l0)
1658 445 1748 512 ὲγί·

1876 445 2007 514 Deo,
2054 463 2234 502 annon
2289 449 2591 506 sexcenties
2639 450 2776 505 mori
2824 449 2971 522 digni
3019 459 3148 509 sunt
3194 453 3445 512 scelerati

139 548 363 586 νοντο·
401 528 518 592 πιῖις
557 530 658 582 οὐκ
703 527 1037 583 ἀπολωλέναι
1069 530 1327 610 πολλάκις
1366 535 1501 588 εἰσὶν
1541 534 1680 600 ἄξιοι
1721 554 1748 588 ο

1875 539 2290 608 turpissimique
2343 539 2586 593 omnium
2640 540 3016 596 haereticorum
3077 543 3301 608 Ariani,
3351 543 3447 615 qui

148 625 374 696 μιαροὶ
404 623 500 674 καὶ
539 620 723 693 πάσης
750 622 1012 694 αἱρέσεως
1041 624 1307 694 αἴσχιστοι
1349 627 1631 696 Ἀρειανοὶ,
1666 628 1746 680 ὅτι

1869 631 2068 687 veteris
2107 633 2291 701 populi
2334 647 2464 702 erga
2508 634 2765 704 templum
2801 635 3160 690 reverentiam
3197 637 3442 703 laudant,

141 716 259 768 τὸν
302 714 477 768 πάλαι
510 713 634 766 λαὸν
678 713 1064 784 ἀποδεχόμενοι
1091 715 1179 768 διὰ
1206 717 1305 788 τὴν
1351 718 1486 788 πρὸς
1526 720 1617 772 τὸν
1642 720 1748 772 ναὸτ

1869 731 1923 776 et
1960 721 2250 776 Dominum
2288 723 2341 776 in
2376 740 2540 778 carne
2566 734 2826 794 tanquam
2857 727 2908 780 in
2949 727 3148 796 templo
3177 727 3446 782 exsisten-

141 806 375 877 τιμὴν,
406 806 468 858 οὐ
499 804 775 875 βούλονται
805 804 894 858 τὸν
919 805 1122 876 Κύριον
1158 809 1214 859 ἐν
1243 809 1429 880 σαρκὶ,
1467 810 1543 873 ὡς
1575 812 1631 862 ἐν
1657 811 1748 880 ναι]

1871 824 1976 867 tem
2015 814 2246 869 adorare
2277 827 2516 870 renuunt
2543 817 2564 870 ?
2592 818 2756 886 Atqui
2796 827 2953 872 vetus
2983 820 3240 887 templum
3279 828 3332 874 et
3363 818 3444 874 la-

144 898 331 961 δντα,
364 899 729 968 προσκυνεῖν;
764 897 954 950 Καίτοι
999 901 1026 950 6
1053 899 1221 952 πάλαι
1255 900 1380 963 ναὸς
1422 902 1486 956 ἐκ
1513 901 1672 954 λίθων

1868 905 2089 974 pidibus
2121 915 2176 960 et
2212 921 2370 970 auro,
2412 908 2554 961 velut
2603 908 2815 973 umbra,
2867 917 3238 964 constructum
3285 919 3436 966 erat:

148 991 268 1043 καὶ
319 988 522 1060 χρυσοῦ
569 988 1052 1053 κατασκευασθεὶς,
1087 990 1162 1054 ὡς
1207 993 1363 1044 σκιάο
1408 993 1666 1066 ἐλθούσης
1711 996 1748 1047 δὲ

1866 1005 2154 1065 postquam
2177 1007 2357 1051 autem
2378 998 2596 1051 advenit
2622 998 2841 1061 veritas,
2857 999 2966 1067 jam
2999 1001 3220 1054 evanuit
3245 1001 3436 1070 ﬁgura,

147 1083 273 1152 τῆς
332 1079 611 1150 ἀληθείας,
660 1081 934 1134 πέπαυται
981 1080 1166 1135 λοιπὸν
1212 1083 1240 1134 6
1288 1082 1477 1148 τύπος,
1528 1087 1622 1139 καὶ
1667 1086 1748 1138 ού)

1867 1103 1968 1143 nec
2019 1089 2156 1159 lapis
2199 1105 2364 1159 super
2411 1090 2686 1159 lapidem,
2737 1092 3036 1145 secundum
3099 1092 3438 1148 Dominiéam

150 1173 389 1242 ἔμεινε,
417 1171 558 1226 κατὰ
583 1171 681 1242 τὴν
709 1173 991 1244 Κυριακὴν
1023 1174 1226 1245 φωνὴν,
1251 1173 1396 1238 λίθος
1420 1177 1509 1228 ἐπὶ
1541 1176 1687 1230 λίθον
1709 1179 1766 1231 έν

151 1264 334 1334 αὐτῷ
353 1304 368 1327 ,
398 1264 456 1328 ὃς
490 1265 550 1317 ού
581 1263 872 1335 κατελύθη.
903 1265 1012 1316 Καὶ
1037 1262 1182 1323 οὔτε,
1215 1265 1303 1318 τὸν
1327 1266 1452 1319 ναὸν
1480 1265 1767 1336 βλέποντες

155 1359 236 1408 ἐκ
279 1355 470 1417 λίθων,
521 1355 768 1425 ἐνόμιζον
812 1355 908 1407 καὶ
943 1356 1032 1408 τὸν
1071 1358 1126 1410 ἐν
1172 1356 1322 1428 αὐτῷ
1355 1357 1467 1429 ναῷ
1507 1359 1766 1414 λαλοῦντα

155 1446 389 1517 Κύριον
418 1442 554 1500 εἶναι
584 1445 808 1517 κτίσμα,
853 1445 998 1509 οὔτε,
1039 1448 1129 1500 τὸν
1167 1451 1292 1504 ναὸν
1335 1449 1762 1518 ἐξουθενοῦντες,

156 1539 546 1610 ἀπερχόμενοι
591 1539 806 1610 μακρὰν
858 1538 1256 1608 προσεκύνουν*
1305 1540 1418 1594 ἀλλ’
1473 1544 1552 1605 εἰς
1603 1543 1764 1596 αὑτὸν

156 1633 467 1702 ἐρχόμενοι
511 1630 756 1702 νομίμως
787 1627 1075 1702 ἐλᾶτρευον
1111 1631 1188 1702 τῷ
1212 1631 1329 1702 Θεῷ
1369 1633 1476 1685 ἀπὸ
1503 1632 1598 1684 τοῦ
1632 1633 1761 1685 ναοῦ

157 1725 593 1796 χρηματίζοντι.
645 1723 846 1777 Τούτου
891 1722 946 1775 δέ
989 1722 1160 1784 οὕτως
1199 1723 1512 1794 γενομένου,
1546 1721 1661 1786 πῶς
1701 1722 1762 1775 16

161 1820 341 1889 σῶμα
376 1817 470 1871 τοῦ
514 1817 740 1888 Κυρίου,
773 1816 832 1869 16
869 1815 980 1886 (ll)
1018 1816 1280 1884 πανάγιον
1311 1815 1407 1868 καὶ
1455 1815 1758 1868 πάνσεπτον

161 1910 420 1980 ἀληθῶς,
457 1911 560 1964 ὑπὸ
593 1909 689 1980 μὲν
729 1908 822 1962 τοῦ
861 1909 1201 1981 ἀρχαγγέλου
1249 1907 1489 1980 Γαϐριὴλ
1533 1909 1760 1976 εὐαγγε-

160 2002 383 2065 λισθὲν,
425 2003 530 2055 ὑπὸ
570 2002 626 2054 δὲ
657 2001 749 2054 τοῦ
799 2002 955 2068 ἀγίου
1006 2000 1320 2071 Πνεύματος
1375 1999 1630 2061 πλασθὲν,
1665 1999 1760 2052 καὶ

162 2096 268 2150 τοῦ
317 2097 492 2164 Λόγου
543 2096 764 2164 γεγονὸς
803 2096 914 2163 (12).)
966 2095 1187 2165 ἔνδυμα,
1242 2092 1302 2147 ού
1351 2093 1756 2164 προσκυνητόν;

162 2188 354 2260 Χεῖρα
385 2189 516 2257 γοῦν
551 2189 867 2258 σωματικὴν
900 2189 1144 2248 ἐκτείνας
1173 2189 1200 2240 6
1227 2187 1418 2254 Λόγος,
1451 2187 1636 2255 ἤγειρε
1662 2185 1761 2256 τὴν

164 2279 588 2349 πυρέσσουσανο
617 2280 710 2332 καὶ
759 2281 939 2350 φωνὴν
979 2279 1324 2352 ἀνθρωπίνην
1357 2278 1537 2347 ἀφεὶς,
1573 2278 1760 2348 ἤγειρε

163 2370 265 2424 τὸν
298 2370 550 2441 Λάζαρον
584 2372 649 2424 ἐκ
689 2371 899 2443 νεκρῶν
929 2372 1072 2441 (15)·
1109 2371 1204 2424 καὶ
1251 2370 1411 2424 πάλιν
1444 2371 1542 2433 τὰς
1575 2373 1759 2440 χεῖρας

165 2462 427 2525 ἐκτείνας
457 2463 550 2516 ἐπὶ
577 2462 672 2516 τοῦ
706 2462 960 2532 σταυροῦ,
989 2463 1079 2516 τὸν
1108 2463 1205 2532 μὲν
1227 2463 1461 2534 ἄρχοντα
1485 2462 1582 2532 τῆς
1612 2461 1760 2527 ἐξου-

170 2554 299 2616 σίας
343 2551 439 2606 τοῦ
478 2553 660 2624 ἀέρος,
695 2552 788 2606 τοῦ
828 2553 922 2605 νῦν
969 2552 1318 2622 ἐνεργοῦντος
1364 2553 1422 2606 ἐν
1461 2553 1572 2614 τοῖς,
1629 2552 1760 2614 υἱοῖς

167 2645 277 2714 τῆς
318 2644 622 2709 ἀπειθείας,
664 2644 953 2708 κατέϐαλε,
998 2643 1097 2715 τὴν
1147 2643 1204 2697 δέ
1247 2644 1364 2698 όδὸν
1395 2646 1528 2715 ἡμῖν
1562 2645 1620 2696 ἐν
1648 2645 1760 2706 τοῖς

167 2737 427 2806 οὐρανοῖς
458 2735 702 2806 καθαρὰν
730 2736 924 2789 ἐποίει.

248 2829 302 2884 8.
338 2829 546 2882 Οὐκοῦν
573 2832 600 2882 6
635 2828 746 2898 (14)
777 2827 868 2881 16v
896 2827 1019 2880 ναὸν
1056 2825 1356 2896 ἀτιμάζων,
1389 2824 1640 2896 ἀτιμάζει
1669 2825 1760 2878 16v

171 2923 234 2975 ἐν
267 2921 346 2991 τῷ
371 2920 485 2991 ναῷ
518 2920 719 2991 Κύριον
743 2937 756 2950 ο
789 2920 882 2972 καὶ
908 2921 936 2972 6
961 2918 1182 2989 διαιρῶν
1215 2919 1306 2970 τὸν
1339 2919 1508 2987 Λόγον
1537 2919 1645 2972 ἀπὸ
1665 2917 1759 2971 τοῦ

175 3012 458 3081 σώματος,
497 3009 680 3062 ἀθετεῖ
710 3007 808 3079 τὴν
840 3008 999 3079 χάριν
1014 3009 1113 3079 τὴν
1134 3007 1377 3059 δοθεῖσαν
1413 3010 1542 3077 ἡμῖν
1575 3009 1632 3060 ἐν
1665 3009 1760 3061 αύ-

1864 1180 2119 1245 vocem‘,
2152 1179 2205 1233 in
2235 1195 2300 1233 eo
2327 1181 2548 1244 mansit,
2575 1182 2667 1250 qui
2702 1196 2809 1234 non
2861 1179 3021 1236 fuerit
3051 1197 3296 1237 eversus.
3329 1181 3439 1237 Nec

1865 1286 1993 1324 vero
2033 1270 2108 1324 illi
2149 1271 2408 1339 templum
2433 1287 2497 1324 ex
2527 1272 2798 1343 lapidibus
2824 1270 3147 1326 aedificatum
3174 1282 3438 1328 contuen-

1865 1373 1967 1424 tes,
2002 1363 2176 1431 ipsum
2223 1364 2384 1417 etiam
2423 1362 2738 1428 Dominum,
2772 1363 2865 1432 qui
2920 1363 2973 1416 in
3003 1379 3067 1416 eo
3096 1357 3436 1434 loquebatur,

1865 1470 1978 1508 rem
2013 1463 2249 1508 creatam
2275 1455 2535 1523 putabant
2568 1469 2690 1509 esse
2717 1473 2729 1508 :
2762 1469 2936 1523 neque
2966 1456 3223 1524 templum
3255 1456 3438 1525 despi-

1865 1547 2072 1600 cientes
2122 1546 2311 1615 procul
2364 1546 2488 1600 inde
2526 1545 2804 1600 adoraturi
2837 1546 3202 1612 recedebant;
3238 1547 3331 1601 sed
3381 1547 3438 1602 in

1864 1639 1996 1692 illud
2056 1637 2332 1707 ingressi,
2367 1637 2478 1690 Deo
2535 1637 2757 1691 oracula
2803 1651 2834 1690 e
2868 1636 3068 1706 templo
3121 1637 3299 1691 edenti
3336 1639 3440 1694 rite

1864 1727 2191 1783 Serviebant.
2221 1726 2352 1792 Quae
2383 1742 2507 1780 cum
2543 1726 2615 1780 ita
2678 1727 2813 1788 sint,
2851 1740 2918 1779 an
2965 1740 3072 1778 non
3109 1726 3323 1780 adorari
3355 1728 3439 1782 di-

1863 1834 2028 1890 gnum
2083 1826 2169 1872 est
2201 1818 2610 1873 sanctissimum
2649 1833 2884 1885 vereque
2913 1818 3278 1873 venerandum
3333 1817 3439 1873 Do-

1863 1909 1996 1960 mini
2035 1923 2256 1976 corpus,
2291 1907 2435 1978 quod
2479 1907 2696 1975 quidem
2727 1909 2795 1961 ab
2823 1909 3150 1978 archangelo
3187 1907 3437 1963 Gabriele

1867 1999 2273 2064 annuntiatum,
2303 2014 2333 2053 a
2372 1997 2576 2069 Spiritu
2603 2006 2794 2053 sancto
2822 2000 3113 2053 formatum
3141 2000 3182 2065 ⁶,
3213 2015 3277 2054 ac
3302 1997 3436 2052 Ver-

1860 2089 1914 2142 bi
1973 2087 2176 2142 factum
2231 2099 2313 2143 est
2343 2088 2770 2144 indumentum?
2811 2087 2982 2156 llujus
3011 2090 3256 2159 corporis
3305 2088 3437 2144 Ver-

1859 2180 1988 2234 bum
2033 2197 2197 2234 manu
2227 2190 2449 2235 extenta
2485 2181 2767 2236 mulierem
2813 2181 2948 2235 febri
2982 2182 3314 2235 laborantem
3343 2196 3436 2236 sa-

1861 2273 2068 2340 navit",
2097 2283 2150 2326 et
2187 2289 2316 2328 voce
2350 2274 2588 2328 humana
2621 2276 2822 2329 emissa
2857 2275 3120 2329 Lazarum
3161 2275 3436 2328 revocavit

1860 2365 1925 2418 ad
1955 2364 2121 2418 vitam
2153 2365 2214 2419 δε
2252 2365 2506 2434 idemque
2539 2367 2792 2420 manibus
2825 2383 3015 2421 rursus
3051 2365 3101 2417 in
3143 2379 3304 2418 cruce
3333 2378 3433 2418 ex-

1861 2455 2054 2518 tensis,
2087 2456 2384 2525 principem
2420 2455 2710 2525 potestatis
2742 2457 2904 2519 aeris,
2936 2455 3026 2526 qui
3059 2467 3204 2507 nunc
3237 2466 3432 2522 opera-

1860 2554 1951 2599 tur
1981 2545 2034 2599 in
2089 2545 2215 2600 ﬁliis
2248 2545 2554 2600 diliidentiaa
2577 2547 2620 2607 ’,
2661 2545 2974 2616 prostravit,
3031 2557 3332 2616 puramque
3365 2541 3432 2596 ad

1861 2635 2032 2691 caelos
2057 2635 2214 2690 nobis
2243 2635 2386 2690 viam
2422 2635 2652 2705 paravit.

1930 2827 1985 2882 8.
2015 2827 2358 2899 Quapropter
2387 2831 2480 2898 qui
2512 2828 2811 2883 contemnit
2834 2829 3114 2898 templum,
3141 2828 3433 2888 Dominum

1859 2919 1952 2988 qui
1989 2919 2043 2972 in
2079 2920 2278 2988 templo
2315 2929 2399 2974 est
2431 2920 2731 2974 contemnit
2761 2938 2773 2973 :
2809 2929 2863 2974 et
2893 2921 2986 2989 qui
3015 2919 3252 2975 Verbum
3293 2923 3434 2978 divi-

1861 3008 1940 3063 dit
1969 3024 1998 3062 a
2031 3024 2278 3078 corpore,
2305 3009 2534 3078 gratiam
2581 3009 2738 3062 nobis
2771 3008 2826 3061 in
2865 3008 2983 3078 ipso
3016 3011 3196 3065 datam
3228 3011 3428 3082 rejieit.

169 3099 274 3170 τῷ.
314 3099 422 3152 Καὶ
467 3097 815 3151 ἀσεϐέστατοι
861 3097 918 3149 δέ
981 3097 1382 3167 ’Λρειομανῖται
1425 3097 1523 3167 μὴ,
1572 3098 1748 3169 ἐπειδὴ

1864 3099 1970 3154 Nec.
2001 3115 2130 3154 vero
2178 3100 2488 3170 impiissimi
2515 3103 2725 3167 Ariani,
2757 3117 2823 3155 eo
2849 3104 2996 3172 quod
3029 3115 3272 3160 creatum
3303 3121 3431 3161 cor-

170 3195 238 3246 16
272 3193 432 3264 σῶμα
483 3192 698 3246 κτιστόν
732 3193 866 3257 ἐστι,
903 3189 1271 3261 νομιζέτωσαν
1319 3189 1414 3242 καὶ
1461 3189 1552 3242 τὸν
1589 3189 1758 3256 Λόγον

174 3282 316 3340 εἶναι
341 3285 564 3356 κτίσμα,
598 3283 731 3355 μηδὲ
755 3282 844 3336 διά
866 3281 928 3335 16
960 3281 1032 3353 μὴ
1060 3277 1197 3334 εἶναι
1225 3281 1316 3335 τὸν
1337 3280 1507 3349 Λόγον
1533 3279 1756 3350 κτίσμα,

175 3375 609 3431 διαϐαλλέτωσαν
643 3376 706 3428 16
738 3375 896 3446 σῶμα
930 3372 1118 3429 αὐτοῦ.
1154 3371 1444 3444 Θαυμάσαι
1475 3372 1582 3443 γάρ
1612 3373 1759 3425 ἐστιν

177 3467 358 3524 αὐτῶν
405 3468 503 3538 τὴν
550 3468 857 3529 κακόνοιαν,
905 3467 988 3520 ὅτι
1037 3466 1130 3518 καὶ
1178 3465 1357 3518 πάντα
1409 3463 1617 3517 κυκῶσι
1667 3463 1758 3516 καὶ

177 3559 429 3631 φύρουσι,
484 3559 577 3611 καὶ
623 3558 922 3629 προφάσεις
977 3555 1412 3627 ἐφευρίσκουσιν,
1461 3554 1546 3606 ἵνα
1601 3553 1759 3623 μόνον

178 3651 270 3704 τὸν
292 3650 514 3719 κτίστην
538 3651 650 3711 τοῖς
664 3648 926 3718 κτίσμασι
955 3646 1452 3719 συναριθμήσωσιν.
1472 3645 1582 3716 (15)
1615 3644 1755 3697 ’Λλλ’

178 3743 561 3796 ἀκουέτωσανο
597 3743 659 3793 El
701 3741 902 3810 κτίσμα
934 3737 1002 3810 ἦν
1033 3741 1062 3792 6
1104 3739 1294 3807 Λόγος,
1340 3739 1400 3790 οὺ
1446 3737 1756 3808 προσελάμ-

179 3837 306 3890 ϐανε
328 3837 389 3890 16
413 3836 628 3889 κτιστὸν
657 3835 834 3905 σῶμα,
863 3835 950 3888 ἵνα
977 3833 1110 3887 αὐτὸ
1138 3832 1467 3902 ζωοποιήσῃ,
1493 3830 1629 3882 Ποία
1649 3827 1756 3900 γὰρ

177 3930 290 3990 τοῖς
314 3926 570 3996 κτίσμασι
603 3924 754 3995 παρά
782 3923 1078 3993 κτίσματος
1107 3921 1260 3974 ἔσται
1299 3919 1540 3991 βοήθεια,
1567 3919 1756 3989 δεομέ⁸

180 4033 272 4069 νου
319 4015 413 4068 καὶ
475 4013 639 4068 αὑτοῦ
691 4013 994 4084 σωτηρίας;
1059 4010 1199 4064 Ἀλλ’
1254 4009 1472 4080 ἐπειδὴ,
1531 4009 1755 4080 κτίστης

180 4104 256 4158 ὢν
285 4102 395 4172 (l6)
418 4103 447 4154 6
473 4103 663 4170 Λόγος,
693 4103 855 4166 αὐτὸς
887 4101 1217 4172 δημιουργὸς
1249 4099 1438 4168 γέγονε
1486 4099 1594 4152 τῶν
1635 4117 1752 4154 κτι-

184 4197 402 4267 σμάτων
423 4213 436 4226 ·
458 4195 546 4248 διὰ
577 4195 734 4248 τοῦτο
766 4197 860 4249 καὶ
890 4195 980 4247 ἐπί
1008 4192 1284 4264 συντελείᾳ
1311 4192 1419 4245 τῶν
1449 4191 1658 4246 αἰώνων
1693 4192 1754 4246 τὸ

182 4287 394 4342 κτιστὸν
421 4287 582 4351 αὐτὸς
631 4287 919 4340 ἐνεδύσατο
949 4286 1082 4354 (l7),
1136 4285 1220 4338 ἵνα
1264 4284 1426 4338 πάλιν
1467 4285 1647 4347 αὐτὸς,
1678 4283 1753 4348 ὡς

181 4380 420 4451 κτίστης,
455 4379 799 4452 ἀνακαινίσῃ,
840 4379 934 4432 καὶ
978 4379 1280 4448 ἀνακτῆσαι
1325 4377 1482 4430 τοῦτο
1527 4376 1748 4448 δυνηθῇ.

1859 3208 1960 3262 pus
1990 3202 2094 3258 est,
2132 3191 2368 3248 Verbum
2399 3208 2615 3262 quoque
2644 3201 2884 3248 creatum
2918 3210 3040 3249 esse
3069 3195 3266 3250 debent
3313 3198 3433 3252 exi-

1861 3285 2123 3341 stimare:
2158 3300 2258 3341 nec
2297 3285 2425 3341 item
2476 3286 2603 3355 quia
2633 3293 2877 3340 creatum
2911 3301 3017 3340 non
3048 3298 3130 3342 est
3165 3286 3428 3355 Verbum,

1857 3375 1925 3429 de
1953 3374 2072 3443 ejus
2098 3388 2329 3444 corpore
2360 3374 2644 3430 detrahere
2675 3373 2778 3428 sibi
2813 3375 2975 3428 licere
3003 3382 3211 3443 putent.
3248 3375 3432 3446 Siqui-

1857 3467 1978 3521 dem
2003 3467 2240 3536 permira
2273 3475 2359 3523 est
2379 3460 2584 3522 ‘mentis
2613 3467 2828 3520 illorum
2858 3466 3206 3535 perversitas,
3238 3482 3345 3536 qua
3373 3475 3430 3524 et

1858 3561 2042 3615 omnia
2083 3561 2412 3615 conturbant
2442 3560 2898 3630 permiscentque,
2941 3568 2996 3614 et
3023 3543 3220 3614 causas
3262 3575 3428 3615 exeo.

1857 3651 2051 3720 gitant,
2079 3666 2188 3720 quo
2227 3651 2404 3706 solum
2432 3649 2920 3704 Creatorem-inter
2947 3664 3034 3704 res
3062 3660 3273 3706 creatas
3301 3667 3429 3721 pos-

1857 3743 1968 3798 sint
2007 3743 2291 3798 collocare.
2328 3743 2528 3798 Verum
2574 3742 2940 3811 audiantquat
2971 3757 3160 3798 sumus
3186 3743 3424 3800 dicturi:

1858 3837 1915 3891 Si
1949 3835 2184 3892 Verbum
2221 3854 2309 3892 res
2352 3846 2532 3894 creata
2582 3845 2746 3902 esset,
2781 3845 3022 3890 creatum
3069 3853 3177 3891 non
3211 3854 3427 3894 assum-

1855 3930 2056 4000 psisset
2081 3945 2303 4000 corpus,
2338 3937 2398 3984 ut
2443 3930 2518 3984 illi
2549 3928 2708 3998 732
2756 3927 2922 3980 vitam
2956 3927 3283 3998 impertiret.
3323 3929 3427 3985 Ee-

1854 4021 1984 4090 quid
2017 4021 2164 4075 enim
2191 4022 2381 4076 auxilii
2412 4037 2500 4076 res
2527 4029 2708 4076 creata
2742 4017 2821 4072 rei
2845 4028 3040 4076 creatae
3060 4021 3202 4074 ferre
3232 4022 3424 4091 possit,

1854 4129 1978 4168 cum
2008 4113 2124 4183 ipsa
2153 4114 2329 4168 salute
2356 4114 2637 4183 indigeat?
2673 4112 2777 4170 Sed
2817 4118 2946 4186 quia
2996 4115 3250 4178 Verbum,
3298 4128 3425 4168 cum

1853 4213 2070 4259 creator
2104 4206 2195 4268 sit,
2231 4220 2415 4258 rerum
2456 4219 2760 4262 creatarum
2799 4209 2901 4262 fuit.
2929 4207 3108 4277 opifex
3141 4228 3152 4262 :
3205 4207 3326 4260 ideo
3370 4207 3426 4259 in

1852 4291 1960 4345 ﬁne
1985 4291 2306 4346 saeculorum
2342 4307 2454 4345 rem
2490 4301 2726 4347 creatam
2764 4293 2959 4358 induit,
3008 4300 3067 4348 ut
3117 4307 3258 4355 eam,
3308 4301 3429 4345 tan-

1856 4398 2018 4451 quam
2056 4395 2293 4448 creator,
2348 4384 2639 4438 resarciret
2687 4392 2742 4438 et
2789 4393 3081 4454 repararet.
3134 4381 3244 4438 Nec
3279 4382 3426 4436 enim

181 4473 396 4544 Κτίσμα
416 4473 475 4527 δὲ
509 4473 616 4529 ὑπὸ
643 4473 940 4543 κτίσματος
966 4473 1067 4526 ούκ
1101 4472 1166 4526 ἄν
1200 4486 1330 4523 ποτε
1363 4470 1530 4541 σωθῇ,
1563 4470 1748 4542 ὥσπερ

1864 4487 1950 4527 res
2005 4482 2184 4527 creata
2243 4458 2356 4528 re'm
2420 4484 2658 4530 creatam
2720 4486 2903 4546 posset
2965 4476 3169 4531 salvam
3225 4474 3424 4545 facere,

179 4566 293 4621 οὐδὲ
324 4565 427 4619 ὑπὸ
458 4566 754 4636 κτίσματος
782 4565 1112 4636 ἐκτίσθησαν
1141 4563 1208 4617 τὰ
1250 4562 1542 4634 κτίσματα,
1590 4563 1639 4614 εί
1681 4563 1754 4633 μὴ

247 4704 268 4732 ⁸
304 4700 492 4756 Matth.
523 4717 668 4764 χχιιι,
698 4701 753 4760 2.
829 4702 849 4732 ⁷
890 4699 1021 4755 Luc.
1059 4717 1131 4764 Iv,
1163 4699 1234 4754 ‘26
1275 4715 1426 4770 seqq.

249 4888 358 4954 (l0)
399 4886 558 4957 Gobl.
588 4894 642 4941 et
677 4887 913 4941 Felckm.
947 4875 996 4948 Ι,
1020 4885 1351 4957 εὐηρέστουν
1374 4883 1452 4957 τῷ
1473 4883 1611 4957 Θεῷ.

251 4959 357 5028 (ll)
400 4955 493 5028 Sic
516 4957 668 5018 editi,
703 4958 796 5028 sed
832 4954 1201 5028 manuscripti
1221 4972 1319 5024 pro
1351 4956 1410 5008 16
1441 4954 1641 5008 habent
1667 4954 1751 5020 ού,

181 5045 337 5108 quam
361 5027 684 5108 particulam
731 5027 1098 5097 Seguerianus
1119 5027 1260 5080 infra
1289 5034 1414 5080 ante
1443 5042 1752 5096 προσκυνη-

183 5100 267 5152 τόν
289 5100 506 5151 omittit.

251 5168 358 5235 (l2)
401 5166 564 5221 Basil.
601 5175 654 5222 et
685 5165 993 5237 Anglican.,
1029 5166 1274 5236 ἐπλάσθη
1299 5166 1393 5219 καὶ
1437 5163 1531 5218 τοῦ
1574 5163 1748 5233 Λόγου

183 5238 719 5378 γὲἷῗὲῗνὲθειιετῑιιη.
750 5305 916 5378 addit,
943 5307 1008 5378 ἐκ
1030 5306 1262 5376 νεκρῶν,
1289 5304 1545 5378 omittunt
1573 5303 1662 5378 alii
1696 5313 1751 5378 et

183 5376 558 5432 edi'ti.'lbidem
590 5379 730 5434 idem
753 5386 808 5432 et
833 5376 1000 5432 Basil.
1029 5392 1154 5431 cum
1185 5376 1496 5446 Anglican.,
1521 5376 1748 5446 mimi-

184 5446 262 5531 λιν
283 5447 376 5512 τάς
397 5451 587 5531 χεῖρας
619 5467 632 5502 :
659 5448 752 5531 alii
779 5462 908 5531 vero
935 5454 990 5531 et
1009 5446 1162 5528 editi,
1186 5443 1367 5525 τὰς’δὲ
1387 5447 1591 5531 χεῖρας.
1618 5443 1744 5531 Item

187 5514 627 5586 Seguerfibidem
659 5518 840 5580 habet,
869 5517 960 5587 ἐπὶ
986 5517 1080 5569 τοῦ
1115 5514 1348 5587 σταυροῦ
1388 5514 1487 5587 τὸν
1514 5515 1611 5586 μὲν
1648 5514 1744 5587 ἱρ-

205 5532 400 5586 ιθκιιειι.
431 5532 627 5573 ibidem
659 5532 840 5580 nanet,
869 5532 960 5568 επι
986 5533 1080 5569 του
1115 5533 1348 5587 σταυρου
1389 5532 1478 5568 τον
1514 5532 1611 5586 μεν
1648 5532 1678 5567 ι

205 5605 354 5657 ζοντα,
409 5597 464 5642 et
493 5603 619 5643 mox
651 5587 792 5642 idem
827 5597 880 5640 et
911 5585 1077 5640 Basil.
1117 5601 1241 5640 cum
1288 5585 1596 5657 Anglican,
1645 5532 1713 5655 1g

1861 4565 2318 4633 quemadmodum
2355 4582 2456 4622 nec
2488 4583 2576 4622 res
2613 4577 2806 4623 creatae
2835 4584 2862 4623 a
2903 4584 2961 4623 re
2986 4577 3163 4622 creata
3215 4567 3427 4638 potuis-

1503 4698 1525 4730 ⁸
1560 4696 1717 4752 Joan.
1756 4712 1830 4761 ιιι,
1862 4697 1950 4752 l5.
2025 4697 2047 4728 ⁹
2087 4697 2285 4768 Ephes.
2322 4713 2384 4765 ιι,
2415 4699 2450 4752 2

1929 4882 2040 4955 (l4)
2083 4881 2174 4938 Sic
2206 4883 2592 4954 Segueriauus.
2626 4885 2732 4939 Alii
2763 4893 2818 4941 et
2855 4885 2983 4940 editi
3025 4883 3179 4941 artic.
3206 4887 3234 4938 6
3264 4884 3426 4939 omit-

1853 4960 1991 5006 tunt.

1923 5024 2034 5094 (l5)
2075 5023 2209 5098 ΗιπιτὲιΔ
2237 5025 2425 5098 verba,
2453 5025 2723 5098 usquead
2751 5027 3057 5097 ἀνακτῆσαι
3088 5024 3310 5098 δυνηθῇ.
3338 5023 3423 5098 ci-

1849 5093 2032 5148 tantur
2071 5093 2494 5165 aﬁTheodoreto
2538 5093 2758 5165 dialogo
2790 5113 2850 5160 ιι,
2885 5093 2979 5152 sed
3003 5100 3158 5150 velut
3204 5093 3421 5165 ci'cpi-

1847 5166 1983 5237 stola
2015 5165 2081 5219 ad
2118 5164 2418 5237 Epictetum
2448 5184 2460 5220 :
2491 5165 2593 5220 nisi
2626 5164 2763 5237 forte
2790 5183 2888 5236 pro
2915 5169 2978 5221 ἐκ
3009 5170 3108 5237 τῆς
3135 5166 3324 5237 αὐτῆς,
3355 5164 3424 5237 lc-

1846 5236 2082 5302 gendum
2112 5233 2203 5308 sit,
2230 5235 2298 5308 ἐξ
2336 5235 2503 5308 ἄλλης
2526 5233 2833 5308 ἐπιστολῆς,
2864 5245 2924 5292 ut
2956 5233 3206 5292 observat
3233 5233 3420 5308 Felclg-

1846 5319 2114 5380 mannus;
2130 5305 2334 5380 Ibidem
2365 5303 3228 5380 Τιιὸοάοτειιιε,’προσελάμϐανεν
3251 5303 3422 5361 ἀν.Ει

1845 5389 1994 5438 mox,
2023 5374 2181 5446 163310
2211 5376 2466 5446 ζωοποιῇ.

1879 5470 1882 5474 -
1914 5446 2026 5519 (ηιξ)
2066 5445 2248 5519 Basia
2267 5455 2320 5500 et
2351 5442 2661 5516 Anglican“
2685 5442 3026 5519 κτίστης-ἧν·

1917 5515 2029 5588 (lj)
2068 5513 2461 5588 Theodoretus;
2481 5517 2845 5588 συνεστήσατο
2856 5513 3003 5571 filex
3028 5514 3341 5588 Basiliensis
3366 5523 3418 5569 et

1714 5603 1743 5636 ν
1842 5583 2372 5658 An'glic_anus,a616;
2401 5590 2430 5640 6
2460 5583 2706 5658 κτίστηςζ
2730 5586 2932 5644 Ibidem
2960 5602 3085 5642 mox
3113 5584 3413 5655 Theodor.,

213 5658 381 5721 ὲόδόν,
400 5667 507 5713 etc.
530 5659 633 5711 Alii
651 5673 780 5712 vero
807 5665 862 5712 et
876 5657 1028 5722 editi,
1053 5657 1146 5709 τοῦ
1165 5665 1219 5710 et
1254 5656 1352 5726 μέν
1379 5656 1743 5726 omittunl_,_ut

1864 5655 2152 5709 ινικτίσαι.

187 5738 236 5784 et
261 5727 544 5786 Basiliens.
569 5735 623 5784 et
647 5728 998 5797 Anglicanus,
1025 5724 1332 5796 habentun
1359 5726 1450 5780 καὶ
1471 5725 1570 5796 τὴν
1590 5724 1726 5779 ὀδόν.
