3810 6228
2496 274 2518 306 κ

351 322 492 383 1053
944 337 1000 391 S.
1033 337 1403 397 ATHANASII
1440 343 1590 401 OPP.
1633 346 1813 404 PARS
1850 352 1855 405 l

2135 354 2400 414 iTORlCA
2437 360 2526 415 ET
2563 362 2979 425 DOGMATICA.
3472 378 3639 432 1084

347 460 469 503 sent
499 452 697 519 creari,
736 454 841 510 nisi
879 455 1109 515 Verbum
1145 474 1361 520 creator
1402 464 1618 524 fuisset.
1666 468 1851 526 Desine

348 540 512 564 2.44--..
538 543 777 564 J‘!__--‘,
816 540 877 564 θ’
918 550 931 561 ο
979 560 989 564 ,
1172 554 1206 564 ..
1250 555 1262 564 .
1400 555 1420 564 Α
1454 558 1466 564 -
1554 559 1566 564 -

2134 493 2252 549 ςτης
2282 474 2351 551 ἦν
2375 483 2403 533 ὁ
2430 483 2621 552 Λόγος.
2656 486 2816 541 Ὅθεν
2852 490 2926 561 μὴ
2960 497 3478 564 καταψευδέσθωσαν
3497 501 3638 553 τῶν

348 540 512 611 igitur
532 543 787 616 deinceps
816 540 1127 620 scripturas
1155 554 1369 612 divinas
1395 555 1533 615 false
1554 559 1852 632 interpreta‘

2129 583 2181 659 ον
2200 540 2450 639 liga-eihi,
2468 540 2604 644 μῆδὲ
2631 540 3133 645 σκανδαίιξ
3143 540 3291 650 ⁷τοῦξ
3301 540 3633 659 Σκεραίοῖς

346 648 523 703 neque
548 637 659 693 sint
685 641 944 698 seandalo
970 646 1399 716 simplicioribus
1429 653 1653 707 fratrum
1684 673 1698 709 :
1728 657 1843 719 sed,

2123 674 2128 699 ν
2161 637 2402 728 ἀδελφῶν
2422 679 2435 691 ·
2468 637 2592 717 ⁷ιεὶὶξίυ
2639 666 2688 718 εί
2734 667 2832 737 μὲν
2878 637 3173 738 βούλωνται

344 735 563 803 quidem
596 737 785 804 velint,
818 740 1142 794 sententiam
1185 752 1397 798 mutent
1424 755 1476 798 et
1503 745 1627 815 ipsi,
1662 763 1761 803 nec
1803 750 1848 819 ja

2122 748 2373 805 rxé'rwaav
2395 755 2489 807 καὶ
2511 757 2684 818 αὐτοὶ,
2709 759 2803 812 καὶ
2825 763 3021 832 μηκέτι
3045 767 3109 836 τῇ
3146 766 3320 819 κτίσει
3344 767 3626 841 λατρευέ-

344 825 509 880 rebus
539 829 736 883 creatis
795 832 977 900 potius
1025 849 1189 903 quam
1238 833 1351 889 Deo
1398 838 1642 893 omnium
1685 852 1848 896 creatt

2116 855 2196 891 παν
2226 842 2375 912 παρὰ
2400 843 2492 897 τὸν
2517 846 2777 901 κτίσαντα
2790 825 2858 900 τὰ
2882 825 3058 905 πάντα
3084 825 3250 907 "856v-
3270 854 3379 917 ἐὰν,
3397 825 3462 909 δέ
3478 859 3620 922 ταῖς

344 919 671 974 serviant”.
709 919 802 974 Sin
836 939 966 977 vero
996 925 1049 977 in
1099 941 1198 980 sua
1248 942 1598 996 perseverare
1643 932 1848 1003 impieta

2115 928 2294 993 εείαις
2312 932 2489 985 αὐτῶν
2506 935 2766 1005 ἐμμένειν
2782 938 3024 1003 ἐθέλωσι,
3046 942 3193 1011 μόνοι
3208 944 3415 999 τούτων
3429 919 3619 1017 ὲμιροζ

344 1011 576 1077 malunt,
607 1028 666 1068 se
711 1017 862 1070 solos
889 1032 951 1070 ea
983 1016 1129 1071 inﬁci
1166 1020 1303 1075 satis
1343 1021 1600 1087 habeant,
1636 1025 1848 1081 dentibu

2109 1019 2339 1084 σθωσαν,
2378 1024 2472 1076 καὶ
2510 1025 2842 1095 τριζέτωσαν
2889 1031 3016 1094 τοὺς
3062 1031 3280 1097 ὀδόντας
3317 1036 3460 1089 κατὰ
3505 1038 3613 1091 τὸν

341 1116 449 1169 que
476 1117 584 1156 non
614 1118 772 1159 secus
799 1121 863 1160 ac
893 1107 1136 1175 ipsorum
1167 1106 1322 1177 pater
1344 1110 1601 1167 diabolus
1627 1116 1845 1171 strideat

2106 1111 2226 1182 τέρα
2259 1113 2438 1166 αὐτῶν
2491 1116 2583 1168 τὸν
2612 1116 2855 1172 διάϐολον
2899 1119 3031 1191 (19),
3066 1123 3147 1176 ὅτι
3201 1126 3235 1195 ἡ
3278 1125 3463 1189 πίστις
3497 1128 3610 1199 τῆς

338 1194 783 1264 quandoquidem
822 1195 953 1251 ﬁdes
977 1199 1257 1255 catholicae
1287 1201 1542 1259 Ecclesiae
1559 1203 1653 1259 Dei
1676 1205 1842 1263 Verbs

2101 1200 2312 1272 θολικῆς
2343 1204 2693 1277 Ἐκκλησίας,
2712 1208 2934 1281 κτίστην
2959 1207 3064 1265 οἶδε
3092 1213 3183 1266 τὸν
3214 1194 3308 1267 τοῦ
3333 1214 3472 1268 Θεοῦ
3491 1194 3605 1270 Λόῖ-

341 1297 526 1338 rerum
574 1287 817 1342 omnium
867 1299 1167 1343 creatorem
1215 1299 1270 1346 et
1317 1292 1564 1361 opiﬁcem
1594 1310 1715 1351 esse
1739 1312 1841 1363 agn

2099 1309 2110 1340 ν
2143 1292 2236 1345 καὶ
2283 1293 2611 1367 δημιουργὸν
2644 1300 2750 1351 τῶν
2781 1300 3057 1368 ἁπάντων,
3093 1305 3186 1358 καὶ
3234 1306 3479 1376 οῐδαμεν,
3512 1310 3603 1362 ὅτι

340 1375 467 1438 scit,
483 1377 800 1447 scimusque
816 1380 959 1449 quod
978 1381 1029 1433 in
1045 1382 1303 1450 principio
1316 1391 1432 1437 erat
1463 1382 1701 1452 Verbum,
1717 1396 1769 1440 et
1797 1384 1844 1439 ν.

2098 1403 2128 1438 ν
2156 1386 2314 1457 ἀρχῇ
2351 1389 2454 1459 μὲν
2484 1387 2563 1460 ἦν
2599 1395 2632 1444 d
2666 1394 2876 1463 Λόγος,
2919 1398 3017 1449 καὶ
3054 1399 3087 1450 ό
3117 1398 3308 1466 Λόγος
3334 1375 3417 1470 ἦν
3443 1402 3602 1469 πρὸς

339 1463 463 1516 bum
486 1476 598 1519 erat
622 1470 760 1536 apud
792 1468 955 1522 Deum
973 1469 1044 1523 ηε
1076 1471 1251 1539 ipsum
1271 1471 1398 1525 item
1423 1483 1643 1542 propter
1665 1481 1843 1528 nostra

2096 1494 2119 1523 ν·
2143 1480 2290 1532 Θεόν
2310 1496 2321 1510 ⁸
2359 1483 2649 1553 γενόμενον
2678 1485 2735 1537 δὲ
2765 1486 2928 1540 αὐτὸν
2955 1489 3049 1541 καὶ
3074 1463 3366 1561 ἀνθριυπον
3383 1463 3600 1564 διὰ-τὴν

338 1555 569 1611 salutem
618 1556 823 1613 factum
877 1561 1170 1616 adoramus
1201 1562 1495 1628 hominem,
1547 1579 1658 1619 non
1691 1566 1842 1634 quide

2094 1568 2284 1640 ετέραν
2330 1572 2603 1643 σωτηρίαν
2650 1577 3081 1649 προσκυνοῦμεν,
3131 1580 3230 1650 οὐχ
3278 1581 3356 1646 ὡς
3388 1582 3507 1638 ἴσον
3536 1588 3598 1638 ἐν

339 1656 400 1702 ut
421 1650 630 1718 aequale
660 1651 713 1705 in
745 1653 939 1722 aequali
982 1654 1185 1708 factum
1217 1668 1468 1723 corpore,
1503 1657 1595 1711 sed
1631 1667 1688 1711 ut
1722 1658 1843 1712 Dom

2097 1676 2110 1708 ›
2138 1659 2425 1730 γενόμενον
2448 1662 2526 1734 τῷ
2550 1662 2780 1735 σώματι,
2808 1667 2921 1720 ἀλλ’
2947 1670 3023 1732 ὡς
3053 1670 3329 1743 Δεσπότην
3355 1676 3601 1745 προσλα-

336 1755 468 1793 num
508 1741 601 1809 qui
636 1743 777 1796 servi
832 1745 1041 1814 accepit
1098 1745 1353 1811 formam,
1390 1763 1605 1802 necnon
1650 1757 1711 1804 ut
1747 1750 1836 1819 opi

2094 1768 2172 1802 ira
2216 1750 2315 1822 τὴν
2360 1752 2453 1806 τοῦ
2493 1754 2681 1809 δούλου
2718 1758 2951 1830 μορφὴν,
2994 1761 3090 1813 καὶ
3128 1741 3464 1835 δημιουργιξν
3500 1768 3598 1819 καὶ

335 1847 453 1886 cem
500 1845 554 1886 et
581 1843 878 1888 creatorem
915 1837 1008 1905 qui
1039 1836 1094 1891 in
1147 1853 1206 1892 re
1240 1846 1422 1893 creata
1464 1839 1579 1894 ﬁeri
1627 1840 1816 1906 voluit,

2095 1843 2237 1913 ἱστην
2291 1845 2350 1897 ὲν
2402 1847 2661 1917 κτίσματι
2711 1850 3013 1919 γινόμενον,
3072 1831 3267 1921 ἶν’,γὲν
3319 1831 3473 1927 αὐτῷ
3523 1858 3599 1911 τὰ

333 1924 517 1978 omnia
561 1925 616 1979 in
669 1924 786 1996 ipsa
842 1927 1104 1993 liberans,
1152 1932 1416 1986 mundum
1467 1931 1685 1987 offerret
1735 1930 1836 1988 Pat

2094 1950 2193 1988 ντα
2226 1936 2618 2008 ἐλευθερώσας,
2648 1941 2741 1994 τὸν
2788 1942 2991 2013 κόσμον
3018 1947 3344 2019 προσαγάγῃ
3368 1924 3456 2020 τῷ.
3475 1951 3596 2004 Πα-

331 2026 639 2085 cunctaque
666 2017 981 2086 paciﬁcaret
1006 2021 1120 2077 sive
1148 2037 1272 2092 quae
1297 2023 1349 2078 in
1383 2025 1536 2080 caelis
1565 2026 1680 2081 sive
1704 2042 1824 2097 quin

2094 2044 2121 2092 ι,
2152 2028 2247 2080 καὶ
2275 2031 2666 2103 εἰρηνοποιήσῃ
2695 2033 2764 2087 τὰ
2807 2036 3002 2099 πάντα,
3031 2037 3096 2089 τὶ
3130 2039 3188 2091 ἐν
3220 2017 3472 2111 οὐρανοῖς
3499 2046 3598 2096 καὶ

332 2108 495 2163 terris
525 2121 654 2163 sunt
677 2111 741 2164 ¹².
787 2109 879 2167 Sic
915 2113 1060 2167 enim
1089 2122 1142 2168 et
1171 2125 1455 2185 paternam
1487 2117 1606 2187 ejus
1654 2133 1836 2189 agnos:

2076 2161 2077 2167 η
2132 2120 2225 2173 ἐπὶ
2281 2121 2382 2191 τῆς
2427 2122 2550 2192 γῆς.
2600 2122 2756 2176 Οὒτω
2791 2123 2898 2195 γὰρ
2932 2128 3026 2179 καὶ
3056 2128 3155 2200 τὴν
3190 2108 3463 2202 πατρικὴν
3495 2135 3580 2187 αὖ·

332 2214 456 2255 mus
487 2200 850 2269 divinitatem,
884 2213 939 2259 et
970 2208 1318 2276 praesentiam
1350 2224 1671 2278 corpoream
1701 2211 1833 2265 ador

2091 2208 2101 2262 ἰ
2149 2211 2377 2282 θεότητα
2435 2215 2889 2285 ἐπιγινώσκομεν,
2946 2218 3041 2271 καὶ
3066 2220 3167 2292 τὴν
3199 2200 3460 2293 ἑνσαρκον
3489 2226 3595 2278 αὐ·-

332 2307 477 2359 mus,
503 2293 921 2365 disrumpantur
953 2298 1080 2353 licet
1112 2298 1323 2355 Ariani.
1358 2299 1545 2356 Saluta
1582 2317 1775 2359 omnes
1807 2319 1836 2371 q

2087 2301 2101 2355 3
2160 2304 2460 2375 παρουσίαν
2522 2306 2951 2379 προσκυνοῦμεν,
3009 2310 3111 2365 κᾶν
3187 2313 3591 2384 ’Δρειομανῖται

332 2380 622 2440 Dominum
655 2396 905 2443 nostrum
952 2388 1139 2445 Jesum
1170 2391 1446 2448 Christum
1490 2393 1739 2466 diligunt.
1790 2394 1835 2448 ’1

2089 2396 2437 2468 πρῤηγνύωσιν
2491 2399 2738 2464 ἑαυτούς.
2782 2402 3161 2475 Προσαγόρευε
3206 2380 3414 2472 πάντας
3459 2410 3593 2474 τοὺς

328 2471 441 2529 lere
484 2484 536 2531 te
580 2486 636 2531 et
683 2493 983 2535 memorem
1027 2483 1200 2537 nostri
1247 2484 1390 2554 apud
1438 2483 1730 2541 Daminum
1777 2502 1832 2541 es

2090 2488 2334 2552 ιπῶντας
2361 2489 2452 2543 τὸν
2485 2490 2688 2563 Κύριον
2732 2471 2890 2564 ἡμῶν
2937 2471 3143 2567 Ἰησοῦν
3167 2498 3419 2570 Χριστόν.
3463 2471 3594 2572 Ἐρξ

326 2578 658 2634 precamur,
717 2569 1044 2628 cbarissime
1080 2588 1314 2643 vereque
1362 2575 1721 2645 optatissime.
1774 2574 1830 2630 ll:

2083 2578 2213 2633 ισθαί
2230 2597 2288 2634 σε
2308 2581 2404 2634 καὶ
2421 2599 2525 2654 μνη
2535 2583 2777 2654 μονεύειν
2809 2585 3061 2657 ἡμῶντῷ
3075 2569 3265 2661 Κυρίῳ
3287 2569 3587 2662 εὐχόμεθα,

328 2655 519 2725 etiam,
552 2659 598 2713 si
635 2674 773 2731 opus
811 2659 996 2729 fuerit,
1042 2660 1287 2720 Hieracae
1334 2666 1654 2736 presbytero
1678 2669 1832 2724 recite

2085 2672 2253 2741 απητὲ
2277 2672 2372 2726 καὶ
2398 2671 2474 2737 ὡς
2498 2655 3070 2746 ἀληθῶςξποθεινότατε
3090 2655 3535 2753 (ἓθπὲὰνᾶρεία
3550 2680 3589 2757 ᾖ

326 2747 601 2817 cupimus.
2003 2760 2416 2834 ἀναγνωσθῆναι
2444 2762 2619 2820 ταῦτα
2658 2764 2874 2839 Ἱερακᾷ
2900 2767 2978 2840 τῷ
3001 2747 3372 2843 πρεσϐυτέρῳ.

402 2968 444 3000 ¹⁰
483 2966 640 3024 Rom.
677 2986 716 3036 ι,
745 2971 834 3026 ‘25.
914 2975 954 3007 ιι
994 2973 1153 3030 Joan.
1191 2993 1233 3043 ι,
1259 2977 1311 3032 1.
1394 2979 1435 3012 ¹²
1473 2979 1686 3038 Coloss.
1723 2998 1763 3048 ι,
1791 2981 1883 3039 20.

396 3168 508 3241 (18)
551 3169 773 3240 Seguer.
819 3171 984 3230 Basil.
1014 3174 1369 3246 Anglicanus,
1398 3176 1698 3248 βούλονται,
1731 3188 1787 3235 et
1813 3180 1900 3236 in-

396 3258 435 3312 t,
462 3240 655 3312 θέλῳσι
684 3258 781 3311 pro
800 3242 1058 3312 ίὲθέλωσι.

2082 3185 2402 3308 Fuerianu's.
2419 3187 2844 3312 'lspaxl‘hahet'.
2890 3187 3310 3272 ΕάίιὶΛερρικῷ.
3337 3189 3496 3246 Gobl.
3524 3203 3586 3273 et

2103 3254 2245 3309 ckm.
2277 3257 2329 3312 1.
2363 3257 2581 3312 Ιέρακα.
2663 3268 2803 3312 orte.
2837 3259 3039 3312 Ιέοακι.
3074 3261 3441 3312 scribendum.
3476 3260 3585 3312 HIC

325 3238 427 3304 ira,
462 3238 655 3295 θέλωσι
684 3258 781 3311 pro
813 3242 1058 3297 ἐθέλωσι.
1102 3238 1130 3246 ⁷
1354 3238 1365 3243 ⁷
1398 3238 1411 3248 ’
1683 3238 1695 3245 ’

397 3309 505 3340 nm
548 3310 753 3340 eam.--
796 3311 938 3340 ηιμ-ιι
992 3315 1241 3340 Δ..-ιε...ι..
1321 3316 1411 3340 -ι-.
1441 3316 1683 3340 ιιεΑ--.
1731 3319 1829 3340 πελ.

2080 3238 3050 3340 μετρεῖ,σξέέμξςῖςἐδῑίεῑῇέξοῑςιζίξ
3074 3238 3584 3340 amussim:

396 3309 506 3382 (19)
536 3309 771 3400 ‘Se‘guelr.
796 3311 959 3395 Basil.
980 3315 1291 3400 Anglican”
1314 3316 1411 3400 ςργ
1438 3316 1702 3400 διάϐολον..
1731 3319 1899 3400 [idem
2005 3325 2149 3379 enim
2180 3325 2271 3400 i_|l_e
2298 3309 2604 3400 éstiiie’rhi
2620 3309 2803 3400 ’qﬁfe'n'a'
2820 3309 3587 3400 Ᾱί-ἶέῆἰύἷιῖἷιῐιὶῖᾹέιὲἰρῊὶεἶ

324 3395 451 3461 mox
501 3383 786 3469 e‘tmGobL,
814 3384 913 3456 τῆς
961 3383 1272 3457 καθολικῆς.
1300 3387 1407 3440 Alii
1434 3397 1488 3443 et
1516 3389 1647 3443 editi
1678 3390 1897 3458 habent,
2004 3403 2060 3469 et
2079 3396 2280 3469 multis
2307 3397 2448 3469 aliis
2497 3398 2552 3451 in
2597 3383 2850 3453 eisilium
2900 3383 3268 3469 projeceruut,
3300 3409 3358 3455 ut
3388 3383 3587 3456 sinsi

321 3450 708 3541 rﬁqnstue'd'lou.
766 3523 788 3541 j
1029 3526 1045 3541 '
1353 3525 1369 3541 Δ
1463 3485 1497 3541 ξ,
1692 3528 1728 3541 .,
1753 3530 1802 3541 ,.

2081 3465 2266 3541 h_anas.
2301 3450 2441 3520 Hist.
2471 3450 2551 3519 ad,
2579 3450 3585 3541 ea;.aetos,‘nu1;.:"7§;f&itaista;

395 3520 509 3593 (20)
550 3519 677 3578 Haec
722 3523 791 3579 ad
822 3524 984 3580 linem
1012 3526 1213 3582 desunt
1254 3525 1312 3581 in
1340 3525 1662 3598 Anglicano.
1691 3528 1897 3586 Ibidem
2002 3534 2067 3589 de
2093 3535 2218 3606 fuga
2242 3552 2360 3603 sua,
2380 3519 2547 3591 num.
2578 3519 2630 3592 7.

327 3742 3539 3793 F—-I-I'-—-—"_--——————'-""'-'-,———'|'—''"--'---""---'----————-—II—

441 3895 905 3959 ADMONITIO
951 3898 1035 3960 IN
1090 3900 1552 3963 EPISTOLAM
1610 3901 1673 3962 S.
1733 3901 2177 3964 ATHANASII
2234 3904 2342 3965 AD
2387 3906 2792 3970 MAXIMUM
2849 3907 3451 3975 PHILOSOPHUM.

385 4259 429 4316 1.
463 4258 614 4314 Idem
634 4260 843 4314 circiter
870 4267 1070 4329 tempus
1096 4259 1193 4313 hoc
1224 4261 1396 4315 sancti
1426 4260 1709 4316 Athanasii
1737 4278 2047 4332 responsum
2074 4263 2144 4317 ad
2179 4262 2473 4317 Maximum
2505 4263 2870 4333 philosophum
2900 4263 3086 4317 datum
3108 4273 3185 4318 est
3215 4279 3317 4335 quo
3354 4263 3469 4333 ejus
3502 4268 3579 4318 ad

314 4350 630 4419 Adelphium
653 4346 875 4418 epistola
899 4364 918 4402 :
955 4362 1056 4418 quo
1087 4347 1339 4401 nimirum
1375 4348 1692 4418 multiplices
1724 4352 1867 4405 circa
1900 4349 2330 4406 Incarnationem
2355 4351 2569 4406 Domini
2596 4355 2864 4421 opiniones
2892 4352 3260 4407 nascebantur.
3311 4351 3432 4408 Hac
3466 4356 3576 4425 igi-

316 4451 405 4496 tur
427 4442 650 4510 epislola
683 4439 939 4510 approbat
958 4450 1172 4496 sanctus
1201 4443 1389 4497 doctor
1414 4460 1532 4514 quae
1560 4446 1630 4499 ad
1655 4447 1827 4511 ipsum
1856 4448 2141 4517 scripserat
2175 4447 2447 4503 Maximus
2480 4458 2665 4504 contra
2703 4449 2961 4519 quosdam
3003 4450 3273 4505 haereticos
3292 4490 3308 4515 ,
3343 4467 3575 4520 quorum

312 4535 511 4590 scilicet
537 4530 634 4587 alii
663 4531 932 4588 Christum
968 4549 1142 4587 verum
1173 4532 1340 4587 Deum
1377 4551 1489 4590 esse
1517 4537 1869 4607 pernegabant
1891 4556 1911 4603 ;
1933 4539 2027 4592 alii
2075 4538 2321 4605 Verbum,
2359 4549 2416 4593 ut
2440 4540 2590 4604 olim,
2633 4539 2702 4593 ad
2739 4539 2969 4610 aliquem
3009 4540 3267 4593 hominem
3296 4542 3574 4598 advenisse

311 4632 684 4697 autumabant,
710 4649 815 4686 non
841 4642 1018 4685 autem
1044 4630 1243 4699 factum
1270 4631 1444 4700 ipsum
1469 4648 1581 4687 esse
1603 4649 1782 4688 revera
1809 4635 2106 4702 hominem;
2130 4637 2225 4691 alii
2248 4652 2366 4692 vero
2391 4639 2563 4705 ipsum
2587 4636 2849 4690 communi
2878 4645 3087 4690 natura:
3109 4637 3290 4691 ordine
3303 4638 3570 4694 hominem

313 4709 516 4782 factum
549 4744 659 4783 esse
683 4726 1082 4783 existimabant.
1126 4723 1324 4781 Paucis
1367 4735 1551 4780 contra
1580 4744 1667 4781 eos
1697 4745 1900 4785 errores
1939 4731 2176 4799 disputat
2213 4741 2429 4785 sanctus
2467 4730 2813 4795 Athanasius,
2839 4744 2956 4798 quae
2985 4738 3035 4782 et
3084 4730 3200 4790 ipsa
3227 4747 3291 4785 ea:
3338 4735 3569 4791 Maximi

312 4815 525 4870 litteris'
550 4825 850 4871 mutuatum
881 4832 936 4871 se
962 4830 1092 4881 esse,
1117 4814 1299 4884 hisque
1326 4815 1459 4869 nihil
1484 4816 1784 4872 addendum
1809 4821 2024 4875 duxisse
2053 4824 2150 4885 ait,
2171 4821 2262 4875 sed
2285 4831 2491 4876 tantum
2515 4822 2685 4875 crucis
2712 4820 3028 4885 meminisse,
3063 4830 3121 4873 ut
3144 4823 3234 4886 qui
3264 4839 3330 4877 ea:
3355 4826 3424 4881 iis
3449 4844 3567 4898 qua:

309 4920 369 4962 stt
420 4905 575 4958 homo
606 4886 709 4976 egit
730 4915 779 4959 et
807 4920 995 4974 passus
1024 4890 1102 4960 est
1134 4905 1412 4973 Dominus,
1449 4906 1616 4962 Deum
1646 4909 1800 4964 illum
1828 4928 1939 4966 esse
1969 4922 2179 4982 negant,
2208 4923 2412 4969 mutata
2451 4925 2501 4970 et
2534 4914 2638 4984 ipsi
2663 4911 2926 4968 sententia
2966 4913 3279 4980 cruciﬁxum
3303 4916 3425 4985 jam
3463 4921 3565 4973 ad-

311 5007 478 5053 orent.
508 4996 719 5052 Passim
743 5008 921 5052 autem
949 5013 1110 5067 supra
1137 5000 1363 5055 vidimus
1397 5000 1752 5058 Athanasium
1779 5014 1964 5060 contra
2008 5007 2233 5062 Arianos
2270 5009 2607 5063 disserentem
2637 5008 2904 5063 ostendere
2945 5005 3167 5063 Verbum
3209 5009 3413 5080 factum
3452 5030 3564 5068 vere

308 5104 419 5149 esse
456 5092 736 5158 hominem,
767 5106 869 5145 non
905 5107 1050 5158 vero,
1068 5099 1127 5144 ut
1143 5090 1293 5158 olim,
1325 5092 1396 5146 ad
1417 5103 1658 5148 sanctum
1701 5095 1929 5161 aliquem
1958 5096 2218 5153 hominem
2233 5101 2539 5158 aduenisse:
2567 5118 2717 5172 quem
2734 5102 2859 5155 item
2887 5116 3118 5157 errorem
3134 5118 3373 5173 expresse
3401 5122 3563 5177 supra

310 5185 506 5256 refellit
529 5185 768 5257 Epistola
798 5186 866 5241 ad
893 5185 1222 5255 Epictetum.

380 5279 446 5334 ll.
484 5278 586 5333 Hic
616 5296 777 5349 porro
809 5277 1080 5333 Maximus
1102 5278 1466 5350 philosophus,
1494 5281 1563 5336 ad
1581 5298 1733 5352 quem
1771 5283 2048 5351 epistolam
2074 5286 2241 5340 mittit
2269 5295 2483 5340 sanctus
2504 5285 2851 5351 Athanasius,
2875 5303 2982 5341 non
3006 5288 3143 5342 alius
3167 5290 3403 5360 profecto
3423 5294 3539 5349 vide

311 5377 397 5424 tur
433 5388 563 5436 esse,
587 5388 746 5442 quam
782 5371 1177 5433 Alexandrinus
1216 5379 1329 5445 ille,
1364 5381 1515 5450 cujus
1558 5381 1740 5436 laudes
1780 5383 2008 5438 celebrat
2046 5382 2325 5450 Gregorius
2354 5383 2753 5451 Nazianzenus,
2782 5387 3020 5441 oratione
3043 5386 3134 5450 25,
3164 5389 3316 5458 cujus
3354 5392 3557 5447 nomine

306 5467 525 5535 quidam
551 5474 734 5534 postea
757 5481 1058 5536 suppresso,
1083 5469 1281 5539 falsum
1305 5468 1535 5525 Heronis
1557 5487 1743 5526 nomen
1772 5473 2201 5543 superscripsisse
2225 5482 2409 5526 narrat
2441 5472 2789 5543 Hieronymus
2817 5477 3075 5551 Catalogo
3112 5482 3367 5551 scriptor.
3399 5486 3555 5552 eccl.,

307 5556 446 5625 quod
472 5555 674 5610 scilicet
721 5557 779 5609 in
820 5556 1063 5613 eumdem
1099 5558 1231 5612 clibi
1268 5558 1589 5615 vehementer
1621 5558 1908 5614 admodum
1939 5561 2215 5616 invehatur
2237 5562 2377 5615 idem
2418 5559 2698 5633 Gregorius
2720 5581 2739 5619 :
2766 5563 2929 5635 quasi
2966 5586 3075 5625 non
3115 5570 3348 5637 licuerit,
3388 5575 3554 5644 inquit

310 5645 666 5716 Hieronymus
687 5689 703 5714 ,
730 5649 984 5704 eumdem
1009 5658 1064 5705 et
1092 5650 1317 5706 laudare
1353 5659 1405 5705 et
1444 5653 1754 5722 vituperare
1791 5667 1891 5722 pro
1911 5663 2176 5725 tempore.
2209 5653 2460 5708 Testatur
2482 5664 2659 5709 autem
2699 5655 2999 5729 Gregorius,
3039 5661 3339 5717 Maximum
3371 5675 3554 5720 contra

308 5733 525 5805 gentiles
550 5746 598 5791 et
624 5736 895 5796 haereticos
926 5737 1138 5796 solitum
1163 5755 1274 5796 esse
1299 5739 1591 5813 disputare,
1617 5751 1674 5799 ut
1700 5758 1765 5799 ex
1794 5743 1812 5797 l

2043 5744 2197 5802 verbis
2220 5745 2380 5817 liquet
2412 5764 2431 5801 :
2467 5746 2664 5819 Σύγχει
2708 5748 2809 5818 μὲν
2836 5753 2945 5806 nar
2968 5753 3067 5818 τὴν
3092 5752 3355 5816 Ἑλλήνων
3392 5755 3547 5809 δεισιο
