  <div class='ocr_page' id='page_1' title='image "/cluster/home/n/w/nwhite01/storage/ocr_20150623/26/nnc1.0046978577/558.png"; bbox 0 0 3810 6228; ppageno 0'>
   <div class='ocr_carea' id='block_1_1' title="bbox 228 337 376 397">
    <p class='ocr_par' dir='ltr' id='par_1_1' title="bbox 228 337 376 397">
     <span class='ocr_line' id='line_1_1' title="bbox 228 337 376 397; baseline 0.027 -4"><span class='ocrx_word' id='word_1_1' title='bbox 228 337 376 397; x_wconf 68' lang='grc'><strong>1685</strong></span> 
     </span>
    </p>
   </div>
   <div class='ocr_carea' id='block_1_2' title="bbox 1092 345 2480 407">
    <p class='ocr_par' dir='ltr' id='par_1_2' title="bbox 1092 345 2480 407">
     <span class='ocr_line' id='line_1_2' title="bbox 1092 345 2480 407; baseline 0 -6"><span class='ocrx_word' id='word_1_2' title='bbox 1092 346 1436 405; x_wconf 75' lang='lat' dir='ltr'><strong>EPISTULA</strong></span> <span class='ocrx_word' id='word_1_3' title='bbox 1472 350 1564 406; x_wconf 89' lang='lat' dir='ltr'><strong>AD</strong></span> <span class='ocrx_word' id='word_1_4' title='bbox 1601 349 1931 407; x_wconf 76' lang='lat' dir='ltr'><strong>MAXIMUM</strong></span> <span class='ocrx_word' id='word_1_5' title='bbox 1968 345 2480 406; x_wconf 78' lang='lat' dir='ltr'><strong>PHILOSOPHUM.</strong></span> 
     </span>
    </p>
   </div>
   <div class='ocr_carea' id='block_1_3' title="bbox 3331 338 3465 395">
    <p class='ocr_par' dir='ltr' id='par_1_3' title="bbox 3331 338 3465 395">
     <span class='ocr_line' id='line_1_3' title="bbox 3331 338 3465 395; baseline 0 0"><span class='ocrx_word' id='word_1_6' title='bbox 3331 338 3465 395; x_wconf 69' lang='lat'><strong>1086</strong></span> 
     </span>
    </p>
   </div>
   <div class='ocr_carea' id='block_1_4' title="bbox 226 454 3467 536">
    <p class='ocr_par' dir='ltr' id='par_1_4' title="bbox 226 454 3467 536">
     <span class='ocr_line' id='line_1_4' title="bbox 226 454 3467 536; baseline -0.003 -16"><span class='ocrx_word' id='word_1_7' title='bbox 226 454 533 526; x_wconf 71' lang='grc' dir='ltr'>δαιμονίαν,</span> <span class='ocrx_word' id='word_1_8' title='bbox 563 457 637 520; x_wconf 77' lang='grc' dir='ltr'><strong>ὡς</strong></span> <span class='ocrx_word' id='word_1_9' title='bbox 657 457 942 532; x_wconf 83' lang='grc' dir='ltr'>πρότερον,</span> <span class='ocrx_word' id='word_1_10' title='bbox 984 464 1078 517; x_wconf 77' lang='grc' dir='ltr'>καὶ</span> <span class='ocrx_word' id='word_1_11' title='bbox 1110 464 1210 536; x_wconf 82' lang='grc' dir='ltr'>τὴν</span> <span class='ocrx_word' id='word_1_12' title='bbox 1234 466 1492 522; x_wconf 88' lang='grc' dir='ltr'>πολύθεον</span> <span class='ocrx_word' id='word_1_13' title='bbox 1516 468 1697 522; x_wconf 82' lang='grc' dir='ltr'>αὐτῶν</span> <span class='ocrx_word' id='word_1_14' title='bbox 1721 468 1930 533; x_wconf 80' lang='grc' dir='ltr'>ἀθεῒαν,</span> <span class='ocrx_word' id='word_1_15' title='bbox 1964 467 2059 520; x_wconf 79' lang='grc' dir='ltr'><strong>καὶ</strong></span> <span class='ocrx_word' id='word_1_16' title='bbox 2085 466 2211 528; x_wconf 79' lang='grc' dir='ltr'>τοὺς</span> <span class='ocrx_word' id='word_1_17' title='bbox 2243 464 2503 525; x_wconf 80' lang='grc' dir='ltr'>παλαιοὺς</span> <span class='ocrx_word' id='word_1_18' title='bbox 2530 460 2684 523; x_wconf 77' lang='grc' dir='ltr'>θεοὺς</span> <span class='ocrx_word' id='word_1_19' title='bbox 2712 456 2804 512; x_wconf 73' lang='grc' dir='ltr'>καὶ</span> <span class='ocrx_word' id='word_1_20' title='bbox 2831 456 2956 518; x_wconf 80' lang='grc' dir='ltr'>τοὺς</span> <span class='ocrx_word' id='word_1_21' title='bbox 2994 456 3166 519; x_wconf 80' lang='grc' dir='ltr'><strong>νέους,</strong></span> <span class='ocrx_word' id='word_1_22' title='bbox 3210 457 3304 509; x_wconf 73' lang='grc' dir='ltr'><strong>καὶ</strong></span> <span class='ocrx_word' id='word_1_23' title='bbox 3340 457 3467 518; x_wconf 79' lang='grc' dir='ltr'>τοὺς</span> 
     </span>
    </p>
   </div>
   <div class='ocr_carea' id='block_1_5' title="bbox 229 547 3468 628">
    <p class='ocr_par' dir='ltr' id='par_1_5' title="bbox 229 547 3468 628">
     <span class='ocr_line' id='line_1_5' title="bbox 229 547 3468 628; baseline -0.002 -25"><span class='ocrx_word' id='word_1_24' title='bbox 229 550 492 623; x_wconf 80' lang='grc' dir='ltr'>αἰσχροὺς</span> <span class='ocrx_word' id='word_1_25' title='bbox 532 552 801 622; x_wconf 87' lang='grc' dir='ltr'>μύθους...</span> <span class='ocrx_word' id='word_1_26' title='bbox 847 553 1035 625; x_wconf 86' lang='grc' dir='ltr'>σύγχει</span> <span class='ocrx_word' id='word_1_27' title='bbox 1059 554 1115 608; x_wconf 83' lang='grc' dir='ltr'>δὲ</span> <span class='ocrx_word' id='word_1_28' title='bbox 1162 554 1375 619; x_wconf 80' lang='grc' dir='ltr'>καὶτὰς</span> <span class='ocrx_word' id='word_1_29' title='bbox 1405 556 1513 610; x_wconf 83' lang='grc' dir='ltr'><strong>τῶν</strong></span> <span class='ocrx_word' id='word_1_30' title='bbox 1545 557 1808 628; x_wconf 80' lang='grc' dir='ltr'><strong>αἱρέσεων</strong></span> <span class='ocrx_word' id='word_1_31' title='bbox 1847 555 2260 618; x_wconf 79' lang='grc' dir='ltr'><strong>ἐπαναστάσεις,</strong></span> <span class='ocrx_word' id='word_1_32' title='bbox 2300 554 2394 607; x_wconf 79' lang='grc' dir='ltr'><strong>καὶ</strong></span> <span class='ocrx_word' id='word_1_33' title='bbox 2442 551 2680 621; x_wconf 83' lang='grc' dir='ltr'>τοσούτῳ</span> <span class='ocrx_word' id='word_1_34' title='bbox 2727 549 3076 619; x_wconf 81' lang='grc' dir='ltr'>θερμότερον,</span> <span class='ocrx_word' id='word_1_35' title='bbox 3119 548 3229 617; x_wconf 81' lang='grc' dir='ltr'>ὅσῳ</span> <span class='ocrx_word' id='word_1_36' title='bbox 3269 547 3468 599; x_wconf 78' lang='grc' dir='ltr'>πέπον-</span> 
     </span>
    </p>
   </div>
   <div class='ocr_carea' id='block_1_6' title="bbox 231 643 3464 720">
    <p class='ocr_par' dir='ltr' id='par_1_6' title="bbox 231 643 3464 720">
     <span class='ocr_line' id='line_1_6' title="bbox 231 643 3464 720; baseline -0.001 -22"><span class='ocrx_word' id='word_1_37' title='bbox 231 644 353 709; x_wconf 83' lang='grc' dir='ltr'>θας.</span> <span class='ocrx_word' id='word_1_38' title='bbox 389 644 682 702; x_wconf 87' lang='lat' dir='ltr'><strong>Gentilium</strong></span> <span class='ocrx_word' id='word_1_39' title='bbox 712 651 1174 720; x_wconf 73' lang='lat' dir='ltr'><strong>superstitionem,</strong></span> <span class='ocrx_word' id='word_1_40' title='bbox 1207 657 1266 704; x_wconf 89' lang='lat' dir='ltr'><strong>ut</strong></span> <span class='ocrx_word' id='word_1_41' title='bbox 1293 654 1465 720; x_wconf 91' lang='lat' dir='ltr'><strong>prius,</strong></span> <span class='ocrx_word' id='word_1_42' title='bbox 1495 650 1737 716; x_wconf 83' lang='lat' dir='ltr'><strong>confuta,</strong></span> <span class='ocrx_word' id='word_1_43' title='bbox 1761 664 2057 719; x_wconf 90' lang='lat' dir='ltr'><strong>eorumque</strong></span> <span class='ocrx_word' id='word_1_44' title='bbox 2083 649 2410 719; x_wconf 73' lang='lat' dir='ltr'><strong>impietatem</strong></span> <span class='ocrx_word' id='word_1_45' title='bbox 2436 661 2543 716; x_wconf 88' lang='lat' dir='ltr'><strong>qua</strong></span> <span class='ocrx_word' id='word_1_46' title='bbox 2573 646 2775 699; x_wconf 89' lang='lat' dir='ltr'><strong>multos</strong></span> <span class='ocrx_word' id='word_1_47' title='bbox 2813 643 2999 698; x_wconf 90' lang='lat' dir='ltr'><strong>colunt</strong></span> <span class='ocrx_word' id='word_1_48' title='bbox 3032 643 3197 708; x_wconf 88' lang='lat' dir='ltr'><strong>deos;</strong></span> <span class='ocrx_word' id='word_1_49' title='bbox 3225 651 3464 697; x_wconf 87' lang='lat' dir='ltr'><strong>veteres-</strong></span> 
     </span>
    </p>
   </div>
   <div class='ocr_carea' id='block_1_7' title="bbox 227 729 3465 808">
    <p class='ocr_par' dir='ltr' id='par_1_7' title="bbox 227 729 3465 808">
     <span class='ocr_line' id='line_1_7' title="bbox 227 729 3465 808; baseline -0.002 -17"><span class='ocrx_word' id='word_1_50' title='bbox 227 753 338 808; x_wconf 85' lang='lat' dir='ltr'><strong>que</strong></span> <span class='ocrx_word' id='word_1_51' title='bbox 365 748 419 792; x_wconf 88' lang='lat' dir='ltr'><strong>et</strong></span> <span class='ocrx_word' id='word_1_52' title='bbox 443 747 689 795; x_wconf 84' lang='lat' dir='ltr'><strong>recentes</strong></span> <span class='ocrx_word' id='word_1_53' title='bbox 716 740 867 806; x_wconf 91' lang='lat' dir='ltr'><strong>deos,</strong></span> <span class='ocrx_word' id='word_1_54' title='bbox 899 756 1110 795; x_wconf 86' lang='lat' dir='ltr'><strong>necnon</strong></span> <span class='ocrx_word' id='word_1_55' title='bbox 1145 741 1408 796; x_wconf 79' lang='lat' dir='ltr'><strong>obscenas</strong></span> <span class='ocrx_word' id='word_1_56' title='bbox 1438 739 1745 796; x_wconf 80' lang='lat' dir='ltr'><strong>fabulas....</strong></span> <span class='ocrx_word' id='word_1_57' title='bbox 1765 739 2169 808; x_wconf 77' lang='lat' dir='ltr'><strong>Insui-gentium</strong></span> <span class='ocrx_word' id='word_1_58' title='bbox 2204 736 2455 792; x_wconf 84' lang='lat' dir='ltr'><strong>similiter</strong></span> <span class='ocrx_word' id='word_1_59' title='bbox 2488 733 2756 788; x_wconf 67' lang='lat' dir='ltr'><strong>haeresum</strong></span> <span class='ocrx_word' id='word_1_60' title='bbox 2786 733 3020 801; x_wconf 83' lang='lat' dir='ltr'><strong>impetus</strong></span> <span class='ocrx_word' id='word_1_61' title='bbox 3053 729 3260 801; x_wconf 79' lang='lat' dir='ltr'><strong>frange,</strong></span> <span class='ocrx_word' id='word_1_62' title='bbox 3292 746 3465 800; x_wconf 86' lang='lat' dir='ltr'><strong>eoque</strong></span> 
     </span>
    </p>
   </div>
   <div class='ocr_carea' id='block_1_8' title="bbox 227 821 3465 901">
    <p class='ocr_par' dir='ltr' id='par_1_8' title="bbox 227 821 3465 901">
     <span class='ocr_line' id='line_1_8' title="bbox 227 821 3465 901; baseline -0.003 -19"><span class='ocrx_word' id='word_1_63' title='bbox 227 828 415 888; x_wconf 81' lang='lat' dir='ltr'><strong>acrius</strong></span> <span class='ocrx_word' id='word_1_64' title='bbox 451 844 561 899; x_wconf 91' lang='lat' dir='ltr'><strong>quo</strong></span> <span class='ocrx_word' id='word_1_65' title='bbox 590 845 788 899; x_wconf 85' lang='lat' dir='ltr'><strong>passus</strong></span> <span class='ocrx_word' id='word_1_66' title='bbox 822 846 903 886; x_wconf 88' lang='lat' dir='ltr'><strong>es.</strong></span> <span class='ocrx_word' id='word_1_67' title='bbox 937 832 1068 896; x_wconf 72' lang='lat' dir='ltr'><strong>Quae</strong></span> <span class='ocrx_word' id='word_1_68' title='bbox 1098 831 1307 901; x_wconf 80' lang='lat' dir='ltr'><strong>quidem</strong></span> <span class='ocrx_word' id='word_1_69' title='bbox 1335 832 1392 884; x_wconf 89' lang='lat' dir='ltr'><strong>in</strong></span> <span class='ocrx_word' id='word_1_70' title='bbox 1426 829 1723 885; x_wconf 80' lang='lat' dir='ltr'><strong>Maximum</strong></span> <span class='ocrx_word' id='word_1_71' title='bbox 1762 830 1832 884; x_wconf 88' lang='lat' dir='ltr'><strong>ad</strong></span> <span class='ocrx_word' id='word_1_72' title='bbox 1859 846 2010 900; x_wconf 85' lang='lat' dir='ltr'><strong>quem</strong></span> <span class='ocrx_word' id='word_1_73' title='bbox 2034 825 2584 891; x_wconf 77' lang='lat' dir='ltr'><strong>scribitAthanasius,</strong></span> <span class='ocrx_word' id='word_1_74' title='bbox 2619 824 2810 893; x_wconf 87' lang='lat' dir='ltr'><strong>optime</strong></span> <span class='ocrx_word' id='word_1_75' title='bbox 2841 821 3104 892; x_wconf 87' lang='lat' dir='ltr'><strong>quadrant</strong></span> <span class='ocrx_word' id='word_1_76' title='bbox 3131 821 3220 891; x_wconf 92' lang='lat' dir='ltr'><strong>qui</strong></span> <span class='ocrx_word' id='word_1_77' title='bbox 3245 838 3338 888; x_wconf 87' lang='lat' dir='ltr'><strong>pro</strong></span> <span class='ocrx_word' id='word_1_78' title='bbox 3360 822 3465 889; x_wconf 85' lang='lat' dir='ltr'><strong>[ide</strong></span> 
     </span>
    </p>
   </div>
   <div class='ocr_carea' id='block_1_9' title="bbox 228 910 3463 996">
    <p class='ocr_par' dir='ltr' id='par_1_9' title="bbox 228 910 3463 996">
     <span class='ocr_line' id='line_1_9' title="bbox 228 910 3463 996; baseline -0.003 -22"><span class='ocrx_word' id='word_1_79' title='bbox 228 918 432 975; x_wconf 75' lang='lat' dir='ltr'><strong>Christi</strong></span> <span class='ocrx_word' id='word_1_80' title='bbox 454 939 642 993; x_wconf 85' lang='lat' dir='ltr'><strong>passus</strong></span> <span class='ocrx_word' id='word_1_81' title='bbox 669 923 863 993; x_wconf 78' lang='lat' dir='ltr'><strong>fuerat.</strong></span> <span class='ocrx_word' id='word_1_82' title='bbox 893 922 1159 996; x_wconf 77' lang='lat' dir='ltr'><strong>Insignem</strong></span> <span class='ocrx_word' id='word_1_83' title='bbox 1189 941 1389 996; x_wconf 87' lang='lat' dir='ltr'><strong>quoque</strong></span> <span class='ocrx_word' id='word_1_84' title='bbox 1414 924 1491 979; x_wconf 92' lang='lat' dir='ltr'><strong>De</strong></span> <span class='ocrx_word' id='word_1_85' title='bbox 1522 924 1626 978; x_wconf 82' lang='lat' dir='ltr'><strong>Ilde</strong></span> <span class='ocrx_word' id='word_1_86' title='bbox 1650 923 1909 978; x_wconf 89' lang='lat' dir='ltr'><strong>adversus</strong></span> <span class='ocrx_word' id='word_1_87' title='bbox 1933 922 2168 974; x_wconf 87' lang='lat' dir='ltr'><strong>Arianos</strong></span> <span class='ocrx_word' id='word_1_88' title='bbox 2194 916 2387 971; x_wconf 83' lang='lat' dir='ltr'><strong>librum</strong></span> <span class='ocrx_word' id='word_1_89' title='bbox 2411 916 2682 984; x_wconf 75' lang='lat' dir='ltr'><strong>scripsisse</strong></span> <span class='ocrx_word' id='word_1_90' title='bbox 2708 913 2940 967; x_wconf 86' lang='lat' dir='ltr'><strong>eumdem</strong></span> <span class='ocrx_word' id='word_1_91' title='bbox 2973 911 3289 979; x_wconf 78' lang='lat' dir='ltr'><strong>Maximum,</strong></span> <span class='ocrx_word' id='word_1_92' title='bbox 3324 910 3463 967; x_wconf 80' lang='lat' dir='ltr'><strong>Gra-</strong></span> 
     </span>
    </p>
   </div>
   <div class='ocr_carea' id='block_1_10' title="bbox 229 1008 3128 1091">
    <p class='ocr_par' dir='ltr' id='par_1_10' title="bbox 229 1008 3128 1091">
     <span class='ocr_line' id='line_1_10' title="bbox 229 1008 3128 1091; baseline -0.003 -19"><span class='ocrx_word' id='word_1_93' title='bbox 229 1018 482 1091; x_wconf 72' lang='lat' dir='ltr'><strong>tinuoque</strong></span> <span class='ocrx_word' id='word_1_94' title='bbox 518 1016 809 1074; x_wconf 75' lang='lat' dir='ltr'><strong>Mediolani</strong></span> <span class='ocrx_word' id='word_1_95' title='bbox 833 1020 1037 1075; x_wconf 80' lang='lat' dir='ltr'><strong>dedisse</strong></span> <span class='ocrx_word' id='word_1_96' title='bbox 1064 1026 1316 1073; x_wconf 82' lang='lat' dir='ltr'><strong>memorat</strong></span> <span class='ocrx_word' id='word_1_97' title='bbox 1346 1026 1561 1071; x_wconf 86' lang='lat' dir='ltr'><strong>sanctus</strong></span> <span class='ocrx_word' id='word_1_98' title='bbox 1588 1016 1939 1087; x_wconf 81' lang='lat' dir='ltr'><strong>Hieronymus</strong></span> <span class='ocrx_word' id='word_1_99' title='bbox 1964 1014 2223 1083; x_wconf 82' lang='lat' dir='ltr'><strong>Catalogo</strong></span> <span class='ocrx_word' id='word_1_100' title='bbox 2254 1012 2582 1082; x_wconf 87' lang='lat' dir='ltr'><strong>scriptorum</strong></span> <span class='ocrx_word' id='word_1_101' title='bbox 2608 1008 3128 1065; x_wconf 77' lang='lat' dir='ltr'><strong>ecclesiasticarum.</strong></span> 
     </span>
    </p>
   </div>
   <div class='ocr_carea' id='block_1_11' title="bbox 1277 1280 2455 1345">
    <p class='ocr_par' dir='ltr' id='par_1_11' title="bbox 1277 1280 2455 1345">
     <span class='ocr_line' id='line_1_11' title="bbox 1277 1280 2455 1345; baseline -0.008 0"><span class='ocrx_word' id='word_1_102' title='bbox 1277 1292 1418 1345; x_wconf 78' lang='grc' dir='ltr'><strong>ΤΟΥ</strong></span> <span class='ocrx_word' id='word_1_103' title='bbox 1459 1291 1563 1343; x_wconf 87' lang='grc' dir='ltr'><strong><em>ΕΝ</em></strong></span> <span class='ocrx_word' id='word_1_104' title='bbox 1606 1288 1864 1343; x_wconf 82' lang='grc' dir='ltr'><strong>ΑΓΙΟΙΣ</strong></span> <span class='ocrx_word' id='word_1_105' title='bbox 1912 1286 2206 1341; x_wconf 83' lang='grc' dir='ltr'><strong>ΠΑΤΡΟΣ</strong></span> <span class='ocrx_word' id='word_1_106' title='bbox 2246 1280 2455 1339; x_wconf 85' lang='grc' dir='ltr'><strong>ΗΜΩΝ</strong></span> 
     </span>
    </p>
   </div>
   <div class='ocr_carea' id='block_1_12' title="bbox 629 1424 3116 1546">
    <p class='ocr_par' dir='ltr' id='par_1_12' title="bbox 629 1424 3116 1546">
     <span class='ocr_line' id='line_1_12' title="bbox 629 1424 3116 1546; baseline -0.005 -4"><span class='ocrx_word' id='word_1_107' title='bbox 629 1450 1264 1546; x_wconf 79' lang='grc' dir='ltr'><strong>ΑΘΑΝΑΣΙΟΥ</strong></span> <span class='ocrx_word' id='word_1_108' title='bbox 1315 1424 2238 1542; x_wconf 80' lang='grc' dir='ltr'><strong>ΑΡΧΙΕΠΙΣΚΟΠΟΥ</strong></span> <span class='ocrx_word' id='word_1_109' title='bbox 2290 1436 3116 1534; x_wconf 85' lang='grc' dir='ltr'><strong>ΑΛΕΞΑΝΔΡΕΙΑΣ</strong></span> 
     </span>
    </p>
   </div>
   <div class='ocr_carea' id='block_1_13' title="bbox 1298 1627 2396 1699">
    <p class='ocr_par' dir='ltr' id='par_1_13' title="bbox 1298 1627 2396 1699">
     <span class='ocr_line' id='line_1_13' title="bbox 1298 1627 2396 1699; baseline -0.002 -11"><span class='ocrx_word' id='word_1_110' title='bbox 1298 1635 1477 1688; x_wconf 80' lang='grc' dir='ltr'><strong>ΠΡΟΣ</strong></span> <span class='ocrx_word' id='word_1_111' title='bbox 1508 1632 1825 1689; x_wconf 77' lang='lat' dir='ltr'><strong>MAEJMON</strong></span> <span class='ocrx_word' id='word_1_112' title='bbox 1854 1629 2233 1686; x_wconf 79' lang='grc' dir='ltr'><strong>ΦΙΛΟΣΟΦΟΝ</strong></span> <span class='ocrx_word' id='word_1_113' title='bbox 2262 1627 2396 1699; x_wconf 77' lang='lat'><strong>(21).</strong></span> 
     </span>
    </p>
   </div>
   <div class='ocr_carea' id='block_1_14' title="bbox 299 1952 3386 2051">
    <p class='ocr_par' dir='ltr' id='par_1_14' title="bbox 299 1952 3386 2051">
     <span class='ocr_line' id='line_1_14' title="bbox 299 1952 3386 2051; baseline -0.003 0"><span class='ocrx_word' id='word_1_114' title='bbox 299 1962 400 2051; x_wconf 91' lang='lat' dir='ltr'><strong>S.</strong></span> <span class='ocrx_word' id='word_1_115' title='bbox 448 1962 555 2051; x_wconf 93' lang='lat' dir='ltr'><strong>P.</strong></span> <span class='ocrx_word' id='word_1_116' title='bbox 615 1961 731 2051; x_wconf 89' lang='lat' dir='ltr'><strong>N.</strong></span> <span class='ocrx_word' id='word_1_117' title='bbox 830 1959 1472 2051; x_wconf 86' lang='lat' dir='ltr'><strong>ATHANASII</strong></span> <span class='ocrx_word' id='word_1_118' title='bbox 1548 1957 2467 2051; x_wconf 75' lang='lat' dir='ltr'><strong>ARCHIEPISCOPI</strong></span> <span class='ocrx_word' id='word_1_119' title='bbox 2541 1952 3386 2046; x_wconf 78' lang='lat' dir='ltr'><strong>ALEXANDRINI</strong></span> 
     </span>
    </p>
   </div>
   <div class='ocr_carea' id='block_1_15' title="bbox 1179 2146 2418 2213">
    <p class='ocr_par' dir='ltr' id='par_1_15' title="bbox 1179 2146 2418 2213">
     <span class='ocr_line' id='line_1_15' title="bbox 1179 2146 2418 2213; baseline -0.003 0"><span class='ocrx_word' id='word_1_120' title='bbox 1179 2153 1289 2213; x_wconf 85' lang='lat' dir='ltr'><strong>AD</strong></span> <span class='ocrx_word' id='word_1_121' title='bbox 1349 2148 1752 2211; x_wconf 81' lang='lat' dir='ltr'><strong>MAXIMUM</strong></span> <span class='ocrx_word' id='word_1_122' title='bbox 1814 2146 2418 2210; x_wconf 80' lang='lat' dir='ltr'><strong>PHILOSOPHUM.</strong></span> 
     </span>
    </p>
   </div>
   <div class='ocr_carea' id='block_1_16' title="bbox 223 2399 1787 2478">
    <p class='ocr_par' dir='ltr' id='par_1_16' title="bbox 223 2399 1787 2478">
     <span class='ocr_line' id='line_1_16' title="bbox 223 2399 1787 2478; baseline 0.001 -20"><span class='ocrx_word' id='word_1_123' title='bbox 223 2399 315 2472; x_wconf 71' lang='grc' dir='ltr'><strong>Τῷ</strong></span> <span class='ocrx_word' id='word_1_124' title='bbox 329 2400 615 2478; x_wconf 59' lang='grc' dir='ltr'>ἀγαπητῷ</span> <span class='ocrx_word' id='word_1_125' title='bbox 747 2399 984 2478; x_wconf 48' lang='grc' dir='ltr'>άξηθῷς</span> <span class='ocrx_word' id='word_1_126' title='bbox 996 2401 1391 2478; x_wconf 55' lang='grc' dir='ltr'>ποθεινοτάτφ</span> <span class='ocrx_word' id='word_1_127' title='bbox 1414 2402 1522 2478; x_wconf 81' lang='grc' dir='ltr'><strong>υἱῷ</strong></span> <span class='ocrx_word' id='word_1_128' title='bbox 1541 2403 1787 2477; x_wconf 79' lang='grc' dir='ltr'><strong>Μαξίμῳ</strong></span> 
     </span>
    </p>
   </div>
   <div class='ocr_carea' id='block_1_17' title="bbox 1892 2399 3462 2478">
    <p class='ocr_par' dir='ltr' id='par_1_17' title="bbox 1892 2400 3462 2478">
     <span class='ocr_line' id='line_1_17' title="bbox 1892 2400 3462 2478; baseline -0.001 -18"><span class='ocrx_word' id='word_1_129' title='bbox 1892 2404 2071 2478; x_wconf 65' lang='grc' dir='ltr'><strong>⁵133Δ</strong></span> <span class='ocrx_word' id='word_1_130' title='bbox 2109 2400 2307 2478; x_wconf 84' lang='lat' dir='ltr'><strong>Dilecto</strong></span> <span class='ocrx_word' id='word_1_131' title='bbox 2349 2416 2424 2478; x_wconf 70' lang='lat' dir='ltr'><strong>ae</strong></span> <span class='ocrx_word' id='word_1_132' title='bbox 2491 2416 2605 2478; x_wconf 77' lang='lat' dir='ltr'><strong>vere</strong></span> <span class='ocrx_word' id='word_1_133' title='bbox 2660 2402 2992 2478; x_wconf 60' lang='lat' dir='ltr'><strong>optatissimo</strong></span> <span class='ocrx_word' id='word_1_134' title='bbox 3053 2401 3168 2478; x_wconf 63' lang='lat' dir='ltr'><strong>ﬁlio</strong></span> <span class='ocrx_word' id='word_1_135' title='bbox 3220 2400 3462 2459; x_wconf 71' lang='lat' dir='ltr'><strong>Maximo</strong></span> 
     </span>
    </p>
   </div>
   <div class='ocr_carea' id='block_1_18' title="bbox 360 2471 1645 2544">
    <p class='ocr_par' dir='ltr' id='par_1_18' title="bbox 360 2471 1645 2544">
     <span class='ocr_line' id='line_1_18' title="bbox 360 2471 1645 2544; baseline 0.002 -18"><span class='ocrx_word' id='word_1_136' title='bbox 360 2471 696 2543; x_wconf 69' lang='grc' dir='ltr'>φιλοσόφῳ,</span> <span class='ocrx_word' id='word_1_137' title='bbox 713 2471 1067 2539; x_wconf 85' lang='grc' dir='ltr'>Ἀθανὰσιος</span> <span class='ocrx_word' id='word_1_138' title='bbox 1093 2471 1371 2542; x_wconf 64' lang='grc' dir='ltr'>ἐνΚιερίῳ</span> <span class='ocrx_word' id='word_1_139' title='bbox 1396 2474 1645 2544; x_wconf 79' lang='grc' dir='ltr'><strong>χαίρειν.</strong></span> 
     </span>
    </p>
   </div>
   <div class='ocr_carea' id='block_1_19' title="bbox 292 2581 1790 2658">
    <p class='ocr_par' dir='ltr' id='par_1_19' title="bbox 292 2581 1790 2658">
     <span class='ocr_line' id='line_1_19' title="bbox 292 2581 1790 2658; baseline 0.002 -22"><span class='ocrx_word' id='word_1_140' title='bbox 292 2581 320 2636; x_wconf 82' lang='grc'><strong>1</strong></span> <span class='ocrx_word' id='word_1_141' title='bbox 331 2622 346 2636; x_wconf 94' lang='grc'><strong>.</strong></span> <span class='ocrx_word' id='word_1_142' title='bbox 362 2582 628 2653; x_wconf 85' lang='grc' dir='ltr'>Ἐντυχὼν</span> <span class='ocrx_word' id='word_1_143' title='bbox 642 2585 754 2647; x_wconf 82' lang='grc' dir='ltr'>τοίς</span> <span class='ocrx_word' id='word_1_144' title='bbox 768 2582 862 2637; x_wconf 82' lang='grc' dir='ltr'>νῦν</span> <span class='ocrx_word' id='word_1_145' title='bbox 877 2584 1136 2653; x_wconf 80' lang='grc' dir='ltr'><strong>γραφεῖσι</strong></span> <span class='ocrx_word' id='word_1_146' title='bbox 1153 2583 1305 2655; x_wconf 80' lang='grc' dir='ltr'>παρὰ</span> <span class='ocrx_word' id='word_1_147' title='bbox 1320 2582 1434 2648; x_wconf 82' lang='grc' dir='ltr'>σοῦ,</span> <span class='ocrx_word' id='word_1_148' title='bbox 1453 2585 1551 2657; x_wconf 81' lang='grc' dir='ltr'>τὴν</span> <span class='ocrx_word' id='word_1_149' title='bbox 1569 2585 1668 2656; x_wconf 79' lang='grc' dir='ltr'><strong>μὲν</strong></span> <span class='ocrx_word' id='word_1_150' title='bbox 1688 2586 1790 2658; x_wconf 81' lang='grc' dir='ltr'><strong>σὴν</strong></span> 
     </span>
    </p>
   </div>
   <div class='ocr_carea' id='block_1_20' title="bbox 221 2673 1790 2751">
    <p class='ocr_par' dir='ltr' id='par_1_20' title="bbox 221 2673 1790 2751">
     <span class='ocr_line' id='line_1_20' title="bbox 221 2673 1790 2751; baseline 0.002 -22"><span class='ocrx_word' id='word_1_151' title='bbox 221 2673 514 2729; x_wconf 65' lang='grc' dir='ltr'>εὐλάϐειαν</span> <span class='ocrx_word' id='word_1_152' title='bbox 535 2673 883 2745; x_wconf 76' lang='grc' dir='ltr'>ἀπεδεξάμην</span> <span class='ocrx_word' id='word_1_153' title='bbox 900 2674 1037 2746; x_wconf 73' lang='lat'><strong>(2‘2),</strong></span> <span class='ocrx_word' id='word_1_154' title='bbox 1052 2674 1149 2745; x_wconf 82' lang='grc' dir='ltr'>τὴν</span> <span class='ocrx_word' id='word_1_155' title='bbox 1163 2674 1218 2728; x_wconf 86' lang='grc' dir='ltr'>δὲ</span> <span class='ocrx_word' id='word_1_156' title='bbox 1236 2675 1564 2747; x_wconf 83' lang='grc' dir='ltr'><strong>προπέτειαν</strong></span> <span class='ocrx_word' id='word_1_157' title='bbox 1576 2677 1685 2732; x_wconf 84' lang='grc' dir='ltr'>τῶν</span> <span class='ocrx_word' id='word_1_158' title='bbox 1714 2679 1790 2751; x_wconf 79' lang='grc' dir='ltr'>μὴ</span> 
     </span>
    </p>
   </div>
   <div class='ocr_carea' id='block_1_21' title="bbox 217 2765 1796 2838">
    <p class='ocr_par' dir='ltr' id='par_1_21' title="bbox 217 2765 1796 2838">
     <span class='ocr_line' id='line_1_21' title="bbox 217 2765 1796 2838; baseline 0.003 -19"><span class='ocrx_word' id='word_1_159' title='bbox 217 2765 480 2820; x_wconf 83' lang='grc' dir='ltr'>νοούντων</span> <span class='ocrx_word' id='word_1_160' title='bbox 500 2767 637 2838; x_wconf 82' lang='grc' dir='ltr'>μήτε</span> <span class='ocrx_word' id='word_1_161' title='bbox 653 2765 688 2820; x_wconf 78' lang='grc' dir='ltr'>ἃ</span> <span class='ocrx_word' id='word_1_162' title='bbox 702 2766 938 2834; x_wconf 78' lang='grc' dir='ltr'>λέγουσι,</span> <span class='ocrx_word' id='word_1_163' title='bbox 966 2766 1102 2836; x_wconf 83' lang='grc' dir='ltr'>μήτε</span> <span class='ocrx_word' id='word_1_164' title='bbox 1117 2783 1183 2818; x_wconf 89' lang='grc' dir='ltr'><strong>πε</strong></span> <span class='ocrx_word' id='word_1_165' title='bbox 1189 2766 1245 2836; x_wconf 68' lang='grc' dir='ltr'><strong>ρ).</strong></span> <span class='ocrx_word' id='word_1_166' title='bbox 1260 2766 1420 2820; x_wconf 87' lang='grc' dir='ltr'>τίνων</span> <span class='ocrx_word' id='word_1_167' title='bbox 1430 2767 1796 2824; x_wconf 72' lang='grc' dir='ltr'>διαϐεϐαιοῦν-</span> 
     </span>
    </p>
   </div>
   <div class='ocr_carea' id='block_1_22' title="bbox 214 2856 1791 2929">
    <p class='ocr_par' dir='ltr' id='par_1_22' title="bbox 214 2856 1791 2929">
     <span class='ocr_line' id='line_1_22' title="bbox 214 2856 1791 2929; baseline 0.003 -19"><span class='ocrx_word' id='word_1_168' title='bbox 214 2876 330 2922; x_wconf 88' lang='grc' dir='ltr'>ται,</span> <span class='ocrx_word' id='word_1_169' title='bbox 364 2857 458 2910; x_wconf 76' lang='grc' dir='ltr'><strong>ἐπὶ</strong></span> <span class='ocrx_word' id='word_1_170' title='bbox 487 2858 621 2911; x_wconf 82' lang='grc' dir='ltr'>πολὺ</span> <span class='ocrx_word' id='word_1_171' title='bbox 644 2857 946 2928; x_wconf 83' lang='grc' dir='ltr'>θαυμάσας,</span> <span class='ocrx_word' id='word_1_172' title='bbox 985 2856 1391 2929; x_wconf 78' lang='grc' dir='ltr'>ἐϐουλευσάμην</span> <span class='ocrx_word' id='word_1_173' title='bbox 1417 2858 1630 2929; x_wconf 85' lang='grc' dir='ltr'>ἀληθῶς</span> <span class='ocrx_word' id='word_1_174' title='bbox 1661 2877 1791 2914; x_wconf 89' lang='grc' dir='ltr'>σιω-</span> 
     </span>
    </p>
   </div>
   <div class='ocr_carea' id='block_1_23' title="bbox 216 2947 1791 3019">
    <p class='ocr_par' dir='ltr' id='par_1_23' title="bbox 216 2947 1791 3019">
     <span class='ocr_line' id='line_1_23' title="bbox 216 2947 1791 3019; baseline 0.001 -17"><span class='ocrx_word' id='word_1_175' title='bbox 216 2950 412 3019; x_wconf 80' lang='grc' dir='ltr'>πῆσαι.</span> <span class='ocrx_word' id='word_1_176' title='bbox 430 2948 502 3001; x_wconf 83' lang='grc' dir='ltr'>Τὸ</span> <span class='ocrx_word' id='word_1_177' title='bbox 518 2947 627 3017; x_wconf 77' lang='grc' dir='ltr'>γὰρ</span> <span class='ocrx_word' id='word_1_178' title='bbox 652 2949 742 3001; x_wconf 75' lang='grc' dir='ltr'>ἐπὶ</span> <span class='ocrx_word' id='word_1_179' title='bbox 772 2950 885 3011; x_wconf 86' lang='grc' dir='ltr'>τοῖς</span> <span class='ocrx_word' id='word_1_180' title='bbox 898 2947 1043 3001; x_wconf 72' lang='grc' dir='ltr'>οὕτω</span> <span class='ocrx_word' id='word_1_181' title='bbox 1062 2950 1311 3019; x_wconf 79' lang='grc' dir='ltr'>φανεροῖς</span> <span class='ocrx_word' id='word_1_182' title='bbox 1325 2948 1420 3001; x_wconf 80' lang='grc' dir='ltr'><strong>καὶ</strong></span> <span class='ocrx_word' id='word_1_183' title='bbox 1436 2949 1596 3001; x_wconf 81' lang='grc' dir='ltr'>πλέον</span> <span class='ocrx_word' id='word_1_184' title='bbox 1614 2950 1791 3018; x_wconf 86' lang='grc' dir='ltr'>φωτὸς</span> 
     </span>
    </p>
   </div>
   <div class='ocr_carea' id='block_1_24' title="bbox 215 3040 1793 3117">
    <p class='ocr_par' dir='ltr' id='par_1_24' title="bbox 215 3040 1793 3117">
     <span class='ocr_line' id='line_1_24' title="bbox 215 3040 1793 3117; baseline 0.001 -20"><span class='ocrx_word' id='word_1_185' title='bbox 215 3042 523 3113; x_wconf 87' lang='grc' dir='ltr'>λάμπουσιν</span> <span class='ocrx_word' id='word_1_186' title='bbox 543 3040 963 3113; x_wconf 88' lang='grc' dir='ltr'>ἀποκρίνασθαι,</span> <span class='ocrx_word' id='word_1_187' title='bbox 1006 3040 1157 3095; x_wconf 77' lang='grc' dir='ltr'>οὐδὲν</span> <span class='ocrx_word' id='word_1_188' title='bbox 1202 3041 1386 3112; x_wconf 75' lang='grc' dir='ltr'>ἕτερόν</span> <span class='ocrx_word' id='word_1_189' title='bbox 1426 3044 1572 3095; x_wconf 75' lang='grc' dir='ltr'>ἐστιν</span> <span class='ocrx_word' id='word_1_190' title='bbox 1601 3043 1635 3114; x_wconf 81' lang='grc' dir='ltr'>ἢ</span> <span class='ocrx_word' id='word_1_191' title='bbox 1665 3061 1793 3117; x_wconf 88' lang='grc' dir='ltr'>προ-</span> 
     </span>
    </p>
   </div>
   <div class='ocr_carea' id='block_1_25' title="bbox 216 3131 1795 3208">
    <p class='ocr_par' dir='ltr' id='par_1_25' title="bbox 216 3131 1795 3208">
     <span class='ocr_line' id='line_1_25' title="bbox 216 3131 1795 3208; baseline 0.001 -22"><span class='ocrx_word' id='word_1_192' title='bbox 216 3131 412 3201; x_wconf 81' lang='grc' dir='ltr'>φάσεις</span> <span class='ocrx_word' id='word_1_193' title='bbox 479 3132 858 3202; x_wconf 84' lang='grc' dir='ltr'>ἀναισχυντίας</span> <span class='ocrx_word' id='word_1_194' title='bbox 896 3134 1007 3195; x_wconf 78' lang='grc' dir='ltr'>τοῖς</span> <span class='ocrx_word' id='word_1_195' title='bbox 1051 3132 1192 3187; x_wconf 75' lang='grc' dir='ltr'>οὕτω</span> <span class='ocrx_word' id='word_1_196' title='bbox 1231 3135 1603 3205; x_wconf 83' lang='grc' dir='ltr'>παρανομοῦσι</span> <span class='ocrx_word' id='word_1_197' title='bbox 1654 3152 1795 3208; x_wconf 88' lang='grc' dir='ltr'>παρ-</span> 
     </span>
    </p>
   </div>
   <div class='ocr_carea' id='block_1_26' title="bbox 216 3224 1791 3299">
    <p class='ocr_par' dir='ltr' id='par_1_26' title="bbox 216 3224 1791 3299">
     <span class='ocr_line' id='line_1_26' title="bbox 216 3224 1791 3299; baseline 0.003 -21"><span class='ocrx_word' id='word_1_198' title='bbox 216 3224 385 3295; x_wconf 71' lang='grc' dir='ltr'>έχειν.</span> <span class='ocrx_word' id='word_1_199' title='bbox 418 3224 529 3278; x_wconf 64' lang='grc' dir='ltr'><strong>Καὶ⁸</strong></span> <span class='ocrx_word' id='word_1_200' title='bbox 558 3224 717 3278; x_wconf 79' lang='grc' dir='ltr'>τοῦτο</span> <span class='ocrx_word' id='word_1_201' title='bbox 764 3224 915 3297; x_wconf 83' lang='grc' dir='ltr'>παρὰ</span> <span class='ocrx_word' id='word_1_202' title='bbox 936 3224 1029 3279; x_wconf 82' lang='grc' dir='ltr'>τοῦ</span> <span class='ocrx_word' id='word_1_203' title='bbox 1066 3226 1316 3297; x_wconf 83' lang='grc' dir='ltr'>Σωτῆρος</span> <span class='ocrx_word' id='word_1_204' title='bbox 1369 3226 1791 3299; x_wconf 84' lang='grc' dir='ltr'>μεμαθήκαμεν.</span> 
     </span>
    </p>
   </div>
   <div class='ocr_carea' id='block_1_27' title="bbox 214 3316 1791 3391">
    <p class='ocr_par' dir='ltr' id='par_1_27' title="bbox 214 3316 1791 3391">
     <span class='ocr_line' id='line_1_27' title="bbox 214 3316 1791 3391; baseline 0.003 -23"><span class='ocrx_word' id='word_1_205' title='bbox 214 3316 517 3387; x_wconf 75' lang='grc' dir='ltr'>Νιψαμὲνῳ</span> <span class='ocrx_word' id='word_1_206' title='bbox 554 3317 661 3389; x_wconf 86' lang='grc' dir='ltr'>γὰρ</span> <span class='ocrx_word' id='word_1_207' title='bbox 707 3316 785 3388; x_wconf 84' lang='grc' dir='ltr'>τῷ</span> <span class='ocrx_word' id='word_1_208' title='bbox 820 3317 1037 3389; x_wconf 82' lang='grc' dir='ltr'>Πιλάτῳ</span> <span class='ocrx_word' id='word_1_209' title='bbox 1086 3319 1181 3371; x_wconf 77' lang='grc' dir='ltr'><strong>καὶ</strong></span> <span class='ocrx_word' id='word_1_210' title='bbox 1221 3318 1645 3390; x_wconf 78' lang='grc' dir='ltr'>καταλαϐομένῳ</span> <span class='ocrx_word' id='word_1_211' title='bbox 1693 3320 1791 3391; x_wconf 83' lang='grc' dir='ltr'>τὴν</span> 
     </span>
    </p>
   </div>
   <div class='ocr_carea' id='block_1_28' title="bbox 217 3407 1792 3482">
    <p class='ocr_par' dir='ltr' id='par_1_28' title="bbox 217 3407 1792 3482">
     <span class='ocr_line' id='line_1_28' title="bbox 217 3407 1792 3482; baseline 0.003 -21"><span class='ocrx_word' id='word_1_212' title='bbox 217 3408 581 3477; x_wconf 75' lang='grc' dir='ltr'>συκοφαντίαν</span> <span class='ocrx_word' id='word_1_213' title='bbox 613 3407 721 3463; x_wconf 85' lang='grc' dir='ltr'><strong>τῶν</strong></span> <span class='ocrx_word' id='word_1_214' title='bbox 758 3410 880 3462; x_wconf 88' lang='grc' dir='ltr'>τότε</span> <span class='ocrx_word' id='word_1_215' title='bbox 913 3410 1199 3474; x_wconf 78' lang='grc' dir='ltr'>Ἰουδαίων,</span> <span class='ocrx_word' id='word_1_216' title='bbox 1227 3411 1326 3463; x_wconf 81' lang='grc' dir='ltr'><strong>οὐκ</strong></span> <span class='ocrx_word' id='word_1_217' title='bbox 1351 3410 1432 3464; x_wconf 77' lang='grc' dir='ltr'>ἔτι</span> <span class='ocrx_word' id='word_1_218' title='bbox 1462 3412 1792 3482; x_wconf 86' lang='grc' dir='ltr'>ἁπεκρίνατο</span> 
     </span>
    </p>
   </div>
   <div class='ocr_carea' id='block_1_29' title="bbox 212 3497 1794 3573">
    <p class='ocr_par' dir='ltr' id='par_1_29' title="bbox 212 3497 1794 3573">
     <span class='ocr_line' id='line_1_29' title="bbox 212 3497 1794 3573; baseline 0.002 -21"><span class='ocrx_word' id='word_1_219' title='bbox 212 3497 364 3569; x_wconf 76' lang='grc' dir='ltr'>αὐτῷ</span> <span class='ocrx_word' id='word_1_220' title='bbox 393 3500 421 3552; x_wconf 84' lang='grc' dir='ltr'>ὁ</span> <span class='ocrx_word' id='word_1_221' title='bbox 442 3497 646 3570; x_wconf 80' lang='grc' dir='ltr'>Κύριος</span> <span class='ocrx_word' id='word_1_222' title='bbox 667 3538 683 3563; x_wconf 95' lang='grc'><strong>,</strong></span> <span class='ocrx_word' id='word_1_223' title='bbox 729 3499 865 3553; x_wconf 87' lang='grc' dir='ltr'><strong>ἀλλά</strong></span> <span class='ocrx_word' id='word_1_224' title='bbox 898 3499 1096 3570; x_wconf 82' lang='grc' dir='ltr'>μᾶλλον</span> <span class='ocrx_word' id='word_1_225' title='bbox 1125 3500 1456 3572; x_wconf 75' lang='grc' dir='ltr'>ἐχρημάτιζε</span> <span class='ocrx_word' id='word_1_226' title='bbox 1498 3504 1566 3573; x_wconf 82' lang='grc' dir='ltr'>τῇ</span> <span class='ocrx_word' id='word_1_227' title='bbox 1605 3501 1794 3555; x_wconf 88' lang='grc' dir='ltr'>τούτου</span> 
     </span>
    </p>
   </div>
   <div class='ocr_carea' id='block_1_30' title="bbox 213 3591 1794 3663">
    <p class='ocr_par' dir='ltr' id='par_1_30' title="bbox 213 3591 1794 3663">
     <span class='ocr_line' id='line_1_30' title="bbox 213 3591 1794 3663; baseline 0 -18"><span class='ocrx_word' id='word_1_228' title='bbox 213 3591 458 3659; x_wconf 72' lang='grc' dir='ltr'>γυναικὶ,</span> <span class='ocrx_word' id='word_1_229' title='bbox 494 3591 581 3644; x_wconf 79' lang='grc' dir='ltr'><strong>ἵνα</strong></span> <span class='ocrx_word' id='word_1_230' title='bbox 616 3592 690 3662; x_wconf 81' lang='grc' dir='ltr'><strong>μὴ</strong></span> <span class='ocrx_word' id='word_1_231' title='bbox 725 3593 781 3644; x_wconf 80' lang='grc' dir='ltr'><strong>ἐν</strong></span> <span class='ocrx_word' id='word_1_232' title='bbox 810 3591 972 3663; x_wconf 82' lang='grc' dir='ltr'>λόγῳ,</span> <span class='ocrx_word' id='word_1_233' title='bbox 1005 3592 1142 3646; x_wconf 80' lang='grc' dir='ltr'><strong>ἀλλά</strong></span> <span class='ocrx_word' id='word_1_234' title='bbox 1181 3594 1238 3645; x_wconf 84' lang='grc' dir='ltr'>ὲν</span> <span class='ocrx_word' id='word_1_235' title='bbox 1278 3592 1505 3663; x_wconf 81' lang='grc' dir='ltr'>δυνάμει</span> <span class='ocrx_word' id='word_1_236' title='bbox 1535 3593 1794 3663; x_wconf 88' lang='grc' dir='ltr'>πιστεύη-</span> 
     </span>
    </p>
   </div>
   <div class='ocr_carea' id='block_1_31' title="bbox 215 3679 1791 3756">
    <p class='ocr_par' dir='ltr' id='par_1_31' title="bbox 215 3679 1791 3756">
     <span class='ocr_line' id='line_1_31' title="bbox 215 3679 1791 3756; baseline 0.001 -19"><span class='ocrx_word' id='word_1_237' title='bbox 215 3701 305 3737; x_wconf 89' lang='grc' dir='ltr'><strong>ται</strong></span> <span class='ocrx_word' id='word_1_238' title='bbox 338 3686 368 3737; x_wconf 82' lang='grc' dir='ltr'>ὁ</span> <span class='ocrx_word' id='word_1_239' title='bbox 399 3684 712 3755; x_wconf 84' lang='grc' dir='ltr'>κρινόμενος</span> <span class='ocrx_word' id='word_1_240' title='bbox 752 3679 886 3737; x_wconf 77' lang='grc' dir='ltr'>εἶναι</span> <span class='ocrx_word' id='word_1_241' title='bbox 918 3684 1027 3752; x_wconf 71' lang='grc'><strong>(23)</strong></span> <span class='ocrx_word' id='word_1_242' title='bbox 1065 3684 1218 3748; x_wconf 85' lang='grc' dir='ltr'>Θεός.</span> <span class='ocrx_word' id='word_1_243' title='bbox 1252 3683 1343 3755; x_wconf 81' lang='grc' dir='ltr'><strong>Τῷ</strong></span> <span class='ocrx_word' id='word_1_244' title='bbox 1381 3684 1440 3737; x_wconf 83' lang='grc' dir='ltr'>δὲ</span> <span class='ocrx_word' id='word_1_245' title='bbox 1461 3686 1685 3755; x_wconf 76' lang='grc' dir='ltr'>Καῖάφᾳ</span> <span class='ocrx_word' id='word_1_246' title='bbox 1716 3684 1791 3756; x_wconf 84' lang='grc' dir='ltr'>μὴ</span> 
     </span>
    </p>
   </div>
   <div class='ocr_carea' id='block_1_32' title="bbox 1959 2471 3247 2546">
    <p class='ocr_par' dir='ltr' id='par_1_32' title="bbox 1959 2471 3247 2546">
     <span class='ocr_line' id='line_1_32' title="bbox 1959 2471 3247 2546; baseline 0.002 -21"><span class='ocrx_word' id='word_1_247' title='bbox 1959 2471 2290 2546; x_wconf 67' lang='grc' dir='ltr'>ῥΙΠίυδορΙιο,</span> <span class='ocrx_word' id='word_1_248' title='bbox 2325 2472 2651 2527; x_wconf 82' lang='lat' dir='ltr'><strong>Athanasius</strong></span> <span class='ocrx_word' id='word_1_249' title='bbox 2675 2472 2730 2525; x_wconf 87' lang='lat' dir='ltr'><strong>in</strong></span> <span class='ocrx_word' id='word_1_250' title='bbox 2752 2471 2976 2526; x_wconf 89' lang='lat' dir='ltr'><strong>Domino</strong></span> <span class='ocrx_word' id='word_1_251' title='bbox 2997 2472 3247 2527; x_wconf 79' lang='lat' dir='ltr'><strong>salutem.</strong></span> 
     </span>
    </p>
   </div>
   <div class='ocr_carea' id='block_1_33' title="bbox 1959 2583 3454 2654">
    <p class='ocr_par' dir='ltr' id='par_1_33' title="bbox 1959 2583 3454 2654">
     <span class='ocr_line' id='line_1_33' title="bbox 1959 2583 3454 2654; baseline -0.001 -14"><span class='ocrx_word' id='word_1_252' title='bbox 1959 2587 2012 2640; x_wconf 80' lang='grc'>1.</span> <span class='ocrx_word' id='word_1_253' title='bbox 2033 2584 2295 2642; x_wconf 88' lang='lat' dir='ltr'><strong>Perlectis</strong></span> <span class='ocrx_word' id='word_1_254' title='bbox 2317 2584 2385 2640; x_wconf 90' lang='lat' dir='ltr'><strong>iis</strong></span> <span class='ocrx_word' id='word_1_255' title='bbox 2414 2598 2536 2654; x_wconf 65' lang='lat' dir='ltr'><strong>quae</strong></span> <span class='ocrx_word' id='word_1_256' title='bbox 2562 2597 2595 2639; x_wconf 89' lang='lat' dir='ltr'><strong>a</strong></span> <span class='ocrx_word' id='word_1_257' title='bbox 2622 2592 2675 2638; x_wconf 90' lang='lat' dir='ltr'><strong>te</strong></span> <span class='ocrx_word' id='word_1_258' title='bbox 2712 2584 2877 2638; x_wconf 90' lang='lat' dir='ltr'><strong>modo</strong></span> <span class='ocrx_word' id='word_1_259' title='bbox 2900 2583 3101 2653; x_wconf 85' lang='lat' dir='ltr'><strong>scripta</strong></span> <span class='ocrx_word' id='word_1_260' title='bbox 3131 2592 3279 2650; x_wconf 89' lang='lat' dir='ltr'><strong>sunt,</strong></span> <span class='ocrx_word' id='word_1_261' title='bbox 3304 2592 3454 2639; x_wconf 71' lang='lat' dir='ltr'><strong>tuan-</strong></span> 
     </span>
    </p>
   </div>
   <div class='ocr_carea' id='block_1_34' title="bbox 1887 2674 3460 2748">
    <p class='ocr_par' dir='ltr' id='par_1_34' title="bbox 1887 2674 3460 2748">
     <span class='ocr_line' id='line_1_34' title="bbox 1887 2674 3460 2748; baseline -0.004 -15"><span class='ocrx_word' id='word_1_262' title='bbox 1887 2678 2106 2748; x_wconf 88' lang='lat' dir='ltr'><strong>quidem</strong></span> <span class='ocrx_word' id='word_1_263' title='bbox 2129 2674 2429 2733; x_wconf 83' lang='lat' dir='ltr'><strong>collaudavi</strong></span> <span class='ocrx_word' id='word_1_264' title='bbox 2447 2675 2722 2745; x_wconf 85' lang='lat' dir='ltr'><strong>pietatem;</strong></span> <span class='ocrx_word' id='word_1_265' title='bbox 2744 2675 2837 2731; x_wconf 89' lang='lat' dir='ltr'><strong>sed</strong></span> <span class='ocrx_word' id='word_1_266' title='bbox 2858 2674 3205 2731; x_wconf 78' lang='lat' dir='ltr'><strong>vehementer</strong></span> <span class='ocrx_word' id='word_1_267' title='bbox 3218 2674 3460 2731; x_wconf 83' lang='lat' dir='ltr'><strong>admira-</strong></span> 
     </span>
    </p>
   </div>
   <div class='ocr_carea' id='block_1_35' title="bbox 1889 2766 3462 2836">
    <p class='ocr_par' dir='ltr' id='par_1_35' title="bbox 1889 2766 3462 2836">
     <span class='ocr_line' id='line_1_35' title="bbox 1889 2766 3462 2836; baseline -0.003 -11"><span class='ocrx_word' id='word_1_268' title='bbox 1889 2778 1979 2825; x_wconf 86' lang='lat' dir='ltr'><strong>tus</strong></span> <span class='ocrx_word' id='word_1_269' title='bbox 1996 2768 2281 2824; x_wconf 90' lang='lat' dir='ltr'><strong>hominum</strong></span> <span class='ocrx_word' id='word_1_270' title='bbox 2303 2766 2682 2833; x_wconf 81' lang='lat' dir='ltr'><strong>temeritatem,</strong></span> <span class='ocrx_word' id='word_1_271' title='bbox 2698 2766 2790 2836; x_wconf 90' lang='lat' dir='ltr'><strong>qui</strong></span> <span class='ocrx_word' id='word_1_272' title='bbox 2813 2782 2923 2821; x_wconf 89' lang='lat' dir='ltr'><strong>non</strong></span> <span class='ocrx_word' id='word_1_273' title='bbox 2943 2766 3270 2835; x_wconf 79' lang='lat' dir='ltr'><strong>intelligunt,</strong></span> <span class='ocrx_word' id='word_1_274' title='bbox 3285 2780 3462 2834; x_wconf 87' lang='lat' dir='ltr'><strong>neque</strong></span> 
     </span>
    </p>
   </div>
   <div class='ocr_carea' id='block_1_36' title="bbox 1888 2857 3462 2932">
    <p class='ocr_par' dir='ltr' id='par_1_36' title="bbox 1888 2857 3462 2932">
     <span class='ocr_line' id='line_1_36' title="bbox 1888 2857 3462 2932; baseline -0.004 -16"><span class='ocrx_word' id='word_1_275' title='bbox 1888 2878 2012 2932; x_wconf 65' lang='lat' dir='ltr'><strong>qua:</strong></span> <span class='ocrx_word' id='word_1_276' title='bbox 2050 2861 2349 2931; x_wconf 90' lang='lat' dir='ltr'><strong>loquuntur</strong></span> <span class='ocrx_word' id='word_1_277' title='bbox 2381 2873 2561 2928; x_wconf 89' lang='lat' dir='ltr'><strong>neque</strong></span> <span class='ocrx_word' id='word_1_278' title='bbox 2587 2858 2655 2912; x_wconf 89' lang='lat' dir='ltr'><strong>de</strong></span> <span class='ocrx_word' id='word_1_279' title='bbox 2676 2859 2876 2928; x_wconf 88' lang='lat' dir='ltr'><strong>quibus</strong></span> <span class='ocrx_word' id='word_1_280' title='bbox 2908 2857 3175 2913; x_wconf 77' lang='lat' dir='ltr'><strong>allii-luant</strong></span> <span class='ocrx_word' id='word_1_281' title='bbox 3212 2857 3275 2923; x_wconf 86' lang='grc'>¹³,</span> <span class='ocrx_word' id='word_1_282' title='bbox 3301 2857 3462 2910; x_wconf 74' lang='lat' dir='ltr'><strong>silere</strong></span> 
     </span>
    </p>
   </div>
   <div class='ocr_carea' id='block_1_37' title="bbox 1889 2948 3460 3020">
    <p class='ocr_par' dir='ltr' id='par_1_37' title="bbox 1889 2948 3460 3020">
     <span class='ocr_line' id='line_1_37' title="bbox 1889 2948 3460 3020; baseline -0.003 -11"><span class='ocrx_word' id='word_1_283' title='bbox 1889 2954 2112 3009; x_wconf 88' lang='lat' dir='ltr'><strong>omnino</strong></span> <span class='ocrx_word' id='word_1_284' title='bbox 2123 2960 2438 3008; x_wconf 88' lang='lat' dir='ltr'><strong>statueram.</strong></span> <span class='ocrx_word' id='word_1_285' title='bbox 2458 2949 2734 3020; x_wconf 90' lang='lat' dir='ltr'><strong>Siquidem</strong></span> <span class='ocrx_word' id='word_1_286' title='bbox 2749 2950 2815 3007; x_wconf 85' lang='lat' dir='ltr'><strong>de</strong></span> <span class='ocrx_word' id='word_1_287' title='bbox 2828 2952 2988 3006; x_wconf 86' lang='lat' dir='ltr'><strong>rebus</strong></span> <span class='ocrx_word' id='word_1_288' title='bbox 3003 2958 3112 3005; x_wconf 88' lang='lat' dir='ltr'><strong>tam</strong></span> <span class='ocrx_word' id='word_1_289' title='bbox 3127 2948 3460 3005; x_wconf 80' lang='lat' dir='ltr'><strong>evidentibus</strong></span> 
     </span>
    </p>
   </div>
   <div class='ocr_carea' id='block_1_38' title="bbox 1889 3040 3457 3115">
    <p class='ocr_par' dir='ltr' id='par_1_38' title="bbox 1889 3040 3457 3115">
     <span class='ocr_line' id='line_1_38' title="bbox 1889 3040 3457 3115; baseline -0.005 -13"><span class='ocrx_word' id='word_1_290' title='bbox 1889 3046 2117 3115; x_wconf 89' lang='lat' dir='ltr'><strong>luceque</strong></span> <span class='ocrx_word' id='word_1_291' title='bbox 2142 3046 2259 3115; x_wconf 84' lang='lat' dir='ltr'><strong>ipsa</strong></span> <span class='ocrx_word' id='word_1_292' title='bbox 2286 3044 2609 3099; x_wconf 83' lang='lat' dir='ltr'><strong>clarioribus</strong></span> <span class='ocrx_word' id='word_1_293' title='bbox 2635 3042 2986 3112; x_wconf 85' lang='lat' dir='ltr'><strong>respondere,</strong></span> <span class='ocrx_word' id='word_1_294' title='bbox 3022 3042 3154 3095; x_wconf 90' lang='lat' dir='ltr'><strong>nihil</strong></span> <span class='ocrx_word' id='word_1_295' title='bbox 3185 3040 3331 3095; x_wconf 82' lang='lat' dir='ltr'><strong>aliud</strong></span> <span class='ocrx_word' id='word_1_296' title='bbox 3371 3048 3457 3094; x_wconf 88' lang='lat' dir='ltr'><strong>est</strong></span> 
     </span>
    </p>
   </div>
   <div class='ocr_carea' id='block_1_39' title="bbox 1890 3131 3456 3208">
    <p class='ocr_par' dir='ltr' id='par_1_39' title="bbox 1890 3131 3456 3208">
     <span class='ocr_line' id='line_1_39' title="bbox 1890 3131 3456 3208; baseline -0.005 -16"><span class='ocrx_word' id='word_1_297' title='bbox 1890 3153 2053 3208; x_wconf 90' lang='lat' dir='ltr'><strong>quam</strong></span> <span class='ocrx_word' id='word_1_298' title='bbox 2106 3136 2456 3206; x_wconf 79' lang='lat' dir='ltr'><strong>impudentiae</strong></span> <span class='ocrx_word' id='word_1_299' title='bbox 2482 3150 2672 3190; x_wconf 83' lang='lat' dir='ltr'><strong>ansam</strong></span> <span class='ocrx_word' id='word_1_300' title='bbox 2707 3134 3017 3201; x_wconf 71' lang='lat' dir='ltr'><strong>huiusmodi</strong></span> <span class='ocrx_word' id='word_1_301' title='bbox 3060 3133 3321 3203; x_wconf 84' lang='lat' dir='ltr'><strong>improbis</strong></span> <span class='ocrx_word' id='word_1_302' title='bbox 3354 3131 3456 3185; x_wconf 87' lang='lat' dir='ltr'><strong>ho-</strong></span> 
     </span>
    </p>
   </div>
   <div class='ocr_carea' id='block_1_40' title="bbox 1889 3224 3459 3300">
    <p class='ocr_par' dir='ltr' id='par_1_40' title="bbox 1889 3224 3459 3300">
     <span class='ocr_line' id='line_1_40' title="bbox 1889 3224 3459 3300; baseline -0.004 -15"><span class='ocrx_word' id='word_1_303' title='bbox 1889 3230 2131 3285; x_wconf 89' lang='lat' dir='ltr'><strong>minibus</strong></span> <span class='ocrx_word' id='word_1_304' title='bbox 2164 3230 2424 3300; x_wconf 64' lang='lat' dir='ltr'><strong>praebere.</strong></span> <span class='ocrx_word' id='word_1_305' title='bbox 2476 3227 2532 3282; x_wconf 90' lang='lat' dir='ltr'><strong>Id</strong></span> <span class='ocrx_word' id='word_1_306' title='bbox 2570 3242 2700 3282; x_wconf 90' lang='lat' dir='ltr'><strong>vero</strong></span> <span class='ocrx_word' id='word_1_307' title='bbox 2751 3227 2836 3281; x_wconf 88' lang='lat' dir='ltr'><strong>vel</strong></span> <span class='ocrx_word' id='word_1_308' title='bbox 2889 3227 2958 3281; x_wconf 89' lang='lat' dir='ltr'><strong>ab</strong></span> <span class='ocrx_word' id='word_1_309' title='bbox 2992 3228 3112 3295; x_wconf 91' lang='lat' dir='ltr'><strong>ipso</strong></span> <span class='ocrx_word' id='word_1_310' title='bbox 3166 3224 3459 3279; x_wconf 89' lang='lat' dir='ltr'><strong>didicimus</strong></span> 
     </span>
    </p>
   </div>
   <div class='ocr_carea' id='block_1_41' title="bbox 1894 3311 3455 3387">
    <p class='ocr_par' dir='ltr' id='par_1_41' title="bbox 1894 3311 3455 3387">
     <span class='ocr_line' id='line_1_41' title="bbox 1894 3311 3455 3387; baseline -0.008 -13"><span class='ocrx_word' id='word_1_311' title='bbox 1894 3320 2201 3375; x_wconf 84' lang='lat' dir='ltr'><strong>Salvatore.</strong></span> <span class='ocrx_word' id='word_1_312' title='bbox 2229 3317 2364 3372; x_wconf 85' lang='lat' dir='ltr'><strong>Nam</strong></span> <span class='ocrx_word' id='word_1_313' title='bbox 2402 3328 2694 3387; x_wconf 81' lang='lat' dir='ltr'><strong>pOSanam</strong></span> <span class='ocrx_word' id='word_1_314' title='bbox 2725 3313 2934 3368; x_wconf 84' lang='lat' dir='ltr'><strong>Pilatus</strong></span> <span class='ocrx_word' id='word_1_315' title='bbox 2979 3327 3175 3367; x_wconf 90' lang='lat' dir='ltr'><strong>manus</strong></span> <span class='ocrx_word' id='word_1_316' title='bbox 3214 3311 3455 3373; x_wconf 89' lang='lat' dir='ltr'><strong>lavisset,</strong></span> 
     </span>
    </p>
   </div>
   <div class='ocr_carea' id='block_1_42' title="bbox 1891 3400 3457 3467">
    <p class='ocr_par' dir='ltr' id='par_1_42' title="bbox 1891 3400 3457 3467">
     <span class='ocr_line' id='line_1_42' title="bbox 1891 3400 3457 3467; baseline -0.009 0"><span class='ocrx_word' id='word_1_317' title='bbox 1891 3426 1957 3467; x_wconf 87' lang='lat' dir='ltr'><strong>ac</strong></span> <span class='ocrx_word' id='word_1_318' title='bbox 2007 3410 2319 3466; x_wconf 76' lang='lat' dir='ltr'><strong>Judaeorum</strong></span> <span class='ocrx_word' id='word_1_319' title='bbox 2359 3408 2688 3463; x_wconf 86' lang='lat' dir='ltr'><strong>calumniam</strong></span> <span class='ocrx_word' id='word_1_320' title='bbox 2746 3404 3056 3459; x_wconf 89' lang='lat' dir='ltr'><strong>admisisset</strong></span> <span class='ocrx_word' id='word_1_321' title='bbox 3090 3402 3156 3467; x_wconf 64' lang='grc' dir='ltr'><strong>¹δ,</strong></span> <span class='ocrx_word' id='word_1_322' title='bbox 3212 3400 3350 3454; x_wconf 89' lang='lat' dir='ltr'><strong>nihil</strong></span> <span class='ocrx_word' id='word_1_323' title='bbox 3404 3400 3457 3454; x_wconf 92' lang='lat' dir='ltr'><strong>ei</strong></span> 
     </span>
    </p>
   </div>
   <div class='ocr_carea' id='block_1_43' title="bbox 1892 3493 3458 3572">
    <p class='ocr_par' dir='ltr' id='par_1_43' title="bbox 1892 3493 3458 3572">
     <span class='ocr_line' id='line_1_43' title="bbox 1892 3493 3458 3572; baseline -0.008 -15"><span class='ocrx_word' id='word_1_324' title='bbox 1892 3502 2124 3572; x_wconf 90' lang='lat' dir='ltr'><strong>amplius</strong></span> <span class='ocrx_word' id='word_1_325' title='bbox 2152 3500 2434 3570; x_wconf 83' lang='lat' dir='ltr'><strong>respondit</strong></span> <span class='ocrx_word' id='word_1_326' title='bbox 2477 3495 2758 3559; x_wconf 87' lang='lat' dir='ltr'><strong>Dominus,</strong></span> <span class='ocrx_word' id='word_1_327' title='bbox 2811 3495 2905 3550; x_wconf 87' lang='lat' dir='ltr'><strong>sed</strong></span> <span class='ocrx_word' id='word_1_328' title='bbox 2939 3494 3120 3564; x_wconf 89' lang='lat' dir='ltr'><strong>potius</strong></span> <span class='ocrx_word' id='word_1_329' title='bbox 3157 3493 3276 3562; x_wconf 88' lang='lat' dir='ltr'><strong>ejus</strong></span> <span class='ocrx_word' id='word_1_330' title='bbox 3322 3506 3458 3545; x_wconf 82' lang='lat' dir='ltr'><strong>uxo-</strong></span> 
     </span>
    </p>
   </div>
   <div class='ocr_carea' id='block_1_44' title="bbox 1890 3583 3458 3653">
    <p class='ocr_par' dir='ltr' id='par_1_44' title="bbox 1890 3583 3458 3653">
     <span class='ocr_line' id='line_1_44' title="bbox 1890 3583 3458 3653; baseline -0.007 -7"><span class='ocrx_word' id='word_1_331' title='bbox 1890 3607 2007 3646; x_wconf 88' lang='lat' dir='ltr'><strong>rem</strong></span> <span class='ocrx_word' id='word_1_332' title='bbox 2040 3590 2262 3646; x_wconf 90' lang='lat' dir='ltr'><strong>oraculo</strong></span> <span class='ocrx_word' id='word_1_333' title='bbox 2295 3590 2338 3621; x_wconf 80' lang='lat'>&quot;</span> <span class='ocrx_word' id='word_1_334' title='bbox 2372 3589 2604 3653; x_wconf 91' lang='lat' dir='ltr'><strong>monuit,</strong></span> <span class='ocrx_word' id='word_1_335' title='bbox 2649 3594 2709 3641; x_wconf 89' lang='lat' dir='ltr'><strong>ut</strong></span> <span class='ocrx_word' id='word_1_336' title='bbox 2733 3602 2802 3640; x_wconf 90' lang='lat' dir='ltr'><strong>ne</strong></span> <span class='ocrx_word' id='word_1_337' title='bbox 2824 3601 2887 3640; x_wconf 83' lang='lat' dir='ltr'><strong>ex</strong></span> <span class='ocrx_word' id='word_1_338' title='bbox 2920 3584 3094 3640; x_wconf 88' lang='lat' dir='ltr'><strong>verbis</strong></span> <span class='ocrx_word' id='word_1_339' title='bbox 3126 3583 3220 3638; x_wconf 81' lang='lat' dir='ltr'><strong>sed</strong></span> <span class='ocrx_word' id='word_1_340' title='bbox 3258 3598 3323 3637; x_wconf 78' lang='lat' dir='ltr'><strong>ex</strong></span> <span class='ocrx_word' id='word_1_341' title='bbox 3358 3596 3458 3651; x_wconf 86' lang='lat' dir='ltr'><strong>po—</strong></span> 
     </span>
    </p>
   </div>
   <div class='ocr_carea' id='block_1_45' title="bbox 1892 3674 3453 3749">
    <p class='ocr_par' dir='ltr' id='par_1_45' title="bbox 1892 3674 3453 3749">
     <span class='ocr_line' id='line_1_45' title="bbox 1892 3674 3453 3749; baseline -0.007 -13"><span class='ocrx_word' id='word_1_342' title='bbox 1892 3681 2058 3737; x_wconf 90' lang='lat' dir='ltr'><strong>tentia</strong></span> <span class='ocrx_word' id='word_1_343' title='bbox 2109 3680 2177 3745; x_wconf 87' lang='lat' dir='ltr'><strong>is,</strong></span> <span class='ocrx_word' id='word_1_344' title='bbox 2207 3679 2301 3749; x_wconf 90' lang='lat' dir='ltr'><strong>qui</strong></span> <span class='ocrx_word' id='word_1_345' title='bbox 2348 3678 2715 3749; x_wconf 90' lang='lat' dir='ltr'><strong>judicabatur,</strong></span> <span class='ocrx_word' id='word_1_346' title='bbox 2764 3675 2911 3731; x_wconf 90' lang='lat' dir='ltr'><strong>Deus</strong></span> <span class='ocrx_word' id='word_1_347' title='bbox 2957 3690 3080 3731; x_wconf 84' lang='lat' dir='ltr'><strong>esse</strong></span> <span class='ocrx_word' id='word_1_348' title='bbox 3124 3674 3453 3729; x_wconf 86' lang='lat' dir='ltr'><strong>crederetur.</strong></span> 
     </span>
    </p>
   </div>
   <div class='ocr_carea' id='block_1_46' title="bbox 213 3764 1787 3846">
    <p class='ocr_par' dir='ltr' id='par_1_46' title="bbox 213 3773 1787 3846">
     <span class='ocr_line' id='line_1_46' title="bbox 213 3773 1787 3846; baseline 0.001 -19"><span class='ocrx_word' id='word_1_349' title='bbox 213 3774 642 3845; x_wconf 75' lang='grc' dir='ltr'>ἀποκρινόμενος</span> <span class='ocrx_word' id='word_1_350' title='bbox 684 3774 818 3845; x_wconf 80' lang='grc' dir='ltr'>πρὸς</span> <span class='ocrx_word' id='word_1_351' title='bbox 858 3773 954 3845; x_wconf 66' lang='grc' dir='ltr'><strong>τὴν</strong></span> <span class='ocrx_word' id='word_1_352' title='bbox 988 3773 1253 3845; x_wconf 75' lang='grc' dir='ltr'>φλυαρίαν</span> <span class='ocrx_word' id='word_1_353' title='bbox 1276 3816 1291 3841; x_wconf 96' lang='grc'><strong>,</strong></span> <span class='ocrx_word' id='word_1_354' title='bbox 1327 3776 1487 3839; x_wconf 78' lang='grc' dir='ltr'>αὐτὸς</span> <span class='ocrx_word' id='word_1_355' title='bbox 1514 3778 1578 3846; x_wconf 81' lang='grc' dir='ltr'>τῇ</span> <span class='ocrx_word' id='word_1_356' title='bbox 1617 3778 1787 3844; x_wconf 79' lang='grc' dir='ltr'>ἐπαγ-</span> 
     </span>
    </p>
   </div>
   <div class='ocr_carea' id='block_1_47' title="bbox 1892 3764 3459 3846">
    <p class='ocr_par' dir='ltr' id='par_1_47' title="bbox 1892 3764 3459 3839">
     <span class='ocr_line' id='line_1_47' title="bbox 1892 3764 3459 3839; baseline -0.005 -14"><span class='ocrx_word' id='word_1_357' title='bbox 1892 3771 2033 3827; x_wconf 89' lang='lat' dir='ltr'><strong>ldem</strong></span> <span class='ocrx_word' id='word_1_358' title='bbox 2080 3780 2266 3825; x_wconf 83' lang='lat' dir='ltr'><strong>autem</strong></span> <span class='ocrx_word' id='word_1_359' title='bbox 2294 3771 2407 3839; x_wconf 90' lang='lat' dir='ltr'><strong>ipse</strong></span> <span class='ocrx_word' id='word_1_360' title='bbox 2431 3769 2525 3839; x_wconf 92' lang='lat' dir='ltr'><strong>qui</strong></span> <span class='ocrx_word' id='word_1_361' title='bbox 2554 3769 2693 3823; x_wconf 89' lang='lat' dir='ltr'><strong>nihil</strong></span> <span class='ocrx_word' id='word_1_362' title='bbox 2726 3768 2792 3823; x_wconf 88' lang='lat' dir='ltr'><strong>ad</strong></span> <span class='ocrx_word' id='word_1_363' title='bbox 2825 3766 3041 3836; x_wconf 68' lang='lat' dir='ltr'><strong>Caiphm</strong></span> <span class='ocrx_word' id='word_1_364' title='bbox 3076 3764 3308 3835; x_wconf 89' lang='lat' dir='ltr'><strong>ineptias</strong></span> <span class='ocrx_word' id='word_1_365' title='bbox 3370 3778 3459 3817; x_wconf 85' lang='lat' dir='ltr'><strong>re-</strong></span> 
     </span>
    </p>
   </div>
   <div class='ocr_carea' id='block_1_48' title="bbox 213 3864 1785 3937">
    <p class='ocr_par' dir='ltr' id='par_1_48' title="bbox 213 3864 1785 3937">
     <span class='ocr_line' id='line_1_48' title="bbox 213 3864 1785 3937; baseline 0.001 -19"><span class='ocrx_word' id='word_1_366' title='bbox 213 3864 372 3937; x_wconf 78' lang='grc' dir='ltr'>γελίᾳ</span> <span class='ocrx_word' id='word_1_367' title='bbox 392 3868 517 3928; x_wconf 84' lang='grc' dir='ltr'>τοὺς</span> <span class='ocrx_word' id='word_1_368' title='bbox 555 3867 760 3929; x_wconf 84' lang='grc' dir='ltr'>πάντας</span> <span class='ocrx_word' id='word_1_369' title='bbox 783 3868 862 3927; x_wconf 84' lang='grc' dir='ltr'>εἰς</span> <span class='ocrx_word' id='word_1_370' title='bbox 889 3864 1088 3933; x_wconf 81' lang='grc' dir='ltr'>γνῶσιν</span> <span class='ocrx_word' id='word_1_371' title='bbox 1118 3867 1442 3936; x_wconf 79' lang='grc' dir='ltr'>μετήγαγεν.</span> <span class='ocrx_word' id='word_1_372' title='bbox 1495 3867 1614 3919; x_wconf 78' lang='grc' dir='ltr'>Ἐπὶ</span> <span class='ocrx_word' id='word_1_373' title='bbox 1652 3866 1785 3919; x_wconf 80' lang='grc' dir='ltr'>πολὺ</span> 
     </span>
    </p>
   </div>
   <div class='ocr_carea' id='block_1_49' title="bbox 213 3955 1787 4028">
    <p class='ocr_par' dir='ltr' id='par_1_49' title="bbox 213 3955 1787 4028">
     <span class='ocr_line' id='line_1_49' title="bbox 213 3955 1787 4028; baseline 0.001 -19"><span class='ocrx_word' id='word_1_374' title='bbox 213 3956 345 4025; x_wconf 80' lang='grc' dir='ltr'>γοῦν</span> <span class='ocrx_word' id='word_1_375' title='bbox 378 3956 797 4028; x_wconf 80' lang='grc' dir='ltr'>ὑπερτιθέμενος</span> <span class='ocrx_word' id='word_1_376' title='bbox 827 3957 922 4010; x_wconf 78' lang='grc' dir='ltr'><strong>καὶ</strong></span> <span class='ocrx_word' id='word_1_377' title='bbox 949 3955 1088 4028; x_wconf 84' lang='grc' dir='ltr'>ὁρῶν</span> <span class='ocrx_word' id='word_1_378' title='bbox 1110 3956 1207 4026; x_wconf 77' lang='grc' dir='ltr'>τὴν</span> <span class='ocrx_word' id='word_1_379' title='bbox 1232 3957 1341 4009; x_wconf 82' lang='grc' dir='ltr'>τῶν</span> <span class='ocrx_word' id='word_1_380' title='bbox 1360 3957 1787 4028; x_wconf 83' lang='grc' dir='ltr'>ἁναιδευομένων</span> 
     </span>
    </p>
   </div>
   <div class='ocr_carea' id='block_1_50' title="bbox 212 4047 1789 4120">
    <p class='ocr_par' dir='ltr' id='par_1_50' title="bbox 212 4047 1789 4120">
     <span class='ocr_line' id='line_1_50' title="bbox 212 4047 1789 4120; baseline 0.001 -20"><span class='ocrx_word' id='word_1_381' title='bbox 212 4047 564 4119; x_wconf 71' lang='grc' dir='ltr'>λογομαχίαν,</span> <span class='ocrx_word' id='word_1_382' title='bbox 621 4048 772 4119; x_wconf 85' lang='grc' dir='ltr'>μόλις</span> <span class='ocrx_word' id='word_1_383' title='bbox 820 4047 1049 4119; x_wconf 75' lang='grc' dir='ltr'>ᾐδέσθην</span> <span class='ocrx_word' id='word_1_384' title='bbox 1090 4049 1181 4102; x_wconf 87' lang='grc' dir='ltr'><strong>τὸν</strong></span> <span class='ocrx_word' id='word_1_385' title='bbox 1226 4049 1317 4102; x_wconf 81' lang='grc' dir='ltr'><strong>σὸν</strong></span> <span class='ocrx_word' id='word_1_386' title='bbox 1363 4049 1501 4120; x_wconf 82' lang='grc' dir='ltr'>ὑπὲρ</span> <span class='ocrx_word' id='word_1_387' title='bbox 1532 4049 1630 4119; x_wconf 85' lang='grc' dir='ltr'><strong>τῆς</strong></span> <span class='ocrx_word' id='word_1_388' title='bbox 1658 4049 1789 4119; x_wconf 82' lang='grc' dir='ltr'>ἀλη-</span> 
     </span>
    </p>
   </div>
   <div class='ocr_carea' id='block_1_51' title="bbox 213 4136 1787 4210">
    <p class='ocr_par' dir='ltr' id='par_1_51' title="bbox 213 4136 1787 4210">
     <span class='ocr_line' id='line_1_51' title="bbox 213 4136 1787 4210; baseline 0 -20"><span class='ocrx_word' id='word_1_389' title='bbox 213 4138 365 4201; x_wconf 84' lang='grc' dir='ltr'>θείας</span> <span class='ocrx_word' id='word_1_390' title='bbox 395 4136 555 4208; x_wconf 78' lang='grc' dir='ltr'>ζῆλον</span> <span class='ocrx_word' id='word_1_391' title='bbox 578 4177 592 4201; x_wconf 95' lang='grc'><strong>,</strong></span> <span class='ocrx_word' id='word_1_392' title='bbox 622 4138 715 4189; x_wconf 80' lang='grc' dir='ltr'><strong>καὶ</strong></span> <span class='ocrx_word' id='word_1_393' title='bbox 745 4138 1095 4210; x_wconf 85' lang='grc' dir='ltr'>ὑπηγόρευσα</span> <span class='ocrx_word' id='word_1_394' title='bbox 1127 4137 1281 4190; x_wconf 82' lang='grc' dir='ltr'>οὐδὲν</span> <span class='ocrx_word' id='word_1_395' title='bbox 1309 4137 1471 4191; x_wconf 85' lang='grc' dir='ltr'>πλέον</span> <span class='ocrx_word' id='word_1_396' title='bbox 1501 4136 1609 4190; x_wconf 84' lang='grc' dir='ltr'>τῶν</span> <span class='ocrx_word' id='word_1_397' title='bbox 1637 4137 1787 4209; x_wconf 90' lang='grc' dir='ltr'><strong>παρά</strong></span> 
     </span>
    </p>
   </div>
   <div class='ocr_carea' id='block_1_52' title="bbox 214 4225 1783 4299">
    <p class='ocr_par' dir='ltr' id='par_1_52' title="bbox 214 4225 1783 4299">
     <span class='ocr_line' id='line_1_52' title="bbox 214 4225 1783 4299; baseline -0.001 -17"><span class='ocrx_word' id='word_1_398' title='bbox 214 4228 309 4282; x_wconf 81' lang='grc' dir='ltr'>σοῦ</span> <span class='ocrx_word' id='word_1_399' title='bbox 336 4228 655 4299; x_wconf 77' lang='grc' dir='ltr'>γραφέντων</span> <span class='ocrx_word' id='word_1_400' title='bbox 679 4267 694 4292; x_wconf 94' lang='grc'><strong>,</strong></span> <span class='ocrx_word' id='word_1_401' title='bbox 731 4229 795 4280; x_wconf 81' lang='grc' dir='ltr'><strong>ἵν’</strong></span> <span class='ocrx_word' id='word_1_402' title='bbox 824 4225 904 4292; x_wconf 79' lang='grc' dir='ltr'>οἷς</span> <span class='ocrx_word' id='word_1_403' title='bbox 937 4228 1256 4299; x_wconf 82' lang='grc' dir='ltr'>ἀντείρηκεν</span> <span class='ocrx_word' id='word_1_404' title='bbox 1286 4230 1314 4282; x_wconf 84' lang='grc' dir='ltr'>ὁ</span> <span class='ocrx_word' id='word_1_405' title='bbox 1356 4228 1595 4292; x_wconf 84' lang='grc' dir='ltr'>ἐναντίος</span> <span class='ocrx_word' id='word_1_406' title='bbox 1615 4270 1631 4294; x_wconf 86' lang='grc'><strong>,</strong></span> <span class='ocrx_word' id='word_1_407' title='bbox 1658 4227 1783 4280; x_wconf 88' lang='grc' dir='ltr'>τού-</span> 
     </span>
    </p>
   </div>
   <div class='ocr_carea' id='block_1_53' title="bbox 209 4316 1786 4388">
    <p class='ocr_par' dir='ltr' id='par_1_53' title="bbox 209 4316 1786 4388">
     <span class='ocr_line' id='line_1_53' title="bbox 209 4316 1786 4388; baseline 0.001 -18"><span class='ocrx_word' id='word_1_408' title='bbox 209 4334 323 4381; x_wconf 86' lang='grc' dir='ltr'>τοις</span> <span class='ocrx_word' id='word_1_409' title='bbox 345 4317 531 4371; x_wconf 84' lang='grc' dir='ltr'>λοιπὺν</span> <span class='ocrx_word' id='word_1_410' title='bbox 570 4316 811 4380; x_wconf 74' lang='grc' dir='ltr'>πεισθεὶς</span> <span class='ocrx_word' id='word_1_411' title='bbox 830 4356 844 4379; x_wconf 98' lang='grc'><strong>,</strong></span> <span class='ocrx_word' id='word_1_412' title='bbox 887 4316 1068 4388; x_wconf 80' lang='grc' dir='ltr'>παύσῃ</span> <span class='ocrx_word' id='word_1_413' title='bbox 1095 4316 1191 4387; x_wconf 84' lang='grc' dir='ltr'>τὴν</span> <span class='ocrx_word' id='word_1_414' title='bbox 1219 4316 1467 4385; x_wconf 83' lang='grc' dir='ltr'>γλῶσσαν</span> <span class='ocrx_word' id='word_1_415' title='bbox 1493 4317 1654 4370; x_wconf 78' lang='grc' dir='ltr'>αὐτοῦ</span> <span class='ocrx_word' id='word_1_416' title='bbox 1679 4318 1786 4371; x_wconf 68' lang='grc' dir='ltr'><strong>ἀπὸ</strong></span> 
     </span>
    </p>
   </div>
   <div class='ocr_carea' id='block_1_54' title="bbox 209 4406 1788 4479">
    <p class='ocr_par' dir='ltr' id='par_1_54' title="bbox 209 4406 1788 4479">
     <span class='ocr_line' id='line_1_54' title="bbox 209 4406 1788 4479; baseline 0 -17"><span class='ocrx_word' id='word_1_417' title='bbox 209 4408 407 4471; x_wconf 77' lang='grc' dir='ltr'>κακοῦ,</span> <span class='ocrx_word' id='word_1_418' title='bbox 438 4408 531 4461; x_wconf 80' lang='grc' dir='ltr'><strong>καὶ</strong></span> <span class='ocrx_word' id='word_1_419' title='bbox 565 4407 714 4478; x_wconf 86' lang='grc' dir='ltr'>χείλη</span> <span class='ocrx_word' id='word_1_420' title='bbox 754 4407 916 4460; x_wconf 76' lang='grc' dir='ltr'>αὐτοῦ</span> <span class='ocrx_word' id='word_1_421' title='bbox 957 4406 1050 4461; x_wconf 80' lang='grc' dir='ltr'><strong>τοῦ</strong></span> <span class='ocrx_word' id='word_1_422' title='bbox 1085 4408 1158 4479; x_wconf 81' lang='grc' dir='ltr'>μὴ</span> <span class='ocrx_word' id='word_1_423' title='bbox 1191 4407 1419 4478; x_wconf 83' lang='grc' dir='ltr'>λαλῆσαι</span> <span class='ocrx_word' id='word_1_424' title='bbox 1458 4407 1628 4462; x_wconf 84' lang='grc' dir='ltr'>δόλον.</span> <span class='ocrx_word' id='word_1_425' title='bbox 1677 4410 1788 4462; x_wconf 73' lang='grc' dir='ltr'><strong>Καὶ</strong></span> 
     </span>
    </p>
   </div>
   <div class='ocr_carea' id='block_1_55' title="bbox 208 4497 1786 4571">
    <p class='ocr_par' dir='ltr' id='par_1_55' title="bbox 208 4497 1786 4571">
     <span class='ocr_line' id='line_1_55' title="bbox 208 4497 1786 4571; baseline 0.002 -21"><span class='ocrx_word' id='word_1_426' title='bbox 208 4498 419 4567; x_wconf 81' lang='grc' dir='ltr'>γένοιτο</span> <span class='ocrx_word' id='word_1_427' title='bbox 446 4498 544 4568; x_wconf 80' lang='grc' dir='ltr'><strong>μὲν</strong></span> <span class='ocrx_word' id='word_1_428' title='bbox 572 4498 698 4561; x_wconf 83' lang='grc' dir='ltr'>τοὺς</span> <span class='ocrx_word' id='word_1_429' title='bbox 725 4497 996 4562; x_wconf 84' lang='grc' dir='ltr'>τοιούτους</span> <span class='ocrx_word' id='word_1_430' title='bbox 1021 4499 1216 4569; x_wconf 84' lang='grc' dir='ltr'>μηκέτι</span> <span class='ocrx_word' id='word_1_431' title='bbox 1242 4499 1493 4554; x_wconf 86' lang='grc' dir='ltr'>ὀνειδίσαι</span> <span class='ocrx_word' id='word_1_432' title='bbox 1516 4501 1653 4571; x_wconf 85' lang='grc' dir='ltr'>μετὰ</span> <span class='ocrx_word' id='word_1_433' title='bbox 1677 4501 1786 4554; x_wconf 85' lang='grc' dir='ltr'>τῶν</span> 
     </span>
    </p>
   </div>
   <div class='ocr_carea' id='block_1_56' title="bbox 192 4586 1788 4660">
    <p class='ocr_par' dir='ltr' id='par_1_56' title="bbox 192 4586 1788 4660">
     <span class='ocr_line' id='line_1_56' title="bbox 192 4586 1788 4660; baseline 0 -18"><span class='ocrx_word' id='word_1_434' title='bbox 192 4588 620 4660; x_wconf 29' lang='grc' dir='ltr'>νπαροδευόντων</span> <span class='ocrx_word' id='word_1_435' title='bbox 646 4588 768 4641; x_wconf 86' lang='grc' dir='ltr'>τότε</span> <span class='ocrx_word' id='word_1_436' title='bbox 801 4586 1067 4642; x_wconf 85' lang='grc' dir='ltr'>Ἰουδαίων</span> <span class='ocrx_word' id='word_1_437' title='bbox 1095 4587 1184 4640; x_wconf 80' lang='grc' dir='ltr'><strong>τὸν</strong></span> <span class='ocrx_word' id='word_1_438' title='bbox 1207 4588 1549 4659; x_wconf 87' lang='grc' dir='ltr'>κρεμάμενον</span> <span class='ocrx_word' id='word_1_439' title='bbox 1577 4589 1669 4642; x_wconf 79' lang='grc' dir='ltr'><strong>ἐπὶ</strong></span> <span class='ocrx_word' id='word_1_440' title='bbox 1699 4588 1788 4654; x_wconf 81' lang='grc' dir='ltr'>ξύ-</span> 
     </span>
    </p>
   </div>
   <div class='ocr_carea' id='block_1_57' title="bbox 211 4678 1786 4754">
    <p class='ocr_par' dir='ltr' id='par_1_57' title="bbox 211 4678 1786 4754">
     <span class='ocr_line' id='line_1_57' title="bbox 211 4678 1786 4754; baseline 0.003 -22"><span class='ocrx_word' id='word_1_441' title='bbox 211 4680 326 4742; x_wconf 86' lang='grc' dir='ltr'>λου,</span> <span class='ocrx_word' id='word_1_442' title='bbox 369 4680 432 4732; x_wconf 83' lang='lat' dir='ltr'><strong>Ei</strong></span> <span class='ocrx_word' id='word_1_443' title='bbox 455 4679 582 4743; x_wconf 84' lang='grc' dir='ltr'><strong>Υἱός</strong></span> <span class='ocrx_word' id='word_1_444' title='bbox 613 4680 728 4732; x_wconf 76' lang='grc' dir='ltr'>ἐστι</span> <span class='ocrx_word' id='word_1_445' title='bbox 757 4679 850 4732; x_wconf 76' lang='grc' dir='ltr'>τοῦ</span> <span class='ocrx_word' id='word_1_446' title='bbox 876 4678 1033 4744; x_wconf 81' lang='grc' dir='ltr'>Θεοῦ,</span> <span class='ocrx_word' id='word_1_447' title='bbox 1069 4678 1230 4733; x_wconf 85' lang='grc' dir='ltr'>σώσει</span> <span class='ocrx_word' id='word_1_448' title='bbox 1258 4682 1449 4735; x_wconf 78' lang='grc' dir='ltr'>αὐτόν·</span> <span class='ocrx_word' id='word_1_449' title='bbox 1479 4681 1572 4734; x_wconf 81' lang='grc' dir='ltr'><strong>ὲάν</strong></span> <span class='ocrx_word' id='word_1_450' title='bbox 1598 4682 1655 4736; x_wconf 88' lang='grc' dir='ltr'>δὲ</span> <span class='ocrx_word' id='word_1_451' title='bbox 1679 4682 1786 4754; x_wconf 82' lang='grc' dir='ltr'>ἄρα</span> 
     </span>
    </p>
   </div>
   <div class='ocr_carea' id='block_1_58' title="bbox 214 4768 1787 4844">
    <p class='ocr_par' dir='ltr' id='par_1_58' title="bbox 214 4768 1787 4844">
     <span class='ocr_line' id='line_1_58' title="bbox 214 4768 1787 4844; baseline 0.003 -22"><span class='ocrx_word' id='word_1_452' title='bbox 214 4771 351 4842; x_wconf 80' lang='grc' dir='ltr'>μηδὲ</span> <span class='ocrx_word' id='word_1_453' title='bbox 382 4770 553 4834; x_wconf 73' lang='grc' dir='ltr'>οὕτως</span> <span class='ocrx_word' id='word_1_454' title='bbox 578 4768 980 4834; x_wconf 90' lang='grc' dir='ltr'>καταδύωνται,</span> <span class='ocrx_word' id='word_1_455' title='bbox 1012 4769 1148 4823; x_wconf 83' lang='grc' dir='ltr'><strong>ἀλλά</strong></span> <span class='ocrx_word' id='word_1_456' title='bbox 1199 4771 1262 4823; x_wconf 86' lang='grc' dir='ltr'><strong>σὺ</strong></span> <span class='ocrx_word' id='word_1_457' title='bbox 1296 4772 1394 4842; x_wconf 83' lang='grc' dir='ltr'>τῆς</span> <span class='ocrx_word' id='word_1_458' title='bbox 1428 4772 1787 4844; x_wconf 80' lang='grc' dir='ltr'>ἀποστολικῆς</span> 
     </span>
    </p>
   </div>
   <div class='ocr_carea' id='block_1_59' title="bbox 212 4856 1788 4931">
    <p class='ocr_par' dir='ltr' id='par_1_59' title="bbox 212 4856 1788 4931">
     <span class='ocr_line' id='line_1_59' title="bbox 212 4856 1788 4931; baseline 0.003 -20"><span class='ocrx_word' id='word_1_459' title='bbox 212 4858 567 4929; x_wconf 87' lang='grc' dir='ltr'>μνημονεύων</span> <span class='ocrx_word' id='word_1_460' title='bbox 587 4856 961 4926; x_wconf 77' lang='grc' dir='ltr'>παραγγελίας</span> <span class='ocrx_word' id='word_1_461' title='bbox 973 4898 988 4921; x_wconf 93' lang='grc'><strong>,</strong></span> <span class='ocrx_word' id='word_1_462' title='bbox 1010 4857 1306 4927; x_wconf 77' lang='grc' dir='ltr'>αἱρετικὸν</span> <span class='ocrx_word' id='word_1_463' title='bbox 1318 4859 1628 4928; x_wconf 74' lang='grc' dir='ltr'>ἄνθρωπον</span> <span class='ocrx_word' id='word_1_464' title='bbox 1638 4864 1788 4931; x_wconf 85' lang='grc' dir='ltr'>μετὰ</span> 
     </span>
    </p>
   </div>
   <div class='ocr_carea' id='block_1_60' title="bbox 201 4948 1786 5020">
    <p class='ocr_par' dir='ltr' id='par_1_60' title="bbox 201 4948 1786 5020">
     <span class='ocr_line' id='line_1_60' title="bbox 201 4948 1786 5020; baseline 0.004 -19"><span class='ocrx_word' id='word_1_465' title='bbox 201 4950 357 5020; x_wconf 84' lang='grc' dir='ltr'>μίαν</span> <span class='ocrx_word' id='word_1_466' title='bbox 377 4948 477 5002; x_wconf 79' lang='grc' dir='ltr'>καὶ</span> <span class='ocrx_word' id='word_1_467' title='bbox 498 4948 786 5017; x_wconf 79' lang='grc' dir='ltr'>δευτέραν</span> <span class='ocrx_word' id='word_1_468' title='bbox 804 4950 1128 5004; x_wconf 70' lang='grc' dir='ltr'>νουθεσίαν</span> <span class='ocrx_word' id='word_1_469' title='bbox 1150 4952 1459 5020; x_wconf 80' lang='grc' dir='ltr'>παραιτοῦ,</span> <span class='ocrx_word' id='word_1_470' title='bbox 1480 4952 1670 5019; x_wconf 70' lang='grc' dir='ltr'>εἰδὼς,</span> <span class='ocrx_word' id='word_1_471' title='bbox 1698 4954 1786 5008; x_wconf 82' lang='grc' dir='ltr'>ὅτι</span> 
     </span>
    </p>
   </div>
   <div class='ocr_carea' id='block_1_61' title="bbox 206 5042 1781 5113">
    <p class='ocr_par' dir='ltr' id='par_1_61' title="bbox 206 5042 1781 5113">
     <span class='ocr_line' id='line_1_61' title="bbox 206 5042 1781 5113; baseline 0.003 -17"><span class='ocrx_word' id='word_1_472' title='bbox 206 5042 602 5110; x_wconf 78' lang='grc' dir='ltr'>ἐξέστραπται</span> <span class='ocrx_word' id='word_1_473' title='bbox 645 5044 678 5095; x_wconf 87' lang='grc' dir='ltr'><em>ὀ</em></span> <span class='ocrx_word' id='word_1_474' title='bbox 724 5043 1008 5108; x_wconf 71' lang='grc' dir='ltr'>τοιοῦτος,</span> <span class='ocrx_word' id='word_1_475' title='bbox 1049 5044 1149 5096; x_wconf 81' lang='grc' dir='ltr'>καὶ</span> <span class='ocrx_word' id='word_1_476' title='bbox 1187 5044 1505 5113; x_wconf 81' lang='grc' dir='ltr'>ἁμαρτάνει</span> <span class='ocrx_word' id='word_1_477' title='bbox 1549 5043 1635 5098; x_wconf 87' lang='grc' dir='ltr'>ὢν</span> <span class='ocrx_word' id='word_1_478' title='bbox 1676 5049 1781 5100; x_wconf 86' lang='grc' dir='ltr'><strong>αὑ-</strong></span> 
     </span>
    </p>
   </div>
   <div class='ocr_carea' id='block_1_62' title="bbox 206 5130 1786 5206">
    <p class='ocr_par' dir='ltr' id='par_1_62' title="bbox 206 5130 1786 5206">
     <span class='ocr_line' id='line_1_62' title="bbox 206 5130 1786 5206; baseline 0.004 -23"><span class='ocrx_word' id='word_1_479' title='bbox 206 5130 646 5199; x_wconf 78' lang='grc' dir='ltr'>τοκατάκριτος.</span> <span class='ocrx_word' id='word_1_480' title='bbox 700 5132 763 5184; x_wconf 82' lang='lat' dir='ltr'><strong>Ei</strong></span> <span class='ocrx_word' id='word_1_481' title='bbox 799 5132 899 5202; x_wconf 83' lang='grc' dir='ltr'><strong>μὲν</strong></span> <span class='ocrx_word' id='word_1_482' title='bbox 930 5131 1040 5203; x_wconf 91' lang='grc' dir='ltr'><strong>γάρ</strong></span> <span class='ocrx_word' id='word_1_483' title='bbox 1069 5133 1326 5204; x_wconf 85' lang='grc' dir='ltr'>’Έλληνες</span> <span class='ocrx_word' id='word_1_484' title='bbox 1367 5134 1535 5206; x_wconf 73' lang='grc' dir='ltr'>ἡτῶν</span> <span class='ocrx_word' id='word_1_485' title='bbox 1573 5136 1786 5190; x_wconf 87' lang='grc' dir='ltr'>Ἰουδαῖ-</span> 
     </span>
    </p>
   </div>
   <div class='ocr_carea' id='block_1_63' title="bbox 1890 3856 3465 3934">
    <p class='ocr_par' dir='ltr' id='par_1_63' title="bbox 1890 3856 3465 3934">
     <span class='ocr_line' id='line_1_63' title="bbox 1890 3856 3465 3934; baseline -0.006 -15"><span class='ocrx_word' id='word_1_486' title='bbox 1890 3863 2204 3934; x_wconf 90' lang='lat' dir='ltr'><strong>sponderat,</strong></span> <span class='ocrx_word' id='word_1_487' title='bbox 2233 3861 2599 3932; x_wconf 88' lang='lat' dir='ltr'><strong>promissione</strong></span> <span class='ocrx_word' id='word_1_488' title='bbox 2627 3877 2727 3915; x_wconf 90' lang='lat' dir='ltr'><strong>sua</strong></span> <span class='ocrx_word' id='word_1_489' title='bbox 2750 3876 2941 3916; x_wconf 83' lang='lat' dir='ltr'><strong>omnes</strong></span> <span class='ocrx_word' id='word_1_490' title='bbox 2965 3859 3031 3914; x_wconf 88' lang='lat' dir='ltr'><strong>ad</strong></span> <span class='ocrx_word' id='word_1_491' title='bbox 3063 3859 3149 3914; x_wconf 92' lang='lat' dir='ltr'><strong>sui</strong></span> <span class='ocrx_word' id='word_1_492' title='bbox 3193 3856 3465 3927; x_wconf 84' lang='lat' dir='ltr'><strong>cognitio-</strong></span> 
     </span>
    </p>
   </div>
   <div class='ocr_carea' id='block_1_64' title="bbox 1889 3949 3458 4023">
    <p class='ocr_par' dir='ltr' id='par_1_64' title="bbox 1889 3949 3458 4023">
     <span class='ocr_line' id='line_1_64' title="bbox 1889 3949 3458 4023; baseline -0.004 -14"><span class='ocrx_word' id='word_1_493' title='bbox 1889 3970 2012 4009; x_wconf 89' lang='lat' dir='ltr'><strong>nem</strong></span> <span class='ocrx_word' id='word_1_494' title='bbox 2044 3954 2287 4009; x_wconf 78' lang='lat' dir='ltr'><strong>traduxit</strong></span> <span class='ocrx_word' id='word_1_495' title='bbox 2314 3954 2377 4007; x_wconf 76' lang='lat'><strong>“.</strong></span> <span class='ocrx_word' id='word_1_496' title='bbox 2406 3951 2544 4007; x_wconf 83' lang='lat' dir='ltr'><strong>Hinc</strong></span> <span class='ocrx_word' id='word_1_497' title='bbox 2572 3952 2739 4023; x_wconf 77' lang='lat' dir='ltr'><strong>igitur</strong></span> <span class='ocrx_word' id='word_1_498' title='bbox 2765 3951 2858 4006; x_wconf 93' lang='lat' dir='ltr'><strong>diu</strong></span> <span class='ocrx_word' id='word_1_499' title='bbox 2884 3954 2999 4021; x_wconf 89' lang='lat' dir='ltr'><strong>ipse</strong></span> <span class='ocrx_word' id='word_1_500' title='bbox 3025 3949 3236 4013; x_wconf 88' lang='lat' dir='ltr'><strong>distuli,</strong></span> <span class='ocrx_word' id='word_1_501' title='bbox 3256 3949 3458 4017; x_wconf 82' lang='lat' dir='ltr'><strong>vixque</strong></span> 
     </span>
    </p>
   </div>
   <div class='ocr_carea' id='block_1_65' title="bbox 1891 4040 3457 4112">
    <p class='ocr_par' dir='ltr' id='par_1_65' title="bbox 1891 4040 3457 4112">
     <span class='ocr_line' id='line_1_65' title="bbox 1891 4040 3457 4112; baseline -0.004 -12"><span class='ocrx_word' id='word_1_502' title='bbox 1891 4046 2131 4111; x_wconf 83' lang='lat' dir='ltr'><strong>tandem,</strong></span> <span class='ocrx_word' id='word_1_503' title='bbox 2158 4060 2351 4100; x_wconf 92' lang='lat' dir='ltr'><strong>eorum</strong></span> <span class='ocrx_word' id='word_1_504' title='bbox 2399 4054 2707 4099; x_wconf 82' lang='lat' dir='ltr'><strong>commotus</strong></span> <span class='ocrx_word' id='word_1_505' title='bbox 2752 4042 3084 4112; x_wconf 88' lang='lat' dir='ltr'><strong>impudentia</strong></span> <span class='ocrx_word' id='word_1_506' title='bbox 3118 4052 3171 4095; x_wconf 88' lang='lat' dir='ltr'><strong>et</strong></span> <span class='ocrx_word' id='word_1_507' title='bbox 3210 4040 3457 4109; x_wconf 88' lang='lat' dir='ltr'><strong>loquaci-</strong></span> 
     </span>
    </p>
   </div>
   <div class='ocr_carea' id='block_1_66' title="bbox 1889 4132 3456 4208">
    <p class='ocr_par' dir='ltr' id='par_1_66' title="bbox 1889 4132 3456 4208">
     <span class='ocr_line' id='line_1_66' title="bbox 1889 4132 3456 4208; baseline -0.004 -15"><span class='ocrx_word' id='word_1_508' title='bbox 1889 4147 2019 4204; x_wconf 82' lang='lat' dir='ltr'><strong>tate,</strong></span> <span class='ocrx_word' id='word_1_509' title='bbox 2061 4147 2155 4193; x_wconf 92' lang='lat' dir='ltr'><strong>tuo</strong></span> <span class='ocrx_word' id='word_1_510' title='bbox 2181 4152 2279 4208; x_wconf 92' lang='lat' dir='ltr'><strong>pro</strong></span> <span class='ocrx_word' id='word_1_511' title='bbox 2310 4137 2535 4192; x_wconf 80' lang='lat' dir='ltr'><strong>veritate</strong></span> <span class='ocrx_word' id='word_1_512' title='bbox 2563 4136 2702 4191; x_wconf 86' lang='lat' dir='ltr'><strong>cessi</strong></span> <span class='ocrx_word' id='word_1_513' title='bbox 2725 4134 2929 4189; x_wconf 86' lang='lat' dir='ltr'><strong>ardori.</strong></span> <span class='ocrx_word' id='word_1_514' title='bbox 2960 4132 3105 4187; x_wconf 88' lang='lat' dir='ltr'><strong>Nihil</strong></span> <span class='ocrx_word' id='word_1_515' title='bbox 3130 4144 3307 4187; x_wconf 84' lang='lat' dir='ltr'><strong>tamen</strong></span> <span class='ocrx_word' id='word_1_516' title='bbox 3333 4132 3456 4201; x_wconf 86' lang='lat' dir='ltr'><strong>plus</strong></span> 
     </span>
    </p>
   </div>
   <div class='ocr_carea' id='block_1_67' title="bbox 1887 4225 3457 4297">
    <p class='ocr_par' dir='ltr' id='par_1_67' title="bbox 1887 4225 3457 4297">
     <span class='ocr_line' id='line_1_67' title="bbox 1887 4225 3457 4297; baseline -0.004 -13"><span class='ocrx_word' id='word_1_517' title='bbox 1887 4228 2086 4284; x_wconf 90' lang='lat' dir='ltr'><strong>dictavi</strong></span> <span class='ocrx_word' id='word_1_518' title='bbox 2119 4227 2186 4283; x_wconf 91' lang='lat' dir='ltr'><strong>iis</strong></span> <span class='ocrx_word' id='word_1_519' title='bbox 2237 4243 2359 4297; x_wconf 58' lang='lat' dir='ltr'><strong>qua}</strong></span> <span class='ocrx_word' id='word_1_520' title='bbox 2392 4242 2422 4281; x_wconf 90' lang='lat' dir='ltr'><strong>a</strong></span> <span class='ocrx_word' id='word_1_521' title='bbox 2455 4236 2507 4281; x_wconf 92' lang='lat' dir='ltr'><strong>te</strong></span> <span class='ocrx_word' id='word_1_522' title='bbox 2555 4227 2757 4296; x_wconf 88' lang='lat' dir='ltr'><strong>scripta</strong></span> <span class='ocrx_word' id='word_1_523' title='bbox 2786 4234 2933 4291; x_wconf 89' lang='lat' dir='ltr'><strong>sunt,</strong></span> <span class='ocrx_word' id='word_1_524' title='bbox 2970 4234 3031 4278; x_wconf 91' lang='lat' dir='ltr'><strong>ut</strong></span> <span class='ocrx_word' id='word_1_525' title='bbox 3063 4225 3264 4295; x_wconf 82' lang='lat' dir='ltr'><strong>quibus</strong></span> <span class='ocrx_word' id='word_1_526' title='bbox 3294 4238 3457 4292; x_wconf 86' lang='lat' dir='ltr'><strong>repu-</strong></span> 
     </span>
    </p>
   </div>
   <div class='ocr_carea' id='block_1_68' title="bbox 1888 4313 3456 4390">
    <p class='ocr_par' dir='ltr' id='par_1_68' title="bbox 1888 4313 3456 4390">
     <span class='ocr_line' id='line_1_68' title="bbox 1888 4313 3456 4390; baseline -0.005 -17"><span class='ocrx_word' id='word_1_527' title='bbox 1888 4319 2072 4390; x_wconf 74' lang='lat' dir='ltr'><strong>gnavit</strong></span> <span class='ocrx_word' id='word_1_528' title='bbox 2106 4318 2473 4381; x_wconf 84' lang='lat' dir='ltr'><strong>adversarius,</strong></span> <span class='ocrx_word' id='word_1_529' title='bbox 2512 4318 2706 4373; x_wconf 87' lang='lat' dir='ltr'><strong>iisdem</strong></span> <span class='ocrx_word' id='word_1_530' title='bbox 2756 4318 2871 4388; x_wconf 88' lang='lat' dir='ltr'><strong>jam</strong></span> <span class='ocrx_word' id='word_1_531' title='bbox 2911 4329 3212 4386; x_wconf 81' lang='lat' dir='ltr'><strong>persuasus</strong></span> <span class='ocrx_word' id='word_1_532' title='bbox 3268 4313 3456 4383; x_wconf 85' lang='lat' dir='ltr'><strong>prohi-</strong></span> 
     </span>
    </p>
   </div>
   <div class='ocr_carea' id='block_1_69' title="bbox 1887 4408 3454 4482">
    <p class='ocr_par' dir='ltr' id='par_1_69' title="bbox 1887 4408 3454 4482">
     <span class='ocr_line' id='line_1_69' title="bbox 1887 4408 3454 4482; baseline -0.004 -16"><span class='ocrx_word' id='word_1_533' title='bbox 1887 4412 2012 4466; x_wconf 85' lang='lat' dir='ltr'><strong>beat</strong></span> <span class='ocrx_word' id='word_1_534' title='bbox 2044 4411 2286 4482; x_wconf 76' lang='lat' dir='ltr'><strong>linguam</strong></span> <span class='ocrx_word' id='word_1_535' title='bbox 2319 4425 2474 4464; x_wconf 91' lang='lat' dir='ltr'><strong>suam</strong></span> <span class='ocrx_word' id='word_1_536' title='bbox 2505 4425 2535 4463; x_wconf 91' lang='lat' dir='ltr'><strong>a</strong></span> <span class='ocrx_word' id='word_1_537' title='bbox 2566 4410 2732 4477; x_wconf 91' lang='lat' dir='ltr'><strong>malo,</strong></span> <span class='ocrx_word' id='word_1_538' title='bbox 2763 4418 2819 4464; x_wconf 89' lang='lat' dir='ltr'><strong>et</strong></span> <span class='ocrx_word' id='word_1_539' title='bbox 2844 4409 2987 4463; x_wconf 82' lang='lat' dir='ltr'><strong>labia</strong></span> <span class='ocrx_word' id='word_1_540' title='bbox 3015 4424 3112 4464; x_wconf 86' lang='lat' dir='ltr'><strong>sua</strong></span> <span class='ocrx_word' id='word_1_541' title='bbox 3136 4422 3203 4461; x_wconf 90' lang='lat' dir='ltr'><strong>ne</strong></span> <span class='ocrx_word' id='word_1_542' title='bbox 3227 4408 3454 4476; x_wconf 85' lang='lat' dir='ltr'><strong>loquan-</strong></span> 
     </span>
    </p>
   </div>
   <div class='ocr_carea' id='block_1_70' title="bbox 1890 4498 3459 4570">
    <p class='ocr_par' dir='ltr' id='par_1_70' title="bbox 1890 4498 3459 4570">
     <span class='ocr_line' id='line_1_70' title="bbox 1890 4498 3459 4570; baseline -0.003 -15"><span class='ocrx_word' id='word_1_543' title='bbox 1890 4510 1976 4556; x_wconf 90' lang='lat' dir='ltr'><strong>tur</strong></span> <span class='ocrx_word' id='word_1_544' title='bbox 2005 4502 2191 4557; x_wconf 88' lang='lat' dir='ltr'><strong>dolum</strong></span> <span class='ocrx_word' id='word_1_545' title='bbox 2226 4501 2290 4556; x_wconf 80' lang='grc'><strong>³⁷.</strong></span> <span class='ocrx_word' id='word_1_546' title='bbox 2345 4498 2565 4555; x_wconf 90' lang='lat' dir='ltr'><strong>Utinam</strong></span> <span class='ocrx_word' id='word_1_547' title='bbox 2598 4516 2723 4555; x_wconf 89' lang='lat' dir='ltr'><strong>vero</strong></span> <span class='ocrx_word' id='word_1_548' title='bbox 2751 4515 2862 4554; x_wconf 90' lang='lat' dir='ltr'><strong>non</strong></span> <span class='ocrx_word' id='word_1_549' title='bbox 2911 4500 3143 4570; x_wconf 88' lang='lat' dir='ltr'><strong>amplius</strong></span> <span class='ocrx_word' id='word_1_550' title='bbox 3165 4513 3288 4553; x_wconf 93' lang='lat' dir='ltr'><strong>cum</strong></span> <span class='ocrx_word' id='word_1_551' title='bbox 3320 4512 3459 4567; x_wconf 68' lang='lat' dir='ltr'><strong>pra:-</strong></span> 
     </span>
    </p>
   </div>
   <div class='ocr_carea' id='block_1_71' title="bbox 1886 4590 3457 4660">
    <p class='ocr_par' dir='ltr' id='par_1_71' title="bbox 1886 4590 3457 4660">
     <span class='ocr_line' id='line_1_71' title="bbox 1886 4590 3457 4660; baseline -0.005 -12"><span class='ocrx_word' id='word_1_552' title='bbox 1886 4594 2229 4648; x_wconf 84' lang='lat' dir='ltr'><strong>tereuntibus</strong></span> <span class='ocrx_word' id='word_1_553' title='bbox 2253 4600 2387 4648; x_wconf 89' lang='lat' dir='ltr'><strong>tunc</strong></span> <span class='ocrx_word' id='word_1_554' title='bbox 2415 4590 2616 4648; x_wconf 71' lang='lat' dir='ltr'><strong>Judazis</strong></span> <span class='ocrx_word' id='word_1_555' title='bbox 2653 4607 2921 4660; x_wconf 86' lang='lat' dir='ltr'><strong>suspenso</strong></span> <span class='ocrx_word' id='word_1_556' title='bbox 2967 4592 3021 4645; x_wconf 93' lang='lat' dir='ltr'><strong>in</strong></span> <span class='ocrx_word' id='word_1_557' title='bbox 3057 4606 3219 4646; x_wconf 89' lang='lat' dir='ltr'><strong>cruce</strong></span> <span class='ocrx_word' id='word_1_558' title='bbox 3262 4602 3457 4658; x_wconf 79' lang='lat' dir='ltr'><strong>expro-</strong></span> 
     </span>
    </p>
   </div>
   <div class='ocr_carea' id='block_1_72' title="bbox 1889 4678 3452 4751">
    <p class='ocr_par' dir='ltr' id='par_1_72' title="bbox 1889 4678 3452 4751">
     <span class='ocr_line' id='line_1_72' title="bbox 1889 4678 3452 4751; baseline -0.004 -13"><span class='ocrx_word' id='word_1_559' title='bbox 1889 4684 2069 4750; x_wconf 90' lang='lat' dir='ltr'><strong>brent,</strong></span> <span class='ocrx_word' id='word_1_560' title='bbox 2110 4680 2168 4737; x_wconf 91' lang='lat' dir='ltr'><strong>Si</strong></span> <span class='ocrx_word' id='word_1_561' title='bbox 2199 4681 2373 4737; x_wconf 90' lang='lat' dir='ltr'><strong>Filius</strong></span> <span class='ocrx_word' id='word_1_562' title='bbox 2421 4680 2519 4736; x_wconf 86' lang='lat' dir='ltr'><strong>Dei</strong></span> <span class='ocrx_word' id='word_1_563' title='bbox 2550 4693 2658 4748; x_wconf 82' lang='lat' dir='ltr'><strong>est,</strong></span> <span class='ocrx_word' id='word_1_564' title='bbox 2684 4682 2925 4751; x_wconf 89' lang='lat' dir='ltr'><strong>seipsum</strong></span> <span class='ocrx_word' id='word_1_565' title='bbox 2953 4681 3165 4736; x_wconf 87' lang='lat' dir='ltr'><strong>salvum</strong></span> <span class='ocrx_word' id='word_1_566' title='bbox 3207 4679 3365 4735; x_wconf 82' lang='lat' dir='ltr'><strong>faciet</strong></span> <span class='ocrx_word' id='word_1_567' title='bbox 3388 4678 3452 4731; x_wconf 83' lang='grc'>¹⁸.</span> 
     </span>
    </p>
   </div>
   <div class='ocr_carea' id='block_1_73' title="bbox 1887 4770 3455 4844">
    <p class='ocr_par' dir='ltr' id='par_1_73' title="bbox 1887 4770 3455 4844">
     <span class='ocr_line' id='line_1_73' title="bbox 1887 4770 3455 4844; baseline -0.003 -14"><span class='ocrx_word' id='word_1_568' title='bbox 1887 4775 2043 4842; x_wconf 83' lang='lat' dir='ltr'><strong>Quod</strong></span> <span class='ocrx_word' id='word_1_569' title='bbox 2072 4776 2118 4831; x_wconf 88' lang='lat' dir='ltr'><strong>si</strong></span> <span class='ocrx_word' id='word_1_570' title='bbox 2137 4790 2236 4830; x_wconf 89' lang='lat' dir='ltr'><strong>nec</strong></span> <span class='ocrx_word' id='word_1_571' title='bbox 2252 4775 2333 4830; x_wconf 91' lang='lat' dir='ltr'><strong>sic</strong></span> <span class='ocrx_word' id='word_1_572' title='bbox 2350 4775 2472 4829; x_wconf 85' lang='lat' dir='ltr'><strong>illos</strong></span> <span class='ocrx_word' id='word_1_573' title='bbox 2489 4790 2601 4829; x_wconf 74' lang='lat' dir='ltr'><strong>sua:</strong></span> <span class='ocrx_word' id='word_1_574' title='bbox 2620 4774 2865 4828; x_wconf 85' lang='lat' dir='ltr'><strong>audaciae</strong></span> <span class='ocrx_word' id='word_1_575' title='bbox 2890 4772 3109 4844; x_wconf 80' lang='lat' dir='ltr'><strong>pudeat,</strong></span> <span class='ocrx_word' id='word_1_576' title='bbox 3129 4782 3183 4827; x_wconf 92' lang='lat' dir='ltr'><strong>tu</strong></span> <span class='ocrx_word' id='word_1_577' title='bbox 3203 4770 3455 4842; x_wconf 64' lang='lat' dir='ltr'><strong>praecepti</strong></span> 
     </span>
    </p>
   </div>
   <div class='ocr_carea' id='block_1_74' title="bbox 1887 4864 3457 4934">
    <p class='ocr_par' dir='ltr' id='par_1_74' title="bbox 1887 4864 3457 4934">
     <span class='ocr_line' id='line_1_74' title="bbox 1887 4864 3457 4934; baseline -0.002 -16"><span class='ocrx_word' id='word_1_578' title='bbox 1887 4866 2170 4934; x_wconf 89' lang='lat' dir='ltr'><strong>apostolici</strong></span> <span class='ocrx_word' id='word_1_579' title='bbox 2200 4878 2429 4930; x_wconf 89' lang='lat' dir='ltr'><strong>memor,</strong></span> <span class='ocrx_word' id='word_1_580' title='bbox 2483 4864 2788 4918; x_wconf 75' lang='lat' dir='ltr'><strong>Izwreticum</strong></span> <span class='ocrx_word' id='word_1_581' title='bbox 2813 4864 3074 4918; x_wconf 84' lang='lat' dir='ltr'><strong>hominem</strong></span> <span class='ocrx_word' id='word_1_582' title='bbox 3087 4872 3202 4933; x_wconf 84' lang='lat' dir='ltr'><strong>post</strong></span> <span class='ocrx_word' id='word_1_583' title='bbox 3230 4879 3390 4915; x_wconf 88' lang='lat' dir='ltr'><strong>unam</strong></span> <span class='ocrx_word' id='word_1_584' title='bbox 3403 4870 3457 4917; x_wconf 78' lang='lat' dir='ltr'><strong>et</strong></span> 
     </span>
    </p>
   </div>
   <div class='ocr_carea' id='block_1_75' title="bbox 1886 4953 3454 5025">
    <p class='ocr_par' dir='ltr' id='par_1_75' title="bbox 1886 4953 3454 5025">
     <span class='ocr_line' id='line_1_75' title="bbox 1886 4953 3454 5025; baseline -0.003 -15"><span class='ocrx_word' id='word_1_585' title='bbox 1886 4954 2168 5010; x_wconf 80' lang='lat' dir='ltr'><strong>secundam</strong></span> <span class='ocrx_word' id='word_1_586' title='bbox 2214 4955 2597 5025; x_wconf 80' lang='lat' dir='ltr'><strong>correptionem</strong></span> <span class='ocrx_word' id='word_1_587' title='bbox 2635 4956 2830 5022; x_wconf 84' lang='lat' dir='ltr'><strong>devita,</strong></span> <span class='ocrx_word' id='word_1_588' title='bbox 2868 4956 3036 5010; x_wconf 83' lang='lat' dir='ltr'><strong>sciens</strong></span> <span class='ocrx_word' id='word_1_589' title='bbox 3073 4955 3201 5025; x_wconf 90' lang='lat' dir='ltr'><strong>quia</strong></span> <span class='ocrx_word' id='word_1_590' title='bbox 3238 4953 3454 5007; x_wconf 82' lang='lat' dir='ltr'><strong>subver-</strong></span> 
     </span>
    </p>
   </div>
   <div class='ocr_carea' id='block_1_76' title="bbox 1887 5047 3454 5117">
    <p class='ocr_par' dir='ltr' id='par_1_76' title="bbox 1887 5047 3454 5117">
     <span class='ocr_line' id='line_1_76' title="bbox 1887 5047 3454 5117; baseline -0.001 -16"><span class='ocrx_word' id='word_1_591' title='bbox 1887 5064 1976 5101; x_wconf 84' lang='lat' dir='ltr'><strong>sus</strong></span> <span class='ocrx_word' id='word_1_592' title='bbox 2006 5058 2085 5102; x_wconf 87' lang='lat' dir='ltr'><strong>est</strong></span> <span class='ocrx_word' id='word_1_593' title='bbox 2112 5050 2204 5117; x_wconf 86' lang='lat' dir='ltr'><strong>qui</strong></span> <span class='ocrx_word' id='word_1_594' title='bbox 2235 5048 2499 5116; x_wconf 83' lang='lat' dir='ltr'><strong>ejusmodi</strong></span> <span class='ocrx_word' id='word_1_595' title='bbox 2542 5056 2641 5112; x_wconf 86' lang='lat' dir='ltr'><strong>est,</strong></span> <span class='ocrx_word' id='word_1_596' title='bbox 2677 5058 2725 5102; x_wconf 87' lang='lat' dir='ltr'><strong>et</strong></span> <span class='ocrx_word' id='word_1_597' title='bbox 2774 5047 3058 5117; x_wconf 83' lang='lat' dir='ltr'><strong>delinquit,</strong></span> <span class='ocrx_word' id='word_1_598' title='bbox 3087 5063 3205 5101; x_wconf 87' lang='lat' dir='ltr'><strong>cum</strong></span> <span class='ocrx_word' id='word_1_599' title='bbox 3237 5048 3307 5101; x_wconf 86' lang='lat' dir='ltr'><strong>sit</strong></span> <span class='ocrx_word' id='word_1_600' title='bbox 3329 5062 3454 5115; x_wconf 75' lang='lat' dir='ltr'><strong>pio-</strong></span> 
     </span>
    </p>
   </div>
   <div class='ocr_carea' id='block_1_77' title="bbox 1886 5139 3451 5214">
    <p class='ocr_par' dir='ltr' id='par_1_77' title="bbox 1886 5139 3451 5214">
     <span class='ocr_line' id='line_1_77' title="bbox 1886 5139 3451 5214; baseline -0.002 -18"><span class='ocrx_word' id='word_1_601' title='bbox 1886 5143 2002 5214; x_wconf 85' lang='lat' dir='ltr'><strong>prio</strong></span> <span class='ocrx_word' id='word_1_602' title='bbox 2045 5141 2254 5212; x_wconf 85' lang='lat' dir='ltr'><strong>judicio</strong></span> <span class='ocrx_word' id='word_1_603' title='bbox 2286 5142 2664 5196; x_wconf 85' lang='lat' dir='ltr'><strong>condemnatus</strong></span> <span class='ocrx_word' id='word_1_604' title='bbox 2691 5143 2755 5194; x_wconf 65' lang='lat'><strong>‘9.</strong></span> <span class='ocrx_word' id='word_1_605' title='bbox 2787 5139 2921 5196; x_wconf 86' lang='lat' dir='ltr'><strong>Nam</strong></span> <span class='ocrx_word' id='word_1_606' title='bbox 2974 5141 3020 5196; x_wconf 90' lang='lat' dir='ltr'><strong>si</strong></span> <span class='ocrx_word' id='word_1_607' title='bbox 3068 5140 3297 5211; x_wconf 60' lang='lat' dir='ltr'><strong>gentiles</strong></span> <span class='ocrx_word' id='word_1_608' title='bbox 3327 5146 3451 5194; x_wconf 89' lang='lat' dir='ltr'><strong>sunt</strong></span> 
     </span>
    </p>
   </div>
   <div class='ocr_carea' id='block_1_78' title="bbox 206 5219 1787 5302">
    <p class='ocr_par' dir='ltr' id='par_1_78' title="bbox 206 5219 1778 5301">
     <span class='ocr_line' id='line_1_78' title="bbox 206 5219 1778 5301; baseline 0.005 -26"><span class='ocrx_word' id='word_1_609' title='bbox 206 5219 409 5287; x_wconf 78' lang='grc' dir='ltr'>ζόντων</span> <span class='ocrx_word' id='word_1_610' title='bbox 439 5223 551 5293; x_wconf 70' lang='lat'><strong>(24)</strong></span> <span class='ocrx_word' id='word_1_611' title='bbox 591 5224 729 5278; x_wconf 81' lang='grc' dir='ltr'>είσὶν</span> <span class='ocrx_word' id='word_1_612' title='bbox 757 5224 807 5277; x_wconf 91' lang='grc' dir='ltr'><strong>οί</strong></span> <span class='ocrx_word' id='word_1_613' title='bbox 849 5224 918 5279; x_wconf 90' lang='grc' dir='ltr'><strong>τά</strong></span> <span class='ocrx_word' id='word_1_614' title='bbox 959 5225 1184 5280; x_wconf 81' lang='grc' dir='ltr'>τοιαῦτα</span> <span class='ocrx_word' id='word_1_615' title='bbox 1220 5226 1544 5298; x_wconf 83' lang='grc' dir='ltr'>τολμῶντες,</span> <span class='ocrx_word' id='word_1_616' title='bbox 1574 5228 1650 5293; x_wconf 86' lang='grc' dir='ltr'>ὡς</span> <span class='ocrx_word' id='word_1_617' title='bbox 1679 5229 1778 5301; x_wconf 88' lang='grc' dir='ltr'>μὲν</span> 
     </span>
    </p>
   </div>
   <div class='ocr_carea' id='block_1_79' title="bbox 1892 5219 3451 5302">
    <p class='ocr_par' dir='ltr' id='par_1_79' title="bbox 1892 5229 3451 5302">
     <span class='ocr_line' id='line_1_79' title="bbox 1892 5229 3451 5302; baseline -0.001 -17"><span class='ocrx_word' id='word_1_618' title='bbox 1892 5240 1979 5286; x_wconf 76' lang='lat' dir='ltr'><strong>aut</strong></span> <span class='ocrx_word' id='word_1_619' title='bbox 2001 5247 2068 5286; x_wconf 82' lang='lat' dir='ltr'><strong>ex</strong></span> <span class='ocrx_word' id='word_1_620' title='bbox 2114 5230 2519 5286; x_wconf 88' lang='lat' dir='ltr'><strong>Judaizantium</strong></span> <span class='ocrx_word' id='word_1_621' title='bbox 2555 5246 2785 5288; x_wconf 90' lang='lat' dir='ltr'><strong>numero</strong></span> <span class='ocrx_word' id='word_1_622' title='bbox 2826 5231 2923 5302; x_wconf 92' lang='lat' dir='ltr'><strong>qui</strong></span> <span class='ocrx_word' id='word_1_623' title='bbox 2952 5230 3084 5285; x_wconf 86' lang='lat' dir='ltr'><strong>talia</strong></span> <span class='ocrx_word' id='word_1_624' title='bbox 3116 5231 3338 5294; x_wconf 90' lang='lat' dir='ltr'><strong>audent,</strong></span> <span class='ocrx_word' id='word_1_625' title='bbox 3375 5229 3451 5284; x_wconf 90' lang='lat' dir='ltr'><strong>illi</strong></span> 
     </span>
    </p>
   </div>
   <div class='ocr_carea' id='block_1_80' title="bbox 280 5333 1395 5407">
    <p class='ocr_par' dir='ltr' id='par_1_80' title="bbox 280 5333 1395 5407">
     <span class='ocr_line' id='line_1_80' title="bbox 280 5333 1395 5407; baseline 0.008 -20"><span class='ocrx_word' id='word_1_626' title='bbox 280 5334 324 5365; x_wconf 83' lang='grc'>³³</span> <span class='ocrx_word' id='word_1_627' title='bbox 364 5334 383 5388; x_wconf 90' lang='lat' dir='ltr'><strong>l</strong></span> <span class='ocrx_word' id='word_1_628' title='bbox 413 5333 556 5407; x_wconf 74' lang='lat' dir='ltr'><strong>Tim.</strong></span> <span class='ocrx_word' id='word_1_629' title='bbox 590 5352 628 5407; x_wconf 89' lang='grc' dir='ltr'><strong>ι,</strong></span> <span class='ocrx_word' id='word_1_630' title='bbox 656 5335 711 5407; x_wconf 28' lang='grc' dir='ltr'><strong><em>Ἰᾉ</em></strong></span> <span class='ocrx_word' id='word_1_631' title='bbox 806 5338 851 5370; x_wconf 64' lang='grc' dir='ltr'><strong>ιι</strong></span> <span class='ocrx_word' id='word_1_632' title='bbox 889 5337 1078 5392; x_wconf 87' lang='lat' dir='ltr'><strong>Matth.</strong></span> <span class='ocrx_word' id='word_1_633' title='bbox 1106 5356 1277 5407; x_wconf 70' lang='lat' dir='ltr'><strong>xxvn,</strong></span> <span class='ocrx_word' id='word_1_634' title='bbox 1305 5341 1395 5396; x_wconf 70' lang='grc'><strong>24.</strong></span> 
     </span>
    </p>
   </div>
   <div class='ocr_carea' id='block_1_81' title="bbox 209 5403 1129 5472">
    <p class='ocr_par' dir='ltr' id='par_1_81' title="bbox 209 5403 1129 5472">
     <span class='ocr_line' id='line_1_81' title="bbox 209 5403 1129 5472; baseline 0.005 -13"><span class='ocrx_word' id='word_1_635' title='bbox 209 5418 384 5465; x_wconf 78' lang='lat' dir='ltr'><strong>xxvn.</strong></span> <span class='ocrx_word' id='word_1_636' title='bbox 419 5403 508 5458; x_wconf 71' lang='grc'><strong>40.</strong></span> <span class='ocrx_word' id='word_1_637' title='bbox 588 5406 631 5438; x_wconf 81' lang='grc'><strong>⁸⁹</strong></span> <span class='ocrx_word' id='word_1_638' title='bbox 671 5405 779 5464; x_wconf 87' lang='lat' dir='ltr'><strong>Tit.</strong></span> <span class='ocrx_word' id='word_1_639' title='bbox 813 5423 897 5472; x_wconf 88' lang='lat' dir='ltr'><strong>tn,</strong></span> <span class='ocrx_word' id='word_1_640' title='bbox 932 5408 1017 5471; x_wconf 79' lang='grc'><strong>10,</strong></span> <span class='ocrx_word' id='word_1_641' title='bbox 1042 5411 1129 5464; x_wconf 79' lang='lat' dir='ltr'><strong>ll.</strong></span> 
     </span>
    </p>
   </div>
   <div class='ocr_carea' id='block_1_82' title="bbox 281 5498 1776 5585">
    <p class='ocr_par' dir='ltr' id='par_1_82' title="bbox 281 5498 1776 5585">
     <span class='ocr_line' id='line_1_82' title="bbox 281 5498 1776 5585; baseline 0.009 -34"><span class='ocrx_word' id='word_1_642' title='bbox 281 5498 417 5585; x_wconf 38' lang='lat'><strong>(21).</strong></span> <span class='ocrx_word' id='word_1_643' title='bbox 433 5501 643 5585; x_wconf 70' lang='lat' dir='ltr'><strong>Scripta</strong></span> <span class='ocrx_word' id='word_1_644' title='bbox 675 5517 819 5585; x_wconf 61' lang='lat' dir='ltr'><strong>autne</strong></span> <span class='ocrx_word' id='word_1_645' title='bbox 835 5504 1050 5585; x_wconf 78' lang='lat' dir='ltr'><strong>circiter</strong></span> <span class='ocrx_word' id='word_1_646' title='bbox 1072 5505 1776 5585; x_wconf 24' lang='lat' dir='ltr'><strong>37l.‘-_-_-Basi|.,‘éitlaxor:ov</strong></span> 
     </span>
    </p>
   </div>
   <div class='ocr_carea' id='block_1_83' title="bbox 207 5570 1783 5703">
    <p class='ocr_par' dir='ltr' id='par_1_83' title="bbox 207 5570 1783 5703">
     <span class='ocr_line' id='line_1_83' title="bbox 207 5570 1783 5694; baseline 0.008 -71"><span class='ocrx_word' id='word_1_647' title='bbox 207 5584 309 5694; x_wconf 69' lang='lat' dir='ltr'><strong>pro</strong></span> <span class='ocrx_word' id='word_1_648' title='bbox 340 5570 645 5652; x_wconf 69' lang='grc' dir='ltr'>φιλόσοφον.</span> <span class='ocrx_word' id='word_1_649' title='bbox 676 5571 742 5654; x_wconf 41' lang='lat' dir='ltr'><strong>In.</strong></span> <span class='ocrx_word' id='word_1_650' title='bbox 763 5572 1097 5655; x_wconf 71' lang='lat' dir='ltr'><strong>segueriano</strong></span> <span class='ocrx_word' id='word_1_651' title='bbox 1130 5577 1311 5657; x_wconf 69' lang='lat' dir='ltr'><strong>nullus</strong></span> <span class='ocrx_word' id='word_1_652' title='bbox 1333 5578 1630 5659; x_wconf 46' lang='lat' dir='ltr'><strong>praeligigur</strong></span> <span class='ocrx_word' id='word_1_653' title='bbox 1660 5580 1783 5635; x_wconf 86' lang='lat' dir='ltr'><strong>titu-</strong></span> 
     </span>
     <span class='ocr_line' id='line_1_84' title="bbox 231 5643 1743 5703; baseline 0.007 -10"><span class='ocrx_word' id='word_1_654' title='bbox 231 5653 317 5701; x_wconf 83' lang='lat' dir='ltr'><strong>us,</strong></span> <span class='ocrx_word' id='word_1_655' title='bbox 351 5643 445 5693; x_wconf 86' lang='lat' dir='ltr'><strong>sed</strong></span> <span class='ocrx_word' id='word_1_656' title='bbox 480 5643 604 5696; x_wconf 81' lang='lat' dir='ltr'><strong>aliis</strong></span> <span class='ocrx_word' id='word_1_657' title='bbox 636 5656 857 5698; x_wconf 70' lang='lat' dir='ltr'><strong>omissus</strong></span> <span class='ocrx_word' id='word_1_658' title='bbox 891 5653 1167 5703; x_wconf 77' lang='lat' dir='ltr'><strong>lnCIDllUI&#39;.</strong></span> <span class='ocrx_word' id='word_1_659' title='bbox 1208 5664 1285 5703; x_wconf 83' lang='grc' dir='ltr'><strong>τω</strong></span> <span class='ocrx_word' id='word_1_660' title='bbox 1314 5649 1600 5703; x_wconf 83' lang='grc' dir='ltr'>ἀγαπητω.</span> <span class='ocrx_word' id='word_1_661' title='bbox 1639 5658 1743 5703; x_wconf 87' lang='lat' dir='ltr'><strong>etc.</strong></span> 
     </span>
    </p>
   </div>
   <div class='ocr_carea' id='block_1_84' title="bbox 282 5660 1776 5785">
    <p class='ocr_par' dir='ltr' id='par_1_84' title="bbox 282 5660 1776 5785">
     <span class='ocr_line' id='line_1_85' title="bbox 282 5660 1743 5718; baseline 0.007 -25"><span class='ocrx_word' id='word_1_662' title='bbox 282 5660 317 5701; x_wconf 71' lang='grc' dir='ltr'>ς,</span> <span class='ocrx_word' id='word_1_663' title='bbox 351 5660 445 5693; x_wconf 78' lang='lat' dir='ltr'><strong>seu</strong></span> <span class='ocrx_word' id='word_1_664' title='bbox 480 5660 604 5718; x_wconf 65' lang='lat' dir='ltr'><strong>atus</strong></span> <span class='ocrx_word' id='word_1_665' title='bbox 636 5660 857 5698; x_wconf 81' lang='lat' dir='ltr'><strong>OllllSSlS</strong></span> <span class='ocrx_word' id='word_1_666' title='bbox 891 5660 1167 5713; x_wconf 83' lang='lat' dir='ltr'><strong>Inetpttttt&#39;,</strong></span> <span class='ocrx_word' id='word_1_667' title='bbox 1208 5664 1285 5716; x_wconf 86' lang='grc' dir='ltr'>τῳ</span> <span class='ocrx_word' id='word_1_668' title='bbox 1314 5660 1600 5718; x_wconf 86' lang='grc' dir='ltr'>αγαπητῳ,</span> <span class='ocrx_word' id='word_1_669' title='bbox 1639 5660 1743 5703; x_wconf 86' lang='lat' dir='ltr'><strong>etc.</strong></span> 
     </span>
     <span class='ocr_line' id='line_1_86' title="bbox 282 5707 1776 5785; baseline 0.006 -23"><span class='ocrx_word' id='word_1_670' title='bbox 282 5707 395 5779; x_wconf 72' lang='lat'><strong>(22)</strong></span> <span class='ocrx_word' id='word_1_671' title='bbox 439 5707 529 5765; x_wconf 83' lang='lat' dir='ltr'><strong>Sic</strong></span> <span class='ocrx_word' id='word_1_672' title='bbox 564 5711 789 5784; x_wconf 71' lang='lat' dir='ltr'><strong>Seguer.</strong></span> <span class='ocrx_word' id='word_1_673' title='bbox 822 5723 875 5770; x_wconf 88' lang='lat' dir='ltr'><strong>et</strong></span> <span class='ocrx_word' id='word_1_674' title='bbox 903 5712 1069 5771; x_wconf 88' lang='lat' dir='ltr'><strong>Basil.</strong></span> <span class='ocrx_word' id='word_1_675' title='bbox 1100 5715 1205 5771; x_wconf 86' lang='lat' dir='ltr'><strong>Alii</strong></span> <span class='ocrx_word' id='word_1_676' title='bbox 1238 5731 1365 5774; x_wconf 90' lang='lat' dir='ltr'><strong>vero</strong></span> <span class='ocrx_word' id='word_1_677' title='bbox 1396 5727 1450 5773; x_wconf 90' lang='lat' dir='ltr'><strong>et</strong></span> <span class='ocrx_word' id='word_1_678' title='bbox 1475 5719 1625 5785; x_wconf 79' lang='lat' dir='ltr'><strong>editi,</strong></span> <span class='ocrx_word' id='word_1_679' title='bbox 1662 5717 1776 5771; x_wconf 69' lang='grc' dir='ltr'>ἐδει-</span> 
     </span>
    </p>
   </div>
   <div class='ocr_carea' id='block_1_85' title="bbox 1493 5343 1821 5400">
    <p class='ocr_par' dir='ltr' id='par_1_85' title="bbox 1493 5343 1821 5400">
     <span class='ocr_line' id='line_1_87' title="bbox 1493 5343 1821 5400; baseline 0.006 -2"><span class='ocrx_word' id='word_1_680' title='bbox 1493 5343 1537 5376; x_wconf 83' lang='grc'>¹⁸</span> <span class='ocrx_word' id='word_1_681' title='bbox 1576 5344 1708 5400; x_wconf 88' lang='lat' dir='ltr'><strong>ibid.</strong></span> <span class='ocrx_word' id='word_1_682' title='bbox 1735 5345 1821 5400; x_wconf 84' lang='grc'><strong>19.</strong></span> 
     </span>
    </p>
   </div>
   <div class='ocr_carea' id='block_1_86' title="bbox 1927 5344 3447 5412">
    <p class='ocr_par' dir='ltr' id='par_1_86' title="bbox 1927 5344 3447 5412">
     <span class='ocr_line' id='line_1_88' title="bbox 1927 5344 3447 5412; baseline 0.001 -12"><span class='ocrx_word' id='word_1_683' title='bbox 1927 5346 1974 5378; x_wconf 82' lang='grc'><strong>¹⁶</strong></span> <span class='ocrx_word' id='word_1_684' title='bbox 2002 5346 2361 5412; x_wconf 78' lang='lat' dir='ltr'><strong>Matth.xxvt,</strong></span> <span class='ocrx_word' id='word_1_685' title='bbox 2393 5345 2480 5403; x_wconf 79' lang='grc'><strong>63.</strong></span> <span class='ocrx_word' id='word_1_686' title='bbox 2560 5346 2602 5378; x_wconf 79' lang='lat'>&quot;</span> <span class='ocrx_word' id='word_1_687' title='bbox 2642 5345 2787 5402; x_wconf 86' lang='lat' dir='ltr'><strong>Psal.</strong></span> <span class='ocrx_word' id='word_1_688' title='bbox 2819 5362 3013 5412; x_wconf 68' lang='grc' dir='ltr'>χχχιιι,</span> <span class='ocrx_word' id='word_1_689' title='bbox 3044 5344 3097 5399; x_wconf 81' lang='grc'>1.</span> <span class='ocrx_word' id='word_1_690' title='bbox 3176 5346 3221 5377; x_wconf 81' lang='grc'>¹⁸</span> <span class='ocrx_word' id='word_1_691' title='bbox 3256 5345 3447 5403; x_wconf 78' lang='lat' dir='ltr'><strong>Matth.</strong></span> 
     </span>
    </p>
   </div>
   <div class='ocr_carea' id='block_1_87' title="bbox 1883 5507 3448 5591">
    <p class='ocr_par' dir='ltr' id='par_1_87' title="bbox 1883 5507 3448 5591">
     <span class='ocr_line' id='line_1_89' title="bbox 1883 5507 3448 5591; baseline 0.001 -25"><span class='ocrx_word' id='word_1_692' title='bbox 1883 5507 2217 5591; x_wconf 72' lang='grc' dir='ltr'>ξάμην.Μοκ</span> <span class='ocrx_word' id='word_1_693' title='bbox 2233 5524 2300 5589; x_wconf 78' lang='lat' dir='ltr'><strong>ex</strong></span> <span class='ocrx_word' id='word_1_694' title='bbox 2330 5508 2551 5579; x_wconf 76' lang='lat' dir='ltr'><strong>Seguer.</strong></span> <span class='ocrx_word' id='word_1_695' title='bbox 2570 5509 2887 5578; x_wconf 86' lang='lat' dir='ltr'><strong>particulam</strong></span> <span class='ocrx_word' id='word_1_696' title='bbox 2917 5510 2989 5581; x_wconf 88' lang='grc' dir='ltr'>μή</span> <span class='ocrx_word' id='word_1_697' title='bbox 3020 5509 3072 5563; x_wconf 91' lang='lat' dir='ltr'><strong>in</strong></span> <span class='ocrx_word' id='word_1_698' title='bbox 3105 5508 3265 5565; x_wconf 85' lang='lat' dir='ltr'><strong>editis</strong></span> <span class='ocrx_word' id='word_1_699' title='bbox 3281 5510 3448 5567; x_wconf 83' lang='lat' dir='ltr'><strong>omis-</strong></span> 
     </span>
    </p>
   </div>
   <div class='ocr_carea' id='block_1_88' title="bbox 1884 5588 2477 5638">
    <p class='ocr_par' dir='ltr' id='par_1_88' title="bbox 1884 5588 2477 5638">
     <span class='ocr_line' id='line_1_90' title="bbox 1884 5588 2477 5638; baseline -0.007 0"><span class='ocrx_word' id='word_1_700' title='bbox 1884 5597 2000 5638; x_wconf 72' lang='lat' dir='ltr'><strong>Sﬂln</strong></span> <span class='ocrx_word' id='word_1_701' title='bbox 2036 5588 2394 5634; x_wconf 72' lang='grc' dir='ltr'>τθειιιιιιιιιιιε.</span> <span class='ocrx_word' id='word_1_702' title='bbox 2474 5610 2477 5613; x_wconf 57' lang='grc' dir='ltr'><strong>λ</strong></span> 
     </span>
    </p>
   </div>
   <div class='ocr_carea' id='block_1_89' title="bbox 1953 5644 3094 5776">
    <p class='ocr_par' dir='ltr' id='par_1_89' title="bbox 1953 5644 3094 5776">
     <span class='ocr_line' id='line_1_91' title="bbox 1953 5644 3094 5776; baseline -0.001 -73"><span class='ocrx_word' id='word_1_703' title='bbox 1953 5649 2067 5776; x_wconf 54' lang='grc' dir='ltr'>(εἵη</span> <span class='ocrx_word' id='word_1_704' title='bbox 2105 5644 2258 5702; x_wconf 72' lang='grc' dir='ltr'>Εἶναι</span> <span class='ocrx_word' id='word_1_705' title='bbox 2288 5650 2444 5729; x_wconf 72' lang='lat' dir='ltr'><strong>abest</strong></span> <span class='ocrx_word' id='word_1_706' title='bbox 2474 5664 2503 5702; x_wconf 93' lang='lat' dir='ltr'><strong>a</strong></span> <span class='ocrx_word' id='word_1_707' title='bbox 2532 5647 2751 5729; x_wconf 50' lang='lat' dir='ltr'><strong>(iobleg.</strong></span> <span class='ocrx_word' id='word_1_708' title='bbox 2781 5659 2834 5701; x_wconf 87' lang='lat' dir='ltr'><strong>et</strong></span> <span class='ocrx_word' id='word_1_709' title='bbox 2869 5646 3008 5733; x_wconf 61' lang='grc' dir='ltr'>ιαύις.</span> <span class='ocrx_word' id='word_1_710' title='bbox 3041 5649 3094 5703; x_wconf 82' lang='lat' dir='ltr'><strong>l.</strong></span> 
     </span>
     <span class='ocr_line' id='line_1_92' title="bbox 1953 5715 3094 5776; baseline -0.004 0"><span class='ocrx_word' id='word_1_711' title='bbox 1953 5720 2039 5776; x_wconf 70' lang='grc'><strong>(24</strong></span> <span class='ocrx_word' id='word_1_712' title='bbox 2103 5715 2487 5776; x_wconf 69' lang='lat' dir='ltr'><strong>Seauertanus.</strong></span> <span class='ocrx_word' id='word_1_713' title='bbox 2518 5735 2625 5772; x_wconf 83' lang='grc' dir='ltr'><strong>των</strong></span> <span class='ocrx_word' id='word_1_714' title='bbox 2655 5736 2749 5773; x_wconf 85' lang='grc' dir='ltr'><strong>νυν</strong></span> <span class='ocrx_word' id='word_1_715' title='bbox 2788 5717 3094 5776; x_wconf 76' lang='grc' dir='ltr'>Ἰουδαιζὸντ</span> 
     </span>
    </p>
   </div>
   <div class='ocr_carea' id='block_1_90' title="bbox 1951 5715 3191 5789">
    <p class='ocr_par' dir='ltr' id='par_1_90' title="bbox 1951 5715 3191 5789">
     <span class='ocr_line' id='line_1_93' title="bbox 1951 5715 3191 5789; baseline 0.001 -16"><span class='ocrx_word' id='word_1_716' title='bbox 1951 5715 2062 5787; x_wconf 62' lang='grc'><strong>(248</strong></span> <span class='ocrx_word' id='word_1_717' title='bbox 2103 5715 2487 5789; x_wconf 80' lang='lat' dir='ltr'><strong>Seguerianus,</strong></span> <span class='ocrx_word' id='word_1_718' title='bbox 2518 5717 2625 5772; x_wconf 77' lang='grc' dir='ltr'><strong>τῶν</strong></span> <span class='ocrx_word' id='word_1_719' title='bbox 2655 5718 2749 5773; x_wconf 81' lang='grc' dir='ltr'>νῦν</span> <span class='ocrx_word' id='word_1_720' title='bbox 2788 5717 3191 5781; x_wconf 77' lang='grc' dir='ltr'>Ἰουδαῖζὸντων.</span> 
     </span>
    </p>
   </div>
  </div>
