3810 6228
345 323 482 378 108‘!
955 324 1033 381 .S.
1076 323 1449 380 ATHANASII
1488 324 1638 380 OPP.
1673 322 1856 379 PARS
1893 323 1933 378 l.
1963 354 2032 365 —
2064 320 2430 377 lllSTORlCA
2469 318 2556 374 ΕΤ
2596 317 3014 375 DOGMATICA.
3438 316 3591 369 1088

328 443 572 511 quidem,
630 453 690 497 ut
751 442 950 507 Judaei,
1005 443 1344 506 scandalum,
1388 441 1507 508 vel,
1554 452 1612 496 ut
1647 438 1894 510 gentiles,

2038 440 2255 492 Ιουδαῖοι
2291 437 2604 500 σκάνδαλον,
2645 435 2722 498 ώς
2765 436 2822 489 δὲ
2853 434 3111 504 ’Έλληνες
3135 434 3344 503 μωρίαν
3369 433 3594 502 νομιζέ-

329 533 614 587 stultitiam
643 548 765 588 esse
795 534 1127 587 arbitrentur
1156 531 1364 587 Christi
1389 547 1608 587 crucem
1647 532 1715 585 ὀ.
1753 530 1821 584 At
1850 531 1895 584 si

2038 547 2176 583 ωσαν
2199 531 2290 583 τὸν
2323 529 2552 600 σταυρὸν
2582 529 2682 581 τοῦ
2708 527 2942 598 Χριστοῦ
2970 544 2983 558 ·
3033 527 3081 579 εί
3105 525 3160 579 δὲ
3196 525 3593 596 ὑποκρίνονται

331 640 390 678 se
418 623 765 678 Christianos
813 623 1074 679 simulant.
1121 639 1262 687 esse,
1311 624 1529 679 discant
1575 623 1895 680 cruciﬁxum

2038 641 2074 687 ις
2095 623 2426 695 Χριστιανοὶ,
2468 621 2784 694 μαθέτωσαν
2804 621 2894 674 τὸν
2916 616 3294 688 σταυρωθέντα
3317 617 3590 688 Χριστὸν,

329 713 632 775 Christum,
670 711 960 768 Dominum
988 714 1173 784 gloria:
1211 715 1279 779 ιι,
1325 713 1528 785 Deique
1559 713 1817 769 virtutem
1845 721 1900 767 et

2038 717 2223 788 Ltiptov'
2248 718 2345 787 μὲν
2393 715 2491 785 τῆς
2527 713 2686 783 δόξης
2710 753 2724 776 ,
2759 711 2986 783 δύναμιν
3035 711 3093 764 δὲ
3132 709 3266 764 Θεοῦ
3304 711 3398 763 καὶ
3441 710 3592 763 Θεοῦ

329 804 654 872 sapientiam
685 819 807 858 esse
844 806 911 858 η.

397 893 453 949 2.
479 893 636 960 Quod
663 895 706 950 si
745 894 997 950 dubitent
1027 905 1209 951 utrum
1233 897 1299 952 sit
1327 895 1488 959 Deus,
1521 894 1786 950 Thomam
1816 909 1902 949 re-

327 996 643 1051 vereantur,
660 988 753 1058 qui
770 987 1090 1042 cruciﬁxum
1106 988 1356 1043 manibus
1369 987 1744 1054 contrectavit,
1757 1001 1904 1040 eum-

329 1094 437 1148 que
460 1077 756 1133 .Dominum
787 1089 841 1134 et
860 1081 1026 1134 Deum
1055 1094 1174 1134 esse
1189 1079 1478 1133 afﬁrmavit
1499 1077 1564 1132 ³⁸.
1585 1079 1700 1131 Ιιιιο
1721 1078 1900 1146 ipsum

330 1171 558 1225 timeant
574 1169 882 1235 Dominum,
901 1170 995 1238 qui
1014 1170 1140 1224 lotis
1155 1169 1541 1238 discipulorum
1559 1167 1784 1236 pedibus
1797 1165 1900 1219 ait:

347 1259 449 1315 Vos
475 1263 673 1314 vocatis
701 1277 800 1327 me,
841 1262 1092 1314 Dominus
1107 1270 1154 1314 et
1181 1262 1450 1330 magister,
1481 1269 1530 1312 et
1551 1259 1673 1311 bene
1689 1256 1902 1310 dicitis:

331 1371 450 1409 sum
473 1357 662 1408 etenim
683 1355 751 1409 “.
784 1354 949 1424 Atqui
999 1368 1109 1423 quo
1172 1353 1223 1406 in
1265 1366 1493 1420 corpore
1540 1350 1703 1420 pedes
1752 1348 1903 1413 lavit,

334 1449 391 1502 in
444 1448 638 1503 eodem
685 1455 910 1517 peccata
971 1453 1158 1499 nostra
1213 1444 1270 1497 in
1318 1444 1522 1513 lignum
1588 1443 1810 1496 sustulit
1835 1442 1904 1496 ³⁸.

341 1539 495 1594 Tunc
519 1548 698 1594 autem
730 1539 906 1609 palam
939 1552 1122 1592 rerum
1156 1536 1403 1590 omnium
1439 1534 1660 1604 agnitus
1691 1543 1774 1588 est
1796 1531 1906 1586 Do~

336 1633 543 1692 minus.
605 1645 728 1684 cum
797 1629 1005 1684 scilicet
1036 1627 1119 1682 sol
1168 1627 1350 1680 radios
1409 1625 1678 1681 contraxit
1731 1639 1905 1686 suos,

2004 808 2196 878 σοφίαν
2223 808 2388 862 αὐτὸν
2417 801 2578 860 εῖναι.

2071 900 2126 954 2.
2164 901 2224 952 Ei
2249 900 2307 953 δὲ
2329 897 2778 968 ἀμφιϐάλλουσιν,
2807 897 2889 950 ὃτι
2920 895 3012 949 καὶ
3038 895 3168 959 Θεός
3207 897 3387 960 ἐστιν,
3423 896 3597 949 αίδεί-

2005 992 2216 1046 σθωσαν
2235 993 2325 1045 τὸν
2353 992 2554 1062 Θωμᾶν
2591 991 2680 1043 τὸν
2705 989 3099 1060 ψηλαφήσαντα
3126 987 3216 1040 τὸν
3242 989 3596 1059 ἐσταυρωμέ-

2003 1098 2112 1144 νον,
2153 1082 2248 1134 καὶ
2279 1081 2504 1148 λέγοντα
2536 1080 2737 1150 Κύριον
2780 1078 2943 1132 αὑτὸν
2980 1074 3118 1130 εἶναι
3154 1079 3248 1132 καὶ
3281 1077 3436 1131 Θεόν.
3474 1079 3597 1132 Καὶ

2005 1172 2378 1242 φοϐείσθωσαν
2409 1173 2569 1224 αὑτὸν
2617 1171 2710 1224 τὸν
2738 1171 2971 1242 Κύριον,
3011 1170 3101 1222 τὸν
3143 1171 3279 1240 μετὰ
3320 1169 3384 1222 τὸ
3432 1171 3594 1239 νίψαι

2004 1263 2130 1326 τοὺς
2163 1264 2328 1327 πόδας
2368 1263 2476 1318 τῶν
2516 1263 2775 1335 μαθητῶν
2815 1263 3039 1330 λέγοντα
3063 1277 3074 1290 ⁸
3118 1263 3303 1331 Ὑμεῖς
3336 1263 3598 1332 φωνεῖτέ

2000 1371 2077 1423 με
2102 1358 2134 1409 ό
2154 1357 2368 1424 Κύριος
2390 1355 2487 1408 καί
2513 1359 2545 1408 ό
2576 1353 2966 1420 διδάσκαλος,
2999 1354 3096 1407 καὶ
3125 1353 3324 1419 καλῶς
3356 1354 3596 1424 λέγετε·

2005 1444 2122 1514 εἰμί
2170 1443 2281 1514 γάρ
2323 1442 2458 1514 (25).
2518 1445 2607 1496 Ἑν
2738 1443 2794 1495 δὲ
2845 1442 3056 1514 σώματι
3096 1447 3382 1513 τυγχάνων
3436 1445 3598 1514 ἔνιψε

2006 1536 2132 1598 τοὺς
2163 1535 2349 1600 πόδας,
2380 1537 2437 1588 ὲν
2468 1535 2642 1606 τούτῳ
2670 1533 2768 1598 τὰς
2793 1536 3067 1608 ἁμαρτίας
3099 1537 3254 1607 ἡμῶν
3289 1537 3599 1608 ἀνήνεγκεν

2008 1627 2102 1678 ἐπὶ
2144 1627 2204 1679 τὸ
2254 1626 2427 1693 ξύλον.
2495 1627 2883 1701 Ἐμαρτυρεῖτό
2932 1646 2988 1681 τε
3021 1629 3286 1700 δεσπότης
3326 1634 3426 1700 τῆς
3477 1633 3602 1684 κτί-

339 1731 480 1778 terra
511 1721 766 1786 tremuit,
791 1720 974 1776 scissae
1008 1728 1171 1788 petrae
1199 1727 1347 1782 sunt,
1376 1718 1587 1787 ipsique
1624 1718 1908 1772 carnilices

2038 1734 2167 1780 ἐως,
2204 1717 2576 1780 συστείλαντος
2605 1719 2702 1789 μὲν
2745 1717 2838 1770 τοῦ
2881 1717 3030 1789 ἡλίου
3066 1719 3164 1781 τὰς
3207 1721 3426 1782 ἀκτῖνας
3448 1760 3463 1783 ,
3499 1722 3602 1774 καὶ

337 1823 676 1886 agnoverunt
709 1813 1032 1868 cruciﬁxum
1069 1827 1194 1866 vere
1227 1810 1427 1864 Filium
1461 1810 1557 1865 Dei
1597 1825 1738 1865 esse.
1797 1809 1907 1865 Nec

338 1909 484 1962 enim
525 1905 764 1961 hominis
791 1905 1097 1975 cujuspiam
1129 1902 1225 1959 sed
1257 1902 1347 1957 Dei
1383 1912 1502 1958 erat
1531 1916 1731 1972 corpus
1759 1903 1906 1971 quod

339 1997 685 2060 cernebatur,
717 1997 771 2050 in
808 2010 918 2066 quo
949 2011 1072 2050 cum
1110 2005 1256 2050 esset
1296 2005 1350 2048 et
1381 2008 1505 2048 cum
1557 1994 1907 2063 cruciﬁgere-

340 2103 451 2160 tur,
476 2102 723 2147 mortuos
747 2091 1037 2145 excitabat.
1074 2089 1342 2156 Quocirca
1379 2103 1480 2143 nec
1513 2086 1737 2142 ferenda
1781 2087 1906 2143 illo-

341 2202 462 2240 rum
497 2186 727 2240 audacia
756 2194 859 2251 est,
903 2199 1012 2253 qua
1043 2182 1136 2236 Dei
1183 2180 1418 2236 Verbum
1453 2180 1646 2235 dicunt
1674 2181 1741 2234 ad
1783 2195 1911 2234 san-

341 2287 490 2332 ctum
554 2277 788 2344 aliquem
841 2274 1116 2329 hominem
1177 2272 1381 2327 factum
1439 2287 1560 2327 esse
1626 2269 1716 2340 (id
1763 2270 1910 2324 enim

342 2363 575 2435 singulis
612 2363 891 2435 prophetis
931 2363 1162 2432 aliisque
1203 2369 1406 2417 sanctis
1447 2361 1582 2414 viris
1609 2359 1836 2428 contigit
1860 2358 1904 2422 ),

345 2470 415 2510 ne
443 2456 496 2509 in
538 2455 768 2522 singulis
798 2468 986 2508 eorum
1019 2462 1202 2517 natus,
1232 2452 1285 2505 in
1317 2451 1549 2522 singulis
1573 2465 1765 2504 eorum
1795 2465 1912 2504 mo-

348 2554 580 2600 reretur.
627 2543 790 2616 734
817 2543 1017 2599 Verum
1053 2559 1162 2598 non
1192 2544 1266 2598 ita
1297 2551 1418 2597 est:
1459 2541 1638 2596 absit!
1674 2539 1779 2594 Sed
1827 2554 1915 2594 se-

348 2637 456 2692 mel
485 2638 540 2690 in
563 2636 669 2691 ﬁne
694 2637 1015 2692 saeculorum
1039 2675 1056 2700 ,
1105 2635 1423 2690 eliminandi
1469 2633 1680 2702 peccati
1723 2646 1912 2696 causa,

349 2719 588 2778 Verbum
623 2723 798 2792 ipsum
831 2722 1032 2778 factum
1063 2739 1191 2778 caro
1216 2732 1321 2783 est,
1342 2731 1395 2776 et
1420 2738 1486 2776 ex
1516 2721 1686 2776 Maria
1709 2720 1915 2791 virgine

349 2814 554 2886 prodiit
579 2816 740 2871 homo
773 2816 932 2871 nobis
961 2817 1179 2879 similis,
1211 2817 1306 2885 qui
1334 2825 1388 2870 et
1424 2816 1563 2869 idem
1603 2814 1668 2868 ad
1692 2812 1916 2868 Judaeos

349 2907 429 2964 ait
457 2926 470 2962 :
501 2907 643 2972 Quid
676 2923 757 2961 me
801 2909 1039 2977 quaeritis
1073 2908 1396 2976 inter/imre,
1427 2907 1688 2961 hominem
1721 2906 1810 2976 qui
1842 2921 1921 2960 ve-

353 3001 563 3054 ritatem
621 3000 762 3054 vobis
815 3003 1020 3053 locutus
1075 3001 1296 3054 sum"?
1336 2998 1444 3054 Nec
1498 2999 1625 3053 item
1672 2997 1918 3066 corporis

2006 1806 2106 1875 τῆς
2145 1807 2248 1876 γῆς
2287 1806 2612 1878 τρεμούσης,
2649 1809 2741 1860 καὶ
2783 1808 2892 1860 τῶν
2935 1808 3148 1880 πετρῶν
3188 1807 3298 1878 (26)
3343 1808 3601 1880 σχιζομέ-

2009 1912 2136 1960 νων,
2192 1895 2286 1948 καὶ
2329 1895 2438 1949 τῶν
2466 1895 2677 1966 δημίων
2711 1897 3060 1965 ὲπιγνόντων,
3093 1901 3174 1952 ὅτι
3207 1898 3421 1968 ἀληθῶς
3451 1899 3598 1952 Θεοῦ

2013 1987 2137 2049 Υἱός
2165 1989 2316 2039 ἐστιν
2342 1989 2370 2040 6
2407 1987 2760 2058 σταυρωθείς.
2798 1991 2872 2042 Οὐ
2902 1990 3010 2060 γὰρ
3039 1988 3322 2062 ἀνθρώπου
3346 1991 3496 2055 τινὸς
3526 1988 3604 2063 ἦν

2009 2078 2069 2132 τὸ
2099 2077 2426 2148 βλεπόμενον
2451 2079 2629 2150 σῶμα,
2675 2080 2810 2134 ἀλλὰ
2837 2081 2994 2144 Θεοῦ,
3028 2083 3085 2134 ὲν
3187 2083 3471 2153 τυγχάνων
3499 2087 3601 2138 καὶ

2009 2174 2096 2226 ὅτε
2154 2174 2514 2246 ὲσταυροῦτο,
2574 2178 2763 2248 ἤγειρε
2817 2177 3063 2247 νεκρούς.
3131 2179 3220 2231 Διὸ
3264 2181 3385 2234 οὐδὲ
3430 2181 3601 2235 καλὸν

2012 2266 2186 2318 έκεῖνο
2219 2264 2332 2335 (27)
2362 2265 2540 2318 αὐτῶν
2576 2266 2832 2336 τόλμημα
2859 2267 2920 2320 τὸ
2945 2267 3101 2336 λέγον
3122 2308 3136 2330 ,
3167 2270 3248 2322 ὅτι
3273 2271 3352 2332 είς
3384 2270 3603 2342 ἄνθρω-

2013 2355 2114 2409 πόν
2132 2373 2251 2409 τινα
2280 2355 2432 2424 ἆγιον
2451 2356 2666 2424 ἐγένετο
2697 2359 2724 2410 6
2752 2357 2846 2410 τοῦ
2896 2357 3032 2411 Θεοῦ
3069 2359 3239 2428 Λόγος
3280 2360 3459 2429 (τοῦτο
3486 2363 3601 2434 γάρ

2014 2451 2072 2501 ὲν
2103 2448 2317 2518 ἑκάστῳ
2349 2450 2563 2517 ἐγένετο
2599 2450 2709 2521 (28)
2750 2451 2857 2504 τῶν
2895 2453 3189 2523 προφητῶν
3231 2454 3324 2507 καὶ
3361 2454 3468 2507 τῶν
3499 2455 3600 2508 άλ-

2013 2539 2120 2591 λων
2149 2539 2338 2609 ἁγίων)
2359 2581 2374 2604 ,
2419 2541 2503 2592 ἵνα
2554 2541 2626 2610 μὴ
2677 2539 2798 2594 καθ’
2841 2541 3068 2596 ἕκαστον
3118 2541 3456 2612 γεννώμενος
3503 2546 3602 2597 καὶ

2018 2631 2180 2685 πάλιν
2210 2632 2568 2704 ἀποθνήσκων
2609 2635 2886 2705 φαίνηται.
2943 2637 3058 2688 Οὐκ
3113 2636 3227 2689 ἔστι
3275 2637 3332 2689 δὲ
3379 2635 3594 2702 οὕτως’

2020 2718 2093 2790 μὴ
2123 2720 2357 2788 γένοιτοί
2419 2723 2558 2776 Ἀλλ’
2604 2723 2750 2804 ᾅπαξ
2795 2725 2888 2778 ἐπὶ
2932 2725 3207 2796 συντελείᾳ
3252 2726 3359 2778 τῶν
3386 2726 3604 2780 αἰώνων

2018 2812 2097 2874 είς
2125 2811 2381 2882 ἀθέτησιν
2411 2815 2510 2884 τῆς
2540 2815 2813 2887 ἁμαρτίας
2853 2817 3015 2880 αὐτὸς
3042 2817 3070 2868 6
3096 2817 3265 2885 Λόγος
3299 2816 3437 2888 σάρξ
3475 2818 3606 2886 ὲγέ-

2018 2919 2158 2967 νετο,
2194 2905 2290 2958 καὶ
2329 2907 2394 2958 ὲκ
2419 2907 2639 2978 Μαρίας
2659 2908 2760 2978 τῆς
2789 2908 3066 2980 Παρθένου
3094 2907 3361 2980 προῆλθεν
3398 2910 3608 2980 ἄνθρω-

2021 3011 2120 3057 πος
2149 2995 2271 3048 καθ’
2294 2998 2554 3066 ὁμοίωσιν
2577 3000 2874 3070 ἡμετέραν,
2915 3000 2990 3063 ὡς
3018 2999 3111 3053 καὶ
3139 3000 3274 3072 πρὸς
3315 3001 3609 3064 Ἰουδαίους

353 3093 494 3148 alius
522 3091 806 3162 cujusdam
840 3092 1078 3147 hominis
1117 3092 1412 3162 participes
1434 3090 1584 3156 facti,
1618 3090 1712 3145 sed
1743 3088 1916 3158 ipsius

2038 3085 2126 3156 ἔφη
2153 3105 2166 3118 ο
2207 3089 2269 3142 Τί
2285 3087 2518 3157 ζητεῖτέ
2544 3109 2620 3159 με
2648 3093 2994 3147 ἀποκτεῖναι
3023 3094 3356 3161 ἄνθρωπον,
3393 3094 3463 3160 ὃς
3487 3094 3606 3162 τὴν

355 3182 515 3239 Verbi
557 3198 756 3253 corpus
785 3183 1137 3255 accipientes,
1175 3184 1249 3239 dii
1285 3183 1566 3239 eﬁicimur.

2021 3180 2308 3246 ἀλήθειαν
2335 3182 2478 3251 ὑμῖν
2512 3182 2821 3252 λελάληκα
2838 3201 2856 3248 ;
2902 3185 3016 3238 Οὐκ
3046 3185 3331 3257 ἀνθρώπου
3373 3187 3434 3239 τέ
3461 3204 3606 3252 τινος

356 3278 674 3350 μετέχοντες
723 3277 993 3349 σώματος,
1039 3279 1174 3333 ἀλλὰ
1205 3279 1367 3333 αὐτοῦ
1415 3278 1510 3333 τοῦ
1554 3279 1726 3348 Λόγου
1777 3276 1936 3348 σῶμα
1971 3275 2358 3346 λαμϐάνοντες,
2395 3278 2809 3351 θεοποιούμεθα.

424 3375 478 3429 5.
497 3374 658 3430 Certe
674 3374 802 3429 illud
821 3375 982 3430 etiam
1002 3391 1095 3444 per
1115 3377 1247 3430 mihi
1269 3377 1464 3431 mirum
1481 3377 1658 3430 visum
1679 3382 1760 3430 est
1779 3374 1925 3444 quod

357 3466 442 3521 vel
468 3467 710 3539 cogitare
737 3467 856 3522 ausi
881 3467 991 3522 sint
1029 3483 1152 3521 eum
1181 3476 1389 3522 natura:
1418 3468 1696 3524 communi
1731 3467 1926 3521 ordine

355 3556 631 3612 hominem
665 3555 868 3611 factum
905 3556 1093 3611 fuisse.
1128 3555 1260 3610 Nam
1293 3557 1338 3612 si
1373 3557 1446 3611 ita
1473 3573 1533 3612 se
1567 3557 1812 3620 haberet,
1835 3571 1925 3609 su-

360 3664 698 3720 pervacanea
721 3647 958 3716 profecto
977 3647 1315 3704 essctMariae
1331 3651 1804 3704 commemoratio.
1836 3645 1929 3700 Si~

359 3741 579 3811 quidem
615 3740 877 3811 virginem
907 3741 1113 3810 absque
1157 3741 1260 3794 viri
1293 3740 1573 3795 consortio
1621 3740 1926 3810 parientem

361 3839 576 3906 ignorat
604 3833 828 3888 omnino
857 3845 1071 3887 natura.
1104 3831 1444 3903 Quapropter
1481 3831 1639 3887 Patre
1676 3847 1929 3902 compro-

361 3929 544 3992 bante,
572 3926 662 3981 ille
700 3941 823 3980 cum
858 3939 1020 3979 verus
1071 3923 1213 3978 Deus
1251 3931 1305 3978 et
1335 3932 1530 3978 natura
1563 3920 1800 3976 Verbum
1849 3929 1930 3974 at-

361 4035 469 4089 que
519 4016 695 4072 Patris
729 4016 996 4086 sapientia
1028 4023 1194 4080 esset,
1223 4015 1388 4070 homo
1423 4023 1644 4084 propter
1682 4022 1928 4070 nostram

363 4109 593 4166 salutem
643 4123 872 4178 corpore
905 4116 1185 4175 assumpto
1237 4105 1414 4160 factus
1447 4115 1577 4167 est,
1619 4114 1676 4159 ut
1727 4104 1932 4158 habens

363 4202 509 4271 quod
545 4216 643 4271 pro
675 4201 833 4255 nobis
860 4200 1101 4262 oﬁerret,
1133 4198 1313 4252 salvos
1343 4213 1443 4252 nos
1470 4213 1661 4252 omnes
1705 4196 1929 4257 faceret,

363 4293 458 4361 qui
493 4291 688 4346 timore
713 4292 902 4345 mortis
929 4305 1025 4358 per
1055 4299 1220 4342 totam
1256 4290 1424 4342 vitam
1465 4286 1686 4342 obnoxii
1715 4300 1933 4340 eramus

365 4383 612 4438 servituti
629 4379 822 4435 ".Non
841 4381 985 4435 enim
1010 4380 1206 4450 aliquis
1222 4380 1360 4435 alius
1389 4379 1550 4434 homo
1580 4377 1932 4446 semetipsum

366 4491 465 4544 pro
500 4473 660 4530 nobis
717 4474 911 4540 dedit,
966 4488 1091 4527 cum
1144 4471 1322 4526 omnis
1359 4470 1524 4524 homo
1568 4468 1760 4523 mortis
1791 4475 1935 4522 esset

365 4581 512 4631 reus,
541 4565 695 4636 juxta
723 4565 854 4619 illud
897 4565 1043 4634 quod
1079 4564 1131 4616 in
1163 4563 1373 4616 Adamo
1403 4562 1470 4616 ad
1503 4575 1694 4615 omnes
1729 4559 1933 4612 dictum

2098 3377 2150 3430 5.
2199 3377 2412 3448 Ἀμέλει
2451 3382 2672 3433 κάκεῖνο
2693 3381 3033 3452 τεθαύμακα,
3067 3382 3181 3444 πῶς
3206 3381 3342 3444 ὅλως
3367 3381 3481 3452 ('29)
3503 3382 3605 3437 κᾶν

2025 3469 2273 3538 ἐννοῆσαι
2302 3470 2728 3542 τετολμήκασιν,
2763 3474 2844 3524 ὅτι
2880 3472 3094 3540 φύσεως
3123 3473 3412 3546 ἀκολουθίᾳ
3440 3476 3606 3543 γεγέ-

2027 3577 2182 3630 νηται
2208 3561 2507 3630 ἄνθρωπος.
2546 3563 2608 3614 Ei
2644 3563 2752 3634 γάρ
2781 3563 2954 3627 οὕτως
2995 3560 3081 3634 ἦν,
3110 3564 3337 3635 περιττὴ
3371 3566 3470 3636 τῆς
3495 3569 3606 3620 Μα-

2031 3653 2203 3724 ρίαςή
2233 3654 2443 3723 μνήμη.
2481 3655 2590 3724 (50)
2621 3655 2753 3707 Οὐδὲ
2775 3655 2883 3726 γάρ
2909 3652 3049 3708 οἶδεν
3088 3657 3120 3726 ἡ
3151 3656 3310 3725 φύσις
3336 3657 3605 3726 παρθένον

2026 3746 2194 3816 χωρὶς
2223 3745 2411 3815 ἀνδρὸς
2443 3745 2746 3799 τίκτουσαν.
2804 3747 2965 3800 Ὅθεν
3012 3747 3228 3819 εὐδοκία
3270 3749 3362 3801 τοῦ
3395 3751 3606 3820 Πατρὸς

2027 3835 2160 3898 Θεὸς
2194 3835 2268 3888 ῶν
2308 3835 2576 3904 ἀληθινὸς,
2628 3837 2722 3888 καὶ
2757 3836 2914 3905 φύσει
2943 3838 3145 3906 Λόγος,
3187 3840 3281 3892 καὶ
3314 3840 3475 3908 σοφία
3515 3842 3606 3894 τοῦ

2029 3927 2261 3998 Πατρός,
2292 3927 2482 3994 γέγονε
2517 3928 2844 3998 σωματικῶς
2885 3929 3190 4001 ἄνθρωπος,
3225 3930 3313 3982 διὰ
3341 3931 3439 4001 τὴν
3483 3935 3609 4003 ἠμε-

2029 4019 2191 4089 τέραν
2223 4018 2516 4090 σωτηρίαν,
2545 4019 2632 4082 ἵν’,
2665 4019 2803 4090 ἔχων
2825 4020 2854 4072 ὃ
2891 4023 3232 4092 προσενέγκῃ
3258 4023 3397 4094 ὑπὲρ
3429 4024 3605 4094 ἡμῶν,

2031 4109 2179 4184 σώσῃ
2212 4111 2416 4174 πάντας
2444 4113 2612 4183 ἡμᾶς,
2653 4112 2769 4164 ὅσοι
2813 4111 2962 4182 φόϐῳ
3004 4113 3233 4166 θανάτου
3275 4113 3361 4167 διὰ
3411 4117 3608 4181 παντὸς

2030 4202 2122 4255 τοῦ
2156 4201 2255 4273 ζῇν
2302 4202 2473 4273 ἔνοχοι
2502 4199 2640 4274 ἦσαν
2677 4203 2940 4267 δουλείας.
2975 4205 3050 4256 Οὐ
3085 4205 3192 4275 γὰρ
3222 4205 3508 4276 ἄνθρωπός
3530 4226 3611 4272 τις

2035 4295 2175 4366 ὑπὲρ
2234 4295 2390 4366 ἡμῶν
2454 4295 2644 4348 ἑαυτὸν
2701 4295 2969 4349 δέδωκεν·
3009 4297 3131 4349 ἐπεὶ
3181 4298 3284 4359 πᾶς
3328 4297 3612 4370 ἄνθρωπος

2035 4383 2331 4448 ὑπεύθυνός
2355 4386 2470 4437 ἐστι
2498 4383 2730 4455 θανάτῳ,
2760 4384 2900 4436 κατὰ
2934 4384 3012 4449 τὸ,
3043 4385 3133 4452 Γῆ
3164 4381 3222 4438 εἷ
3249 4385 3347 4438 καὶ
3379 4389 3468 4451 εἷς
3499 4387 3613 4457 γῆν

1991 4498 1995 4502 ·
2033 4475 2367 4542 ἀπελεύσῃ.
2415 4477 2472 4528 ὲν
2513 4474 2592 4545 τῷ
2643 4474 2811 4544 Ἀδὰμ
2847 4475 3138 4544 εἰρημένον
3183 4476 3318 4547 πρὸς
3370 4477 3607 4540 πάντας·

2037 4566 2151 4619 ἀλλ’
2215 4565 2336 4618 οὐδὲ
2396 4565 2582 4637 ἕτερόν
2639 4584 2690 4618 τι
2746 4566 2853 4618 τῶν
2893 4567 3244 4636 κτισμάτων
3297 4569 3420 4621 ἐπεὶ
3467 4573 3612 4624 πάσα

364 4666 487 4713 est:
545 4655 707 4710 Terra
738 4672 814 4718 es,
859 4665 910 4709 et
944 4657 1001 4708 in
1033 4663 1228 4708 terram
1275 4652 1548 4706 reverteris
1578 4650 1645 4704 ’⁸.
1688 4648 1846 4703 Nulla
1876 4664 1916 4702 e-

2042 4657 2217 4718 κτίσις
2257 4655 2494 4717 ὕποπτός
2531 4656 2646 4706 ἐστι
2673 4654 2899 4724 τροπῆς.
2942 4654 3084 4706 Ἀλλ’
3110 4655 3268 4718 αὐτὸς
3299 4658 3327 4708 ὀ
3352 4657 3522 4724 Λόγος
3556 4657 3610 4709 τὸ

368 4747 498 4803 tiam
523 4763 609 4802 res
638 4748 745 4802 alia
771 4756 954 4803 creata
985 4754 1243 4816 praestare
1275 4745 1326 4798 id
1355 4752 1584 4813 poterat,
1603 4758 1726 4796 cum
1759 4743 1916 4796 omni:

2038 4749 2166 4802 ίδιον
2207 4747 2365 4818 σῶμα
2405 4749 2774 4818 προσήνεγκεν
2805 4750 2942 4818 ὑπὲρ
2971 4748 3144 4818 ήμῶν,
3179 4749 3264 4801 ἵνα
3310 4749 3382 4818 μὴ
3411 4751 3490 4811 εἰς
3519 4750 3608 4802 ἄν·

369 4842 440 4895 sit
474 4841 774 4896 mutabilis.
807 4840 912 4894 Sed
946 4839 1125 4908 ipsum
1160 4837 1398 4892 Verbum
1429 4851 1629 4906 corpus
1655 4835 1916 4904 propriun

2038 4839 2255 4911 θρωπον
2285 4842 2317 4910 ἡ
2349 4840 2530 4902 πίστις
2561 4840 2656 4893 καὶ
2679 4842 2710 4910 ἡ
2736 4840 2905 4903 ἐλπὶς,
2940 4840 3052 4892 ἀλλ’
3079 4844 3158 4904 είς
3187 4843 3346 4896 αὑτὸν
3373 4843 3463 4894 τὸν
3485 4843 3610 4895 Θεὸν

368 4934 566 4989 obtulit
594 4949 692 5002 pro
738 4933 918 4999 nobis,
969 4947 1038 4986 ne
1103 4929 1357 4984 videlicet
1408 4929 1460 4982 in
1495 4927 1772 4981 hominem
1810 4925 1912 4978 ﬁde

2038 4930 2210 4998 Λόγον
2254 4929 2353 5000 τὴν
2397 4930 2577 4982 πίστιν
2625 4930 2857 5000 ἔχωμεν.
2927 4931 3142 5002 Ἀμέλει
3189 4934 3281 4984 καὶ
3327 4932 3608 5003 ἀνθρώπου

370 5036 426 5082 et
454 5043 578 5098 spes
602 5036 787 5083 nostra
815 5034 979 5090 esset,
1007 5023 1100 5080 sed
1142 5032 1196 5076 ut
1224 5023 1277 5076 in
1304 5023 1483 5092 ipsum
1509 5019 1677 5072 Deum
1703 5015 1916 5071 Verbun

2038 5023 2328 5094 γενομένου
2358 5021 2519 5074 αὐτοῦ
2538 5061 2552 5083 ,
2581 5021 2888 5092 θεωροῦμεν
2919 5021 3033 5089 τὴν
3064 5023 3252 5086 δόξαν
3275 5023 3483 5086 αὐτοῦ,
3516 5023 3605 5076 δό-

373 5116 531 5172 ﬁdem
557 5117 903 5172 haberemus.
944 5113 1192 5169 Profecto
1243 5113 1362 5183 ipso
1407 5109 1626 5165 homine
1657 5106 1820 5170 facto,
1853 5106 1916 5160 vi.

2041 5114 2155 5180 ξαν
2177 5115 2257 5177 ὡς
2290 5112 2660 5181 Μονογενοῦς
2706 5112 2864 5181 παρὰ
2886 5113 3143 5181 Πατρός,
3179 5112 3416 5181 πλήρης
3455 5113 3608 5182 κάρι-

447 5257 492 5289 ²⁰
531 5257 551 5310 l
579 5256 705 5311 Cor.
737 5273 774 5314 ι.
806 5255 896 5308 ‘25.
974 5254 1018 5286 ¹¹
1060 5255 1081 5307 ι
1111 5253 1239 5307 Cor.
1276 5269 1335 5317 ιι,
1365 5251 1419 5307 8.
1492 5251 1536 5282 "
1574 5247 1596 5303 1
1624 5250 1751 5314 Cor.
1780 5267 1820 5316 ι,
1844 5250 1915 5307 24

2038 5250 2057 5281 ³
2095 5247 2251 5303 Joan.
2286 5264 2381 5315 xx,
2417 5248 2508 5302 28.
2610 5247 2657 5278 ⁸⁸
2692 5245 2849 5301 Joan.
2888 5263 3006 5311 xm,
3046 5248 3127 5300 l5.
3231 5247 3277 5278 "
3318 5243 3512 5302 lPetr.
3546 5263 3602 5310 ιι,

375 5327 465 5381 2i.
496 5329 542 5360 "
578 5327 732 5382 Joan.
765 5340 884 5388 vin,
918 5324 1010 5382 40.
1090 5324 1134 5355 ’⁷
1176 5322 1338 5376 Hebr.
1372 5337 1434 5384 ιι,
1465 5320 1552 5374 15.
1627 5321 1673 5352 ³⁸
1711 5320 1912 5377 Genes.

2061 5321 2146 5375 l9.

604 5439 826 5517 Segucr.
858 5438 1173 5517 Ba_sil.,_xat
1200 5436 1307 5517 γάρ
1339 5435 1471 5517 εἰμι.
1553 5501 1590 5517 Π
1633 5501 1682 5517 Η
1798 5501 1824 5514 _
1895 5501 1915 5517 θ

2052 5443 2271 5517 voi‘p'ro
2303 5426 2656 5498 γεννώμενος.
2693 5425 2894 5481 Ibidem
2934 5442 3032 5496 pro
3071 5428 3252 5493 πάλιν,
3301 5427 3426 5499 Seg.
3465 5429 3607 5484 habet

451 5501 562 5581 (26)
602 5501 850 5581 Seéuern
881 5511 990 5563 τῶν
1030 5510 1086 5561 δὲ
1131 5501 1362 5578 πετρῶν.
1394 5501 1520 5559 Mox
1551 5501 1729 5572 Gobl.,
1757 5501 1866 5556 τῶν
1891 5501 1916 5555 δ

2055 5501 2330 5581 noeens;

383 5560 850 5648 δηξὶίῶν.””ῗ”“”
1068 5560 1115 5648 λ
1707 5560 1729 5648 .’
1806 5643 1816 5648 -

2103 5572 2237 5648 Δ((29)
2279 5560 2452 5630 εὌλως
2485 5567 2638 5622 abest
2671 5581 2701 5620 a
2727 5566 2884 5622 Gobl.
2910 5578 2962 5621 et
3007 5567 3146 5622 Felc.
3197 5567 3316 5623 Mox
3347 5568 3496 5638 εει,
3527 5584 3606 5637 γει·

456 5641 568 5718 (27)
585 5648 676 5704 Sic
689 5647 910 5718 Seguer.
935 5657 986 5718 et
1001 5645 1287 5718 Basil._Ali_i
1307 5659 1434 5698 vero
1456 5641 1679 5718 et__edi_t_i,
1702 5643 1916 5718 ἐκείνων

2053 5643 2323 5718 γένῖτιταεε

458 5705 569 5786 (28)
610 5705 858 5787 δεδεμένη
891 5717 1115 5788 ἐγίνετο.
1147 5715 1313 5770 Paulo
1340 5724 1463 5785 post
1499 5711 1686 5778 Basil.,
1725 5713 1916 5785 γενόμε

2066 5705 2076 5713 ’
2131 5705 2242 5781 (50)
2286 5709 2406 5764 Haec
2445 5709 2571 5764 item
2601 5721 2764 5777 supra
2795 5705 3064 5778 leguntur,
3095 5725 3214 5779 pag.
3244 5707 3369 5771 729.,
3405 5721 3460 5762 ιι.
3491 5705 3537 5764 4.

2610 5247 2657 5278 ⁸⁸
2692 5245 2849 5301 Joan.
2888 5263 3006 5311 xm,
3046 5248 3127 5300 l5.
