3810 6228
232 308 372 365 1039

1180 294 1516 352 EPISTOLA
1550 294 1641 348 AD
1677 291 2007 348 MAXIMUM
2045 289 2560 348 PHILOSOPHUM.

3335 288 3477 346 1090

228 439 338 490 τος
394 416 492 472 καὶ
545 413 848 481 ἀληθείας.
887 411 955 463 Ἀ
1000 407 1110 480 γάρ
1147 407 1235 460 διὰ
1278 406 1372 460 τοῦ
1416 405 1666 475 σώματος
1707 403 1806 454 ὑπ-

1920 403 2101 458 demus
2133 402 2356 472 gloriam
2383 401 2519 471 ejus,
2557 401 2781 472 gloriam
2817 401 2972 470 quasi
3003 399 3274 470 Unigeniti
3299 419 3333 455 a
3367 400 3477 458 Pa-

227 514 435 583 ἐμεινε,
472 506 646 561 ταῦτα
687 505 762 568 ὡς
804 501 936 566 θεὸς
977 498 1309 572 ἐμεγάλυνεο
1352 498 1448 550 καὶ
1493 495 1676 548 ὲπείνα
1712 494 1808 564 μὲν

229 603 418 676 σαρκὶ,
454 597 649 662 θεῖκῶς
693 597 751 650 δὲ
797 596 922 657 τοὺς
953 591 1255 654 πεινῶντας
1290 586 1569 660 ἐχόρταζε.
1623 587 1733 641 Καὶ
1761 587 1808 638 εἰ

229 690 640 755 σκανδαλίζεταί
689 705 773 750 τις
806 689 900 738 ἐπὶ
937 687 1049 746 τοῖς
1103 685 1464 752 σωματικοῖς,
1511 677 1810 731 πιστευέτω

227 787 316 854 ἐφ’
350 778 432 846 οἷς
462 783 490 834 ό
526 780 657 842 Θεὸς
690 775 999 849 ἐργάζεται.
1029 771 1362 825 Πυνθάνεται
1395 769 1503 838 γὰρ
1534 764 1813 838 ἀνθρωπί-

226 894 357 940 νως,
386 873 488 928 ποῦ
512 871 760 942 Λάζαρος
793 870 988 930 κεῖται,
1034 865 1235 934 ἐγείρει
1274 862 1331 915 δὲ
1374 861 1560 913 τοῦτον
1593 856 1809 920 θεῖκῶς.

228 967 397 1022 ’Όθεν
453 965 585 1036 μηδὲ
617 962 829 1031 γελάτω
871 976 958 1022 τις
1004 957 1177 1024 λέγων
1216 952 1423 1007 παιδίον
1467 952 1560 1004 καὶ
1593 948 1812 1021 ἠλικίαν

225 1055 533 1128 ὀνομάζων,
573 1053 668 1106 καὶ
700 1049 958 1120 αὔξησιν,
997 1047 1088 1100 καὶ
1124 1048 1317 1115 φαγεῖν
1342 1081 1356 1106 ,
1387 1043 1481 1096 καὶ
1508 1045 1650 1095 πιεῖν
1672 1080 1688 1105 ,
1721 1040 1814 1094 καὶ

226 1150 458 1210 παθεῖν,
488 1147 575 1200 ἵνα
607 1143 716 1215 μὴ,
760 1141 830 1194 τὰ
873 1140 980 1194 ῐδια
1024 1137 1116 1191 τοῦ
1171 1139 1418 1206 σώματος
1460 1133 1811 1205 ἀρνούμενος,

224 1239 536 1311 ἀρνήσηται
560 1233 738 1288 τέλεον
775 1229 870 1284 καὶ
895 1229 994 1299 τὴν
1022 1228 1086 1280 δι’
1117 1228 1263 1297 ἡμᾶς
1295 1225 1586 1295 ἐπιδημίαν
1625 1222 1811 1277 αὐτοῦ.

224 1330 343 1382 Καὶ
374 1327 561 1398 ὥσπερ
583 1325 684 1377 οὐκ
712 1320 1004 1391 ἀκολουθίᾳ
1034 1318 1246 1387 φύσεως
1276 1316 1561 1388 ἄνθρωπος
1587 1315 1817 1385 γεγένη-

225 1439 344 1484 ται,
377 1419 550 1482 οὕτως
581 1414 870 1470 ἀκόλουθον
897 1408 966 1482 ἦν
1009 1411 1169 1481 σῶμα
1221 1407 1451 1462 λαϐόντα
1498 1407 1660 1461 αὑτὸν
1703 1407 1806 1460 δει-

226 1512 428 1567 κνύναι
457 1509 523 1563 τὰ
566 1508 673 1560 ἴδια
702 1507 926 1569 τούτου,
965 1503 1050 1556 ἵνα
1088 1501 1161 1572 μὴ
1203 1504 1235 1571 ἡ
1284 1499 1550 1569 φαντασία
1577 1497 1670 1550 τοῦ
1700 1497 1814 1569 (51)

224 1603 534 1673 Μανιχαίου
585 1599 852 1671 κρατήσῃ.
918 1594 1234 1648 Ἀκόλουθον
1283 1593 1340 1646 δὲ
1387 1591 1548 1644 πάλιν
1589 1586 1656 1660 ἦν
1709 1607 1815 1642 σω-

227 1695 480 1768 ματικῶς
537 1692 700 1746 αὑτὸν
749 1685 1156 1762 χρηματίζοντα
1206 1685 1280 1756 μὴ
1330 1683 1534 1755 κρύψαι
1589 1682 1660 1736 τά
1712 1683 1812 1754 τῆς

1912 502 2008 555 (re,
2050 491 2260 562 plenum
2290 494 2481 562 gratia:
2530 501 2580 546 et
2624 493 2862 546 veritatis
2897 492 2963 546 ”.
3018 489 3149 557 Quae
3186 492 3334 547 enim
3381 508 3481 563 per

1909 601 2108 654 corpus
2157 587 2431 651 toleravit,
2482 587 2599 640 haec
2629 585 2842 649 eadem,
2889 595 2949 638 ut
2992 584 3160 647 Deus,
3195 586 3482 657 magniﬁce

1907 678 2210 732 exornavit.
2262 675 2403 731 Hinc
2435 692 2598 732 carne
2629 678 2849 744 quidem
2885 677 3166 731 esuriebat
3192 718 3207 743 ,
3253 688 3308 732 at
3354 693 3483 733 esu-

1909 768 2111 823 rientes
2146 768 2404 837 pascebat
2442 777 2701 836 tanquam
2747 765 2911 821 Deus.
2968 765 3124 821 Unde
3163 767 3211 823 si
3244 768 3330 822 cui
3362 783 3484 823 cor-

1909 873 2076 929 porea
2129 860 2248 928 ejus
2297 866 2416 913 acta
2458 857 2787 914 oﬂ‘endiculo
2845 867 2992 924 sunt,
3029 874 3096 912 ex
3143 858 3230 914 bis
3264 874 3387 928 quae
3425 867 3484 912 ut

1911 946 2056 1002 Deus
2083 948 2215 1017 agit,
2256 948 2478 1002 credere
2517 947 2653 999 nihil
2680 956 2988 1000 cunctetur.
3027 946 3275 1018 Namque
3312 948 3482 1002 inter-

1911 1048 2066 1108 rogat
2094 1040 2311 1109 quidem
2351 1047 2411 1092 ut
2443 1039 2630 1104 homo,
2670 1039 2763 1093 ubi
2811 1038 2992 1106 jaceat
3041 1037 3283 1094 Lazarus
3322 1079 3339 1103 ,
3386 1039 3482 1095 sed

1912 1125 2090 1196 ipsum
2121 1125 2336 1180 utDeus
2368 1127 2435 1180 ad
2470 1125 2634 1180 vitam
2665 1135 2886 1181 revocat
2920 1125 2991 1180 ³⁰.
3011 1124 3182 1182 Nemo
3212 1127 3378 1197 igitur
3403 1129 3481 1182 ir-

1911 1217 2096 1271 ridens
2126 1217 2346 1284 objiciat
2378 1231 2606 1286 puerum
2656 1231 2782 1268 eum
2830 1214 3001 1269 fuisse
3043 1225 3311 1284 maleque
3363 1231 3485 1271 creo-

1913 1310 2081 1371 visse,
2113 1309 2495 1370 manducasse,
2550 1306 2755 1360 bibisse
2806 1316 2860 1358 et
2908 1320 3129 1374 passum
3164 1321 3304 1367 esse,
3338 1322 3407 1361 ne
3434 1305 3482 1362 si

1911 1415 1975 1457 ea
2003 1417 2125 1471 qua:
2157 1400 2402 1470 corporis
2425 1398 2641 1468 propria
2695 1407 2824 1452 sunt
2848 1398 3144 1464 negaverit,
3180 1399 3398 1467 penitus
3427 1413 3486 1453 e—

1912 1493 2040 1547 tiam
2069 1499 2226 1558 neget
2257 1489 2377 1558 ejus
2420 1498 2640 1557 propter
2672 1502 2773 1542 nos
2823 1487 3135 1541 adventum.
3179 1486 3258 1543 Ac
3296 1502 3487 1556 quem-

1911 1581 2205 1638 admodum
2237 1596 2344 1634 non
2373 1588 2634 1635 consueto
2664 1591 2871 1632 naturae
2897 1579 3091 1634 ordine
3114 1577 3280 1634 homo
3309 1579 3487 1634 factus

1913 1683 2018 1739 est,
2053 1675 2128 1729 ita
2181 1673 2437 1729 convenit
2491 1673 2693 1742 ipsum,
2749 1686 2979 1740 corpore
3027 1681 3332 1740 assumpto,
3366 1671 3486 1741 ejus

224 1747 517 1856 θεότητος,
572 1782 662 1835 ἵνα
719 1747 800 1850 μ’ίι.
921 1747 1280 1847 Σαμοσατευς
1331 1747 1602 1845 πρόφασιν
1651 1747 1807 1844 εὖρη,

1920 1767 2273 1839 proprietates
2319 1766 2371 1818 in
2409 1780 2468 1820 se
2499 1765 2778 1830 exhibere,
2816 1773 2875 1818 ut
2917 1779 2986 1818 ne
3035 1764 3159 1818 ﬁcta
3204 1762 3487 1818 Manichaii

224 1876 520 1947 ἄνθρωπον
563 1873 725 1928 αὐτὸν
772 1872 981 1940 λέγων,
1034 1871 1110 1933 ὼς
1153 1868 1311 1922 ἄλλον
1357 1866 1484 1919 ὄντα
1531 1865 1678 1936 παρὰ
1719 1864 1812 1918 τὸν

222 1964 365 2017 Θεὸν
387 1963 578 2032 Λόγον.

222 2056 450 2128 propria
477 2064 606 2111 sunt
640 2070 748 2109 non
780 2053 1104 2118 occultaret,
1145 2066 1214 2106 ne
1245 2051 1616 2105 Samosatenst
1643 2058 1786 2104 esset
1818 2046 2035 2102 errandi
2064 2058 2253 2111 causa,
2283 2044 2377 2114 qui
2425 2057 2620 2112 nempe
2659 2042 2932 2098 hominem
2983 2057 3107 2096 eum
3154 2057 3276 2097 esse
3325 2053 3488 2113 atque

225 2153 402 2207 alium
428 2167 458 2205 a
494 2150 671 2205 Verbo
703 2148 856 2204 dixit.

300 2246 356 2301 4.
395 2245 580 2298 Ταῦτα
629 2244 809 2298 τοίνυν
863 2243 1142 2299 κατανοῶν
1188 2244 1216 2297 ό
1263 2241 1509 2304 ἄπιστος,
1569 2238 1806 2312 μαθέτω,

223 2343 314 2395 ὅτι
371 2339 568 2411 βρέφος
621 2338 717 2410 μὲν
767 2333 834 2408 ἦν
879 2337 970 2389 ἐπὶ
1022 2335 1230 2406 φάτνης
1256 2376 1270 2400 ,
1323 2333 1448 2397 τοὺς
1500 2333 1556 2386 δὲ
1603 2332 1808 2402 μάγους

226 2431 466 2496 ὑπέταξε
509 2429 983 2502 προσκυνούμενος
1043 2428 1134 2480 ὑπ’
1181 2425 1393 2479 αύτῶν’
1455 2425 1548 2477 καὶ
1602 2423 1810 2477 παιδίον

228 2525 333 2596 μὲν
366 2527 445 2588 είς
472 2524 742 2592 Αἴγυπτον
787 2519 1022 2591 κατῆλθε
1044 2561 1059 2584 ,
1096 2519 1164 2572 τὰ
1213 2518 1270 2570 δὲ
1316 2517 1670 2589 χειροποίητα
1710 2515 1811 2585 τῆς

225 2615 671 2686 εἰδωλολατρείας
687 2614 1004 2685 κατήργησε
1026 2627 1039 2640 ·
1069 2611 1164 2663 καὶ
1192 2608 1600 2681 ἐσταυρωμένος
1625 2607 1810 2679 σαρκὶ,

223 2709 459 2782 νεκροὺς
505 2711 568 2761 ὲκ
623 2705 820 2760 πολλοῦ
872 2705 1065 2776 χρόνου
1118 2702 1386 2765 σαπέντας
1436 2701 1548 2773 (52)
1600 2701 1810 2772 ἤγειρε.

225 2802 341 2856 Καὶ
379 2799 646 2853 δέδεικται
693 2799 890 2861 πᾶσιν,
943 2796 1026 2848 ὅτι
1077 2794 1138 2847 οὑ
1173 2794 1240 2846 δι’
1285 2793 1509 2855 ἑαυτὸν,
1564 2791 1699 2844 ἀλλά
1744 2791 1812 2845 δι’

224 2896 378 2965 ἡμᾶς
410 2892 670 2963 ὑπέμεινε
704 2891 900 2954 πάντα,
930 2890 999 2942 ἵν’
1029 2889 1208 2959 ἡμεῖς,
1241 2888 1352 2949 τοῖς
1394 2885 1605 2939 ἐκείνου
1638 2882 1813 2954 παθή-

229 3003 396 3058 μασιν
422 2984 687 3039 ἀπάθειαν
721 2983 815 3037 καὶ
859 2981 1163 3052 ἀφθαρσίαν
1198 2976 1568 3048 ἐνδυσάμενοι,
1599 2975 1810 3048 διαμεί-

224 3094 410 3149 νωμεν
435 3078 515 3140 είς
549 3075 695 3145 ζωὴν
723 3072 960 3127 αἰώνιον.

303 3171 355 3228 5.
402 3169 587 3223 Ταῦτα
633 3168 691 3222 δέ
745 3183 825 3220 σοι
864 3167 1144 3235 συντόμως
1192 3167 1255 3217 ὲκ
1300 3161 1408 3216 τῶν
1455 3160 1597 3224 σῶν,
1629 3157 1812 3221 καθὼς

225 3265 518 3336 προεῖπον,
571 3261 863 3330 δεξάμενος
911 3258 1284 3330 ὑπηγόρευσα,
1335 3253 1486 3307 οὐδὲν
1525 3251 1684 3306 πλέον
1717 3250 1814 3303 ἐπ-

225 3355 667 3429 εξεργασάμενος
709 3351 820 3424 (55)
848 3392 862 3415 ,
902 3350 1039 3404 ἀλλά
1087 3350 1248 3420 μόνον
1286 3347 1347 3399 τὺ
1379 3345 1509 3417 περὶ
1543 3342 1637 3397 τοῦ
1667 3342 1813 3396 θείου

229 3449 469 3520 σταυροῦ
504 3445 917 3518 μνημονεύσας,
965 3444 1053 3496 ἵνα
1085 3445 1142 3495 ὲν
1191 3437 1271 3505 οἷς
1321 3437 1827 3508 ἐσκανδαλίσθησαν.

226 3544 280 3596 οἱ
313 3541 588 3611 ὀλίγωροι,
626 3541 682 3591 ὲν
715 3537 922 3599 τούτοις
961 3530 1482 3606 μεταπαιδευθέντες
1515 3529 1814 3601 προσκυνή-

231 3651 368 3688 σωσι
395 3633 486 3685 τὸν
507 3628 936 3702 ἐσταυρωμένον.
973 3627 1044 3679 Σὺ
1070 3625 1127 3678 δὲ
1147 3623 1384 3696 γνησίως
1407 3623 1534 3684 τοὺς
1551 3620 1815 3682 ἀπίστους

230 3722 386 3776 πεῖθε
407 3739 421 3753 ο
451 3721 591 3792 τάχα
621 3737 735 3784 πως
781 3718 890 3771 ἀπὸ
932 3716 1205 3785 ἀγνωσίας
1235 3713 1348 3785 (54)
1395 3714 1475 3776 εἰς
1523 3711 1816 3780 ἐπίγνωσιν

231 3814 456 3877 ἔλθωσι,
492 3815 587 3867 καὶ
622 3811 951 3865 πιστεύσωσι
984 3808 1184 3870 καλῶς.
1217 3807 1329 3860 Καὶ
1360 3806 1408 3858 εί
1443 3803 1535 3857 καὶ
1563 3803 1812 3872 αὐτάρκη

229 3905 374 3961 αύτά
405 3905 474 3959 τά
503 3903 653 3976 παρά
690 3901 785 3956 σοῦ
811 3898 1112 3972 γραφέντα,
1146 3898 1295 3966 ὅμως
1327 3895 1683 3963 ὑπομνήσεως
1708 3892 1818 3945 ἕνε-

230 4017 328 4054 κεν
354 3997 492 4068 πρὸς
524 3995 650 4059 τοὺς
677 3992 1010 4062 φιλονείκους
1037 3988 1348 4060 προσθεῖναι
1383 3985 1478 4039 καὶ
1513 3983 1687 4038 ταῦτα
1716 3999 1816 4035 κα-

230 4090 322 4143 λόν
347 4108 360 4120 ο
415 4088 503 4140 ἵνα
551 4085 624 4157 μὴ
666 4085 741 4147 ὡς
785 4082 1151 4152 ἐλεγχόμενοι,
1194 4077 1252 4144 ἐξ
1295 4071 1368 4130 ὧν
1397 4074 1814 4145 τετολμήκασιν,

234 4179 604 4251 αἰσχυνθῶσιν
624 4215 639 4242 ,
670 4175 782 4229 ἁλλ’
810 4174 888 4237 ὡς
930 4168 1470 4241 ὑπομιμνησκόμενοι
1521 4166 1596 4236 μὴ
1631 4163 1817 4217 ἐπιλά-

232 4275 436 4330 θωνται
483 4272 582 4341 τῆς
634 4267 910 4340 ἀληθείας.
958 4261 1242 4332 Κρατείτω
1275 4259 1384 4331 γάρ
1416 4258 1483 4312 τά
1525 4259 1582 4309 ὲν
1614 4255 1817 4326 Νικαία

1912 1859 2216 1914 incarnatio
2271 1857 2380 1910 vim
2435 1857 2722 1910 obtineret.
2781 1853 2996 1909 Rursus
3047 1870 3176 1909 vero
3219 1871 3319 1925 par
3358 1871 3484 1910 eum

1910 1960 2027 2006 erat
2051 1950 2128 2004 ita
2161 1961 2281 2003 sese
2314 1962 2543 2016 corpore
2571 1947 2880 2010 ostendere,
2917 1955 2976 2000 ut
3022 1962 3146 2015 quae
3175 1947 3485 2002 divinitatis

1981 2232 2034 2286 4.
2070 2229 2196 2284 Ha-c
2247 2227 2414 2299 igitur
2461 2225 2770 2297 intelligens
2822 2224 3082 2294 indelis,
3126 2227 3306 2283 discat
3333 2226 3486 2282 illum

1914 2323 2176 2380 infantem
2220 2321 2438 2390 quidem
2472 2318 2717 2389 jacuisse
2743 2318 2796 2372 in
2823 2321 3111 2389 praesepio,
3146 2320 3239 2375 sed
3274 2334 3485 2388 magos.

1915 2431 1948 2471 a
1985 2414 2184 2484 quibus
2207 2412 2472 2466 adoratus
2497 2419 2602 2474 est,
2628 2409 2732 2463 sibi
2761 2409 3108 2475 subdidisse;
3141 2410 3318 2464 discat
3357 2425 3490 2479 pue-

1915 2522 2038 2562 rum
2068 2520 2192 2560 eum
2216 2502 2562 2558 descendisse
2592 2501 2646 2554 in
2675 2499 2995 2571 AEgyptum,
3022 2500 3115 2554 sed
3166 2499 3490 2553 idololatria:

1914 2597 2206 2656 simulacra
2235 2595 2558 2650 deturbasse
2585 2609 2601 2659 ;
2657 2589 2833 2648 discat
2863 2606 3026 2646 carne
3054 2591 3274 2661 quidem
3309 2593 3490 2646 cruci-

1914 2691 2082 2746 ﬁxum
2113 2690 2288 2759 ipsum
2323 2701 2465 2750 esse,
2500 2693 2557 2740 at
2589 2692 2833 2739 mortuos
2873 2683 3045 2738 multo
3085 2684 3200 2752 jam
3243 2691 3490 2754 tempore

1914 2789 2208 2853 corruptos
2237 2779 2629 2834 exsuscitasse.
2662 2775 2907 2846 Denique
2950 2777 3130 2846 palam
3167 2775 3373 2832 factum
3405 2787 3491 2830 est

1917 2875 2096 2946 ipsum
2122 2887 2232 2926 non
2259 2879 2482 2942 propter
2514 2885 2597 2936 se,
2623 2868 2717 2923 sed
2756 2877 2976 2940 propter
2997 2884 3096 2923 nos
3122 2869 3308 2924 omnia
3325 2870 3492 2931 susti-

1913 2969 2121 3030 nuisse,
2138 2976 2199 3020 ut
2215 2980 2315 3018 nos
2330 2964 2448 3032 ejus
2467 2962 2815 3032 passionibus
2831 2963 3323 3032 impassibilitatem
3345 2973 3399 3018 et
3415 2963 3492 3017 iu-

1833 3068 1875 3125 c
1908 3057 2314 3127 corruptionem
2333 3053 2858 3114 induent'es“,vitam
2881 3055 3189 3110 viveremus
3208 3062 3488 3110 azternam.

1985 3151 2038 3205 5.
2070 3149 2195 3203 Haec
2226 3158 2404 3204 autem
2437 3146 2690 3210 breviter,
2723 3161 2789 3200 ex
2842 3145 2969 3212 tuis,
2999 3154 3060 3200 ut
3091 3146 3226 3212 dixi,
3265 3156 3490 3200 mutua-

1916 3253 2026 3309 tus,
2059 3241 2297 3306 dictavi,
2354 3243 2557 3309 quibus
2605 3239 2740 3294 nihil
2776 3238 2924 3293 aliud
2968 3237 3099 3293 duxi
3146 3239 3488 3302 addendum,

1916 3337 2022 3391 nisi
2071 3334 2213 3404 quod
2262 3332 2434 3387 solius
2475 3332 2656 3386 crucis
2693 3330 3058 3393 meminerim,
3087 3339 3148 3384 ut
3177 3346 3298 3399 quae
3328 3331 3488 3385 incu-

1914 3426 2080 3482 riosis
2108 3423 2366 3479 seandalo
2399 3422 2638 3487 fuerunt,
2668 3420 2755 3476 bis
2776 3421 2931 3491 ipsis,
2958 3428 3166 3474 imitata
3189 3421 3489 3483 sententia,

1915 3517 2115 3573 adduci
2146 3516 2360 3587 possint
2411 3525 2469 3569 ut
2511 3514 2848 3570 Crucitixum
2889 3512 3138 3566 adorent.
3188 3510 3269 3565 'l'u
3305 3520 3487 3565 autem

1916 3607 2162 3662 inﬁdeles
2210 3606 2314 3660 rite
2364 3603 2596 3674 perdoce
2628 3621 2642 3657 :
2676 3603 2816 3658 forte
2847 3602 2994 3657 enim
3027 3601 3274 3657 futurum
3309 3611 3394 3657 est
3429 3611 3489 3657 ut

1917 3698 2105 3754 relicta
2152 3695 2369 3752 inscitia
2391 3695 2459 3751 ad
2485 3695 2730 3751 veritatis
2769 3696 3139 3765 cognitionem
3170 3695 3491 3765 perveniant

1916 3801 2170 3858 recteque
2196 3789 2442 3844 credant.
2493 3787 2738 3843 Tametsi
2781 3803 2909 3844 vero
2937 3789 3071 3844 satis
3106 3799 3234 3844 sunt
3264 3804 3385 3859 qua:
3431 3797 3491 3844 tu

1917 3881 2035 3950 ipse
2060 3879 2351 3949 scripsisti,
2380 3880 2522 3935 haud
2551 3880 2620 3934 ab
2651 3895 2710 3935 re
2751 3889 2932 3934 tamen
2963 3880 3126 3935 fuerit
3156 3880 3271 3935 ha:c
3296 3881 3494 3946 admog

1917 3974 2145 4028 nitionis
2167 3988 2354 4038 causa,
2383 3980 2605 4041 propter
2637 3971 2907 4043 litigiosos
2945 3972 3068 4026 illos
3094 3971 3346 4026 homines
3393 3973 3492 4026 ad-

1915 4065 2166 4130 didisse;
2220 4074 2281 4119 ut
2330 4063 2490 4134 735
2539 4063 2748 4118 scilicet
2787 4079 2895 4117 non
2945 4066 3103 4134 quasi
3134 4065 3206 4118 ob
3250 4081 3335 4129 ea,
3367 4081 3490 4135 quae

1918 4163 2040 4217 ausi
2085 4169 2233 4226 sunt,
2279 4159 2515 4215 convicti
2545 4159 2873 4214 erubescant
2903 4199 2917 4224 ,
2969 4159 3061 4214 sed
3110 4169 3190 4224 ut,
3227 4169 3486 4227 tanquam

1918 4251 2340 4309 commonefacti
2372 4292 2389 4318 ,
2446 4250 2695 4306 veritatis
2730 4266 2839 4304 non
2899 4250 3314 4306 obliviscantur.
3365 4249 3486 4304 Vim

233 4363 389 4437 παρά
425 4362 535 4415 τῶν
571 4359 831 4429 Πατέρων
885 4355 998 4426 (55)
1039 4351 1469 4424 ὁμολογηθέντα·
1521 4347 1658 4420 ὀρθὰ
1709 4349 1807 4418 γάρ

1920 4346 2066 4403 enim
2113 4347 2347 4400 habeant
2394 4359 2516 4413 qua:
2545 4342 2734 4398 Patres
2786 4341 2978 4398 Nicaeae
3025 4353 3152 4398 sunt
3203 4342 3484 4398 confessi:

380 4417 482 4509 καὶ
513 4451 674 4506 ἱκανά
715 4417 1288 4514 πᾶσανὶάσεϐεστάτ-ην
1328 4417 1807 4512 αἵρεσιν-ἀνατρέζ

1923 4452 2070 4500 recta
2113 4443 2314 4512 quippe
2346 4439 2434 4494 illa
2466 4449 2595 4494 sunt
2635 4438 2942 4506 idoneaque
2992 4437 3058 4490 ad
3092 4451 3310 4490 omnem
3336 4450 3492 4488 ενοι..

231 4547 366 4617 ψαι,
395 4545 492 4599 καὶ
525 4542 762 4615 μάλιστα
793 4539 892 4610 τὴν
930 4534 1234 4608 Ἀρειανὴν,
1273 4533 1370 4603 τὴν
1408 4534 1487 4595 εἰς
1519 4531 1610 4583 τὸν
1640 4531 1813 4598 Λόγον

232 4638 329 4694 ’τσῦ
354 4634 489 4690 Θεοῦ
526 4634 637 4705 (56)
681 4629 1089 4701 δυσφημοῦσαν,
1122 4626 1216 4680 καὶ
1248 4624 1308 4688 ἐξ
1353 4626 1601 4693 ἀνάγκης
1639 4625 1720 4686 είς
1749 4625 1814 4681 τδ

233 4729 463 4798 Πνεῦμα
490 4724 653 4780 αὐτοῦ
692 4724 757 4778 τὸ
798 4723 951 4791 am
993 4715 1380 4772 δυσσεϐοὖσαν.
1433 4714 1813 4786 Προσαγόρευε

233 4823 445 4882 πάντας
485 4820 612 4882 τοὺς
645 4815 820 4889 ὀρθῶς
854 4811 1200 4886 φρονοῦντας.
1243 4803 1714 4878 Προσαγορεύουσί
1752 4821 1813 4860 σε

233 4914 437 4976 πάντες
463 4912 512 4964 oi
540 4912 636 4964 σὺν
669 4910 822 4979 ἡμῖν.

1923 4535 2142 4590 tendam
2177 4531 2445 4597 haeresim,
2480 4539 2533 4584 et
2549 4528 2793 4582 maxime
2820 4528 3099 4589 Arianam,
3145 4542 3266 4597 qua:
3288 4527 3342 4580 in
3386 4525 3479 4580 Dei

1923 4624 2160 4678 Verbum
2189 4622 2454 4691 injuriosa
2501 4629 2604 4685 est,
2637 4618 2972 4688 proindeque
3003 4617 3057 4670 in
3093 4625 3340 4671 sanctum
3369 4615 3489 4684 ejus

1923 4715 2182 4787 Spiritum
2227 4715 2413 4785 impia.
2469 4712 2653 4767 Saluta
2683 4726 2875 4767 omnes
2899 4710 2991 4780 qui
3018 4718 3161 4765 recte
3201 4711 3441 4766 sentiunt
3470 4727 3484 4762 :

1921 4817 1974 4863 te
1998 4808 2241 4865 salutant
2273 4820 2464 4862 omnes
2497 4805 2591 4876 qui
2623 4803 2908 4859 nobiscum
2947 4811 3098 4857 sunt.

311 5034 358 5065 ²⁹
397 5029 556 5085 Joan.
586 5044 626 5095 ι,
665 5025 752 5080 14.
826 5024 870 5054 ³ο
908 5021 1068 5076 Joan.
1111 5035 1187 5084 ιι,
1221 5015 1407 5080 54,45.
1481 5013 1523 5045 ³¹
1565 5011 1742 5068 lCor.
1778 5026 1867 5074 xv,
1905 5011 1994 5066 55.

331 5125 422 5193 51)
442 5120 565 5193 ξος.
589 5132 801 5193 vo_cem_,
821 5113 979 5193 ἀθέου
1008 5111 1356 5193 ιιιΙιΙίιηιιυιιιη
1477 5114 1529 5193 et
1690 5119 1801 5193 om.

331 5126 422 5193 51)
442 5126 565 5191 Seg.
589 5132 801 5178 vocem,
821 5126 979 5168 αυεου
1008 5126 1174 5172 auuu,
1195 5126 1356 5178 quam
1373 5126 1462 5188 aut
1477 5126 1529 5159 el
1545 5126 1673 5185 eoin
1690 5126 1801 5160 om.

307 5126 423 5266 is?)
443 5191 627 5266 Ssx-al
642 5187 809 5266 Bas“:
831 5185 1037 5266 addunt
1052 5181 1327 5266 εταῖιένῖειξ
1337 5178 1458 5266 =31"
1474 5185 1528 5266 εξ
1539 5178 1801 5266 £91912":-

311 5245 424 5332 ἰὲέἡ
467 5245 559 5315 sic
587 5257 974 5330 Seguerianus.
1000 5253 1070 5306 At
1099 5252 1189 5306 alii
1219 5259 1274 5305 et
1303 5247 1456 5311 editi,
1503 5245 1806 5317 ἐξεργασά-

241 5351 830 5475 Pﬂigi}seguerianus
858 5393 1128 5475 ethB_a_sil.,
1147 5388 1264 5475 ἀπὸ
1289 5383 1808 5475 ἀγνωσίαςλςὲειῆ

238 5488 295 5531 et
313 5441 1128 5537 \e’di’ti:
1147 5441 1368 5537 seguer.
1395 5441 1808 5537 ettloblerian?

242 5524 591 5599 ξείέαέὲιέέωσὶ.
628 5524 732 5592 ΛΙίὶ
767 5546 820 5591 et
839 5524 994 5595 editi,
1037 5524 1400 5584 πιστεύσουσι.
1425 5527 1620 5599 ibidem
1637 5524 1806 5599 _Gob|.

241 5594 504 5671 muli-(ile.
550 5612 602 5675 1,
639 5619 698 5663 ιιι
746 5617 798 5662 et
857 5594 990 5676 legit
1031 5600 1298 5664 Nannius,
1352 5597 1448 5652 καὶ
1494 5599 1543 5649 εἰ
1592 5594 1666 5665 μὴ
1707 5596 1806 5648 αύ-

241 5688 445 5742 τάοκη.

1985 5099 2098 5171 (35)
2141 5097 2232 5171 Sic
2251 5097 2374 5171 Seg.
2397 5093 2691 5171 et_Bas;At
2716 5094 2883 5171 aliirt
2903 5093 3069 5171 edi_l_io
3092 5093 3340 5171 Gemini,
3355 5097 3486 5171 παρ’

1912 5163 2091 5225 αὐτῶν
2117 5167 2398 5238 Πατέρων.
2430 5165 2549 5238 Mox
2579 5163 2702 5233 Seg.
2721 5164 2876 5220 Gobl.
2905 5175 2959 5218 et
2980 5163 3119 5219 Felc.
3147 5163 3197 5230 1,
3223 5163 3356 5236 ὀρθὴ
3379 5163 3488 5238 γάρ

1913 5245 2031 5294 ἐστι
2063 5239 2160 5291 καὶ
2190 5237 2368 5306 ἱκανή.

1981 5307 2114 5392 ςόίξ).
2142 5302 2488 5392 Seguerian._,
2519 5302 2801 5392 τούΡΘεοζι.
2834 5302 2890 5356 1η
2919 5303 3040 5392 aliis
3065 5312 3119 5392 et
3141 5303 3309 5392 editis
3332 5302 3487 5392 deest

1914 5373 2032 5435 τοῦ.
2071 5373 2189 5433 Mox
2220 5373 2342 5431 haec
2374 5376 2557 5438 verba,
2590 5373 2648 5438 ἐξ
2677 5375 2919 5444 ἀνάγκης
2951 5377 3029 5439 εἰς
3046 5374 3120 5444 ,τὸ
3139 5373 3365 5444 Πνεῦμα
3391 5375 3490 5428 aii-4

1917 5452 2009 5506 τοῦ
2040 5450 2101 5501 τὺ
2134 5448 2285 5516 ἆγιον
2319 5444 2700 5516 δυσσεὸοὗσαν,
2736 5443 2932 5516 absunt
2973 5461 3002 5499 a
3034 5443 3199 5498 Basil.
3232 5443 3332 5499 nec
3363 5461 3489 5514 ver-l

1920 5524 1982 5575 tit
2018 5515 2283 5587 interpres
2312 5517 2366 5568 in
2399 5517 2634 5587 editione
2664 5515 2875 5587 C_omm.
2905 5515 3039 5587 Ibid.
3077 5516 3484 5587 Seguer.,_acs-

1915 5589 2116 5644 ϐοὖσαν
2149 5583 2657 5654 ρι-οδυσσεϐοὖσαν.
2693 5583 2837 5639 Idem
2892 5586 2945 5638 in
2993 5586 3098 5640 line
3125 5583 3178 5639 et
3216 5583 3407 5653 Basil.,
3432 5588 3484 5638 ei

1922 5664 2016 5716 σὺν
2038 5646 2195 5732 ἡμῖν.
2231 5656 2419 5712 Caeleri
2447 5664 2500 5710 et
2532 5658 2681 5719 editi,
2713 5656 2761 5707 οἱ
2794 5656 2890 5708 σὺν
2919 5656 3060 5727 ἐμοί.
3390 5646 3400 5653 ’
3484 5646 3490 5655 ’
