3810 6228
358 244 493 307 ίθῦι
927 249 984 306 S.
1027 242 1400 305 ATHANASII
1441 243 1800 300 OPP.!’ARS
1838 246 1879 300 1.
1921 273 1991 286 -—
2031 241 2402 299 HISTORICA
2445 242 2530 298 ET
2575 241 2995 298 DOGMATICA.
3485 237 3664 292 409?.

675 696 803 786 IN
879 693 1197 788 DUOS
1270 689 1747 787 CONTRA
1848 689 2780 782 APOLLINARIUM
2871 691 3308 784 LIBROS

1622 947 2346 1065 MONITUM.

415 1434 460 1494 l.
504 1437 691 1491 Libros
719 1436 968 1490 adversus
998 1433 1386 1504 Apollinarium
1403 1433 1467 1485 ab
1488 1433 1784 1487 Athanasio
1804 1435 2122 1503 conscriptos
2153 1439 2407 1487 memorat
2438 1427 2682 1494 Proclus,
2713 1431 2953 1484 oratione
2975 1431 3145 1486 suain
3164 1432 3367 1502 synodo
3388 1434 3624 1488 secunda

349 1525 937 1594 Constantinopolitano
963 1521 1074 1592 (57)
1107 1541 1120 1575 :
1146 1521 1298 1590 cujus
1334 1522 1590 1591 insignem
1621 1522 1796 1575 locum
1823 1524 1908 1576 hic
1933 1522 2260 1591 afferendum
2283 1523 2605 1578 censuimus.
2641 1519 2708 1573 Et
2736 1521 3073 1579 Athanasius
3099 1525 3201 1588 ait,
3231 1523 3484 1581 diversas
3505 1530 3625 1596 epi-

349 1620 518 1675 stolas
547 1619 614 1674 ad
645 1617 1046 1688 Apollinarium
1075 1617 1289 1683 scribit,
1322 1625 1586 1685 tanquam
1616 1619 1806 1672 eadem
1843 1618 1896 1671 in
1927 1618 2032 1672 ﬁde
2061 1620 2361 1688 sapientem
2393 1635 2407 1672 :
2437 1628 2492 1672 et
2527 1627 2710 1672 tamen
2744 1627 2938 1686 postea
2967 1619 3141 1675 libros
3176 1621 3418 1693 integros
3452 1623 3620 1678 etiam

348 1723 471 1784 post
494 1724 723 1768 mortem
753 1712 1073 1785 Apollinarii
1101 1713 1323 1781 scripsit
1350 1712 1617 1767 adversus
1642 1727 1768 1767 eum
1805 1714 2039 1784 cognitis
2069 1715 2216 1769 illius
2259 1714 2312 1767 in
2362 1712 2568 1783 scripto
2620 1713 2991 1782 blasphemiis.
3014 1715 3080 1771 Et
3115 1718 3251 1774 nihil
3279 1721 3624 1790 Apollinario

346 1805 670 1874 profuerunt
691 1819 813 1873 quae
845 1813 971 1858 ante
1003 1804 1072 1857 ad
1098 1803 1274 1869 illum,
1306 1813 1564 1873 tanquam
1611 1805 1799 1858 eadem
1835 1805 1888 1858 in
1923 1805 2026 1860 lide
2061 1807 2385 1876 sapientem,
2417 1805 2620 1874 scripta
2657 1814 2805 1859 sunt.
2847 1806 3098 1863 Leontius
3132 1811 3256 1865 item
3295 1811 3429 1866 libro
3464 1819 3624 1870 tertio

345 1909 536 1956 contra
567 1898 880 1954 Nestorium
914 1909 967 1952 et
992 1897 1295 1969 Eutychen,
1349 1897 1643 1966 gloriatum
1677 1913 1821 1962 esse,
1857 1900 1954 1962 ait,
1980 1898 2413 1968 Apollinarium,
2440 1898 2868 1954 innumerabiles
2912 1902 3172 1972 epistolas
3210 1905 3280 1960 ad
3319 1922 3446 1962 eum
3482 1912 3623 1964 scri-

346 2006 466 2067 ptas
513 2011 635 2050 esse
663 1995 947 2050 Athanasii
995 1993 1194 2064 Magni,
1224 1993 1540 2062 Serapionis
1587 2003 1642 2048 et
1682 1993 1938 2059 aliorum,
1964 1995 2278 2064 quicunque
2325 1992 2546 2047 fuerunt
2579 2001 2710 2048 tunc
2749 1991 3012 2064 fulgentia
3061 1996 3244 2053 sidera
3284 2007 3338 2054 et
3367 2003 3621 2055 veritatis

344 2096 800 2158 propugnatores.
821 2087 1061 2152 Quarum
1092 2095 1264 2139 tamen
1291 2087 1636 2152 epistularum
1661 2086 1813 2140 nulla
1832 2086 1952 2154 jam
1977 2095 2230 2156 superest.
2255 2083 2405 2139 Idem
2423 2083 2694 2149 Leontius,
2723 2085 2817 2139 lib.
2840 2101 2878 2150 ι,
2901 2088 3006 2140 duo
3034 2088 3188 2157 affert
3211 2089 3328 2143 loca
3356 2106 3422 2144 ea:
3443 2095 3621 2161 primo

344 2184 629 2238 Athanasii
657 2184 924 2237 adversus
947 2181 1343 2250 Apollinarium
1381 2181 1538 2246 libro,
1565 2191 1614 2234 et
1644 2181 1810 2234 alium
1845 2196 1911 2235 ex
1948 2181 2084 2234 libro
2118 2179 2364 2244 secundo,
2395 2179 2486 2232 ubi
2523 2180 2810 2233 secundum
2840 2189 2990 2233 vocat
3021 2196 3160 2243 eum,
3194 2183 3285 2250 qui
3333 2199 3514 2236 revera
3563 2186 3620 2235 in

341 2278 498 2331 editis
527 2277 788 2330 secundus
825 2284 923 2328 est.
949 2277 1114 2340 Quem
1143 2274 1266 2326 item
1288 2273 1517 2341 synodus
1547 2289 1599 2326 VI
1630 2274 1947 2326 aecumenica
1982 2271 2233 2342 δεύτερον
2265 2270 2423 2339 λόγον
2462 2279 2751 2339 nuncupat.
2784 2269 3018 2324 Joannes
3045 2287 3246 2341 quoque
3284 2271 3618 2338 Maxentius,

342 2375 433 2444 qui
461 2373 555 2426 sub
596 2375 808 2426 initium
843 2371 1054 2439 scripsit
1085 2383 1133 2422 vt
1166 2369 1370 2434 sazculi,
1429 2383 1493 2422 ex
1553 2369 1723 2437 primo
1780 2367 1916 2420 libro
1965 2366 2138 2420 locum
2187 2366 2341 2434 affert
2369 2364 2653 2418 Athanasii
2690 2367 2918 2420 nomine.
2974 2365 3193 2419 Necnon
3229 2365 3466 2423 Joannes
3499 2369 3618 2422 Da-

339 2480 614 2519 ntascenus
637 2474 684 2518 et
709 2464 806 2516 alii
842 2479 1064 2532 quorum
1091 2460 1390 2514 testimonia
1427 2461 1539 2512 suis
1575 2460 1800 2528 inferius
1853 2467 2107 2512 notantur
2136 2459 2285 2511 locis.
2313 2455 2381 2510 In
2409 2457 2650 2510 omnibus
2685 2458 2846 2512 etiam
2883 2474 3011 2512 mss.
3047 2459 3102 2512 hi
3141 2460 3244 2513 duo
3277 2459 3401 2513 libri
3432 2464 3621 2516 eodem

339 2557 586 2610 locuntur
618 2556 824 2608 ordine.

410 2647 476 2702 ll.
512 2646 609 2701 Tot
642 2657 870 2704 veterum
899 2647 1224 2711 testimonia,
1252 2661 1450 2700 necnon
1479 2646 1818 2714 antiquorum
1845 2645 2083 2698 codicum
2111 2643 2426 2706 auctoritas,
2451 2641 2670 2710 majoris
2701 2641 2845 2712 apud
2875 2659 2968 2696 nos
2998 2651 3121 2696 sunt
3155 2653 3429 2708 momenti,
3453 2661 3620 2715 quam

337 2751 399 2796 ut
434 2742 746 2794 recentiores
781 2741 1036 2810 quosdam
1060 2740 1364 2806 audiamus,
1389 2755 1613 2808 quorum
1634 2739 1729 2792 alii
1756 2740 2005 2806 primum,
2037 2738 2133 2791 alii
2159 2737 2442 2791 secundum
2476 2746 2670 2791 contra
2705 2737 3101 2807 Apollinarium
3127 2739 3321 2792 librum
3345 2739 3404 2793 in
3427 2742 3621 2810 suspi-

341 2834 539 2888 cionem
572 2845 794 2886 vocant:
818 2833 942 2902 quia
975 2835 1309 2900 potissimum
1333 2831 1486 2886 ambo
1515 2816 1624 2884 tam
1652 2831 1933 2885 Athanasii
1955 2831 2151 2901 stylum
2180 2831 2414 2901 referunt
2435 2847 2595 2900 quam
2623 2831 2715 2900 qui
2753 2831 3000 2884 maxime.
3031 2829 3183 2884 Libet
3212 2848 3339 2886 sane
3364 2835 3620 2902 quadam

338 2929 720 2984 Athanasianaz
741 2927 986 2981 dictionis
1007 2927 1266 2995 exempla,
1300 2935 1359 2980 ut
1389 2941 1594 2980 omnem
1630 2942 1690 2980 ea
1731 2927 1794 2980 de
1819 2942 1874 2979 re
1909 2925 2218 2995 scrupulum
2250 2925 2494 2988 levemus,
2534 2939 2812 2994 apponere.
2849 2920 3094 2975 Primum
3134 2923 3274 2976 enim
3309 2924 3406 2976 lib.
3436 2938 3476 2990 t,
3507 2942 3619 2979 nu-

338 3042 480 3082 mero
509 3023 564 3092 6,
592 3039 821 3077 errorem
848 3038 1028 3076 eorum
1060 3023 1150 3093 qui
1174 3021 1376 3076 Christi
1408 3037 1596 3090 corpus
1627 3021 1960 3074 adorandum
1989 3019 2266 3089 negabant.
2296 3021 2402 3074 nisi
2431 3021 2635 3075 cteleste
2663 3019 3057 3088 indreatumque
3085 3029 3242 3084 esset,
3267 3020 3454 3074 iisdem
3481 3039 3620 3075 con-

337 3117 479 3185 futat
512 3114 858 3186 argumentis,
886 3129 950 3166 ac
979 3129 1352 3182 nonnunquam
1373 3113 1562 3166 iisdem
1580 3112 1767 3176 verbis,
1799 3113 1986 3183 quibus
2007 3129 2169 3181 supra
2194 3112 2250 3166 in
2275 3112 2503 3182 epistola
2528 3112 2596 3166 ad
2617 3109 2965 3180 Adelphium.
2997 3110 3068 3167 Et
3095 3129 3240 3167 num.
3264 3115 3330 3168 lO
3351 3115 3514 3181 illud,
3543 3117 3619 3171 Τι

336 3208 517 3263 τοίνυν
539 3206 819 3280 μέμφεσθε
836 3207 1150 3279 Ἀρειανοῖς,
1169 3218 1297 3276 etc.,
1317 3207 1503 3262 iisdem
1530 3207 1636 3276 fere
1673 3207 1836 3261 verbis

2115 3219 2277 3274 supra
2306 3205 2363 3257 in
2387 3204 2625 3275 Epistula
2659 3204 2726 3260 ad
2744 3202 3066 3274 Epictetum.
3099 3205 3237 3260 Item
3267 3225 3484 3264 numero
3519 3210 3615 3270 l2.

335 3300 475 3371 quod
500 3300 564 3353 de
591 3300 944 3369 quaternitate
974 3301 1186 3372 legitur,
1214 3319 1371 3374 quam
1414 3319 1446 3355 a
1487 3300 1778 3356 Catholicis
1825 3317 1920 3372 pro
1968 3299 2229 3354 Trinitate
2272 3300 2456 3354 induci
2505 3299 2930 3354 criminabantur
2954 3300 3358 3369 Apollinaristte
3379 3344 3394 3368 ,
3424 3309 3617 3361 eadem

336 3390 595 3444 sententia
633 3389 852 3443 habetur
878 3391 1050 3460 Epist.
1080 3393 1147 3446 ad
1177 3391 1505 3462 Epictetum.
1534 3391 1618 3447 Ne
1651 3394 1838 3459 multa,
1874 3393 1920 3447 si
1956 3393 2042 3446 cui
2073 3393 2231 3448 libeat
2267 3394 2400 3448 duos
2439 3391 2704 3447 adversus
2737 3391 3135 3461 Apollinarium
3169 3397 3333 3451 libros
3369 3399 3620 3468 conferre

335 3497 457 3536 cum
483 3481 605 3534 aliis
637 3481 920 3535 Athanasii
947 3487 1210 3553 operibus,
1235 3489 1564 3559 maximeque
1607 3502 1728 3540 cum
1760 3483 2019 3554 Epistolis
2049 3487 2116 3540 ad
2162 3485 2487 3556 Epictetum,
2522 3485 2590 3539 ad
2621 3483 2948 3554 Adelphium
2975 3499 3029 3544 et
3064 3489 3133 3543 ad
3171 3489 3496 3555 Maximum,
3535 3500 3616 3545 tot

337 3580 430 3634 ille
454 3579 573 3634 loca
597 3580 942 3638 deprehendet
970 3584 1108 3636 inter
1139 3600 1193 3638 se
1223 3585 1421 3654 amnia,
1449 3595 1506 3638 ut
1532 3584 1596 3638 ab
1619 3584 1797 3639 eodem
1823 3584 2060 3653 profecta
2095 3586 2350 3652 scriptore
2375 3583 2506 3637 nihil
2533 3583 2789 3653 ambigat.
2823 3579 3052 3639 Secundi
3075 3585 3218 3650 libri,
3243 3601 3407 3655 quam
3422 3586 3614 3653 primi,

339 3677 652 3748 γνησιότης,
685 3679 858 3732 minus
883 3680 939 3731 in
965 3681 1311 3749 suspicionem
1334 3683 1506 3735 venit:
1530 3683 1620 3736 sed
1655 3692 1835 3736 neuter
1873 3699 2050 3736 revera
2071 3681 2286 3738 dubius.

410 3763 500 3823 Ill.
533 3767 670 3822 Sane
699 3771 967 3839 permistis
994 3771 1197 3839 pridem
1226 3772 1510 3826 Athanasii
1549 3774 1700 3827 libris
1741 3790 1831 3826 nec
1859 3791 1955 3826 suo
1985 3773 2101 3827 loco
2134 3774 2343 3842 positis,
2377 3772 2608 3844 difficilis
2641 3772 2745 3842 fuit
2773 3785 3049 3841 germanos
3085 3787 3118 3823 a
3147 3769 3344 3836 spurits
3366 3771 3615 3824 interno-

337 3872 498 3912 scere.
526 3857 649 3911 Jam
675 3875 792 3912 vero
831 3862 920 3912 ubi
945 3876 1262 3930 qutecunque
1298 3862 1620 3930 Apollinarii
1653 3872 1889 3932 spectant
1935 3861 2177 3915 lueresim
2213 3874 2581 3933 consequenter
2624 3861 2888 3926 locantur,
2917 3863 3141 3916 minoris
3175 3879 3254 3917 res
3281 3875 3360 3917 est
3389 3863 3608 3932 negotii.

338 3948 606 4020 Contingit
640 3952 779 4004 enim
812 3968 1012 4018 semper
1043 3969 1163 4005 cum
1199 3969 1331 4006 nova
1371 3955 1612 4008 exoritur
1652 3955 1887 4022 hteresis,
1921 3972 2054 4008 nova
2098 3957 2226 4010 item
2261 3960 2436 4022 verba,
2470 3971 2728 4026 novasque
2749 3958 3058 4020 sententias,
3087 3958 3224 4010 inter
3249 3957 3610 4026 disceptantes

339 4059 438 4096 usu
467 4047 656 4100 venire.
689 4045 866 4110 Quare
888 4046 962 4099 nil
990 4047 1187 4100 mirum
1224 4049 1270 4101 si
1311 4051 1367 4101 in
1393 4051 1668 4118 postremis
1705 4050 1843 4104 hisce
1881 4059 2069 4104 contra
2101 4050 2492 4119 Apollinarium
2525 4050 2839 4104 tractatibus
2865 4052 3111 4120 quaedam
3147 4051 3430 4105 insolenter
3460 4052 3612 4106 dicta

339 4145 690 4212 reperiantur.
719 4144 850 4208 Qua:
881 4155 1055 4199 tamen
1077 4145 1219 4199 haud
1243 4146 1320 4199 ita
1348 4147 1519 4200 multa
1550 4156 1694 4201 sunt.
1726 4146 1793 4200 Et
1824 4149 1870 4201 si
1901 4147 2054 4200 initio
2080 4148 2242 4215 primi
2261 4158 2445 4202 contra
2470 4147 2863 4218 Apollinarium
2894 4144 3016 4200 libri
3039 4156 3324 4200 occurrunt
3347 4147 3610 4201 nonnulla

337 4250 456 4304 qua:
483 4235 767 4289 Atltanasii
789 4237 1013 4306 fortasse
1047 4222 1332 4290 dictionem
1386 4240 1562 4292 minus
1614 4240 1866 4309 referant,
1899 4241 2049 4294 nulla
2098 4242 2219 4294 hinc
2275 4240 2489 4304 νοθείας
2533 4241 2857 4302 coniectura.
2922 4238 3307 4293 Advertendum
3353 4241 3491 4292 enim
3536 4243 3611 4294 ad

337 4336 562 4388 amicum
587 4335 670 4388 hic
694 4337 993 4405 responderi
1018 4337 1107 4406 qui
1143 4353 1270 4391 suas
1303 4353 1419 4391 cum
1451 4338 1850 4406 Apollinaristis
1879 4339 2265 4409 disputationes
2281 4339 2572 4393 Athanasio
2606 4342 2935 4392 recensuerat
2961 4349 2980 4410 ξ
3008 4348 3170 4402 quare
3201 4333 3492 4386 rescribens
3512 4351 3617 4388 ea-

337 4429 456 4483 dem
476 4428 537 4482 de
565 4445 618 4482 re
644 4430 990 4496 Athanasius,
1024 4447 1124 4484 non
1152 4449 1275 4486 suas
1304 4433 1458 4486 modo
1497 4434 1698 4504 sibique
1729 4433 2046 4502 familiares,
2081 4434 2170 4488 sed
2204 4435 2361 4487 amici
2386 4450 2586 4504 quoque
2618 4441 2666 4486 et
2690 4427 3196 4501 Apollinaristarum
3224 4443 3370 4481 voces
3394 4435 3616 4481 senten-

339 4527 542 4594 tiasque
570 4537 813 4593 usurpat,
849 4527 986 4595 quod
1009 4527 1116 4594 fere
1141 4527 1201 4597 fit
1227 4528 1363 4582 inter
1390 4527 1743 4598 disputantes.
1781 4527 1846 4582 Id
1889 4540 2064 4582 autem
2111 4529 2206 4582 sub
2241 4529 2452 4582 initium
2501 4536 2710 4580 tantum
2757 4534 3055 4594 comparet:
3079 4525 3136 4578 in
3169 4524 3612 4593 subsequentibus

337 4618 474 4671 enim
494 4634 664 4680 nemo,
693 4619 778 4671 cui
801 4618 970 4687 stylus
1002 4618 1288 4673 Athanasii
1315 4631 1468 4674 notus
1493 4621 1582 4684 sit,
1616 4636 1716 4673 non
1751 4621 2048 4691 loquentem
2073 4619 2421 4673 Athanasium
2449 4619 2708 4674 advertat.

410 4708 498 4764 IV.
532 4709 791 4764 Caeterum
816 4726 975 4780 quam
1005 4713 1148 4764 varie
1175 4713 1319 4766 circa
1349 4713 1552 4767 Christi
1590 4729 1868 4782 personam
1902 4721 2138 4766 errarent
2170 4711 2585 4781 Apollinaristce,
2627 4729 2884 4785 quamque
2916 4729 3107 4784 parum
3143 4711 3244 4766 sibi
3277 4721 3456 4764 mutuo
3477 4725 3614 4763 can-

337 4811 560 4870 starent,
595 4803 738 4855 haud
765 4803 923 4856 semel
947 4804 1028 4856 his
1055 4805 1111 4857 in
1137 4805 1288 4860 libris
1312 4817 1526 4860 enarrat
1557 4807 1901 4861 Athanasius.
1935 4806 2044 4860 Alii
2069 4807 2207 4859 enim
2258 4804 2476 4858 Verbum
2504 4808 2758 4868 putabant
2798 4810 2915 4864 sola
2960 4809 3128 4876 spec-ie
3153 4820 3366 4858 carnem
3391 4819 3611 4856 assum-

337 4901 542 4970 psisse;
574 4901 670 4954 alii
699 4891 910 4955 carnem
936 4903 1192 4956 cazlestem
1218 4909 1268 4953 et
1292 4900 1583 4952 increatam
1606 4899 1804 4966 sibique
1827 4897 2329 4952 consubstantialem
2365 4897 2588 4952 Verbum
2611 4901 2864 4955 induisse.
2897 4900 3125 4955 Mentem
3147 4915 3265 4953 rero
3289 4899 3610 4959 humanam,

339 5002 518 5064 utpote
549 4997 774 5062 peccatis
803 4995 1060 5065 ntalisque
1095 4993 1508 5064 cogitationibus
1541 4993 1843 5055 obnoxiam,
1887 5011 1919 5045 a
1953 4991 2118 5045 Verbo
2150 5003 2477 5066 assumptum
2526 4995 2737 5048 minime
2764 4995 2926 5064 fuisse
2968 4991 3315 5064 pugnabant:
3346 4996 3463 5061 qua:
3499 4990 3612 5059 fuit

338 5084 845 5153 Apollinaristarum
867 5086 1118 5140 hwreseos
1141 5085 1291 5154 quasi
1323 5094 1540 5138 tessera.
1575 5082 1935 5152 Apollinarius
1969 5091 2161 5146 tamen,
2195 5071 2406 5148 Vitalis,
2441 5094 2490 5138 et
2521 5087 2566 5137 si
2597 5086 2686 5154 qui
2713 5087 2808 5139 alii
2834 5087 2990 5156 hujus
3011 5095 3164 5139 secta:
3192 5085 3452 5146 homines,
3479 5098 3608 5136 cum

337 5191 448 5230 sese
471 5195 500 5231 a
528 5177 813 5232 Catholicis
845 5180 1022 5250 urgeri
1054 5186 1342 5241 cernerent,
1375 5193 1586 5230 carnem
1612 5175 1813 5231 Christi
1846 5185 2040 5228 nostra:
2085 5176 2312 5230 similem
2339 5195 2469 5236 esse.
2504 5189 2659 5248 atque
2686 5195 2751 5233 ea:
2783 5179 2960 5234 Maria
3003 5187 3327 5244 assumptum
3355 5175 3605 5246 fateban-

337 5276 460 5332 tur;
489 5269 596 5322 imo
623 5271 855 5323 animam
886 5285 1086 5341 quoque
1117 5270 1208 5323 sed
1246 5279 1458 5324 tantum
1483 5270 1821 5330 sensitivam,
1849 5267 1948 5331 vel,
1981 5279 2035 5320 ut
2072 5268 2148 5321 ait
2190 5266 2407 5334 Suidas,
2440 5271 2673 5324 animam
2705 5272 2857 5324 vituli
2895 5276 2948 5328 in
2987 5271 3197 5327 Christo
3223 5267 3605 5323 admittebant.

339 5363 610 5421 Hactenus
637 5369 700 5420 de
733 5366 882 5421 libris
913 5378 1102 5422 contra
1141 5367 1562 5436 Apollinarium,
1603 5381 1732 5436 quos
1762 5365 2038 5433 postremis
2080 5365 2361 5419 Athanasii
2402 5367 2524 5421 vita:
2562 5369 2714 5421 annis
2759 5367 3082 5436 conscriptos
3130 5374 3416 5432 putamus,
3459 5375 3606 5411 anno

335 5458 547 5513 circiter
571 5459 694 5512 572.
721 5460 907 5528 Atque,
939 5468 997 5512 ut
1030 5469 1192 5528 patet,
1221 5469 1334 5529 post
1361 5456 1660 5528 Epistolam
1689 5456 1755 5510 ad
1784 5453 2110 5523 Epictetum,
2135 5455 2188 5509 in
2219 5472 2322 5527 qua
2350 5471 2550 5511 errores
2588 5458 2850 5527 ejusmodi
2873 5458 3027 5530 quasi
3049 5457 3298 5510 hactenus
3326 5450 3604 5508 inauditos

335 5560 562 5604 recenset
598 5551 940 5606 Athanasius.
975 5552 1089 5606 Hac
1113 5553 1177 5606 de
1207 5569 1262 5606 re
1289 5551 1458 5620 fusius
1488 5552 1541 5606 in
1573 5547 1694 5605 Vita
1724 5547 2032 5605 Athanasii.

409 5665 522 5738 (37)
555 5667 713 5721 Tom.
743 5666 783 5720 ν
818 5667 1022 5724 Concil.
1063 5685 1116 5738 p.
1144 5668 1267 5726 459.
