3810 6228
410 255 549 316 l095
1053 237 1111 294 S.
1152 234 1520 292 ATHANASII
1553 232 1706 290 OPP.
1748 230 1928 286 PARS
1961 231 2003 285 l.
2032 261 2100 270 —
2127 229 2498 286 lllSTORlCA
2534 229 2620 284 ET
2663 229 3086 288 DOGMATICA.
3524 236 3679 292 1096

399 372 615 424 eorum,
632 355 713 411 vel
732 355 1114 427 resipiscenles
1131 371 1242 408 rem
1266 353 1722 413 animadvertant,
1747 352 1828 405 vel
1849 351 1966 405 alio:

2129 371 2207 416 πυς
2239 353 2452 423 ἁπατᾷν
2494 350 2566 421 μὴ
2610 349 2906 416 δύνωνται,
2963 350 3268 422 κατάληψιν
3314 356 3682 425 ευκρινεστὰ-

401 449 653 519 decipere
701 463 812 502 non
860 447 1094 510 valeant,
1135 445 1263 500 dum
1313 443 1716 514 apertissimam
1766 441 1966 495 Christi

2129 467 2171 519 ιν
2215 448 2342 518 περὶ
2386 444 2627 516 Χριστοῦ
2691 443 3149 514 ὑπισχνούμενοι,
3213 443 3298 514 μὴ
3351 446 3675 512 νοοῦντες,

401 539 944 609 comprehensionem
970 537 1296 606 pollicentur
1319 578 1334 602 ,
1378 551 1481 588 non
1505 533 1858 603 intelligantes
1883 548 1973 584 ne-

401 651 498 702 que
518 649 632 703 quae
663 633 967 701 loquuntur,
992 646 1153 700 neque
1173 628 1236 683 de
1259 629 1446 699 quibus
1467 629 1729 698 aﬂirmant
1748 627 1812 681 ³³.

470 724 524 778 2.
555 722 687 778 Nam
717 725 906 776 Patres
933 722 1150 792 quidem
1185 721 1392 786 dixere,
1424 717 1969 778 consubstantialem,

401 831 521 872 esse
544 816 691 871 Patri
721 815 940 876 Filium,
973 830 1039 869 ac
1079 814 1250 868 Deum
1282 829 1471 869 verum
1504 827 1571 866 ex
1607 810 1716 865 Deo
1743 825 1892 875 vero,
1920 821 1973 862 ct

398 907 696 978 perfectum
737 924 802 963 ex
842 907 1104 978 perfecto.
1142 906 1244 972 Qui
1277 905 1474 960 deinde
1521 903 1802 959 descendit
1845 917 1972 970 pro-

397 1012 516 1072 pter
551 1011 794 1058 nostram
834 1003 1101 1065 salutem,
1139 1001 1456 1054 incarnatus
1495 1009 1550 1053 et
1579 998 1745 1052 homo
1795 996 1972 1052 factus

395 1107 500 1161 est,
533 1109 598 1148 ac
625 1095 973 1164 postmodum
1001 1107 1198 1161 passus
1225 1101 1308 1146 est
1334 1099 1389 1145 et
1419 1089 1740 1145 resurrexit.
1772 1087 1876 1142 Sed
1903 1103 1972 1142 ne

395 1190 519 1258 quis
549 1189 732 1242 audita
759 1187 1016 1257 passione
1037 1195 1091 1240 et
1105 1185 1523 1246 resurrectione,
1547 1181 1714 1236 Deum
1734 1181 1970 1236 Verbum

394 1289 664 1334 mutatum
696 1295 816 1334 esse
846 1279 1108 1348 cogitaret
1131 1294 1145 1343 ;
1172 1275 1567 1331 immutabilem
1591 1283 1644 1329 et
1669 1275 1970 1328 invariabi-

395 1373 500 1426 lem
535 1389 655 1428 esse
688 1371 886 1425 Filium
911 1371 1260 1425 damnatione
1294 1369 1535 1424 adhibita
1569 1367 1854 1422 deﬁniunt.
1879 1366 1969 1421 Isti

396 1479 526 1518 vero
574 1475 665 1517 aut
717 1463 1072 1517 mutationem
1105 1460 1263 1515 Verbi
1311 1460 1844 1516 comminiscuntur:
1878 1467 1970 1512 aut

394 1554 677 1610 Passionis
699 1556 1174 1625 dispensationem'
1213 1568 1418 1607 meram
1464 1567 1585 1608 esse
1623 1551 1967 1621 phantasiam

394 1647 747 1716 suspicantur
775 1664 787 1699 :
821 1655 986 1715 atque
1016 1644 1286 1698 interdum
1325 1644 1621 1698 increatam
1649 1643 1962 1697 cmlestem-

393 1753 501 1808 que
539 1737 743 1792 Christi
775 1751 1020 1801 carnem,
1057 1734 1352 1804 aliquando
1404 1733 1592 1787 deitati
1645 1733 1798 1786 aiunt
1843 1745 1966 1786 esse

392 1830 935 1886 consubstantialem.
967 1827 1192 1894 Deinde,
1229 1826 1505 1896 inquiunt,
1540 1826 1657 1878 vice
1691 1824 1967 1878 interioris

391 1921 484 1990 qui
509 1920 562 1973 in
583 1919 743 1974 nobis
772 1928 876 1983 est,
904 1917 1166 1983 hominis,
1200 1927 1436 1970 mentem
1477 1915 1753 1970 caelestem
1788 1915 1967 1969 inesse

389 2011 632 2066 Christo.
665 2009 800 2064 Nam
832 2010 1007 2080 ﬁgura
1044 2009 1131 2063 illa
1161 2009 1350 2063 dicunt
1379 2022 1486 2076 qna
1514 2007 1856 2073 induebatur,
1883 2005 1968 2058 in-

392 2111 505 2156 star
531 2103 720 2172 organi
750 2116 882 2155 usus
909 2108 1025 2155 est:
1056 2113 1231 2168 neque
1251 2098 1395 2151 enim
1420 2095 1678 2166 possibile
1697 2104 1814 2150 erat
1841 2111 1966 2165 per-

391 2191 590 2247 fectum
652 2193 927 2246 hominem
979 2191 1132 2244 ilium
1178 2188 1318 2244 ﬁeri.
1364 2185 1466 2241 Ubi
1499 2186 1646 2241 enim
1696 2185 1968 2256 perfectus

392 2283 575 2346 homo,
611 2283 681 2336 ibi
707 2293 758 2336 cl
789 2289 1069 2352 peccatum
1096 2298 1110 2335 :
1141 2281 1376 2350 itemque
1401 2280 1510 2332 duo
1533 2276 1766 2346 perfecta
1796 2292 1964 2330 unum

391 2377 508 2430 ﬁeri
552 2393 659 2430 non
695 2385 943 2445 possunt.
986 2374 1205 2444 Alioqui
1246 2373 1299 2426 in
1335 2371 1558 2427 Christo
1601 2372 1705 2425 erit
1744 2385 1807 2424 ea
1844 2386 1968 2440 qua:

389 2469 447 2525 in
466 2471 623 2524 nobis
647 2479 749 2534 est,
773 2485 950 2538 pugna
971 2467 1180 2538 peccati
1207 2485 1220 2520 :
1245 2480 1492 2536 Opusque
1513 2465 1614 2519 erit
1635 2465 1684 2519 ei
1711 2465 1798 2518 illa
1823 2463 1964 2534 apud

391 2577 492 2617 nos
517 2562 632 2616 ﬁeri
659 2562 817 2616 solita
845 2560 1166 2630 purgatione
1195 2577 1208 2613 :
1242 2559 1287 2612 si
1313 2557 1569 2613 Christus
1602 2558 1766 2612 homo
1788 2555 1965 2611 factus

389 2655 535 2724 quod
554 2657 608 2710 in
625 2657 780 2710 nobis
796 2654 999 2723 cogitat
1019 2652 1178 2723 737
1195 2658 1248 2706 et
1264 2665 1486 2706 carnem
1508 2659 1687 2705 movet
1705 2650 1759 2703 in
1785 2650 1966 2719 seipso

389 2747 701 2818 suscepisse
745 2745 1086 2800 exhibeatur.
1137 2743 1242 2797 Sed
1299 2742 1620 2811 assumpsit,
1686 2741 1963 2810 inquiunt,

389 2851 590 2906 corpus
638 2837 846 2905 absque
907 2823 1107 2896 mente,
1141 2841 1204 2886 ut
1243 2833 1360 2902 ipse
1402 2848 1557 2886 mens
1587 2833 1640 2885 in
1682 2832 1772 2886 illo
1800 2842 1963 2900 esset,

388 2943 586 2998 expers
614 2927 838 2981 omnino
858 2927 1086 2996 peccati,
1115 2941 1239 2980 cum
1270 2926 1479 2980 ratione
1509 2925 1826 2991 divinitatis,
1852 2936 1964 2980 tum

2067 541 2218 613 μήτε
2249 539 2287 593 ἂ
2313 538 2581 607 λέγουσι,
2607 535 2758 605 μήτε
2786 535 2921 604 περὶ
2948 537 3129 588 τίνων
3159 534 3669 591 διαϐεϐαιοῦνται.

2141 742 2196 796 9..
2231 742 2292 794 Οἱ
2323 738 2422 809 μὲν
2460 735 2569 808 γὰρ
2613 734 2855 806 Πατέρες
2900 733 3216 804 εἰρήκασιν,
3252 729 3539 802 ὁμοούσιον
3567 731 3667 784 τὸν

2074 833 2200 886 Υἱὸν
2241 831 2319 902 τῷ
2347 828 2524 898 Πατρί
2549 865 2563 889 ,
2599 826 2692 880 καί
2723 824 2853 878 Θεὸν
2893 821 3142 892 ἀληθινὸν
3183 823 3247 874 ὲκ
3279 818 3416 873 Θεοῦ
3462 822 3669 891 ἀληθι-

2071 924 2185 987 νοῦ,
2222 923 2316 976 καὶ
2347 921 2546 974 τέλειον
2581 921 2645 971 ὲκ
2673 915 2877 970 τελείου
2904 933 2916 946 ·
2964 914 3155 978 ἔπειτα
3198 912 3528 967 κατελθόντα
3569 912 3667 965 διὰ

2069 1017 2168 1087 τὴν
2197 1015 2469 1087 ἡμετέραν
2501 1009 2772 1080 σωτηρίαν
2792 1047 2808 1070 ,
2858 1005 3209 1077 σαρκωθέντα
3228 1044 3242 1067 ,
3301 1003 3669 1074 ὲνανθρωπή-

2072 1127 2259 1172 σαντα,
2301 1104 2400 1161 εἷθ’
2428 1104 2600 1168 οὕτως
2631 1101 2872 1155 παθόντα
2895 1140 2910 1163 ,
2954 1101 3048 1152 καὶ
3076 1097 3400 1152 ἀναστάντα.
3443 1097 3565 1148 Ἵνα
3599 1095 3665 1148 δὲ

2075 1204 2147 1274 μή
2185 1219 2299 1264 τις,
2349 1197 2520 1260 πάθος
2564 1195 2654 1248 καὶ
2705 1193 3001 1247 ἀνάστασιν
3037 1188 3277 1250 ἁκούων,
3325 1185 3666 1256 ἠλλοιῶσθαι

2070 1298 2158 1351 τὸν
2189 1295 2319 1348 Θεὸν
2347 1291 2518 1358 Λόγον
2547 1288 2780 1340 ὲννοοῖτο
2798 1327 2813 1349 ,
2843 1283 2904 1336 τὸ
2939 1283 3206 1354 ἄτρεπτον
3236 1279 3327 1331 καὶ
3358 1276 3665 1330 ἀναλλοίω-

2067 1406 2158 1441 τον
2201 1384 2296 1438 τοῦ
2333 1381 2461 1436 Υἰοῦ
2513 1377 2651 1450 μετὰ
2686 1375 2948 1446 κρίματος
2973 1371 3316 1444 διορίζονται.
3351 1362 3508 1421 Οὗτοι
3533 1367 3594 1419 δὲ
3619 1367 3659 1436 ἢ

2069 1479 2352 1536 ἀλλοίωσιν
2401 1473 2494 1528 τοῦ
2528 1473 2702 1537 Λόγου
2749 1466 3146 1536 φαντάζονται,
3201 1461 3235 1532 ἢ
3288 1461 3505 1530 δόκησιν
3553 1458 3660 1528 τὴν

2067 1569 2378 1640 οἰκονομίαν
2422 1563 2515 1618 τοῦ
2571 1561 2774 1624 πάθους
2828 1555 3309 1626 ὑπολαμϐάνουσι·
3365 1551 3495 1603 ποτὲ
3552 1550 3658 1619 μὲν

1997 1692 2041 1752 Β
2069 1668 2320 1721 άκτιστον
2368 1661 2462 1711 καὶ
2505 1655 2828 1724 ἐπουράνιον
2859 1650 3109 1716 λέγοντες
3140 1645 3239 1715 τὴν
3281 1642 3374 1696 τοῦ
3407 1640 3654 1710 Χριστοῦ

2434 1750 2441 1752 _
2496 1748 2531 1752 _-
2589 1748 2599 1752 _
2727 1743 2738 1752 ,
2926 1741 2950 1751 ,
3027 1738 3052 1752 Α
3098 1737 3111 1752 ,
3343 1728 3476 1752 mu
3540 1747 3615 1752 η-

2067 1761 2242 1830 σάρκα
2265 1796 2279 1819 ,
2329 1750 2460 1804 ποτὲ
2491 1748 2547 1801 δὲ
2579 1743 2863 1816 ὁμοούσιον
2893 1741 2989 1810 τῆς
3027 1737 3296 1807 θεότητος.
3343 1728 3502 1795 Εἶτα,
3537 1747 3652 1830 φα-

2065 1821 2171 1916 σὶν,
2195 1846 2315 1904 ἀντὶ
2338 1841 2431 1897 τοῦ
2461 1837 2661 1892 ἔσωθεν
2693 1837 2750 1886 ὲν
2781 1833 2912 1904 ἡμῖν
2939 1827 3228 1899 ἀνθρώπου
3252 1823 3376 1888 νοῦς
3414 1821 3657 1893 ἐπουρά.

2063 1960 2174 2006 νιος
2211 1943 2268 1993 ὲν
2308 1930 2550 2006 Χριστῷ.
2605 1929 2695 1990 Ὡς
2740 1926 2849 1996 γὰρ
2900 1923 3013 1994 (45)
3060 1919 3353 2006 ὀργανικῷῖ
3379 1918 3654 1989 κέχρηται

2066 2037 2303 2106 σχήματι
2338 2026 2416 2098 τῷ
2449 2021 2792 2094 περιέχοντιο
2841 2017 2902 2069 οὐ
2943 2012 3052 2084 γὰρ
3086 2006 3196 2065 οἷόν
3236 2027 3296 2063 τε
3337 2005 3406 2080 ἦν
3439 2009 3653 2106 fama”

2063 2099 2350 2196 ἄῦθρωπον
2387 2115 2550 2170 αὑτὸν
2577 2109 2848 2180 γενέσθαι.
2878 2107 3050 2159 Ὅπου
3086 2103 3194 2174 γὰρ
3216 2101 3418 2196 τέλειος
3443 2099 3653 2196 ἄνθρω-

2064 2188 2184 2282 πος,
2211 2216 2326 2269 ἐκεῖ
2350 2210 2445 2265 καὶ
2471 2202 2730 2278 ἁμαρτίαο
2755 2200 2850 2254 καί⁵
2872 2199 2953 2252 ὅτι
2980 2195 3074 2249 δύο
3094 2193 3276 2246 τέλεια
3304 2189 3360 2243 ἒν
3386 2188 3650 2259 γενέσθαι

2063 2312 2122 2364 οὐ
2175 2308 2399 2362 δύναται
2426 2317 2440 2331 ·
2494 2299 2616 2352 ἐπεὶ
2661 2296 2811 2349 ἔσται
2856 2291 2952 2346 καὶ
2985 2292 3043 2343 ὲν
3081 2285 3300 2358 Χριστῷ
3343 2286 3377 2355 ἡ
3419 2285 3479 2336 ὲν
3515 2283 3653 2352 ἡμῖν

2068 2403 2217 2473 μάχη
2249 2398 2350 2468 τῆς
2375 2392 2650 2464 ἁμαρτίας
2674 2407 2688 2420 ·
2729 2387 2824 2442 καὶ
2857 2384 3008 2437 ἔσται
3035 2379 3183 2450 αὐτῷ
3205 2377 3366 2450 χρεία
3393 2374 3491 2428 τοῦ
3524 2373 3653 2426 καθ’

2062 2466 2217 2568 ήμέςν
2246 2466 2608 2562 καθαρισμοῦ,
2647 2483 2695 2536 εἰ
2742 2481 2802 2534 τὸ
2845 2474 3075 2548 φρονοῦν
3115 2473 3209 2526 κα)⁸
3257 2472 3318 2524 τὸ
3358 2469 3490 2537 ἄγον
3533 2466 3653 2532 (46)

2162 2590 2292 2658 ἡμῖν
2327 2585 2424 2655 τὴν
2467 2582 2643 2651 σάρκα
2685 2572 2918 2645 Χριστὸς
2955 2571 3014 2621 ὲν
3056 2564 3234 2634 ἑαυτῷ
3285 2563 3654 2616 ἐπιδέδεικται

2064 2653 2353 2750 γενόμενος
2384 2653 2688 2743 ἅνθρωπος.
2726 2663 2886 2718 Ἀλλὰ
2916 2658 3096 2720 ἔλαϐε,
3126 2655 3374 2750 φασὶὶτὸ
3399 2653 3654 2750 ἁνόηττῗι,

2064 2773 2132 2824 ἵν’
2167 2769 2328 2830 αὐτὸς
2423 2763 2549 2824 νοῦς
2579 2764 2636 2814 ὲν
2660 2757 2829 2826 αὐτῷ,
2857 2755 2952 2807 καὶ
2978 2753 3241 2819 ἄγευστος
3336 2745 3514 2815 πάντη
3547 2743 3659 2814 τῆς

2068 2835 2536 2934 ἀμαρτίαςξκατά
2558 2870 2620 2922 γε
2651 2851 2712 2904 τὸ
2741 2848 2916 2902 θεῖκὸν
2946 2845 3041 2898 καὶ
3061 2842 3121 2894 τὸ
3149 2841 3371 2909 ἀνόητον
3403 2836 3518 2907 (47)
3550 2835 3657 2905 τῆς

2069 2929 2287 3024 σαρκός.
2342 2947 2478 3002 Uine
2516 2945 2626 3015 γὰρ
2663 2941 2895 3011 ἁμάρτοι
2941 2935 3007 2988 ἂν
3050 2937 3084 3004 ὴ
3132 2931 3265 3024 σὰρξ
3295 2929 3388 2983 τοῦ
3421 2930 3658 3024 ἄγοντος

390 3021 601 3074 ratione
621 3018 825 3083 carnis,
850 3033 972 3088 qua‘:
1011 3018 1218 3087 absque
1254 3026 1438 3071 mente
1477 3017 1566 3072 sit.
1606 3015 1792 3087 Neque
1814 3020 1958 3073 enim

2188 3043 2385 3114 σάρκα,
2418 3037 2664 3090 τουτέστι
2693 3029 2786 3084 τοῦ
2821 3026 3164 3098 φρονοῦντος,
3190 3021 3276 3116 μὴ
3305 3020 3660 3116 προενθυμη.

391 3118 578 3180 peccat
613 3124 742 3165 caro
760 3108 879 3178 ejus
919 3109 1012 3178 qui
1046 3122 1266 3162 carnem
1298 3117 1498 3172 movet,
1535 3109 1588 3163 id
1622 3118 1705 3164 est
1739 3111 1834 3180 qui
1865 3127 1962 3166 co-

389 3203 544 3274 gitat,
577 3201 624 3256 si
652 3201 696 3256 is
727 3201 881 3272 prius
920 3201 1129 3270 peccati
1176 3209 1357 3254 actum
1399 3215 1508 3254 non
1557 3208 1740 3256 mente
1764 3217 1963 3258 conce-

390 3295 559 3363 perit;
583 3301 637 3346 et
665 3291 711 3347 si
744 3307 838 3361 per
871 3306 1070 3360 corpus
1102 3291 1168 3345 ad
1196 3292 1404 3361 peccati
1432 3293 1962 3348 consummationem

389 3393 650 3453 operatus
674 3398 783 3436 non
813 3380 996 3436 fuerit.
1032 3379 1187 3437 Unde
1220 3384 1404 3439 carnis
1425 3385 1644 3453 quidem
1669 3386 1962 3439 novitatem

388 3475 644 3530 Christus
681 3475 1138 3530 commonstravit
1174 3491 1274 3545 pro
1302 3477 1516 3530 ratione
1549 3477 1963 3532 similitudinis:

392 3567 685 3620 novitatem
717 3575 898 3620 autem
924 3567 1044 3638 ejus
1077 3570 1172 3637 qui
1201 3567 1255 3622 in
1283 3568 1440 3623 nobis
1466 3570 1688 3639 cogitat,
1718 3585 1813 3640 per
1839 3571 1964 3624 imi-

393 3661 652 3715 tationem
679 3669 732 3714 et
754 3660 1166 3714 similitudinem
1196 3669 1250 3714 et
1273 3660 1658 3715 abstinentiam
1686 3675 1717 3715 a
1748 3670 1968 3732 peccato

392 3754 770 3820 unusquisque
804 3751 857 3804 in
894 3751 1073 3820 seipso
1097 3751 1336 3806 exhibet.
1364 3749 1431 3805 Et
1461 3752 1540 3806 sic
1573 3753 1820 3807 Christus
1851 3753 1969 3808 sine

392 3855 619 3914 peccato
654 3843 992 3913 intelligitur.

461 3936 516 3991 5.
544 3935 667 3991 Haec
693 3948 820 3991 sunt
853 3936 1068 3990 illorum
1103 3936 1461 4006 sophismata,
1486 3944 1540 3990 et
1567 3937 1633 3990 ad
1671 3952 1758 3992 res
1784 3937 1966 3992 detor-

393 4013 637 4096 quendas
671 4029 900 4083 consilia
939 4047 951 4082 :
998 4044 1175 4098 neque
1215 4045 1355 4084 unus
1384 4038 1468 4083 est
1501 4029 1718 4084 illorum
1746 4046 1966 4086 sermo:

2067 3113 2250 3198 θέντος
2277 3132 2376 3204 τὴν
2402 3127 2599 3201 πρᾶξιν
2639 3123 2740 3193 τῆς
2770 3119 3072 3191 ἁμαρτίας,
3117 3115 3211 3170 καὶ
3258 3113 3657 3185 ἐνεργήσαντος

2063 3228 2152 3281 διὰ
2194 3225 2289 3279 τοῦ
2349 3222 2601 3290 σώματος
2654 3217 2734 3277 εἰς
2798 3211 3147 3281 ἐκπλήρωσιν
3196 3207 3292 3277 τῆς
3349 3205 3653 3274 ἁμαρτίας,

2066 3320 2228 3373 Ὅθεν
2275 3315 2477 3386 σαρκὸς
2528 3313 2625 3384 μὲν
2669 3307 2964 3374 καινότητα
3009 3301 3242 3374 Χριστὸς
3291 3298 3659 3352 ἐπιδέδεικται

2065 3411 2186 3464 καθ’
2213 3408 2474 3480 ὁμοίωσιν
2493 3423 2504 3434 ·
2532 3401 2624 3456 τοῦ
2659 3402 2715 3454 δὲ
2747 3397 3068 3470 φρονοῦντος
3097 3397 3154 3447 ὲν
3181 3393 3314 3463 ήμῖν
3341 3390 3440 3462 τὴν
3470 3391 3660 3444 καινά·

2065 3520 2201 3572 τητα
2224 3502 2311 3554 διά
2347 3498 2652 3571 μιμήσεως,
2699 3493 2792 3546 καὶ
2823 3486 3156 3560 ὁμοιώσεως,
3193 3485 3284 3537 καὶ
3319 3482 3659 3572 ἀποχῆς

2068 3571 2361 3659 ἁμαρτίας,
2394 3585 2625 3645 ἕκαστος
2662 3579 2772 3652 (48)
2813 3580 2870 3631 ὲν
2905 3574 3081 3645 ἐαυτῷ
3112 3571 3500 3626 ἐπιδείκνυται.
3545 3571 3659 3624 Καὶ

2066 3679 2237 3742 οὕτως
2262 3681 2463 3732 νοεῖται
2484 3675 2720 3748 Χριστὸς
2746 3672 2916 3744 χωρὶς
2952 3668 3224 3741 ἁμαρτίας

2139 3941 2194 3994 3.
2227 3936 2412 3992 Ταῦτά
2436 3937 2582 3989 ἐστιν
2609 3933 2788 3987 αὐτῶν
2817 3931 2886 3985 τὰ
2910 3931 3241 4002 σοφίσματα,
3284 3929 3380 3982 καὶ
3413 3929 3514 3999 τῆς
3547 3945 3658 3982 πα·

2071 4033 2348 4105 ρατροπῆς
2392 4030 2461 4082 τὰ
2517 4030 2795 4100 νοήματα’
2833 4026 2928 4080 καὶ
2958 4027 3056 4078 οὐκ
3111 4023 3256 4076 ἔστιν
3301 4019 3381 4084 εἷς
3428 4023 3458 4074 ὁ
3496 4022 3658 4089 λόγος

395 4121 563 4174 multa
597 4123 742 4174 enim
785 4121 1181 4175 incredulitatis
1225 4121 1566 4184 diverticula,
1595 4122 1849 4176 humanis
1883 4139 1966 4176 ra-

2129 4125 2248 4178 ›τῶν
2286 4139 2298 4153 ·
2345 4122 2537 4176 πολλαὶ
2578 4121 2688 4192 γὰρ
2732 4120 2831 4188 τῆς
2874 4117 3132 4178 ἀπιστίας
3179 4118 3236 4169 αἰ
3277 4116 3654 4185 παρατροταιὶ,

393 4211 842 4266 tiocinationibus
872 4213 1200 4280 excogitata.
1242 4211 1621 4282 Proponamus
1661 4214 1828 4284 igitur
1861 4215 1966 4267 illis

2129 4218 2426 4289 ’θρωπίνοις
2499 4214 2778 4283 λογισμοῖς
2854 4208 3284 4279 ἐπινενοημέναι.
3350 4206 3657 4278 Προθῶμεν

392 4301 559 4355 divini
597 4301 778 4370 placiti
822 4305 1155 4358 voluntatem
1195 4304 1343 4374 (nam
1363 4305 1591 4374 juravit,
1628 4307 1822 4374 inquit,
1861 4305 1966 4360 Do-

2129 4313 2250 4365 ivov
2278 4310 2489 4372 τούτοις
2518 4307 2628 4378 (49)
2660 4307 2758 4375 τῆς
2789 4301 2884 4356 τοῦ
2912 4301 3046 4355 Θεοῦ
3081 4298 3327 4362 εὐδοκίας
3347 4298 3456 4382 ξῆν
3489 4297 3654 4369 θέλη-

394 4392 586 4457 minus,
613 4402 660 4445 et
678 4408 778 4444 non
805 4393 1069 4462 paenitebit
1101 4394 1325 4464 eum“),
1353 4410 1417 4450 ac
1438 4396 1963 4450 verissima'mcono-

2129 4421 2154 4454 ν
2179 4401 2400 4472 (ὤμοσε
2424 4400 2555 4471 γὰρ,
2583 4399 2736 4468 φησὶ,
2755 4397 2992 4463 Κύριος,
3022 4393 3117 4447 καὶ
3153 4394 3224 4447 οὐ
3245 4388 3658 4460 μεταμεληθή-

393 4482 516 4537 mite
563 4485 1126 4550 consummationem,
1170 4493 1225 4539 et
1277 4485 1669 4541 absolutissimi
1717 4488 1963 4542 beneﬁcii

395 4575 624 4643 gratiam
650 4594 662 4630 :
692 4586 991 4645 mutuoque
1021 4577 1384 4644 sciscitemur,
1414 4587 1472 4632 ut
1504 4595 1692 4633 eorum
1715 4579 1966 4649 explore-

394 4681 517 4720 mus
538 4679 774 4722 mentem
805 4687 818 4722 :
845 4685 975 4723 num
1002 4670 1331 4739 propheticis
1361 4672 1803 4740 praedictionibus
1833 4688 1966 4727 con-

395 4767 643 4814 sonent:
687 4777 816 4815 num
871 4762 1170 4830 apostolica
1225 4763 1553 4817 documeuta
1611 4777 1960 4833 sequantur:

395 4867 523 4904 num
548 4850 603 4904 in
625 4849 846 4906 Patrum
866 4853 1149 4922 praeceptis
1171 4853 1422 4908 incedant
1442 4871 1454 4908 :
1479 4869 1609 4908 num
1649 4853 1966 4910 manifestas

465 5039 509 5070 ³³
550 5039 571 5091 ι
601 5036 742 5092 Tim.
777 5052 816 5105 ι,
849 5037 902 5092 7.
1014 5037 1059 5069 δ”
1083 5035 1227 5092 Psal.
1260 5052 1370 5100 Ctx,
1391 5035 1444 5089 4.

467 5225 577 5296 (45)
614 5225 734 5297 ξΩς
774 5221 905 5294 γάρ,
934 5233 1037 5297 etc.
1075 5222 1174 5297 Sic
1211 5223 1367 5279 Gobl.
1408 5222 1555 5279 Felc.
1593 5223 1616 5279 Ι
1650 5235 1703 5281 et
1734 5225 1858 5297 Seg.
1892 5225 1967 5279 At

393 5293 646 5365 cdi'timq)
674 5293 800 5364 γάρ,
832 5304 886 5347 et
919 5294 997 5365 sic
1024 5293 1232 5365 Anglic.

461 5366 574 5435 (46)
615 5361 924 5435 (ἱόὶὶιετίοη.
950 5361 1187 5418 Felckin.
1212 5364 1262 5424 1,
1295 5361 1638 5435 Seguerian.,
1666 5366 1725 5418 τὸ
1750 5366 1962 5424 ἐνάγον.

392 5433 728 5517 Paulonpost
754 5433 1202 5517 hSe_guqr.ﬁsolus,
1222 5433 1398 5517 Ἀλλὰ,
1424 5435 1585 5517 φησὶ,
1619 5435 1960 5517 τδάνόητον.

395 5506 518 5576 Mox
563 5505 720 5561 Gobl.
754 5504 896 5576 Felc.
927 5507 978 5567 l,
1011 5504 1258 5572 Segucr.,
1290 5505 1345 5555 ἐν
1379 5504 1546 5576 αὐτῷ,
1579 5507 1774 5560 melius
1803 5504 1965 5576 quam

397 5574 546 5697 οιὲιί,
602 5577 658 5629 ὲν
702 5573 878 5642 ἐαυτῷ
923 5592 935 5629 :
975 5575 1134 5628 iidcni
1186 5573 1560 5647 nmnuscripli,
1615 5573 1888 5646 ἄγνωστος

399 5661 440 5697 π
479 5661 598 5697 ντη.

399 5661 598 5714 παντη.

2067 4511 2235 4546 σεται
2260 4494 2278 4563 )
2309 4533 2324 4556 ,
2353 4493 2447 4545 καὶ
2473 4491 2572 4560 τῆς
2603 4488 2976 4560 ἀληθεστάτης
3020 4482 3334 4553 οἰκονομίας
3377 4483 3478 4552 τὴν
3514 4499 3657 4552 συμ-

2069 4587 2383 4656 πλήρωσιν,
2447 4583 2540 4637 καὶ
2599 4581 2700 4650 τῆς
2759 4577 3102 4649 τελειοτάτης
3166 4573 3484 4646 εὐεργεσίας
3554 4573 3655 4643 τὴν

2068 4671 2228 4741 χάριν
2252 4686 2266 4699 ·
2296 4669 2770 4740 ἀντερωτήσαντες
2813 4665 3016 4718 τούτων
3050 4667 3118 4718 τὰ
3153 4665 3419 4734 νοήματα,
3453 4663 3503 4714 εἰ
3536 4664 3653 4724 τοῖς

2071 4765 2430 4836 προφητικοῖς
2484 4761 2595 4831 (50)
2647 4759 2924 4831 μηνύμασι
2986 4757 3303 4828 συνᾴδουσιν
3355 4771 3370 4785 ο
3425 4756 3476 4806 εἰ
3533 4757 3652 4816 τοῖς

2071 4854 2448 4917 ἁποστολικοῖς
2471 4853 2790 4922 διδάγμασιν
2817 4849 3202 4904 ἀκολουθοῦσιν
3227 4862 3241 4876 ⁸
3285 4848 3333 4899 εἰ
3379 4848 3495 4908 τοῖς
3539 4843 3653 4897 τῶν

2142 5224 2254 5294 (47)
2283 5223 2532 5294 segnem,
2557 5218 2649 5294 καὶ
2673 5219 2812 5294 κατά
2842 5217 2903 5271 τὸ
2941 5219 3048 5294 ιξιν.⁵
3066 5215 3190 5294 M0}
3210 5213 3358 5294 idem
3392 5228 3515 5267 eum
3540 5211 3653 5266 Go-

2072 5285 2206 5349 bler.
2240 5285 2292 5348 et
2319 5285 2462 5346 F310.
2497 5285 2546 5353 li,
2577 5290 2882 5361 ἁμαρτάνει
2913 5287 3049 5361 σάρξ
3085 5285 3177 5338 τοῦ
3204 5285 3445 5361 ἄγοντος.

2143 5365 2254 5424 (48)
2297 5363 2439 5417 Edit.
2473 5354 2738 5415 Corninel.
2776 5354 3070 5428 etquidem
3106 5372 3264 5421 mss.,
3297 5356 3362 5428 ἢν
3394 5354 3648 5414 ἕκαστος.

2070 5433 2127 5488 In
2171 5435 2292 5488 aliis
2316 5444 2370 5486 et
2403 5434 2454 5484 in
2485 5433 2618 5485 edit.
2645 5431 2846 5491 Paris.,
2869 5426 2950 5498 ίῆν
2983 5427 3158 5492 deest,
3190 5426 3410 5480 rectius.

2143 5505 2253 5569 (49;
2281 5503 2502 5565 Τούτοις
2531 5503 2683 5556 deest
2715 5502 2766 5551 in
2802 5499 3156 5569 Segueriano.

2081 5645 2115 5697 ἀ
2141 5564 2253 5641 (50)
2296 5564 2532 5643 Anglic”
2561 5574 2618 5624 ὲν
2664 5571 2774 5632 τοῖς
2805 5564 2996 5640 προφ.,
3024 5576 3078 5622 et
3107 5565 3248 5622 infra
3281 5565 3430 5630 item,
3457 5565 3514 5616 ὲν
3531 5564 3649 5625 τοῖς

2122 5661 2272 5697 ποστ.

2122 5661 2272 5698 ποστ.
