3810 6228
129 361 279 417 1υ97

1075 353 1354 409 CONTRA
1392 350 1908 408 APOLLINARIUM
1950 350 2150 406 LIBER
2191 349 2476 409 PRIMUS.

3264 345 3403 404 1098

123 476 413 545 Πάτερων
463 468 884 542 παραγγέλμασι
936 469 1237 540 στοιχοῦσιν
1270 486 1285 500 ·
1317 469 1365 521 εί
1389 467 1488 531 τὰς
1528 469 1726 518 ἐναπο-

1841 465 1923 518 Dei
1967 481 2128 522 voces
2171 483 2279 521 non
2321 464 2666 536 despiciant:
2703 473 2763 518 ut
2789 478 2856 518 ex
2899 461 3229 533 prapheticis
3257 463 3406 517 testi-

126 565 387 628 δείκτους
414 563 506 617 τοῦ
534 561 802 615 Δεσπὸτου
834 560 948 632 (51)
976 561 1160 630 φωνὰς
1189 561 1288 614 οὐκ
1315 558 1597 614 ἀθετοῦσιν
1616 574 1630 588 '
1664 557 1731 609 ἵν’

127 659 197 712 ὲκ
221 657 341 711 τῶν
371 654 731 728 προφητικῶν
767 653 1121 725 μηνυμάτων,
1159 654 1253 706 καὶ
1303 652 1410 706 τῶν
1444 648 1732 704 ἀποστολι-

129 747 248 802 κῶν
277 747 656 818 διδαγμάτων,
695 748 790 800 καὶ
838 745 947 798 τῶν
982 745 1086 799 ὑπὸ
1131 743 1226 798 τοῦ
1258 743 1460 816 Κυρίου
1508 741 1730 813 πληρω-

131 841 344 894 θέντων
387 839 734 911 πραγμάτων
783 838 917 908 (52),
965 839 1217 909 γίγνηται
1267 837 1366 907 τῆς
1400 835 1658 904 ἀληθείας
1693 835 1727 904 η

130 931 432 1004 ὁμολογία,
463 931 681 1002 καὶτῆς
712 930 921 1001 πλάνης
965 931 998 1001 ἡ
1041 929 1267 998 ἕλεγξις.
1315 928 1522 981 Εἴπατε
1551 926 1730 978 τοίνυν

129 1025 181 1076 oi.
206 1023 516 1094 ὲφευρεταὶ
540 1023 633 1076 τοῦ
658 1022 844 1076 καινοῦ
870 1021 990 1074 καθ’
1009 1022 1152 1091 ὑμᾶς
1180 1019 1510 1089 Εὑαγγελίου
1531 1059 1547 1084 ,
1574 1017 1602 1071 ὂ
1629 1018 1731 1071 οὐκ
1757 1032 1769 1044 °

133 1114 283 1166 ἐστιν
351 1113 509 1180 ἄλλο,
575 1113 738 1166 πόθεν
819 1115 948 1183 ὑμῖν
1007 1111 1352 1183 κατηγγέλθη
1396 1110 1508 1181 (55)
1554 1109 1730 1181 σάρκα

133 1205 402 1258 ἄκτιστον
453 1205 654 1274 λέγειν,
699 1203 840 1257 ὥστε
865 1204 897 1276 ἢ
927 1205 1024 1276 τὴν
1057 1205 1284 1274 θεότητα
1313 1203 1406 1256 τοῦ
1433 1203 1606 1271 Λόγου
1649 1205 1731 1266 είς

139 1299 506 1370 μετάπτωσιν
565 1298 767 1371 σαρκὸς
813 1296 1198 1367 φαντάζεσθαι,
1225 1297 1257 1368 ἢ
1290 1295 1387 1367 τὴν
1415 1295 1730 1366 οἰκονομίαν

135 1389 232 1443 τοῦ
259 1391 484 1454 πάθους
531 1391 626 1444 καὶ
664 1388 760 1443 τοῦ
793 1389 1028 1443 θανάτου
1073 1389 1166 1442 καὶ
1216 1388 1314 1460 τῆς
1353 1388 1727 1450 ἀναστάσεως,

137 1484 215 1548 ὡς
257 1484 495 1556 δόκησιν
535 1483 794 1554 νομίζειν.
853 1484 1141 1544 Ἀκτιστος
1202 1481 1298 1551 μὲν
1351 1480 1458 1550 γάρ
1521 1479 1730 1551 πέφηνε

141 1573 281 1646 μόνη
315 1577 351 1645 ή
377 1575 516 1642 ἀγία
543 1573 711 1646 Τριάς
735 1574 832 1645 τῆς
857 1572 1128 1643 θεότητος,
1169 1572 1335 1634 ἀΐδιός
1363 1589 1421 1625 τε
1453 1571 1547 1625 καὶ
1573 1571 1732 1641 ἄτρε-

139 1682 294 1729 πτος.
327 1666 430 1718 καὶ
463 1663 837 1727 ἀναλλοίωτος.
874 1662 1111 1734 Χριστοῦ
1137 1663 1194 1715 δὲ
1224 1661 1366 1715 κατά
1405 1662 1583 1734 σάρκα
1617 1661 1730 1732 (δι)

142 1758 201 1825 ἐξ
225 1755 544 1828 ἀνθρώπων
577 1755 934 1826 ἀνισταμένου
957 1756 1020 1808 ὲκ
1045 1754 1152 1808 τῶν
1184 1754 1428 1825 ἀδελφῶν
1453 1754 1634 1826 ἡμῶν,
1654 1753 1730 1817 ὡς

140 1811 484 1921 γέγραπται,
530 1811 631 1902 καὶ(
676 1811 918 1919 παθητοῦ
970 1847 1062 1900 καὶ
1118 1811 1631 1918 πρωτοτόκουμῶὗ)
1671 1811 1730 1913 ἐξ
1765 1811 1805 1866 Β

143 1941 508 2003 ἀναστάσεως
541 1937 772 2010 νεκρῶν,
811 1938 1373 2008 προκαταγγείλαντος
1399 1935 1492 1989 τοῦ
1541 1936 1728 2006 νόμου,

141 2029 260 2094 πῶς
287 2030 351 2083 τὸ
384 2030 647 2084 ἄκτιστον
675 2029 916 2100 παθητὸν
968 2029 1187 2099 λέγετε;
1227 2027 1259 2098 ἢ
1296 2027 1409 2090 πῶς
1441 2028 1501 2080 τὸ
1551 2026 1731 2097 παθη-

143 2121 231 2174 τὸν
262 2123 526 2176 ἅκτιστον
557 2120 853 2192 ὀνομάζετε
884 2139 896 2185 ;
933 2121 1041 2174 Καὶ
1074 2120 1183 2191 γὰρ
1224 2121 1318 2172 καὶ
1343 2120 1444 2189 τὴν
1473 2117 1732 2172 ἀκτιστον

143 2211 328 2265 οὐσίαν
383 2211 486 2266 τοῦ
527 2213 699 2282 Λόγου
752 2213 999 2285 παθητὴν
1030 2211 1300 2280 λέγοντες,
1347 2212 1428 2275 είς
1480 2209 1578 2281 τὴν
1608 2209 1732 2263 θεό-

147 2321 283 2376 τητα
313 2305 692 2375 βλασφημεῖτε
713 2322 726 2335 ·
759 2307 852 2359 καὶ
875 2307 974 2378 τὴν
999 2305 1249 2376 παθητὴν
1297 2305 1496 2375 σάρκα.
1520 2302 1734 2367 ὀστέοις

149 2412 209 2449 τε
239 2396 353 2468 (56)
386 2398 488 2450 καὶ
533 2397 747 2466 αἵματι,
799 2398 894 2451 καὶ
933 2397 1101 2468 ψυχῇ,
1153 2396 1247 2450 καὶ
1295 2395 1416 2450 ὅλου
1463 2393 1556 2448 τοῦ
1608 2391 1731 2447 καθ’

153 2489 294 2559 ἡμᾶς
321 2488 580 2561 σώματος
614 2490 1004 2562 ἁρμοσθεῖσαν,
1028 2489 1354 2562 ψηλαφητήν
1387 2505 1446 2542 τε
1473 2488 1568 2541 καὶ
1595 2487 1728 2558 όρα-

151 2580 247 2653 τὴν
277 2582 605 2653 γενομένην,
637 2582 889 2636 ἄκτιστον
916 2581 1187 2652 λέγοντες,
1219 2582 1342 2636 δυσὶ
1372 2579 1734 2651 περιπίπτετε

156 2671 441 2743 πτώμασιν
468 2689 483 2702 ⁸
523 2673 555 2742 ἢ
587 2673 886 2743 φαντασίαν
934 2672 1032 2745 τὴν
1061 2672 1224 2739 δεῖξιν
1265 2673 1358 2727 καὶ
1390 2672 1488 2744 τὴν
1536 2671 1735 2743 ἀνοχὴν

156 2762 246 2815 τοῦ
275 2763 487 2828 πάθους
517 2763 1009 2835 ὑπολαμϐάνοντες,
1044 2765 1187 2818 κατά
1209 2764 1308 2836 τὴν
1342 2764 1454 2834 (57)
1479 2764 1586 2818 τῶν
1608 2766 1734 2818 Μα-

161 2859 379 2928 νιχαίων
400 2859 685 2914 ἀσέϐειαν·
717 2859 750 2930 ἢ
781 2859 1040 2930 τοιαύτην
1087 2857 1406 2913 ὑποτίθεσθε
1450 2859 1550 2928 τῆς
1583 2855 1738 2910 ἀκτί-

164 2963 284 3000 στου
305 2949 563 3021 θεότητος
592 2950 689 3021 τὴν
719 2949 926 3003 οὐσίαν.
978 2950 1089 3004 Καὶ
1109 2949 1161 3002 τί
1197 2948 1278 3002 ἔτι
1311 2947 1592 3019 μέμφεσθε
1622 2949 1736 3012 τοῖς

165 3039 220 3092 ἐν
245 3041 560 3112 ἀνθρωπίνῃ
591 3042 772 3112 μορφῇ
801 3042 868 3112 τῇ
899 3039 1040 3094 κατά
1073 3039 1250 3112 σάρκα
1301 3039 1392 3092 τὸν
1438 3039 1570 3092 Θεὸν
1598 3055 1739 3108 φαν-

162 3129 474 3204 ταζομένοις
505 3150 518 3196 ;

229 3227 280 3280 4.
319 3229 481 3283 Ἀλλὰ
509 3229 719 3298 λέγετε,
747 3229 828 3281 ὅτι
867 3227 976 3304 (58)
1009 3227 1262 3293 ἀκτιστος
1287 3229 1478 3300 γέγονε
1509 3233 1575 3302 τῇ
1603 3230 1737 3286 ἑνῶ-

168 3331 244 3368 σει
291 3321 355 3390 τῇ
408 3319 550 3390 πρὸς
605 3319 696 3372 τόν
751 3319 1024 3374 ἄκτιστον.
1090 3320 1368 3374 Ἐντεῦθεν
1413 3322 1470 3375 δὲ
1517 3321 1734 3393 ὑμῶνή

169 3409 333 3482 πλάνη
389 3413 732 3484 δειχθήσεται
768 3413 1125 3482 αὑτὲλεγκτος
1150 3430 1161 3442 ·
1191 3415 1224 3484 ἡ
1253 3413 1361 3486 γὰρ
1398 3415 1496 3485 τῆς
1531 3415 1736 3486 σαρκὸς

167 3498 349 3565 ἓνωσις
379 3505 522 3576 πρὸς
552 3504 649 3575 τὴν
678 3504 772 3558 τοῦ
796 3506 970 3574 Λόγου
1003 3505 1234 3576 θεότητα
1279 3508 1344 3560 ἐκ
1381 3510 1592 3578 μήτρας
1637 3507 1734 3576 γέ-

171 3607 316 3658 γονεν
335 3611 351 3626 ο
383 3595 635 3651 ἐντεῦθεν
666 3596 775 3668 γὰρ
807 3598 976 3668 αὐτὴν
1003 3599 1337 3668 ἀνεστήσατο
1375 3600 1402 3651 ὁ
1445 3599 1638 3666 Λόγος,
1676 3599 1734 3665 ἐξ

172 3679 401 3749 οὐρανῶν
449 3685 834 3755 ἐπιδημήσας·
892 3687 953 3738 οὐ
1003 3686 1431 3758 προϋπάρξασαν
1487 3689 1585 3757 τῆς
1639 3691 1734 3746 τοῦ

174 3768 335 3837 Λόγου
362 3773 679 3846 ἐπιδημίας,
707 3775 738 3846 ἢ
769 3775 866 3846 τῆς
892 3776 1152 3830 Θεοτόκου
1177 3777 1286 3847 (59)
1310 3779 1548 3849 Μαρίας,
1570 3781 1738 3853 μόνης
1777 3781 1783 3787 ⁷

175 3857 234 3911 ὲκ
253 3861 340 3914 τοῦ
385 3866 558 3936 Ἀδὰμ
585 3867 982 3938 καταγομένης,
1015 3870 1107 3922 καὶ
1136 3871 1201 3923 ὲκ
1221 3869 1314 3924 τοῦ
1355 3869 1612 3943 Ἀϐραὰμ
1641 3875 1736 3927 καὶ

176 3949 235 4003 ὲκ
271 3953 359 4007 τοῦ
401 3958 570 4011 sum
615 3959 1129 4032 γενεαλογουμένης,
1174 3962 1270 4014 σὺν
1303 3959 1381 4032 τῷ
1429 3959 1626 4034 Ἰωσὴφ
1657 3965 1735 4036 τῷ

180 4049 629 4119 μεμνηστευμένῳ
654 4049 844 4118 αὐτὴν,
891 4050 1057 4104 ὄντων
1097 4051 1375 4123 ἑκατέρων
1418 4054 1500 4116 είς
1557 4054 1736 4124 σάρκα

180 4131 317 4198 μίαν,
350 4138 531 4202 καθὼς
569 4139 897 4212 γέγραπται,
927 4141 987 4193 οὐ
1029 4143 1093 4213 τῇ
1127 4141 1262 4212 πρὸς
1292 4142 1557 4212 ἀλλήλους
1612 4162 1736 4199 συν-

181 4222 350 4295 αφείᾳ,
388 4229 522 4283 ἀλλά
569 4233 634 4302 τῇ
681 4231 740 4297 ἐξ
785 4232 902 4295 ἐνὸς
941 4231 1202 4304 ὑπάρξειο
1243 4233 1324 4286 ὅτι
1373 4232 1482 4306 γὰρ
1529 4235 1738 4306 ἀθιγεῖς

179 4308 453 4402 διέμειναν,
514 4321 948 4394 μεμαρτύρηται.
975 4324 1236 4378 Γεννᾶται
1281 4321 1374 4381 οὖν
1423 4329 1452 4380 ὁ
1503 4329 1738 4402 Χριστὸς

181 4398 232 4492 εν
268 4402 504 4482 Βηθλεὲμ
531 4411 628 4482 τῆς
671 4411 947 4476 Ἰουδαίας,
994 4413 1083 4466 τον
1137 4415 1335 4487 Ἰωσὴφ
1373 4398 1588 4492 πατέρα
1635 4437 1736 4474 κα-

1763 3161 1811 3225 ο

1834 559 2057 623 moniis,
2098 573 2163 614 ex
2195 560 2510 628 apostolicis
2549 558 2925 623 documentis,
2955 567 3007 610 et
3045 572 3111 610 ex
3151 556 3407 625 oneribus

1833 664 1864 703 a
1891 649 2121 705 Domino
2158 651 2456 721 designatis
2498 650 2742 704 veritatis
2783 647 3059 704 confessio
3107 658 3161 702 et
3206 647 3408 708 erroris

1833 740 2132 796 confutatio
2157 741 2544 811 subsequatur.
2573 739 2918 810 Respondete
2943 737 3130 808 igitur,
3153 745 3410 791 auctores

1831 834 1984 902 novi,
2013 835 2312 890 secundum
2340 849 2458 898 vos,
2484 831 2781 903 Evangelii,
2800 846 2924 886 cum
2958 829 3103 884 aliud
3135 843 3406 899 nusquam

1833 925 1906 980 sit
1949 924 2299 998 Evangelium
2325 969 2340 992 ,
2392 925 2664 980 undenam
2696 923 2850 979 vobis
2905 922 3254 994 praedicatum
3302 927 3407 988 est,

1833 1032 2054 1074 carnem
2081 1018 2377 1071 increatam
2408 1030 2529 1071 esse
2558 1015 2841 1070 dicendam
2867 1031 2882 1080 ;
2924 1013 2998 1068 ita
3029 1021 3088 1067 ut
3120 1021 3215 1067 aut
3238 1011 3410 1066 deita-

1833 1119 1940 1165 tem
1976 1109 2134 1164 Verbi
2177 1108 2231 1162 in
2277 1123 2495 1162 carnem
2543 1108 2809 1177 dilapsam
2845 1115 2901 1160 et
2927 1112 3192 1159 mutatam
3237 1102 3411 1158 fuisse

1831 1200 2360 1267 comminiscamini;
2385 1207 2481 1254 aut
2509 1198 2868 1254 teconomiam
2897 1196 3189 1267 passionis,
3217 1193 3408 1249 mortis

1833 1304 1888 1348 et
1922 1293 2373 1355 resurrectionis,
2421 1307 2626 1346 meram
2674 1289 3019 1360 phantasiam
3065 1286 3405 1343 existimetis.

1835 1383 1964 1440 Sola
1986 1385 2130 1440 enim
2176 1394 2361 1440 sancta
2407 1383 2648 1439 Trinitas
2689 1383 2909 1438 deitatis
2951 1391 3034 1437 est
3073 1381 3314 1437 increata
3353 1387 3410 1433 et

1833 1489 2059 1541 aeterna,
2110 1479 2466 1534 immutabilis
2521 1490 2574 1534 et
2624 1477 2982 1545 invariabilis.
3027 1476 3165 1532 Cum
3227 1485 3407 1530 autem

1833 1567 2086 1624 Christus
2122 1569 2420 1624 secundum
2455 1583 2676 1624 carnem
2717 1584 2783 1624 ex
2831 1567 3150 1622 hominibus
3193 1565 3414 1620 duxerit

1833 1673 2037 1729 ortum,
2067 1664 2272 1718 scilicet
2299 1679 2366 1720 ex
2387 1663 2644 1719 fratribus
2675 1665 2898 1731 nostris,
2931 1671 2994 1718 ut
3017 1662 3278 1732 scriptum
3307 1671 3410 1724 est,

1836 1769 1900 1809 ac
1949 1754 2223 1822 passibilis
2260 1755 2351 1818 sit,
2385 1764 2439 1810 et
2487 1755 2882 1826 primogenitus
2911 1770 2978 1809 ex
3009 1752 3412 1808 resurrectione

1833 1861 2173 1904 mortuorum
2199 1891 2216 1917 ,
2251 1851 2368 1920 lege
2402 1849 2635 1920 idipsum
2670 1849 3088 1918 praenuntiante,
3133 1846 3410 1918 quomodo
3471 1884 3476 1888 ι

1833 1941 1977 2012 quod
2009 1941 2308 1998 increatum
2343 1951 2446 2008 est,
2476 1943 2732 2012 passibile
2759 1942 2984 1998 dicitis?
3009 1948 3101 1995 aut
3133 1941 3409 2010 quomodo

1832 2035 1979 2104 quod
2009 2034 2270 2104 passibile
2296 2043 2400 2102 est,
2435 2035 2736 2090 increatum
2771 2032 3016 2090 vocatis?
3045 2031 3254 2087 Etenim
3280 2047 3407 2086 cum

1834 2125 2132 2182 increatam
2171 2124 2331 2180 Verbi
2361 2126 2726 2181 substantiam
2773 2125 3087 2196 passibilem
3120 2124 3321 2190 dicitis,
3353 2125 3407 2178 in

1833 2216 2176 2272 divinitatem
2204 2217 2613 2287 blasphematis.
2669 2215 2737 2271 Et
2766 2217 2898 2271 dum
2940 2215 3254 2285 passibilem
3282 2230 3408 2269 car-

1834 2322 1982 2374 nem,
2031 2323 2155 2379 quaa
2203 2308 2442 2375 ossibus,
2484 2308 2762 2379 sanguini,
2785 2311 3020 2374 animae,
3047 2315 3102 2361 et
3148 2305 3410 2361 universo

1833 2412 2024 2460 nostro
2076 2402 2293 2473 corpori
2346 2401 2600 2473 adaptata
2638 2409 2745 2464 est,
2791 2415 3018 2472 quaeque
3048 2399 3329 2470 palpabilis
3356 2407 3412 2454 et

1834 2495 2068 2552 visibilis
2091 2503 2194 2562 est,
2223 2493 2520 2550 increatam
2543 2493 2725 2548 dicitis
2749 2534 2764 2558 ,
2797 2491 2996 2561 duplici
3038 2492 3193 2561 lapsu
3226 2493 3411 2547 conci-

1835 2587 2006 2644 ditis:
2037 2594 2134 2643 aut
2182 2587 2326 2643 enim
2381 2586 2772 2641 exbibitioncm
2811 2595 2866 2640 et
2906 2585 3248 2640 tolerantiam
3283 2599 3409 2656 pas-

1836 2681 2010 2738 sionis
2035 2680 2378 2751 phantasiam
2415 2680 2760 2744 existimatis,
2789 2679 2946 2748 juxta
2986 2677 3406 2732 Manichzeoruin

1837 2773 2194 2845 impietatem;
2221 2781 2315 2827 aut
2348 2772 2508 2828 talem
2538 2787 2659 2828 esse
2686 2773 2930 2828 statuitis
2964 2771 3217 2826 increataa
3237 2770 3412 2825 deita-

1837 2867 1909 2921 tis
1963 2865 2350 2921 substantiam.
2398 2863 2606 2935 Ecquid
2653 2864 2832 2919 adhuc
2881 2863 3275 2933 reprehenditis
3315 2877 3412 2918 eos

1837 2958 1931 3028 qui
1955 2959 2008 3011 in
2033 2957 2270 3012 humana
2294 2955 2471 3011 forma
2503 2956 2800 3012 secundum
2826 2971 3046 3012 carnem
3071 2954 3242 3010 Deum
3265 2969 3419 3009 come

1838 3049 2243 3105 miniscuntur?

1909 3229 1962 3284 4.
2002 3227 2105 3284 Sed
2139 3227 2322 3284 dicitis
2353 3228 2654 3282 increatum
2703 3225 2906 3282 factum
2931 3241 3072 3291 esse,
3104 3227 3247 3296 quod
3283 3229 3410 3281 uni-

1835 3334 1953 3380 tum
1975 3322 2047 3378 sit
2067 3337 2191 3377 cum
2224 3322 2485 3376 increato.
2510 3317 2650 3374 llinc
2677 3327 2859 3374 autem
2892 3327 3134 3374 vestrum
3166 3333 3408 3374 errorem

1836 3431 1958 3472 sese
2024 3414 2144 3470 falsi
2195 3427 2423 3482 arguere
2475 3411 2808 3467 ostendetur.
2861 3409 2996 3465 Nam
3052 3411 3236 3466 carnis
3281 3425 3410 3465 cum

1836 3506 1998 3562 Verbi
2024 3505 2307 3560 divinitate
2338 3503 2652 3574 coniunctio
2681 3517 2748 3557 ex
2784 3509 2938 3556 utero
2967 3499 3106 3556 facta
3138 3509 3252 3565 est;
3286 3501 3413 3556 inde

1835 3599 1981 3652 enim
2012 3596 2114 3667 ipsi
2140 3595 2377 3650 Verbum
2411 3609 2536 3650 cum
2567 3608 2600 3648 e
2626 3593 2767 3649 coelo
2797 3592 3105 3648 advenisset
3141 3593 3409 3663 originem

1836 3688 2004 3754 dedit,
2030 3689 2229 3759 quippe
2261 3702 2381 3757 quae
2408 3701 2517 3742 non
2548 3693 2667 3741 erat
2712 3693 3006 3755 antequam
3041 3682 3281 3739 Verbum
3311 3685 3409 3738 ad-

1835 3780 2064 3845 veniret,
2117 3788 2213 3835 aut
2249 3788 2375 3834 ante
2416 3777 2703 3847 Deiparam
2753 3775 3002 3844 Mariam,
3036 3775 3197 3846 cujus
3235 3777 3409 3832 solius

1837 3873 1990 3945 origo
2039 3887 2102 3926 ex
2141 3869 2388 3936 Adamo,
2444 3870 2609 3942 738
2653 3875 2708 3925 et
2749 3884 2921 3941 genus
2941 3885 3009 3925 ex
3041 3868 3317 3924 Abraham
3355 3876 3411 3923 et

1837 3964 2038 4019 Davide
2084 3972 2264 4018 ortum
2301 3962 2346 3994 ³⁸
2384 3970 2660 4027 narratur,
2698 3969 2754 4016 et
2798 3977 2908 4017 una
2947 3961 3136 4031 sponsi
3182 3962 3269 4016 sui
3315 3959 3410 4015 Jo-

1837 4057 1991 4126 seph,
2023 4055 2318 4126 quierant
2348 4053 2457 4110 duo
2501 4054 2556 4108 in
2586 4069 2750 4110 carne
2793 4070 2925 4122 una,
2954 4053 3098 4109 sicut
3143 4053 3408 4124 scriptum

1836 4158 1921 4203 est
1942 4147 2009 4211 ",
2047 4162 2156 4200 non
2183 4154 2370 4201 mutua
2398 4145 2536 4201 inter
2562 4161 2624 4200 se
2650 4145 3019 4215 copulatione,
3049 4144 3143 4202 sed
3167 4144 3313 4214 quod
3342 4159 3408 4200 ex

1837 4255 1948 4295 uno
1991 4240 2290 4309 eodemque
2313 4237 2582 4308 originem
2616 4236 2917 4304 ducerent;
2951 4251 3078 4291 nam
3124 4236 3272 4307 quod
3307 4236 3413 4291 illi-

1836 4331 1947 4386 bati
1980 4329 2362 4394 remanserint,
2393 4337 2647 4383 testatum
2679 4336 2783 4382 est.
2812 4326 3064 4382 Nascitur
3089 4342 3224 4399 ergo
3251 4327 3413 4384 Chri-

1837 4433 1956 4480 stus
1982 4425 2038 4478 in
2069 4421 2344 4477 Bethleem
2370 4419 2571 4476 Iudaea:
2598 4420 2664 4484 ³⁷,
2685 4418 2996 4490 ιοεερὴιιιιο
3019 4427 3228 4489 patrem
3252 4435 3410 4475 suum

181 4488 296 4557 λῶν,
329 4503 520 4556 ταυτὸν
557 4505 622 4575 τῇ
655 4504 845 4575 Μαρίᾳ
880 4505 1217 4575 τυγχάνοντα
1254 4507 1349 4560 τοῦ
1391 4488 1553 4563 Δασιδ
1581 4509 1731 4583 (60)·

1841 4521 2014 4580 vocat,
2041 4513 2135 4584 qui
2168 4513 2414 4568 eamdem
2441 4527 2606 4582 quam
2635 4509 2804 4568 Maria
2829 4528 2897 4566 ex
2919 4511 3119 4568 Davide
3145 4511 3413 4584 originem
3453 4584 3458 4588 .

246 4627 288 4659 ³⁸
311 4629 493 4690 Matth.
527 4653 566 4700 ι,
596 4637 647 4690 l.
724 4637 770 4668 ³⁸
795 4636 929 4692 Gen.
969 4654 1028 4705 ιι,
1055 4638 1146 4694 Ἠ.
1260 4640 1305 4671 ³⁷
1333 4639 1522 4696 Matth.
1550 4658 1612 4707 ιι,
1645 4644 1698 4697 1.

385 4787 471 4863 S_ic
497 4792 724 4863 chuer.
750 4792 966 4850 Gobler.
1002 4795 1147 4850 Felc.
1173 4797 1222 4850 l.
1257 4797 1420 4863 Editi,
1454 4798 1548 4850 τοῦ
1575 4798 1732 4856 Θεοῦ.

248 4852 353 4939 (sa)
401 4852 713 4939 Basili§nsis
757 4866 953 4939 habet,
993 4865 1100 4919 τῶν
1138 4867 1232 4939 τοῦ
1277 4852 1420 4939 eaoo'
1463 4852 1732 4939 πληρῳθ-ζ

185 4915 349 5008 rem
370 4915 515 5008 ροειχ,
528 4915 535 4916 ί
548 4915 1738 5008 *sggierigaxzvsa,sataesatae

187 4987 560 5079 bleria‘n'ZFel'c.
592 5003 618 5057 1
629 4987 1156 5079 ῗειιξθάῖιῇγίγνηταί.

271 5061 352 5146 βό)
383 5073 785 5148 Κατηγγέλθῃ.
809 5061 1042 5148 (ἱρῦιξξιυ.Ι
1057 5088 1111 5132 et
1141 5076 1353 5148 Fclc.l.
1371 5077 1579 5148 Anglic.
1609 5094 1738 5133 vero

97 5177 104 5185 .
189 5140 480 5219 gsrtguer.)
499 5140 808 5219 κατηγγέλη
818 5145 1012 5219 ._Editi,
1031 5140 1572 5219 κατηγγέλληΡιῖιιιο
1593 5159 1734 5218 post,

191 5205 521 5288 ἓξγτάξεσθε.
561 5205 1061 5288 ϐόρῖοι.’δοευεὲ.,
1095 5205 1322 5288 σι’Ῠὲιο.
1355 5205 1406 5278 ί.
1441 5229 1494 5273 et
1511 5205 1648 5273 infi'a
1673 5205 1737 5272 ii;

190 5273 320 5359 (Elii:
344 5281 626 5359 νομίζητεζ
650 5273 1174 5359 Βεευθττένομίξετε.
1227 5287 1370 5355 Mox,
1393 5273 1634 5359 δόκησιν,
1657 5290 1738 5344 sic

192 5333 340 5430 {333i}.
367 5333 792 5430 Α’ῃεῖιὲἶεεῖςῖῖἧ
802 5333 1199 5430 ἕᾴίιζζῗὲἱξὲόἷςὶι
1207 5333 1310 5412 σῖῦῖ
1318 5333 1738 5430 "saltatim:

192 5419 525 5499 “93?.52‘55.
563 5419 772 5499 πέφῦκε
801 5419 954 5499 μόνηὲ

257 5479 358 5570 (ετξ)
383 5479 602 5570 δθειίθτ.
639 5479 969 5570 ἐι-Λιῖεῇἀ,
1006 5499 1068 5552 τὸ
1095 5498 1236 5570 κατὰ
1260 5498 1458 5570 σάρκα.
1488 5497 1547 5552 In
1578 5499 1736 5570 editis

195 5551 391 5639 «ἐξεμεῖς,
410 5551 482 5614 τό
499 5565 667 5639 ἀέξει.
701 5551 1074 5638 nossem.
1100 5551 1280 5624 eam;
1300 5551 1561 5639 aras;
1588 5551 1736 5639 ιζ’έξ

195 5617 664 5735 Simia-fisi}?
685 5617 1044 5735 ιέίὲλεῇζὲῖὶῖἓ
1061 5617 1645 5735 ὲξῖἐδβὶλέὶεὲϊῖῖίοῖ’
1669 5617 1735 5691 ίῖῖ

229 5700 518 5781 επιὶὼιςέκ
540 5704 668 5758 τῶν.
699 5705 765 5781 in
785 5707 945 5781 editis
974 5700 1184 5781 etaliis
1318 5711 1486 5781 deest.

260 5758 362 5834 (55}
387 5758 472 5845 Sic
488 5758 705 5845 Seguer.
724 5758 954 5832 odii}:
974 5758 1198 5836 Félél'i.
1309 5758 1732 5845 e'di'tIatmbtou.

409 5838 688 5907 Pun-ot:
709 5847 828 5910 Gn.
877 5849 1111 5913 XXVI.

1909 4797 2022 4868 (56)
2051 4799 2124 4850 Τε
2148 4797 2302 4852 deest
2325 4796 2382 4868 in
2408 4797 2760 4868 Segueriano.

1933 4866 2024 4938 57)
2055 4867 2388 4935 Basiliensis,
2413 4866 2883 4938 ὑπολαμὸάνοντες
2914 4867 3008 4921 καὶ
3041 4867 3140 4938 τῂν
3176 4869 3306 4924 τῶν.

1933 4936 2021 5006 58)
2048 4939 2171 5008 Ὅτι
2203 4938 2354 4992 deest
2379 4940 2432 4991 in
2461 4936 2931 5008 Segiier.gGobler.
2970 4946 3024 4991 et
3052 4936 3198 4994 Felc.
3227 4941 3277 4993 1.
3306 4940 3414 4995 lbi-

1838 5007 1958 5063 dem
1983 5007 2192 5078 Anglic.
2223 5009 2370 5064 solus
2395 5007 2574 5072 habet,
2599 5008 3074 5078 dxztnovqecte.
3108 5009 3235 5074 Alii,
3261 5008 3415 5064 ἄκτια

1839 5095 1982 5142 στος.
2013 5076 2247 5149 ibidem,
2286 5079 2568 5149 Anglican.
2609 5078 2832 5148 Seguer.
2870 5076 3027 5133 Gobl.
3065 5089 3120 5134 et
3167 5079 3315 5134 Felc.
3359 5083 3411 5146 1,

1836 5151 1902 5274 iri)
1934 5146 2142 5273 ὲέόῖσει,
2183 5146 2398 5204 οηιίεειῐ
2438 5146 2820 5220 ρι’ωροειιῖοηθ
2862 5150 2954 5214 ὲν,
2987 5164 3108 5218 qua;
3151 5151 3204 5205 in
3251 5149 3414 5208 editis

1857 5235 1950 5274 eae
1989 5235 2019 5272 a
2047 5235 2128 5272 nr.

1857 5228 2077 5288 egebatu
2087 5235 2128 5272 ι’.

1910 5289 2020 5366 (59)
2047 5288 2310 5343 Θεοτόκου
2339 5289 2492 5344 deest
2518 5291 2573 5366 in
2608 5288 2739 5342 edit.
2767 5287 2981 5366 comm.
3013 5295 3105 5350 sed
3133 5295 3327 5366 legitur
3356 5292 3413 5366 in

1837 5357 2078 5434 nissime:
2102 5369 2254 5434 parte
2287 5359 2809 5434 manuscriptorum.
2837 5357 3004 5422 Infra,
3028 5366 3113 5431 ὲκ,
3139 5357 3286 5434 ante,
3313 5360 3410 5415 τοῦ

1837 5430 2020 5500 Δαὸίδ,
2061 5430 2289 5500 habetur
2318 5432 2373 5483 in
2412 5431 2531 5500 solo
2565 5431 2790 5500 Seguer.

1908 5499 2021 5574 (60)
2054 5499 2308 5574 Seguer.,
2343 5501 2409 5552 ὲκ
2433 5498 2526 5554 τοῦ
2543 5498 2732 5574 ξᾼδάμ,
2761 5508 2826 5574 et
2859 5499 2935 5554 ita
2956 5500 3104 5574 legit
3139 5503 3411 5571 Nannius,

1838 5570 1934 5640 sed
1963 5585 2154 5640 omnes
2170 5571 2257 5624 alii
2274 5584 2407 5640 m_ss.
2425 5579 2480 5624 et
2498 5571 2627 5626 editi
2657 5570 2850 5634 Graeci,
2870 5570 3087 5640 melius,
3108 5575 3204 5630 τοῦ
3225 5570 3409 5632 Δαϐίδέ

1838 5638 1961 5711 Mox
1983 5638 2207 5709 Seguer.
2232 5650 2285 5694 et
2307 5638 2531 5711 Felc._l,
2562 5641 2906 5711 ἀνακληθείς.
2939 5638 3142 5701 Ibidem
3169 5645 3331 5702 Basil.
3357 5653 3412 5701 rt

1840 5707 2159 5785 §egue5ia_n.
2183 5708 2426 5785 Συμεών.
2459 5709 2622 5785 Editi,
2649 5707 3087 5785 EnpedwogNos
3111 5733 3235 5774 cum
3273 5734 3407 5773 mss.

1839 5776 1996 5834 Gobl.
2021 5776 2201 5834 Félck.
2231 5776 2343 5834 {et
2365 5789 2512 5836 textu
2544 5776 2749 5850 Graeco,
2783 5784 3088 5855 Συμεῶνος.

3015 5857 3094 5919 35
