3810 6228
378 309 526 369 ,1099

1019 309 1076 364 S.
1116 311 1485 369 ATHANASII
1523 313 1672 371 OPP.
1708 310 1887 374 PARS
1920 311 1957 364 l.
1999 339 2067 350 --
2106 307 2475 365 HISTORICA
2511 308 2598 364 ΕΤ
2638 306 3059 366 DOGMATICA.

3481 303 3650 366 1100

388 423 619 478 ducebat
647 441 660 476 :
693 423 746 478 in
778 421 973 490 pannis
1000 423 1294 491 repositus,
1322 437 1352 477 a
1382 422 1638 479 Simeone
1666 423 1722 477 in
1747 420 1951 490 templo

2083 437 2112 472 ν
2149 419 2481 491 σπαργάνοις
2526 416 2856 480 ἀνακλιθεὶς,
2893 415 2988 469 καὶ
3035 413 3140 468 ὑπὸ
3181 412 3274 466 τοῦ
3336 413 3649 486 Συμεῶνος

366 522 652 584 igestatus,
691 523 738 566 et
794 511 861 565 ad
897 513 1372 568 circumcisionem
1419 513 1604 570 carnis
1650 513 1952 569 secundum

392 607 560 676 legem
604 603 868 657 adductus
913 613 1014 668 est,
1042 613 1502 675 augmentumque
1548 605 1756 675 accepit
1783 603 1954 658 aetatis

390 706 554 766 atque
582 703 801 749 statura:
823 693 887 746 ³⁸.
915 691 975 748 Si
1004 693 1187 763 itaque
1215 695 1491 750 increatus
1526 694 1614 748 illa
1651 694 1852 748 unione
1875 691 1956 746 fa-

389 795 511 843 ctus
533 794 635 852 est,
670 785 946 855 quomodo
999 799 1108 839 non
1159 788 1339 839 statim
1375 784 1646 856 perlectus
1685 783 1952 854 apparuit,

389 877 484 932 sed
508 890 614 946 pro
642 875 918 931 voluntate
943 874 1138 941 Verbi,
1171 891 1369 946 corpus
1418 884 1768 946 augmentum
1809 873 1956 928 acci-

389 966 607 1038 piebat?
636 965 882 1020 lncreato
913 975 1093 1020 autem
1125 966 1516 1020 incrementum
1547 965 1822 1018 ascribere
1855 964 1958 1016 im-

390 1057 537 1126 pium
564 1063 666 1110 est.
695 1047 830 1108 Nam
856 1052 1001 1124 quod
1030 1055 1330 1108 increatum
1362 1062 1466 1116 est,
1504 1061 1694 1106 natura
1730 1067 1827 1107 sua
1869 1052 1957 1104 in-

389 1157 630 1200 creatum
664 1145 894 1209 dicitur,
937 1159 1035 1198 nec
1070 1144 1463 1208 accessionem,
1503 1143 1586 1197 vel
1639 1142 1958 1195 diminutio-

391 1254 513 1292 nem
554 1238 811 1292 admittit.
849 1234 1008 1302 Quod
1039 1243 1222 1289 autem
1246 1250 1370 1288 cum
1405 1234 1646 1288 iucreato
1679 1232 1956 1303 quidpiam

389 1344 677 1384 commune
701 1327 882 1389 habet,
916 1334 1010 1380 aut
1039 1325 1142 1395 ipsi
1186 1325 1394 1389 unitur,
1431 1326 1712 1395 proprium
1739 1323 1957 1392 quidem

391 1421 655 1485 increato,
690 1425 1004 1474 nontamen
1038 1417 1213 1488 ipsum
1241 1417 1540 1472 increatum
1569 1432 1692 1472 esse
1721 1416 1956 1481 dicitur;

392 1529 462 1567 ne
491 1511 712 1566 unionis
739 1509 1059 1564 beneﬁcium
1093 1508 1147 1561 in
1176 1509 1506 1562 oblivionem
1540 1509 1739 1573 veniat,
1770 1519 1822 1561 et
1863 1506 1959 1560 be-

393 1602 574 1657 nelicii
623 1600 863 1654 debitum
906 1598 1222 1662 aboleatur,
1250 1613 1385 1652 neve
1416 1597 1715 1652 humanum
1766 1610 1958 1666 genus,

392 1692 538 1762 quod
588 1690 766 1744 adhuc
810 1687 866 1743 in
901 1687 1218 1742 inﬁrmitate
1245 1687 1492 1756 degit,‘in
1527 1686 1958 1756 desperationem

2052 509 2110 561 ὲν
2142 508 2217 580 τῷ
2245 509 2374 582 ἱερῴ
2403 507 2746 580 βασταχθεὶς,
2772 507 2865 560 καὶ
2894 505 3194 577 περιτομὴν
3225 506 3424 577 σαρκὸς
3448 521 3646 575 προσ-

2053 599 2315 672 αγόμενος
2342 598 2484 654 κατὰ
2498 600 2588 652 τὸν
2614 599 2796 670 νόμον,
2820 599 2914 651 κα)⁵
2942 596 3169 669 αὔξησιν
3195 597 3410 668 ἡλικίας
3435 596 3647 649 ποιού-

2057 710 2236 764 μενος.
2275 692 2386 764 (61)
2413 693 2494 745 .Ei
2536 691 2710 745 τοίνυν
2766 689 3021 754 ἄκτιστος
3058 692 3125 760 τῇ
3175 687 3366 742 ὲνώσει
3404 688 3645 756 γέγονε,

2055 783 2173 847 πῶς
2198 783 2300 837 οὐκ
2327 783 2620 854 αὐτοτελὴς
2649 781 2827 852 ὤφθη,
2857 779 3013 841 ἀλλά,
3051 778 3377 848 θελήσαντος
3403 777 3498 830 τοῦ
3535 778 3650 831 Λό-

2056 895 2175 948 γου,
2217 879 2248 947 ἡ
2288 876 2382 929 τοῦ
2430 874 2676 945 σώματος
2709 872 2935 943 αὔξησις
2978 872 3226 940 ἐγίνετο;
3270 870 3540 940 Ἀκτίστῳ
3579 870 3647 922 δὲ

2057 967 2352 1039 προσάγειν
2377 965 2602 1036 αὔξησιν
2631 964 2824 1026 ἀσεϐές
2847 964 2984 1015 ἐστι.
3019 962 3092 1014 Τὸ
3117 961 3227 1032 γὰρ
3275 962 3533 1014 ἄκτιστον
3564 964 3643 1031 τῇ

2057 1059 2215 1128 φύσει
2243 1059 2495 1111 ἀκτιστον
2514 1057 2752 1125 λέγεται,
2785 1057 2922 1126 μήτε
2953 1052 3200 1124 αὔξησιν,
3227 1055 3362 1125 μήτε
3391 1054 3646 1108 ἐλάττω-

2060 1166 2141 1202 σιν
2165 1148 2562 1218 ἐπιδεχόμενον.
2597 1145 2669 1198 Τό
2697 1145 2753 1198 δὲ
2780 1144 2856 1214 τῷ
2882 1143 3119 1214 ἀκτίστῳ
3143 1143 3256 1214 (62)
3287 1147 3644 1214 κοινωνῆσαν

2057 1241 2091 1312 ἢ
2135 1240 2352 1304 ἑνωθὲν,
2399 1239 2527 1293 ἴδιον
2566 1238 2662 1310 μὲν
2711 1236 2804 1290 τοῦ
2854 1236 3106 1290 άκτίστου
3145 1235 3380 1304 λέγεται,
3427 1237 3488 1289 οὐ
3529 1237 3644 1306 μὲν

2058 1331 2189 1384 αὐτὸ
2217 1331 2490 1392 ἀκτιστον,
2520 1329 2606 1382 ἵνα
2634 1328 2708 1400 μὴ
2743 1325 3008 1398 ὲπιλησθῇ
3044 1327 3141 1396 τῆς
3191 1325 3434 1388 ένώσεως
3461 1328 3494 1395 ἡ
3541 1326 3642 1378 εὑ⁸

2059 1422 2302 1494 εργεσία,
2325 1420 2420 1474 καὶ
2447 1417 2768 1490 καταργηθῇ
2790 1417 2896 1488 (65)
2909 1417 3007 1488 τῆς
3023 1415 3337 1487 εὐεργεσίας
3361 1419 3394 1486 ἡ
3414 1415 3641 1486 όφειλὴ,

2059 1514 2153 1567 καὶ
2209 1514 2286 1574 εἰς
2323 1512 2668 1565 ἀνελπιστίαν
2712 1511 3000 1581 καταπέσῃ
3057 1511 3090 1580 η
3143 1511 3200 1562 ὲν
3247 1508 3502 1578 ἀσθενείᾳ.
3550 1508 3641 1561 ἔτι

2059 1604 2397 1675 τυγχάνουσα
2444 1601 2796 1674 ἀνθρωπότης
2821 1641 2837 1666 ,
2904 1601 3264 1672 διδασκομένη
3324 1599 3447 1652 καθ’
3485 1600 3639 1669 ὑμᾶς

2064 1697 2141 1768 μὴ
2179 1696 2322 1767 ἔχειν
2369 1695 2506 1767 πρὸς
2553 1694 2686 1748 Θεὸν
2736 1694 3065 1763 οἰκειότητα,
3111 1693 3207 1746 καὶ
3245 1691 3550 1762 ἀμαυρωθῇ
3602 1692 3641 1759 ἡ

393 1759 574 1845 cadat,
608 1781 653 1836 si
681 1781 854 1836 discat
885 1779 1051 1850 (quod
1086 1795 1183 1834 vos
1213 1779 1446 1848 dicitis),
1482 1778 1684 1832 nullam
1711 1793 1832 1834 esse
1858 1778 1958 1832 sibi

2082 1759 2243 1858 {dpth
2295 1759 2424 1850 Τίς.
2450 1785 2580 1857 γὰρ,
2638 1786 2892 1839 ἇκτιστον
2941 1759 3152 1839 ἀκούων
3192 1784 3252 1836 τὸ
3289 1759 3637 1853 τοῦ-Κυρίου

394 1888 517 1927 cum
540 1870 648 1924 Deo
677 1869 1051 1940 cognationem
1084 1883 1100 1932 ;
1134 1883 1267 1922 neve
1292 1869 1464 1937 gratia
1495 1876 1802 1922 evanescat.
1831 1866 1964 1933 Quis

395 1966 540 2018 enim
597 1965 899 2018 increatum
939 1962 984 2017 si
1025 1963 1212 2016 audiat
1264 1960 1480 2015 Domini
1529 1976 1757 2030 corpus,
1800 1974 1966 2029 seque

395 2055 620 2119 factum,
648 2061 1000 2122 crcatumque
1034 2064 1311 2120 agnoscat,
1346 2068 1452 2105 non
1489 2051 1772 2122 intelligat,
1800 2048 1966 2104 falsas

387 2147 614 2218 quidem
661 2161 782 2200 esse
827 2143 1160 2213 Scripturas,
1192 2144 1407 2212 sibique
1455 2143 1659 2196 nullam
1693 2158 1812 2196 esse
1840 2157 1964 2196 cum

387 2239 614 2293 Christo
634 2235 1112 2291 communionem?
1141 2233 1194 2288 Si
1221 2235 1494 2288 increatus
1518 2234 1816 2288 increatum
1846 2248 1967 2286 cor-

384 2344 499 2399 pus
547 2328 865 2397 assumpsit,
898 2327 1057 2396 periit
1099 2340 1228 2396 ergo
1271 2326 1447 2394 prima
1503 2322 1778 2386 formatio,
1807 2324 1969 2392 periit

387 2419 724 2490 archetypus
738 2417 931 2482 Adam,
949 2431 1058 2486 quo
1082 2431 1182 2470 nos
1204 2429 1376 2484 usque
1402 2414 1455 2467 in
1482 2413 1802 2467 hodiernum
1824 2413 1966 2467 diem

383 2528 493 2584 'per
527 2513 709 2568 carnis
739 2513 1144 2567 successionem
1175 2509 1390 2564 oriundi
1434 2523 1650 2564 sumus.
1680 2506 1966 2573 Quomodo

379 2607 564 2676 'igitur
589 2604 840 2665 Christus
879 2619 978 2658 nos
1023 2603 1108 2657 sui
1148 2601 1441 2672 participes
1480 2597 1966 2667 constituit?quid

389 2707 482 2752 est
516 2699 663 2767 quod
687 2695 980 2765 Apostolus
1009 2695 1123 2748 ait:
1155 2693 1258 2758 Qui
1290 2693 1427 2746 enim
1458 2691 1756 2760 sanctiﬁcat
1789 2698 1838 2743 et
1877 2688 1966 2758 qui

398 2793 806 2860 sanctiﬁcantur
833 2804 895 2842 ea:
925 2803 1028 2840 uno
1056 2802 1230 2840 omnes
1246 2785 1332 2839 ”?

472 2885 526 2940 5.
557 2881 634 2936 Ne
659 2882 780 2952 quis
807 2894 933 2934 vero
953 2879 1019 2933 de
1047 2877 1328 2932 divinitate
1349 2873 1474 2930 Filii
1500 2874 1579 2929 sic
1607 2873 1845 2944 cogitare
1871 2887 1969 2927 au-

400 2977 569 3030 deat:
603 2971 750 3044 quod
789 2971 980 3026 eodem
1027 2969 1116 3024 ille
1151 2968 1312 3022 modo
1353 2981 1417 3022 ex
1461 2965 1570 3021 Deo
1611 2965 1700 3029 sit,
1731 2978 1841 3034 quo
1873 2979 1970 3018 nos

401 3081 614 3128 sumus,
639 3072 700 3118 ut
751 3061 1059 3132 impiissimi
1115 3057 1303 3114 Ariani
1351 3057 1530 3112 dicere
1581 3055 1831 3111 audent:
1874 3063 1968 3109 aut

401 3166 548 3214 certe
578 3157 727 3211 illum
746 3170 811 3209 ex
842 3154 949 3207 Deo
983 3150 1282 3207 secundum
1309 3148 1490 3204 carnis
1519 3148 1775 3218 speciem,
1805 3155 1859 3202 et
1886 3162 1968 3202 se-

395 3250 640 3306 cundum
683 3245 915 3300 formam
953 3243 1115 3309 servi,
1149 3243 1254 3296 hoc
1295 3250 1380 3296 est
1418 3240 1738 3311 protoplasti
1771 3239 1968 3306 Adam,

403 3354 568 3411 quam
599 3336 805 3407 accepit
828 3335 920 3403 qui
953 3333 1006 3387 in
1039 3332 1212 3386 forma
1237 3331 1332 3387 Dei
1359 3330 1501 3387 Deus
1524 3331 1755 3386 exsistit.
1792 3328 1975 3384 Profe-

399 3439 492 3485 cto
513 3430 662 3483 inter
701 3443 787 3482 res
814 3436 1046 3490 creatas,
1073 3425 1204 3479 illud
1235 3423 1432 3478 dicitur
1471 3422 1795 3486 increatum,
1825 3421 1973 3492 quod

402 3537 682 3593 nunquam
708 3519 934 3584 exstitit,
958 3519 1087 3588 quia
1107 3531 1387 3586 nunquam
1411 3513 1616 3570 factum
1644 3522 1746 3570 est.
1771 3511 1847 3568 Ne
1869 3513 1974 3584 igi-

403 3621 515 3674 tur,
548 3611 678 3666 dum
712 3610 773 3664 in
806 3607 982 3662 Verbo
1027 3620 1246 3660 carnem
1285 3618 1562 3674 nunquam
1593 3601 1763 3659 fuisse
1787 3602 1976 3657 existi-

406 3705 592 3768 matis,
619 3701 870 3772 specioso
901 3699 1168 3754 vocabulo
1194 3711 1309 3752 rem
1338 3697 1511 3766 ipsam
1553 3710 1752 3765 negare
1777 3694 1830 3748 in
1857 3693 1976 3748 ani-

406 3809 559 3848 mum
610 3791 901 3854 inducatis,
929 3801 988 3842 ut
1029 3787 1166 3842 nihil
1209 3787 1264 3841 in
1311 3786 1553 3840 increato
1588 3785 1974 3840 conﬁteamini.

405 3885 542 3941 Nam
576 3885 690 3940 sola
719 3883 936 3938 deitatis
963 3880 1317 3936 subsistentia
1349 3879 1595 3932 increata
1625 3876 1975 3946 intelligitur;

407 3983 483 4034 ita
510 3988 568 4033 ut
591 3977 816 4046 impium
847 3975 938 4036 sit,
958 3972 1042 4028 vel
1068 3972 1363 4026 increatam
1387 3967 1722 4037 passibilem,
1747 3967 1828 4020 vel
1854 3982 1979 4036 pas-

408 4070 623 4127 sibilem
649 4069 947 4122 inereatam
976 4061 1267 4133 appellare.
1294 4055 1586 4114 Conditam
1627 4057 1770 4111 enim
1803 4057 1979 4110 homi-

407 4160 497 4216 nis
541 4168 816 4221 naturam,
842 4169 952 4208 non
1001 4153 1202 4206 unione
1239 4147 1418 4204 Verbo
1461 4148 1762 4218 propriam,
1803 4147 1894 4201 sed
1929 4147 1978 4201 ei

409 4261 735 4308 comternam
763 4261 903 4310 esse,
930 4242 1134 4312 Deique
1157 4249 1366 4295 natura:
1396 4247 1733 4308 cxaaquatam
1762 4251 1857 4305 per
1890 4250 1980 4289 na-

410 4355 545 4398 tura:
570 4339 928 4400 identitatem,
961 4333 1186 4403 impium
1219 4338 1305 4387 est
1331 4331 1588 4400 cogitare.
1616 4327 1810 4384 Carnis
1833 4329 1977 4382 enim

2066 1880 2243 1950 σῶμα,
2278 1877 2468 1932 ἑαυτὸν
2511 1878 2569 1931 δὲ
2628 1877 2921 1948 ποιηθέντα
2969 1877 3062 1931 καὶ
3113 1875 3400 1930 κτισθέντα
3452 1874 3634 1938 εἰδὼς,

2063 1971 2163 2024 οὐκ
2202 1968 2582 2040 ὲννοηθήσεται
2617 1969 2832 2038 ψευδεῖς
2867 1968 2964 2038 μὲν
2989 1963 3127 2022 εἶναι
3157 1967 3256 2030 τὰς
3293 1966 3455 2034 ἁγίας
3485 1967 3636 2037 Γρα-

2065 2054 2191 2123 φάς,
2222 2055 2410 2108 ἑαυτὸν
2428 2055 2484 2108 δὲ
2509 2056 2584 2126 μὴ
2607 2055 2751 2124 ἔχειν
2780 2055 2915 2124 πρὸς
2937 2054 3025 2107 τόν
3051 2055 3283 2126 Χριστὸν
3309 2056 3633 2114 κοινωνίαν;

2065 2142 2128 2199 Εἰ
2160 2149 2189 2200 ό
2212 2147 2459 2211 ἀκτιστος
2491 2147 2740 2200 ἄκτιστον
2772 2146 2930 2216 σῶμα
2955 2145 3262 2211 άνελάδετο,
3286 2148 3638 2218 κατήργηται

2065 2238 2292 2308 τοίνυνη
2318 2237 2505 2310 πρώτη
2530 2238 2744 2301 πλάσις,
2771 2237 3045 2294 ἀπόλωλεν
3068 2239 3096 2292 ό
3112 2238 3414 2309 ἀρχέτυπος
3439 2238 3636 2308 Ἀδὰμ,

2067 2324 2127 2384 οὗ
2159 2332 2318 2400 ἡμεῖς
2361 2331 2517 2400 μέχρι
2558 2331 2796 2401 σήμερον
2838 2331 3092 2399 ἀπόγονοι
3123 2330 3458 2401 τυγχάνομεν
3494 2330 3641 2383 κατά

2066 2419 2162 2490 τὴν
2211 2421 2310 2491 τῆς
2344 2419 2544 2491 σαρκὸς
2575 2420 2844 2492 διαδοχήν.
2893 2422 3018 2485 Πῶς
3067 2417 3159 2476 οὖν
3197 2423 3430 2494 Χριστὸς
3489 2424 3640 2492 ἡμᾶς

2072 2512 2330 2584 μετόχους
2365 2511 2555 2565 ἑαυτοῦ
2603 2514 2974 2585 κατεστήσατο
3027 2511 3138 2582 (64)
3171 2527 3187 2579 ;
3230 2511 3346 2575 πῶς
3391 2511 3447 2564 δὲ
3480 2513 3576 2564 καὶ
3610 2513 3642 2563 ὁ

2081 2603 2398 2667 Ἀπόστολος
2412 2604 2590 2672 λέγει,
2635 2605 2706 2657 Ὅ
2739 2621 2802 2657 τε
2840 2606 2948 2674 γὰρ
2971 2601 3220 2674 ἁγιάζων
3249 2602 3347 2658 καὶ
3381 2607 3436 2658 οἱ
3471 2605 3642 2674 ἁτιαο

2070 2694 2296 2760 ζόμενοι
2323 2695 2392 2760 ἐξ
2430 2696 2566 2761 ἐνὸς
2600 2692 2818 2763 πάντες
2843 2713 2863 2760 ;

2141 2877 2192 2931 5.
2226 2876 2316 2947 Μή
2342 2892 2427 2939 τις
2451 2875 2508 2928 δὲ
2534 2875 2783 2947 τολμάτω
2813 2876 2941 2948 περὶ
2973 2875 3072 2946 τῆς
3098 2874 3349 2945 θεότητος
3383 2874 3479 2928 τοῦ
3508 2874 3645 2928 Υἱοῦ

2071 2969 2341 3041 ἐννοῆσαι,
2381 2971 2483 3033 ὅτι,
2515 2970 2703 3042 ὥσπερ
2739 2970 2870 3023 αὐτὸ
2911 2971 2974 3022 ὲκ
3010 2968 3103 3022 τοῦ
3154 2967 3312 3029 Θεοῦ,
3355 2967 3498 3020 οῦτω
3550 2968 3649 3020 καὶ

1997 3089 2042 3152 C
2070 3063 2251 3132 ἡμεῖς,
2287 3060 2536 3132 καθάπερ
2563 3060 2612 3113 οἱ
2638 3059 2986 3114 ἀσεϐέστατοι
3027 3058 3292 3130 Ἀρειανοὶ
3316 3057 3496 3125 λέγειν
3526 3059 3651 3110 τολ-

2075 3151 2245 3223 μῶσιν
2271 3170 2284 3182 ·
2314 3152 2346 3223 ἢ
2381 3154 2594 3216 πάντως
2633 3151 2772 3206 κατά
2813 3155 2912 3222 τὴν
2959 3150 3056 3221 τῆς
3106 3147 3303 3221 σαρκὸς
3359 3148 3645 3214 ἐπίδειξιν,

2071 3243 2166 3296 καῖ⁷
2192 3241 2336 3295 κατὰ
2360 3241 2458 3313 τὴν
2483 3242 2694 3313 μορφὴν
2727 3241 2821 3295 τοῦ
2844 3240 3050 3306 δούλου,
3088 3241 3334 3294 τουτέστι
3369 3239 3464 3293 τοῦ
3495 3257 3651 3310 πρω-

2070 3331 2370 3386 τοπλάστου
2451 3331 2641 3403 Ἀδὰμ,
2692 3332 2759 3404 ἢν
2810 3332 3000 3386 ἐλαϐεν
3058 3333 3086 3385 ό
3143 3334 3201 3386 ὲν
3267 3334 3450 3402 μορφῇ
3503 3331 3649 3384 Θεοῦ

2073 3423 2331 3495 ὑπάρχων
2387 3423 2538 3485 Θεός.
2581 3423 2755 3486 Ὀλως
2794 3424 2892 3494 μὲν
2932 3418 3027 3476 οὖν
3062 3424 3120 3474 ἐν
3153 3425 3264 3486 τοῖς
3292 3425 3562 3494 ποιήμασι
3585 3423 3655 3476 τὸ

2073 3515 2362 3586 λεγόμενον
2408 3516 2697 3579 ἀκτιστον,
2729 3515 2792 3567 τὸ
2829 3515 3052 3586 μηδέπω
3101 3514 3357 3585 ὑπάρξαν.
3400 3515 3652 3583 λέγεται,

2073 3607 2155 3660 ὅτι
2189 3607 2263 3679 μὴ
2288 3607 2494 3676 γέγονε.
2522 3609 2612 3679 Μή
2645 3625 2697 3661 τι
2721 3604 2814 3660 οὖν
2852 3607 2984 3679 ἀρα,
3017 3605 3142 3678 μήθ’
3182 3606 3317 3670 ὅλως
3345 3606 3460 3678 (65)
3495 3624 3659 3676 γεγο-

2074 3699 2221 3752 νέναι
2260 3697 2318 3750 ὲν
2346 3698 2423 3769 τῷ
2455 3700 2611 3770 Λόγῳ
2657 3700 2833 3771 σάρκα
2881 3698 3371 3770 ὑπολαμϐάνοντες,
3413 3701 3658 3771 εὐφήμῳ

2074 3789 2216 3854 λέξει
2247 3789 2517 3844 ποιεῖσθαι
2549 3793 2643 3844 καὶ
2673 3791 2772 3862 τὴν
2800 3789 3029 3862 ἄρνησιν
3059 3791 3220 3856 εὐθὺς
3265 3792 3520 3857 ἐννοεῖτε,
3561 3795 3656 3848 ἵνα

2079 3878 2244 3950 μηδὲν
2270 3880 2327 3933 ὲν
2359 3879 2436 3950 τῷ
2472 3880 2710 3952 ἁκτίστῳ
2758 3881 3149 3953 ὁμολογήσητε.
3210 3883 3497 3946 Ἀκτιστος
3537 3883 3656 3955 γὰρ

2078 3970 2310 4040 ῦπαρξις
2345 3972 2480 4043 μόνη
2507 3975 2541 4043 ἡ
2565 3972 2666 4042 τῆς
2695 3972 2946 4044 θεότητος
2979 3977 3177 4028 νοεῖται
3203 3991 3215 4004 ’
3259 3973 3398 4028 ὥστε
3423 3976 3518 4028 καὶ
3549 3978 3657 4047 τὴν

2078 4062 2331 4118 ἄκτιστον
2375 4064 2626 4136 παθητὴν
2675 4064 2852 4133 λέγειν
2897 4065 3114 4129 ἀσεϐὲς,
3157 4066 3252 4120 καὶ
3276 4065 3372 4136 τὴν
3397 4067 3656 4140 παθητὴν

2078 4152 2332 4209 ἇκτιστον
2361 4156 2670 4226 ὀνομάζειν.
2697 4157 2807 4230 Τὴν
2828 4156 2937 4232 γὰρ
2967 4157 3283 4228 ποιηθεῖσαν
3307 4159 3409 4229 τῆς
3433 4159 3652 4230 ἀνθρω-

2080 4244 2312 4315 πότητος
2363 4246 2522 4315 φύσιν
2544 4285 2558 4310 ,
2594 4247 2669 4317 μὴ
2697 4249 2762 4318 τῇ
2803 4247 2992 4302 ἑνώσει
3037 4249 3148 4320 (66)
3185 4249 3278 4302 τοῦ
3305 4250 3479 4318 Λόγου
3509 4247 3655 4305 εἶναι

2084 4333 2240 4400 ἰδίαν,
2289 4335 2422 4388 ἀλλά
2460 4335 2744 4400 συνατδιον,
2798 4339 2893 4390 καὶ
2934 4342 3000 4410 τῇ
3053 4338 3148 4392 τοῦ
3187 4338 3324 4391 Θεοῦ
3359 4339 3523 4409 φύσει
3565 4343 3654 4406 ἐξ·

407 4446 464 4490 et
490 4431 771 4503 sanguinis
818 4428 1134 4496 ossiumque
1185 4423 1458 4494 specimen
1503 4421 1750 4477 exhibuit
1789 4420 1969 4476 Domi-

2083 4426 2370 4497 ισουμένην
2403 4429 2468 4498 τῇ
2502 4428 2790 4499 ταυτότητι
2813 4431 2912 4500 τῆς
2939 4430 3152 4499 φύσεως
3181 4433 3401 4496 ἐννοεῖν,
3432 4433 3652 4498 ἀσεϐές.

406 4540 546 4591 nus,
572 4535 782 4576 necnon
813 4516 982 4574 animi
1007 4515 1261 4580 dolentis,
1291 4513 1615 4584 perturbati,
1649 4514 1819 4570 anxii.
1851 4511 1978 4567 Haec

410 4628 573 4670 nemo
595 4612 796 4668 dixerit
851 4617 1099 4665 naturam
1124 4607 1340 4663 deitatis
1361 4622 1481 4662 esse
1509 4626 1522 4661 :
1551 4609 1768 4677 propria
1797 4615 1978 4660 autem

411 4706 522 4761 Deo
563 4703 865 4760 secundum
918 4711 1169 4756 naturam
1229 4698 1371 4754 facta
1435 4709 1580 4767 sunt,
1625 4715 1749 4754 cum
1808 4697 1981 4753 Verbo

411 4797 614 4868 placuit
668 4796 965 4849 humanam
1007 4790 1192 4847 subire
1235 4791 1660 4861 generationem,
1713 4805 1984 4860 suumque

483 4911 530 4943 ³³
560 4910 692 4964 Luc.
723 4924 784 4975 ιι,
820 4908 870 4972 7,
896 4906 989 4963 28.
1065 4905 1110 4937 "
1140 4903 1306 4960 Hebr.
1343 4921 1405 4972 ιι,
1434 4905 1519 4959 ll.

485 5000 600 5139 (61)
632 4997 757 5056 Haec
781 5000 900 5054 vide
921 5013 1108 5069 supra,
1136 4997 1216 5050 Ad
1244 4996 1563 5066 Epictetum,
1588 5014 1640 5066 p.
1665 4997 1798 5051 721.

487 5071 578 5139 (6'2
634 5070 710 5125 Ita
741 5070 965 5139 Seguer.
1010 5078 1062 5125 et
1101 5069 1182 5124 sic
1222 5067 1503 5137 legendum
1543 5077 1644 5124 est.
1680 5066 1798 5122 Edil

412 5066 710 5197 8E(‘tki'illta
741 5070 965 5141 Seguer.
991 5066 1062 5125 et
1101 5069 1182 5124 sic
1222 5067 1503 5137 legendum
1543 5077 1644 5124 est.
1680 5066 1846 5135 Editi,
1887 5068 1978 5138 Τῷ

547 5158 633 5195 κτ.

488 5211 596 5282 (65)
621 5209 979 5282 Gohlerianus
1001 5217 1054 5282 et
1079 5207 1220 5282 Felc.
1259 5207 1291 5282 1Δ
1330 5207 1549 5282 habent,
1573 5209 1867 5282 nemoris,
1891 5210 1987 5262 καὶ

416 5276 615 5350 καταρ.
643 5281 819 5346 Atque
849 5281 920 5350 ita
955 5280 1081 5347 legit
1121 5276 1382 5350 Nannius.
1414 5280 1557 5334 lnl‘ra
1594 5276 1784 5346 iidem,
1820 5287 1878 5332 ut
1925 5289 1978 5333 et

415 5353 548 5422 legit
564 5348 835 5422 Nannius,
859 5349 1211 5420 διδασκομένη
1243 5348 1363 5402 καθ’
1387 5350 1552 5422 ἡμᾶς.

490 5416 601 5488 (64)
651 5419 742 5473 Sic
783 5420 1025 5489 segnem,
1061 5415 1262 5472 rectius
1291 5415 1453 5488 quam
1499 5419 1630 5474 editi
1655 5429 1709 5473 et
1747 5418 1838 5473 alii
1885 5415 1978 5489 qui

421 5491 639 5552 habent,
670 5488 848 5541 αὑτοῦ.
889 5489 1052 5542 Paulo
1091 5497 1210 5556 post
1232 5490 1393 5553 idem,
1424 5491 1452 5542 ὁ
1473 5490 1732 5557 ἁγιάζων.

492 5559 601 5630 (65)
630 5557 723 5630 Mﬁ
749 5575 805 5610 τι
831 5557 942 5625 ἄρα
960 5558 1261 5630 μηδόλως.
1292 5559 1384 5630 Sic
1429 5559 1646 5630 Gobler.
1675 5563 1899 5630 Seguer.
1929 5567 1983 5613 et

421 5625 566 5684 Felc.
587 5625 646 5699 il.
674 5626 727 5681 In
759 5630 937 5699 editis,
959 5625 1048 5697 Μή
1073 5647 1120 5679 τι
1150 5625 1242 5699 οῦν
1271 5629 1376 5699 ap:
1406 5628 1530 5699 μήθ’
1552 5629 1706 5690 ὅλως.
1728 5625 1847 5684 Μοκ
1871 5630 1983 5682 An-

424 5702 548 5771 glic.
579 5697 790 5752 Goblcr.
825 5698 1048 5767 Seguer.
1089 5709 1141 5754 et
1173 5697 1353 5752 Felck.
1384 5697 1582 5763 1“,’καὶ
1611 5700 1708 5770 τὴν
1753 5702 1982 5771 ἄρνησιν

2084 4516 2292 4587 Σαρκδς
2311 4518 2419 4590 γὰρ
2451 4520 2544 4573 καὶ
2576 4521 2808 4591 αἵματος
2834 4522 2930 4574 καὶ
2953 4522 3155 4576 ὀστέων
3180 4523 3435 4588 ἐπίδειξιν
3461 4527 3656 4597 ἐποιή-

2084 4624 2214 4660 σατο
2252 4608 2454 4679 Κύριος
2475 4649 2491 4673 ,
2522 4611 2616 4664 καὶ
2654 4610 2834 4682 ψυχῆς
2863 4611 3230 4686 λυπουμένης,
3270 4617 3365 4668 καὶ
3395 4632 3659 4687 ταραττο-

2089 4699 2275 4771 μένης,
2301 4701 2394 4754 καὶ
2420 4702 2813 4775 ἀδημονούσης.
2845 4704 3032 4758 Ταῦτα
3063 4706 3120 4759 δὲ
3155 4707 3254 4759 οὐκ
3283 4708 3347 4761 ἀν
3377 4725 3462 4770 τις
3506 4709 3657 4762 εἴποι

2088 4792 2248 4860 φύσιν
2280 4788 2416 4846 εἶναι
2454 4793 2707 4866 θεότητος
2732 4814 2746 4828 ’
2778 4796 2883 4850 ι’δια
2906 4797 2963 4850 δὲ
2992 4797 3127 4851 Θεοῦ
3161 4799 3274 4870 (67)
3319 4799 3461 4853 κατὰ
3491 4801 3659 4869 φύσιν

2088 4996 2266 5058 εὐθὺς.
2302 4993 2365 5067 In
2387 4995 2547 5067 editis
2577 4995 2727 5067 deest
2752 4996 2866 5064 καί,
2893 5005 2948 5051 et
2977 4997 3157 5059 εὐθύς.
3189 4997 3504 5067 Seguerian.
3537 4999 3658 5055 Go-

2089 5067 2219 5121 bler.
2251 5075 2304 5120 et
2327 5063 2472 5121 Felc.
2511 5069 2559 5130 ι,
2585 5065 2746 5134 paulo
2777 5063 2917 5136 post,
2949 5063 3336 5140 ὁμολογήσητε.
3368 5069 3428 5123 In
3468 5072 3655 5134 editis,

2085 5135 2430 5207 ὁμολογῆται.
2465 5203 2492 5207 _
2525 5203 2536 5207 _
2603 5202 2612 5207 _
2784 5205 2826 5207 μ
2906 5205 2931 5207 _

2161 5202 2740 5284 (66)M'1:;_r'ﬁérdiost.
2772 5205 2865 5284 βία
2900 5205 3144 5278 Seguen,
3181 5217 3235 5262 et
3259 5207 3340 5263 sic
3367 5209 3655 5279 legendum

2089 5274 2318 5332 videtur.
2342 5274 2505 5337 Edit.,
2535 5275 2667 5344 μήτε
2695 5275 2900 5329 ὲνώσει.

2157 5366 2266 5437 (67)
2283 5365 2514 5437 Anglia,
2544 5364 2648 5437 ῐδια
2677 5365 2734 5418 δὲ
2757 5366 2850 5418 τοῦ
2875 5367 3030 5420 Θεοῦ.
3056 5367 3225 5422 Paulo
3248 5376 3388 5437 post,
3423 5363 3654 5437 Seguer.

2087 5434 2300 5492 Gobler.
2334 5446 2386 5506 et
2411 5434 2553 5506 Fclc.
2575 5435 2626 5497 1,
2649 5438 2968 5506 γεννήσεως.
3007 5438 3146 5491 Editi
3188 5434 3313 5491 vero
3343 5450 3394 5491 et
3422 5434 3534 5498 alii,
3564 5454 3656 5504 γε-

2086 5507 2304 5578 νέσεως.
2328 5504 2708 5578 Μοκλδεειιειξ.
2743 5504 2834 5560 καὶ
2866 5509 2961 5578 τὴν
2991 5509 3179 5577 αὐτῆς.
3200 5509 3415 5562 Gobler.
3432 5517 3485 5578 et
3509 5506 3654 5578 Felc.

2091 5576 2142 5650 l,
2169 5577 2259 5628 καὶ
2289 5574 2385 5650 τὴν
2420 5576 2616 5650 ᾶρτοῦέ
2630 5576 2817 5650 Αὶξίμιξι
2843 5574 3230 5650 aliIn-atatem
3265 5577 3476 5631 ἑαυτοῦ.
3514 5575 3658 5630 Infra

2092 5647 2340 5715 chucr.,
2367 5646 2426 5698 ὲν
2451 5645 2646 5716 ἑαυτῷ.
2683 5645 2806 5711 Alii,
2847 5649 2904 5700 ὲν
2929 5647 3090 5718 αὐτῷ.
