3810 6228
168 347 320 408 1101

1093 345 1373 402 CONTRA
1407 343 1924 404 APOLLINARIUM
1963 343 2164 401 LIBER
2199 342 2487 404 PRIMUS.

3285 330 3423 388 μω

165 465 424 539 γέγονεν,
454 439 844 542 εὐδοκήσαντος
866 466 961 521 τοῦ
993 466 1165 537 Λόγου
1201 468 1528 540 ἀνασχέσθαι
1549 469 1749 540 γεννή-

1871 468 2023 538 psius
2053 483 2191 538 opus
2215 468 2270 523 in
2299 475 2542 538 peccato,
2567 446 2938 535 corruptione.
2960 469 3014 518 et
3042 467 3220 517 morte
3243 455 3422 514 disso-

170 576 324 624 cuoc
351 560 722 633 ἀνθρωπίνης,
755 558 850 613 καὶ
899 557 1000 631 τήν
1043 559 1237 613 ἑαυτοῦ
1279 561 1498 632 ποίησιν
1541 561 1640 632 τὴν
1695 561 1754 613 έν

169 651 426 724 ἁμαρτίᾳ.
475 651 572 705 καὶ⁵
627 649 803 723 φθορᾷ
857 650 953 704 καὶ
1019 649 1231 722 θανάτῳ
1292 651 1638 723 διαχυθεῖσαν
1696 651 1754 704 έν

168 741 360 813 ἑαυτῷ
393 741 760 814 συστήσασθαι
791 742 852 795 ὲν
899 741 1068 796 εἰκόνι
1122 742 1457 814 καινότητος.
1516 743 1608 797 Διὸ
1654 743 1753 814 τῆς

173 833 283 906 μὲν
334 835 607 906 ἁμαρτίας
643 836 744 904 τὴν
791 833 1117 904 κατάκρισιν
1155 836 1248 888 em
1291 835 1396 906 γῆς
1437 836 1750 907 ἐποιήσατοο

169 921 279 991 τῆς
310 921 368 974 δὲ
399 923 646 994 κατάρας
670 922 771 993 τὴν
801 921 1120 994 καθαίρεσιν
1156 923 1271 997 (68)
1299 925 1392 978 ἐπὶ
1427 924 1585 992 ξύλου
1611 942 1626 956 ·
1655 925 1756 996 τῆς

168 1028 233 1064 τε
267 1012 478 1085 φθορᾶς
517 1014 615 1086 τὴν
644 1014 1018 1086 ἀπολύτρωσιν
1058 1017 1116 1069 ὲν
1157 1015 1236 1087 τῷ
1280 1016 1468 1088 τάφῳ·
1511 1017 1605 1072 καὶ
1657 1015 1752 1071 τοῦ

170 1102 415 1156 θανάτου
466 1104 566 1175 τὴν
610 1104 906 1160 κατάλυσιν
945 1107 1002 1160 ὲν
1044 1105 1122 1176 τῷ
1176 1105 1310 1180 ᾄδῃ·
1344 1106 1507 1160 παντὶ
1558 1107 1754 1172 έπιόάς

167 1195 355 1266 τόπῳ,
381 1194 469 1248 ἵνα
513 1194 607 1248 τοῦ
641 1195 953 1266 σύμπαντος
997 1197 1283 1270 ἀνθρώπου
1329 1201 1430 1271 τὴν
1479 1200 1753 1270 σωτηρίαν

170 1287 614 1359 κατεργάσηται,
671 1287 885 1360 μορφὴν
935 1289 1034 1359 τῆς
1087 1291 1360 1362 ἡμετέρας
1421 1292 1630 1355 εἰκόνος
1693 1294 1752 1344 ὲν

171 1377 360 1447 ἑαυτῷ
388 1378 825 1449 ἐπιδεικνύμενος
857 1379 990 1450 (69).
1035 1380 1189 1434 Ἐπεὶ
1217 1381 1302 1444 τίς
1341 1378 1409 1453 ἦν
1442 1383 1602 1453 χρεία
1633 1382 1754 1453 Θεῷ

171 1471 490 1540 γεννήσεως
518 1470 619 1540 τῆς
645 1471 708 1524 ὲκ
737 1471 995 1538 γυναικὸς
1045 1471 1374 1542 ἀνασχέσθαι
1405 1490 1421 1539 ;
1471 1470 1752 1543 αύξήσεώς

173 1577 235 1613 τε
282 1560 526 1628 ἡλικίας,
581 1563 674 1614 καὶ
728 1561 866 1614 ἐτῶν
899 1561 1246 1633 ἀριθμήσεως
1299 1563 1378 1634 τῷ
1421 1567 1618 1634 ποιητῇ
1646 1563 1756 1616 τῶν

173 1650 429 1716 αἱώνωνς
489 1652 522 1723 ἢ
572 1653 730 1706 πάλιν
785 1654 1043 1726 σταυροῦ,
1092 1655 1125 1726 ἢ
1183 1655 1376 1723 τάφου,
1415 1655 1450 1726 ἢ
1489 1655 1636 1726 ᾅδου,
1676 1649 1757 1718 οἷς

173 1743 346 1814 ήμεῖς
379 1744 868 1814 ὑποπεπτώκαμεν,
911 1746 959 1798 εί
1004 1746 1076 1817 μὴ
1120 1746 1267 1816 ἡμᾶς
1294 1745 1495 1816 ἐζήτει,
1536 1744 1625 1798 διὰ
1655 1744 1756 1814 τῆς

1855 559 2052 623 lutum,
2093 559 2148 614 in
2177 559 2359 629 seipso
2392 559 2446 613 in
2490 556 2747 612 novitatis
2768 554 3060 625 imaginem
3091 552 3421 607 instaurare.

1855 649 2197 722 Quapropter
2258 650 2464 721 peccati
2520 649 2741 719 quidem
2805 644 3310 703 condemnationem
3366 642 3424 697 in

1854 751 2020 808 terra,
2048 741 2444 798 maledictionis
2491 739 2837 796 abolitionem
2870 738 2925 792 in
2971 737 3138 806 ligno,
3166 749 3197 789 a
3235 746 3425 790 corru-

1852 834 2040 905 ptione
2067 835 2467 889 immunitatem
2510 834 2565 887 in
2607 831 2860 902 sepulcro
2883 871 2898 897 ,
2932 829 3235 898 mortisque
3271 825 3423 880 solu-

1852 928 2055 982 tionem
2099 927 2152 981 in
2197 925 2410 981 inferno
2439 924 2683 996 peregit;
2714 936 3042 992 omnemque
3079 921 3259 975 locum
3300 932 3426 988 per-

1855 1019 2078 1082 meavit,
2116 1027 2178 1072 ut
2226 1017 2392 1073 totius
2437 1017 2678 1072 hominis
2717 1015 2946 1072 salutem
2973 1013 3424 1084 perﬁceret,cum

1853 1108 2084 1164 formam
2111 1110 2274 1180 739
2302 1115 2501 1164 nostra!
2541 1107 2794 1179 imaginis
2845 1106 2900 1160 in
2940 1106 3120 1176 seipso
3156 1101 3423 1158 exhibuit.

1853 1199 1988 1254 Nam
2015 1200 2146 1270 quid
2169 1209 2287 1255 erat
2311 1215 2448 1271 Opus
2477 1198 2590 1254 Deo
2617 1205 2676 1253 ut
2707 1214 2774 1254 ex
2824 1197 3027 1252 femina
3057 1195 3208 1252 nasci
3230 1195 3424 1264 digna—

1856 1292 2046 1345 retur?
2079 1291 2207 1360 quid
2239 1290 2434 1346 facturi
2484 1291 2807 1346 saeculorum
2851 1304 2988 1359 opus
3023 1296 3084 1342 ut
3118 1296 3322 1342 statura
3372 1293 3427 1339 et

1855 1395 2125 1434 annorum
2158 1395 2387 1436 numero
2427 1381 2736 1436 cresceret?
2768 1387 2863 1434 aut
2890 1393 3085 1433 rursus
3120 1377 3251 1446 quid
3286 1391 3425 1446 opus

1857 1472 1934 1526 illi
1964 1486 2145 1538 cruce,
2169 1471 2436 1541 sepulcro,
2469 1481 2562 1526 aut
2590 1471 2827 1537 inferno,
2849 1470 3048 1540 quibus
3075 1484 3175 1522 nos
3203 1468 3425 1522 obnoxii

1856 1562 1981 1616 facti
2017 1577 2228 1627 sumus,
2249 1563 2352 1616 nisi
2383 1578 2482 1617 nos
2510 1571 2794 1633 quareret,
2827 1569 2888 1615 ut
2912 1575 3007 1630 per
3037 1559 3269 1613 formam
3305 1573 3428 1628 quae

1858 1663 2057 1708 nostra:
2101 1653 2290 1708 similis
2325 1663 2409 1708 est
2452 1669 2554 1708 nos
2594 1653 2913 1719 viviﬁcaret,
2944 1661 3106 1722 atque
3128 1651 3193 1703 ad
3234 1649 3429 1705 simili-

1859 1745 2103 1800 tudinem
2143 1745 2612 1815 imitationemque
2653 1743 2907 1815 perfectze
2945 1742 3199 1814 imaginis
3227 1756 3428 1812 provo-

174 1835 307 1888 καθ’
343 1837 493 1906 ἡμᾶς
527 1835 741 1906 μορφῆς
773 1835 1051 1900 ζωοποιῶν
1094 1837 1243 1906 ἡμᾶς
1267 1836 1361 1889 καὶ
1397 1838 1476 1899 είς
1499 1835 1756 1906 ὁμοίωσιν

1867 1838 2043 1892 caret?
2069 1837 2299 1891 lmitatio
2342 1845 2524 1892 autem
2559 1835 2933 1907 perfectionis,
2976 1836 3253 1906 quomodo
3302 1847 3427 1888 esse

175 1927 276 1980 καὶ
315 1924 544 1995 μίμησιν
575 1926 784 1990 τελείας
833 1928 1040 1991 εἰκόνος
1085 1927 1600 1998 προσκαλούμενος;
1653 1927 1758 1980 Μί-

1867 1929 2113 1996 potuerit,
2127 1929 2231 1983 nisi
2250 1929 2402 1998 prius
2418 1928 2685 1983 exstiterit
2703 1929 2952 1983 absoluta
2971 1927 3228 1998 perfectio
3243 1927 3266 1980 ?
3271 1929 3426 1998 juxta

180 2036 353 2090 μησις
380 2018 436 2070 δὲ
466 2019 583 2081 πῶς
608 2018 674 2072 ἂν
701 2019 909 2087 γένοιτο
936 2019 1072 2089 πρὸς
1092 2019 1417 2091 τελειότητα,
1445 2019 1518 2091 μὴ
1548 2024 1757 2091 προῦπ-

1867 2018 1989 2074 illud
2006 2020 2248 2090 Apostoli
2275 2037 2288 2073 :
2317 2019 2686 2088 Exspatiantes
2715 2036 2802 2074 vos
2828 2029 3045 2074 veterem
3069 2021 3351 2086 hominem,
3376 2030 3429 2074 et

178 2111 433 2182 αρξάσης
475 2110 574 2180 τῆς
615 2110 893 2174 ἀνενδεοῦς
932 2110 1263 2183 τελειότητος
1296 2129 1310 2178 ;
1361 2111 1500 2165 κατά
1532 2111 1622 2164 τὸν
1666 2110 1756 2164 λέ-

1867 2114 2130 2168 induentes
2166 2127 2374 2178 novum,
2404 2113 2494 2182 qui
2525 2112 2812 2165 secundum
2835 2111 3000 2166 Deum
3025 2121 3230 2166 creatus
3269 2123 3345 2168 est
3372 2115 3428 2168 in

178 2220 355 2271 γοντα
385 2203 706 2256 Ἀπόστολον
729 2219 742 2232 ·
787 2203 1296 2272 ’Δπεκδυσάμενοι
1342 2204 1451 2258 τὸν
1493 2203 1754 2260 παλαιὸν

1867 2205 2146 2258 sanctitate
2175 2212 2224 2258 et
2243 2204 2464 2272 justitia
2495 2204 2728 2258 veritatis
2754 2203 2820 2259 “'.

179 2293 518 2361 ἄνθρωπον,
553 2293 651 2346 καὶ
679 2291 1072 2363 ἐνδυσάμενοι
1120 2292 1228 2346 τὸν
1257 2292 1399 2347 νέον
1450 2294 1556 2347 τὸν
1596 2295 1744 2350 κατὰ
1785 2293 1934 2348 Θεὸν
1960 2295 2296 2361 κτισθέντα,
2321 2293 2391 2346 ἐν
2431 2294 2695 2361 ὁσιότητι
2757 2293 2856 2347 καὶ
2919 2292 3275 2364 δικαιοσύνῃ
3317 2291 3432 2362 τῆς

179 2385 490 2454 ἀληθείας.

252 2480 310 2534 6.
341 2479 511 2532 Πόθεν
553 2474 646 2532 οὖν
699 2477 1050 2549 διδαχθέντες,
1106 2478 1289 2548 λέγετε
1341 2479 1592 2533 ἄκτιστον
1630 2497 1644 2542 ;
1693 2478 1758 2532 El

181 2571 370 2624 τοίνυν
402 2571 562 2641 φύσις
581 2572 647 2625 ὲκ
677 2572 1082 2642 μεταποιήσεως
1111 2569 1363 2634 ἀκτιστος
1387 2571 1616 2639 γίνεται,
1648 2571 1758 2644 ἀρα

185 2665 280 2717 καὶ
331 2663 560 2734 ἀόρατος
604 2663 698 2716 καὶ
747 2661 1012 2726 ἀθάνατος
1053 2679 1067 2692 ο
1119 2664 1221 2716 οὐκ
1258 2665 1324 2716 ἐκ
1357 2663 1608 2726 θανάτου,
1643 2657 1756 2718 ἀλλ’

184 2754 541 2819 ἀνεπίδεκτος
583 2755 833 2810 θανάτου.
881 2755 1006 2818 Πῶς
1050 2750 1142 2809 οὖν
1180 2755 1450 2810 ἀπέθανεν
1474 2759 1503 2809 ό
1532 2756 1756 2829 Κύριος,

189 2849 236 2900 εἰ
284 2850 320 2902 ό
369 2848 622 2912 ἀκτιστος
668 2846 939 2909 ἀκτίστως
969 2843 1084 2914 (70)
1118 2847 1464 2918 ἐπεδήμησεν
1492 2847 1584 2900 ἐπὶ
1616 2847 1719 2917 γῆς
1745 2863 1763 2914 ;

185 2939 221 3008 ἢ
251 2938 373 3003 πῶς
397 2939 590 3010 όρατὺς
636 2941 729 2992 καὶ
770 2937 1087 3009 ψηλαφητὸς
1133 2938 1395 3007 γέγονεν;
1444 2937 1520 3002 ὡς
1562 2939 1767 3010 γέγραο

192 3049 329 3085 πται
352 3047 367 3061 ⁸
409 3033 478 3083 Ὃ
508 3029 865 3099 ἑωράκαμεν,
894 3029 993 3082 καί
1033 3033 1092 3083 αὶ
1123 3029 1314 3098 χεῖρες
1338 3027 1508 3098 ἡμῶν
1542 3027 1767 3098 ἐψηλά-

191 3141 425 3195 φησαν.
461 3125 586 3187 Πῶς
632 3118 723 3177 οὖν
774 3123 983 3191 λέγετε,
1033 3121 1069 3176 ἃ
1111 3122 1185 3193 μὴ
1243 3121 1570 3193 γέγραπται,
1626 3101 1834 3194 μήτεο

193 3217 357 3290 θέμις
411 3218 650 3280 ὲννοεῖν;
693 3214 902 3268 Δώσετε
951 3216 1061 3285 γὰρ
1111 3217 1276 3267 πᾶσιν
1303 3216 1597 3286 αἷρετικοῖς
1625 3213 1765 3268 κατὰ

192 3310 294 3381 τὴν
321 3307 415 3362 τοῦ
441 3308 572 3361 ποτὲ
599 3307 892 3378 λεγομένου
925 3306 1204 3378 Ῥητορίου
1225 3304 1432 3359 ἔννοιαν
1476 3304 1766 3359 ἀσεϐεστά-

193 3417 318 3472 την,
357 3394 418 3454 οὗ
455 3400 550 3451 καὶ
577 3397 675 3469 τὴν
705 3397 959 3450 ἀσέϐειαν
997 3396 1233 3463 ἐξειπεῖν
1276 3395 1523 3467 φοϐερόν.
1562 3395 1632 3448 Ἦ
1660 3393 1766 3448 τοί-

194 3505 290 3544 νυν
316 3486 625 3560 ἀρνήσασθε
652 3485 750 3550 τὰς
784 3485 932 3550 θείας
973 3483 1213 3556 Γωφάς,
1252 3484 1286 3555 ἢ
1320 3483 1524 3547 ταύτας
1569 3481 1765 3554 ὁμολο-

196 3581 441 3650 γοῦντες,
476 3580 554 3652 μὴ
583 3579 744 3650 ἕτερα
797 3578 946 3650 παρά
993 3578 1061 3632 τὰ
1114 3577 1474 3649 γεγραμμένα
1502 3577 1766 3631 ἐπινοεῖτε

195 3673 378 3727 λαλεῖν
411 3674 630 3744 ῥήματα
656 3671 871 3742 ἀπάτης
897 3671 1132 3724 ἀνιάτου.
1175 3667 1332 3722 Ἀλλά
1363 3667 1523 3722 πάλιν
1550 3667 1764 3738 λέγετε,

200 3763 283 3817 δτι
319 3764 511 3834 Ἡμεῖς
533 3761 788 3834 κτίσματι
813 3761 925 3831 (71)
955 3761 1014 3814 οὐ
1051 3759 1480 3832 προσκυνοῦμεν.
1513 3754 1585 3811 Ὦ
1608 3759 1767 3828 ἀνόη-

198 3871 280 3909 τοι
307 3857 321 3909 l
349 3854 436 3908 δεά
463 3854 515 3908 τί
537 3855 598 3908 ού
622 3852 921 3924 λογίζεσθε,
957 3853 1036 3905 ὅτι
1079 3853 1172 3906 καὶ
1227 3851 1449 3923 ποιηθὲν
1493 3850 1555 3904 τὸ
1608 3849 1766 3920 σῶμα

197 3947 290 4003 τοῦ
327 3946 530 4020 Κυρίου
580 3947 642 4000 ού
691 3946 912 4018 κτιστήν
957 3944 1288 4015 ἀποφέρεται
1331 3943 1430 4014 τὴν
1461 3941 1769 4015 προσκύνη-

204 4055 322 4105 σιν;
352 4038 458 4092 Τοῦ
487 4037 594 4108 γάρ
627 4037 881 4091 ἀκτίστου
908 4036 1080 4104 Λόγου
1110 4036 1298 4104 γέγονε
1328 4034 1487 4105 σῶμα
1513 4051 1527 4065 ’
1571 4028 1630 4088 οὗ
1659 4033 1768 4103 γὰρ

200 4129 363 4200 σῶμα
402 4127 613 4196 γέγονε,
647 4127 822 4196 τούτῳ
860 4125 1160 4197 προσάγετε
1201 4127 1295 4179 καὶ
1327 4126 1426 4196 τὴν
1463 4123 1771 4196 προσκύνη-

201 4231 284 4268 σιν
301 4215 446 4287 (72).
469 4214 590 4286 Ἆρ’
617 4211 710 4267 οὖν
737 4213 830 4267 καὶ
858 4217 1240 4284 προσκυνεῖται
1263 4214 1643 4285 όφειλομένως,
1675 4215 1768 4267 καὶ

199 4303 394 4369 θεῖκῶς
441 4307 822 4377 προσκυνεῖται
865 4322 879 4334 ·
922 4305 1053 4367 Θεὸς
1077 4305 1185 4377 γὰρ
1218 4306 1247 4357 ό
1290 4307 1463 4375 Λόγος
1508 4305 1680 4368 ἐστὶν,
1705 4299 1767 4359 οὗ

197 4397 254 4451 τὺ
281 4397 442 4467 σῶμα
469 4397 600 4450 ῐδιον
622 4397 878 4467 τυγχάνει
903 4414 916 4426 ·
949 4399 1071 4450 ἐπεὶ
1097 4398 1191 4451 καὶ
1220 4397 1309 4450 ὅτε
1357 4397 1672 4468 προσῄεσαν
1706 4396 1764 4448 αἱ

1933 2477 1988 2535 6.
2017 2478 2062 2532 Α
2091 2493 2202 2550 quo
2229 2493 2359 2550 ergo
2381 2477 2560 2535 edocti
2588 2479 2893 2534 increatum
2937 2478 3091 2534 illum
3121 2479 3342 2536 dicitis?
3371 2478 3429 2536 Si

1862 2570 2030 2641 igitur
2061 2578 2257 2625 natura
2283 2586 2350 2626 ex
2383 2570 2684 2626 mutatione
2721 2569 2781 2626 ﬁt
2809 2571 3082 2640 increata;
3111 2587 3240 2643 ergo
3263 2582 3318 2628 et
3348 2577 3432 2628 in-

1862 2661 2094 2718 visibilis
2115 2661 2227 2728 ﬁet,
2256 2669 2310 2718 et
2333 2661 2688 2729 immortalis;
2713 2677 2823 2717 non
2849 2671 3136 2733 postquam
3160 2680 3228 2720 ex
3259 2677 3432 2722 morte

1863 2754 2240 2822 resurrexerit,
2273 2754 2366 2809 sed
2399 2753 2590 2808 mortis
2631 2769 2858 2824 prorsus
2895 2755 3124 2826 incapax
3149 2757 3271 2812 erit.
3313 2757 3432 2824 Qua

1861 2861 1992 2916 ergo
2024 2845 2232 2902 ratione
2257 2853 2507 2900 mortuus
2536 2855 2622 2900 est
2651 2844 2935 2912 Dominus,
2971 2849 3016 2902 si
3043 2848 3320 2905 increatus
3349 2851 3435 2903 in-

1865 2946 2045 2992 creato
2096 2936 2260 2992 modo
2305 2936 2587 2992 advenerit
2628 2937 2683 2991 in
2731 2945 2972 3006 terram;
3019 2948 3114 2994 aut
3159 2941 3435 3010 quomodo

1863 3027 2096 3084 visibilis
2122 3037 2176 3084 et
2194 3027 2478 3099 palpabilis
2508 3029 2685 3085 factus
2715 3039 2818 3096 est,
2848 3029 2990 3086 sicut
3022 3031 3285 3102 scriptum
3312 3042 3433 3088 est:

1867 3118 2019 3186 Quod
2071 3121 2295 3175 vidimus
2335 3130 2386 3175 et
2427 3137 2614 3176 manus
2648 3131 2842 3176 nostra
2865 3132 3313 3179 contrectauerunt
3343 3125 3436 3181 ⁸ίῖ

1862 3208 1976 3264 Cur
2005 3210 2191 3280 itaque
2216 3227 2281 3266 ea
2314 3212 2516 3278 dicitis,
2549 3228 2671 3282 qua:
2699 3228 2801 3268 nec
2827 3213 3028 3283 scripta
3056 3215 3187 3282 sint,
3215 3231 3316 3272 nec
3351 3215 3438 3273 fas

1865 3302 1936 3357 sit
1976 3301 2260 3371 cogitare?
2287 3299 2552 3357 Omnibus
2601 3301 2747 3356 enim
2795 3302 3066 3359 haereticis
3108 3307 3435 3362 sententiam

1866 3391 2278 3460 suppeditabitis
2299 3391 2698 3462 impiissimam,
2729 3408 2892 3462 quam
2921 3395 3091 3448 tenuit
3115 3396 3244 3451 olim
3273 3399 3319 3454 is
3341 3399 3435 3470 qui

1866 3480 2158 3537 Rbetorius
2189 3483 2482 3537 vocabatur
2506 3500 2520 3549 ;
2541 3483 2698 3554 cujus
2725 3485 3054 3555 impietatem
3081 3486 3284 3544 referre
3305 3489 3437 3545 bor-

1865 3583 1948 3630 ret
1989 3575 2224 3630 animus.
2252 3576 2359 3630 Aut
2410 3576 2575 3646 igitur
2605 3576 2820 3632 divinas
2868 3587 3061 3649 negate
3088 3577 3435 3652 Scripturas:

1868 3675 1963 3722 aut
1989 3667 2035 3722 si
2062 3683 2155 3722 eas
2180 3667 2488 3732 admittitis,
2516 3684 2583 3724 ne
2608 3679 2802 3739 prazter
2821 3685 2884 3724 ea
2907 3687 3029 3740 quae
3057 3673 3258 3744 scripta
3286 3685 3436 3744 sunt,

1866 3759 1968 3814 alia
2001 3757 2243 3829 proferre
2271 3761 2585 3831 excogitetis
2631 3761 2954 3817 insanabilis
2987 3761 3218 3822 fallaciae
3245 3767 3436 3823 verba.

1869 3851 1974 3908 Sed
1996 3867 2214 3907 rursum
2250 3852 2432 3908 dicitis
2459 3869 2475 3908 :
2506 3851 2617 3909 Nos
2650 3863 2955 3910 creaturam
2980 3871 3090 3911 non
3118 3857 3434 3916 adoramus.

1867 3942 1912 3999 O
1942 3945 2130 3998 stulti!
2172 3959 2271 3999 cur
2312 3960 2416 3998 non
2462 3944 2746 4014 cogitatis,
2791 3961 2989 4017 corpus
3033 3946 3253 4003 Domini
3291 3951 3440 4021 quod
3515 3935 3518 3938 ’

1869 4034 2072 4090 factum
2109 4044 2191 4092 est
2217 4035 2584 4092 adorationem
2611 4053 2718 4092 non
2745 4038 2961 4109 exigere
2989 4055 3111 4110 quae
3133 4041 3211 4096 rei
3245 4053 3442 4099 creatae

1867 4126 2319 4182 debeatur?Nam
2369 4128 2596 4183 increati
2641 4127 2806 4183 Verbi
2843 4145 3043 4200 corpus
3084 4129 3284 4188 factum
3323 4143 3438 4190 est:

1870 4234 1934 4274 ac
1961 4219 2063 4289 ipsi
2087 4220 2244 4290 cujus
2266 4235 2467 4290 corpus
2493 4220 2700 4276 factum
2729 4231 2811 4277 est
2835 4224 3205 4282 adorationem
3234 4227 3442 4283 aﬂ‘ertis

1867 4319 2128 4366 vestram.
2170 4310 2355 4367 Debita
2397 4326 2524 4382 ergo
2557 4323 2612 4368 et
2635 4313 2816 4368 divina
2850 4316 3170 4372 adoratione
3201 4320 3438 4375 colitur:

1873 4401 2016 4456 Deus
2041 4402 2187 4458 enim
2230 4411 2314 4458 est
2343 4401 2578 4458 Verbum
2606 4403 2766 4472 cujus
2791 4421 2990 4476 corpus
3016 4419 3098 4463 est
3124 4411 3440 4480 pr0prium:

197 4487 754 4560 γυναῖκεςτῷΚυρίῳ,
772 4487 1082 4542 διακωλύων
1106 4487 1282 4556 ἔλεγε,
1303 4485 1400 4553 Μή
1411 4505 1530 4556 μου
1547 4485 1761 4540 ἅπτου·

1869 4493 2070 4564 quippe
2117 4509 2242 4548 cum
2277 4501 2626 4550 accesserunt
2655 4495 2911 4551 mulieres
2948 4497 3013 4552 ad
3041 4498 3348 4566 Dominum,
3372 4502 3443 4556 il-

199 4583 358 4635 οὔπω
383 4581 495 4651 τὰρ
523 4580 859 4648 ἀναϐέϐηκα
896 4580 1046 4648 πρὸς
1089 4579 1196 4632 τὸν
1221 4577 1452 4646 Πατέρα
1493 4595 1635 4646 μου,
1670 4593 1768 4648 ση-

202 4673 423 4741 μαίνων,
477 4672 559 4724 ὅτι
605 4671 762 4742 χρεία
800 4669 1136 4736 ἀναδάσεως,
1173 4669 1269 4723 καὶ
1297 4669 1379 4723 ὅτι
1410 4668 1508 4739 μία
1545 4667 1699 4721 ἔσται
1730 4669 1765 4740 ή

267 4825 312 4856 ⁸⁸
349 4823 562 4881 Coloss.
588 4839 671 4889 ιιι,
706 4823 771 4892 9;
801 4822 998 4893 Ephes.
1032 4839 1104 4888 tv,
1131 4822 1220 4876 24.
1298 4822 1343 4854 ’⁸⁸
1380 4819 1582 4878 lJoan.
1622 4839 1660 4887 ι,
1709 4823 1758 4878 1.

264 4972 390 5045 (68)
410 4971 483 5045 Ita
521 4972 991 5045 Seguer._Anglic.
1015 4972 1230 5045 Gobler.
1259 4981 1312 5045 et
1340 4972 1488 5045 Felc.
1521 4974 1574 5039 1,
1595 4979 1757 5044 atque

196 5042 421 5114 sie‘legit
439 5042 704 5099 Nannius.
740 5042 901 5107 Editi',
925 5043 1229 5114 ἀφαίρεσιν.
1260 5043 1382 5114 Mox
1408 5042 1593 5114 iidem,
1625 5042 1759 5114 ἀπο-

196 5110 586 5186 λύτρῶσινῃιίή
601 5114 751 5181 editi,
773 5110 1108 5184 καθαίρεσιν.
1135 5111 1275 5166 Infra
1300 5112 1487 5178 Basil.,
1503 5113 1595 5166 τοῦ
1621 5113 1759 5185 σύμ-

196 5183 392 5247 παντός
423 5183 612 5239 τόπου.

261 5253 375 5324 (69)
404 5253 583 5324 ροωε
604 5262 660 5308 et
684 5252 828 5324 Frelc.
850 5253 916 5324 1,
942 5252 1424 5324 ἐνδυσάμενοςᾉκαὶ
1447 5252 1752 5306 ἐπιδεικνύ-

199 5322 527 5394 μενοςζίμοι
553 5323 677 5394 Seg.
704 5323 984 5394 Anglican.
1020 5323 1175 5378 Gobl.
1209 5336 1279 5394 eti
1292 5322 1436 5379 Felc.
1464 5325 1518 5386 1,
1563 5325 1757 5394 γεννή-

378 5392 542 5456 Editi,
577 5392 860 5462 γενέσεως.
891 5393 1094 5448 Ibidem
1142 5395 1195 5447 in
1227 5393 1374 5462 ,Seg.
1422 5394 1541 5449 solo
1579 5392 1752 5458 deest,

195 5461 536 5534 ἀνασχέσθαι.
578 5461 725 5518 Infra
757 5462 882 5534 Seg.
918 5461 1076 5518 Gobl.
1106 5473 1161 5518 et
1198 5461 1434 5518 Felckm.
1461 5464 1514 5528 1,
1551 5463 1752 5534 ἐζήτει.

196 5527 489 5603 Εάἰιίένετο
513 5543 568 5588 et
597 5535 710 5600 alii,
735 5527 1002 5603 ἀνεζήτει.
1407 5597 1410 5601 ,

259 5602 370 5672 (70)
393 5602 516 5673 Seg.
545 5613 598 5658 et
640 5602 1186 5673 Anglic.,&xt£o‘rw;.
1218 5602 1359 5658 Editi
1381 5610 1436 5657 et
1459 5603 1572 5673 alii,
1599 5603 1756 5656 ἀκτί-

198 5685 317 5742 ςτῳ.
336 5671 709 5742 Μοίὸθειιειι.
735 5671 892 5728 Gobl.
918 5683 972 5727 et
987 5672 1237 5728 ‘Felckm.
1261 5674 1310 5734 1,
1339 5671 1598 5742 γεγονὼς,
1622 5673 1755 5725 καθ-

198 5737 284 5805 dig.
330 5737 623 5800 Rbetoriits
671 5759 838 5814 porro
887 5743 1029 5799 inira
1069 5737 1429 5814 memoratus,
1464 5741 1754 5810 Egyptius

1873 4590 1954 4642 las
2003 4587 2089 4642 his
2128 4587 2378 4656 prohibet
2418 4587 2622 4654 verbis,
2668 4587 2797 4643 Noli
2829 4605 2911 4643 me
2949 4601 3180 4661 tangere,
3211 4597 3444 4650 nondum

1873 4679 2012 4732 enim
2033 4677 2245 4731 ascendi
2263 4677 2333 4731 ad
2357 4675 2576 4732 Patrem
2600 4694 2772 4732 meum
2786 4679 2851 4745 δ’,
2880 4679 3132 4738 indicans
3158 4699 3296 4755 opus
3322 4701 3444 4743 esse

1839 4816 1886 4846 δ’
1921 4812 2081 4870 Joan.
2116 4829 2212 4879 xx,
2238 4813 2328 4868 17.

1865 4980 2028 5038 erat,
2069 4974 2163 5042 qui
2213 4986 2456 5045 eousque
2501 4974 2729 5045 insania:
2778 4977 3047 5045 processit
3091 4987 3152 5034 ut
3202 4981 3441 5045 diceret,

1865 5056 2058 5096 omnes
2087 5042 2310 5112 omnino
2335 5043 2615 5099 haereticos
2637 5042 3020 5112 recte—sentire,
3042 5058 3097 5104 et
3121 5050 3330 5106 nullum
3351 5042 3442 5107 er;

1863 5128 1988 5168 rare
2019 5113 2206 5186 :_quod
2239 5111 2312 5186 ita
2342 5114 2636 5186 absurdum
2673 5115 2978 5186 Augustino
3005 5111 3241 5185 videtur,
3263 5130 3331 5174 .ut
3353 5122 3444 5177 vix

1865 5198 1990 5254 eum
2045 5183 2117 5236 ita
2162 5182 2396 5254 sensisse
2429 5183 2649 5240 credere
2696 5182 2888 5254 possit.
2927 5185 3062 5243 Vide
3087 5182 3443 5246 Philastrium

1866 5252 2058 5323 haeresi
2088 5267 2234 5323 sitv,
2260 5262 2314 5306 et
2331 5253 2562 5323 August.
2587 5252 2778 5308 haresi
2810 5270 2979 5312 Lxxu.

1939 5322 2052 5398 (71)
2090 5321 2254 5398 Editi,
2304 5323 2390 5398 ότι
2424 5321 2594 5398 ’ήμε-ῖς
2643 5324 3008 5398 misum-uin
3039 5325 3161 5398 Seg.
3194 5327 3354 5384 Gobl.
3390 5339 3446 5388 et

1862 5391 2011 5515 Fegc.
2033 5395 2084 5455 1,
2115 5393 2266 5446 deest
2301 5393 2404 5446 ὅτι.
2440 5391 2660 5458 Ibidem,
2680 5391 2830 5459 editi,
2859 5391 3156 5468 κτίσματᾶ.
3183 5404 3252 5454 At
3281 5400 3437 5472 Seg.,

1863 5479 1931 5515 κτ
1959 5478 2147 5515 σιιατι.

1863 5478 2147 5516 κτισματι.

1935 5479 2182 5612 (ςὲῗτὲἶο
2210 5531 2367 5612 Angl.
2399 5531 2556 5587 Gobl.
2574 5532 2775 5612 _F_’elc._i
2795 5543 2866 5612 _et
2893 5534 3016 5608 Seg.
3043 5535 3099 5592 In
3121 5540 3252 5612 edit.
3277 5556 3448 5612 προσ-

1864 5602 2055 5682 ἀγεται
2086 5603 2118 5672 ή
2148 5602 2532 5682 προσκύνησις.
2571 5602 2693 5657 Μοι
2737 5605 2897 5682 iidem
2920 5602 3446 5682 manuscriptifxal

1815 5721 1834 5734 ,,
1865 5673 2020 5742 θεῖκῇ
2069 5674 2434 5748 προσκυνήσει
2484 5677 2887 5743 προσκυνεῖται.
2920 5675 3084 5748 Edili,
3113 5673 3444 5748 καὶῇῦεῖκὼς

1865 5745 2278 5805 προσκυνεῖται.
