3810 6228
392 301 532 358 Μοὸ

1055 297 1112 351 S.
1152 296 1525 352 ATHANASII
1563 296 1711 350 OPP.
1752 293 1932 348 PARS
1969 291 2096 348 l.—
2137 290 2503 346 HlST()RICA
2536 291 2624 345 ET
2663 290 3081 350 DOGMATICA.

3503 298 3668 352 HM

393 433 733 485 ascensione,
755 427 809 473 et
832 433 996 472 unam
1030 417 1148 472 fore
1179 417 1577 473 ascensionem.
1604 417 1856 468 Attamen
1880 427 1953 466 ac

2086 410 2336 476 ἀνάϐασις
2381 411 2517 482 (75).
2573 412 2786 482 Ὅμως,
2851 413 3242 484 προσελθοῦσαι
3268 455 3282 478 ,
3333 415 3672 487 ἐκράτησαν

390 511 641 568 cedentes
671 511 780 566 illa:
815 519 1107 565 tenuerunt
1133 510 1298 581 pedes
1327 509 1448 579 ejus
1481 517 1536 564 et
1571 508 1958 563 adoraverunt.

387 599 561 659 Pedes
591 611 898 668 tenuerunt,
929 601 1100 656 Deum
1126 601 1511 662 adoraverunt.
1541 599 1711 654 Pedes
1741 600 1962 669 quidem

389 695 574 751 carnis
607 702 662 749 et
687 693 893 748 ossium
924 702 1240 748 contactum
1277 691 1638 763 praeferebant
1667 708 1680 744 :
1713 691 1805 747 sed
1835 706 1962 746 cum

389 785 483 841 Dei
507 793 712 850 essent,
737 783 905 838 Deum
945 785 1050 839 illa:
1070 785 1452 840 adoraverunt.
1493 784 1556 838 Et
1583 784 1713 838 alibi
1745 797 1964 853 quoque

387 878 566 934 aiebat
599 877 887 941 Dominus,
920 877 1143 948 Palpate
1171 893 1253 932 me
1277 886 1327 932 et
1360 877 1672 948 cognoscite,
1699 877 1824 947 quia
1853 878 1962 946 spi-

386 969 522 1023 ritus
551 985 764 1022 carnem
791 978 841 1022 et
867 984 986 1023 ossa
1027 985 1128 1023 non
1151 969 1328 1034 habet,
1356 970 1493 1022 sicut
1531 985 1610 1022 me
1649 969 1834 1022 videtis
1862 969 1960 1023 Ita-

387 1061 504 1116 bere
526 1061 592 1128 ”,
627 1077 944 1131 quanquam
984 1061 1099 1132 ipse
1142 1061 1366 1130 spiritus
1392 1061 1497 1116 sit:
1549 1059 1782 1128 Spiritus
1817 1061 1960 1116 enim

383 1163 458 1206 est
491 1152 631 1206 Deus
660 1152 727 1206 “.
761 1151 830 1206 Et
872 1167 997 1208 cum
1033 1151 1167 1208 dicit
1201 1167 1265 1208 ea
1310 1166 1371 1207 sc
1419 1151 1618 1206 habere
1640 1191 1656 1216 ,
1689 1150 1961 1221 simulque

383 1245 626 1300 ostendit
661 1246 779 1313 ipsa
804 1263 819 1312 ;
853 1259 953 1299 cur
980 1245 1077 1309 ait,
1116 1243 1349 1314 Spiritus
1375 1261 1588 1298 carnem
1617 1253 1674 1299 et
1702 1260 1827 1298 ossa
1857 1259 1960 1296 non

383 1335 557 1399 habet,
584 1345 639 1389 ut
664 1353 761 1402 me,
789 1337 987 1406 inquit,
1011 1352 1172 1406 quem
1205 1352 1311 1391 non
1338 1337 1426 1390 illa
1453 1351 1596 1401 esse,
1623 1336 1716 1392 sed
1743 1337 1833 1390 illa
1863 1335 1962 1389 ha-

383 1427 515 1482 bere
532 1427 762 1483 videtis?
785 1430 867 1482 An
892 1437 950 1483 ut
971 1429 1209 1494 doceret,
1245 1427 1498 1498 spirituum
1524 1437 1717 1482 natura
1745 1427 1962 1482 inenar-

383 1517 612 1572 rabilem
651 1532 794 1584 esse,
843 1519 1022 1589 ipsum
1073 1527 1258 1574 autem
1301 1527 1616 1574 contactum
1647 1518 1716 1573 ad
1760 1533 1959 1588 corpus

385 1617 575 1664 nostro
613 1609 794 1666 simile
837 1612 1132 1680 pertinere,
1173 1611 1320 1680 quod
1351 1611 1453 1666 sibi
1482 1627 1546 1665 ex
1580 1609 1804 1681 Virgine
1852 1624 1958 1664 non

383 1702 620 1767 quadam
645 1703 905 1772 operandi
942 1704 1177 1769 ratione,
1207 1703 1300 1758 sed
1342 1701 1576 1756 naturali
1609 1702 1960 1772 generatione

381 1803 825 1864 comparaverat;
855 1804 913 1849 ut
948 1806 1001 1850 et
1033 1797 1623 1851 secundumnaturam
1658 1803 1806 1850 esset
1831 1810 1956 1849 cor-

384 1899 507 1954 pus,
536 1899 600 1940 ac
622 1901 817 1940 rursus
847 1887 1146 1942 secundum
1179 1896 1431 1942 naturam
1465 1887 1796 1942 indivisibile
1817 1895 1962 1942 esset

381 1991 414 2029 a
448 1973 613 2030 Verbi
662 1975 880 2030 deitate.
917 1975 1009 2032 Sic
1059 1977 1204 2030 enim
1251 1987 1305 2032 et
1330 1992 1480 2033 mors
1519 1977 1639 2044 ejus
1689 1975 1956 2048 contigit:

384 2079 612 2134 corpore
657 2066 897 2150 quidem}
929 2069 1232 2123 secundum
1289 2078 1541 2123 naturam
1597 2068 1957 2139 suscipiente,

384 2154 563 2214 Verbo
589 2165 770 2214 autem
806 2175 901 2229 per
929 2161 1262 2215 voluntatem
1289 2163 1409 2216 eam
1440 2161 1758 2217 admittente
1781 2173 1835 2216 et
1864 2178 1960 2232 per

385 2255 711 2319 potestatem
771 2264 927 2305 suam
1001 2251 1278 2321 proprium
1356 2267 1558 2322 corpus
1618 2254 1781 2308 morti
1849 2263 1962 2308 tra-

383 2337 719 2408 dente;quo
763 2347 818 2394 et
859 2340 1182 2394 naturaliter
1222 2355 1322 2411 pro
1364 2342 1524 2396 nobis
1566 2352 1864 2413 pateretur,
1906 2351 1961 2396 et

383 2423 648 2481 divinitus
670 2440 769 2496 pro
806 2425 963 2483 nobis
1013 2438 1346 2499 resurgeret.
1391 2427 1702 2502 Totumque
1732 2446 1959 2502 genera-

379 2513 548 2570 tionis
579 2516 881 2586 mortisque
912 2520 1188 2589 negOtium
1233 2527 1478 2576 nostram
1510 2523 1958 2593 perquisitionem

376 2607 966 2678 recuperationemque
992 2619 1220 2680 spectat.

452 2697 614 2770 740
643 2697 695 2753 7.
733 2696 857 2755 Haec
889 2716 1012 2755 cum
1049 2701 1122 2756 ita
1155 2717 1215 2756 se
1246 2701 1504 2764 habeant.
1535 2712 1590 2758 et
1619 2705 1672 2758 in
1705 2703 1958 2760 confesso

374 2789 491 2844 sint
517 2789 572 2844 in
596 2789 838 2846 Ecclesia
865 2789 958 2847 Dei
989 2793 1286 2858 catholica,
1310 2810 1410 2850 cur
1441 2810 1536 2850 vos
1569 2812 1788 2852 rursum
1824 2797 1958 2854 dici-

372 2879 477 2947 tis,
509 2896 709 2950 corpus
741 2896 772 2936 e
812 2882 952 2938 cmlo
989 2884 1147 2938 esse?
1174 2899 1273 2938 cur
1299 2885 1554 2941 Christus
1575 2887 1707 2942 illud
1738 2887 1959 2944 eﬂecit?

373 2970 724 3042 Respondete
752 2991 766 3027 :
792 2975 948 3030 Anne
977 2984 1037 3029 ut
1065 2990 1131 3029 ex
1156 2975 1294 3030 coelo
1318 2976 1373 3030 in
1407 2987 1608 3032 terram
1634 2993 1833 3048 corpus
1863 2980 1958 3034 de-

1991 1759 2032 1814 Β

371 3064 568 3129 .ferret,
595 3075 648 3119 et
697 3063 970 3121 invisibile
1010 3066 1259 3122 redderet
1299 3067 1512 3123 visibile
1555 3087 1569 3123 :
1609 3071 1954 3127 contumelia
1980 3104 2029 3169 ο

367 3157 730 3228 incapacem,
772 3157 1118 3214 contumelia:
1166 3173 1423 3228 capacem
1465 3178 1480 3227 ;
1526 3161 1862 3230 impassibile
1899 3171 1956 3219 et

382 3250 710 3314 immortale,
732 3252 964 3306 mortale
989 3260 1044 3306 et
1072 3251 1332 3321 passibile
1356 3251 1555 3308 faceret
1573 3254 1597 3306 ?
1614 3252 1953 3322 Ecquidnam

373 3341 435 3394 iu
471 3341 578 3396 illis
603 3341 874 3406 beneﬁcii,
906 3356 940 3396 o
968 3340 1155 3410 inepti,
1181 3341 1227 3396 si
1254 3357 1318 3397 ea
1357 3341 1413 3396 in
1444 3341 1665 3398 Christo
1703 3343 1846 3398 facta
1869 3343 1956 3399 di-

368 3432 538 3498 catis,
565 3447 688 3502 quae
728 3432 788 3486 in
830 3433 1162 3503 protoplasto
1210 3434 1383 3488 Adam
1427 3431 1570 3490 facta
1618 3435 1790 3490 sunt?
1838 3433 1956 3491 Nisi

373 3522 506 3579 Adae
529 3523 742 3595 lapsum
774 3525 828 3579 in
862 3525 1345 3595 incomparabilem
1368 3527 1769 3596 reparationem
1796 3527 1956 3582 Chri-

372 3622 518 3679 stus,
551 3615 604 3668 in
639 3614 999 3669 similitudine
1035 3616 1220 3671 carnis
1249 3616 1461 3686 peccati
1499 3631 1790 3686 apparens,
1823 3633 1952 3686 pec-

370 3714 672 3776 catumque
699 3705 755 3761 in
787 3720 950 3761 carne
973 3707 1366 3773 condemnans,
1395 3709 1758 3775 restituisset;
1783 3711 1858 3766 ita
1894 3719 1955 3767 ut

372 3814 443 3854 ca
463 3814 545 3852 Fue
566 3799 787 3855 indutus
813 3801 866 3854 in
895 3809 1038 3856 terra
1067 3808 1399 3865 versaretur,
1423 3811 1479 3856 et
1495 3818 1712 3859 carnem
1743 3805 1951 3874 peccati

372 3887 694 3960 incapacem
730 3890 1011 3946 exhiberet
1040 3909 1054 3945 :
1081 3906 1245 3962 quam
1283 3906 1408 3946 cum
1440 3909 1507 3947 ex
1534 3895 1710 3964 prima
1741 3894 1952 3951 forma-

315 3962 328 4056 ’λ
368 3979 526 4034 .tione
552 3979 724 4034 Adam
760 3981 966 4050 peccati
1000 3991 1276 4052 expertem
1305 3962 1607 4049 habuisset,
1637 4001 1705 4040 ex
1740 4000 1952 4056 prava-

321 4051 328 4060 ’
371 4067 640 4125 ricatione
667 4069 814 4124 illam
859 4051 1085 4140 peccati,
1109 4085 1363 4141 capacem
1392 4071 1540 4140 fecit,
1577 4089 1641 4130 ac
1672 4075 1724 4129 in
1758 4092 1952 4133 corru-

374 4155 617 4227 ptionem
634 4167 688 4212 et
708 4169 935 4213 mortem
954 4160 1208 4230 delapsus
1236 4171 1338 4217 est.
1364 4160 1516 4219 Hanc
1536 4161 1791 4222 Christus
1817 4183 1944 4223 sus-

373 4249 506 4303 citat
530 4256 724 4304 natura
766 4251 1172 4320 impeccabilem
1194 4291 1209 4317 ,
1240 4261 1301 4307 ut
1344 4255 1597 4310 ostendat
1623 4255 1936 4317 Creatorem

375 4354 483 4394 non
505 4354 626 4396 esse
653 4355 874 4397 causam
899 4344 1128 4412 peccati;
1150 4353 1202 4398 et
1218 4345 1286 4399 ad
1308 4345 1626 4415 primariam
1661 4349 1812 4404 illam
1835 4350 1947 4407 for-

2063 502 2227 556 αὐτοῦ
2257 503 2382 566 τοὺς
2411 503 2604 569 πόδας,
2631 504 2725 556 καὶ
2750 506 3186 576 προσεκύνησαν.
3213 505 3385 568 Πόδας
3410 508 3671 578 ἐκράτη-

2065 609 2186 658 σαν,
2220 591 2350 645 Θεὸν
2377 590 2815 664 προσεκύνησαν.
2859 593 3032 656 Πόδας
3079 593 3282 647 ὀστέων
3308 597 3404 648 καὶ
3440 596 3667 667 σαρκὸς

2061 681 2282 753 ἔχοντας
2311 681 2647 754 ψηλάφησιν,
2681 682 2816 737 ἀλλά
2838 682 2974 737 Θεοῦ
2999 683 3179 749 ὄντας,
3230 685 3666 759 προσεκύνησαν

2061 773 2212 828 Θεόν.
2250 774 2361 826 Καὶ
2399 773 2632 844 ἀλλαχοῦ
2689 774 2746 828 δὲ
2784 777 2812 829 ὁ
2850 775 3056 846 Κύριος
3107 776 3259 845 ἔλεγε
3285 819 3300 842 ,
3347 779 3663 848 Ψηλαφή-
3703 807 3706 812 -

2060 867 2210 924 σατέ
2227 884 2305 936 με
2335 867 2436 920 καὶ
2462 866 2668 938 γνῶτε,
2697 866 2788 922 ὅτι
2815 868 3052 937 πνεῦμα
3103 868 3305 938 σάρκα
3329 870 3428 924 καὶ
3455 872 3664 926 ὀστέα

2060 961 2172 1015 οὐκ
2227 960 2374 1031 ἔχει,
2435 959 2630 1026 καθὼς
2677 960 2784 1029 ἐμὲ
2837 960 3100 1030 θεωρεῖτε
3151 962 3370 1030 ἔχοντα
3391 1004 3406 1026 ,
3462 965 3662 1018 καίτοι

2061 1053 2276 1124 πνεῦμα
2310 1055 2386 1107 ὢν
2435 1053 2600 1116 αὑτός
2626 1070 2641 1086 ·
2669 1053 2912 1123 Πνεῦμα
2974 1055 3084 1124 γὰρ
3117 1058 3150 1109 ό
3186 1058 3330 1122 Θεός
3366 1056 3497 1127 (74).
3529 1058 3659 1111 Καὶ

2059 1142 2232 1212 λέγων
2265 1143 2430 1214 ἔχειν,
2465 1145 2560 1197 καὶ
2595 1143 2856 1210 ἐπίδειξιν
2890 1146 3236 1216 ποιούμενος,
3269 1147 3389 1210 πῶς
3425 1147 3653 1216 ἔλεγεν,

2058 1236 2139 1289 ὃτι
2166 1236 2408 1304 Πνεῦμα
2433 1235 2633 1304 σάρκα
2665 1237 2762 1290 καὶ
2793 1237 2979 1291 ὀστέα
3011 1239 3124 1292 οὐκ
3151 1239 3275 1308 ἔχει
3293 1238 3656 1310 (75),καθὼς

2053 1327 2186 1396 ἐμὲ,
2213 1329 2397 1400 φησὶν,
2419 1329 2542 1400 οὐχὶ
2570 1329 2862 1393 binm-dir
2889 1329 3082 1400 ἔχοντα
3111 1330 3388 1402 θεωρεῖτε,
3416 1332 3450 1401 ἢ
3480 1333 3656 1386 τοῦτο

2059 1418 2350 1483 διδάσκων,
2414 1421 2497 1472 ὅτι
2549 1421 2582 1490 ἡ
2639 1420 2730 1474 τοῦ
2800 1423 3108 1492 πνεύματος
3174 1423 3336 1492 φύσις
3403 1423 3654 1496 ἄρρητός

2059 1512 2207 1565 ἐστιν
2255 1513 2389 1581 (Ἰϐιο
2425 1514 2560 1585 αῦτη
2595 1515 2652 1568 δὲ
2680 1516 2714 1584 ἡ
2740 1513 3054 1586 ψηλάφησις
3088 1513 3337 1585 σώματος
3373 1516 3470 1570 τοῦ
3517 1519 3651 1571 καθ’

2060 1603 2204 1673 ἡμᾶς
2231 1605 2398 1668 ἐστιν,
2430 1606 2565 1677 ὅπερ
2589 1605 2767 1676 ὲαυτῷ
2799 1608 3224 1676 περιεποιήσατο
3250 1608 3314 1661 ὲκ
3336 1609 3648 1678 Παρθένου.

2059 1693 2158 1746 οὐκ
2216 1693 2495 1764 ἐνεργείας
2545 1695 2715 1766 τόπῳ,
2769 1695 2905 1749 ἀλλά
2960 1700 3163 1768 φυσικῇ
3213 1701 3465 1769 γεννήσει
3491 1717 3504 1730 ⁸
3552 1702 3650 1756 ἵνα

2061 1785 2156 1838 καὶ
2202 1785 2313 1854 (77)
2354 1785 2494 1839 κατά
2540 1785 2701 1855 φύσιν
2824 1786 2886 1839 τὸ
2916 1787 3096 1858 σῶμα,
3147 1788 3244 1842 καὶ
3272 1787 3645 1862 ἀδιαίρετονῇ

2061 1875 2223 1930 πάλιν
2265 1876 2408 1930 κατὰ
2439 1875 2600 1945 φύσιν
2643 1878 2744 1948 τῆς
2788 1878 2883 1932 τοῦ
2932 1879 3104 1948 Λόγου
3155 1879 3428 1951 θεότητος.
3483 1879 3645 1934 υῦτω

2060 1969 2169 2040 γὰρ
2203 1970 2296 2023 καὶ
2322 1972 2350 2023 ὁ
2377 1969 2604 2033 Θάνατος
2658 1971 2853 2039 γέγονε
2880 1988 2892 1999 ·
2925 1971 3021 2026 τοῦ
3062 1973 3161 2042 μὲν
3194 1971 3448 2044 σώματος
3500 1976 3644 2029 κατά

2060 2060 2221 2130 φύσιν
2250 2060 2561 2132 δεχομένου,
2611 2062 2702 2115 τοῦ
2732 2062 2790 2116 δὲ
2817 2063 2992 2132 Λόγου,
3018 2065 3160 2117 κατὰ
3213 2064 3432 2136 θέλησιν
3459 2067 3645 2137 ἀνεχο-

2062 2152 2226 2221 μένου
2259 2153 2353 2206 καὶ
2383 2152 2804 2219 ὲξουσιαστικῶς
2841 2153 2902 2207 τὸ
2937 2153 3065 2208 ἴδιον
3093 2155 3254 2226 σῶμα
3293 2158 3372 2220 εἰς
3408 2156 3643 2212 θάνατον

2060 2243 2384 2314 προϊεμένου
2407 2261 2421 2275 ·
2452 2245 2538 2298 ἵνα
2574 2245 2669 2298 καὶ
2697 2244 2847 2318 πάθῃ
2879 2247 3124 2314 φυσικῶς
3147 2249 3289 2319 ὑπὲρ
3319 2247 3503 2318 ἡμῶν,
3545 2250 3643 2304 καὶ

2058 2332 2262 2404 ἀναστῇ
2318 2332 2516 2397 θεῖκῶς
2569 2333 2710 2406 ὑπὲρ
2763 2336 2940 2406 ἡμῶν.
3002 2337 3113 2389 Καὶ
3165 2338 3259 2409 ὅλη
3296 2338 3396 2408 τῆς
3446 2341 3644 2407 γεννή-

2060 2441 2197 2488 σεως
2231 2423 2341 2494 (78)
2377 2425 2471 2478 κα)⁷
2501 2423 2596 2478 τοῦ
2639 2425 2873 2480 θανάτου
2910 2428 2943 2498 ή
2999 2430 3355 2498 πραγματεία
3401 2432 3483 2495 είς
3538 2430 3644 2501 τὴν

2057 2516 2326 2590 ἡμετέραν
2359 2517 2586 2589 ζήτησιν
2614 2519 2710 2572 καὶ
2737 2519 3036 2591 ἀνάκτησιν
3069 2520 3374 2591 θεωρεῖται.

2126 2697 2178 2753 7.
2209 2697 2423 2752 Τούτων
2461 2699 2518 2752 δὲ
2542 2699 2714 2765 οὕτως
2730 2701 2984 2771 ἑχόντων,
3038 2701 3135 2756 καὶ
3177 2702 3643 2775 ὁμολογουμένων

2057 2787 2115 2840 ἐν
2161 2789 2229 2858 τῇ
2288 2787 2383 2841 τοῦ
2435 2788 2569 2842 Θεοῦ
2618 2790 2877 2861 καθολικῇ
2931 2790 3258 2864 Ἐκκλησία,
3311 2794 3429 2858 πῶς
3481 2797 3644 2866 ὑμεῖς

2057 2875 2217 2928 πάλιν
2242 2875 2428 2946 λέγετε
2455 2877 2512 2944 ἐξ
2541 2879 2773 2950 οὐρανοῦ
2799 2879 2860 2932 τὺ
2899 2879 3092 2951 σῶμα;
3145 2883 3239 2936 καὶ
3274 2883 3363 2936 διὰ
3391 2885 3446 2937 τί
3473 2885 3644 2941 τοῦτο

2056 2969 2364 3038 πεποίηκεν
2387 2971 2416 3022 ὁ
2447 2971 2720 3040 Χριστόςς
2783 2972 3008 3036 Εἴπατε,
3045 2975 3131 3028 ἵνα
3163 2973 3222 3040 ἐξ
3263 2975 3511 3046 οὐρανῶν
3542 2979 3642 3032 ἐπὶ

2057 3061 2162 3131 γῆς
2211 3060 2320 3132 (79)
2372 3063 2674 3135 κατενέγκῃ
2711 3063 2890 3136 σῶμα,
2947 3065 3041 3120 καὶ
3083 3067 3143 3120 τὸ
3177 3067 3408 3138 ἀόρατον
3438 3071 3640 3141 ὁρατδν

2059 3151 2283 3225 ποιήσῃ,
2325 3153 2418 3206 καὶ
2459 3154 2520 3207 τὸ
2561 3155 2884 3226 ἀνύϐριστον
2907 3155 3118 3228 ὕϐρεως
3144 3158 3412 3223 δεκτικὸν,
3447 3162 3545 3216 καὶ
3576 3163 3641 3218 τὸ

2057 3243 2264 3307 ἀπαθὲς
2294 3244 2388 3297 καὶ
2417 3244 2688 3299 ἀθάνατον
2716 3247 2908 3318 θνητὸν
2935 3250 3029 3302 καὶ
3059 3250 3298 3320 παθητόν
3341 3267 3358 3316 ;
3407 3254 3517 3306 Καὶ
3551 3255 3639 3318 τίς

2054 3329 2124 3406 ἦν
2157 3336 2215 3388 ὲν
2255 3335 2467 3399 τούτοις
2510 3338 2822 3408 εὐεργεσία,
2870 3335 2915 3395 ὦ
2973 3341 3210 3411 μάταιοι,
3245 3343 3293 3394 εί
3349 3343 3526 3397 ταῦτα
3575 3347 3638 3398 ὲν

2055 3425 2278 3496 Χριστῷ
2311 3426 2593 3495 γεγονέναι
2625 3428 2837 3498 λέγετε,
2873 3431 2908 3486 ἀ
2934 3433 3154 3501 γέγονεν
3200 3435 3258 3486 ὲν
3293 3433 3373 3504 τῷ
3421 3451 3641 3506 πρωτο-

2055 3513 2282 3586 πλάστῳ
2327 3515 2534 3587 Ἀδάμ;
2562 3518 2624 3570 Ei
2653 3518 2729 3591 μὴ
2772 3523 2833 3574 τὸ
2863 3522 2956 3576 τοῦ
3002 3523 3171 3594 Ἀδὰμ
3210 3524 3527 3595 σύμπτωμα
3553 3528 3639 3589 είς

2054 3607 2385 3679 ἀσύγκριτον
2411 3609 2701 3681 ἀνάστημα
2725 3613 2958 3683 Χριστὸς
2974 3616 3307 3686 ἀνεστήσατο
3341 3618 3397 3670 ἐν
3419 3618 3636 3689 ὁμοιώ-

2056 3715 2184 3769 ματι
2219 3700 2417 3770 σαρκὸς
2458 3701 2733 3773 ἁμαρτίας
2770 3703 2976 3771 ὀφθεὶς,
3009 3706 3104 3758 καὶ
3157 3707 3493 3778 κατακρίνας
3533 3709 3637 3779 τὴν

2054 3791 2328 3862 ἁμαρτίαν
2352 3793 2410 3845 ὲν
2438 3795 2505 3864 τῇ
2537 3793 2703 3865 σαρκί
2723 3810 2737 3824 ⁸
2773 3793 2914 3848 ὥστε
2942 3796 3036 3850 καὶ
3069 3796 3182 3866 (80)
3215 3799 3379 3868 σαρκὶ
3407 3800 3501 3851 ἐπὶ
3526 3801 3637 3870 γῆς

2052 3883 2493 3950 πολιτεύσασθαι,
2529 3887 2623 3939 καὶ
2650 3886 2999 3940 ἀνεπίδεκτον
3032 3889 3305 3959 ἁμαρτίας
3334 3889 3505 3954 δεῖξαι
3531 3890 3634 3962 τὴν

2055 3973 2252 4045 σάρκα,
2289 3975 2356 4046 ἢν
2382 3977 2448 4029 ἐκ
2469 3976 2571 4047 τῆς
2594 3976 2815 4048 πρώτης
2847 3977 3096 4043 πλάσεως
3124 3983 3152 4034 ὁ
3189 3980 3356 4051 Ἀδὰμ
3377 3982 3635 4054 ἀναμάρ-

2050 4083 2211 4138 τητον
2235 4067 2500 4137 ἐσχηκὼς,
2541 4071 2606 4123 ὲκ
2651 4071 3018 4142 παραϐάσεως
3053 4073 3301 4144 δεκτικὴν
3348 4075 3635 4146 ἁμαρτίας

2053 4157 2318 4228 πεποίηκε
2349 4158 2484 4228 (81),
2514 4161 2610 4214 καὶ
2639 4163 2720 4225 είς
2745 4162 3039 4235 διαφθορὰν
3073 4165 3165 4217 καὶ
3185 4163 3412 4218 θάνατον
3458 4183 3634 4219 κατα-

2051 4247 2328 4301 πέπτωκε.
2384 4249 2604 4321 Ταύτην
2633 4253 2889 4323 ἀνίστησι
2919 4253 3060 4307 κατὰ
3095 4253 3257 4322 φύσιν
3306 4255 3631 4326 ἀναμάρτη-

2050 4354 2160 4406 τον,
2179 4339 2265 4394 ἴνα
2284 4339 2430 4413 δείξῃ
2456 4343 2545 4396 τὸν
2570 4344 2908 4416 Δημιουργὸν
2935 4343 3174 4398 ἀναίτιον
3201 4346 3300 4416 τῆς
3328 4347 3630 4418 ἁμαρτίας,

374 4431 670 4489 mationem
695 4435 929 4505 propriae
958 4445 1169 4492 naturae
1194 4451 1315 4492 eam
1342 4438 1598 4504 restituit,
1627 4450 1687 4496 ut
1714 4442 1834 4512 ipse
1855 4458 1947 4500 es-

2086 4431 2146 4485 αἱ
2178 4432 2318 4486 κατά
2359 4434 2460 4505 τὴν
2493 4433 2800 4506 ἀρχέτυπον
2852 4435 3048 4490 πλάσιν
3096 4437 3195 4507 τῆς
3238 4437 3373 4501 ἰδίας
3411 4437 3631 4507 φύσεως

373 4533 458 4579 set
482 4524 950 4596 impeccabilitatis
969 4529 1265 4598 specimen.
1283 4527 1508 4586 Frustra
1534 4531 1700 4603 igitur
1727 4538 1944 4593 erronei

2086 4524 2430 4596 ιατεστήσατο
2457 4541 2470 4552 ·
2504 4525 2590 4578 ἴνα
2621 4527 2783 4590 αὐτὸς
2879 4528 2976 4598 τῆς
3007 4529 3424 4602 ἀναμαρτησίας
3449 4530 3566 4600 (82)
3598 4533 3632 4604 ἡ

373 4616 451 4672 illi
473 4618 983 4687 comminiscuntur,
1008 4633 1172 4692 atque
1217 4620 1426 4686 dicunt,
1449 4637 1517 4678 ex
1564 4627 1704 4684 ctelo
1736 4628 1945 4686 Christi

2086 4613 2324 4680 πίδειξις.
2359 4615 2553 4686 Μάτην
2579 4611 2676 4669 οῦν
2705 4616 3065 4686 φαντάζονται
3091 4620 3142 4672 οἱ
3193 4617 3484 4689 ἀλώμενοι,
3532 4621 3629 4675 καὶ

445 4732 491 4765 ⁸³
527 4733 663 4790 Luc.
691 4751 840 4800 ntv,
866 4736 954 4791 59.
1031 4735 1078 4768 “
1112 4734 1271 4790 Joan.
1304 4748 1378 4802 tv,
1416 4733 1508 4791 24.

447 4843 557 4915 (75)
582 4844 730 4930 $38.,
749 4848 896 4901 ἐστιν
915 4849 1260 4930 ή⁸ἀνά6ασις.
1287 4855 1445 4914 Gobl.
1475 4868 1530 4914 et
1556 4859 1701 4916 Felc.
1735 4861 1788 4926 1,
1813 4863 1944 4916 ἀνα-

371 4913 823 4988 ϐάσεωςζρμως,
844 4913 1080 4988 _oniissis
1101 4913 1314 4982 mediis.

444 4983 556 5061 (ἷξε)
595 4983 700 5061 Ep;
732 4985 1034 5061 ad_Epict.,
1070 5008 1124 5061 p.
1163 4994 1287 5051 724.

441 5045 979 5181 impingam,
1006 5045 1150 5132 ιΪιῖῖᾶς
1172 5045 1287 5121 539'
1307 5066 1462 5139 ἔλεγε
1481 5088 1494 5100 ·
1530 5070 1759 5143 Πνεῦμα
1781 5077 1946 5131 ὀστέα

369 5142 691 5198 καιᾉσαρκα,
721 5142 826 5185 etc.

439 5195 580 5283 (:16);
597 5195 981 5281 Segyerianus,
1011 5203 1248 5283 ᾀρῤητός
1282 5226 1367 5275 τις
1403 5211 1568 5266 ἐστίν.
1598 5211 1745 5268 Infra
1771 5215 1941 5283 idem,

368 5267 729 5346 ὴνξὲῑὲοξιέτῷ
755 5267 1198 5346 περιεῖπφιήέτὰέοο

439 5337 554 5410 (77)
755 5337 872 5421 καῖ.
909 5343 1000 5421 _Sic
1029 5337 1612 5421 seg_uerianus,_quem
1646 5356 1818 5410 secuti
1849 5372 1938 5411 suo

366 5409 540 5491 mus;-
556 5409 651 5463 καί
666 5409 872 5490 ~deerat
914 5414 971 5467 in
1017 5409 1195 5473 editis.
1232 5417 1378 5485 Mox,
1403 5409 1446 5496 ’ᾖ
1465 5409 1640 5476 ’πάλιν
1668 5409 1809 5478 κατὰ
1837 5409 1942 5496 ᾠιῐ-

368 5494 454 5529 σιν
480 5495 578 5529 της
600 5496 695 5529 του
727 5479 923 5529 Λόγου-
955 5484 1035 5529 εἰη
1063 5487 1205 5529 ίάρηι
1228 5499 1278 5529 ,ιιι
1301 5488 1547 5529 Ναηηίιιο
1599 5493 1736 5529 mai;
1781 5492 1814 5529 .7.
1842 5500 1942 5529 ..τη

407 5495 454 5529 ιν

365 5478 1570 5617 gamma“

513 5616 516 5617 ξ
669 5587 685 5613 ,

600 5565 685 5613 ου,
717 5556 934 5607 omissis
967 5556 1126 5610 medii

439 5573 685 5630 u_nu-{ou,
717 5573 934 5607 UIIIISSIS
967 5573 1126 5610 mean

439 5616 567 5708 (ν
590 5619 824 5708 ίιειδςα.
865 5621 1104 5708 ἐξοριρι
1129 5573 1353 5708 ἔσιθι-ιλ
1383 5629 1546 5708 Ειιῑιί,
1572 5637 1668 5708 καὶ
1694 5637 1823 5708 ὅλης
1842 5639 1941 5708 τῆς

365 5687 649 5754 γενέσεως.
680 5687 822 5746 Infra
852 5693 1002 5763 editi,
1031 5697 1090 5748 ὲν
1110 5701 1177 5768 τῇ
1201 5699 1295 5752 τοῦ
1316 5700 1449 5754 Θεοῦ
1490 5687 1927 5778 καθολικῇ.Ι

2047 4875 2309 4955 mitigo?
2336 4877 2498 4955 deest
2525 4879 2579 4955 in
2609 4879 2786 4955 Nanp.
2830 4881 2954 4955 Seg.

2120 4945 2230 5016 (79)
2269 4947 2427 5029 Gobi.
2457 4947 2612 5029 Felcl
2640 4951 2689 5029 ,
2722 4949 2872 5029 $eg.,
2897 4945 3012 5029 _v'srri
3047 4955 3184 5029 γῆνἶ
3210 4955 3366 5029 infra
3395 4957 3626 5023 Seguer.

2047 5031 2208 5084 quem
2243 5019 2542 5086 sequimur,
2568 5021 2677 5072 Καὶ
2697 5021 2780 5084 τίς
2799 5019 2868 5094 ἦν
2893 5027 2950 5079 ὲν
2969 5019 3124 5080 τούτξ
3145 5027 3286 5080 Editi
3311 5037 3365 5082 et
3387 5019 3499 5092 alii,
3517 5033 3632 5084 Καὶ

2045 5085 2129 5142 τίς
2156 5086 2188 5142 ή
2219 5089 2276 5140 ὲν
2299 5087 2442 5140 τούτ.
2476 5088 2644 5142 Paulo
2668 5103 2785 5142 post
2820 5095 3202 5142 Segnerianng.
3232 5099 3513 5142 νεγηνξναι
3541 5101 3631 5142 λέ-

2047 5086 2129 5150 τις
2156 5086 2188 5156 ή
2219 5089 2276 5140 ὲν
2299 5087 2442 5140 τούτ.
2476 5088 2644 5144 Paulo
2668 5103 2785 5159 post
2820 5086 3206 5164 Seguerianus.
3232 5086 3514 5167 γεγονέναι
3541 5101 3631 5154 λέ-

2047 5156 2258 5243 γειτεῇἑ
2273 5155 2438 5243 βάὶιξ,
2465 5160 2526 5211 ού
2552 5161 2794 5243 γέγονεν,
2822 5164 3130 5243 ἀῂγεγονξνε
3157 5167 3279 5243 Mox
3313 5172 3446 5234 haec,
3475 5172 3525 5222 εἰ
3549 5172 3628 5243 μὴ

2045 5226 2359 5300 τῷῃᾉδάμ,
2387 5226 2576 5300 desunt
2613 5226 2666 5284 in
2698 5232 2818 5300 δρα.
2853 5226 3007 5290 (ἶόιὶι.
3040 5235 3186 5291 Felc.
3223 5239 3272 5290 1.

2121 5294 2233 5367 (80)
2260 5294 2350 5374 _l_ta
2387 5297 2702 5374 Stigueriaii.
2729 5294 2948 5374 G'obler.
2974 5305 3122 5359 Felc.
3157 5310 3207 5360 l.
3236 5307 3293 5360 In
3323 5308 3503 5374 editis,
3529 5311 3628 5364 καί

2047 5363 2380 5488 ξξξιέἓιθιοχ
2405 5363 2685 5440 Anglican.
2730 5373 2948 5429 Gobler.
2980 5386 3033 5430 et
3081 5374 3233 5433 Felc.
3265 5378 3318 5444 1,
3369 5363 3626 5434 mli}ch

2049 5451 2265 5490 σασυαι.

2119 5505 2243 5588 (81).
2271 5507 2394 5588 Sgg.
2419 5507 2579 5588 Gobl.
2611 5520 2666 5565 et
2689 5509 2836 5572 Felc.
2867 5515 2920 5580 i,
2948 5516 3195 5588 ἐποίησε.
3225 5516 3346 5572 Mox
3377 5516 3538 5573 Gobl.
3569 5529 3626 5574 et

2046 5573 2088 5628 F
2092 5573 2245 5652 eici-1
2258 5619 2287 5652 ,_
2303 5573 2584 5652 δῖαςροράν.

2045 5645 2608 5782 τίέξῗ)ωιὲῗε.8ρέςυρτ.
2637 5650 2854 5710 Gobler.
2890 5666 2942 5712 et
2970 5655 3118 5712 Felc.
3155 5656 3205 5712 i.
3251 5656 3414 5724 Editi,
3444 5660 3629 5733 ἀμαρ-
