3810 6228
170 337 322 393 1105

1130 337 1411 396 CONTRA
1448 335 1967 394 APllLLlNAlHUM
2007 339 2208 394 LIBER
2245 336 2522 398 PRIMUS.

3289 339 3428 397 1106

175 443 240 514 ἐξ
263 450 508 522 οὐρανοῦ
534 451 784 522 λέγοντες
811 451 873 505 τὸ
894 450 988 506 τοῦ
1016 453 1225 525 Κυρίου
1269 454 1448 523 σῶμα.
1498 454 1691 506 Καίτοι
1736 451 1752 502 ί

1869 466 2068 523 corpus
2100 469 2238 510 esse.
2273 457 2436 524 Atqui
2479 452 2625 524 quod
2665 452 2834 507 Adam
2881 468 2945 508 ex
2981 450 3120 509 caelo
3145 454 3198 508 in
3227 463 3432 511 terram

191 541 369 613 Ἀδὰμ
419 542 483 610 ἐξ
521 543 747 616 οὐρανοῦ
807 544 898 597 ἐπὶ
953 544 1051 615 τὴν
1094 545 1198 613 γῆν
1240 544 1588 614 κατενήνοχε,
1631 543 1765 614 Χρι-

179 635 306 697 στὸς
367 635 487 688 ἀπὸ
533 636 636 707 γῆς
681 637 764 701 είς
807 637 1071 708 οὐρανοὺς
1118 636 1444 707 ἀνενήνοχε·
1478 635 1574 689 καὶ
1627 634 1761 706 ὅπερ

192 727 368 797 Ἀδὰμ
423 726 539 798 (85)
590 729 979 800 ἀναμάρτητον
1035 729 1130 782 καὶ
1196 729 1624 783 άκαταδίκαστον
1682 731 1762 792 εἰς

179 819 392 890 φθορὰν
421 820 522 874 καὶ
553 820 852 890 καταδίκην
880 820 1110 874 θανάτου
1138 821 1484 891 κατενήνοχε,
1528 819 1763 891 Χριστὸς

175 910 338 963 τοῦτο
393 911 673 982 ἄφθαρτον
720 912 812 965 κα)⁵
857 912 1112 983 λυτήριον
1169 911 1398 965 Θανάτου
1453 909 1720 976 ἀνέδειξεν
1744 927 1756 940 ·

176 999 318 1053 ὥστε
356 1000 511 1071 ἔχειν
553 1001 801 1067 ἐξουσίαν
847 1003 941 1056 ἐπὶ
965 1003 1064 1073 τῆς
1087 1003 1190 1074 γῆς
1217 996 1432 1071 ἀφιέναι
1465 1001 1757 1073 ἁμαρτίας,

176 1094 241 1144 ἐκ
289 1091 348 1144 δέ
395 1092 573 1162 τάφου
621 1093 720 1165 τὴν
761 1093 1072 1165 ἀφθαρσίαν
1114 1091 1539 1156 ἐπιδείκνυσθαι,
1577 1093 1672 1146 καὶ
1703 1093 1759 1144 ἐν

175 1183 438 1238 ἐπιϐάσει
489 1185 616 1256 ᾅδου
669 1185 816 1240 λύειν
870 1186 1120 1248 θάνατον,
1175 1185 1272 1239 καὶ
1307 1183 1764 1254 εὐαγγελίσασθαι

176 1274 313 1326 πᾶσι
343 1272 449 1344 τὴν
484 1273 797 1330 ἀνάστασιν.
836 1275 957 1329 ’Ότι
990 1275 1203 1329 ἔκτισεν
1233 1274 1262 1326 ὁ
1283 1274 1416 1338 Θεὸς
1439 1274 1530 1328 τὸν
1550 1273 1759 1346 ἅνθρω-

175 1380 274 1416 πον
300 1363 401 1416 ἐπὶ
439 1363 722 1436 ἀφθαρσίᾳ
767 1364 902 1434 (81),
946 1365 1042 1418 καὶ
1087 1365 1271 1418 είκόνα
1301 1364 1401 1436 τῆς
1432 1365 1570 1429 ἰδίας
1595 1365 1759 1418 ἁῖδιό-

173 1471 337 1526 τητος
364 1455 628 1526 ἐποίησεν
659 1457 840 1512 αὐτόν.
883 1458 1088 1522 Φθόνῳ
1131 1455 1201 1510 δὲ
1243 1455 1526 1510 διαϐόλου
1574 1455 1756 1512 θάνα-

173 1563 277 1612 τος
328 1547 632 1616 εἰσῆλθεν
669 1551 755 1614 εὶς
805 1549 911 1602 τὸν
954 1549 1187 1618 κόσμον
1210 1562 1224 1577 ⁸
1256 1548 1676 1620 βασιλευόμενον
1700 1548 1757 1603 δὲ

175 1640 280 1694 ὑπὸ
306 1641 406 1695 τοῦ
437 1641 672 1696 θανάτου
706 1644 786 1706 εἰς
808 1642 1106 1714 διαφθορὰν
1149 1642 1248 1713 οὐχ
1272 1643 1550 1716 ὑπερεῖδεν
1593 1644 1756 1709 αὐτὸς

175 1732 477 1802 γενόμενος
502 1732 599 1787 ἄνθ
609 1749 808 1803 ρωπος,
831 1733 890 1785 οὐ
921 1732 1150 1804 τραπεὶς
1172 1735 1252 1797 είς
1289 1733 1577 1806 ἀνθρώπου
1624 1751 1756 1806 μορ-

175 1826 300 1898 φὴν,
354 1827 487 1880 οὐδὲ
538 1825 777 1900 παριδὼν
815 1815 932 1901 τὴν
995 1825 1089 1880 τοῦ
1142 1826 1426 1899 ἀνθρώπου
1492 1826 1754 1900 ὓπαρξιν,

177 1915 377 1989 σκιώδη
427 1917 533 1989 τὴν
581 1917 744 1984 δεῖξιν
794 1919 1030 1972 ἐποιεῖτο
1064 1935 1079 1950 ο
1132 1917 1246 1971 ἀλλ’
1278 1919 1307 1970 ὁ
1330 1916 1408 1972 ὣν
1434 1904 1591 1988 φῦσει
1624 1919 1758 1984 Θεὸς

173 2010 430 2076 γεννᾶται
469 2009 779 2081 ἄνθρωπος,
835 2011 900 2065 ἵν’
943 2006 1022 2074 εἷς
1146 2009 1214 2063 τὰ
1264 2011 1519 2080 ἑκάτερα,
1552 2009 1756 2074 τέλειος

176 2103 313 2156 κατὰ
341 2104 546 2165 πάντα,
584 2104 816 2176 φυσικὴν
875 2106 970 2158 καὶ
1007 2103 1401 2175 ἀληθεστάτηνῖ
1421 2103 1520 2175 τὴν
1566 2103 1755 2177 γέννη-

178 2211 258 2245 σιν
275 2193 391 2264 (85)
427 2193 869 2265 ἐπιδειξάμενος..
899 2194 990 2248 Διὸ
1019 2196 1234 2268 εἴρηται
1255 2211 1270 2226 ο
1295 2193 1407 2249 Καὶ
1431 2195 1753 2265 ἐχαρίσατο

176 2285 331 2351 αὐτῷ
369 2287 563 2356 ὄνομα
614 2285 682 2339 τὸ
721 2286 874 2355 ὑπὲρ
911 2285 1036 2342 πᾶν
1069 2287 1276 2357 ὄνομα,
1322 2286 1627 2358 βασιλεύειν
1669 2288 1753 2340 οὐ-

180 2376 373 2446 ρανῶν,
409 2378 510 2431 κα)⁴
538 2375 784 2441 ἐξουσίαν
818 2377 964 2448 ἔχειν
999 2378 1180 2449 κρίσιν
1207 2380 1400 2432 ποιεῖν.

243 2467 294 2521 8.
333 2468 393 2521 Ὀ
440 2468 555 2538 γὰρ
595 2467 704 2522 τῶν
747 2467 883 2522 ὅλων
907 2469 1238 2542 δημιουργὸς
1260 2470 1432 2538 Λόγος
1455 2468 1566 2541 (86)
1594 2467 1749 2541 ὤφθη

177 2558 285 2622 υἱός
316 2557 635 2630 ἀνθρώπου,
662 2559 760 2629 οὐχ
797 2559 984 2630 ἕτερός
1017 2577 1102 2622 τις
1127 2560 1439 2631 γενόμενος,
1475 2559 1609 2614 ἀλλὰ
1637 2558 1752 2612 δεύ-

179 2665 327 2719 τερος
359 2649 573 2721 Ἀδάμ-ί
598 2651 684 2703 ἵνα
721 2651 814 2703 καὶ
865 2652 928 2704 ἐκ
975 2650 1069 2704 τοῦ
1109 2652 1369 2721 ὀνόματος
1396 2650 1751 2724 γινώσκωμεν

178 2739 271 2808 τὴν
291 2737 578 2809 ἀλήθειαν.
608 2739 720 2792 Καὶ
754 2725 1179 2813 προγενέστερον
1206 2741 1447 2796 δείκνυσι
1492 2743 1582 2796 τὸν
1607 2762 1754 2816 πρω-

179 2827 476 2884 τόπλαστον
507 2832 536 2883 ὁ
571 2830 909 2895 Ἀπόστολος,
939 2832 1157 2904 πρῶτον
1177 2832 1238 2886 τὸ
1261 2833 1492 2904 ψυχικὸν
1514 2834 1746 2900 δεικνὺς,

179 2918 362 2976 ἔπειτα
387 2922 451 2976 τὸ
479 2923 872 2994 πνευματικόν.
897 2925 1143 2996 Ψυχικόν
1174 2925 1230 2978 δέ
1254 2926 1348 2980 καὶ
1379 2929 1749 3000 πνευματικὸν

179 3009 365 3080 λέγων,
395 3015 500 3085 οὐχ
525 3013 712 3086 ἕτερον
743 3015 839 3069 κα)⁵
870 3015 1058 3089 ἕτερον
1097 3017 1336 3071 δείκνυσι
1386 3017 1565 3090 σῶμα,
1613 3019 1748 3075 ἀλλὰ

1863 543 2071 610 detulit,
2105 545 2235 599 illud
2273 545 2524 600 Christus
2550 561 2582 601 e
2614 554 2756 599 terra
2802 545 2856 599 in
2889 545 3088 601 coelum
3122 547 3300 602 evexit
3326 546 3345 603 ἑ
3373 557 3432 604 et

1859 636 2006 706 quod
2035 636 2229 699 Adam,
2262 652 2387 691 cum
2431 636 2582 706 prius
2615 639 2825 706 peccati
2859 651 3054 706 expers
3083 645 3138 691 et
3169 638 3303 692 nulli
3327 638 3428 694 da-

1859 722 2126 777 mnationi
2155 724 2423 778 obnoxius
2439 731 2603 788 esset,
2621 723 2674 776 in
2703 725 3105 794 corruptionem
3129 735 3184 781 et
3197 726 3428 782 damna-

1861 811 2067 867 tionem
2093 813 2289 868 mortis
2317 815 2533 884 dejecit,
2557 814 2788 884 idipsnm
2817 815 3069 872 Christus
3102 817 3428 886 incorrupti-

1861 903 1969 958 bile
2006 917 2148 969 esse,
2178 905 2288 958 imo
2313 920 2342 959 a
2374 914 2552 960 morte
2582 905 2814 961 liberare
2846 908 3112 969 ostendit;
3147 908 3220 963 ita
3259 920 3428 980 utpo-

1859 1002 2111 1050 testatem
2164 996 2360 1050 habeat
2411 997 2464 1050 in
2511 1005 2656 1050 terra
2707 1007 2927 1066 peccata
2979 999 3325 1066 dimittendi;
3357 1016 3424 1056 ex

1859 1084 2132 1152 sepulcro,
2159 1085 2622 1155 incorruptionem
2658 1087 2978 1154 exhibendi;
3019 1087 3073 1142 in
3103 1103 3330 1145 ascensu
3357 1105 3426 1146 ex

1858 1171 2094 1236 inferno,
2123 1183 2354 1230 mortem
2385 1175 2649 1241 solvendi,
2674 1183 2730 1230 et
2760 1178 3214 1232 resurrectionem
3243 1179 3426 1234 omni—

1857 1265 1962 1320 bus
2015 1267 2397 1323 annuntiandi.
2443 1267 2584 1336 Quia
2615 1268 2760 1325 Deus
2791 1269 3069 1324 hominem
3121 1271 3323 1328 creavit
3366 1272 3425 1328 in

1856 1355 2322 1426 incorruptionem
2377 1369 2432 1414 et
2459 1361 2749 1432 imaginem
2793 1361 3112 1418 aeternitatis
3139 1376 3251 1416 suae
3273 1362 3424 1418 illum

1857 1446 2008 1504 fecit.
2038 1447 2250 1504 Invidia
2283 1460 2456 1504 autem
2502 1451 2703 1506 diaboli
2739 1467 2880 1506 mors
2925 1453 3150 1508 intravit
3177 1453 3234 1507 in
3274 1470 3428 1508 mun-

1857 1539 1986 1592 dum
2009 1541 2078 1606 ³⁸,
2108 1555 2269 1609 quem
2299 1541 2495 1596 mortis
2527 1541 2756 1612 imperio
2798 1555 3117 1611 oppressum
3155 1543 3212 1598 in
3237 1557 3430 1598 corru-

1855 1624 2119 1693 ptionem,
2149 1641 2258 1680 non
2287 1627 2523 1698 neglexit
2546 1630 2658 1698 ipse
2675 1627 2851 1683 factus
2873 1629 3036 1685 homo
3063 1645 3210 1686 ::non
3232 1646 3428 1686 versus

1856 1715 1912 1768 in
1937 1714 2177 1771 hominis
2208 1715 2440 1774 formam
2462 1733 2677 1789 :neque
2699 1718 3009 1788 despiciens
3035 1719 3276 1776 hominis
3293 1719 3429 1775 suh-

1856 1807 2136 1872 stantiam,
2158 1809 2316 1878 quasi
2346 1811 2706 1879 per-umbram
2726 1819 2782 1866 et
2807 1811 3044 1880 speciem
3074 1819 3285 1866 tantum
3307 1825 3429 1868 sese

1857 1898 2129 1953 ostendit:
2165 1900 2258 1954 sed
2288 1901 2384 1968 qui
2419 1909 2615 1956 natura
2637 1900 2781 1958 Deus
2805 1910 2908 1968 est,
2945 1900 3112 1957 homo
3157 1903 3424 1967 nascitur,

1855 1997 1916 2044 ut
1952 1989 2068 2045 haec
2089 1991 2250 2046 ambo
2294 1993 2405 2048 sint
2429 2009 2594 2060 unus,
2623 1993 2679 2048 in
2717 1994 2977 2049 omnibus
2999 1993 3295 2065 perfectus,
3329 1997 3423 2064 qui

1854 2081 2160 2136 naturalem
2193 2091 2248 2136 et
2274 2083 2618 2139 verissimam
2651 2085 2986 2140 nativitatem
3027 2086 3264 2141 exhibet.
3300 2085 3436 2143 Ideo

1850 2169 2058 2225 dictum
2089 2179 2174 2227 est
2197 2190 2212 2226 :
2241 2171 2314 2226 Et
2338 2175 2481 2228 dedit
2509 2173 2591 2229 illi
2619 2190 2806 2230 nomen
2831 2174 2972 2245 quod
2992 2184 3069 2230 est
3095 2191 3252 2245 super
3273 2192 3424 2231 omne

1853 2277 2038 2316 nomen
2063 2263 2130 2330 ",
2171 2274 2233 2318 ut
2256 2273 2508 2334 regnaret
2534 2265 2592 2320 in
2622 2266 2798 2332 ccelis,
2825 2273 2882 2323 et
2905 2274 3227 2338 potestatem
3254 2267 3424 2324 habe-

1851 2362 1937 2409 ret
1963 2353 2222 2410 reddendi
2246 2355 2461 2425 iudicii.

1919 2465 1974 2522 8.
2001 2464 2137 2522 Nam
2164 2465 2426 2534 Verbum,
2465 2468 2613 2540 quod
2660 2469 2848 2525 omnia
2892 2469 3122 2536 creavit,
3149 2469 3296 2526 illius
3324 2470 3422 2527 ho-

1849 2559 2014 2616 minis
2056 2561 2324 2630 apparuit,
2349 2575 2459 2615 non
2506 2561 2752 2628 alienus,
2803 2561 2898 2616 sed
2922 2561 3198 2617 secundus
3247 2560 3423 2618 factus

1847 2651 2061 2718 Adam;
2092 2657 2153 2705 ut
2179 2665 2246 2706 ex
2289 2651 2410 2720 ipso
2455 2650 2682 2706 nomine
2725 2665 3090 2723 agnoscamus
3121 2653 3419 2708 veritatem.

1847 2742 2139 2813 ipsumque
2194 2741 2431 2812 priorem
2483 2756 2606 2798 esse
2671 2745 3065 2813 protoplastum
3131 2744 3423 2815 Apostolus

1849 2833 2106 2902 ostendit,
2123 2833 2217 2888 ubi
2243 2833 2480 2903 primum
2513 2833 2750 2890 animale
2773 2844 3061 2900 memorat,
3089 2835 3288 2893 dehinc
3311 2836 3439 2908 api--

1848 2927 2067 2983 rituale.
2123 2925 2261 2980 Cum
2307 2935 2489 2982 autem
2551 2926 2790 2984 animale
2828 2938 2884 2984 et
2935 2929 3217 3000 spirituale
3272 2929 3424 2994 dicit.

1848 3034 1960 3076 non
2006 3019 2237 3074 alterum
2272 3027 2326 3074 et
2365 3018 2597 3074 alterum
2629 3033 2830 3090 corpus
2870 3019 3130 3086 ostendit,
3158 3020 3252 3076 sed
3279 3019 3441 3077 idem.

181 3102 238 3156 τὸ
263 3105 388 3158 αὐτὸ
421 3105 585 3177 σῶμα
609 3121 624 3136 ·
662 3105 724 3159 τὸ
774 3106 872 3177 μὲν
912 3106 1128 3179 πρῶτον
1172 3110 1229 3162 ἐν
1256 3107 1368 3181 (87)
1397 3110 1613 3182 ἐξουσίᾳ
1655 3112 1750 3166 καὶ

1860 3112 2032 3182 ipsum
2055 3125 2295 3182 corpus:
2323 3111 2562 3182 primum
2598 3112 2819 3181 quidem
2863 3111 2918 3165 in
2955 3111 3198 3182 potentia
3226 3122 3280 3168 et
3323 3128 3425 3168 na-

183 3194 336 3263 φύσει
366 3196 573 3269 ψυχῆς,
601 3195 682 3250 διὸ
705 3197 936 3268 ψυχικόν
955 3214 970 3228 ·
1001 3197 1063 3251 τὸ
1080 3197 1138 3252 δέ
1156 3197 1406 3270 δεύτερον
1442 3200 1500 3254 ἐν
1527 3199 1748 3274 ἐξουσίᾳ

184 3285 270 3337 καὶ
299 3285 457 3355 φύσει
487 3285 825 3358 Πνεύματος,
857 3286 938 3340 διὸ
959 3288 1354 3358 πνευματικόν⁹
1373 3289 1613 3360 Πνεῦμα
1637 3290 1748 3360 γὰρ

184 3377 216 3431 ό
236 3377 372 3444 Θεὸς
391 3379 614 3448 Λόγοςο
646 3378 787 3432 οὕτω
817 3380 926 3451 γὰρ
958 3381 1051 3434 καὶ
1094 3380 1157 3434 τὸ
1179 3380 1263 3449 ἐφ’
1301 3382 1430 3452 ἡμῖν
1462 3382 1750 3453 εἰρημένον

186 3463 292 3519 ἐστι
340 3470 592 3532 συνιδεῖν,
642 3473 700 3524 ἐν
742 3470 822 3542 τῷ
849 3470 1029 3540 λέγειν
1069 3487 1084 3501 °
1143 3472 1207 3524 Ὃ
1257 3470 1327 3524 δὲ
1353 3471 1750 3540 πνευματικὸς

186 3558 480 3630 ἀνακρίνει
521 3561 594 3616 τὰ
634 3562 744 3634 (88)
793 3561 1020 3617 πάντα·
1060 3562 1321 3632 ψυχικὸς
1348 3563 1417 3617 δὲ
1445 3563 1751 3633 ἄνθρωπος

188 3651 254 3703 οὐ
283 3651 518 3722 δέχεται
550 3653 624 3707 τὰ
651 3655 759 3709 τοῦ
805 3656 1169 3723 Πνεύματος.
1208 3655 1402 3709 Καίτοι
1438 3656 1556 3720 ἐνὸς
1601 3655 1752 3719 ὄντος

191 3741 460 3816 ἑκατέρων
491 3745 588 3798 τοῦ
614 3744 882 3817 σώματος,
917 3747 977 3800 τὸ
1010 3746 1106 3818 μέν
1151 3746 1244 3800 τοῦ
1278 3747 1591 3819 Πνεύματος
1626 3747 1752 3818 μέτ-

191 3848 302 3903 οχον
341 3837 580 3893 νοεῖσθαι
624 3839 992 3910 πνευματικὺν
1027 3839 1286 3905 δείκνυσι,
1317 3841 1408 3895 τὸν
1429 3839 1486 3894 δέ
1508 3843 1574 3912 τῇ
1603 3840 1752 3905 ἐξου-

193 3923 275 3994 σίᾳ
300 3929 395 3998 τῆς
419 3929 598 4000 ψυχῆς
635 3931 769 4002 μόνῃ
801 3930 1135 4001 ἐμμείναντα
1170 3931 1279 4002 (89)
1304 3932 1614 3986 δείκνυσθαι
1651 3931 1754 4002 ψυ-

192 4017 349 4084 χικόν.
369 4021 468 4075 Διὰ
486 4021 539 4073 τί
563 4021 619 4074 δὲ
639 4022 794 4085 ὅλως,
820 4025 867 4074 εί
891 4023 1012 4076 καθ’
1036 4024 1179 4094 ὑμᾶς
1205 4024 1372 4089 ἐστιν,
1406 4025 1524 4095 οὐχ).
1545 4023 1754 4096 ἄνθρω-

194 4123 283 4172 πος
310 4112 466 4181 μόνον
511 4112 727 4182 λέγεται
760 4116 789 4167 ὁ
815 4116 1049 4183 Χριστὸς
1076 4117 1152 4180 ὡς
1185 4116 1371 4179 καινός
1393 4133 1479 4179 τις
1507 4116 1566 4183 ἐξ
1597 4116 1754 4187 οὐρα-

194 4199 292 4253 νῶν
317 4204 684 4276 ἐπιδημήσας,
719 4204 856 4259 ἀλλὰ
884 4206 999 4269 υίὸς
1043 4205 1330 4279 ἀνθρώπου
1369 4207 1591 4276 γέγονεν
1624 4225 1639 4275 ;
1689 4209 1752 4261 Εἰ

199 4289 288 4355 μὲν
313 4291 401 4349 οὖν
427 4298 522 4349 ἐπὶ
545 4299 649 4368 γῆς
668 4298 891 4366 γέγονεν
925 4298 1041 4362 υίὸς
1068 4298 1380 4371 ἀνθρώπου,
1435 4299 1610 4354 καίτοι
1651 4300 1752 4354 οὐκ

195 4381 254 4435 ὲκ
285 4389 588 4463 σπέρματος
628 4391 843 4464 ἀνδρὸς,
864 4390 979 4444 ἀλλ’
1012 4394 1076 4446 ἐκ
1111 4392 1429 4463 Πνεύματος
1452 4394 1565 4462 (90)
1595 4392 1752 4463 ἁγίου

1845 3211 1969 3259 tura
1993 3201 2224 3268 animae,
2259 3209 2314 3256 et
2342 3210 2628 3272 propterea
2668 3200 2940 3257 animale:
2963 3203 3206 3259 secundo
3243 3213 3425 3259 autem

1848 3295 1902 3349 in
1950 3293 2195 3365 potentia
2230 3304 2285 3348 et
2326 3303 2522 3348 natura
2566 3291 2842 3364 Spiritus,
2872 3293 3079 3350 idcirco
3123 3294 3423 3364 spirituale.

1851 3385 2085 3456 Spiritus
2106 3385 2244 3439 enim
2273 3393 2351 3438 est
2371 3385 2512 3441 Deus
2549 3385 2774 3440 Verbum
2799 3386 2903 3453 *νς
2936 3387 3008 3441 ita
3032 3387 3176 3442 enim
3211 3393 3265 3441 et
3284 3387 3427 3456 quod

1849 3478 1917 3533 de
1953 3477 2112 3532 nobis
2156 3475 2375 3542 dicitur,
2409 3477 2814 3548 intelligendum
2855 3485 2959 3541 est,
2989 3492 3112 3531 cum
3153 3477 3230 3531 ait
3274 3474 3438 3532 εστι-.

1849 3578 2044 3639 plura:
2082 3566 2396 3638 Spirilualis
2437 3569 2649 3638 judicat
2696 3569 2918 3635 omnia;
2959 3569 3209 3622 animalis
3251 3578 3429 3622 autem

1849 3677 1954 3714 non
1975 3660 2193 3730 percipit
2207 3676 2267 3714 ea
2283 3676 2400 3730 qua:
2416 3669 2538 3714 sunt
2565 3660 2802 3730 Spiritus
2819 3660 2884 3714 ".
2901 3659 3225 3728 Quanquam
3255 3675 3427 3715 unum

1849 3750 1924 3806 sit
1961 3764 2165 3820 corpus
2209 3749 2496 3804 amborum
2543 3750 2711 3820 quod,
2741 3758 3013 3820 quatenus
3061 3750 3298 3820 Spiritus
3345 3761 3431 3806 est

1850 3842 2146 3913 particeps,
2179 3842 2462 3911 spirituale
2493 3841 2723 3913 intelligi
2749 3842 3008 3907 ostendit,
3035 3851 3306 3913 quatenus
3325 3859 3428 3897 au-

1849 3943 1962 3990 tem
2007 3933 2063 3988 in
2110 3935 2351 4004 potentia
2399 3933 2667 3988 duntaxat
2703 3933 2898 3988 animae
2937 3933 3232 3998 immanct,
3265 3931 3430 4006 751

1852 4025 2088 4080 animale
2113 4024 2244 4080 illud
2268 4026 2526 4080 declarat.
2556 4025 2666 4080 Cur
2699 4034 2902 4091 autem,
2931 4025 2986 4080 si
3011 4025 3082 4079 ita
3109 4040 3167 4080 se
3199 4039 3289 4081 res
3325 4025 3428 4079 ha-

1849 4117 1964 4182 bet,
1993 4125 2053 4172 ut
2079 4131 2178 4171 vos
2205 4115 2414 4183 dicitis,
2443 4130 2550 4171 non
2585 4115 2753 4171 homo
2791 4125 3003 4171 tantum
3031 4116 3235 4172 dicitur
3265 4115 3427 4170 Chri-

1852 4217 1992 4274 stus,
2017 4207 2175 4278 quasi
2205 4222 2378 4263 novus
2413 4207 2634 4277 quidam
2667 4208 2833 4262 homo
2863 4209 2956 4278 qui
2990 4207 3057 4264 de
3087 4207 3240 4262 caelis
3265 4207 3428 4262 adve-

1855 4297 2037 4363 nerit;
2069 4298 2162 4353 sed
2201 4306 2256 4353 et
2280 4297 2426 4353 illius
2455 4297 2695 4354 hominis
2725 4297 2904 4354 factus
2935 4298 3058 4354 est?
3089 4296 3147 4352 Si
3179 4298 3347 4368 igitur
3371 4299 3447 4354 in».

1857 4402 2002 4449 terra
2032 4392 2209 4448 factus
2235 4399 2322 4448 est
2351 4391 2496 4448 ﬁlius
2519 4392 2780 4459 hominis,
2815 4392 2941 4448 licet
2971 4407 3080 4448 non
3124 4407 3190 4447 ex
3219 4393 3429 4447 semine

196 4478 481 4550 γεννηθεὶς,
510 4481 629 4546 ἐνὸς
649 4481 802 4546 ὄντος
831 4481 923 4536 τοῦ
954 4484 1383 4554 πρωτοπλάστου
1426 4484 1596 4556 Ἀδὰμ
1636 4484 1751 4550 υίὸς

1860 4485 1977 4552 viri,
2002 4485 2097 4541 sed
2123 4500 2192 4541 ex
2220 4483 2438 4556 Spiritu.
2457 4493 2648 4541 sancto
2673 4485 2957 4552 natussit,
2986 4485 3308 4558 protoplasti
3333 4486 3444 4556 qui.

258 4651 302 4683 "
337 4653 464 4728 Sap.
493 4671 556 4724 ιι,
581 4657 674 4712 24.
745 4658 794 4691 ⁸⁸
828 4656 1062 4729 Philipp.
1103 4673 1165 4724 ιι,
1198 4659 1252 4714 9.
1327 4657 1396 4691 ⁸⁸*
1427 4656 1588 4714 Joan.
1622 4673 1696 4727 tv,
1722 4655 1752 4711 Ξ

1889 4659 1935 4691 δ’
1973 4657 1998 4712 ι
2025 4659 2150 4716 Cor.
2182 4673 2246 4725 ιι,
2280 4658 2384 4715 14..

266 4809 371 4885 (85)
407 4815 488 4872 Ita
521 4813 654 4884 Seg.
677 4813 836 4869 Gohl.
869 4823 925 4870 et
958 4813 1102 4870 Felc.
1139 4814 1194 4878 1,
1229 4815 1418 4885 sicque
1443 4816 1574 4886 legit
1607 4814 1754 4872 Nan-

199 4878 336 4957 ttitis.
353 4878 808 4957 'Anglic.'_Kat£10t
838 4886 1073 4957 Χριστὸς
1089 4886 1224 4957 ῥιπὶ)Δ
1245 4878 1352 4957 γῆξ
1379 4888 1459 4957 εἰς
1492 4878 1753 4957 οὐρανοὺς

199 4947 503 5026 ᾲνενῄνοχεῗξ
544 4953 640 5026 καὶ
684 4955 831 5026 ὅπερ,
861 4947 1472 5026 ’ᾹδάμξΕιιίιίίΚαίτοι
1515 4947 1755 5026 ὁ”Δδᾲμ

281 5017 506 5106 οὐρανῷ
529 5025 624 5078 ἐπὶ
644 5017 874 5106 τῆς-’ἰῆς
899 5017 1651 5106 κατενή-νοχε-ἀναμάρτητογ.
1673 5017 1756 5106 [1:1-

202 5043 499 5142 Ffaoupavou
529 5043 624 5078 επι
644 5043 742 5096 της
766 5043 878 5148 ’(τῇ
899 5043 1224 5106 κατενηνοχε
1252 5043 1651 5149 ανᾳμσέρτητον.
1673 5043 1748 5080 ιιι-

205 5154 238 5168 ﬁ
280 5097 650 5168 Laceragﬁvoxa
672 5102 799 5168 ante
883 5096 1062 5168 ριστός
1095 5095 1290 5168 legitur
1323 5112 1378 5168 _m
1453 5111 1535 5168 eg.
1588 5097 1748 5168 Angl.

203 5111 296 5154 Ira,
323 5111 644 5168 κατενηνοχε
672 5111 799 5150 ante
829 5111 1062 5178 Αριστος
1095 5111 1290 5178 legitur
1323 5112 1378 5176 ιιι
1413 5111 1535 5176 ὕες.
1588 5111 1748 5221 Λιιὲι.

203 5154 346 5236 ςοὺι.
371 5177 423 5236 et
445 5165 606 5236 Felc.,
629 5165 682 5230 1,
705 5165 963 5236 deestque
983 5182 1038 5220 in
1069 5167 1192 5221 alus
1230 5174 1295 5221 et
1321 5181 1376 5220 ιιι
1401 5166 1586 5224 editis.
1608 5165 1665 5220 ιιι
1694 5182 1769 5223 ra.

205 5225 340 5305 διὲξ,
373 5235 435 5291 ἐκ
456 5254 517 5290 τε
549 5225 744 5305 τάφου.

405 5307 528 5378 Seg.
549 5300 720 5380 (Gohl.
742 5304 949 5380 Felc.]
980 5306 1308 5380 et_AAngli_c.,
1330 5306 1431 5380 ἐπὶ
1453 5306 1751 5380 άφθαρσίᾳ.

203 5361 333 5449 Ξόξίιί
351 5361 510 5449 ’γει-δῖ
544 5361 636 5430 seu
659 5361 1003 5449 eeeapazav.’
1030 5361 1418 5449 tbidf’Angiic.
1451 5361 1671 5434 Goblér.
1701 5361 1762 5434 ιι

203 5431 334 5513 Felc.
364 5431 418 5510 1,
443 5431 532 5501 ιέάι
555 5431 746 5513 είκόνί,
776 5431 941 5502 male.

269 5509 372 5585 (35)
404 5509 502 5574 Sic
547 5517 672 5588 Seg.
718 5509 875 5589 Gohl.
905 5527 960 5574 et
992 5517 1136 5575 Felc.
1164 5522 1214 5576 1.
1243 5520 1384 5577 Editi
1419 5535 1566 5584 vero,
1592 5519 1746 5589 γένε-

207 5589 302 5661 ξιλζν
327 5589 524 5661 o_misso
551 5587 1016 5661 art’iculotPaulo
1039 5602 1179 5659 post,
1212 5592 1265 5645 iu
1306 5593 1487 5655 editis,
1524 5587 1673 5661 αὐτῷ
1719 5591 1750 5643 ό

205 5641 324 5729 θεὲς
342 5641 534 5729 bona.
558 5641 685 5712 Sed
722 5641 1068 5729 itl_:Seéuer.r
1083 5641 1334 5716 tu;
1569 5641 1584 5644 ⁷
1596 5641 1747 5717 (ιέεεί

207 5711 234 5764 ὁ
265 5711 403 5793 Θεός,
431 5711 496 5784 et
513 5711 738 5797 sicilegit
764 5711 1013 5785 Νίῖιὶῖἶῖιὶέ

1956 4817 2146 4890 86)_ln
2187 4816 2351 4890 editis
2395 4819 2550 4874 deest
2595 4815 2790 4888 Λόγος,
2815 4815 2912 4870 sed
2940 4815 3173 4871 habetur
3201 4815 3256 4872 in
3292 4815 3422 4890 Seg.

1860 4886 2337 5081 ϐοὲῃῖῗιξοῖῖέῖο.
2371 4957 2424 5021 1,
2457 4954 2617 5011 Gobl.
2654 4954 2782 5027 Seg.
2830 4956 2890 5008 ἐν
2940 4955 3114 5023 deest,
3139 4956 3235 5013 sed
3263 4956 3425 5021 male,

1860 5036 1924 5081 ut
1946 5029 1997 5081 vi
2039 5043 2131 5081 ere
2159 5039 2242 5081 est
2269 5027 2323 5080 in
2357 5027 2733 5081 sequentibus.

1858 5036 1924 5082 ut
1946 5027 2131 5083 videre
2159 5039 2242 5083 est
2269 5027 2323 5080 in
2357 5027 2733 5095 sequentibus.

1929 5096 2044 5168 (88)
2082 5099 2142 5152 In
2174 5093 2489 5178 Segxdee'st
2515 5097 2606 5178 τά.
2639 5095 2764 5178 Mox
2789 5093 2951 5178 editi,
2970 5093 3198 5178 ψυχικὸς
3236 5095 3294 5178 δὲ
3332 5095 3427 5150 ἄν-

2117 5170 2211 5224 sed
2239 5162 2522 5238 ἄνθρωπος
2581 5167 2636 5222 in
2696 5169 2822 5235 Seg.
2854 5162 3011 5220 Gohl.
3047 5162 3192 5221 Felc.
3237 5164 3264 5218 1
3317 5181 3427 5221 non
3482 5221 3489 5229 ,

1875 5255 1961 5308 egi
1988 5255 2074 5308 ur.
2427 5306 2434 5308 _
2653 5305 2668 5308 Α
2722 5306 2729 5308 _
2914 5307 2917 5308 γ
3039 5303 3089 5308 ω

1911 5303 2030 5379 (89)
2069 5309 2238 5379 Μόνη
2266 5306 2623 5377 ἐμμείναντα
2641 5305 3004 5360 δείκνυσθαι.
3034 5303 3126 5360 Sic
3147 5319 3424 5360 manuscr.

1853 5379 2074 5459 quidam
2098 5379 2204 5459 ;_in
2238 5376 2776 5459 e(|_itis,é.up§ivavra
2800 5376 3060 5459 δείκνυσι,
3101 5379 3310 5459 omisso
3327 5375 3427 5459 μό-

1853 5375 2074 5448 quidam
2098 5396 2115 5445 ;
2150 5375 2419 5441 incdit—is,
2440 5376 2776 5459 ἐμμείναντα
2802 5376 3060 5440 δείκνυσι,
3101 5379 3310 5458 omisso
3325 5375 3427 5500 :6-

1852 5467 1940 5521 νῃ.
1971 5448 2089 5521 Mox
2117 5449 2254 5511 ὅλως
2281 5448 2521 5521 d_eest_1n
2552 5446 2775 5521 seguer.
2800 5445 2971 5521 Paulo
2996 5453 3140 5516 post,
3169 5446 3298 5521 e_d|_t|
3363 5460 3428 5521 a-

1856 5514 1984 5574 bént
2012 5519 2191 5589 μόνος,
2230 5519 2324 5572 sed
2358 5519 2519 5572 male.
2579 5514 2798 5572 Gobler.
2838 5514 3065 5588 Seguér.
3096 5523 3150 5570 et
3179 5514 3329 5572 Felc.
3366 5516 3422 5580 1,

1857 5589 2038 5727 μόῖἕό)
2077 5658 2419 5728 Πνεύματος,
2459 5672 2649 5712 omnes
2699 5672 2978 5712 manuscr.
3042 5655 3206 5722 Editi,
3261 5655 3428 5728 σπέργ

1854 5746 2040 5798 ματος.
