3810 6228
395 297 531 358 ιιοτ
1067 298 1124 354 S.
1167 295 1536 355 ATHANASII
1573 296 1724 354 OPP.
1767 294 1899 351 PAR

2171 290 2542 348 HISTORICA
2577 289 2666 346 ET
2704 285 3121 345 DOGMATICA.
3494 286 3666 342 “08

396 427 540 468 unus
569 419 674 477 est,
693 411 887 478 Adam,
919 410 1062 466 ﬁlius
1090 410 1440 482 intelligetur.
1461 410 1800 482 Nequcenim
1825 427 1900 482 pr:

2159 409 2406 480 ιθήσεται.
2433 406 2508 460 Οὑ
2533 405 2642 476 γὰρ
2669 403 2852 475 ἕτερός
2875 419 2961 466 τις
2986 401 3402 472 ἀναγέγραπται
3429 399 3663 471 ἄνθρω-

399 511 483 556 ter
506 501 796 565 Adamum,
825 501 920 571 qui
967 515 1034 556 ex
1070 509 1213 556 terra
1248 508 1355 568 est,
1381 501 1521 557 alius
1551 501 1821 572 quispiam
1861 502 1903 556 dt

2155 520 2166 566 ;
2188 503 2246 554 ὲν
2267 497 2479 571 οὑρανῷ
2502 496 2749 567 ὑπάρξας
2781 493 2932 564 παρά
2954 493 3046 547 τὸν
3073 495 3138 546 ὲκ
3166 492 3271 562 γῆς
3299 491 3472 562 ’Δδὰμ
3497 490 3659 561 (91),

397 592 634 662 scriptus
679 602 763 648 est
787 594 974 660 homo,
1005 593 1100 664 qui
1141 593 1198 648 in
1225 593 1367 649 coelo
1396 593 1580 659 fuerit,
1613 602 1673 647 ut
1705 609 1772 648 ex
1806 594 1901 650 cm!

2176 591 2270 644 καὶ
2299 588 2357 656 ἐξ
2383 586 2624 660 οὐρανῶν
2655 587 2752 657 ἔχῃ
2787 586 2848 637 τὸ
2872 584 3054 654 σῶμα,
3081 583 3176 636 καὶ
3201 583 3315 646 υἱὸς
3338 580 3659 653 ἀνθρώπου

393 698 594 763 corpus
621 685 815 740 habeat
840 685 1112 750 Christus,
1131 697 1185 740 et
1205 684 1350 740 ﬁlius
1376 685 1616 741 hominis
1643 685 1733 748 sit,
1757 698 1824 740 ex
1851 685 1897 740 al

2147 682 2280 752 ταρὰ
2303 681 2395 733 τὸν
2419 680 2606 749 Ἀδάμ.
2634 678 2723 730 Διὸ
2741 679 2770 730 ὁ
2797 676 2894 748 μὲν
2915 675 3191 738 Ματθαῖος
3211 675 3324 728 υίὸν
3370 672 3651 743 ’Λϐραὰμ

392 772 462 828 ab
506 773 734 830 Adamo.
791 774 1135 844 Quapropter
1186 774 1471 830 Matthaeus
1524 775 1742 845 quidem
1786 775 1896 830 ﬁliu

2150 789 2160 826 ι
2191 773 2354 827 Δαόὶδ
2401 770 2702 842 ἀναγράφει
2745 770 2808 822 τὸ
2841 768 2983 823 κατά
3019 767 3229 839 σάρκαο
3267 769 3296 820 ό
3321 766 3380 820 δὲ
3409 768 3654 829 Λουκᾶς

389 863 663 920 Abraham
711 875 765 921 et
802 865 974 921 David
1015 866 1168 922 illum
1214 866 1490 932 describit,
1516 869 1813 925 secundum
1839 881 1893 923 ca

2144 883 2182 919 »ν
2215 864 2376 919 αὑτὸν
2403 862 2514 935 (92)
2537 861 2630 915 τοῦ
2662 860 2832 931 ’Λδάμ
2870 859 3078 912 καὶτοῦ
3112 857 3248 912 Θεοῦ
3295 857 3648 927 γενεαλογεῖ.

389 971 514 1010 nem
545 974 560 1023 ;
585 956 762 1013 Lucas
788 972 920 1012 vero
950 972 1078 1012 eum
1124 957 1254 1012 Ada:
1287 966 1341 1012 et
1373 955 1466 1012 Dei
1494 957 1688 1012 Filium
1718 972 1893 1013 enarr:

2169 957 2347 1009 τοίνυν
2376 953 2608 1026 μαθηταί
2635 955 2758 1006 ὲστε
2779 951 2887 1006 τῶν
2914 951 3281 1020 Εὑαγγελίων,
3316 950 3390 1022 μὴ
3415 950 3651 1004 λαλεῖτε

390 1042 449 1100 Si
473 1046 658 1117 itaque
677 1047 1091 1118 Evangeliorum
1113 1047 1364 1118 discipuli
1393 1047 1546 1113 estis,
1566 1063 1635 1102 ne
1657 1047 1894 1118 loquami

2147 1048 2203 1100 τὰ.
2231 1047 2322 1100 τοῦ
2360 1047 2493 1100 Θεοῦ
2516 1047 2725 1100 ἀδικίαν
2757 1064 2770 1078 ο
2794 1045 2929 1100 ἀλλά
2955 1045 3212 1114 στοιχεῖτε
3240 1044 3351 1105 τοῖς
3379 1058 3651 1112 γεγραμ-

388 1134 656 1192 adversus
688 1136 861 1192 Deum
896 1137 1263 1208 iniquitatem,
1295 1138 1388 1192 sed
1433 1135 1741 1208 Scripturas
1763 1152 1892 1207 resq'

2144 1156 2252 1202 νοις
2280 1139 2376 1191 καὶ
2397 1139 2704 1208 γενομένοις
2739 1136 2871 1207 (95).
2903 1136 2966 1188 El
2999 1135 3057 1188 δὲ
3079 1135 3241 1204 ’ἕτερα
3263 1132 3414 1203 παρά
3437 1132 3512 1184 τὰ
3541 1147 3648 1200 γε-

387 1234 571 1296 gestas
622 1228 934 1282 sectamini.
984 1226 1143 1293 Quod
1191 1229 1236 1282 si
1289 1235 1484 1297 praeter
1512 1242 1574 1282 ea
1613 1242 1734 1296 quae
1756 1226 1891 1295 scrip

2138 1234 2352 1301 αμμένα
2371 1229 2552 1284 λαλεῖν
2578 1227 2852 1299 βούλεσθε,
2874 1227 2926 1280 τί
2949 1226 3084 1296 πρὸς
3105 1227 3252 1297 ἡμᾶς
3270 1222 3642 1294 διαμάχεσθε,

387 1323 536 1378 sunt,
563 1315 667 1370 alia
697 1316 846 1386 loqui
874 1317 930 1374 in
963 1317 1146 1371 animo
1173 1316 1264 1378 sit,
1298 1331 1394 1371 cur
1420 1315 1709 1371 adversum
1742 1329 1842 1370 nos
1862 1315 1891 1370 d

2141 1338 2183 1384 »ς
2209 1322 2345 1392 μήτε
2374 1319 2590 1374 ἀκούειν
2616 1321 2752 1392 μήτε
2782 1317 2958 1387 λέγειν
2982 1317 3091 1388 (94)
3116 1315 3350 1388 παράτά
3378 1331 3645 1385 γεγραμ-

385 1407 630 1472 cet-tatis,
669 1407 765 1476 qui
811 1408 964 1462 nulla
1010 1407 1220 1475 audire,
1245 1408 1329 1462 vel
1382 1407 1565 1478 eloqui
1624 1407 1882 1462 sustinem

2139 1426 2199 1462 να
2231 1407 2630 1480 πειθομένους;
2673 1407 2920 1476 λέγοντος
2956 1405 3050 1459 τοῦ
3084 1405 3308 1476 Κυρίου,
3350 1405 3433 1457 ὅτι
3486 1404 3643 1458 Ἐὰν·

387 1507 580 1562 praeter
619 1511 684 1552 ea
729 1511 852 1568 quae
892 1497 1095 1568 scripta
1127 1497 1288 1552 sunt?
1318 1513 1440 1552 cum
1483 1496 1746 1551 Dominus
1773 1496 1891 1551 dica

2136 1497 2230 1564 εεῖς
2257 1497 2501 1566 μείνητε
2529 1497 2600 1550 ἐν
2626 1496 2708 1563 τῷ
2729 1497 2890 1566 λόγῳ
2913 1494 2993 1560 τῷ
3026 1492 3166 1563 ἐμῷ,
3219 1492 3406 1558 ὄντως
3456 1493 3640 1548 ἐλεύ-

388 1581 449 1636 Si
476 1587 776 1640 manseritis
805 1587 864 1641 in
889 1603 1123 1642 sermone
1144 1604 1279 1653 meo,
1303 1604 1416 1642 vere
1441 1587 1591 1642 liberi
1613 1589 1760 1642 eritis
1779 1587 1844 1642 “.

980 1603 1123 1642 mone
1144 1604 1279 1653 meo,
1303 1604 1416 1642 vere
1441 1587 1591 1642 liberi
1613 1589 1760 1642 eritis
1779 1587 1844 1642 “.
2059 1593 2216 1658 θεροι
2249 1590 2484 1644 ἔσεσθε.

459 1672 513 1727 9.
539 1671 660 1740 Quo
681 1685 841 1745 pacto
861 1677 1027 1748 igitur
1058 1685 1153 1732 aut
1181 1676 1367 1732 ﬁdeles
1395 1684 1489 1731 aut
1524 1675 1822 1731 Christiani
1855 1675 1963 1731 ha-

2131 1685 2186 1738 9.
2226 1681 2353 1744 Πῶς
2378 1676 2472 1734 οὖν
2499 1679 2578 1733 ἔτι
2620 1677 2802 1732 πιστοὶ
2836 1676 2874 1748 ἦ
2904 1675 3222 1746 Χριστιανοὶ
3254 1677 3635 1747 νομισθείητε,

386 1763 647 1830 beamini,
683 1767 776 1836 qui
809 1782 988 1838 neque
1017 1767 1318 1824 secundum
1359 1768 1526 1822 verba
1554 1767 1889 1838 Scripturaai

2153 1775 2292 1844 μήτε
2323 1775 2436 1835 τοῖς
2480 1771 2687 1841 ῥήμασι
2733 1772 2846 1832 τοῖς
2894 1767 3298 1838 γεγραμμένοις
3353 1766 3640 1838 ποιχοῦν-

387 1856 603 1923 ceditis,
638 1873 814 1928 neque
843 1859 1005 1917 rebus
1035 1858 1201 1930 gestis
1235 1858 1400 1914 ﬁdem
1432 1859 1672 1923 habetis;
1719 1859 1812 1913 sed
1853 1873 1891 1913 at

2135 1881 2143 1926 ς
2171 1861 2279 1933 (95)
2300 1901 2316 1923 ,
2352 1862 2488 1932 μήτε
2520 1863 2632 1922 τοῖς
2668 1857 2979 1929 γενομένοις
3011 1856 3356 1927 πειθόμενοι,
3391 1857 3534 1911 ἀλλά
3561 1856 3639 1912 τὰ

387 1943 528 2000 detis
562 1962 627 2001 ea
674 1963 796 2018 quae
825 1964 990 2018 supra
1023 1960 1277 2005 naturam
1332 1958 1462 2006 sunt
1489 1951 1759 2005 delinire?
1793 1949 1891 2004 Nu.

2131 1955 2196 2026 ὲρ
2227 1953 2386 2024 φύσιν
2417 1950 2618 2023 ὁρίζειν
2645 1950 2982 2021 τολμῶντες;
3017 1944 3089 2004 Ἦ
3111 1949 3327 2019 μικρὸν
3353 1950 3499 2020 ὑμῖν
3526 1951 3635 2005 ἀτο-

385 2038 514 2111 quid
566 2055 755 2110 parum
813 2041 956 2095 vobis
993 2052 1070 2096 est
1103 2043 1348 2096 molestos
1397 2059 1509 2096 esse
1555 2042 1871 2108 hominibus,

2128 2045 2308 2110 ώποις
2366 2043 2646 2114 παρέχειν
2703 2041 2930 2113 ἀγῶνα,
2990 2042 3090 2096 καὶ
3148 2041 3276 2109 πῶς
3335 2041 3632 2111 παρέχετε

387 2149 484 2186 cur
510 2133 715 2186 molesti
742 2133 869 2188 estis
895 2132 1121 2187 Domino
1154 2133 1198 2166 “
1223 2135 1247 2188 ‘l
1294 2132 1430 2188 Nam
1465 2134 1513 2190 si
1541 2135 1635 2204 qui
1675 2135 1891 2206 propbel

2128 2139 2253 2194 ῶνα
2286 2139 2514 2207 Κυρίῳ;
2547 2139 2610 2192 Εἰ
2641 2137 2748 2209 7&9
2793 2139 2842 2190 οί
2881 2139 3184 2208 προφήταις
3220 2137 3632 2212 ἀπιστήσαντες

389 2237 497 2278 non
525 2222 872 2292 crediderint,
917 2225 1264 2280 condemnati
1319 2235 1465 2289 sunt,
1521 2236 1728 2297 quanto
1779 2243 1893 2297 mag

2127 2229 2488 2302 τεκρίθησαν,
2557 2231 2708 2300 πόσῳ
2779 2229 2977 2300 μᾶλλον
3042 2231 3090 2282 οἱ
3165 2229 3242 2299 μὴ
3311 2227 3630 2298 πειθόμενοι

387 2312 483 2380 qui
517 2327 622 2367 non
651 2312 1001 2369 crediderunt
1020 2315 1125 2386 ipsi
1149 2315 1420 2372 Domino?
1445 2315 1663 2372 Etenim
1694 2334 1819 2388 quae
1840 2319 1891 2388 ip

2130 2323 2202 2394 τῷ
2239 2321 2454 2394 (96)τῷ
2484 2322 2762 2394 Δεσπότῃς
2802 2322 2869 2374 Ἃ
2905 2322 3014 2391 γάρ
3055 2321 3216 2384 αὐτὸς
3249 2319 3482 2390 ἠθέλησε
3533 2320 3634 2372 καὶ

387 2407 578 2475 voluit,
606 2418 660 2463 et
687 2425 810 2480 qua:
834 2410 949 2481 ipse
970 2412 1235 2468 arbitratu
1260 2428 1362 2468 suo
1398 2413 1509 2483 egit
1545 2413 1611 2468 ad
1644 2413 1888 2486 abrogati

2127 2415 2342 2485 δόκησεν
2372 2415 2452 2478 είς
2485 2413 2737 2484 ἀθέτησιν
2775 2412 2872 2482 τῆς
2902 2412 3175 2482 ἁμαρτίας
3209 2412 3303 2465 καί¹
3333 2411 3427 2464 τοῦ
3461 2411 3631 2465 θανά-

386 2515 510 2556 nem
535 2504 744 2571 peccati
775 2513 830 2558 et
854 2505 1070 2572 mortis,
1115 2521 1214 2562 cur
1263 2508 1373 2563 alio
1423 2517 1478 2562 et
1523 2508 1740 2564 diverso
1791 2524 1890 2564 mo:

2128 2524 2167 2570 ι,
2199 2505 2314 2570 πῶς
2343 2507 2500 2575 ὑμεῖς
2532 2505 2694 2575 ἕτερα
2734 2503 2850 2556 ἀνθ’
2886 2504 3087 2573 ἐτέρων
3129 2503 3306 2571 λέγειν
3335 2503 3370 2574 ἢ
3405 2505 3632 2574 φρονεῖν

386 2599 646 2642 enarrare
677 2599 772 2644 aut
795 2592 1036 2660 cogitare
1069 2594 1320 2650 audetis?
1361 2594 1418 2649 Si
1450 2595 1773 2651 conﬁtemur
1802 2613 1890 2656 eui

2125 2598 2283 2667 λμᾶτε
2304 2613 2318 2660 ;
2343 2597 2406 2648 El
2427 2593 2814 2667 ὁμολογοῦμεν,
2839 2595 3085 2656 κάκεῖνος
3107 2594 3431 2664 ὁμολογήσει
3452 2595 3629 2664 ἡμᾶς·

387 2689 440 2734 et
467 2682 581 2750 ipse
625 2684 971 2741 conﬁtebitur
1013 2704 1150 2744 nos:
1198 2690 1245 2746 si
1282 2706 1566 2760 negamus,
1596 2702 1650 2747 et
1694 2695 1810 2763 ipse
1852 2711 1891 2748 nt

2130 2686 2456 2760 ἀρνούμεθα,
2486 2689 2735 2751 κάκεῖνος
2763 2687 3058 2758 ἀρνήσεται
3090 2687 3234 2757 ἡμᾶς
3255 2703 3268 2716 ·
3292 2687 3338 2738 εί
3364 2684 3634 2738 ἀπιστοῦ-

387 2772 638 2840 negabit:
669 2774 716 2830 si
749 2774 913 2830 ﬁdem
943 2777 1022 2833 illi
1052 2793 1162 2834 non
1194 2780 1484 2849 habemus,
1519 2783 1611 2838 ille
1641 2783 1816 2839 ﬁdelis
1837 2800 1887 2838 m

2129 2797 2176 2845 v,
2231 2780 2435 2842 ἐκεῖνος
2481 2778 2671 2842 πιστὸς
2724 2778 2905 2850 μένει·
2947 2775 3285 2850 ἀρνήσασθαι
3337 2775 3447 2846 γάρ
3500 2777 3633 2829 ὲαυ-

389 2871 500 2928 net,
530 2863 770 2935 seipsum
820 2867 967 2924 enim
999 2884 1200 2940 negare
1251 2874 1460 2943 nequit.
1493 2872 1752 2942 Quaenam
1790 2875 1893 2945 igitl

2131 2891 2143 2924 ι
2164 2872 2274 2944 (97)
2297 2873 2357 2925 οὑ
2382 2872 2626 2927 δύναται.
2661 2872 2758 2935 Τίς
2780 2867 2873 2925 οὖν
2903 2871 3056 2942 ὑμῶν
3080 2872 3114 2942 ή
3137 2869 3372 2941 τοσαύτη
3395 2870 3635 2922 ἀπόνοια

387 2955 698 3026 hujusmodi
723 2969 906 3019 vestra
949 2965 1219 3022 immensa
1250 2967 1502 3036 stultitia,
1552 2978 1611 3025 ut
1651 2971 1891 3041 loquami

2133 2983 2157 3029 ς
2187 2966 2479 3036 ἀμετρίας,
2511 2964 2690 3019 λαλεῖν
2730 2963 2800 3018 τὰ
2846 2961 2920 3034 μὴ
2958 2961 3338 3032 γεγραμμένα,
3370 2961 3466 3013 καὶ
3495 2977 3637 3031 φρο-

387 3062 510 3116 quae
555 3050 756 3121 scripta
785 3069 894 3110 non
928 3065 1056 3112 sunt
1086 3096 1102 3122 ,
1144 3066 1199 3114 et
1227 3058 1320 3115 illa
1355 3061 1604 3117 sentiatis
1635 3077 1758 3132 quae
1776 3062 1891 3118 alie!

2136 3076 2164 3112 ν
2195 3058 2448 3130 ἀλλότρια
2474 3058 2573 3128 τῆς
2605 3054 2920 3120 εὑσεϐείας;
2945 3055 3055 3108 Καὶ
3085 3054 3194 3124 γὰρ
3219 3054 3314 3105 καὶ
3341 3051 3640 3122 όμοούσιον

388 3147 517 3194 sunt
542 3155 572 3194 a
606 3143 841 3210 pietate?
888 3143 1104 3202 Etenim
1136 3163 1360 3204 carnem
1393 3150 1664 3206 divinitati
1711 3153 1892 3208 consul

2130 3168 2152 3204 ν
2182 3151 2360 3223 σάρκα
2391 3150 2490 3221 τῆς
2518 3149 2769 3220 θεότητος
2804 3147 2982 3216 λέγειν
3010 3147 3332 3216 ἐπιχειρεῖτε
3351 3186 3366 3209 ,
3399 3144 3462 3196 οὑ
3501 3160 3634 3195 συν-

385 3233 691 3290 stantialem
715 3236 895 3293 dicere
924 3241 1156 3306 audetis,
1187 3257 1294 3296 non
1327 3242 1672 3301 advertentes
1693 3247 1748 3300 in
1775 3246 1889 3316 dup?

2131 3244 2283 3305 ὒντες
2327 3241 2518 3312 διπλῆν
2564 3241 2692 3310 ὑμῖν
2729 3239 3024 3310 γενομένην
3059 3238 3166 3308 (98)
3193 3238 3288 3308 τὴν
3317 3235 3635 3305 ἀπάντησιν

382 3341 502 3380 cem
559 3343 658 3383 vos
703 3330 958 3387 incidisse
1020 3333 1379 3404 impietatem.
1436 3335 1646 3393 Idcirco
1693 3337 1840 3393 enim

2127 3351 2154 3398 ς
2195 3333 2466 3398 ἀσεϐείας.
2507 3331 2689 3386 Ταῦτα
2718 3332 2826 3403 γὰρ
2863 3332 2992 3402 ὑμῖν
3029 3329 3370 3400 ἐπινενόηται
3405 3327 3631 3394 λέγειν,

387 3417 530 3474 hanc
567 3423 890 3477 sententiam
924 3425 1166 3480 animum
1191 3428 1498 3496 appulistis,
1529 3437 1591 3484 ut
1621 3429 1706 3484 vel
1731 3445 1891 3486 carne

2127 3442 2142 3478 t
2178 3425 2211 3496 ἢ
2244 3425 2341 3496 τὴν
2370 3425 2546 3496 σάρκα
2573 3422 2962 3496 άρνήσησθε,ἢ
2996 3421 3093 3493 τὴν
3126 3421 3350 3490 θεότητα
3383 3418 3631 3488 βλασφη-

383 3511 612 3580 negetis,
642 3513 724 3568 vel
757 3515 813 3568 ln
853 3513 1115 3573 Deitatem
1175 3519 1564 3590 blasphemetis
1587 3563 1602 3590 ,
1653 3523 1887 3579 dicentes

2136 3535 2285 3588 σητε,
2322 3517 2589 3585 λέγοντες,
2619 3517 2782 3586 φησίν
2800 3533 2814 3546 ο
2855 3516 3042 3585 Ἡμεῖς
3069 3513 3160 3566 τὸν
3185 3515 3249 3565 ὲκ
3292 3511 3511 3584 Μαρίας
3540 3511 3633 3563 λέ-

383 3596 542 3655 Certe
563 3615 662 3656 nos
689 3617 812 3657 eum
853 3606 945 3674 qui
972 3620 1040 3660 ex
1070 3605 1236 3662 Maria
1267 3617 1429 3665 natus
1453 3619 1554 3678 est,
1581 3613 1887 3678 consubsta1

2127 3623 2218 3677 μεν
2257 3605 2538 3676 όμοούσιον
2578 3605 2688 3675 (99)
2723 3604 2816 3658 τοῦ
2852 3603 3084 3675 Πατρός.
3114 3601 3262 3672 Αὕτη
3305 3601 3361 3655 δὲ
3401 3601 3556 3671 ὑμῶν
3593 3603 3631 3672 ἡ

384 3689 565 3745 tialem
612 3691 759 3748 Patri
817 3696 1074 3752 dicimus.
1126 3698 1298 3755 Porro
1347 3702 1464 3758 haec
1501 3712 1680 3759 vestra
1709 3746 1724 3772 ,
1786 3721 1888 3776 qua

2123 3695 2374 3769 μιζομένη
2403 3697 2645 3768 εὐφημία
2664 3694 3057 3768 δειχθήσεταιῆ
3082 3692 3425 3766 περίεργοςῆ
3455 3692 3627 3762 ἀνόη-

383 3781 700 3848 praeclaram
759 3786 1109 3854 existimatis,
1139 3789 1399 3860 loquendi
1426 3793 1586 3859 ratio,
1628 3803 1723 3850 aut
1763 3811 1887 3865 supe

2124 3807 2160 3853 ;.
2223 3791 2392 3843 Ἐπεὶ’
2421 3789 2504 3853 τίς
2545 3788 2654 3842 τῶν
2699 3789 2906 3842 πιστῶν
2963 3788 3064 3841 οὐκ
3100 3786 3166 3841 ἂν
3212 3785 3628 3857 ὁμολογήσειεν,

382 3872 515 3938 llua,
545 3883 640 3928 aut
674 3877 843 3932 stulta
872 3881 1338 3950 comprobabitur.
1375 3883 1588 3940 Etenim
1617 3886 1751 3956 quis
1771 3903 1802 3941 e
1829 3887 1886 3943 ﬁt

2128 3921 2132 3934 .
2159 3884 2187 3934 ό
2217 3881 2558 3952 ἐπιδημήσας
2589 3879 2721 3942 Θεὸς
2750 3880 2919 3948 Λόγος
2940 3919 2955 3943 ,
2990 3879 3084 3931 καὶ
3116 3879 3180 3931 ὲκ
3209 3877 3484 3947 Παρθένου
3525 3879 3632 3947 τῆς

388 3963 532 4020 libus
563 3982 670 4023 non
737 3969 1060 4026 conﬁteatur
1098 3971 1266 4028 Deum
1293 3974 1555 4042 Verbum,
1583 3977 1677 4047 qui
1711 3978 1892 4034 adveni

2130 3971 2213 4036 ίας
2241 3972 2458 4044 Μαρίας
2491 3969 2768 4043 προελθὼν
2792 3969 3094 4040 ἄνθρωπος,
3117 3966 3396 4038 όμοούσιος
3424 3967 3504 4019 ῶν
3529 3965 3629 4019 τοῦ

383 4065 438 4110 et
465 4074 531 4111 ex
560 4067 748 4114 sancta
775 4059 998 4133 Virgine
1038 4063 1209 4120 Maria
1237 4067 1402 4121 homo
1437 4069 1660 4137 prodiit,
1695 4067 1887 4140 Patriqt

2121 4064 2285 4136 ιτρὸς,
2322 4065 2387 4119 ὲκ
2422 4063 2731 4134 σπέρματος
2785 4061 3034 4133 Ἀϐραὰμ
3065 4059 3286 4128 γέγονεν
3314 4058 3625 4130 ἄνθρωπος,

380 4147 865 4206 consubstantialis
893 4161 1001 4220 est,
1023 4168 1090 4208 ex
1113 4156 1323 4211 semine
1349 4156 1603 4222 Abrahae,
1629 4159 1784 4227 cujus
1809 4157 1883 4214 illi

2155 4157 2246 4209 καὶ
2275 4157 2390 4218 υἱὸς
2422 4155 2872 4226 ἀναγέγραπται,
2904 4153 2998 4206 καὶ
3033 4152 3114 4204 ὅτι
3158 4152 3186 4204 ὁ
3217 4150 3497 4220 ὁμοούσιος
3527 4150 3626 4203 τοῦ

380 4249 713 4305 recensetur,
749 4242 1026 4298 hominem
1069 4260 1192 4301 esse
1231 4245 1434 4302 factum
1468 4265 1483 4301 :
1533 4257 1628 4303 aut
1670 4249 1884 4304 Verbun

2127 4246 2187 4299 οὗ
2219 4247 2390 4315 Λόγος
2437 4246 2623 4315 γέγονε
2656 4244 2796 4300 κατὰ
2827 4243 3004 4316 σάρκα
3036 4243 3149 4305 υίὸς
3181 4241 3273 4294 τοῦ
3309 4243 3501 4306 Δαϐίδ;
3533 4245 3629 4297 Διὸ

381 4327 494 4385 Deo
530 4333 1017 4402 consubstantiale,
1049 4339 1350 4393 secundum
1383 4354 1602 4394 carnem
1633 4339 1806 4395 ﬁlium
1845 4339 1885 4393 D

2123 4337 2151 4390 .l
2174 4339 2238 4390 ὲκ
2269 4337 2580 4409 σπέρματος
2604 4337 2696 4390 τοῦ
2725 4337 2885 4390 Δασὶδ
2912 4336 3188 4408 προφῆται
3221 4337 3314 4390 καὶ
3335 4335 3627 4389 ἀπόστολοι

381 4420 470 4474 vid
491 4419 696 4476 factum
721 4425 884 4478 esse?
913 4422 1039 4482 Ideo
1085 4428 1383 4497 prophetae,
1419 4429 1672 4498 apostoli,
1705 4440 1760 4484 et
1781 4444 1885 4486 eva‘

2127 4433 2152 4486 l
2184 4431 2569 4500 εὑαγγελισταὶ
2597 4430 2975 4500 γενεαλογοῧσι
3002 4431 3093 4488 τὸν
3130 4431 3364 4502 Χριστὸν
3392 4429 3454 4482 τὸ
3487 4428 3631 4483 κατά

379 4509 585 4579 gelista:
609 4509 893 4568 Christum
922 4529 989 4569 ex
1012 4517 1224 4571 semine
1272 4515 1439 4571 David
1481 4518 1782 4573 secundum
1834 4535 1883 4574 οε

2123 4541 2258 4596 ιρκα.
2295 4525 2420 4587 Πῶς
2446 4520 2538 4578 οὖν
2572 4525 2744 4577 ταῦτα
2770 4523 3014 4593 λέγοντες
3046 4523 3145 4576 οὐκ
3183 4523 3490 4595 ὲρυθριᾶτε,
3527 4523 3627 4593 τὴν

381 4617 505 4656 nem
532 4614 716 4658 ortum
748 4605 973 4662 duxisse
999 4617 1245 4663 narrant.
1289 4608 1578 4675 Quomodo
1604 4611 1764 4682 igitur
1782 4652 1801 4677 ,
1828 4627 1885 4666 cu

2119 4632 2272 4686 ιρκα,
2304 4613 2402 4685 τὴν
2443 4616 2508 4668 ὲκ
2542 4615 2854 4685 σπέρματος
2889 4613 3053 4666 Δαόὶδ
3094 4613 3623 4682 γενεαλογουμένην,

381 4693 498 4750 hinc
515 4695 734 4760 dicatis,
764 4712 875 4752 non
902 4699 1224 4756 erubescitis
1250 4715 1471 4756 carnem
1498 4717 1619 4772 quae
1655 4719 1720 4757 cx
1748 4704 1880 4759 semi

2125 4707 2340 4761 ,οούσιον
2371 4706 2465 4760 τοῦ
2512 4707 2684 4776 Λόγου
2723 4707 3178 4777 άποφαινόμενοι;
3212 4705 3280 4758 Ἦ
3315 4704 3510 4768 πάλιν,
3551 4705 3629 4768 ὠς

454 4807 500 4843 ⁸⁸
533 4808 692 4866 Joan.
727 4825 851 4878 vm,
882 4811 972 4878 55,
1008 4811 1096 4870 56.
1172 4811 1219 4846 δ’
1259 4813 1363 4870 lsa.
1390 4830 1486 4879 vn,
1513 4813 1600 4869 i5.

453 4927 564 5005 χει)
589 4926 704 5005 Τὸν
727 4928 797 5005 ex
817 4925 932 5005 Tir
954 4926 1161 4998 ’Λδάμ.
1189 4927 1281 4985 Sic
1305 4927 1428 5001 Seg.
1457 4929 1616 4984 Gobl.
1648 4929 1790 4986 Felc.
1820 4933 1871 4998 ι,
1895 4934 1950 4988 in

2123 4937 2167 4998 ῐς
2194 4933 2598 5005 γεγραμμένοις
2631 4931 2961 5001 πειθόμενοι,
2999 4931 3134 5001 μήτε
3174 4930 3285 4992 τοῖς
3315 4929 3627 5000 γενομένοις

376 4999 542 5056 editis
571 5000 725 5054 deest
755 5001 819 5052 ὲκ
843 4998 969 5068 γῆς.
1247 5067 1289 5068 η
1381 4998 1398 5001 ⁷

905 5001 969 5068 ις..
1247 5067 1261 5068 γ
1276 5067 1289 5068 γ
1381 4998 1398 5001 ⁷
2057 4998 2409 5068 στοιχούντες.

451 5022 542 5055 uls
571 5022 725 5054 uocat
755 5022 819 5052 εκ
843 5022 969 5068 γης.
2057 5022 2168 5058 στοι
2205 5022 2410 5068 ουντες.

450 5069 564 5141 (92)
581 5067 1096 5148 _gb‘rovnllasilwet
1137 5068 1222 5148 _sic
1244 5067 1511 5134 Nannius,
1541 5068 1727 5148 sicque
1772 5070 1952 5148 legen-
2056 5144 2068 5148 _
2127 5022 2244 5148 (9%)
2265 5073 2377 5148 _Sic
2404 5088 2594 5148 omnes
2619 5087 2757 5148 mss.
2784 5079 2982 5148 prater
3005 5068 3154 5148 Felc.
3171 5067 3232 5148 β’,
3251 5067 3458 5148 inquo,
3477 5077 3547 5148 _ut
3569 5077 3624 5148 et

377 5141 509 5213 dum
543 5137 774 5196 videtur.
803 5137 947 5194 Editi
977 5147 1032 5194 et
1057 5139 1279 5210 quidam
1311 5154 1590 5195 manuscr.
1621 5137 1948 5195 habent'at‘i-
2053 5144 2108 5198 in
2135 5137 2330 5205 'editis,
2361 5142 2510 5213 αὑτῴ
2535 5144 2708 5198 deest.
2741 5137 2885 5197 Infra
2930 5138 3055 5212 Seg.
3085 5137 3243 5195 Gobl.
3272 5147 3327 5192 et
3351 5137 3530 5195 Felck.
3568 5141 3621 5204 ι,

375 5228 566 5356 τοῖῥὸ)
603 5279 719 5356 Καὶ
749 5279 1062 5351 γενομένοις
1089 5279 1241 5336 deest
1266 5280 1321 5334 in
1351 5277 1498 5350 Seg.,
1524 5293 1624 5335 nec
1652 5279 1879 5336 lectumt

2055 5214 2143 5267 ἑτέ
2228 5233 2256 5268 ν
2356 5214 2533 5282 λέγειν
2857 5244 2866 5252 ο
2959 5280 2972 5298 ν

1589 5294 1624 5335 ‘c
1652 5279 1849 5335 lectum
1865 5289 1952 5338 est
2127 5231 2239 5356 (ξίῖ)
2279 5214 2437 5356 ἒοὶιι.
2478 5291 2534 5338 et
2560 5278 3093 5356 l‘elckm.__‘l_,_au16v_.

377 5368 410 5406 ει
441 5346 675 5424 Nannio.
723 5346 774 5424 _i
881 5346 894 5351 ’
1247 5419 1259 5424 _
1428 5346 1448 5350 ν
1545 5416 1639 5424 -___
1669 5418 1682 5424 -
1746 5418 1801 5424 --

2129 5346 2238 5424 (98)
2279 5353 2765 5424 Seg.,7tvo_pév_~r,v.
2802 5349 3183 5424 Ibidem,__S_eg.
3215 5347 3368 5403 Gobl.
3409 5346 3611 5424 ἕεις.)

452 5422 564 5492 (94)
608 5421 683 5475 Ita
719 5420 857 5493 ξος.⁸
885 5434 1044 5493 (ιιιορ
1080 5419 1502 5493 _secutismnus.
1545 5416 1716 5493 Editi,
1746 5418 1946 5493 λέγειν.

2135 5416 2489 5493 Anglicanus,
2524 5416 2621 5493 τήν
2657 5416 2950 5491 ἀπάτησιν.
2976 5416 3276 5475 Editi'vero
3308 5426 3362 5473 et
3390 5418 3506 5485 alii,
3521 5417 3619 5490 τὴν

378 5489 552 5564 Paulo
573 5499 698 5564 post
725 5490 882 5564 Gobl.
910 5489 974 5564 et
1004 5489 1147 5545 Felc.
1169 5491 1220 5564 l_,
1247 5491 1336 5564 ὅτι
1362 5492 1424 5542 El
1456 5491 1632 5559 ὑμεῖς.
1667 5489 1786 5564 Μῳι
1821 5489 1882 5564 Se

2055 5489 2380 5564 ἀπάντησιν,
2409 5489 2867 5564 ἀυῦίιιἸερῑίρ.-“-
3008 5560 3022 5564 _
3095 5559 3111 5564 _
3141 5559 3151 5564 _
3377 5555 3421 5564 μ
3465 5517 3467 5520 ‹

377 5561 534 5633 Colit.
571 5555 726 5633 Felc.
763 5561 790 5614 1
837 5568 891 5614 et
931 5559 1152 5616 Graecus
1173 5561 1469 5631 Scriptura:
1496 5555 1705 5624 textus,
1737 5559 1881 5612 ἐσεσε

2128 5555 2404 5633 (99)'Seg.
2443 5562 2598 5618 Gobl.
2633 5571 2686 5616 et
2726 5560 2963 5618 Felckm.
3001 5560 3054 5627 1,
3095 5559 3342 5629 λέγοντες
3373 5555 3438 5628 δὴ
3462 5557 3621 5627 ἡμεῖς

376 5630 805 5704 mti_.tq~.-é._-
883 5699 1007 5704 ,η
1135 5699 1223 5704 __
1303 5630 1325 5704 ’_
1396 5697 1531 5704 _-__
1770 5701 1780 5704 _
1864 5700 1874 5704 _

1309 5699 1325 5704 _
1396 5697 1435 5704 _
1456 5699 1487 5704 -_
1523 5700 1531 5704 _
1770 5701 1780 5704 _
1864 5700 1874 5704 _
2053 5630 2146 5687 τὸν
2175 5630 2240 5688 εκ
2265 5630 2480 5704 Μαρίας
2512 5633 2810 5704 όμοούσιον.

453 5701 565 5771 (9-3)
607 5700 681 5756 lta
720 5697 843 5771 Seg.
874 5699 1033 5757 Gobl.
1056 5709 1109 5756 et
1135 5699 1278 5756 Fclc.
1303 5699 1355 5755 l.
1395 5697 1536 5756 Editi
1632 5716 1711 5766 ro,
1736 5701 1783 5754 οἱ
1811 5700 1943 5772 μήτε
