3810 6228
203 279 346 338 1109

1167 288 1451 346 comma
1485 276 2004 350 APOLLINAmUu
2047 296 2246 352 unca
2287 298 2566 357 prunus.

3326 275 3458 362 tito

203 397 434 468 ἔφαμεν,
475 399 716 472 ἀνοήτως
755 401 930 457 ταῦτα
971 404 1180 474 λέγετε,
1213 407 1274 460 ού
1305 408 1570 472 νοοῦντες,
1599 409 1680 462 ὅτι
1723 408 1782 461 τὸ

1900 411 2065 468 David
2093 426 2210 471 orta
2265 426 2540 484 narratur,
2570 418 3094 474 consubstantialem
3135 416 3279 475 Patri
3315 437 3451 478 asse-

199 487 492 560 όμοούσιον
521 491 621 563 τὴν
665 493 764 562 μὲν
807 494 1112 566 ταυτότητα
1143 497 1241 568 τῆς
1285 497 1500 567 φύσεως
1543 497 1652 569 ἔχει
1685 499 1785 569 (1),

198 582 306 653 τὴν
363 581 422 634 δὲ
479 582 616 637 ἰδίαν
668 584 985 658 τελειότητα
1048 588 1107 641 ὲν
1165 589 1344 660 ἑαυτῷ
1396 591 1784 646 ἐπιδείκνυται.

203 673 422 746 Ὠσπερ
471 674 580 744 γὰρ
623 677 654 728 6
705 676 852 742 Υἱὸς,
901 679 1191 750 ὁμοούσιος
1246 681 1383 753 πρὸς
1431 683 1524 737 τὸν
1559 683 1788 754 ,Πατέρα

200 765 637 838 ὁμολογούμενος
664 767 761 840 (3),
795 769 1000 835 τέλειος
1028 772 1166 844 πρὸς
1189 773 1393 828 τέλειον
1419 775 1784 846 ὁμολογεῖται,

201 855 350 910 καθά
380 858 476 912 καὶ
507 860 567 912 τὸ
597 861 752 929 ἅγιον
780 859 1010 933 Πνεῦμα
1029 880 1044 894 ι
1074 863 1358 935 όμοούσιος
1388 866 1496 938 γὰρ
1528 867 1561 939 ἡ
1593 868 1783 938 Τριάς.

199 951 414 1004 Δώσετε
441 949 536 1006 οὖν
558 955 652 1008 καὶ
673 957 738 1026 τῇ
760 956 1030 1028 ὁμοουσίῳ
1057 960 1222 1030 σαρκὶ
1243 959 1320 1030 ('5)
1349 961 1447 1033 τὴν
1477 960 1786 1016 τελειότητα

199 1043 343 1114 πρὸς
389 1047 454 1116 τῇ
486 1045 583 1099 τοῦ
625 1047 798 1115 Λόγου
833 1049 1130 1121 τελειότητι
1152 1069 1166 1083 ο
1202 1051 1354 1106 ἔσται
1384 1053 1442 1107 δὲ
1483 1053 1606 1107 καθ’
1643 1054 1787 1125 ὑμᾶς

194 1135 401 1206 τετρὰς
448 1137 576 1191 ἀντὶ
612 1139 840 1210 Τριάδος
899 1142 1396 1216 καταγγελλομένη.
1451 1146 1563 1200 Καὶ
1615 1145 1782 1216 τίςζὴ

191 1228 438 1299 τοσαύτη
467 1230 680 1286 ἐπίνοια
711 1232 812 1303 τῆς
844 1233 1134 1300 ἀσεϐείας;

269 1519 357 1573 10.
414 1519 575 1573 Ἀλλά
605 1520 794 1590 λέγετε
816 1541 829 1553 ’
879 1522 1196 1595 Ὀμοούσιος
1228 1524 1418 1595 γέγονε
1454 1525 1530 1597 (4)
1564 1523 1655 1581 τοῦ
1679 1527 1784 1582 Λό-

186 1626 299 1678 γου
341 1613 377 1680 ἡ
414 1611 568 1682 σάρξ.
595 1611 722 1675 Πῶς
757 1613 979 1682 γέγονεν
1006 1613 1322 1685 ὀμοούσιος;
1354 1615 1580 1671 Εἴπατε.
1613 1617 1786 1686 Λόγος

188 1701 444 1770 γέγονεν,
465 1701 604 1756 ἀλλά
630 1703 726 1757 καὶ
751 1704 976 1776 Πνεῦμα
995 1706 1237 1776 γέγονεν.
1265 1707 1328 1760 Et
1351 1707 1408 1760 δὲ
1421 1707 1557 1773 ὅλως
1575 1708 1783 1777 γίνεται

188 1793 393 1862 θεότης
421 1793 485 1846 ἐκ
521 1794 932 1864 μεταποιήσεως
971 1797 1004 1866 ὴ
1037 1795 1112 1867 μὴ
1147 1795 1308 1865 φύσει
1333 1791 1468 1850 οὖσα
1492 1797 1704 1870 θεότης,
1731 1800 1786 1853 τί

187 1883 378 1938 τοίνυν
409 1885 689 1956 μέμφεσθε
735 1886 1055 1958 Ἀρειανοῖς,
1081 1889 1288 1959 ταύτην
1327 1879 1456 1960 περὶ
1483 1889 1577 1943 τοῦ
1609 1891 1784 1959 Λόγου

189 1977 660 2049 προϐαλλομένοις
688 1979 786 2048 τὴν
817 1977 1057 2044 έννοιαν;
1088 1981 1283 2034 Καίτοι
1307 1981 1408 2053 τῆς
1440 1982 1663 2054 Γραφῆς
1698 1983 1788 2037 λε-

185 2066 402 2138 γούσης
440 2065 552 2137 (5),
597 2067 650 2120 Ὁ
675 2069 866 2137 Λόγος
901 2066 1061 2138 σὰρξ
1090 2069 1376 2139 γέγονεν,
1405 2071 1526 2141 οὐχὶ
1566 2072 1630 2125 Ἥ
1651 2071 1785 2144 σὰρξ

186 2157 370 2228 Λόγος
385 2157 626 2228 γέγονεν,
663 2159 719 2212 '0
751 2159 924 2228 Λόγος
939 2160 995 2214 δὲ
1021 2159 1155 2233 σὰρξ
1183 2161 1427 2231 γέγονεν,
1452 2164 1666 2232 εἴρηται
1684 2163 1782 2235 (6)·

184 2247 276 2301 ὅτι
309 2245 406 2300 τοῦ
437 2247 612 2316 Λόγου
639 2247 862 2316 γέγονεν
887 2251 919 2320 ἡ
952 2248 1111 2322 σὰρξ,
1139 2251 1236 2305 καὶ
1264 2251 1364 2306 οὐκ
1388 2251 1676 2325 ἀνθρώπου
1705 2271 1786 2307 τι-

186 2339 286 2402 νός
309 2357 322 2370 ·
347 2338 627 2392 τουτέστιν
654 2339 684 2392 ό
713 2339 845 2405 Θεὸς
868 2339 964 2394 ἀνθ
973 2359 1155 2412 ρωπος
1181 2343 1373 2412 γέγονε
1393 2360 1406 2374 ·
1431 2345 1526 2398 καὶ
1547 2344 1783 2414 λέγεται,

187 2431 339 2503 Σάρξ
372 2431 623 2500 γέγονεν,
665 2433 752 2485 ἵνα
801 2433 875 2504 μὴ
914 2433 1308 2507 παραδράμητε
1347 2436 1448 2507 τῆς
1480 2437 1682 2510 σαρκὸς
1725 2437 1787 2492 τὸ

182 2521 386 2591 ὖνομα.
427 2522 491 2574 El
514 2521 695 2574 τοίνυν
733 2521 808 2594 μὴ
847 2523 1105 2593 ἀρκεῖσθε
1144 2528 1210 2597 τῇ
1241 2526 1532 2598 ἀσυγχύτῳ
1567 2527 1644 2599 (7)
1679 2544 1784 2596 φυ-

188 2612 320 2682 σικῇ
352 2608 541 2664 ένώσει
572 2609 668 2666 τοῦ
696 2612 874 2680 Λόγου
904 2613 1043 2685 πρὸς
1069 2614 1168 2685 τὴν
1203 2615 1338 2669 ίδίαν
1364 2615 1529 2671 αὑτοῦ
1559 2617 1785 2689 γενομέ-

184 2720 290 2773 νην
324 2704 536 2774 σάρκα’
587 2703 683 2758 καὶ
711 2705 794 2758 ὅτι
839 2705 868 2757 6
915 2705 1047 2769 Θεὸς
1091 2705 1380 2780 ἄνθρωπος
1419 2708 1642 2779 γέγονεο
1691 2709 1785 2764 νῦν

183 2796 317 2849 οὔτε
344 2796 594 2861 ἀκούετε,
625 2796 749 2850 οὗτε
775 2797 1054 2852 πιστεύειν
1080 2798 1354 2870 βούλεσθε,
1389 2803 1490 2856 οὐκ
1513 2797 1786 2876 ἀρκούμε-

185 2906 272 2943 νοι
297 2889 440 2959 ὑπὲρ
468 2891 648 2943 πᾶσαν
665 2890 907 2944 ἐπίνοιαν
922 2891 1200 2962 εὐφημίας
1230 2892 1388 2964 σῶμα
1404 2893 1538 2948 Θεοῦ
1560 2895 1787 2952 ἀκούον-

185 2997 304 3044 τες,
358 2979 502 3034 κατὰ
552 2981 643 3035 τὸν
683 2980 946 3049 λέγοντα·
1001 2984 1106 3049 Ὃς
1159 2987 1679 3056 μετασχηματίσει
1719 2988 1784 3042 τό

1890 510 2126 563 verare?
2178 507 2274 564 Vel
2309 526 2552 577 rursum,
2601 519 2662 564 ut
2692 510 2997 577 aiebamus,
3043 509 3159 566 haec
3188 512 3349 567 stulte
3381 513 3447 568 di-

1890 600 2035 667 citis,
2069 616 2176 656 non
2212 600 2600 672 iutelligentes,
2652 601 2796 672 quod
2846 609 2932 656 εει
2974 602 3460 667 consubstantiale.

1889 692 2138 748 eamdem
2168 693 2385 763 quidem
2413 702 2663 749 naturam
2699 694 2900 748 habere
2925 711 2940 761 ;
2970 695 3249 764 propriam
3279 703 3461 750 tamen

1887 783 2277 856 perfectionem
2314 786 2370 839 in
2406 785 2586 855 scipso
2609 785 2889 840 exhibere.
2925 783 3075 840 Sicut
3112 787 3258 841 enim
3293 785 3464 839 Filius

1889 879 1983 950 qui
2018 878 2502 934 consubstantialis
2530 876 2677 932 Patri
2729 878 3059 944 declaratur,
3095 876 3371 948 perfectus
3405 878 3461 932 in

1888 971 2128 1043 perfecto
2157 971 2502 1041 agnoscitur;
2540 970 2622 1024 sic
2650 979 2704 1024 et
2758 968 2996 1038 Spiritus
3023 977 3245 1025 sanctus
3281 987 3292 1023 :
3324 984 3460 1023 con-

1889 1063 2268 1122 substantialis
2299 1051 2445 1118 enim
2477 1073 2562 1117 est
2610 1059 2871 1116 Trinitas.
2919 1060 3128 1117 Dabitis
3170 1076 3300 1128 ergo
3329 1076 3462 1116 con-

1887 1155 2236 1213 substantiali
2266 1155 2439 1218 carni,
2478 1151 2640 1225 742
2669 1151 3054 1222 perfectionem
3100 1163 3294 1224 prater
3335 1152 3462 1208 Filii

1886 1246 2281 1317 perfectionem
2319 1263 2333 1299 :
2385 1256 2439 1301 et
2490 1245 2791 1300 secundum
2842 1260 2940 1299 vos
2982 1245 3320 1313 quaternitas
3365 1260 3464 1314 pro

1889 1336 2158 1391 Trinitate
2191 1335 2598 1407 praedicabitur.
2662 1332 3019 1404 Ecquodnam
3061 1332 3197 1387 illud
3253 1342 3460 1388 tantum

1887 1426 2185 1498 impietatis
2215 1424 2632 1481 commentum?

1961 1520 2051 1576 10.
2078 1518 2184 1575 Sed
2206 1518 2424 1573 dicitis:
2452 1516 2595 1572 Caro
2618 1515 2762 1572 facta
2790 1522 2877 1571 est
2904 1512 3084 1570 Verbo
3104 1513 3467 1569 consubstan-

1893 1613 2060 1668 tialis.
2091 1613 2213 1680 Qua
2240 1611 2456 1666 ratione
2503 1607 2647 1665 facta
2688 1618 2772 1664 est
2800 1607 3330 1664 cortsubstantialis?
3357 1605 3468 1660 Re-

1891 1705 2176 1776 spondete.
2201 1702 2435 1758 Verbum
2463 1704 2606 1756 facta
2650 1707 2757 1766 est,
2809 1701 2904 1753 sed
2947 1705 3002 1753 et
3052 1694 3292 1767 Spiritus
3325 1695 3467 1751 facta

1887 1806 1994 1854 est.
2033 1796 2179 1852 Sane
2206 1795 2252 1851 si
2280 1810 2346 1850 ea
2384 1808 2508 1864 qua;
2547 1800 2742 1847 natura
2775 1806 2875 1848 sua
2914 1789 3174 1847 divinitas
3208 1803 3318 1842 non
3359 1798 3465 1853 est,

1885 1907 1982 1962 per
2016 1889 2374 1944 mutationem
2403 1885 2662 1942 divinitas
2687 1883 2974 1948 emciatur,
2997 1897 3096 1937 cur
3125 1881 3294 1952 igitur
3310 1880 3467 1934 Aria-

1888 1993 1990 2034 nos
2018 1976 2270 2047 arguitis,
2298 1976 2393 2045 qui
2415 1975 2559 2030 hanc
2579 1974 2644 2028 de
2675 1969 2855 2027 Verbo
2877 1969 3204 2027 sententiam
3247 1968 3302 2022 in
3344 1983 3463 2022 me-

1888 2071 2039 2126 dium
2067 2067 2299 2124 afferunt
2318 2069 2342 2122 ?
2364 2065 2518 2122 Licet
2540 2064 2825 2135 Scriptura
2855 2063 3002 2119 dicat
3030 2102 3046 2128 ,
3093 2059 3320 2116 Verbum
3337 2077 3464 2114 caro

1889 2165 2093 2233 factum
2128 2171 2207 2216 est
2242 2161 2312 2226 '°',
2349 2174 2459 2215 non
2483 2158 2693 2214 dictum
2737 2165 2841 2221 est,
2880 2155 3022 2212 Caro
3046 2153 3287 2211 Verbum
3318 2155 3462 2211 facta

1885 2264 1991 2320 est,
2023 2255 2139 2320 sed,
2167 2252 2404 2308 Verbum
2425 2267 2554 2308 caro
2581 2249 2785 2306 factum
2819 2257 2902 2312 est
2925 2267 2939 2304 :
2961 2248 3090 2319 quia
3120 2246 3286 2303 Verbi
3320 2246 3460 2303 facta

1885 2356 1970 2404 est
1997 2362 2146 2414 caro,
2180 2355 2235 2401 et
2271 2359 2382 2400 non
2418 2341 2657 2399 hominis
2695 2340 3019 2410 cujusdam:
3065 2339 3248 2400 idest
3271 2378 3286 2404 ,
3308 2338 3463 2396 Deus

1887 2441 2053 2496 homo
2074 2437 2251 2493 factus
2275 2443 2390 2493 est:
2424 2443 2478 2492 et
2499 2434 2721 2499 dicitur,
2748 2432 2890 2489 Caro
2913 2430 3091 2488 factus
3119 2439 3224 2497 εει,
3249 2447 3318 2487 ne
3342 2449 3458 2488 car-

1885 2533 1975 2588 nis
2017 2545 2219 2588 nomen
2247 2525 2753 2599 preelermitteretis.
2813 2524 2872 2580 Si
2923 2524 3107 2594 itaque
3150 2525 3308 2580 vobis
3349 2540 3463 2580 non

1889 2623 2086 2682 sufﬁcit
2138 2620 2408 2683 naturalis
2453 2618 2546 2673 ilia
2595 2617 2714 2672 sine
2763 2613 3087 2672 confusione
3126 2613 3293 2669 Verbi
3333 2629 3458 2668 cum

1885 2717 2106 2789 propria
2135 2729 2300 2773 carne
2329 2711 2495 2770 unio:
2527 2718 2584 2766 et
2605 2707 2755 2782 quod
2779 2710 2922 2764 Deus
2948 2708 3114 2762 homo
3140 2705 3318 2763 factus
3356 2707 3460 2773 sit;

1887 2818 2033 2866 certe
2054 2808 2174 2880 jam
2208 2819 2386 2876 neque
2429 2803 2636 2870 audire,
2667 2815 2846 2872 neque
2875 2799 3096 2855 credere
3137 2799 3323 2866 vultis,
3362 2813 3464 2854 nec

1887 2899 2222 2965 satisvobis
2262 2905 2368 2962 est,
2399 2911 2524 2952 cum
2561 2893 2614 2948 id
2653 2892 2799 2964 quod
2845 2905 3063 2947 omnem
3114 2889 3465 2946 commenda-

1890 2995 2090 3050 tionem
2126 3000 2348 3061 superat
2373 3028 2390 3054 ,
2425 3001 2626 3058 corpus
2668 2985 2879 3042 scilicet
2915 2981 3033 3050 Dei,
3075 2982 3334 3047 audiatis,
3370 2981 3465 3035 ubi

185 3070 367 3141 σῶμα
396 3069 506 3140 τῆς
529 3073 941 3141 ταπεινώσεως
964 3073 1156 3144 ἡμῶν,
1187 3079 1274 3143 εὶς
1300 3077 1366 3130 τὸ
1398 3077 1677 3148 γενέσθαι
1707 3078 1782 3152 (8)

1896 3086 2125 3142 dicitur:
2167 3083 2274 3149 Qui
2319 3081 2719 3150 transformabit
2763 3094 2952 3148 corpus
3003 3075 3321 3130 humilitatis
3366 3091 3463 3128 na-

185 3165 342 3219 αὺτὸ
390 3166 746 3235 σύμμορφον
785 3167 870 3234 τῷ
912 3168 1139 3238 σώματι
1184 3169 1297 3240 τῆς
1335 3170 1521 3240 δόξης
1556 3173 1775 3228 αὐτοῦ’

185 3257 316 3326 ἥτις
353 3257 472 3310 ἐστὶ
505 3258 749 3329 σημασία
777 3259 872 3313 τοῦ
910 3259 1196 3331 μέλλοντος
1222 3262 1440 3327 αἰῶνος,
1467 3265 1561 3319 καὶ
1587 3264 1669 3319 ἔτι
1694 3265 1782 3320 λέ-

186 3363 350 3416 γεται
383 3347 544 3419 σῶμα
569 3349 668 3419 τῆς
692 3347 849 3420 δόξης
871 3351 1056 3405 αὑτοῦ.
1088 3353 1201 3406 Καὶ
1223 3355 1252 3406 6
1276 3353 1482 3426 Κύριος
1509 3355 1567 3407 δὲ
1593 3354 1742 3425 λέγει
1762 3373 1776 3388 ·

191 3443 375 3493 Ὅταν
419 3439 568 3510 ἔλθῃ
601 3445 634 3495 ό
669 3443 802 3508 Υἱὸς
843 3443 949 3498 τοῦ
995 3444 1339 3513 ἀνθρώπου·
1386 3447 1479 3501 τὸν
1525 3448 1653 3502 Υίὸν
1683 3448 1779 3502 τοῦ

187 3534 330 3588 Θεοῦ
372 3534 484 3588 υἱὸν
521 3533 810 3606 ἀνθρώπου
845 3535 1136 3607 γενόμενον
1169 3536 1318 3606 λέγει
1352 3538 1463 3610 (9)·
1493 3541 1686 3612 κριτήν
1718 3558 1778 3594 τε

185 3626 322 3681 ὅντα
350 3626 568 3692 ζώντων
593 3627 687 3681 καὶ
713 3627 945 3700 νεκρῶν,
978 3629 1074 3683 καὶ
1105 3628 1329 3699 βασιλέα
1358 3631 1451 3684 καὶ
1482 3631 1779 3703 Δεσπότην,

191 3720 290 3773 καὶ
325 3719 459 3773 Θεὸν
492 3719 765 3790 ἀληθινόν.
823 3719 984 3774 Ἀλλὰ
1012 3720 1256 3794 ἀναιρεῖν
1295 3721 1558 3793 βούλεσθε,
1593 3725 1656 3777 τὸ
1685 3723 1781 3776 τοῦ

195 3810 450 3882 σώματος
496 3811 690 3881 ονομα,
737 3809 771 3882 ἢ
817 3810 878 3863 τὸ
923 3809 1005 3863 ἔτι
1055 3811 1310 3880 λέγεσθαι
1354 3811 1641 3884 ἄνθρωπον
1688 3813 1782 3867 τὸν

191 3903 456 3974 Χριστόν.
498 3902 625 3967 Πῶς
670 3901 752 3956 ἔτι
791 3901 888 3967 τὰς
926 3901 1076 3966 θείας
1118 3903 1342 3974 Γραφὰς
1389 3901 1784 3972 ἀναγινώσκειν

190 3993 462 4059 δύνασθε;
494 3993 588 4046 τοῦ
632 3994 730 4064 μὲν
765 3992 1049 4048 Ματθαίου
1073 3995 1410 4066 γράφοντος
1436 3975 1656 4064 Βίϐλος
1693 4013 1787 4066 τε·

1888 3189 2036 3242 εει-ω,
2080 3186 2137 3231 ut
2188 3176 2260 3230 sit
2309 3175 2696 3245 conﬁguratum
2747 3171 2955 3240 corpori
3004 3170 3190 3240 gloria:
3237 3182 3347 3222 sua:
3370 3166 3461 3221 "z

1888 3286 2010 3342 qua:
2037 3276 2122 3326 est
2148 3267 2320 3323 futuri
2354 3265 2537 3322 saeculi
2566 3263 2915 3334 significatio.
2959 3261 3027 3316 Et
3073 3271 3337 3332 praeterea
3381 3260 3466 3312 di-

1886 3364 2052 3428 citur,
2097 3375 2300 3430 corpus
2331 3358 2516 3428 gloriae
2539 3357 2706 3412 illius.
2756 3357 2878 3425 lpse
2925 3369 3145 3424 quoque
3198 3351 3464 3406 Dominus

1885 3455 1999 3508 ait:
2034 3451 2168 3508 Cant
2211 3451 2404 3510 venerit
2435 3447 2609 3507 Filius
2632 3446 2858 3500 hominis
2892 3446 2937 3475 δ’
2967 3460 2982 3509 ;
3020 3441 3218 3497 Filium
3249 3439 3363 3506 Dei,
3401 3441 3464 3494 fi—

1891 3545 2023 3599 lium
2051 3541 2293 3597 hominis
2322 3539 2528 3597 factum
2558 3537 2730 3592 dicit:
2770 3536 3008 3606 judicem
3043 3547 3260 3603 quoque
3306 3531 3462 3585 vivo-

1887 3650 2007 3689 rum
2023 3641 2077 3689 et
2093 3641 2456 3696 mortuorum,
2488 3643 2553 3684 ac
2567 3642 2746 3697 regem
2766 3625 3185 3694 Dominumquc,
3214 3630 3268 3677 et
3295 3621 3460 3676 Deum

1887 3741 2099 3781 verum.
2143 3723 2248 3778 Sed
2278 3720 2528 3792 corporis
2552 3733 2752 3773 nomen
2779 3731 2810 3773 e
2837 3715 3016 3770 medio
3057 3713 3246 3790 tollere
3278 3711 3461 3776 vultis,

1888 3829 2052 3889 atque
2080 3815 2136 3877 id
2164 3813 2404 3884 assequi,
2443 3820 2504 3868 ut
2528 3826 2598 3865 ne
2623 3810 2766 3867 ultra
2795 3808 3007 3864 dicatur
3023 3805 3303 3860 Christum
3339 3819 3463 3859 esse

1885 3907 2185 3965 hominem.
2236 3906 2358 3980 Quo
2386 3902 2616 3977 potestis
2658 3899 2844 3954 animo
2887 3897 3101 3952 divinas
3147 3895 3476 3965 Scripturas.

1883 4001 2061 4056 adhuc
2121 3997 2342 4069 legere?
2397 3994 2537 4050 Cum
2595 3991 2882 4047 Mattheus
2931 3987 3154 4060 quidem
3208 3987 3460 4042 scribat:

193 4088 423 4152 νέσεως
453 4088 660 4154 Ἰησοῦ
681 4087 959 4157 Χριστοῦ,
977 4087 1112 4142 υἱοῦ
1133 4089 1331 4152 Δαϐἰδ,
1355 4089 1490 4144 υἱοῦ
1517 4089 1782 4160 Ἀϐραάμ·

1896 4088 2039 4144 Liber
2063 4084 2416 4159 generationis
2437 4081 2568 4137 Iesu
2595 4079 2817 4144 Christi,
2837 4075 2938 4146 ﬁlii
2960 4072 3156 4138 David,
3175 4071 3276 4142 ﬁlii
3295 4069 3465 4124 Abra-

193 4179 291 4234 τοῦ
317 4180 376 4232 δὲ
420 4180 666 4234 Ἰωάννου
691 4196 705 4210 ο
751 4180 846 4232 Ἐν
871 4177 1032 4249 ἀρχῇ
1060 4175 1140 4250 ἦν
1168 4183 1202 4234 ὁ
1231 4181 1445 4250 Λόγος,
1467 4182 1566 4235 καὶ
1601 4183 1634 4235 ό
1669 4183 1782 4236 Λό-

1884 4181 2106 4250 Ιιαηι³³;
2141 4178 2382 4235 Joannes
2425 4191 2594 4231 vero:
2645 4171 2713 4226 In
2763 4169 3024 4240 principio
3054 4176 3166 4221 erat
3216 4163 3463 4226 Verbum,

195 4289 302 4342 τος
329 4267 410 4342 ἦν
436 4272 586 4340 πρὸς
618 4270 724 4326 τόν
753 4274 934 4328 Θεόν·
970 4273 1246 4340 καὶλΘεός
1275 4270 1353 4344 ἦν
1379 4276 1412 4328 ὁ
1443 4276 1650 4345 Λόγος.
1684 4274 1782 4329 Λό-

1896 4286 1942 4333 et
1976 4274 2202 4331 Verbum
2231 4281 2348 4326 erat
2376 4268 2515 4338 apud
2539 4267 2729 4330 Deum,
2753 4273 2800 4318 et
2825 4262 2968 4316 Deus
2997 4267 3126 4314 erat.
3149 4257 3374 4312 Verbum
3394 4257 3462 4309 ⁸⁵.

266 4451 315 4483 ⁸ο
354 4448 514 4506 Joan.
542 4466 584 4516 ι,
625 4449 710 4504 14.
789 4451 833 4482 ⁸¹
870 4448 1107 4522 Philipp.
1140 4450 1346 4513 111.21.
1428 4451 1474 4482 ⁸³
1513 4449 1683 4507 Marc.
1711 4466 1782 4506 vn

1896 4451 1953 4506 Β.
2033 4448 2082 4482 ⁸³
2119 4446 2308 4502 Matth.
2343 4461 2383 4510 ι,
2417 4443 2469 4500 1.
2538 4439 2586 4474 ⁸⁸
2621 4439 2780 4494 Joan.
2817 4454 2857 4503 ι,
2903 4437 2952 4490 1.

268 4613 344 4683 (1)
388 4611 557 4684 Edi_ti,
576 4611 678 4684 τῆς
699 4610 914 4684 φύσεως
935 4609 1240 4684 ἀδιαίρετον
1265 4610 1398 4681 ἔχει.
1433 4611 1539 4667 Sed
1569 4613 1624 4667 in
1652 4612 1777 4684 Seg.

195 4681 355 4742 Gobl.
388 4696 441 4737 et
471 4681 709 4742 Felckm.
746 4684 770 4736 1
803 4681 955 4752 deest
987 4681 1312 4752 ἀδιαίρετον.

271 4755 348 4825 (2)
392 4752 782 4825 seguerianus,
814 4750 1252 4825 Θεολογούμενος.

269 4819 346 4897 (5)
393 4819 1024 4900 Τῇίὸμοορσίῳ-σᾳρκί.
1045 4819 1136 4900 Sic
1153 4820 1304 4900 Seg.2
1321 4828 1376 4874 et
1393 4821 1466 4874 ita
1483 4821 1612 4900 legit
1637 4819 1782 4900 Nan—

195 4891 348 4951 nius".
380 4893 451 4947 At
490 4891 547 4946 in
590 4893 753 4947 editis
802 4893 1018 4962 legitur,
1051 4893 1117 4962 τῇ
1155 4891 1252 4944 τοῦ
1278 4891 1563 4962 όμοουσίου
1597 4892 1783 4964 σαρκί,

198 4967 386 5021 minus
420 4972 584 5018 recte.
1284 4981 1288 4986 -

272 5036 350 5106 (4)
393 5033 536 5106 stag.
559 5032 730 5106 δώῃ,
747 5039 805 5106 et
828 5030 1064 5106 Felckm.
1101 5031 1154 5095 1,
1173 5030 1468 5106 χόμοούῃον
1495 5030 1781 5106 γεγονέναι

196 5101 351 5175 (Ség.
384 5101 618 5174 γέγονε).
645 5101 768 5166 Πῶς
790 5101 1005 5171 ἐγένετο
1026 5101 1341 5173 ὀμοούσιοςς
1365 5101 1591 5168 Εἴπατε,
1620 5110 1676 5156 ει
1707 5101 1782 5156 ita

199 5176 330 5231 leait
357 5173 624 5229 Nannius.

219 5186 330 5247 egit
358 5186 624 5247 Nannius2

271 5241 350 5316 (5)
394 5244 519 5299 Hac
545 5244 711 5316 refert
731 5243 977 5316 Joannes
1005 5241 1315 5316 Maxentius
1334 5243 1401 5316 in
1421 5258 1519 5298 sua
1528 5243 1609 5316 _de
1626 5241 1783 5316 Chri-

199 5313 290 5374 sto
331 5315 692 5386 professione,
728 5316 830 5370 sub
864 5313 1437 5386 initium,_his'v‘erbis
1474 5330 1488 5367 :
1519 5313 1781 5386 Beatissis

201 5404 288 5442 mo
319 5381 502 5452 s'imul,
524 5397 679 5457 atque
705 5387 1018 5457 doctissimo,
1035 5383 1326 5457 Athanasio
1348 5383 1552 5438 dicente
1566 5399 1586 5439 :
1615 5401 1634 5436 ι
1653 5381 1785 5457 Ver-

201 5460 325 5513 bum
356 5473 501 5522 caro,
531 5475 551 5507 ›
581 5452 682 5511 non
732 5473 856 5510 caro
901 5454 1121 5508 Verbum
1177 5471 1196 5503 ι
1227 5453 1428 5522 factum
1465 5463 1564 5508 est.
1593 5471 1614 5507 ι
1653 5452 1784 5509 Ver—

201 5534 326 5582 bum
356 5537 536 5581 autem
551 5543 674 5581 caro
711 5528 911 5596 factum
939 5526 1152 5596 dicitur,
1181 5525 1307 5592 quia
1343 5523 1498 5596 Verbi
1524 5525 1670 5596 [acta
1708 5532 1786 5596 est

199 5615 346 5660 caro,
379 5607 426 5652 et
449 5613 553 5651 non
571 5593 800 5666 alicujus
822 5596 1049 5650 hominis
1073 5610 1092 5648 :
1115 5593 1211 5647 hoc
1234 5603 1334 5658 est,
1359 5593 1500 5649 Deus
1525 5593 1683 5648 homo
1703 5594 1788 5663 fa-

199 5681 316 5721 ctus
345 5679 444 5725 est.
465 5679 513 5722 et
537 5668 735 5721 dicitur
756 5683 902 5730 caro,
939 5683 1001 5719 ne
1024 5666 1348 5733 pratereatis
1373 5666 1550 5718 carnis
1577 5675 1804 5718 nomen.‘

206 5738 314 5793 Cur
338 5755 462 5810 ergo
497 5753 598 5792 non
631 5739 815 5808 sufﬁcit
843 5739 988 5792 nobis
1030 5735 1294 5791 naturalis
1335 5735 1501 5789 unitio
1543 5734 1692 5789 Verbi
1718 5735 1785 5787 ad

1882 4612 2152 4683 propriam
2185 4615 2496 4683 carnem,“
2519 4607 2646 4676 quia
2678 4602 2816 4683 Deus
2847 4601 3002 4656 homo
3035 4601 3206 4670 factus
3233 4608 3331 4653 est.
3354 4595 3467 4652 Νυ·

1887 4673 2148 4750 ἰε,ἠοὺὶε
2185 4678 2475 4750 irrepsisse
2511 4673 2608 4750 pro
2637 4673 2799 4729 vobis.

1958 4750 2034 4824 (6)
2066 4751 2137 4824 '_H_
2154 4739 2315 4817 σὰρξ
2336 4739 2526 4824 Λόγοκς
2549 4745 2793 4824 ετρητιιι.
2825 4739 2918 4824 Sic
2950 4740 3100 4804 editi,
3131 4739 3353 4794 omissis
3381 4739 3466 4792 in-

1888 4813 2201 4890 terpositis,
2222 4813 2866 4890 quat-e1_t'_Seg.‘_m_utuati
2895 4826 3111 4890 sumus.

1959 4875 2035 4961 ('7)
2078 4888 2136 4961 In
2332 4885 2491 4961 Gobl.
2527 4875 2583 4940 et
2612 4881 2940 4961 Felck_tn.nl,
2969 4877 3259 4961 ἀσυγχύτερ
3291 4875 3461 4961 deest.

1889 4948 2036 5023 Mox;
2074 4948 2571 5028 αὐτοῦ’γενομένην
2596 4955 2748 5009 deest
2771 4952 2825 5006 in
2854 4950 2978 5028 Seg.
3008 4949 3067 5004 in
3092 4948 3251 5028 (ἔρως
3281 4955 3462 5000 autem

1889 4967 2036 5023 Mox,
2074 4967 2239 5016 αὐτου
2271 4967 2571 5028 γενομένην
2596 4967 2748 5009 αεεει
2771 4968 2825 5006 tn
2854 4967 2978 5074 δεέ.
3008 4967 3067 5004 ιη
3095 4967 3251 5004 boui.
3281 4967 3462 5000 autem

1888 5041 1944 5085 et
1975 5028 2215 5085 Felckm.
2250 5028 2274 5081 1
2312 5027 2466 5082 deest
2498 5035 2713 5080 tantum
2753 5037 2922 5091 γενομ
2954 5037 3074 5091 νην.
3112 5017 3283 5072 Paulo
3318 5028 3462 5087 p05t,

1891 5099 2017 5157 Sea.
2051 5097 2292 5154 ἀκούειν.

1980 5155 2168 5241 8)-Είς
2216 5164 2772 5241 τὸῌγενέσθαιλιεεει
2823 5159 3081 5241 in_Gobl.
3138 5155 3462 5241 [λύομαι-1,

1889 5227 2029 5312 δεξςί
2041 5227 2172 5295 Post
2207 5227 2488 5312 μέλλοντος
2511 5233 2706 5297 αἰῶνος
2734 5231 3252 5312 nquaadar_n_deer'ant
3269 5229 3324 5312 in
3349 5227 3466 5312 edi-

1885 5296 2122 5381 tisfquaa
2146 5296 2398 5381 mutuati
2407 5296 2606 5381 sumus
2635 5296 2703 5360 ex
2733 5296 2856 5373 ερὲς.
2879 5301 3037 5358 Gobl.
3062 5308 3118 5355 et
3143 5296 3381 5353 Felckm.
3409 5297 3463 5361 1,

1894 5376 2071 5452 usque
2103 5381 2172 5452 ad
2201 5380 2295 5452 καί
2327 5381 2356 5432 ό
2381 5376 2606 5452 Κύριος.

1963 5435 2241 5522 (Querar.
2265 5449 2419 5522 deest
2448 5435 2502 5502 iii
2530 5435 2654 5516 Seg.
2677 5442 2812 5522 Mox
2843 5443 2984 5522 idem
3026 5442 3186 5522 habet
3206 5435 3466 5522 ⁸δειιιεειηιε

1893 5505 2129 5586 ζώῊων.
2147 5505 2204 5576 lit
2232 5520 2421 5574 eodem
2445 5505 2688 5586 moxiiai
2707 5515 3010 5586 deestante
3029 5509 3163 5586 Θεὸν
3195 5505 3464 5586 ἀληθινόν.

1893 5575 2038 5647 infra
2079 5575 2232 5657 editi,
2263 5590 2374 5645 Καὶ
2403 5587 2540 5651 πῶς.
2574 5585 2678 5642 Sed
2706 5583 2990 5657 xa§_abest
3013 5595 3044 5635 a
3073 5580 3196 5650 Seg.
3245 5575 3486 5638 G'ohlef.,_

1895 5661 2135 5718 Fclckm.
2167 5652 2229 5728 l,
2251 5676 2347 5715 nec
2379 5659 2578 5714 lectum
2611 5665 2694 5710 est
2723 5671 2752 5708 a
2779 5652 3014 5710 Nannio.
