3810 6228
328 254 461 314 1111

929 259 986 314 S.
1025 257 1399 314 ATHANASII
1435 257 1586 314 OPP.
1628 257 1810 314 PARS
1849 259 1890 312 Ι.
1929 284 2002 298 -
2040 253 2413 311 1118Το111οΛ
2452 256 2539 312 ΕΤ
2577 251 3000 313 DOGMATlCA.

3432 248 3614 305 1112

329 375 568 434 Verbum
600 388 804 444 autem,
841 386 897 434 et
923 377 1092 432 Deum
1128 387 1183 433 et
1210 377 1381 432 illium
1412 377 1578 432 David
1605 417 1620 442 ,
1670 378 1714 433 si
1761 377 1889 432 divi-

2029 393 2082 432 ον
2111 376 2167 430 δὲ
2197 377 2290 430 καὶ
2322 378 2454 432 Θεὸν
2481 377 2594 448 (10)
2623 379 2718 431 καὶ
2750 376 2864 430 υἱὸν
2897 372 3062 427 Δαόὶδ
3095 373 3144 426 εί
3187 372 3330 427 κατά
3361 373 3610 444 διαιρε-

329 469 434 524 sim
467 469 814 525 considerare
857 468 1140 524 volueritis
1172 511 1188 535 ,
1236 467 1344 523 duo
1385 482 1454 522 ex
1492 477 1672 523 mente
1718 476 1898 522 vestra

329 562 474 618 dicta
507 561 738 629 fuerint;
785 561 870 618 sin
915 578 946 617 a
979 561 1181 616 divinis
1206 561 1384 616 edocti
1429 561 1747 631 Scripturis,
1781 575 1899 615 cre-

329 652 576 709 dideritis
610 652 844 708 Verbum
893 668 1016 708 cum
1054 651 1196 708 Deus
1245 659 1411 718 esset,
1446 652 1615 706 ﬁlium
1663 651 1900 707 hominis

331 743 535 800 factum
565 760 716 809 esse;
751 745 1059 815 agnoscetis
1087 744 1346 814 quoniam
1379 759 1523 798 unus
1551 743 1900 798 estChristus

330 847 386 890 et
413 834 576 899 Deus,
607 836 700 904 qui
736 844 789 890 et
816 837 932 905 ipse
962 837 1128 892 homo
1159 845 1274 899 est;
1315 843 1375 889 ut
1412 836 1610 904 duplex
1640 835 1900 903 praedica—

332 925 407 980 tio
443 924 562 994 ejus
596 926 861 982 adventus
888 925 1046 980 facile
1071 924 1398 994 persuadere
1427 934 1610 994 posset
1637 924 1754 994 ejus
1779 938 1896 992 pas-

329 1016 538 1072 sionem
600 1024 653 1070 et
684 1016 1200 1085 impassibilitatem.
1247 1015 1320 1071 Ut
1354 1031 1476 1071 cum
1505 1015 1639 1069 dicit
1665 1015 1900 1085 Aposto-

328 1109 450 1163 lus:
491 1106 663 1162 Homo
710 1108 952 1161 Christus
985 1107 1142 1161 Jesus
1172 1147 1187 1171 ,
1244 1109 1336 1175 qui
1388 1107 1530 1160 dedit
1567 1107 1900 1176 semetipsum

329 1201 736 1265 redemptionem
764 1217 859 1267 pro
889 1201 1056 1262 ηηὺἱς,
1101 1199 1190 1268 qui
1236 1208 1313 1252 est
1361 1215 1516 1267 super
1548 1199 1726 1251 omnia
1760 1196 1900 1250 Deus

330 1293 633 1348 benedictus
667 1293 721 1345 in
770 1292 984 1345 swcula.
1013 1291 1176 1344 Amen
1210 1291 1278 1342 δ’.
1323 1289 1388 1344 Ει
1430 1291 1498 1344 ad
1551 1289 1898 1344 Timotheum

328 1381 578 1437 scribens
603 1381 676 1433 ait
703 1399 716 1432 :
756 1380 956 1434 Memor
977 1392 1087 1434 esto
1121 1381 1404 1434 Dominum
1428 1381 1610 1435 Iesum
1632 1381 1899 1438 Christum

329 1488 395 1526 ea:
433 1473 628 1527 semine
661 1471 829 1526 David
883 1474 1229 1527 resurrexisse
1257 1491 1287 1524 a
1314 1474 1536 1526 mortuis
1565 1473 1629 1527 ".
1676 1471 1741 1526 Et
1785 1473 1902 1542 ipse

330 1566 528 1619 iterum
579 1565 792 1634 inquit:
827 1563 1051 1617 Mortem
1082 1565 1194 1632 ejus
1225 1563 1602 1618 annuntiamus
1634 1563 1796 1618 donec
1818 1580 1902 1619 ve-

333 1657 446 1708 niat
479 1657 544 1708 ⁸⁷.

2005 485 2090 521 σιν
2137 468 2388 539 βούλεσθε
2433 471 2692 543 θεωρεῖν,
2725 469 2819 522 δύο
2852 466 2973 521 καθ’
3005 467 3146 536 ὑμᾶς
3194 465 3261 520 ἂν
3295 466 3570 534 λέγοιντο
3593 481 3611 494 ·

2002 562 2050 614 εί
2085 561 2140 613 δὲ
2180 561 2482 614 πιστεύοιτε
2506 605 2519 623 ,
2546 561 2919 632 διδασκόμενοι
2958 558 3066 612 ἀπὸ
3099 557 3206 610 τῶν
3244 557 3406 610 θείων
3440 558 3616 628 Γρα-

2003 653 2150 724 φῶν,
2181 655 2262 707 ὅτι
2296 654 2429 718 Θεὸς
2459 653 2534 708 ὣν
2575 657 2603 707 6
2649 653 2818 722 Λόγος
2860 651 2975 716 υίὸς
3021 650 3308 722 ἀνθρώπου
3353 649 3608 717 γέγονε,

2001 748 2296 818 γνώσεσθε,
2326 749 2408 801 ὃτι
2434 743 2512 811 εἷς
2543 748 2691 800 ἐστιν
2718 749 2747 800 6
2776 745 3030 816 Χριστὸς,
3057 745 3152 796 καὶ
3197 743 3328 805 Θεὸς
3364 743 3461 794 καὶ
3489 741 3609 792 ἄν-

2003 840 2217 912 θρωπος
2239 841 2268 893 6
2291 841 2452 903 αὐτός
2476 858 2489 871 ·
2518 841 2605 893 ἵνα
2630 839 2690 891 τὸ
2717 836 2940 891 διπλοῦν
2977 837 3240 906 κήρυγμα
3272 835 3374 903 τῆς
3406 831 3600 887 αὑτοῦ

2003 933 2300 1003 ἐπιδημίας
2328 932 2438 1002 (11)
2482 931 2864 984 εὑαπόδεικτον
2893 928 2991 998 ἔχῃ
3021 926 3120 998 τὴν
3155 926 3456 996 πεισμονὴν
3485 924 3604 976 τοῦ

2001 1039 2061 1076 τε
2092 1023 2297 1086 πάθους
2328 1023 2424 1075 καὶ
2455 1022 2551 1092 τῆς
2575 1020 2864 1082 ἀπαθείας.
2903 1019 2989 1081 Ὠς
3016 1017 3142 1070 ὅταν
3171 1017 3320 1084 λέγει
3351 1017 3380 1068 6
3427 1015 3605 1066 Ἀπό-

2005 1115 2190 1178 στολος
2217 1132 2228 1144 ·
2266 1117 2598 1182 Ἀνθρωπος
2632 1111 2886 1180 Χριστὸς
2926 1107 3184 1176 Ἰησοῦς,
3214 1109 3247 1160 ὁ
3275 1106 3423 1171 δοὺς
3445 1107 3604 1158 ἐαυ-

2003 1206 2110 1260 τὸν
2129 1207 2488 1274 ἀντίλυτρον
2516 1204 2625 1273 (12)
2649 1202 2799 1271 ὑπὲρ
2821 1199 3010 1270 ἡμῶν,
3051 1202 3084 1253 ό
3108 1199 3192 1252 ὢν
3213 1197 3313 1251 ἐπὶ
3337 1197 3602 1250 πάντων

2007 1297 2151 1362 Θεὸς
2181 1295 2505 1365 εὐλογητὸς
2537 1297 2625 1360 είς
2664 1294 2805 1359 τοὺς
2837 1290 3074 1355 αἰῶνας.
3118 1288 3313 1358 Ἀμήν.
3346 1289 3459 1342 Καὶ
3491 1289 3598 1340 Τι-

2008 1387 2185 1460 μοθέῳ
2220 1387 2275 1440 δὲ
2304 1387 2527 1456 γράφων
2566 1385 2737 1451 ἔλεγε·
2780 1383 3132 1450 Μνημόνευε
3171 1380 3430 1447 Χριστὸν
3481 1381 3599 1446 Ἰη-

2005 1477 2163 1531 σοῦν
2189 1475 2586 1546 ἐγηγερμένον·
2621 1474 2688 1526 ἐκ
2735 1470 2965 1540 νεκρῶν
2996 1471 3064 1524 ἐκ
3110 1469 3452 1538 σπέρματος
3483 1472 3597 1521 Δα-

2007 1569 2100 1621 ϐἰὸ
2123 1585 2135 1597 ·
2169 1568 2264 1619 καὶ
2291 1567 2319 1618 ὁ
2345 1565 2507 1628 αὐτὸς
2545 1564 2601 1616 δὲ
2627 1563 2789 1616 πάλιν
2817 1562 2945 1632 (15)·
2981 1560 3090 1614 Τὸν
3113 1559 3373 1615 θάνατον
3396 1561 3595 1614 αὐτοῦ

2007 1657 2510 1726 καταγγέλλομεν,
2546 1655 2718 1725 ἄχρις
2743 1649 2814 1709 οὗ
2847 1653 3014 1721 ἔλθῃ.

407 1742 491 1795 11.
545 1741 600 1796 Si
638 1743 803 1814 igitur
854 1759 924 1799 ex
971 1742 1318 1799 confessione
1381 1743 1900 1810 consubstantialis,

2078 1749 2163 1801 11.
2206 1749 2268 1801 Εἰ
2294 1742 2386 1801 οὖν
2425 1749 2489 1799 ἐκ
2521 1746 2618 1817 τῆς
2651 1745 2942 1814 ὁμολογίας
2967 1742 3060 1797 τοῦ
3094 1745 3380 1815 ὁμοουσίου
3430 1748 3594 1799 ἀναι-

333 1835 518 1889 carnis
549 1851 745 1890 nomen
775 1835 840 1890 de
871 1835 1050 1890 medio
1083 1835 1293 1902 tollitis,
1341 1843 1395 1890 et
1421 1836 1746 1890 sententiam
1781 1851 1904 1906 qua:

332 1927 464 1983 dicit
518 1925 798 1981 Christum
835 1942 955 1982 esse
1000 1928 1310 1993 hominem;
1365 1934 1459 1981 aut
1506 1944 1613 1984 non
1671 1928 1904 1997 amplius

333 2029 565 2075 mortem
616 2017 736 2088 ejus
793 2019 1130 2074 annuntiatis
1175 2020 1349 2076 donec
1398 2018 1603 2086 veniat,
1649 2019 1902 2090 atquein

332 2110 439 2168 hoc
474 2109 784 2180 Scripturas
813 2112 1085 2182 abrogatis
1125 2131 1137 2166 :
1191 2121 1286 2168 aut
1327 2112 1455 2168 licet
1487 2121 1717 2168 mortem
1770 2127 1904 2166 con-

333 2202 709 2258 substantialis
730 2201 879 2257 Patri
920 2211 974 2257 et
1015 2201 1243 2272 Spiritui
1296 2213 1486 2260 sancto
1541 2202 1901 2268 annuntietis,

331 2293 380 2350 si
409 2309 517 2349 non
548 2294 916 2349 conﬁteamini
941 2309 1067 2349 eum
1091 2310 1256 2349 carne
1286 2311 1510 2364 passum
1537 2310 1678 2360 esse,
1725 2295 1903 2364 ipsam

334 2381 513 2438 Patris
543 2395 597 2439 et
630 2382 867 2454 Spiritus
913 2385 1086 2440 sancti
1123 2385 1378 2440 deitatem
1428 2401 1679 2456 capacem
1710 2383 1904 2440 mortis

332 2492 454 2532 esse
488 2476 715 2532 dicetis:
755 2493 820 2532 ac
870 2477 1118 2532 omnium
1170 2477 1548 2532 haereticorum
1593 2477 1903 2547 impiissimi

333 2569 493 2642 743
538 2570 812 2625 evasistis.
856 2569 1002 2624 Mors
1046 2570 1245 2639 quippe
1291 2569 1508 2635 carnis,
1542 2569 1905 2624 consubstan-

332 2661 479 2715 tialis
511 2659 670 2716 Verbi
707 2677 856 2716 mors
889 2660 1011 2715 fuit.
1045 2659 1230 2730 Neque
1283 2661 1428 2714 enim
1474 2659 1634 2714 Pater
1682 2675 1900 2715 carnem

332 2750 583 2819 gestavit,
616 2766 792 2814 neque
823 2749 1060 2821 Spiritus
1093 2760 1336 2816 sanctus,
1375 2759 1433 2804 ut
1463 2750 1627 2820 impie
1658 2751 1904 2805 somnia.

333 2847 462 2893 runt
499 2838 895 2906 Valentiniani;
929 2841 1023 2897 sed
1068 2838 1287 2895 Verbum
1321 2857 1445 2894 caro
1486 2841 1687 2909 factum
1721 2850 1798 2893 est
1833 2841 1900 2894 ⁵⁸.

334 2927 458 2982 Ideo
481 2944 601 2992 nos,
633 2929 763 2984 dum
796 2931 1120 2985 conﬁtemur
1152 2929 1322 2985 Deum
1348 2940 1402 2986 et
1437 2931 1713 2987 hominem
1746 2931 1906 2986 Chri-

333 3027 477 3074 stum
503 3034 646 3083 esse,
682 3035 1026 3092 nequaquam
1058 3021 1342 3077 divisionis
1383 3038 1548 3077 causa
1596 3023 1712 3078 haec
1767 3023 1905 3078 dici-

331 3127 478 3176 mus,
513 3110 692 3178 absit;
729 3111 822 3167 sed
853 3125 962 3183 quo
989 3109 1288 3182 Scripturis
1319 3112 1757 3182 obtemperemus
1783 3131 1796 3166 :
1843 3121 1904 3168 ut
1929 3093 1972 3153 α

333 3203 590 3272 passione
622 3203 742 3272 ejus
773 3219 899 3258 vero
927 3211 1045 3259 acta
1069 3212 1123 3258 et
1150 3205 1476 3260 annuntiata
1501 3205 1672 3260 donec
1698 3206 1900 3275 veniat;

335 3294 390 3348 in
417 3309 579 3348 carne
610 3295 828 3365 quidem
857 3293 1040 3360 Verbi,
1067 3295 1381 3366 passionem
1420 3307 1472 3352 et
1507 3307 1740 3352 mortem
1773 3313 1906 3352 con-

334 3383 634 3452 ﬂteamur;
697 3385 874 3455 ipsum
935 3394 1117 3442 tamen
1161 3385 1403 3442 Verbum
1466 3388 1804 3444 immutabile
1847 3397 1903 3444 et

335 3471 656 3528 invariabile
699 3475 1028 3531 credamus:
1066 3475 1214 3547 quod
1249 3476 1392 3532 idem
1450 3477 1628 3547 ipsum
1676 3494 1899 3548 passum

333 3574 436 3628 est,
471 3575 525 3620 et
571 3579 679 3620 non
735 3581 982 3635 passum,
1030 3567 1288 3638 quodque
1330 3567 1517 3624 divina
1555 3570 1773 3640 quidem
1806 3587 1904 3626 na-

335 3666 456 3712 tura
506 3658 877 3727 impassibile,
919 3659 1261 3714 immutabile
1313 3669 1368 3714 et
1417 3660 1739 3716 invariabile
1771 3671 1901 3717 est:

333 3763 500 3803 carne
529 3757 707 3804 tamen
741 3765 961 3819 passum
1001 3758 1104 3814 est,
1137 3760 1196 3804 ut
1238 3751 1376 3806 dixit
1415 3751 1631 3820 Petrus,
1666 3761 1719 3808 et
1755 3770 1903 3809 mor-

337 3848 441 3893 tem
475 3849 696 3910 gustare
723 3841 927 3896 voluit:
965 3842 1096 3912 quia
1128 3841 1307 3898 factus
1357 3852 1442 3898 est
1496 3845 1758 3898 mediator
1808 3845 1904 3900 Dei

333 3940 381 3984 et
408 3929 699 3997 hominum,
732 3933 884 3988 homo
922 3931 1204 4000 Christus,
1253 3937 1342 4007 qui
1387 3935 1532 3991 dedit
1571 3938 1904 4008 semetipsum

336 4023 740 4092 redemptionem
763 4041 860 4094 pro
889 4024 1037 4080 nobis
1066 4025 1148 4095 ⁸⁹;
1175 4035 1228 4081 et
1264 4042 1520 4082 rursum:
1569 4028 1705 4096 Quia
1730 4029 1903 4099 factus

2011 1840 2151 1908 ρεῖτε
2197 1836 2298 1906 τῆς
2333 1836 2533 1907 σαρκὸς
2579 1834 2638 1887 τὸ
2681 1835 2885 1904 ὄνομα,
2921 1834 3015 1888 καὶ
3059 1833 3119 1886 τὸ
3158 1833 3444 1904 ἄνθρωπον
3493 1835 3590 1887 λέ-

2006 1928 2195 1997 γεσθαι
2215 1926 2584 1996 τὸνΧριστόψ
2613 1925 2646 1996 ἢ
2672 1925 2857 1977 οὐκέτι
2884 1925 2974 1976 τὸν
3003 1924 3229 1977 θάνατον
3257 1923 3423 1977 αὑτοῦ
3455 1942 3594 1978 κατ-

2005 2019 2319 2089 αγγέλλετε,
2356 2019 2512 2088 ἄχρις
2549 2011 2608 2070 οὗ
2646 2015 2797 2086 ἔλθῃ,
2836 2016 3182 2086 ἀναιροῦντες
3211 2019 3308 2078 τάς
3338 2016 3587 2086 Γραφάς·

2005 2111 2038 2182 ἢ
2073 2112 2162 2164 τὸν
2197 2110 2424 2162 θάνατον
2459 2108 2916 2175 καταγγέλλοντες
2942 2107 3063 2160 καθ’
3091 2108 3235 2175 ὑμᾶς
3263 2107 3356 2159 τοῦ
3389 2111 3590 2178 ὁμοου-

2007 2205 2122 2257 σίου
2160 2202 2270 2273 (14)
2305 2201 2398 2254 τοῦ
2428 2201 2641 2271 Πατρὸς
2677 2201 2768 2252 καὶ
2806 2198 2898 2252 τοῦ
2944 2200 3101 2267 ἁγίου
3129 2199 3476 2268 [Ινεύματοςο
3510 2199 3590 2270 μὴ

2004 2291 2394 2366 ὁμολογοῦντες
2426 2291 2589 2361 σαρκὶ
2624 2289 2949 2342 πεπονθέναι
2977 2289 3066 2342 τὸν
3091 2289 3347 2359 Χριστὸν,
3376 2289 3471 2342 καὶ
3493 2291 3594 2343 αύ-

2003 2386 2102 2455 τὴν
2130 2383 2225 2437 τοῦ
2253 2382 2465 2453 Πατρὸς
2490 2381 2588 2452 τὴν
2629 2380 2856 2449 θεότητα
2884 2380 2978 2433 καὶ
3005 2379 3098 2433 τοῦ
3127 2380 3284 2448 ἁγίου
3328 2379 3591 2450 Πνεύμα-

2002 2494 2095 2540 τος
2129 2477 2305 2545 ἐρεῖτε
2339 2472 2591 2544 δεκτικὴν
2615 2467 2752 2525 εἶναι
2779 2470 3008 2524 θανάτου
3030 2489 3043 2501 ο
3072 2471 3164 2524 καὶ
3190 2471 3448 2540 γεγόνατε
3471 2473 3592 2542 (13)

2004 2565 2352 2636 ἀσεϐέστεροι
2380 2565 2597 2618 πάντων
2629 2563 2736 2615 τῶν
2769 2562 3082 2634 αἱρετικῶν.
3128 2563 3188 2613 ’0
3217 2562 3324 2634 γὰρ
3357 2563 3594 2628 θάνατος

2003 2658 2104 2729 τῆς
2127 2658 2358 2730 σαρκὸς,
2385 2656 2574 2726 γέγονε
2599 2654 2692 2708 τοῦ
2718 2653 3003 2724 ὀμοουσίου
3033 2653 3229 2722 Λόγου.
3260 2653 3392 2707 Οὐδὲ
3423 2654 3534 2726 γὰρ
3563 2658 3598 2708 ὀ

2005 2751 2196 2822 Πατὴρ
2227 2751 2404 2821 σάρκα
2438 2748 2720 2819 ἐφόρεσεν,
2755 2745 2874 2800 οὐδὲ
2903 2745 2964 2798 τὸ
2987 2745 3140 2813 ἅγιον
3160 2744 3402 2816 Πνεῦμα,
3432 2747 3508 2808 ὠς
3539 2747 3594 2799 οἱ

2006 2844 2146 2896 κατὰ
2184 2840 2537 2896 Οὐαλεντῖνον
2589 2837 2913 2901 ἀσεϐοῦντες
2959 2837 3358 2907 φαντάζονταιο
3395 2837 3508 2890 ἀλλ’
3559 2841 3598 2892 ὁ

2005 2937 2194 3004 Λόγος
2228 2933 2384 3002 σὰρξ
2413 2933 2672 3003 ἐγένετο.
2702 2931 2792 2983 Διὸ
2820 2932 3002 3001 ἡμεῖς,
3038 2930 3425 3000 ὁμολογοῦντες
3451 2929 3598 2982 Θεὸν

2006 3027 2100 3080 καὶ
2139 3025 2420 3096 ἄνθρωπον
2469 3023 2562 3078 τὸν
2603 3021 2871 3094 Χριστὸν,
2925 3022 2984 3074 οὐ
3034 3020 3351 3092 διαιρέσεως
3399 3020 3598 3075 ἕνεκεν

2003 3118 2176 3172 ταῦτα
2208 3119 2474 3189 λέγομεν,
2525 3118 2602 3190 μὴ
2641 3115 2885 3186 γένοιτοί
2939 3113 3075 3168 ἀλλά
3114 3115 3274 3168 πάλιν
3315 3113 3456 3168 κατὰ
3487 3113 3598 3180 τὰς

2005 3211 2249 3283 Γραφάς,
2284 3210 2369 3262 ἵνα
2397 3208 2602 3272 πάθους
2635 3207 2728 3262 καὶ
2755 3205 2986 3274 θανάτου
3007 3204 3302 3276 γενομένου
3333 3205 3427 3258 καὶ
3455 3222 3597 3258 κατ-

2006 3300 2440 3371 αγγελλομένου,
2489 3299 2650 3372 ἄχρις
2699 3291 2760 3351 οὗ
2807 3293 2937 3368 ἔλθῃ
2995 3294 3130 3368 (16),
3184 3295 3276 3347 ἐπὶ
3317 3295 3414 3364 μὲν
3489 3294 3600 3365 τῆς

2009 3393 2208 3464 σαρκὸς
2243 3390 2337 3444 τοῦ
2374 3390 2547 3460 Λόγου
2581 3389 2644 3444 τὸ
2676 3387 2848 3453 πάθος
2893 3385 3103 3441 καὶτὸν
3135 3387 3366 3441 θάνατον
3393 3387 3596 3456 ὀμολο-
3643 3377 3648 3385 ’

2003 3483 2223 3555 γῶμεν,
2287 3483 2452 3538 αὐτὸν
2494 3482 2552 3536 δὲ
2586 3482 2678 3535 τὸν
2711 3481 2914 3549 Λόγον,
2963 3479 3231 3551 ἄτρεπτον
3284 3479 3378 3531 καὶ
3428 3478 3600 3531 ἀναλ-

2005 3576 2224 3630 λοίωτον
2265 3573 2634 3644 πιστεύωμεν.
2669 3572 2762 3626 Διὸ
2811 3569 2976 3634 αὐτός
3011 3571 3158 3622 ἐστιν
3198 3571 3226 3622 6
3270 3567 3460 3622 παθὼν
3495 3569 3600 3622 καὶ

2011 3665 2085 3736 μὴ
2117 3662 2303 3718 παθών
2323 3678 2336 3690 ο
2364 3664 2428 3733 τῇ
2459 3663 2554 3732 μὲν
2582 3661 2737 3732 θεῖκῇ
2769 3659 2928 3730 φύσει
2958 3658 3173 3730 ἀπαθὴς
3201 3660 3296 3712 καὶ
3321 3657 3599 3730 ἄτρεπτος

2009 3756 2101 3807 καὶ
2133 3751 2484 3816 ἀναλλοίωτος
2522 3750 2626 3817 ὢν,
2658 3754 2724 3823 τῇ
2761 3751 2817 3804 δὲ
2863 3751 3026 3821 σαρκὶ
3064 3750 3272 3814 παθὼν,
3318 3751 3394 3815 ὼς
3436 3746 3599 3802 εἶπεν

2009 3849 2038 3900 ὁ
2080 3846 2303 3918 Πέτρος,
2333 3844 2425 3897 καὶ
2454 3843 2682 3898 θανάτου
2715 3843 3012 3914 γεύσασθαι
3045 3843 3276 3913 θελήσας
3315 3842 3424 3914 (17)
3448 3860 3460 3872 ·
3507 3843 3596 3894 ὅτι

2011 3938 2200 4006 γέγονε
2241 3937 2496 4005 μεσίτης
2535 3935 2684 3990 Θεοῦ
2731 3935 2828 3990 καὶ
2881 3932 3237 4004 ἀνθρώπων,
3279 3933 3597 4001 ἅνθρωπος

2011 4028 2283 4098 Χριστὸς,
2308 4032 2340 4082 ό
2368 4027 2513 4095 δοὺς
2549 4027 2767 4082 ἑαυτὸν
2793 4027 3151 4097 ἀντίλυτρον
3190 4025 3342 4094 ὑπὲρ
3384 4023 3554 4095 ἡμῶν
3574 4041 3591 4054 ·

403 4250 450 4284 ⁸⁸
491 4246 511 4300 l
543 4243 685 4300 Tim.
719 4263 780 4313 ιι,
809 4249 873 4315 6;
912 4247 957 4304 ll
989 4248 1119 4305 Cor.
1153 4264 1241 4315 ιι,
1268 4250 1359 4304 51.
1440 4251 1487 4283 ⁸⁸
1521 4249 1565 4303 ll
1596 4249 1737 4304 Tim.
1770 4267 1831 4318 ιι,
1856 4251 1901 4306 8.

2071 4251 2090 4304 l
2123 4251 2250 4306 Cor.
2282 4267 2359 4319 ιι,
2386 4250 2478 4306 26.
2553 4253 2602 4285 ⁵⁸
2633 4249 2791 4308 Joan.
2824 4269 2862 4317 ι,
2898 4251 2985 4307 ﬂ.
3062 4252 3106 4284 “
3147 4249 3164 4304 1
3200 4249 3346 4306 Tim.
3375 4266 3439 4314 ιι,
3470 4249 3527 4305 5.

410 4543 524 4617 (io)
563 4543 654 4617 Sic
683 4541 996 4617 seguGobl.
1026 4549 1078 4596 et
1110 4539 1350 4617 Felcltm.
1382 4542 1435 4598 1.
1456 4541 1601 4617 Editi
1629 4557 1779 4617 vero,
1804 4544 1904 4596 A6-
1936 4551 1981 4606 ῐ)

339 4611 438 4685 γον
466 4614 523 4668 δὲ
555 4614 704 4668 Θεόν.
723 4611 883 4685 inira
910 4611 1035 4685 Seg.
1075 4611 1451 4668 πιστεύοιτε...
1481 4613 1609 4667 ἀπό.
1638 4613 1744 4667 Alii
1779 4629 1902 4668 cum

333 4682 519 4749 editis,
546 4683 896 4738 πιστεύετε...
933 4682 1057 4736 ὑπό.

406 4755 518 4826 (11)
560 4753 660 4826 ξὶο
686 4768 876 4826 omnes
901 4753 1012 4826 fere
1037 4753 1416 4826 manuscripti.
1437 4751 1587 4826 ΔΕ(ιίιί
1611 4754 1908 4826 νειομὶπο-

335 4821 556 4893 δημίας.
589 4822 723 4877 Ibid.
766 4822 890 4890 Seg.
917 4821 1074 4893 Gobl.
1098 4833 1147 4893 et
1170 4821 1408 4877 Felck’m.
1430 4823 1481 4887 1,
1500 4823 1903 4878 εὐαπόδεικτον.

337 4891 502 4956 Edili,
534 4893 914 4964 εύαπόδεκτον.
950 4891 1097 4964 Μοτ
1125 4891 1250 4964 ch.
1282 4893 1440 4964 Gobl.
1471 4903 1524 4948 et
1575 4893 1821 4964 Felckm.
1851 4895 1904 4958 1,

335 4964 659 5035 πεισμονήν.
689 4962 831 5035 Editi
857 4977 1008 5035 vero,
1039 4962 1220 5016 πίστιν
1250 4962 1437 5035 μόνην,
1475 4965 1752 5019 mendose.
1782 4963 1902 5017 Mox

340 5032 666 5106 Seg.,fOrav
689 5033 824 5106 λέγῃ
854 5032 1038 5106 μόνην,
1063 5032 1342 5106 mendose.

401 5102 522 5230 ί(12)
573 5102 912 5185 Ἀντίλυτρον
937 5102 1087 5183 deest
1110 5102 1310 5184 inSeg.
1337 5102 1492 5185 Gobl.
1520 5113 1568 5157 et
1601 5103 1835 5158 Felckm.
1855 5103 1908 5184 1,

466 5173 768 5229 habeturm
796 5175 936 5230 alus.
965 5187 1018 5226 In
1051 5173 1344 5230 editisque.
1373 5182 1426 5226 et
1458 5190 1510 5226 In
1547 5173 1736 5227 (ἂι-ιιιεο
1762 5173 1908 5227 εει-ι-

339 5171 432 5230 sed
466 5171 768 5229 habeturin
796 5171 936 5236 aliis,
965 5171 1018 5226 in
1051 5171 1344 5241 editisque,
1373 5182 1426 5226 et
1458 5174 1510 5226 in
1547 5173 1736 5227 (ἂι-ιιιεο
1762 5173 1912 5227 Scri-

338 5252 511 5313 ptura:
546 5251 691 5313 textu
721 5262 732 5298 :
763 5241 820 5295 δέ
849 5253 974 5313 post
1005 5241 1254 5313 Τιμοθέῳ
1281 5242 1432 5313 deest
1465 5244 1516 5295 in
1554 5243 1768 5297 iisdem.

409 5314 521 5385 (15)
562 5312 802 5385 δὶς-5ος.
833 5311 990 5367 Gobl.
1009 5322 1067 5385 _et
1091 5311 1327 5366 Feb-km.
1353 5311 1404 5364 1.
1428 5313 1568 5366 Editi
1595 5321 1652 5366 et
1675 5313 1788 5385 alii,
1805 5312 1913 5365 πά-

335 5381 439 5454 λιν,
455 5381 606 5454 φὴσί.
627 5381 746 5435 Mox
760 5381 973 5454 omnes
1005 5383 1430 5454 feremanuscr"
1450 5383 1907 5452 καταγγέλλομεν..

341 5451 1049 5522 Εάἰιί,’καταγγελλόμενος.
1087 5451 1208 5505 Mos
1239 5453 1469 5522 editiet
1511 5454 1729 5522 quidam
1772 5451 1906 5522 mss.

340 5531 400 5591 u_t
432 5525 482 5576 in
518 5532 684 5576 textu.
717 5523 926 5591 Anglic.
969 5537 1116 5585 vero,
1145 5521 1268 5591 Seg.
1298 5521 1453 5576 Gobl.
1486 5531 1540 5576 et
1566 5521 1742 5576 Felck.
1782 5521 1911 5586 1,*’11
1939 5575 1953 5584 _

337 5586 431 5714 :6?
561 5586 838 5662 ὁμολογίᾳῖ
870 5589 1037 5646 Paulo
1070 5586 1637 5662 postheguerianus,
1667 5593 1699 5661 ἢ
1727 5591 1786 5644 τό
1817 5608 1911 5662 pro

381 5678 436 5714 αι
467 5677 542 5713 το.

381 5677 436 5714 αι
467 5677 542 5713 το.

2081 4545 2190 4614 (14)
2229 4543 2419 4608 Basil.,
2462 4545 2920 4614 καταγγέλλοντες
2963 4544 3104 4598 κατὰ
3135 4542 3226 4596 τοῦ
3264 4545 3582 4614 νόμοουσίου.

2015 4615 2238 4683 Seguer.
2272 4616 2490 4671 Gobler.
2519 4625 2573 4669 et
2619 4613 2858 4669 Felckm.
2886 4617 2936 4679 1,
2985 4613 3444 4682 καταγγέλλοντες
3489 4618 3587 4671 τοῦ

2011 4685 2316 4756 όμοουσίου,
2374 4685 2448 4756 μὴ
2501 4685 2905 4755 ὁμολογοῦντες.
2945 4686 3002 4738 In
3059 4683 3250 4738 eodem
3295 4701 3442 4750 mox,
3493 4688 3588 4740 τὸν

2065 4755 2246 4826 ριστόν
2279 4755 2448 4809 deest.

2084 4825 2196 4892 (15)
2235 4823 2312 4879 Ita
2340 4823 2443 4892 Seg

2108 4825 2196 4896 15)
2235 4823 2312 4879 Ita
2340 4823 2562 4894 Seguer.
2595 4825 2752 4880 Gobl.
2788 4833 2842 4879 et
2873 4822 3112 4879 Felckm.
3150 4825 3203 4879 1.
3233 4822 3398 4889 Editi,
3426 4826 3586 4895 γεγό-

2011 4911 2195 5033 ναξῗθ)
2235 4961 2423 5030 Basil.,
2453 4966 2610 5036 ἄχρις
2636 4963 2702 5017 ἂν
2742 4964 2890 5035 ἔλθῃ.
2927 4963 3049 5032 Seg.
3086 4963 3246 5032 paulo
3274 4972 3419 5030 post,
3451 4967 3498 5017 6ο
3526 4984 3585 5018 ο.

2008 5033 2296 5088 λογοῦμεν.
2332 5043 2386 5087 et
2427 5051 2578 5088 mox.
2603 5034 2951 5088 πιστεύομεν.
3000 5033 3223 5088 Ibidem.
3255 5032 3420 5088 Basil.
3458 4983 3582 5088 See.

2009 5032 2296 5104 λογοῦμεν,
2332 5043 2386 5087 et
2427 5032 2578 5095 moi,
2603 5032 2951 5105 πιστεύομεν.
3000 5033 3223 5096 Ibidem,
3255 5032 3420 5088 Basil.
3458 5032 3582 5105 Seg.

2009 5104 2164 5157 Gobl.
2195 5114 2248 5157 et
2278 5103 2421 5158 Felc.
2456 5105 2507 5166 1,
2538 5103 2634 5156 διὸ.
2671 5103 2813 5156 Editi
2865 5114 2918 5158 et
2948 5104 3063 5166 alii,
3095 5102 3249 5156 διότι.
3280 5101 3400 5157 Mox
3445 5105 3582 5170 lucc,

2009 5173 2226 5245 ἀπαθὴς
2243 5174 2371 5245 Δκαί,
2400 5176 2597 5245 desunt
2627 5176 2677 5245 in
2709 5173 2849 5245 δρςᾷ
2867 5174 3003 5245 solo.

2083 5240 2194 5313 (17)
2237 5242 2329 5297 Sic
2373 5240 2955 5314 seg._G0bl.iet'Felc.
2990 5243 3040 5314 1.
3073 5240 3214 5314 Editi
3243 5257 3394 5307 vero,
3417 5245 3454 5314 (ὁ
3477 5243 3584 5314 Πέε-

2011 5309 2183 5398 τροςί
2209 5309 2572 5398 Χριστοῦ⁷οὗν
2612 5313 2887 5398 παθόντος,
2912 5312 3052 5398 ὑπὲρ
3080 5309 3239 5381 ἡμῶν
3275 5313 3458 5382 σαρκὶ,
3489 5313 3585 5366 καὶ

2014 5383 2244 5436 θανάτου
2272 5383 2610 5453 γευσαμένου
2641 5384 2829 5451 σαρκίο
2863 5384 2942 5436 ὅτι
2971 5383 3180 5450 γέγονε,
3202 5398 3322 5452 qua:
3350 5398 3470 5436 Cum
3496 5400 3584 5436 se-

2017 5455 2311 5531 quentibus
2343 5455 2616 5531 cohagrerc
2646 5460 2944 5531 |i_equeilrit_.
2984 5453 3105 5506 ideo
3140 5453 3476 5531 superiorem
3509 5455 3587 5531 le—

2017 5525 2250 5602 ctionem
2275 5523 2640 5602 prmtulimus.
2674 5521 3134 5602 IbidemHSeguer.
3163 5521 3319 5602 Gobl.
3347 5531 3407 5602 ,οι
3436 5521 3580 5602 ἳειρλ

2017 5594 2246 5663 primus,
2272 5593 2354 5644 ὄτι
2386 5593 2574 5660 γέγονε
2620 5592 2840 5661 μεσίτης
2869 5591 3000 5645 θεοῦ
3055 5593 3146 5644 καὶ
3192 5591 3506 5663 ἀνθρώπιον.
3527 5593 3585 5645 '0

2020 5661 2074 5714 δὲ
2111 5664 2355 5732 μεσίτης.
2388 5663 2606 5718 omissis
2635 5663 2824 5718 mediis
