3810 6228
160 293 333 352 1113

1143 293 1422 350 CONTRA
1458 295 1975 354 APOLLINARIUM
2016 299 2218 354 LIBER
2256 297 2537 356 PRIMUS.

3309 295 3449 353 MM

159 412 273 464 καὶ
313 410 476 464 πάλιν
496 428 509 441 ·
547 410 675 463 Ὅτι
706 409 916 479 γέγονε
941 413 1199 480 μεσίτης
1234 414 1382 468 Θεοῦ
1416 413 1514 468 καὶ
1547 412 1759 482 ἀνθρώ-

1875 425 1950 468 est
1980 417 2240 470 mediator
2267 414 2367 469 Dei
2411 424 2460 469 et
2489 414 2780 468 hominum.
2827 411 3092 466 Mediator
3117 427 3252 482 ~vero
3290 413 3448 467 unius

159 523 337 562 πων.
372 509 424 559 '0
446 506 515 559 δὲ
529 506 784 575 μεσίτης
805 506 945 571 ἐνὸς
969 509 1080 560 οὐκ
1105 507 1306 563 ἔστιν’
1333 513 1366 564 ὁ
1393 510 1461 564 δὲ
1484 511 1628 578 Θεὸς
1653 513 1761 587 (18)

156 593 264 666 εἷς
293 600 491 653 ἐστιν.

251 689 351 744 12.
381 691 471 742 Διὸ
500 688 804 742 πλανῶνται
837 689 930 742 καὶ
953 691 1001 742 oi
1031 691 1300 758 λέγοντες,
1329 693 1410 746 ὅτι
1432 692 1587 757 ἄλλος
1617 695 1766 747 ἐστὶν

172 782 200 832 ό
240 779 439 831 παθὼν
475 778 621 842 Υἱὸς,
658 781 751 832 καὶ
780 778 939 842 ἄλλος
973 783 1001 833 ὁ
1039 781 1112 852 μὴ
1147 781 1354 836 παθών.
1395 785 1468 836 υῦ
1511 784 1619 857 γὰρ
1649 785 1766 839 ἓτε-

176 871 280 942 ρὸς
326 873 441 923 ἐστι
476 872 624 942 παρὰ
648 872 740 924 τὸν
764 875 936 942 Λόγον
977 874 1111 945 (19),
1139 877 1168 928 6
1194 875 1286 928 τὸν
1317 875 1552 931 θάνατον
1589 881 1766 934 καὶτὸ

165 962 359 1026 πάθος
388 963 841 1035 ἀναδεδεγμένοςο
870 967 984 1019 ἀλλ’
1014 967 1176 1031 αὐτὸς
1211 971 1240 1022 ό
1267 971 1484 1040 ἀπαθὴς
1525 975 1617 1027 καὶ
1650 973 1762 1046 (20)

161 1055 476 1126 ἀσώματος
508 1057 699 1125 Λόγος,
731 1059 994 1126 γενέσεως
1018 1061 1218 1132 σαρκὸς
1250 1062 1598 1136 ἀνθρωπίνης
1636 1067 1764 1119 άνα-

162 1150 468 1220 σχόμενος,
500 1151 568 1203 τά
599 1152 777 1205 πάντα
797 1151 1176 1222 πεπλήρωκεν,
1200 1155 1288 1208 ἵνα
1323 1155 1422 1230 ἔχῃ
1444 1174 1518 1221 τι,
1539 1158 1568 1211 ὂ
1605 1176 1765 1232 προσ-

159 1241 382 1313 ενέγκῃ
416 1242 555 1312 ὑπὲρ
595 1242 774 1312 ἡμῶν.
812 1243 923 1295 Καὶ
953 1243 1170 1312 λέγεται
1218 1247 1482 1319 κρείττων
1539 1251 1764 1322 γενόμε-

162 1352 262 1398 νος
293 1333 407 1388 τῶν
436 1335 680 1403 ἀγγέλων
716 1335 859 1404 (21)·
886 1337 984 1390 οὐκ
1017 1338 1179 1400 αὐτὸς
1209 1339 1238 1390 ὁ
1271 1339 1502 1412 ποιητὴς
1530 1341 1637 1396 τῶν
1666 1345 1766 1412 ἀγ-

160 1426 357 1495 γέλων
383 1427 555 1494 Λόγος
591 1426 853 1497 κρείττων
889 1428 1129 1496 γέγονεν,
1165 1429 1240 1493 ὡς
1278 1432 1458 1502 ἥττων
1500 1431 1574 1488 ὢν
1608 1451 1761 1499 ποτε,

163 1516 318 1570 ἀλλὰ
359 1520 391 1588 ἡ
445 1518 626 1589 μορφὴ
664 1518 759 1570 τοῦ
799 1518 1006 1582 δούλου,
1055 1521 1122 1592 ἢν
1154 1523 1316 1585 αὐτὸς
1352 1525 1381 1576 6
1419 1525 1591 1594 Λόγος
1635 1525 1762 1579 ἰδιο-

163 1612 450 1680 ποιήσατο
510 1612 711 1682 φυσικῇ
777 1613 1062 1682 γεννήσει,
1122 1615 1386 1684 κρείττων
1441 1618 1764 1672 ἀνατείλασα

167 1705 237 1755 ἐκ
272 1702 384 1773 τῆς
407 1703 501 1756 τοῦ
535 1705 961 1775 πρωτοπλάστου
984 1706 1270 1774 γενέσεως,
1295 1709 1390 1763 καὶ
1419 1712 1566 1782 ἡμᾶς
1593 1729 1764 1784 προσ-

1839 517 1842 520 ’
1877 525 1976 561 non
2003 518 2119 562 est:
2144 508 2283 561 Deus
2308 519 2481 561 autem
2517 523 2650 559 unus
2680 514 2755 559 est
2786 505 2853 559 ‘°.

1953 683 2039 736 12.
2070 682 2410 752 Quapropter
2463 691 2653 735 errant
2705 681 2799 749 qui
2851 679 3060 745 dicunt,
3107 679 3272 733 alium
3328 693 3447 736 esse

1875 775 1966 844 qui
2002 791 2197 844 passus
2233 783 2318 828 est
2351 773 2544 837 Filius,
2577 782 2631 827 et
2657 773 2824 825 alium
2853 770 2948 840 qui
2978 785 3175 841 passus
3203 787 3313 826 non
3341 779 3444 826 est.

1873 864 1991 919 Non
2043 866 2187 920 enim
2243 864 2383 918 alius
2427 873 2510 917 est
2563 877 2726 932 quam
2776 860 2954 930 ipsum
3013 859 3269 925 Verbum,
3300 862 3446 931 quod

1877 955 2186 1024 passionem
2213 961 2268 1006 et
2303 960 2532 1007 mortem
2567 951 2890 1020 susceperit.
2939 949 3045 1004 Sed
3069 950 3201 1004 illud
3243 951 3445 1020 ipsum,

1879 1047 2263 1115 incorporeum
2317 1052 2372 1098 et
2416 1043 2754 1112 impassibile
2811 1040 3070 1106 Verbum,
3111 1058 3236 1097 cum
3289 1057 3449 1113 gene—

1871 1138 2142 1193 rationem
2178 1135 2362 1191 carnis
2393 1137 2579 1191 subire
2612 1135 2894 1206 dignatum
2918 1143 3084 1198 esset,
3125 1135 3310 1189 omnia
3347 1137 3450 1189 im-

1875 1230 2058 1300 plevit,
2093 1239 2151 1284 ut
2180 1230 2405 1286 haberet
2450 1227 2596 1298 quod
2643 1242 2742 1297 pro
2787 1227 2947 1282 nobis
2982 1226 3218 1281 offerret.
3269 1225 3334 1279 Et
3372 1226 3450 1279 di-

1874 1323 2039 1386 citur,
2087 1322 2283 1376 melius
2321 1319 2530 1392 angelis
2561 1318 2948 1382 factum,,non
3011 1319 3156 1388 quod
3209 1317 3446 1373 Verbum

1876 1415 2050 1471 factor
2083 1415 2402 1485 angelorum
2431 1455 2448 1479 ,
2502 1412 2700 1470 melius
2746 1412 2950 1466 factum
3007 1412 3110 1477 sit,
3159 1411 3316 1480 quasi
3350 1411 3451 1464 ali-

1872 1506 2096 1576 quando
2124 1507 2308 1561 minns
2339 1505 2448 1561 illis
2476 1503 2670 1560 fuerit:
2729 1504 2823 1558 sed
2864 1502 3042 1559 forma
3075 1503 3242 1570 servi,
3282 1517 3446 1570 quam

1873 1599 2055 1667 ipsum
2098 1596 2330 1652 Verbum
2363 1597 2640 1666 propriam
2684 1596 2789 1650 sibi
2817 1596 3053 1650 naturali
3097 1594 3448 1664 generatione

1874 1690 2129 1753 reddidit,
2155 1691 2349 1745 melior
2391 1705 2459 1744 ex
2507 1689 2828 1760 protoplasti
2875 1687 3227 1758 generatione
3256 1697 3448 1741 exorta

163 1794 502 1858 οικειοῦται,
541 1796 615 1858 ὡς
647 1797 881 1868 εἴρηται,
933 1799 1266 1868 συμπολίτας
1311 1801 1419 1855 τῶν
1461 1803 1631 1870 ἁγίων
1671 1804 1759 1857 καὶ

1875 1791 1978 1847 εει,
2005 1797 2216 1851 nosque
2250 1782 2327 1835 illi
2359 1780 2545 1836 afﬁnes
2575 1779 2830 1843 reddidit,
2854 1788 2915 1834 ut
2938 1779 3145 1833 dictum
3169 1786 3274 1843 est,
3299 1779 3447 1833 cives

162 1887 418 1950 οἰκείους
443 1887 578 1940 Θεοῦ
609 1889 932 1958 γενομένους
955 1891 1064 1960 (22)
1089 1909 1102 1922 ο
1138 1893 1232 1945 καὶ
1274 1893 1414 1947 κατὰ
1449 1894 1608 1963 φύσιν
1630 1896 1765 1948 Θεοῦ

163 1977 435 2046 γέγονεν,
475 1979 580 2031 ἰδία
631 1981 728 2050 οὐχ
767 1981 1051 2051 ὁμοούσιος
1091 1978 1224 2036 οὖσα
1276 1985 1309 2055 ή
1359 1983 1495 2056 σὰρξ
1531 1987 1630 2057 τῆς
1671 1987 1765 2039 τοῦ

165 2070 356 2140 Λόγου
391 2071 679 2142 θεότητος,
720 2073 795 2137 ὡς
828 2075 1095 2138 συναῖδιος
1119 2093 1131 2105 ·
1175 2075 1310 2130 ἀλλὰ
1347 2077 1451 2131 ἰδία
1496 2079 1636 2131 κατὰ
1665 2079 1766 2148 φύ-

171 2181 262 2216 σιν
299 2165 596 2237 γενομένη,
638 2169 730 2220 καὶ
755 2167 1058 2241 ἀδιαίρετος
1086 2169 1229 2223 κατὰ
1255 2171 1467 2234 ἓνωσιν,
1500 2174 1562 2225 ἐκ
1597 2173 1765 2244 σπέρ-

175 2272 356 2324 ματος
389 2257 574 2320 Δαϐὶδ,
607 2259 820 2312 καὶτοῦ
861 2260 1132 2333 Ἀϐραὰμ,
1166 2263 1259 2316 καὶ
1290 2263 1383 2316 τοῦ
1426 2264 1594 2335 Ἀδὰμ
1630 2265 1764 2335 (25),

169 2345 233 2413 ἐξ
265 2339 335 2399 οὗ
379 2347 471 2399 καὶ
515 2349 675 2418 ἡμεῖς
707 2349 1104 2422 γεγεννήμεθα.
1154 2353 1217 2404 Ei
1262 2353 1319 2406 δὲ
1357 2355 1638 2424 ὁμοούσιος
1672 2355 1765 2407 τοῦ

170 2438 359 2508 Λόγου
386 2440 418 2509 ἠ
453 2439 588 2511 σὰρξ
619 2443 712 2494 καὶ
745 2443 1030 2509 συναῖδιος,
1060 2447 1126 2498 ἐκ
1149 2445 1337 2498 τούτου
1370 2447 1545 2517 ἐρεῖτε
1575 2447 1667 2499 καὶ
1699 2446 1766 2500 τὰ

173 2531 366 2585 πάντα
390 2533 665 2602 κτίσματα
689 2535 930 2588 συναῖδια
952 2535 1029 2606 τῷ
1053 2536 1121 2590 τὰ
1148 2536 1324 2590 πάντα
1350 2538 1597 2590 κτίσαντι
1625 2537 1762 2608 Θεῷ.

173 2624 290 2676 Καὶ
322 2623 440 2687 πῶς
469 2624 546 2677 ἔτι
581 2626 917 2696 Χριστιανοὶ,
941 2629 990 2680 oi
1019 2627 1297 2692 τοιαύταις
1330 2629 1764 2700 συμπλεκόμενοι

177 2713 610 2786 στραγγαλιαῖς;
661 2715 735 2768 Τὸ
785 2715 894 2787 γὰρ
945 2717 1228 2787 ὁμοούσιον
1274 2720 1366 2772 καὶ
1410 2719 1617 2783 ἀπαθὲς
1673 2722 1766 2774 καὶ

176 2805 538 2859 ἀνεπίδεκτον
575 2805 825 2872 θανάτου,
861 2807 996 2880 πρὸς
1026 2809 1136 2880 (24)
1172 2810 1232 2862 τὸ
1261 2811 1543 2881 ὁμοούσιον
1574 2812 1765 2865 ἕνωσιν

176 2899 304 2952 καθ’
342 2900 641 2952 ὑπόστασιν
674 2901 774 2952 οὐκ
813 2900 1192 2972 ὲπιδεχόμενόν
1229 2904 1374 2955 ἐστιν
1396 2943 1410 2965 ,
1448 2902 1583 2956 ἀλλὰ
1625 2904 1768 2958 κατὰ

179 2991 376 3061 φύσιν
411 2991 532 3046 καθ’
581 2991 878 3046 ὑπόστασιν
910 2993 968 3047 δὲ
1007 2993 1107 3065 τὴν
1151 2993 1283 3047 ἰδίαν
1325 2994 1636 3068 τελειότητα
1677 2998 1769 3050 ὲκ-

177 3081 534 3154 δεικνύμενον
574 3082 707 3154 (‘25).
741 3083 904 3136 Ὥστε
939 3085 1005 3154 τῇ
1042 3080 1372 3156 νομιζομένῃ
1411 3083 1564 3154 ὑμῶν
1597 3086 1767 3156 εὐφή-

181 3193 268 3247 μῳ
311 3175 621 3247 ὲφευρέσει,
647 3175 682 3246 ἢ
713 3176 811 3246 τὴν
845 3177 910 3228 ὲκ
932 3175 1030 3245 τῆς
1054 3174 1332 3246 Παρθένου
1365 3175 1467 3244 τῆς
1498 3173 1764 3228 Θεοτόκου

179 3269 366 3341 σάρκα
391 3267 666 3340 ἀρνεῖσθε,
701 3266 734 3338 ἢ
767 3267 866 3338 τὴν
901 3266 1131 3337 θεότητα
1166 3265 1557 3337 βλασφημεῖτε.
1600 3267 1664 3320 Ei
1709 3267 1767 3320 δὲ

177 3360 326 3416 οὕτω
359 3360 456 3414 καὶ
489 3362 582 3414 τὸν
620 3361 748 3413 Υἰὸν
791 3360 1102 3430 ὁμολογεῖτε
1137 3359 1422 3430 όμοούσιον
1469 3359 1547 3431 τῷ
1591 3361 1768 3432 Πατρὶ

177 3456 276 3509 καὶ
308 3454 371 3507 τὸ
403 3453 628 3525 Πνεῦμα
659 3452 721 3506 τὸ
753 3451 930 3521 ἅγιον,
969 3451 1045 3516 ὡς
1081 3452 1183 3523 τὴν
1227 3453 1407 3523 σάρκα
1438 3451 1537 3524 τὴν
1567 3451 1768 3504 παθοῦ-

180 3565 282 3602 σαν
335 3547 478 3618 (26)’
522 3547 618 3600 καὶ
648 3546 702 3599 τί
749 3545 828 3599 ἔτι
873 3547 1022 3618 ἡμᾶς
1075 3545 1384 3617 μέμφεσθε,
1429 3546 1505 3609 ὼς
1535 3545 1768 3618 τετράδα

180 3639 304 3692 ἀντὶ
338 3637 566 3710 Τριάδος
595 3637 884 3704 λέγοντας,
918 3635 1071 3688 αὐτοὶ
1109 3635 1342 3707 τετράδα
1380 3637 1499 3690 ἀντὶ
1541 3635 1768 3708 Τριάδος

179 3733 276 3786 καὶ
304 3731 530 3794 ἄκοντες
571 3729 958 3801 ὁμολογοῦντες
976 3767 991 3789 ,
1020 3728 1271 3798 λέγοντες
1299 3728 1586 3798 ὁμοουσίαν
1627 3724 1768 3781 εἶναι

178 3825 245 3895 τῇ
281 3821 477 3894 Τριάδι
502 3820 599 3892 τὴν
631 3821 841 3892 σάρκας
877 3821 1067 3874 Τοίνυν
1105 3820 1368 3891 ματαίαή
1403 3819 1586 3881 πίστις
1615 3818 1767 3890 ὑμῶν

181 3918 360 3972 ἐστιν·
420 3915 512 3970 ίσα
567 3915 676 3985 γὰρ
729 3917 975 3986 φρονεῖτε
1022 3913 1132 3968 τῶν
1183 3913 1396 3968 ἀσεϐῶν
1453 3911 1764 3985 Ἀρειανῶν,

183 4007 372 4071 κακῶς
425 4006 863 4077 ἐκλαμϐάνοντες
914 4004 1008 4068 τὸ,
1072 4005 1126 4057 '0
1190 4005 1380 4074 Λόγος
1431 4003 1589 4072 σὰρξ
1641 4002 1768 4072 ἐγέ-

181 4115 320 4152 νετο
351 4098 487 4168 (27).
525 4097 581 4150 Ὁ
600 4095 772 4165 Λόγος
797 4095 854 4148 δὲ
881 4093 1018 4165 σὰρξ
1045 4094 1280 4162 ἐγένετο,
1310 4095 1408 4164 οὐχ
1426 4093 1511 4145 ἵνα
1537 4096 1566 4146 6
1595 4093 1768 4162 Λόγος

186 4184 444 4260 μηκέτιῇ
474 4189 645 4254 Λόγος
665 4203 678 4217 ⁸
711 4186 825 4240 ἀλλ’
854 4186 942 4240 ἵνα
980 4187 1039 4240 ὲν
1070 4186 1234 4258 σαρκὶ
1343 4188 1370 4239 6
1407 4185 1598 4254 Λόγος,
1631 4185 1766 4258 σὰρξ

184 4281 422 4348 ἐγένετο,
458 4280 546 4332 ἵνα
592 4279 684 4332 καὶ
736 4281 764 4332 ὁ
793 4279 964 4348 Λόγος
1008 4279 1095 4332 ἀεὶ
1197 4277 1366 4346 Λόγος
1388 4319 1402 4342 ,
1445 4279 1541 4331 καὶ
1589 4279 1767 4349 σάρκα

184 4373 286 4448 ἔχῃ
327 4375 356 4426 6
391 4372 581 4440 Λόγος,
613 4374 670 4426 ἐν
702 4365 822 4446 ᾖτὸ
861 4371 1033 4434 πάθος
1065 4371 1158 4424 καὶ
1194 4371 1286 4424 τὸν
1328 4371 1554 4424 θάνατον
1584 4371 1765 4424 ἀνεδέ-

183 4463 314 4532 ξατο
344 4467 402 4518 ὲν
434 4467 614 4536 μορφῇ
649 4467 716 4534 τῇ
748 4463 1083 4536 ἀνθρωπίνῃ,
1116 4463 1276 4534 μέχρι
1317 4464 1487 4533 τάφου
1519 4465 1612 4517 καὶ
1639 4463 1765 4534 ᾇδου
1795 4479 1845 4539 ι)

183 4558 404 4622 ἐπιϐὰς,
441 4560 497 4612 ὲν
601 4557 696 4610 καὶ
731 4555 829 4627 τὴν
863 4556 1157 4610 ἀνάστασιν
1183 4555 1281 4626 τὴν
1323 4559 1386 4608 ὲκ
1426 4555 1634 4628 νεκρῶν
1662 4573 1758 4608 πε-

182 4652 425 4722 ποίηται,
462 4648 662 4720 σαρκὸς
688 4649 783 4702 καὶ
821 4647 1052 4718 αἵματος
1087 4646 1181 4700 καὶ
1218 4647 1394 4718 ψυχῆς
1422 4648 1520 4718 τὴν
1566 4647 1764 4704 ὲπίδειτ-

262 4763 308 4794 ⁶⁰
348 4760 526 4815 Galat.
568 4775 651 4821 Ill,
685 4757 775 4810 20.

257 4901 369 4973 (18)
397 4901 488 4973 Si_c
522 4897 716 4973 Seg.el
734 4894 1138 4973 Grtec:_Scr'_ipt_.
1166 4903 1363 4973 textus.
1384 4893 1542 4973 Editi
1561 4895 1760 4973 vero,6_

183 4970 240 5027 δὲ
264 4964 420 5035 Υἱός.
454 4964 621 5034 Infra,
650 4977 772 5038 post
793 4964 1003 5033 παθών,
1031 4964 1225 5037 legitur
1247 4964 1359 5028 υἱός
1383 4965 1436 5018 in
1461 4965 1638 5030 editis,
1666 4965 1759 5020 sed

185 5045 338 5097 deest
367 5043 420 5096 in
454 5042 578 5105 Seg.
689 5095 696 5105 ,

256 5055 338 5097 εει
367 5059 420 5096 ιη
454 5055 524 5095 Se
567 5082 578 5094 .
689 5095 696 5105 ,

256 5113 370 5183 (19)
413 5111 505 5167 Sic
527 5055 656 5183 ges.
689 5108 849 5183 gobl.
886 5115 941 5161 et
977 5104 1122 5160 Felc.
1155 5105 1207 5159 1.
1253 5103 1395 5159 Editi
1428 5120 1578 5170 vero,
1611 5105 1761 5177 παρὰ

185 5179 275 5237 τὸν
303 5183 432 5236 Υἱὸν
460 5181 555 5235 τοῦ
581 5179 737 5234 Θεοῦ.

255 5254 368 5323 (20)
409 5253 518 5307 Καί
546 5253 698 5323 deest
729 5250 784 5323 in
805 5248 954 5323 Segg,
972 5254 1026 5300 et
1055 5246 1112 5323 in_
1137 5245 1328 5301 eodem
1359 5244 1520 5323 infra,
1550 5243 1760 5317 ἀνθρω-

184 5315 704 5394 πίνηςάεεεικΜοκ
737 5315 902 5394 idem;
929 5316 1112 5394 exuri
1154 5315 1510 5394 προσενέγκῃ.

256 5385 366 5465 (21)
386 5394 510 5465 Seg.
553 5392 710 5465 Gobl.
755 5385 1073 5451 Felckni'fl,
1099 5385 1385 5457 γενόμενος
1413 5385 1677 5455 ἀγγέλων,
1698 5387 1758 5440 οὐ

185 5463 402 5528 πάντως
430 5463 559 5517 61:0
567 5463 741 5532 ιητής.

253 5526 534 5605 (ἤιδεις.
565 5526 621 5605 et
649 5526 833 5605 (Gobl.)
875 5531 950 5605 ὡς
983 5529 1199 5605 είρηται
1236 5526 1383 5605 πρὸς
1401 5526 1532 5605 ’τῶν
1563 5526 1756 5605 άγίωνὶ

186 5597 276 5659 καὶ
307 5597 512 5658 οἶκεῖοῖ
527 5603 717 5674 (Gobl.
753 5602 851 5674 και
888 5597 1141 5668 οἰκείους)
1171 5597 1263 5650 τοῦ
1294 5597 1450 5663 Θεοῦ,
1491 5599 1584 5650 καὶ
1622 5599 1756 5650 Θεοῦ

187 5678 320 5729 κατὰ
350 5676 510 5744 φύσιν
533 5673 754 5744 γέγονεν
785 5673 908 5744 ξᾼδία.

256 5737 372 5812 (25)
412 5737 555 5807 ΙΙιιξίιξ
589 5737 683 5796 καὶ
727 5741 818 5795 τοῦ
863 5743 1051 5805 Ἀδάμ,
1084 5741 1279 5796 desunt
1327 5741 1378 5794 in
1428 5739 1548 5802 Sea.
1595 5737 1750 5793 Gobl.

1873 1883 2215 1938 sanctorum,
2243 1883 2298 1928 et
2329 1873 2630 1928 familiares
2665 1871 2777 1927 Deo
2806 1872 3026 1928 effectos
3050 1891 3062 1926 :
3088 1887 3216 1928 caro
3250 1887 3448 1927 secun-~

1871 1965 2000 2019 dum
2059 1975 2310 2019 naturam
2364 1965 2582 2034 propria
2633 1964 2745 2019 Deo
2773 1963 2915 2018 facta
2959 1975 3083 2032 est,
3135 1979 3234 2019 nec
3265 1972 3446 2019 tamen

1871 2056 2355 2113 consubstantialis
2409 2067 2492 2112 est
2543 2055 2707 2111 Verbi
2752 2057 2979 2124 deitati,
3028 2059 3186 2128 quasi
3226 2057 3304 2111 illi
3357 2071 3446 2112 co-

1871 2159 2071 2203 aeterna
2118 2158 2283 2204 esset.
2318 2147 2425 2204 Sed
2475 2149 2696 2218 propria
2747 2149 2825 2204 illi
2860 2150 3158 2206 secundum
3190 2159 3443 2203 naturam

1871 2241 2034 2303 facta,
2069 2250 2124 2295 ct
2167 2240 2514 2295 indivisihilis
2541 2250 2762 2310 propter
2806 2241 3064 2297 unionem
3092 2255 3107 2294 :
3136 2256 3204 2296 ex
3237 2241 3447 2296 semine

1871 2330 2064 2398 David,
2121 2332 2353 2387 Abrahae
2375 2371 2390 2398 ,
2444 2340 2498 2387 et
2537 2331 2686 2399 Adae,
2724 2348 2789 2387 ex
2819 2349 2927 2402 quo
2957 2340 3010 2388 et
3044 2348 3146 2389 nos
3176 2331 3444 2404 progeniti

1871 2439 2084 2478 sumus.
2119 2424 2275 2490 Quod
2327 2427 2374 2481 si
2418 2425 2602 2482 Verbo
2635 2425 3124 2482 consubstantialis
3157 2434 3242 2481 est
3291 2440 3440 2491 caro,

1869 2523 1922 2568 et
1969 2523 2273 2584 coaeterna;
2323 2517 2436 2586 jam
2488 2518 2618 2574 hinc
2662 2518 2857 2574 dicetis
2915 2533 3107 2574 omnes
3160 2526 3442 2572 creaturas

1871 2607 2116 2661 omnium
2169 2611 2408 2664 creatori
2460 2608 2570 2664 Deo
2623 2617 2925 2666 coaeternas
2981 2624 3122 2665 esse.
3173 2609 3242 2664 At
3293 2609 3439 2679 qui,

1869 2715 2077 2769 quaeso,
2127 2700 2305 2756 adhuc
2328 2701 2625 2757 Christiani
2650 2702 2822 2767 eritis,
2861 2702 2956 2772 qui
3003 2701 3202 2756 talibus
3230 2716 3328 2755 vos
3360 2700 3444 2754 la-

1870 2793 2028 2862 queis
2061 2791 2393 2862 implicatis?
2444 2792 2579 2848 Nam
2614 2793 2762 2864 quod
2796 2792 3284 2859 consubstantiale,
3334 2792 3442 2845 im-

1869 2884 2151 2954 passibile,
2212 2892 2267 2939 et
2325 2887 2521 2941 mortis
2572 2887 2802 2956 incapax
2859 2894 2960 2952 est,
3009 2886 3267 2940 unionem
3317 2899 3444 2939 cum

1870 2976 2329 3032 consubstantiali
2355 2994 2462 3033 non
2495 2979 2732 3033 admittit
2759 2978 3060 3034 secundum
3092 2977 3435 3050 hypostasin,

1871 3067 1965 3121 sed
2001 3066 2307 3122 secundum
2330 3076 2621 3124 naluram:
2657 3083 2822 3138 porro
2855 3067 3152 3124 secundum
3186 3067 3444 3137 hyposta-

1871 3157 1977 3224 sin,
2024 3159 2306 3228 propriam
2357 3159 2749 3229 perfectionem
2808 3159 3050 3215 exhibet.
3111 3158 3297 3229 Itaque
3347 3173 3446 3228 per

1869 3250 2210 3321 religiosum,
2270 3259 2330 3306 ut
2393 3251 2699 3318 testimatis,
2755 3263 3000 3308 vestrum
3048 3260 3442 3315 commentum,

1869 3349 1966 3396 aut
1993 3356 2214 3396 carnem
2246 3358 2313 3398 ex
2355 3340 2577 3412 Virgine
2625 3352 2679 3398 et
2723 3343 2952 3414 Deipara
2981 3353 3316 3411 assumptam
3349 3359 3446 3396 ne—

1869 3432 2024 3500 gatis,
2070 3443 2165 3487 aut
2210 3433 2267 3488 in
2316 3434 2573 3490 deitatem
2619 3435 3031 3505 blasphematis.
3066 3433 3124 3488 Si
3159 3446 3340 3488 autem
3373 3449 3442 3489 eo

1871 3528 2036 3581 modo
2063 3527 2284 3594 Filium,
2314 3542 2524 3582 necnon
2567 3526 2828 3596 Spiritum
2860 3536 3106 3581 sanctum
3136 3525 3281 3580 Patri
3309 3542 3443 3580 con-

1871 3617 2286 3672 substantialem
2311 3615 2703 3680 confiteamini,
2737 3629 2848 3684 quo
2873 3629 3090 3669 carnem
3125 3630 3246 3683 qua:
3273 3627 3440 3682 passa

1869 3718 1955 3764 est
1983 3727 1996 3763 :
2031 3707 2230 3779 ecquid
2258 3723 2389 3777 ergo
2416 3722 2518 3762 nos
2552 3707 2731 3762 adhuc
2758 3705 3051 3771 accusatis,
3093 3714 3152 3760 ut
3182 3706 3275 3774 qui
3305 3719 3443 3774 qua-

1873 3800 2182 3857 ternitatem
2218 3814 2317 3869 pro
2343 3798 2610 3853 Trinitate
2639 3797 2911 3863 dicamus,
2941 3813 3066 3852 cum
3096 3797 3196 3867 ipsi
3226 3805 3443 3866 quater-

1871 3892 2096 3948 nitatem
2131 3907 2229 3962 pro
2260 3890 2530 3946 Trinitate
2565 3890 2650 3946 vel
2690 3890 2844 3944 inviti
2883 3888 3276 3952 confiteamini,
3309 3887 3439 3940 dum

1871 3984 2079 4047 dicitis,
2136 3984 2657 4040 consubstantialem
2683 3983 2939 4036 Trinitati
2989 3996 3210 4035 carnem
3263 3979 3444 4036 esse?

1870 4075 2056 4147 Itaque
2101 4090 2242 4130 vana
2293 4084 2378 4130 est
2425 4075 2558 4130 fides
2586 4083 2768 4129 vestra
2800 4091 2815 4126 :
2863 4072 3017 4143 paria
3049 4072 3192 4126 enim
3228 4070 3443 4125 sentitis

1871 4185 1996 4224 cum
2042 4168 2225 4238 impiis
2265 4167 2505 4231 Arianis;
2538 4167 2681 4221 male
2707 4166 3038 4234 accipientes
3075 4163 3208 4218 illud
3241 4181 3254 4217 :
3309 4161 3441 4216 Ver-

1873 4260 1995 4314 bum
2029 4275 2153 4313 caro
2181 4259 2380 4328 factum
2427 4267 2526 4312 est.
2573 4256 2748 4312 Porro
2794 4254 3031 4310 Verbum
3071 4268 3199 4309 caro
3239 4253 3439 4307 factum

1873 4361 1976 4416 est,
2007 4367 2116 4406 non
2151 4361 2212 4405 ut
2242 4349 2478 4405 Verbum
2523 4366 2630 4429 non
2691 4349 2926 4419 amplius
2981 4346 3219 4400 Verbum
3250 4356 3394 4401 esset
3422 4363 3439 4413 ;

1872 4441 1966 4496 sed
1995 4440 2258 4505 Verbum,
2294 4451 2354 4495 ut
2388 4441 2441 4494 in
2489 4455 2654 4494 carne
2698 4447 2872 4505 esset,
2918 4453 3048 4494 caro
3082 4435 3282 4491 factum
3333 4445 3438 4499 est,

1873 4543 1934 4588 ut
1967 4542 2021 4590 et
2053 4532 2291 4589 Verbum
2326 4547 2540 4602 semper
2574 4530 2814 4586 Verbum
2865 4540 3010 4586 esset
3042 4569 3058 4596 ,
3107 4541 3160 4586 et
3203 4528 3439 4584 Verbum

1868 4639 2096 4680 carnem
2147 4623 2405 4690 haberet;
2435 4625 2489 4676 in
2522 4637 2631 4693 qua
2659 4623 2969 4692 passionem
2998 4631 3052 4677 et
3083 4630 3312 4676 mortem
3340 4620 3442 4674 sub

1863 4905 1916 4950 et
1941 4893 2182 4949 Felckm.
2222 4893 2274 4946 1.
2306 4891 2477 4946 Paulo
2497 4896 2641 4960 post,
2670 4889 2725 4943 in
2762 4888 2976 4951 iisdem,
3007 4885 3100 4940 τοῦ
3129 4886 3302 4955 Λόγου
3345 4885 3438 4940 de-

1861 4975 1962 5020 est.
1995 4963 2118 5018 Mox
2151 4964 2332 5027 iidem,
2359 4963 2424 5016 ὲκ
2452 4960 2647 5032 τούτου
2669 4961 2863 5032 ἐρεῖτε.

1938 5035 2048 5104 (21)
2093 5025 2410 5105 Seguerian.
2437 5025 2747 5087 Goblerian.
2780 5038 2834 5083 et
2859 5025 3143 5083 Felckm.l
3181 5027 3439 5082 omittunt

1863 5123 1904 5159 π
1908 5107 2019 5178 ρός.

1933 5175 2048 5240 (25)
2091 5173 2476 5244 δεευείτὶεηυε,
2509 5169 2908 5244 ἔπιδεχόμενον.

1906 5237 2041 5315 ’(26)
2085 5237 2208 5314 δεξ.
2242 5243 2397 5298 Gobl.
2433 5253 2486 5315 et
2511 5237 2750 5315 Feielttn}
2781 5241 2832 5303 1,
2864 5239 2969 5315 τὴνΔ
2995 5238 3172 5315 σάρκα
3199 5237 3296 5315 τὴν
3326 5253 3434 5289 πα-

1859 5308 2080 5439 1εξίοιῖσαςν,
2113 5308 2315 5385 ματαία
2341 5316 2374 5384 ἡ
2407 5313 2586 5376 πίστις
2621 5309 2794 5381 ὑμῶν,
2817 5308 3002 5366 multis
3033 5308 3275 5371 omissis,
3300 5315 3359 5360 ut
3378 5316 3435 5362 et

1909 5403 2128 5439 annuus.

1909 5403 2128 5440 aIIHIUS.

1933 5455 2048 5524 (27)
2091 5456 2216 5522 Seg.
2251 5452 2407 5508 Gobl.
2444 5462 2497 5524 et
2529 5450 2764 5524 Felrkm:
2808 5449 3134 5524 1,ὉΛόγοςΔ
3159 5445 3294 5524 σὰρξ
3319 5446 3434 5514 ὲγέ·

1860 5517 1999 5587 νετο,
2029 5517 2126 5594 οὐχ
2157 5517 2241 5577 ἵνα
2273 5526 2306 5593 ἡ
2341 5521 2701 5595 σὰρξῄμῃκξτι
2805 5519 3432 5595 Adrog_(Gt_)bleriar_i:_e_t

1861 5587 2182 5654 Felckmfl,
2216 5587 2388 5661 Λόγου
2409 5587 2590 5663 tam
2625 5590 2711 5664 ἵνα
2807 5587 2940 5664 σὰρξ
2965 5587 3220 5664 ᾗλόγοςο
3239 5587 3378 5664 Ἀλλ’
3399 5587 3430 5638 6

1860 5667 2030 5733 Λόγος
2061 5665 2194 5736 σὰρξ
2212 5659 2444 5736 ἐγένετο,
2471 5664 2555 5736 ἵνα
2586 5663 2678 5716 καὶ
2707 5666 2732 5715 ὁ
2760 5659 2949 5729 Λόγος.
2970 5659 3146 5716 Paulo
3181 5668 3321 5730 post,
3349 5659 3430 5723 ὲν,

1861 5732 1988 5790 ante
2028 5732 2228 5798 μοοαῆ,
2257 5735 2403 5788 deest
2431 5735 2481 5786 in
2519 5732 2641 5794 Sea.
