3810 6228
336 263 480 323 1115

899 261 962 318 S.
1003 259 1388 349 ATHANASH
1427 259 1580 316 OPP.
1618 260 1801 316 PARS
1833 261 1875 317 Ι.
1913 293 1984 302 —-
2024 261 2396 321 IllSTORlCA
2435 264 2524 320 ET
2557 265 2975 322 DOGMATICA.

3466 263 3654 322 1116

336 381 504 454 744
534 381 775 438 humana
826 379 1002 436 forma
1043 380 1381 449 susciperet,
1426 396 1491 435 ac
1523 396 1699 450 usque
1730 383 1797 436 ad
1831 397 1910 436 se-

2021 383 2101 450 ξιν
2133 385 2502 456 ποιησάμενος
2529 388 2557 438 6
2595 385 2727 450 Θεὸς
2754 385 2923 454 Λόγος
2945 384 3033 438 διὰ
3068 385 3199 448 ἰδίας
3234 387 3325 440 καὶ
3353 385 3650 456 ἀδιαιρέ-

335 473 586 542 pulcrum
617 479 672 525 et
720 468 995 524 infernum
1048 468 1441 534 descenderet;
1479 469 1531 522 in
1573 484 1679 538 qua
1723 479 1779 523 et
1829 484 1918 523 re-

337 562 734 617 surrectionem
791 575 859 614 ex
911 560 1145 613 mortuis
1203 557 1464 627 perfecit,
1533 559 1826 628 carnisque
1863 569 1918 614 et

337 653 622 723 sanguinis
652 660 818 721 atque
865 649 1068 704 animae
1098 650 1300 704 indicia
1340 651 1574 719 prmhuit
1602 649 1746 706 Deus
1777 650 1916 706 V-er-

337 744 490 810 bum,
521 757 619 811 per
647 741 926 810 propriam
959 751 1012 794 et
1045 740 1490 809 inseparabilem,
1539 747 1602 794 ut
1648 741 1915 810 scriptum

336 844 438 896 est,
467 848 711 896 carnem,
736 848 802 886 ex
832 831 1040 888 semine
1063 830 1251 885 David.
1275 830 1417 896 Quid
1438 832 1583 885 cnim
1617 832 1762 887 aliud
1779 834 1920 888 dixit

336 925 576 980 Marcion
623 939 786 994 quam
830 939 954 992 quae
1010 936 1110 977 vos
1143 921 1440 992 profertis?
1485 921 1676 978 Nonne
1721 939 1920 994 corpus

337 1016 483 1085 quod
539 1031 606 1071 ex
659 1015 798 1070 caelo
842 1013 1095 1084 apparuit
1154 1013 1208 1066 in
1267 1013 1620 1069 similitudine
1660 1014 1918 1082 humana,

336 1113 391 1160 et
422 1121 532 1160 non
589 1106 646 1160 in
697 1105 967 1160 veritate?
999 1103 1141 1170 Quid
1192 1104 1320 1158 item
1380 1104 1526 1158 aliud
1568 1107 1781 1162 locutus
1837 1116 1922 1162 est

2023 491 2116 527 του
2159 475 2380 546 σαρκὸς,
2407 475 2482 538 ὡς
2513 475 2818 546 γέγραπται
2837 515 2851 538 ,
2881 477 2944 528 ἐκ
2975 475 3288 545 σπέρματος
3312 476 3504 529 Δασέδ.
3564 477 3650 528 Τί

2022 566 2131 637 γάρ
2161 566 2345 636 ἕτερον
2378 568 2512 638 παρ’
2548 569 2690 637 ὑμᾶς
2731 569 2917 638 εἴρηκε
2945 569 3240 638 Μαρκίων;
3270 568 3406 638 υῦχὶ
3435 569 3650 637 οὐρα-

2024 657 2251 725 νοφανὲς
2291 657 2351 710 τὸ
2391 658 2550 727 σῶμα
2587 659 2645 712 ἐν
2674 657 2927 729 ὁμοιώσει
2958 658 3268 730 ἀνθρωπίνῃ
3318 659 3458 727 (28),
3497 651 3646 712 ’καὶ

2021 746 2122 798 οὐκ
2148 745 2420 817 ἀληθείᾳς
2449 747 2514 800 Τί
2545 747 2602 800 δὲ
2641 746 2767 800 ἄλλο
2808 748 2994 818 εἴρηκε
3023 750 3316 817 Μανιχαῖος
3336 765 3350 813 ;
3373 750 3450 801 Οὐ
3486 749 3642 801 θεο-

2022 837 2196 899 ειδὲς,
2246 837 2306 889 οὐ
2347 838 2410 889 τὸ
2449 837 2608 908 σῶμα
2641 840 2698 890 ἐν
2726 837 2982 909 ὁμοιώσει
3003 842 3068 909 τῇ
3103 838 3223 891 καθ’
3263 841 3412 909 ἡμᾶς
3439 840 3636 909 μόνῃ,

2024 927 2303 998 ἀλλότριον
2323 928 2381 982 δέ
2404 929 2602 1000 σαρκὸς
2628 929 2998 1002 ἀνθρωπίνης,
3021 926 3090 1002 ἦς
3112 930 3208 1002 τὴν
3235 932 3396 1001 φύσιν
3423 935 3639 1003 ἀμαρ-

2027 1018 2148 1071 τίαν
2175 1018 2323 1086 λέγει
2346 1019 2584 1085 ἀσεϐῶν,
2609 1019 2702 1073 καὶ
2732 1020 2792 1074 οὐ
2820 1020 2920 1091 τὴν
2947 1019 3175 1090 πρᾶξιν;
3205 1021 3442 1092 Τοιαύτη
3474 1020 3632 1074 τού-

2029 1125 2134 1160 των
2167 1111 2200 1176 ἡ
2233 1108 2474 1164 ἀσέϐεια.

336 1197 709 1253 Manichaaus?
756 1197 950 1252 Nonne
991 1196 1174 1252 divina
1246 1197 1426 1266 specie
1491 1212 1711 1267 corpus,
1771 1198 1887 1253 sola
1951 1197 2306 1254 similitudine
2365 1215 2601 1267 corpus,
2642 1199 2709 1254 ab
2783 1200 3021 1254 humana
3099 1213 3263 1254 carne
3309 1199 3552 1254 alienum
3598 1222 3618 1256 :

337 1288 496 1357 cujus
554 1295 807 1342 naturam
857 1296 913 1343 et
963 1304 1072 1342 non
1125 1289 1500 1357 operationem
1545 1329 1561 1355 ,

337 1384 534 1452 pietas.
660 1368 664 1375 ί

411 1477 499 1530 15.
531 1475 894 1542 Quamobrem
929 1474 1082 1530 nefas
1111 1483 1198 1530 est
1223 1475 1373 1546 pium
1403 1477 1682 1532 hominem
1716 1477 1911 1548 hujus-

340 1569 487 1623 modi
525 1569 814 1622 verborum
852 1568 1178 1623 commentis
1203 1569 1322 1624 uti:
1362 1569 1455 1623 sed
1485 1569 1778 1624 dicendum
1829 1577 1914 1624 est

345 1663 576 1717 Verbum
605 1662 750 1731 quod
797 1669 922 1716 ante
966 1661 1164 1716 saecula
1194 1661 1663 1716 consubstantiale
1692 1673 1776 1718 est
1817 1661 1917 1718 Pa-

343 1756 434 1820 tri,
469 1758 522 1810 in
547 1755 806 1810 extremis
841 1755 1197 1824 temporibus,
1247 1771 1312 1810 ex
1367 1764 1558 1810 sancta
1597 1765 1654 1810 et
1684 1755 1912 1825 Deipara

341 1847 586 1919 Virgine,
613 1848 742 1901 Adae
773 1847 984 1916 plasma
1009 1857 1063 1902 et
1085 1847 1362 1916 opiﬁcium
1387 1864 1588 1902 novum
1642 1847 1914 1902 restituis-

341 1957 421 2004 se,
458 1955 582 1995 cum
613 1939 745 1992 illud
792 1939 896 1992 sibi
940 1954 1038 2008 per
1078 1940 1337 1993 unionem
1390 1941 1670 2008 proprium
1695 1938 1909 1993 effecit:

341 2038 507 2100 atque
553 2031 629 2084 ita
661 2030 813 2085 visus
873 2039 954 2086 est
1005 2031 1170 2084 homo
1205 2030 1478 2094 Christus,
1509 2034 1604 2099 qui
1634 2041 1760 2084 ante
1807 2045 1913 2084 sae-

339 2122 464 2177 cula
491 2121 636 2176 Deus
673 2131 810 2175 erat.
858 2122 925 2174 Et
953 2137 1054 2177 nos
1092 2122 1338 2176 membra
1366 2121 1571 2176 Christi
1605 2137 1816 2185 sumus,
1853 2129 1914 2175 ut

341 2217 606 2284 scriptum
629 2225 732 2282 est,
762 2231 828 2271 ex
861 2231 1026 2270 carne
1049 2223 1104 2271 et
1128 2233 1192 2271 ex
1220 2217 1440 2272 ossibus
1473 2217 1614 2286 ejus.
1638 2215 1910 2281 Quorsum

342 2305 510 2377 igitur
545 2307 661 2362 haec
707 2317 1016 2364 vestrarum
1075 2307 1451 2364 inventionum
1503 2308 1820 2374 contentio;
1854 2317 1914 2361 ut

341 2411 440 2466 per
461 2396 756 2452 humanam
789 2398 1138 2468 sapientiam,
1169 2413 1236 2452 ea
1279 2413 1402 2468 quae
1430 2398 1724 2452 humanam
1757 2397 1913 2452 intel-

341 2488 620 2560 ligentiam
645 2503 908 2558 superant
955 2489 1254 2556 definiatis,
1289 2491 1418 2545 dum
1449 2490 1654 2552 dicitis,
1690 2492 1808 2545 vice
1829 2491 1914 2545 in-

345 2580 564 2635 terioris
587 2581 761 2635 nostri
797 2581 1057 2644 hominis,
1090 2589 1330 2636 mentem
1365 2582 1642 2637 caelestem
1669 2582 1723 2635 in
1746 2581 1908 2636 Chri-

343 2677 430 2720 sto
453 2665 657 2721 fuisse?
699 2667 743 2722 0
775 2668 1037 2721 nefariam
1086 2669 1436 2733 sententiam,
1471 2679 1526 2724 et
1570 2670 1786 2724 infirma
1829 2671 1913 2724 in-

344 2757 660 2825 decoraque
691 2758 905 2813 verba:
959 2757 1242 2814 hominum
1298 2776 1430 2815 sane
1469 2761 1558 2830 qui
1604 2776 1710 2814 non
1760 2760 1912 2831 prius

347 2848 800 2910 animadvertere,
832 2849 1108 2904 Christum
1137 2866 1244 2905 non
1272 2852 1618 2922 singulariter
1658 2853 1787 2918 dici,
1817 2855 1911 2908 sed

345 2940 404 2994 in
432 2939 526 2994 illo
556 2941 675 3009 ipso
706 2943 926 2996 nomine
956 2944 1101 3012 quod
1149 2944 1374 2998 unicum
1405 2953 1508 3009 est,
1556 2959 1668 2998 rem
1698 2954 1910 2998 utram-

1623 1298 1907 1359 peccatum
1975 1305 2095 1346 esse
2156 1293 2320 1362 impie
2365 1292 2646 1347 affirmat!
2691 1291 3013 1362 Huiusmodi
3059 1301 3152 1346 εει-
3204 1293 3422 1348 illorum
3496 1298 3622 1348 im-

2090 1477 2177 1533 1⁵5.
2218 1475 2309 1529 Διὸ
2340 1475 2401 1528 οὑ
2444 1475 2526 1527 δεῖ
2557 1474 2648 1527 τὸν
2681 1473 3004 1531 εὐσεϐοῦντα
3047 1474 3318 1538 τοιαύταις
3358 1477 3612 1547 χρῆσθαι

2019 1569 2312 1632 ἐπινοίαις’
2348 1567 2466 1621 ἀλλ’
2493 1570 2576 1621 ὅτι
2605 1569 2633 1619 6
2667 1567 2772 1637 πρὸ
2805 1567 2911 1620 τῶν
2944 1565 3152 1620 αἰώνων
3191 1567 3475 1638 ὁμοούσιος
3520 1569 3608 1622 ὢν

2021 1661 2191 1728 Λόγος
2215 1658 2292 1727 τῷ
2312 1658 2506 1728 Πατρὶ,
2529 1658 2614 1710 ἐπ’
2636 1656 2878 1726 ἐσχάτων
2896 1657 2960 1709 ἐκ
2986 1655 3086 1725 τῆς
3115 1657 3273 1725 ἀγίας
3294 1659 3388 1711 καὶ
3411 1659 3608 1712 Θεοτὸ-

1945 1719 1990 1774 B
2018 1719 2120 1807 κου
2143 1719 2562 1823 Ιίαρθένουίῖεὶ)
2586 1751 2684 1821 τὴν
2701 1719 2803 1803 ’τοῦ
2845 1748 3014 1819 Ἀδὰμ
3036 1719 3230 1801 πλάσιν
3251 1719 3346 1802 atat
3373 1752 3612 1820 ποίησιν-

2015 1844 2207 1915 καινὴν
2237 1843 2590 1912 ἀνεστήσαντο,
2624 1839 3085 1909 ἱδιοποιησάμενος
3111 1840 3229 1894 καθ’
3253 1841 3468 1894 ἕνωσιν·
3497 1844 3599 1895 καὶ

2013 1933 2185 1996 οὕτως
2237 1931 2392 2002 ώφθη
2441 1931 2721 2002 ἄνθρωπος
2763 1932 2792 1984 ὁ
2829 1931 3098 2001 Χριστὸς,
3143 1933 3171 1984 ὁ
3223 1932 3331 2003 πρὸ
3376 1931 3610 1986 αἰώνων.

2014 2024 2164 2087 Θεός.
2202 2022 2310 2077 Καί
2342 2023 2507 2092 ἐσμεν
2530 2023 2688 2092 ἡμεῖς
2717 2021 2849 2091 μέλη
2879 2021 3135 2092 Χριστοῦ,
3158 2021 3234 2085 ὼς
3254 2022 3590 2094 γέγραπται,

2014 2119 2079 2170 ἐκ
2115 2119 2213 2187 τῆς
2247 2114 2446 2184 σαρκὸς
2477 2113 2642 2167 αὑτοῦ
2674 2115 2768 2167 καὶ
2801 2116 2880 2166 ἐκι
2897 2114 3016 2167 τῶν.
3034 2114 3232 2168 ὀστέων
3263 2114 3446 2168 αὑτοῦ.
3488 2115 3591 2179 Τίς

2013 2201 2104 2258 οὖν
2125 2207 2158 2275 ἡ
2185 2203 2418 2272 τοσαύτη
2443 2201 2594 2273 ὑμῶν
2625 2201 2918 2272 φιλονεικία
2934 2201 3040 2256 τῶν
3061 2204 3417 2274 ὲφευρέσεων,
3440 2203 3590 2258 ὥστε

2014 2296 2326 2368 ἀνθρωπίνῃ
2371 2295 2632 2365 φρονήσει
2674 2294 2812 2364 ὑπὲρ
2858 2293 2956 2365 τὴν
3009 2293 3353 2364 ἀνθρωπίνην
3397 2297 3590 2366 νόησιν

2012 2386 2318 2458 ὁρίζεσθαι,
2351 2386 2630 2455 λέγοντεςο
2675 2386 2819 2438 Ἀντὶ
2854 2385 2948 2438 τοῦ
2981 2386 3180 2440 ἔσωθεν
3213 2389 3268 2440 ἐν
3303 2389 3414 2460 (50)
3451 2391 3592 2460 ἡμῖν

2013 2478 2296 2550 ἀνθρώπου
2326 2477 2448 2540 νοῦς
2478 2477 2794 2549 ἐπουράνιος
2826 2480 2882 2531 ἐν
2923 2478 3178 2551 Χριστῷ;
3213 2480 3276 2532 Ὢ
3320 2480 3420 2550 τῆς
3456 2481 3593 2535 ἀθέ-

2015 2587 2151 2640 σμου
2185 2569 2430 2640 γνώμης,
2469 2569 2682 2622 καὶτῶν
2713 2569 2952 2624 ἀσθενῶν
2991 2572 3082 2623 καὶ
3109 2571 3368 2642 ἀπρεπῶν
3405 2573 3595 2642 ῥημά-

2011 2679 2138 2726 των,
2181 2659 2288 2714 τῶν
2323 2661 2394 2731 μὴ
2438 2659 2697 2712 νοούντων
2749 2659 2962 2731 πρῶτον
3008 2661 3192 2724 τοῦτο,
3224 2664 3304 2716 ὅτι
3345 2663 3594 2739 Χριστὸς

2016 2753 2359 2824 μονοτρόπως
2392 2753 2452 2804 οὐ
2493 2750 2736 2818 λέγεται,
2785 2750 2898 2803 ἀλλ’
2949 2753 3008 2804 ἐν
3048 2752 3195 2822 αὐτῷ
3239 2753 3317 2824 τῷ
3356 2755 3592 2825 ὀνόματι

2013 2844 2092 2896 ἐνὶ
2111 2844 2219 2897 ὁντι
2243 2843 2516 2913 ἑκατέρων
2535 2843 2643 2896 τῶν
2665 2842 3000 2914 πραγμάτων
3019 2843 3288 2898 δείκνυται
3315 2846 3590 2915 σημασία,

2012 2935 2261 3006 θεότητός
2287 2953 2346 2988 τε
2370 2935 2476 3005 (51)
2500 2935 2593 2988 καὶ
2619 2933 2712 2987 ἀνθ
2723 2935 3047 3003 ρωπότητος.
3077 2937 3166 2988 Διὸ
3186 2937 3279 2990 καὶ
3297 2936 3619 3008 ἀνθρωποςς

345 3046 455 3100 que
486 3030 805 3100 significari,
835 3032 1173 3088 divinitatem
1198 3049 1392 3104 nempe
1412 3043 1465 3088 et
1490 3035 1904 3091 humanitatem.

2019 3029 2225 3097 λέγεται
2252 3029 2280 3080 6
2317 3026 2578 3098 Χριστὸς,
2608 3026 2704 3080 καὶ
2731 3024 2861 3089 Θεὸς
2889 3025 3105 3093 λέγεται
3137 3027 3164 3078 6
3192 3027 3425 3096 Χριστὸς
3443 3067 3459 3090 ,
3487 3032 3592 3082 καὶ

345 3120 581 3191 Ideoque
613 3124 778 3179 homo
805 3122 1006 3179 dicitur
1040 3123 1313 3192 Christus,
1358 3126 1502 3182 Deus
1551 3143 1769 3197 quoque
1827 3128 1910 3183 di-

347 3217 493 3270 citur
538 3213 815 3282 Christus,
857 3231 923 3272 ac
959 3216 1102 3271 Deus
1135 3227 1190 3272 et
1222 3219 1385 3273 homo
1428 3226 1514 3274 est
1557 3218 1829 3284 Christus,
1857 3227 1911 3274 et

349 3321 495 3360 unus
522 3315 608 3362 est
638 3307 912 3363 Christus.
957 3307 1171 3363 Vanum
1198 3309 1380 3380 itaque
1424 3319 1508 3365 est
1549 3319 1788 3364 vestrum
1821 3325 1912 3364 so-

347 3396 585 3465 phisma,
618 3412 728 3466 quo
779 3399 925 3453 aliud
967 3399 1021 3452 in
1059 3400 1279 3455 Christo
1325 3410 1518 3470 praeter
1546 3401 1722 3470 ipsum
1755 3401 1911 3455 Chri-

349 3496 492 3541 stum
523 3489 840 3557 conspicere
875 3490 1134 3545 nitimini.
1164 3491 1244 3545 Illi
1275 3493 1492 3561 quidem
1542 3493 1637 3562 qui
1688 3493 1911 3547 abusive

349 3575 611 3630 dicuntur
649 3577 875 3646 Christi,
908 3580 1064 3644 forte,
1109 3580 1264 3650 juxta
1308 3583 1631 3637 sententiam
1671 3592 1908 3637 vestram

350 3668 588 3733 spectari
623 3680 876 3737 possent:
915 3671 1010 3740 qui
1041 3687 1168 3726 vero
1197 3687 1294 3740 per
1326 3679 1576 3725 naturam
1622 3673 1774 3728 solus
1817 3687 1910 3727 ve-

348 3767 446 3810 rus
487 3765 573 3810 est
601 3757 874 3823 Christus,
925 3775 1032 3814 non
1089 3761 1158 3816 ab
1206 3761 1445 3816 humana
1474 3762 1684 3818 ratione
1709 3762 1911 3817 descri-

350 3847 526 3911 betur,
561 3849 707 3918 quod
736 3866 834 3905 vos
857 3861 1059 3908 temere
1091 3854 1332 3918 tentatis,
1361 3852 1611 3909 homines
1660 3869 1791 3908 sane
1823 3869 1912 3907 ar-

350 3940 596 4008 rogantia
632 3942 954 4010 plenissimi.
992 3942 1179 4013 Neque
1227 3944 1371 3998 enim
1404 3944 1694 4015 propheta,
1736 3958 1912 4014 neque

349 4032 659 4099 apostolus,
701 4049 876 4103 neque
940 4037 1397 4103 evangelistarum
1457 4035 1767 4106 quispiam,
1821 4035 1911 4090 illa

347 4122 596 4189 protulit,
631 4138 752 4192 qua:
780 4139 877 4179 vos
908 4125 1210 4195 impudenti
1234 4127 1393 4196 plane
1417 4127 1602 4181 animo
1628 4127 1775 4196 loqui
1807 4142 1907 4181 au-

346 4212 509 4268 detis.
549 4212 606 4268 Si
657 4216 800 4269 enim
847 4217 984 4271 alter
1016 4225 1100 4272 est
1128 4217 1380 4272 Christus
1421 4232 1454 4270 a
1482 4217 1688 4272 cmlesti
1733 4226 1911 4272 mente

347 4303 405 4355 in
440 4318 506 4357 eo
536 4304 662 4370 sita,
698 4305 1048 4375 perfectaque
1075 4316 1158 4361 est
1184 4322 1335 4362 mens
1359 4308 1472 4373 illa,
1501 4307 1610 4362 duo
1647 4323 1798 4378 ergo,
1827 4324 1913 4362 se-

2011 3120 2144 3184 Θεδς
2177 3120 2270 3172 καὶ
2293 3118 2574 3190 ἄνθρωπός
2609 3119 2755 3169 ἐστιν
2795 3117 2823 3168 6
2852 3117 3108 3188 Χριστὸς,
3139 3119 3233 3172 καὶ
3268 3113 3348 3182 εἷς
3383 3122 3532 3173 ἐστιν
3558 3125 3591 3175 ὀ

2010 3212 2259 3284 Χριστός.
2286 3210 2526 3266 Μάταιον
2546 3204 2638 3264 οὖν
2659 3209 2811 3280 ὑμῶν
2831 3209 2894 3262 τὸ·
2913 3210 3148 3282 σόφισμα
3170 3213 3590 3284 ἐπιχειρούντων

2009 3305 2197 3376 ἕτερόν
2213 3322 2264 3356 τι
2277 3303 2424 3372 παρά
2435 3302 2525 3354 τὸν
2539 3301 2770 3374 Χριστὸν
2787 3302 2843 3354 ἐν
2861 3301 3006 3371 αὐτῷ
3023 3302 3262 3374 θεωρεῖν.
3283 3305 3343 3355 Ol
3359 3305 3457 3373 μὲν
3473 3306 3589 3376 γὰρ

2011 3393 2461 3466 καταχρηστικῶς
2489 3393 2767 3463 λεγόμενοι
2792 3393 3036 3464 Χριστοὶ,
3059 3393 3187 3456 ἴσως
3208 3393 3325 3446 καθ’
3350 3395 3493 3464 ὑμᾶς
3515 3397 3615 3450 ἂν.

2011 3487 2322 3559 θεωροῖντο·
2359 3489 2389 3540 6
2422 3487 2478 3539 δὲ
2521 3487 2662 3539 κατά
2692 3487 2850 3555 φύσιν
2883 3486 3040 3556 μόνος
3077 3485 3320 3556 ἀληθινὸς
3348 3490 3590 3558 Χριστὸς

2009 3581 2107 3650 οὐχ
2134 3581 2237 3635 ὑπὸ
2260 3578 2595 3650 ἀνθρωπίνου
2627 3579 2887 3648 λογισμοῦ
2918 3578 3363 3650 διαγραφήσεται,
3390 3581 3589 3652 ὥσπερ

2010 3672 2167 3742 ὑμεῖς
2193 3672 2424 3742 τολμᾶτε
2454 3670 2586 3740 (52),
2609 3669 2703 3722 καὶ
2735 3667 2983 3731 αὐθάδεις
3007 3669 3283 3736 γεγόνατε.
3314 3669 3448 3722 Οὐδὲ
3473 3670 3588 3741 γὰρ

2010 3762 2315 3832 προφήτης,
2351 3759 2470 3813 οῦδέ
2488 3758 2801 3824 ἀπόστολος,
2823 3757 2946 3812 οὔτε
2969 3775 3052 3822 τις
3063 3757 3168 3811 τῶν
3182 3758 3587 3826 εὐαγγελιστῶν

2009 3850 2179 3904 ταῦτα
2209 3850 2523 3919 ἐφθέγξατο,
2540 3851 2574 3905 ἃ
2598 3852 2751 3921 ὑμεῖς
2773 3851 2950 3904 λαλεῖν
2976 3852 3320 3921 ἐπιχειρεῖτε,
3344 3850 3586 3914 ἀναιδεξ

2009 3942 2106 4014 τὴν
2137 3943 2312 4014 ψυχὴν
2339 3943 2450 4013 (55)
2478 3943 2774 4013 γεγονότες.
2804 3943 2866 3996 Εἰ
2889 3942 2996 4014 γὰρ
3018 3943 3203 4013 ἕτερός
3227 3945 3372 3994 ἐστιν
3394 3942 3422 3994 ὁ
3445 3943 3604 4013 Χρι-λν

2012 4034 2134 4096 στὸς
2157 4034 2307 4105 παρά
2331 4033 2420 4086 τὸν
2443 4032 2757 4104 ἐπουράνιον
2778 4033 2900 4086 νοῦν
2922 4033 3011 4086 τὸν
3030 4036 3085 4085 ἐν
3101 4033 3248 4104 αὐτῷ
3263 4034 3602 4105 γενόμενον,¹

2008 4125 2210 4188 τέλειος
2237 4125 2294 4178 δὲ
2319 4125 2414 4177 καὶ
2443 4127 2471 4177 ὁ
2504 4124 2648 4188 νοῦς,
2677 4123 2770 4178 δύο
2803 4125 2910 4195 ἀρα
2939 4124 3060 4178 καθ’
3095 4126 3268 4195 ὑμᾶς·
3307 4128 3402 4178 καὶ
3439 4127 3581 4196 ὅπερ

2009 4218 2310 4288 δυσφημεῖν
2341 4216 2450 4287 (54)
2479 4215 2706 4280 δοκεῖτε,
2737 4215 2893 4268 τοῦτο
2918 4215 3203 4286 ἐλέγχεσθε
3230 4216 3574 4287 φρονοῦντες.

2010 4309 2152 4362 Νοῦν
2193 4307 2248 4360 δὲ
2275 4307 2594 4380 ἐπουράνιον
2632 4309 2724 4361 καὶ
2767 4309 2815 4360 οἱ
2861 4309 3135 4380 προφῆται
3170 4311 3496 4380 ἐσχήκασιν,
3525 4311 3577 4363 οι

346 4393 586 4446 cundum
622 4410 738 4458 vos,
773 4405 934 4449 erunt
967 4415 980 4450 :
1021 4405 1075 4450 et
1120 4397 1198 4451 sic
1242 4398 1296 4451 in
1329 4413 1447 4451 eam
1495 4398 1732 4452 reciditis
1783 4414 1909 4454 sen-

2019 4398 2081 4451 τά
2109 4397 2404 4469 ἐπουράνια
2436 4398 2528 4451 καὶ
2554 4397 2622 4450 τὰ
2655 4398 2914 4468 μέλλοντα
2939 4399 3014 4461 ὠς
3045 4399 3284 4470 παρόντα
3311 4400 3577 4470 λαλήσαν-

347 4486 597 4551 tentiam,
639 4501 803 4556 quam
839 4488 1098 4542 videmini
1143 4489 1446 4544 maledictis
1473 4490 1759 4546 insectare.
1789 4491 1911 4545 Cae-

346 4575 537 4630 lestem
591 4592 720 4632 vero
777 4587 1011 4632 mentem
1064 4580 1341 4648 propheta:
1385 4596 1604 4650 quoque
1650 4581 1906 4648 habuere,

347 4682 442 4734 qui
478 4667 720 4722 coelestia
765 4678 820 4723 et
852 4668 1056 4731 futura.
1093 4672 1250 4740 quasi
1301 4672 1592 4741 praesentia
1634 4671 1905 4734 fuissent,

343 4757 759 4827 eloquebantur.
811 4760 952 4826 Quid
1005 4761 1171 4831 igitur
1208 4763 1325 4817 haec
1378 4763 1605 4818 omnino
1640 4762 1821 4818 dicere
1855 4763 1907 4817 in

414 4889 527 4970 (‘2_8)
568 4891 724 4948 Prius
753 4895 882 4970 editi
908 4896 1129 4962 habent,
1155 4897 1466 4970 ἀνθρωπίνῃ
1496 4896 1785 4970 μόνῃ,μεείί
1811 4898 1908 4968 μό-

342 4977 410 5034 νῃ
440 4962 610 5034 abest,
639 4974 692 5017 et
719 4965 936 5032 quidem
973 4971 1137 5025 recte.
1174 4984 1204 5022 a
1235 4962 1358 5034 Sag.
1385 4962 1540 5023 Gob'l.
1568 4962 1628 5022 εἴ
1647 4962 1826 5021 Εειειιξ
1857 4971 1906 5022 l.

342 5030 511 5120 Paulo
538 5030 870 5120 Δ[φεμειίἰιξ³
893 5036 1092 5120 habent
1116 5039 1174 5120 ἐν
1201 5030 1454 5120 ὁμοιώσει
1488 5041 1557 5120 τῇ
1577 5037 1734 5120 ῆκαθ’
1753 5039 1910 5120 λημᾷς

347 5101 510 5181 μόνῃἶ
524 5101 595 5181 et
642 5104 778 5181 haec,
809 5108 875 5177 τῇ
905 5106 1027 5160 καθ’
1056 5101 1460 5180 ἡμᾶς,’‹1εειιιιι
1486 5101 1557 5162 in"
1576 5107 1700 5181 ch.
1748 5101 1904 5163 σόει.

342 5156 398 5225 et
422 5156 658 5226 Felckm.
691 5156 745 5228 7f.

413 5239 532 5313 (29),
563 5243 837 5313 Παρθένου
869 5245 1020 5301 deest
1052 5245 1106 5300 in
1135 5245 1292 5302 Gobl.
1317 5256 1371 5301 et
1394 5247 1634 5302 Felckm.
1661 5247 1709 5302 l.
1740 5245 1908 5300 Paulo

343 5320 486 5390 post,
687 5329 783 5395 pro
808 5315 928 5368 καθ’
944 5317 1154 5381 ἕνωσιν,
1183 5317 1344 5372 habet
1375 5319 1515 5371 κατά
1542 5317 1721 5386 φύσιν,
1749 5325 1909 5385 atque

345 5391 419 5433 ita
455 5382 581 5435 lemt
653 5399 871 5435 annuus.

345 5382 419 5433 ita
439 5382 588 5452 (legit;
606 5382 871 5440 Nannius.

417 5449 529 5527 (330)
567 5450 658 5508 Sic
685 5469 875 5512 omnes
901 5453 1013 5512 fere
1041 5456 1413 5527 manuscripti.
1434 5455 1490 5511 In
1515 5457 1674 5512 editis
1700 5464 1903 5520 autem,

251 5520 254 5522 ⁷
345 5519 402 5570 ἐν
433 5519 603 5574 deest.

415 5587 527 5655 (5|)
568 5589 624 5643 In
661 5590 786 5661 Seg.
819 5610 877 5646 τε
908 5594 1076 5648 deest.
1113 5593 1255 5649 Infra
1283 5595 1439 5661 Gobl.
1472 5604 1524 5650 et
1579 5595 1816 5653 Felrkm.
1851 5597 1902 5657 1,

349 5656 560 5723 λέγεται
597 5663 624 5713 ὁ
656 5656 883 5731 Χρῖστὸς
918 5663 1008 5720 καὶ
1029 5663 1180 5728 Θεὸς,
1206 5666 1296 5718 καὶ
1329 5660 1406 5729 εἷς
1431 5668 1571 5718 ἐστιν
1601 5668 1627 5719 ὁ
1655 5656 1900 5739 Χριστός.

2009 4507 2118 4553 τες.
2169 4490 2321 4544 Διατί
2368 4491 2424 4543 δὲ
2465 4490 2598 4553 ὃλως
2626 4488 2800 4542 ταῦτα
2842 4489 3018 4557 λέγειν
3046 4493 3330 4554 ἐπινοεῖτε,
3369 4493 3445 4557 ώς
3478 4495 3574 4546 τοῦ

2009 4579 2208 4632 ἔσωθεν
2238 4580 2348 4646 (⁸55)
2384 4579 2537 4649 ἡμῶν
2575 4579 2860 4648 ἀνθρώπου
2901 4578 3000 4649 οὐχ
3042 4580 3468 4650 ὁμολογουμένου
3516 4583 3575 4634 ἐν

2008 4670 2263 4741 Χριστῷ;
2312 4670 2376 4721 Τί
2417 4665 2508 4722 οῦν
2541 4669 2668 4739 περὶ
2701 4669 2798 4738 τῆς
2837 4667 3014 4738 ψυχῆς
3053 4671 3247 4739 ἐρεῖτε,
3283 4673 3364 4724 ὅτι
3394 4673 3574 4725 καὶτὸ

2011 4759 2171 4831 σῶμα
2204 4760 2296 4812 καὶ
2325 4760 2358 4829 ἡ
2385 4758 2530 4830 ψυχὴ
2558 4761 2603 4828 δὸ
2643 4758 2838 4824 ἔξωθέν
2869 4760 3016 4811 ἐστιν
3044 4759 3355 4830 ἄνθρωπος,
3404 4763 3479 4825 ὠς
3507 4765 3573 4816 ἂν

2009 4891 2172 4963 Basil.
2207 4891 2318 4963 hfec
2349 4891 2567 4963 omittit,
2594 4893 2688 4946 καὶ
2719 4887 2802 4963 εἷς
2829 4892 2982 4963 ἐστιν
3014 4893 3042 4944 ὁ
3071 4893 3320 4963 Χριστός.

2080 4961 2190 5032 (52)
2233 4960 2457 5031 Segucr.
2488 4960 2645 5032 Cohl.
2677 4972 2731 5016 et
2763 4961 3000 5032 Eelckm.
3031 4963 3083 5027 1,
3115 4960 3367 5032 τολμᾶτε.
3407 4963 3566 5026 Editi,

2008 5030 2191 5107 minus
2242 5030 2407 5107 recte,
2436 5031 2720 5107 τολμηταί.
2767 5030 3106 5107 Μοξ-ῖὶιίεηι,
3138 5030 3274 5086 Οὔτε
3302 5033 3410 5106 γὰρ
3440 5053 3572 5107 προ-

2009 5103 2254 5172 φήτης...
2281 5100 2403 5154 οὔτε
2435 5100 2794 5164 ἀπόστολος...
2821 5102 2942 5154 οὐδέ
2973 5119 3074 5163 τις.

2007 5170 2038 5296 ά
2073 5170 2192 5294 (δῖ’)
2233 5171 2618 5242 δεευειίειιυε,
2643 5175 2715 5244 τῇ,
2737 5173 2904 5242 ψυχῇ.
2931 5173 2990 5225 In
3023 5170 3214 5224 eodem
3241 5186 3390 5237 mox,
3420 5173 3567 5227 ἔχειν

2043 5257 2134 5295 εεε
2165 5281 2179 5295 .

2043 5251 2179 5295 8081.

2079 5309 2194 5380 (54)
2234 5308 2400 5381 Editi,
2423 5309 2722 5381 δύσφημον.
2754 5308 2864 5381 Νοε
2899 5308 3021 5381 ξεε.
3059 5309 3243 5381 secuti
3259 5327 3448 5365 sumus
3473 5314 3565 5380 qui

2009 5378 2194 5452 habet,
2223 5378 2548 5452 δυσφημεῖν,
2579 5378 2736 5452 e't‘i‘ta
2765 5378 3190 5452 legit__Nan_nius.
3225 5379 3367 5452 lnf_ra
3415 5378 3564 5452 ευς..

2006 5449 2330 5572 Ξάλοιξράνια
2359 5448 2452 5504 διὰ).
2475 5450 2543 5504 τὰ
2571 5448 2849 5519 μέλλοντα.
2879 5448 2998 5504 Mox
3028 5448 3185 5504 Gobl.
3211 5461 3265 5506 et
3297 5448 3565 5514 Felckfi,

2038 5538 2070 5572 α
2105 5537 2308 5572 ουντες.

2038 5537 2308 5583 αΑουντες.

2080 5590 2190 5661 (ὀξυ)
2232 5589 2528 5661 δεεηέσω.
2565 5589 2729 5646 Paulo
2763 5600 2902 5661 post,
2937 5589 3061 5661 Seg.
3088 5589 3245 5645 Gobl.
3277 5601 3332 5646 et
3360 5588 3572 5656 Fcch,

2009 5661 2072 5714 Τί
2090 5655 2187 5714 ὀὖν
2217 5655 2486 5731 καῖ’περί.
