3810 6228
143 287 178 341 1
195 276 339 343 ιἰτ
1156 283 1432 340 CONTRA
1471 280 2005 338 APOLLINARIUM
2035 279 2236 338 LIBER
2272 279 2551 338 PRIMUS.
3322 279 3460 336 1118

139 402 339 457 ιίποι
375 419 476 465 τις,
511 399 573 452 τὺ
609 393 748 470 αἷμα
787 401 882 452 καὶ
913 399 1009 470 τὴν
1038 399 1252 468 σάρκα;
1311 399 1452 452 amr
1503 397 1694 469 ὥσπερ
1723 397 1770 450 τί

1890 397 2134 453 animum
2181 397 2517 465 induxistis,
2566 396 2724 467 quasi
2779 411 2908 452 vero
2953 394 3009 451 in
3057 393 3312 452 confesso
3349 411 3459 450 non

144 492 362 565 σῶμὰ
391 493 482 546 καὶ
506 491 567 545 τὸ
594 485 733 562 αἷμα
756 493 816 544 ού
843 489 1190 560 διαφεύγουσι
1218 490 1314 562 τὴν
1343 489 1658 561 ψηλάφησιν
1681 491 1770 542 καὶ

1885 495 2086 553 esset,
2141 487 2456 542 interiorem
2511 496 2761 542 nostrum
2814 485 3092 540 hominem
3152 485 3207 539 in
3241 484 3462 540 Christo

143 587 279 654 τὴν
307 583 518 656 τρῶσιν
549 582 723 655 ὁρατὰ
757 583 907 648 ὄντα,
937 581 1146 647 δείξατε
1181 583 1312 653 ἡμῖν
1345 581 1440 634 καὶ
1469 581 1568 652 τὴν
1599 581 1770 651 ψυχὴν

1888 578 2058 633 esse?
2093 577 2204 632 Cur
2239 578 2340 634 hoe
2359 578 2427 634 de
2460 579 2643 633 anima
2682 591 2902 648 quoque
2931 576 3238 647 loquimini,
3271 591 3464 647 nempe

151 675 250 746 μὴ
284 672 700 744 διαφεύγουσαν
724 672 918 738 ταῦτα,
945 672 1041 726 καὶ
1061 671 1261 743 ὁρατὴν
1289 665 1471 724 οὖσαν.
1504 671 1595 734 Ἦ,
1625 671 1672 722 εί
1702 670 1770 740 μὴ

1885 685 2095 746 corpus
2145 677 2199 724 et
2250 671 2505 724 animam
2557 684 2680 725 esse
2717 669 3043 724 exteriorem
3078 670 3378 730 hominem,
3405 677 3466 724 ut

143 741 424 819 δύνασθε
453 764 623 829 δεῖξαι
643 803 658 827 ,
703 764 938 835 φανερός
963 741 1112 817 ἐστιν
1140 763 1168 814 6
1193 741 1370 830 λόγος,
1399 764 1483 816 ὅτι
1505 761 1626 815 οὔτε
1651 763 1770 832 ὁρᾶ-

1885 741 1953 817 de
1991 762 2260 833 sanguine
2283 771 2336 818 et
2366 777 2534 817 carne
2581 762 2707 832 quis
2741 761 2981 816 dixerit?
3012 760 3118 817 Sed
3167 763 3310 818 sicut
3342 778 3466 818 cor-

148 872 264 909 τσιι
291 854 475 926 ψυχὴ,
502 853 626 907 οὔτε
649 854 1026 908 ἀποκτείνεται
1058 852 1163 907 ὑπὸ
1185 852 1471 925 ἀνθρώπου
1503 852 1692 923 ὥσπερ
1717 851 1770 904 τὸ

1901 871 2006 926 pus
2038 863 2093 911 et
2128 855 2350 924 sanguis
2376 862 2684 910 contactum
2713 861 2766 908 et
2792 854 3019 909 vulnera
3058 869 3167 908 non
3198 854 3464 926 effugiunt

151 946 378 1018 σῶμα,
415 946 596 1010 καθὼς
625 946 846 1017 εἴρηκεν
879 945 992 1015 (56)
1029 947 1058 998 6
1098 946 1322 1017 Κύριος.
1359 943 1625 1016 Πείσθητε
1661 939 1770 1009 οὖν,

1900 961 2025 1002 cum
2056 947 2168 1001 sint
2210 946 2479 1011 visibilia;
2519 947 2787 1002 ostendite
2827 947 2986 1001 nobis
3033 927 3271 1007 animam
3331 961 3465 1018 quo-

149 1038 256 1091 rm
315 1039 351 1090 ὁ
383 1037 589 1090 ἔσωθεν
635 1036 792 1107 ἡμῶν
831 1034 1117 1106 ἄνθρωπός
1148 1036 1296 1088 ἐστιν
1327 1037 1360 1106 ἡ
1410 1034 1554 1106 ψυχή
1580 1052 1596 1066 ο
1623 1033 1770 1087 τοῦτο

1888 1055 1999 1110 que
2050 1041 2148 1094 illa
2191 1055 2301 1094 non
2361 1041 2599 1109 eﬂ‘ugere
2645 1049 2700 1124 et
2745 1040 3014 1095 visibilem
3054 1056 3195 1096 esse.
3257 1041 3368 1098 Aut
3413 1043 3462 1096 si

153 1129 275 1182 καὶ
309 1128 420 1199 τῆς
451 1127 676 1199 πρώτης
717 1127 970 1191 πλάσεως
997 1126 1368 1198 δεικνυούσης,
1402 1127 1496 1178 κα)⁵
1530 1127 1630 1197 τῆς
1654 1126 1770 1178 δευ-

1897 1133 2187 1189 ostendere
2214 1149 2324 1187 non
2355 1133 2604 1204 potestis,
2637 1131 2989 1188 manifestum
3034 1140 3140 1199 est,
3174 1148 3353 1202 neque
3379 1135 3463 1187 vi-

153 1220 364 1292 τέρας
395 1218 692 1282 διαλύσεως
723 1217 1017 1291 δηλούσης’
1069 1219 1130 1271 οὐ
1185 1219 1342 1290 μόνον
1375 1220 1460 1286 ἐφ’
1495 1220 1624 1288 ἡμῖν
1657 1217 1770 1270 τού-

1885 1227 2004 1281 deri
2063 1227 2328 1290 animam,
2359 1241 2537 1295 neque
2576 1228 2644 1280 ab
2689 1226 2910 1280 homine
2941 1227 3083 1281 sicut
3123 1241 3322 1294 corpus
3369 1243 3463 1282 oc-

151 1332 294 1368 των
329 1312 695 1382 δεικνυμένων
713 1353 726 1377 ,
765 1311 902 1367 ἀλλὰ
933 1311 1029 1364 καὶ
1057 1313 1115 1365 ὲν
1146 1309 1295 1380 αύτῷ
1324 1309 1404 1380 τῷ
1432 1309 1646 1380 θανάτῳ
1682 1309 1770 1363 τοῦ

1890 1317 2000 1372 cidi
2037 1332 2218 1386 posse,
2257 1326 2317 1370 ut
2341 1316 2481 1371 dixit
2513 1314 2795 1371 Dominus.
2845 1315 3066 1370 Credite
3107 1315 3274 1385 igitur
3324 1318 3462 1371 inte-

153 1403 434 1475 Χριστοῦ
460 1403 731 1456 ἐδείκνυτο
749 1421 762 1435 ·
797 1403 857 1456 τὸ
891 1403 989 1473 μέν
1016 1421 1119 1466 τοι,
1149 1403 1308 1475 μέχρι
1337 1403 1509 1472 τάφου
1543 1403 1770 1472 φθάσαν·

1891 1410 2090 1462 riorem
2121 1417 2369 1462 nostrum
2397 1407 2675 1462 hominem
2711 1421 2833 1461 esse
2853 1406 3127 1461 animam:
3154 1407 3299 1476 quod
3331 1423 3464 1462 sane

155 1498 197 1567 ἡ
231 1496 332 1559 δὲ,
369 1496 530 1567 μέχρι
569 1495 696 1567 ᾅδου
738 1495 990 1551 διαϐᾶσα.
1041 1493 1336 1569 Διαιρετῶν
1363 1495 1420 1548 δὲ
1458 1495 1626 1549 ὄντων
1668 1495 1770 1549 τῶν

1891 1508 1946 1554 et
1973 1499 2150 1569 prima
2183 1497 2437 1554 formatio
2480 1497 2817 1568 comprobat,
2853 1507 2906 1553 et
2956 1513 3190 1568 sequens
3219 1499 3460 1555 dissolu-

153 1589 378 1642 τόπων
405 1587 585 1659 πολλῷ
614 1588 693 1660 τῷ
725 1589 928 1660 μέτρῳ,
961 1589 1054 1641 καὶ
1081 1588 1176 1641 τοῦ
1213 1588 1310 1659 μὲν
1334 1588 1504 1658 τάφου
1541 1606 1770 1660 σωματι-

1891 1590 1969 1645 tio
2025 1591 2311 1660 propalam
2369 1588 2543 1645 facit:
2599 1597 2761 1658 atque
2799 1604 2909 1643 non
2967 1589 3148 1644 solum
3183 1589 3240 1643 in
3279 1589 3460 1655 nobis,

161 1679 288 1750 κὴν
343 1679 728 1752 ἐπιδεχομένου
778 1679 877 1752 τὴν
931 1679 1218 1746 ἐπίϐασιν,
1272 1681 1452 1732 ἐκεῖσε
1492 1682 1672 1752 παρῆν
1717 1681 1770 1734 τὸ

1890 1681 1984 1737 sed
2023 1690 2078 1737 et
2101 1683 2156 1736 in
2210 1683 2328 1752 ipsa
2376 1681 2584 1737 Christi
2617 1689 2797 1737 morte
2847 1681 3007 1754 745
3039 1683 3272 1752 idipsum
3311 1699 3463 1739 com~

159 1773 378 1845 σῶμα,
407 1772 502 1826 τοῦ
528 1772 585 1826 δὲ
613 1772 739 1843 ᾅδου
765 1771 1074 1843 ἀσώματον.

1890 1782 2262 1828 monstratur:
2291 1774 2512 1844 quando
2539 1789 2738 1843 corpus
2787 1773 3008 1844 quidem
3037 1789 3212 1844 usque
3257 1775 3324 1829 ad
3367 1791 3460 1830 se-

158 1865 449 1935 pulcrum
487 1874 697 1920 tantum
731 1864 978 1935 pervenit
1017 1881 1030 1918 :
1075 1863 1258 1917 anima
1305 1877 1435 1918 vero
1483 1863 1548 1917 ad
1602 1862 1873 1918 infernum
1923 1881 2098 1935 usque
2127 1867 2518 1920 transmeavit:
2568 1865 2813 1935 locisque
2841 1865 3018 1921 multo
3039 1867 3217 1936 spatio
3245 1868 3460 1923 distan-

161 1960 362 2026 tibus,
396 1961 709 2030 sepulcrum
743 1960 961 2031 quidem
1006 1958 1348 2029 corporalem
1385 1959 1680 2015 adventum
1732 1959 1965 2029 excepit,
2021 1975 2086 2016 ac
2133 1961 2206 2015 ibi
2243 1975 2444 2031 corpus
2482 1958 2701 2026 adfuit,
2732 1958 2980 2016 infernus
3030 1975 3161 2015 vero
3205 1960 3459 2031 incorpo-

163 2071 349 2112 reum
377 2056 614 2112 admisit.

252 2153 356 2208 14.
392 2153 518 2216 Πῶς
549 2153 660 2224 (57)
689 2154 806 2206 ἐκεῖ
829 2151 1020 2224 παρὼν
1044 2155 1072 2206 6
1105 2152 1308 2224 Κύριος
1341 2151 1664 2223 ἀσωμάτως,
1699 2151 1775 2216 ὠς

168 2244 484 2317 ἄνθρωπος
518 2243 777 2316 ἐνομίσθη
835 2243 939 2297 ὑπὸ
991 2243 1085 2297 τοῦ
1132 2243 1398 2309 θανάτου;
1461 2243 1547 2296 ἵνα
1575 2242 1774 2313 ψυχαῖς

167 2338 308 2398 ταῖς
347 2335 408 2388 ὲν
429 2336 646 2404 δεσμοῖς
695 2334 1108 2405 κατεχομέναις,
1166 2331 1376 2404 μορφὴν
1427 2332 1558 2395 ἰδίας
1600 2331 1776 2402 ψυχῆς

170 2423 545 2478 ἀνεπίδεκτον
591 2424 667 2487 ὡς
698 2422 950 2493 δεκτικὴν
995 2420 1103 2475 τῶν
1131 2420 1345 2492 δεσμῶν
1400 2419 1493 2473 τοῦ
1541 2419 1773 2472 θανάτου

171 2514 589 2587 παραστήσας,
654 2512 934 2585 παροῦσαν
993 2511 1328 2584 παρούσαις,
1390 2509 1654 2582 διαρρήξῃ
1705 2508 1772 2562 τὰ

171 2606 371 2679 δεσμὰ
395 2605 584 2677 ψυχῶν
603 2605 710 2660 τῶν
737 2609 804 2658 ὲν
821 2605 922 2678 ᾇδῃ
955 2604 1359 2676 κατεχομένων,
1394 2603 1484 2656 τὸν
1509 2603 1607 2673 τῆς
1644 2603 1774 2655 ἀνα-

176 2685 888 2769 στάσεωςδιαπηξάμενος
938 2697 1092 2768 ὅρον·
1153 2695 1240 2749 ἵνα
1286 2695 1315 2747 6
1374 2693 1619 2765 πλάστης
1681 2693 1774 2746 καὶ

175 2791 427 2862 ποιητὴς
446 2789 540 2843 τοῦ
571 2788 880 2861 ἀνθρώπου,
919 2789 1013 2842 καὶ
1056 2786 1322 2858 καταδίκῃ
1362 2785 1548 2838 τοῦτον
1570 2784 1774 2838 ὑποϐα-

177 2883 321 2946 λὼν,
356 2883 518 2947 αὐτὸς
543 2881 750 2953 παρὼν,
782 2878 1122 2953 ἐλευθερώσῃ
1151 2880 1217 2933 δι’
1239 2878 1433 2932 ἑαυτοῦ
1456 2877 1515 2944 ἐξ
1550 2877 1774 2948 ὁλοκλή-

184 2993 288 3046 ρου
319 2974 411 3027 τὸν
437 2973 722 3046 ἄνθρωπον
759 2974 818 3026 ὲν
874 2975 1054 3044 μορφῇ
1099 2973 1164 3042 τῇ
1210 2968 1426 3023 ἑαυτοῦ.
1481 2967 1620 3022 Οὔτε
1661 2967 1770 3040 γὰρ

183 3066 428 3129 θάνατος
457 3063 829 3142 ὑπερισχύσας
855 3064 1170 3134 ὑπηγάγετο
1220 3060 1397 3131 ἐαυτῷ
1433 3060 1534 3131 τὴν
1568 3059 1776 3130 ἁνθρω-
1804 3059 1846 3116 C

183 3158 361 3226 πίνην
388 3157 484 3210 τοῦ
542 3157 714 3225 Λόγου
743 3155 855 3226 (58)
890 3155 1069 3226 ψυχὴν
1131 3155 1211 3217 εἰς
1245 3151 1459 3222 δεσμῶν
1514 3151 1770 3221 κατοχήνο

183 3250 321 3304 οὔτε
346 3248 505 3304 πάλιν
533 3249 567 3319 ἡ
595 3247 770 3318 φθορὰ
785 3243 1121 3318 τυραννικῶς
1153 3243 1500 3314 διαρπάσασα
1524 3241 1584 3294 τὸ
1619 3240 1778 3310 σῶμα

186 3344 413 3413 ἐνεργεῖ
463 3341 541 3404 εἰς
581 3337 899 3410 διαφθορὰν,
954 3337 1028 3400 ὼς
1077 3335 1426 3406 ἀπρονοήτων
1457 3331 1625 3386 ὄντων
1669 3329 1776 3383 τῶν

187 3431 562 3506 πραγμάτων.
589 3430 774 3494 Οὕτως
802 3430 909 3502 γὰρ
956 3431 1155 3482 ἐννοεῖν
1187 3429 1248 3481 τὸ
1296 3425 1535 3480 τοιοῦτον
1559 3423 1773 3488 ἀσεϐές·

187 3527 314 3580 ἀλλ’
347 3526 376 3578 ὀ
409 3525 509 3596 τὴν
549 3522 803 3587 ἐξέτασιν
834 3522 934 3593 τῆς
987 3520 1270 3594 παρακοῆς
1298 3517 1662 3589 ποιησάμενος
1685 3515 1778 3569 καὶ

189 3619 379 3691 κρίσιν
406 3612 702 3684 ἐπαγαγὼν
728 3613 861 3684 (59),
879 3611 1074 3682 διπλῆν
1100 3612 1200 3682 τῆς
1235 3609 1501 3682 τιμωρίας
1524 3607 1622 3679 τὴν
1646 3605 1779 3660 ἀπό-

190 3725 366 3779 φασιν
410 3706 628 3760 δέδωκε·
666 3703 746 3774 τῷ
782 3704 880 3775 μὲν
915 3703 1088 3774 γηΐνῳ
1136 3701 1390 3774 εἰρηκώς·
1429 3699 1518 3768 Γῆ
1561 3694 1634 3762 εἴ,
1677 3697 1777 3752 καὶ

190 3804 282 3868 εἰς
313 3799 430 3868 γῆν
451 3797 787 3865 ἀπελεύσῃ·
823 3795 920 3849 καὶ
945 3793 1118 3858 οὕτως
1153 3793 1474 3862 ὑποδέχεται
1507 3789 1682 3862 φθορὰ
1714 3790 1778 3843 τὸ

194 3897 361 3966 σῶμα
379 3935 394 3959 ,
423 3891 692 3945 Δεσπότου
721 3886 1164 3958 ἀποφηναμένουο
1188 3886 1253 3954 τῇ
1281 3882 1336 3936 δὲ
1356 3882 1521 3953 ψυχῇο
1539 3878 1780 3947 Θανάτῳ

193 3982 493 4050 ἀποθανῇ·
534 3982 628 4036 καὶ
664 3978 838 4042 οὕτως
880 3975 1004 4048 διχῆ
1052 3974 1337 4044 διαιρεῖται
1393 3973 1421 4024 6
1474 3969 1774 4041 ἄνθρωπος,

192 4077 292 4131 καὶ
326 4079 384 4130 ὲν
415 4074 535 4128 δυσὶ
562 4074 748 4134 τόποις
782 4066 1023 4140 οἴχεσθαι
1067 4062 1484 4128 καταδικάζεται
1517 4060 1652 4131 (40).
1681 4057 1780 4112 Διὰ

193 4168 354 4222 τοῦτο
392 4166 549 4238 χρεία
613 4163 806 4233 γέγονε
868 4158 961 4212 τοῦ
1003 4155 1447 4228 ἀποφηναμένου,
1491 4153 1577 4206 ἵνα
1618 4150 1780 4213 αὐτὸς

194 4261 262 4315 δι’
295 4258 488 4314 ἑαυτοῦ
518 4257 657 4330 λύσῃ
690 4255 791 4326 τὴν
824 4250 1016 4306 ἑαυτοῦ
1049 4249 1342 4317 ἀπόφασιν.
1391 4246 1450 4298 ὲν
1478 4243 1654 4316 μορφῇ
1682 4239 1776 4294 τοῦ

1954 2149 2041 2203 14.
2072 2145 2188 2213 Qua
2228 2149 2440 2200 ratione
2464 2144 2648 2216 igitur,
2683 2159 2810 2198 cum
2833 2142 3097 2199 Dominus
3131 2143 3243 2199 illic
3271 2143 3457 2199 incor-

1883 2241 2145 2313 poraiiter
2176 2240 2410 2304 adesset,
2445 2239 2610 2292 homo
2637 2245 2821 2292 tamen
2848 2250 2878 2290 a
2907 2245 3081 2292 morte
3108 2236 3455 2293 existimatus

1881 2344 1964 2390 est
1991 2334 2014 2387 ‘l
2045 2340 2105 2387 ut
2140 2331 2426 2386 animabus
2452 2330 2507 2385 in
2537 2329 2771 2385 vinculis
2795 2329 3049 2392 detentis,
3082 2328 3314 2398 propriae
3335 2328 3454 2382 ani-

1883 2441 1986 2480 mae
2027 2423 2260 2479 formam
2281 2465 2297 2490 ,
2330 2423 2642 2493 incapacem
2669 2421 3011 2476 vinculorum
3039 2420 3232 2476 mortis
3252 2461 3267 2486 ,
3295 2419 3454 2490 quasi

1880 2532 2136 2588 capacem
2162 2516 2445 2581 exhibens,
2475 2515 2833 2584 praesentibus
2862 2523 3204 2583 praesentem,
3231 2512 3451 2566 vincula

1866 2601 2189 2666 "animarum
2224 2611 2280 2664 in
2308 2608 2523 2664 inferno
2559 2608 2903 2663 detentarum
2940 2607 3328 2676 disrumperet,
3359 2620 3451 2659 re-

1879 2703 2345 2772 surrectionisque
2373 2701 2666 2758 terminum
2703 2701 3015 2772 designaret
3051 2719 3064 2754 :
3097 2708 3155 2754 ut
3179 2699 3448 2764 conditor,

1879 2803 1935 2850 et
1972 2793 2144 2849 factor
2175 2794 2435 2857 hominis,
2460 2801 2514 2848 et
2542 2793 2636 2862 qui
2660 2793 2940 2847 hominem
2963 2791 3299 2848 damnationi
3323 2790 3451 2844 sub-

1875 2888 2082 2957 jecerat
2101 2925 2116 2950 ,
2149 2886 2264 2955 ipse
2284 2899 2522 2954 praesens
2556 2899 2655 2954 per
2679 2884 2919 2955 seipsum
2943 2926 2957 2950 ,
2983 2867 3259 2938 hominem
3292 2881 3452 2950 plane

1880 2981 1934 3034 in
1959 2995 2056 3034 sua
2076 2980 2247 3050 ipsius
2264 2977 2440 3032 forma
2461 2978 2736 3032 liberaret.
2761 2975 3113 3046 Nequaquam
3133 2975 3277 3031 enim
3301 2983 3452 3029 tanta

1877 3074 2071 3129 mortis
2113 3073 2194 3127 vis
2225 3070 2330 3126 fuit
2356 3111 2370 3135 ,
2401 3079 2462 3125 ut
2501 3069 2797 3139 subiiceret
2825 3068 2930 3122 sibi
2960 3067 3257 3122 humanam
3285 3065 3449 3122 Verbi

1877 3163 2138 3226 animam,
2166 3175 2231 3216 ac
2265 3175 2386 3214 eam
2418 3159 2475 3212 in
2507 3157 2739 3212 vinculis
2761 3155 3027 3211 detineret
3062 3174 3075 3209 :
3113 3171 3290 3224 neque
3317 3171 3447 3211 rur-

1876 3268 1998 3308 sum
2044 3250 2324 3320 corruptio
2363 3250 2700 3320 tyrannicam
2735 3248 2790 3302 in
2825 3261 3023 3317 corpus
3049 3247 3170 3316 ejus
3196 3247 3305 3300 vim
3341 3247 3448 3302 sibi

1877 3340 2150 3411 arrOgavit
2170 3380 2186 3403 ,
2243 3347 2302 3393 ut
2332 3336 2694 3408 pulrefaceret
2723 3336 2901 3406 ipsum
2928 3377 2944 3403 ,
2996 3337 3151 3406 quasi
3180 3350 3267 3390 res
3296 3335 3446 3390 nulla

1876 3432 2216 3502 providentia
2241 3439 2578 3501 gererentur.
2637 3427 2716 3482 lta
2744 3427 2888 3482 enim
2911 3442 2975 3482 ea
2997 3427 3064 3481 de
3091 3442 3150 3480 re
3182 3426 3445 3495 cogitare,

1876 3527 2101 3595 impium
2143 3523 2343 3589 fuerit;
2378 3523 2472 3578 sed
2520 3522 2613 3592 qui
2644 3522 2711 3576 de
2742 3519 2982 3574 hominis
3027 3518 3442 3588 inobsequentia

1877 3615 2229 3686 quaestionem
2258 3612 2481 3678 habuit,
2524 3611 2788 3681 judicium
2823 3609 3005 3678 dedit,
3035 3625 3146 3680 quo
3171 3609 3442 3678 duplicem

1875 3719 2050 3775 poenae
2081 3702 2406 3758 sententiam
2439 3701 2691 3771 protulit,
2723 3707 2940 3754 terreno
2968 3700 3185 3769 corpori
3215 3701 3441 3756 dicens:

1880 3797 2042 3852 Terra
2082 3813 2136 3851 es
2163 3837 2178 3864 ,
2211 3807 2259 3850 et
2292 3797 2346 3850 in
2380 3803 2574 3848 terram
2596 3794 2864 3848 reverteris
2887 3793 2931 3824 ⁶¹
2961 3809 2976 3859 ;
3006 3801 3168 3863 atque
3199 3794 3273 3847 ita
3297 3833 3313 3859 ,
3338 3790 3445 3847 Do-

1877 3890 2028 3944 mino
2061 3887 2382 3944 sententiam
2417 3885 2654 3950 ferente,
2683 3885 2958 3955 corruptio
2987 3901 3188 3955 corpus
3210 3886 3440 3955 excipit;

1878 3979 2074 4035 anima:
2098 3985 2301 4042 autem,
2337 3976 2506 4031 Morte
2539 3977 2778 4030 morieris
2801 3977 2846 4008 ⁸³
2877 3995 2891 4043 ;
2924 3987 2979 4032 et
3008 3978 3086 4032 sic
3115 3978 3170 4030 in
3193 3977 3331 4033 duas
3361 3977 3444 4032 di-

1875 4070 2080 4126 viditur
2107 4077 2288 4140 partes
2312 4067 2496 4135 homo,
2529 4067 2930 4136 damnaturque
2957 4066 3026 4121 ad
3054 4066 3162 4122 duo
3191 4066 3442 4122 secedere

1877 4165 2016 4220 loca.
2045 4161 2314 4229 Quocirca
2339 4175 2477 4230 opus
2507 4159 2608 4212 fuit
2634 4158 2940 4229 iudicante,
2971 4166 3030 4213 ut
3055 4158 3169 4228 ipse
3196 4173 3292 4228 per
3322 4173 3444 4214 sese

1878 4271 2040 4312 suum
2082 4255 2313 4311 solveret
2343 4254 2618 4309 decretum
2643 4291 2659 4317 ,
2714 4251 2844 4306 dum
2873 4251 2926 4305 in
2968 4251 3141 4305 forma
3176 4252 3439 4317 damnati;

195 4349 686 4411 καταδικασθέντος
763 4341 1181 4411 ἀκαταδικάστῳ
1247 4338 1342 4392 καὶ
1411 4333 1770 4405 ἀναμαρτήτῳ

1885 4347 2214 4414 indemnata,
2239 4354 2293 4401 et
2318 4344 2524 4416 peccati
2549 4352 2769 4414 experte
2793 4345 2940 4400 visus
2964 4353 3080 4410 est;
3106 4352 3166 4398 ut
3185 4353 3238 4399 et
3258 4359 3443 4398 recon-

193 4442 401 4514 ὀφθείς
457 4441 544 4494 ἵνα
588 4409 682 4493 καῖ
715 4440 750 4509 ἡ
794 4433 1106 4505 καταλλαγὴ
1155 4409 1249 4484 τοῦ
1311 4428 1446 4483 Θεοῦ
1502 4426 1636 4498 πρὸς
1682 4424 1770 4478 τὸν

1885 4438 2079 4493 ciliatio
2118 4409 2212 4490 Dei
2260 4409 2384 4489 cu-m
2436 4409 2657 4488 homine
2691 4433 2879 4498 ﬁeret,
2927 4441 2980 4485 et
3023 4429 3244 4484 libertas
3277 4429 3442 4484 totius

194 4534 482 4603 ἄνθρωπον
505 4531 748 4602 γένηται,
784 4527 879 4581 καὶ
909 4527 942 4597 ὴ
986 4521 1264 4594 ἐλευθερία
1306 4519 1402 4572 τοῦ
1440 4516 1640 4579 παντὸς
1680 4515 1773 4568 ἀν·-

197 4627 416 4700 θρώπου
448 4625 514 4678 δι’
540 4623 828 4696 ἀνθρώπου
862 4620 972 4692 (41)
1005 4616 1242 4689 ὑπάρξῃ,
1299 4617 1355 4667 ὲν
1395 4615 1461 4684 τῇ
1494 4609 1770 4680 καινότητι

270 4741 312 4773 ⁸⁸
348 4739 484 4794 Gen.
512 4753 594 4802 ιιι,
621 4736 707 4790 19.
787 4735 831 4766 ⁵³
854 4732 988 4788 Gen.
1022 4746 1082 4796 ιι,
1117 4728 1201 4783 18.

270 4851 382 4977 (36)
424 4849 576 4922 Seg.,
607 4847 954 4928 προείρηκεν.
982 4843 1108 4897 Mox
1138 4839 1422 4910 Anglican.
1457 4836 1579 4908 Seg.
1611 4834 1766 4891 Gobl.

295 4923 442 4976 ckm.
471 4922 524 4977 1,
551 4924 580 4974 6
610 4920 718 4973 ἔσω
750 4920 905 4977 ἡμων
938 4914 1240 4977 ἄνθρωπος.
1407 4976 1415 4977 7

198 4920 442 4978 Felckm.
471 4920 524 4985 i,
551 4924 580 4974 6
610 4920 718 4973 ἔσω
750 4920 905 4989 ἡμῶν
938 4920 1240 4985 ἄνθρωπος.

269 4992 381 5069 (δη
412 4985 1014 5069 Ἴνα.‹δοευςτο.ῖ⁵1τθυς)
1048 4983 1196 5069 ψυχὴ
1214 4980 1284 5069 νῇ
1303 4980 1375 5069 Ξῖ
1399 4976 1614 5069 ἕξεξξξρὶε
1635 4992 1771 5069 κεῖ·

199 5044 1772 5186 eraemansisse:sane..63;

199 5134 334 5190 bler.
367 5141 422 5187 et
449 5134 594 5186 Felc.
639 5134 693 5194 1,
729 5134 823 5184 sed
863 5134 1142 5189 mendose,
1167 5134 1227 5175 ut
1262 5134 1498 5177 ridetur,
1522 5134 1666 5181 mox,
1695 5134 1772 5180 ως

198 5203 456 5274 δεκτικήν
470 5199 613 5274 quod
632 5199 691 5274 in
712 5194 1075 5274 editis_deerat
1091 5232 1108 5260 ,
1133 5206 1200 5274 et!
1233 5189 1587 5274 iisdemirnss.
1613 5187 1774 5274 regii:

200 5259 429 5334 tuimus',
447 5259 506 5326 et-
524 5271 606 5327 sic
631 5271 836 5340 legerat
863 5259 1325 5323 Nannius.lPaulo
1350 5265 1492 5340 post,
1519 5259 1773 5340 παροῦσα

203 5325 625 5415 παροῦσῶνίείο
653 5325 816 5395 iidem
859 5350 996 5391 mss.
1042 5325 1498 5404 perperam.‘Mox
1519 5325 1767 5398 Seguer.,

409 5480 519 5536 Τοῦ
555 5480 741 5553 ᾼόγου⁸
761 5477 929 5553 deest_
965 5475 1041 5553 in“
1060 5471 1227 5552 editis.
1271 5468 1520 5553 Grieci's,‘
1545 5478 1774 5553 εειιξκς

201 5535 797 5638 pri‘miiurinnlialinis,
813 5557 877 5638 et
893 5535 1772 5638 min.A§egueritgiqgabeiurhhiof

548 5623 764 5678 Goiiler.
786 5606 860 5672 ἐι
893 5606 1130 5671 ῈθΙρΙίῐῆ.
1168 5614 1218 5676 1,
1315 5607 1480 5662 πάλιν
1501 5610 1536 5678 ή
1576 5606 1765 5678 φθορά.

205 5695 325 5752 Mox
376 5688 817 5766 διεξίασι-,καύτοῦ
860 5687 920 5741 τὸ
954 5685 1132 5756 σῶμα.
1185 5681 1319 5740 Ibid.
1371 5694 1559 5736 omnes
1610 5693 1766 5743 mss.,

1873 4527 2110 4583 hominis
2133 4541 2229 4596 per
2264 4525 2537 4580 hominem
2574 4524 2808 4578 oriretur
2837 4523 2890 4576 in
2921 4521 3161 4576 novitate
3188 4519 3442 4590 imaginis

1876 4619 1999 4674 Filii
2026 4618 2145 4688 ejus
2167 4616 2294 4674 Jesu
2326 4615 2529 4673 Christi
2560 4614 2776 4670 Domini
2805 4614 2998 4670 nostri.
3052 4611 3203 4678 Quod
3231 4612 3276 4667 si
3306 4611 3440 4666 mihi

1871 4839 2182 4910 διαφθοράν.
2210 4837 2375 4910 Editi,
2400 4837 2704 4910 6tacpopa'tv,_
2713 4835 2874 4910 male.

1945 4905 2309 4981 (39)jSegt_ter.
2334 4905 2638 4981 GoblerIet
2665 4907 2844 4981 Felck.
2882 4907 2934 4970 1,
2961 4905 3262 4981 ἐναγαγὼν.
3291 4907 3438 4981 infra

1872 4975 2374 5048 εάἱιί,’ύποδέχεται
2420 4977 2613 5048 φθορά,
2670 4976 2772 5048 sed
2808 4991 2912 5048 vos
2951 4975 3330 5044 φθοοάίώρει
3381 4979 3436 5033 in

1875 5047 2124 5120 Seguer”
2161 5044 2269 5120 nec.
2286 5044 2548 5120 expressa
2563 5055 2648 5120 est
2667 5062 2697 5101 a
2726 5044 2960 5120 Nannio.

1945 5114 2058 5190 (40)
2091 5119 2168 5174 Ita
2191 5114 2428 5190 Seguer.
2453 5117 2671 5190 (ᾔομεν,
2699 5114 2932 5190 et__Felc.
2965 5116 3014 5170 1.
3048 5115 3190 5190 Editi
3221 5133 3350 5190 vero
3381 5127 3438 5173 et

1873 5183 1989 5255 alii,
2013 5183 2439 5259 €5cara6:x&o_0q._
2467 5185 2612 5242 Infra
2643 5187 2856 5259 Anglic.
2883 5183 3105 5259 Seguer.
3139 5185 3354 5259 Go_bler.
3383 5197 3439 5243 et

1871 5259 2017 5319 Felc.
2049 5260 2104 5326 1,
2147 5256 2611 5328 άκαταδικάστωςᾲ
2634 5257 2729 5310 καὶ
2751 5256 3180 5328 ἀναμαρτήτως.
3205 5256 3347 5312 Editi
3382 5266 3477 5313 et.

1873 5329 1989 5392 alii;
2016 5328 2430 5400 ἀκαταδικάστῳ
2470 5327 2564 5382 καὶ
2589 5326 2976 5398 ἀναμαρτήτῳ,
3006 5326 3236 5400 utraque
3277 5328 3438 5383 lectio

1873 5401 2141 5472 quadrare
2170 5399 2404 5472 videtur.

1947 5471 2058 5543 (41)
2095 5468 2338 5543 Ηέιξοηδί
2373 5463 2680 5543 ἀνθρῴπου,
2715 5467 2931 5543 desunt.
2955 5467 3008 5523 in
3057 5467 3282 5543 Seguer:
3307 5467 3440 5543 ﬁo:

1873 5537 2009 5596 bler.
2038 5537 2093 5596 et
2125 5538 2365 5594 Felckm.
2408 5539 2456 5591 l.
2487 5539 2602 5592 Mox
2635 5553 2825 5593 omnes
2857 5537 2969 5594 fere
2994 5537 3155 5605 ωεεῷ
3184 5538 3278 5598 τοῦ
3307 5537 3440 5592 Υἱοῦ

1877 5609 2040 5666 αὐτοῦ
2086 5608 2276 5680 Ἰησοῦ.
2305 5608 2472 5675 Editi,
2505 5606 2599 5660 τοῦ
2630 5607 2759 5660 Υίοῦ
2785 5609 2878 5663 τοῦ
2912 5608 3104 5680 Ἰησοῦ.
