3810 6228
368 277 510 336 Hi9

945 277 1004 334 S.
1047 275 1427 334 ATHANASII
1464 275 1618 334 OPP.
1659 277 1841 334 PARS
1877 278 1917 334 l.
1955 308 2022 319 —-
2063 278 2432 338 lllSTOillCA
2483 284 2567 338 ET
2605 283 3024 345 DDGMATICA.

3518 289 3690 345 “20

363 394 535 450 alium
564 392 932 450 damnationis
961 393 1165 455 locum,
1197 406 1392 461 praeter
1414 393 1516 447 hos
1543 392 1681 447 duos
1706 393 1935 448 indicart

2083 393 2150 463 ἧς
2175 397 2382 460 εἰκόνος
2400 397 2494 450 τοῦ
2528 399 2660 452 Υἱοῦ
2683 397 2845 451 αὐτοῦ
2894 399 3068 471 Ἰησοῦ
3119 402 3357 473 Χριστοῦ
3396 405 3514 458 τοῦ
3553 408 3690 457 Κυ-

364 486 560 542 valetis
581 527 597 553 ,
625 487 826 542 merito
856 485 1108 541 dixeritis
1139 486 1193 538 in
1227 495 1336 539 tres
1365 494 1548 555 partes
1575 485 1742 540 dividi
1769 486 1949 540 homi-

367 593 491 634 nem
528 585 622 632 :et
659 594 726 631 ex
751 577 967 632 duobus
1008 576 1230 646 quidem
1261 577 1396 631 locis
1430 577 1834 631 revocationem
1867 576 1950 630 fa-

365 677 510 724 ctam
529 683 684 733 esse;
709 668 765 722 in
787 667 950 722 tertio
975 683 1101 723 vero
1121 668 1335 722 tertiam
1359 675 1566 736 partem
1588 683 1807 722 manere
1830 669 1948 722 vin-

365 760 505 816 culis
537 759 872 830 colligatam.
898 757 956 814 Si
979 774 1109 813 vero
1132 757 1342 814 nullum
1367 758 1533 814 alium
1561 759 1743 814 locum
1771 769 1947 815 osten-

363 851 492 908 dere
539 852 766 922 potestis
791 892 805 917 ,
848 861 1046 922 praeter
1077 855 1390 922 sepulcrum
1436 863 1490 909 et
1524 855 1831 923 infernum,
1879 873 1944 912 ex

363 945 564 1016 quibus
583 944 749 1000 homo
779 945 1016 1015 perfecte
1044 955 1262 1015 ereptus
1288 948 1359 1001 sit
1388 945 1631 1018 (Christo
1660 965 1754 1017 per
1787 965 1941 1004 suam

362 1038 659 1108 perfectam
697 1049 752 1094 et
785 1039 1128 1094 verissimam
1163 1039 1396 1094 formam
1444 1049 1647 1095 nostra:
1684 1043 1940 1109 similem,

363 1147 466 1186 nos
497 1130 801 1202 liberante),
827 1147 928 1186 cur
951 1131 1130 1186 adhuc
1153 1132 1281 1186 talia
1313 1131 1588 1202 profertis,
1618 1135 1774 1202 quasi
1801 1133 1943 1189 Deus

364 1223 607 1279 humano
630 1225 815 1293 generi
838 1225 1078 1280 nondum
1114 1225 1501 1281 reconciliatus
1523 1226 1634 1282 sit?
1657 1226 1942 1292 Quomodo

363 1316 530 1386 igitur
558 1314 810 1370 Salvator
843 1317 1098 1371 advenit?
1136 1333 1203 1371 an
1229 1319 1374 1387 quod
1406 1333 1514 1372 non
1542 1329 1726 1388 posset
1766 1327 1940 1374 totum

363 1408 577 1462 solvere
607 1407 918 1462 hominem?
938 1424 1006 1463 an
1029 1410 1173 1478 quod
1205 1418 1441 1464 mentem
1473 1427 1596 1477 quae
1621 1413 1789 1466 semel
1816 1428 1942 1482 pec-

363 1501 572 1555 caverit
605 1501 674 1555 sit
700 1502 1056 1556 exsecratus?
1085 1516 1153 1555 an
1181 1502 1341 1572 quasi
1372 1503 1607 1567 timeret,
1642 1520 1710 1559 ne
1731 1514 1786 1559 et
1827 1507 1942 1576 ipse

361 1593 570 1662 peccati
603 1593 874 1662 particeps
901 1604 1066 1656 esset,
1092 1595 1168 1660 si,
1194 1610 1319 1648 cum
1349 1594 1493 1651 Deus
1523 1597 1628 1662 sit,
1664 1597 1939 1666 perfectus

362 1687 530 1742 homo
557 1687 752 1743 fieret?
781 1686 886 1743 Sed
910 1688 1203 1758 impietatis
1232 1689 1374 1758 pleni
1400 1699 1560 1753 sunt,
1595 1691 1687 1760 qui
1729 1691 1843 1746 haec
1865 1692 1936 1744 ita

361 1779 624 1849 cogitant.
683 1779 856 1845 Quam
893 1781 1038 1834 enim
1069 1790 1292 1850 peccato
1319 1781 1691 1837 definitionem
1741 1783 1938 1837 tribui-

361 1875 454 1940 tis,
483 1873 577 1943 qui
609 1873 724 1928 haec
754 1873 1063 1942 loquimini,
1093 1884 1372 1944 peccatum
1412 1875 1617 1932 aientes
1649 1891 1712 1931 ex
1744 1885 1942 1933 natura

360 1979 483 2019 esse
503 2005 517 2032 ,
543 1973 604 2019 ut
629 1965 764 2019 dixit
793 1965 1156 2036 impiissimus
1183 1965 1559 2023 Manichaeus?

433 2132 520 2188 l5.
545 2130 671 2188 Haec
693 2132 823 2188 dum
846 2133 920 2186 ita
951 2132 1167 2188 sentitis
1185 2173 1202 2199 ,
1229 2132 1495 2188 creatoris
1521 2139 1729 2187 natura:
1755 2131 1941 2187 crimi-

361 2233 583 2280 natores
607 2226 763 2281 estis.
795 2225 930 2280 Cum
961 2227 1030 2282 ab
1054 2227 1211 2281 initio
1239 2226 1383 2281 Deus
1407 2227 1578 2282 Adam
1612 2227 1938 2292 eﬂ‘ormavit,

362 2335 491 2375 num
517 2321 766 2375 innatum
791 2321 896 2391 ipsi
921 2329 1204 2390 peccatum
1224 2321 1432 2376 effecit?
1454 2320 1592 2387 Quid
1618 2321 1783 2392 igitur
1802 2337 1941 2391 prae-

361 2426 520 2484 cepto
548 2430 685 2485 opus
724 2415 870 2470 fuit?
907 2431 1008 2470 cur
1028 2416 1182 2470 illum
1215 2413 1498 2470 damnavit
1535 2413 1682 2484 quod
1714 2428 1937 2483 peccas-

361 2516 444 2562 set
459 2507 483 2561 ?
501 2521 612 2577 quo
632 2516 791 2577 pacto
812 2506 984 2562 Adam
1009 2517 1136 2562 ante
1158 2505 1580 2562 inobedientiam
1605 2520 1714 2560 non
1737 2519 1941 2575 cogno-

359 2600 501 2655 verit
528 2601 730 2656 bonum
764 2608 818 2656 et
847 2601 1092 2656 malum?
1123 2600 1296 2666 Quem
1325 2599 1533 2655 scilicet
1563 2597 1704 2653 Deus
1733 2598 1940 2653 creavit

358 2692 418 2747 in
465 2691 900 2763 incorruptione,
941 2701 996 2748 et
1032 2693 1100 2748 ad
1131 2693 1424 2763 imaginem
1455 2707 1568 2746 suae
1594 2690 1933 2754 aeternitatis,

359 2783 613 2839 eumdem
647 2793 843 2837 natura
871 2783 1081 2853 peccati
1113 2791 1354 2851 experte,
1385 2791 1440 2836 et
1464 2779 1746 2836 voluntate
1768 2779 1938 2834 libera

360 2874 586 2930 donavit
609 2892 624 2928 :
652 2868 868 2929 Invidia
887 2883 1064 2928 autem
1085 2873 1285 2928 diaboli
1307 2890 1447 2930 mors
1469 2874 1688 2928 intravit
1709 2875 1766 2928 in
1786 2889 1942 2928 mun-

361 2967 487 3022 dam
503 2967 568 3035 “,
610 2983 734 3023 cum
765 2966 930 3040 746
954 2967 1002 3022 is
1025 2967 1481 3036 transgressionis
1505 2965 1698 3022 artifex
1721 2975 1940 3022 auctor-

2051 485 2168 558 ρίου
2203 488 2378 557 ἡμῶν.
2415 490 2477 542 Εἰ
2505 491 2689 545 δέ-καὶ
2725 491 2911 563 ἕτερον
2930 493 3092 546 τόπον
3129 496 3434 568 καταδίκης
3467 497 3686 561 δεῖξαι

2047 577 2296 642 δύνασθε,
2325 582 2551 645 εἰκότως
2588 581 2654 636 ἂν
2699 582 2908 652 λέγοιτε
2943 585 3056 652 (42)
3107 586 3268 658 τριχῆ
3301 588 3683 660 διαιρεῖσθαι

2046 671 2140 723 τὸν
2165 671 2469 743 ἄνθρωπον·
2521 675 2615 727 καὶ
2664 675 2729 727 ἐκ
2769 676 2867 746 μὲν
2895 676 3003 729 τῶν
3035 677 3129 731 δύο
3165 679 3348 734 τόπων
3371 684 3476 752 τὴν
3513 683 3682 734 ἀνά-

2047 762 2239 845 κλησιν
2262 763 2563 832 γεγονέναι,
2589 768 2646 819 ἐν
2677 765 2734 820 δὲ
2768 767 2847 838 τῷ
2899 768 3066 840 τρίτῳ
3101 771 3284 837 μένειν
3322 774 3381 826 ἐν
3413 774 3680 845 δεσμοῖς

2043 839 2104 908 τὸ
2132 855 2434 926 δεδεμένον.
2470 858 2532 910 Εἰ
2576 859 2634 911 δὲ
2703 860 2777 931 μὴ
2809 839 2959 930 ἔχετε
3005 839 3175 926 δεῖξαι
3239 863 3428 935 ἕτερον
3471 839 3677 919 τρέπου

2044 945 2196 1017 παρὰ
2239 947 2330 999 τὸν
2362 948 2532 1015 τάφον
2584 950 2680 1002 καὶ
2727 949 2818 1002 τὸν
2852 948 3003 1021 ᾅδην,
3045 951 3105 1016 ἐξ
3154 945 3230 1006 ὧν
3255 953 3676 1024 ἡλευθέρωται

2039 1037 2260 1100 τελείως
2288 1040 2316 1091 ὁ
2344 1039 2648 1109 ἄνθρωπος,
2705 1040 2942 1112 Χριστοῦ
2985 1042 3454 1114 ἐλευθερώσαντος
3486 1048 3673 1116 ἡμᾶς

2041 1130 2100 1181 ἐν
2127 1131 2193 1200 τῇ
2251 1130 2447 1184 ἑαυτοῦ
2500 1131 2622 1184 καθ’
2658 1133 2808 1203 ἡμᾶς
2873 1136 3054 1205 μορφῇ
3121 1133 3305 1206 τελείᾳ
3346 1137 3445 1189 καὶ
3501 1137 3670 1207 ἀλη-

2041 1221 2292 1294 θεστάτη·
2338 1223 2454 1287 πῶς
2482 1223 2562 1277 ἔτι
2594 1225 2768 1280 ταῦτα
2808 1226 3017 1294 λέγετε,
3057 1228 3133 1292 ὡς
3179 1229 3392 1283 οὐδέπω
3427 1231 3665 1284 κατα).-

2041 1313 2297 1382 λαγέντος
2325 1317 2390 1386 τῇ
2421 1315 2800 1388 ἀνθρωπότητι
2842 1318 2952 1388 (45)
2989 1319 3084 1373 τοῦ
3132 1319 3309 1385 Θεοῦ;
3371 1323 3500 1386 Πῶς
3537 1320 3660 1376 οὖν

2041 1406 2384 1478 ἐπεδήμησεν
2418 1410 2446 1461 6
2475 1409 2700 1480 Σωτήρ;
2750 1409 2782 1479 ἢ
2807 1409 2883 1472 ὡς
2907 1410 3164 1474 ἀδύνατος
3213 1411 3305 1463 τὸν
3332 1411 3658 1482 σύμπαντα

2040 1499 2196 1552 λῦσαι
2220 1499 2504 1572 ἄνθρωπον
2531 1519 2544 1566 ;
2573 1502 2605 1572 ἦ
2635 1503 2710 1564 ὡς
2734 1501 3126 1572 βδελυξάμενος
3146 1504 3236 1556 τὸν
3280 1503 3431 1568 ἅπαξ
3459 1507 3578 1575 ἅμα
3589 1523 3657 1577 ρ-

2037 1593 2277 1663 τησαντα
2304 1593 2460 1657 νοῦν;
2487 1594 2520 1665 ἢ
2550 1595 2625 1658 ὡς
2649 1592 2904 1658 δεδοικὼς
2946 1595 3020 1665 μὴ
3060 1595 3152 1648 καὶ
3198 1595 3363 1658 αὐτὸς
3402 1597 3653 1667 μέτοχος

2038 1684 2262 1756 γένηται
2290 1686 2389 1755 τῆς
2417 1686 2707 1756 ἁμαρτίας,
2735 1688 2783 1738 εί
2816 1686 3016 1750 τέλειος
3065 1687 3289 1756 γένηται
3315 1687 3647 1756 ἄνθρωπος.

2043 1774 2174 1840 Θεὸς
2206 1776 2312 1842 ῶν;
2359 1777 2496 1829 Ἀλλ’
2521 1777 2777 1841 ἀσεϐείας
2807 1777 3031 1847 ἔμπλεοι
3057 1781 3104 1831 οἱ
3129 1778 3300 1831 ταῦτα
3330 1778 3505 1842 οὕτως
3537 1779 3604 1832 ἐν
3629 1808 3648 1818 -

2044 1867 2306 1932 νοοῦντες.
2326 1868 2392 1921 Τί
2415 1868 2524 1939 γὰρ
2544 1870 2673 1940 περὶ
2698 1869 2798 1940 τῆς
2820 1871 3090 1941 ἁμαρτίας
3118 1869 3425 1941 ὁριζόμενοι
3452 1872 3644 1926 ταῦτα

2042 1956 2272 2023 λαλεῖτε,
2309 1959 2544 2030 φυσικὴν
2571 1954 2708 2012 εἶναι
2732 1958 2832 2030 τὴν
2864 1961 3142 2032 ἁμαρτίαν
3178 1960 3454 2029 λέγοντες,
3483 1962 3644 2015 κατὰ

2041 2049 2132 2104 τὸν
2159 2050 2518 2104 ἀσεϐέστατον
2547 2052 2875 2122 Μανιχαῖον;

2115 2141 2198 2195 15.
2243 2140 2428 2194 Ταῦτα
2463 2141 2639 2206 οὕτως
2681 2144 2929 2212 φρονεῖτε
2984 2143 3282 2215 κατήγοροι
3344 2145 3637 2216 γινόμενοι

2039 2233 2134 2288 τοῦ
2181 2233 2512 2306 δημιουργοῦ
2568 2235 2668 2306 τῆς
2717 2234 2934 2305 φύσεως
2969 2235 3100 2307 (44).
3135 2237 3264 2290 Ὅτε
3311 2237 3405 2291 τὸν
3453 2237 3635 2309 ’Δδὰει

2039 2326 2278 2397 ἀρχῆθεν
2300 2326 2531 2382 ἔπλασεν
2567 2329 2594 2380 6
2629 2326 2792 2390 Θεὸς,
2853 2329 3053 2398 μήτιγε
3129 2327 3407 2400 σύμφυτον
3472 2329 3635 2400 αὑτῷ

2038 2419 2236 2473 δέδωκε
2257 2420 2356 2491 τὴν
2394 2421 2697 2492 ἀμαρτίανς
2727 2421 2822 2484 Τίς
2842 2416 2936 2474 οῦν
2967 2420 3046 2473 ἐτι
3068 2419 3224 2494 χρεία
3242 2417 3312 2492 ἦν
3331 2422 3433 2490 τῆς
3471 2423 3630 2478 ἐντο-

2039 2511 2169 2581 λῆς;
2204 2511 2321 2576 πῶς
2340 2513 2396 2565 δὲ
2426 2513 2588 2566 αὐτὸν
2643 2512 3002 2566 κατεδίκασεν
3051 2515 3479 2585 agape-ﬁcum;
3503 2515 3632 2578 πῶς

2038 2602 2096 2656 δὲ
2124 2603 2219 2656 καὶ
2253 2605 2358 2675 πρὸ
2383 2606 2483 2675 τῆς
2515 2606 2802 2676 παρακοῆς
2861 2606 2963 2658 οὐκ
3002 2608 3264 2676 ἐγίνωσκε
3315 2607 3480 2660 καλὸν
3527 2609 3632 2662 καὶ

2038 2694 2272 2765 πονηρὸν
2302 2697 2331 2748 6
2370 2694 2570 2765 Ἀδάμ;
2611 2696 2706 2748 Ὃν
2735 2694 2966 2749 ἔπλασεν
3000 2694 3178 2770 ὁΘεὸς
3214 2697 3307 2748 ἐπὶ
3338 2697 3631 2770 ἀφθαρσίᾳ

2037 2783 2453 2854 nummus)
2494 2784 2596 2854 τῆς
2624 2783 2756 2847 ιδίας
2786 2767 3108 2855 ἀῖδιότητος,
3157 2785 3411 2857 ἐποίησεν
3457 2767 3632 2842 esse;

2038 2876 2200 2947 φύσιν
2227 2877 2634 2949 ἀναμάρτητον,
2669 2878 2762 2932 καὶ
2787 2877 3007 2948 θέλησιν
3031 2877 3396 2943 αὐτεξούσιον·
3415 2881 3635 2947 Φθόνῳ

2036 2965 2105 3020 δὲ
2136 2966 2420 3022 διαϐόλου
2447 2968 2706 3034 θάνατος
2749 2968 3038 3037 εἰσῆλθεν
3055 2971 3142 3036 είς
3193 2969 3301 3023 τὸν
3351 2972 3592 3039 κόσμον
3611 3013 3629 3038 ,

362 3076 470 3132 que
505 3060 629 3118 fuit.
693 3060 760 3116 Et
804 3062 885 3117 sic
930 3076 998 3116 ex
1054 3063 1491 3132 transgressione
1527 3063 1780 3134 praecepti
1817 3063 1934 3132 Dei,

2081 3059 2342 3132 δραμένου
2368 3060 2468 3131 τῆς
2489 3060 2854 3133 παραϐάσεως
2881 3061 2980 3133 τὴν
3017 3062 3280 3115 ἐπίνοιαν.
3304 3063 3416 3116 Καὶ
3447 3061 3631 3127 οὕτως

360 3153 538 3210 factus
571 3162 657 3209 est
687 3154 853 3208 homo
891 3168 1061 3224 capax
1094 3153 1301 3209 inducti
1331 3154 1401 3209 ab
1430 3154 1652 3210 inimico
1685 3151 1932 3211 seminis.

360 3244 712 3316 Ac’deinceps
736 3254 1022 3316 peccatum
1047 3246 1101 3299 in
1127 3246 1366 3301 hominis
1397 3256 1592 3301 natura
1618 3247 1686 3302 ad
1714 3261 1934 3303 omnem

360 3337 858 3408 concupiscentiam
891 3338 1142 3392 movebat
1167 3357 1180 3391 :
1210 3352 1317 3392 non
1346 3338 1492 3408 quod
1524 3337 1778 3393 diabolus
1805 3354 1929 3393 eam

360 3429 417 3483 in
445 3429 538 3485 illo
564 3438 814 3484 naturam
835 3429 1196 3495 eﬂ’ormasset,
1226 3431 1399 3485 absit!
1431 3446 1606 3501 neque
1636 3431 1782 3486 enim
1813 3430 1934 3485 dia-

360 3520 520 3576 bolus
552 3529 761 3576 natura:
789 3529 1006 3578 creator
1056 3520 1221 3577 fuerit
1243 3561 1258 3588 ,
1291 3531 1352 3577 ut
1381 3521 1803 3578 Manichaeorum
1831 3525 1936 3578 fert

360 3613 650 3682 impietas;
683 3611 778 3668 sed
804 3627 870 3668 ex
899 3613 1366 3683 praevaricatione,
1394 3624 1600 3667 natura-
1628 3615 1937 3683 perversio-

363 3720 485 3759 nem
508 3705 685 3760 effecit
709 3723 722 3760 :
748 3705 935 3776 sicque
961 3707 1205 3778 regnavit
1230 3721 1376 3762 mors
1401 3707 1453 3760 in
1475 3707 1730 3762 omnibus
1757 3708 1935 3763 homi-

363 3797 545 3852 nibus.
579 3793 646 3850 In
669 3797 785 3862 hoc,
821 3797 1031 3868 inquit,
1063 3799 1201 3852 venit
1233 3797 1406 3851 Filius
1431 3797 1567 3863 Dei,
1595 3808 1654 3852 ut
1680 3798 1935 3853 dissolvat

361 3904 520 3958 opera
546 3887 747 3942 diaboli
768 3888 834 3942 “.
866 3889 1124 3956 Quaenam
1151 3905 1315 3960 opera
1339 3890 1541 3946 diaboli
1565 3891 1813 3946 dissolvit
1845 3889 1935 3967 Fi-

362 3980 468 4034 lius
501 3979 635 4034 Dei?
667 3995 830 4050 quam
866 3979 996 4035 fecit
1038 3980 1182 4036 Deus
1235 3992 1486 4036 naturam
1529 3983 1648 4037 sine
1688 3989 1932 4051 peccato,

361 4087 482 4126 eam
517 4073 690 4142 ipsam
722 4073 790 4128 ad
823 4075 1312 4145 transgressionem
1352 4074 1592 4130 mandati
1623 4073 1757 4139 Dei,
1805 4089 1933 4145 per-

361 4164 522 4218 vertit
553 4165 804 4221 diabolus
828 4206 857 4232 ,_
895 4152 948 4220 et
993 4166 1060 4220 ad
1093 4166 1460 4221 inventionem
1489 4167 1696 4235 peccati
1743 4167 1935 4222 mortis

359 4251 608 4311 eamdem
638 4257 741 4311 sibi
768 4258 870 4327 ipsi
905 4259 1232 4313 restauravit
1259 4257 1402 4313 Deus
1423 4257 1682 4326 Verbum,
1710 4259 1934 4330 incapa-

359 4363 477 4401 cem
512 4348 793 4404 diabolicte
819 4349 1184 4420 perversionis
1205 4392 1220 4414 ,
1250 4359 1306 4404 et
1345 4351 1678 4406 inventionis
1703 4352 1931 4421 peccati.

2035 3151 2102 3204 ἐκ
2157 3151 2442 3224 παρακοῆς
2502 3151 2722 3223 ἐντολῆς
2785 3151 2922 3206 Θεοῦ
2971 3152 3194 3221 γέγονεν
3243 3155 3272 3208 6
3331 3152 3631 3225 ἄνθρωπος

2033 3241 2279 3307 δεκτικὸς
2309 3243 2408 3316 τῆς
2434 3245 2737 3316 ἐπισπορᾶς
2761 3242 2855 3298 τοῦ
2885 3243 3100 3317 ἐχθροῦ.
3120 3246 3230 3300 Καὶ
3261 3245 3482 3318 ἐνήργει
3506 3245 3629 3316 (46)

2034 3335 2281 3407 λοιπὸνή
2335 3335 2580 3406 ἁμαρτία
2627 3336 2686 3388 ἐν
2714 3338 2780 3406 τῇ
2819 3334 2977 3404 φύσει
3023 3334 3118 3390 τοῦ
3163 3334 3451 3406 ἀνθρώπου
3484 3335 3628 3406 πρὸς

2034 3427 2215 3480 πᾶσαν
2239 3425 2553 3497 ἐπιθυμίαν·
2571 3426 2633 3478 οὐ
2669 3424 2832 3495 φύσιν
2857 3427 2916 3480 ἐν
2937 3425 3088 3497 αὐτῷ
3119 3427 3496 3498 ἐργασαμένου
3523 3427 3641 3481 τοῦ-

2033 3517 2298 3584 διαϐὁλου,
2331 3518 2405 3590 μὴ
2436 3518 2676 3587 γένοιτοί
2725 3517 2844 3572 οὐδὲ
2887 3517 2996 3588 γὰρ
3047 3516 3260 3587 φύσεως
3305 3518 3369 3573 ἂν
3413 3520 3498 3590 εῐη
3527 3519 3638 3590 δηι

2038 3609 2296 3682 μιουργὸς
2318 3612 2347 3664 6
2371 3609 2637 3674 διάϐολος,
2684 3609 2830 3664 κατὰ
2853 3609 2951 3681 τὴν
2983 3609 3093 3664 τῶν
3142 3611 3463 3680 Μανιχαίων
3491 3611 3627 3664 ἀσέ-

2035 3701 2209 3756 ϐειαν·
2249 3701 2388 3754 ἀλλὰ
2418 3701 2633 3771 φύσεως
2661 3701 2769 3773 (47)
2788 3700 3146 3773 παρατροπὴν
3169 3703 3234 3756 ἐκ
3257 3701 3624 3773 παραϐάσεως

2033 3793 2348 3866 εἰργάσατο·
2374 3795 2468 3848 καὶ
2489 3793 2662 3859 οὕτως
2693 3794 3039 3850 ἐϐασίλευσεν
3081 3798 3109 3849 6
3141 3794 3365 3858 θάνατος
3397 3795 3623 3848 πάντων

2034 3884 2356 3957 ἀνθρώπων.
2401 3886 2506 3939 Διά
2568 3885 2744 3940 τοῦτο
2774 3882 2908 3950 οὖν,
2944 3888 3128 3958 φησὶν,
3175 3882 3364 3955 ἦλθεν
3413 3889 3447 3939 ὀ
3485 3884 3622 3950 Υἱὸς

2033 3976 2140 4031 τοῦ
2167 3977 2334 4043 Θεοῦ,
2368 3979 2471 4032 ἵνα
2515 3978 2680 4045 λύσῃ
2729 3977 2804 4030 τὰ
2859 3977 3001 4047 ἔργα
3032 3975 3140 4030 τοῦ
3169 3977 3452 4030 διαϐόλου
3477 3974 3618 4044 (48).

2033 4071 2170 4124 Ποῖα
2187 4071 2320 4142 ἔργα
2343 4069 2436 4124 τοῦ
2488 4069 2735 4124 διαϐόλου
2765 4069 2950 4124 ἔλυσεν
2975 4072 3003 4123 6
3031 4070 3156 4134 Υἱὸς
3178 4067 3272 4122 τοῦ
3301 4067 3436 4122 Θεοῦ
3461 4085 3477 4132 ;
3536 4067 3622 4119 ὅτι

2035 4160 2216 4230 φύσιν,
2244 4161 2313 4233 ἢν
2352 4161 2607 4232 ἐποίησεν
2632 4163 2661 4214 6
2685 4160 2816 4224 Θεὸς
2837 4159 3238 4230 ἀναμάρτητον,
3272 4156 3626 4233 παρέτρεψεν

2033 4228 2332 4317 δδιάϐολος
2361 4255 2442 4316 εἰς
2479 4228 2787 4324 παράϐασιν
2820 4228 3040 4321 ἐντολῆς
3086 4228 3244 4311 Θεοῦ,
3276 4247 3368 4302 καὶ
3400 4228 3620 4317 εὕρεσιν

2035 4345 2308 4418 ἁμαρτίας
2336 4345 2590 4410 θανάτου,
2623 4344 2828 4416 ταύτην
2861 4343 3039 4415 ἐαυτῷ
3065 4342 3400 4410 ἁνεστήσατο
3433 4343 3462 4392 6
3485 4337 3620 4404 Θεὸς

360 4439 590 4511 ideoque
617 4441 796 4496 aiebat
820 4440 1083 4497 Dominus
1110 4459 1124 4495 :
1161 4440 1314 4495 Venit
1346 4443 1587 4511 princeps
1620 4443 1803 4496 mundi
1828 4444 1930 4497 hu-

2084 4439 2230 4507 όγος,
2298 4437 2650 4492 ἀνεπίδεκτον
2695 4436 2795 4506 τῆς
2827 4435 2918 4489 τοῦ
2956 4425 3202 4490 διαϐόλου
3255 4431 3620 4503 παρατροπῆς

350 4532 463 4602 jus,
495 4543 544 4587 et
578 4535 636 4588 in
658 4551 739 4589 me
763 4551 866 4588 non
890 4535 1087 4589 invenit
1107 4535 1396 4606 quidquam
1422 4536 1487 4588 “.
1519 4535 1676 4602 Quod
1703 4535 1749 4590 si
1783 4536 1934 4605 prin-

356 4641 485 4696 ceps
524 4627 713 4682 mundi
753 4628 918 4698 hujus
960 4628 1097 4682 nihil
1127 4643 1352 4698 operum
1386 4643 1609 4683 suorum
1636 4628 1690 4682 in
1717 4627 1934 4683 Christo

357 4719 599 4788 invenit,
629 4720 802 4776 multo
845 4720 1020 4792 magis
1059 4720 1312 4777 Christus
1352 4720 1488 4776 nihil
1519 4736 1586 4776 ex
1625 4719 1740 4776 suis
1778 4719 1934 4790 opili-

431 4832 476 4863 ⁶⁸
504 4829 632 4902 Sap.
663 4847 722 4898 tt,
752 4831 843 4885 24.
887 4833 932 4864 ⁸⁵
957 4830 980 4886 Ι
1011 4831 1172 4888 Joan.
1205 4848 1292 4897 Ill,
1321 4833 1375 4887 8.
1441 4833 1486 4865 ⁸³
1515 4831 1672 4888 Joan.
1702 4849 1817 4898 xiv,
1839 4833 1929 4888 '50.

428 4944 552 5017 (42),
575 4943 667 5001 Sic
701 4945 925 5016 Seguer.
973 4945 1063 5002 cui
1108 4946 1381 5002 consentit
1415 4944 1682 5001 Nannius.
1729 4944 1788 5000 In
1819 4946 1935 5002 edi-

353 5015 446 5082 tis,
469 5086 473 5087 ί
499 5015 728 5087 λέγοιτο.
768 5015 894 5087 Mox
926 5017 1071 5072 idem
1110 5017 1359 5086 Seguer.,
1380 5017 1478 5087 τὴν
1513 5017 1809 5087 ἀνάκλησιν
1842 5033 1935 5084 γεο

353 5061 1078 5208 Ξξῦέκὶἔιζ’ἐᾷ’ὲε”ἑῷ“ῥρῖτῖρ
1110 5061 1305 5168 ζιὲξίἔιῖἱ
1321 5061 1930 5157 Μᾶᾷόξᾟῖέώζ.

399 5157 524 5208 aulo
553 5171 712 5208 secus
735 5174 789 5208 tn
824 5158 1008 5208 editis.
1036 5174 1131 5208 (llll
1162 5158 1385 5208 habent.
1413 5156 1510 5208 τὴν
1539 5157 1744 5208 ἀνάκ...
1775 5173 1930 5208 γενο-

399 5157 524 5230 aulo
553 5171 712 5230 secus
735 5157 790 5212 in
824 5156 1008 5224 editis,
1036 5156 1131 5230 qui
1162 5158 1385 5225 habent,
1413 5156 1518 5228 τὴν
1539 5157 1744 5211 ἁνάκ...
1775 5173 1932 5225 γενο-

357 5226 595 5297 μένην...
637 5227 808 5297 μένει,
841 5236 948 5284 etc.

429 5246 458 5280 ν
496 5246 595 5282 ν...
637 5245 808 5297 μενει,
841 5245 948 5284 etc.

427 5245 1066 5386 (ἷξλτῇέγθρωῖξάεητι
1102 5298 1255 5386 sese
1277 5299 1350 5385 ,ίη
1378 5296 1605 5386 Reges,"-
1642 5298 1777 5386 s.°'°+
1797 5295 1933 5386 ilex

357 5362 581 5441 Segnior.
611 5362 828 5441 Gobler.
862 5378 916 5424 et
938 5362 1086 5441 Felc.
1120 5371 1170 5437 1,
1201 5369 1233 5441 ἢ
1369 5362 1628 5441 ἁδυῖνάτου
1659 5369 1809 5441 ὄντος
1842 5367 1934 5441 λῦ-

358 5452 448 5511 σαι
471 5436 568 5511 τὸν
598 5436 1284 5511 σύμπανταίᾶνθρωπονζῆ
1319 5439 1392 5511 ᾡς
1429 5436 1814 5511 βδελυξαμένου
1843 5437 1933 5492 τὸν

359 5507 842 5581 ἁμαρτήσανταμῆ
871 5510 947 5574 ὼς
977 5507 1282 5574 δεδοικότος
1299 5509 1385 5581 ,μὴ
1409 5507 1504 5581 καὶ
1536 5511 1658 5564 αὐτ.

432 5576 702 5650 (ιη-’βω
737 5576 1037 5650 aﬂ'eruntur
1060 5581 1111 5634 in
1141 5576 1351 5650 synodo
1373 5576 1808 5648 'Constantinop.
1844 5593 1929 5642 ιιι,

362 5655 505 5719 tom.
529 5647 823 5719 VI_Concil.
851 5666 906 5719 p.
947 5649 1049 5719 ’7βὲ
1071 5660 1124 5703 et
1153 5647 1275 5703 812.

433 5717 546 5786 (45)
581 5717 669 5774 Sic
703 5717 926 5788 Seguer.
967 5717 1183 5775 Gobler.
1217 5729 1266 5775 ct
1296 5718 1528 5776 Felckm.
1567 5721 1614 5784 l,
1651 5728 1703 5774 et.
1738 5717 1929 5789 synod.

2035 4529 2130 4584 καὶ
2162 4529 2430 4600 εὑρέσεως
2457 4525 2730 4598 ἁμαρτίας
2769 4524 2900 4597 (49).
2936 4525 3048 4578 Καὶ
3100 4523 3188 4578 διὰ
3232 4521 3390 4577 τοῦτο
3431 4521 3619 4590 ἔλεγεν

2034 4621 2063 4672 6
2086 4620 2309 4692 Κιξριος·
2365 4621 2643 4688 Ἔρχεται
2669 4621 2702 4673 ὁ
2732 4617 2933 4688 ἅρχων·
2976 4615 3081 4670 τοῦ
3116 4615 3348 4683 κόσμου
3375 4613 3615 4673 τούτου,

2035 4711 2134 4766 καὶ
2186 4712 2258 4766 ἐν
2307 4711 2436 4780 ἐμοὶ
2490 4711 2758 4780 εὑρίσκει
2794 4708 2996 4764 οὐδέν.
3050 4709 3115 4762 Εἰ
3167 4707 3225 4760 δὲ
3257 4705 3493 4776 ὁᾶρχων
3520 4700 3616 4755 τοῦ

2035 4946 2345 5021 Con_s_tan_t.;
2373 4949 2425 5021 i_n
2447 4948 2628 5014 editis,
2645 4945 2957 5021 danpoiav
2992 4943 3088 5021 καὶ.
3119 4940 3327 5021 είκρναὲ

2107 5018 2220 5083 (46)
2259 5007 2855 5089 Ιιιᾷ-Βεειιθιοίϐόωεὶ.
2903 5025 2956 5089 et
2979 5013 3169 5089 _Felc._
3193 5011 3244 5062 1.
3285 5007 3429 5089 Editi
3461 5025 3610 5089 vero,

2034 5080 2276 5172 ἐνήργει.
2309 5080 2562 5172 9103',-
2585 5091 2659 5172 τῇ
2695 5084 3108 5172 ιέύσει,ΛΙ)εὶ)ειιι
3137 5080 3362 5150 Seguer.
3390 5080 3609 5135 Gobler.

2033 5169 2089 5214 et
2118 5155 2266 5212 Felc.
2303 5160 2352 5212 1.
2377 5157 2556 5228 Εόίιί,
2582 5155 3042 5228 tim—59099569,

2107 5229 2220 5300 (47)
2250 5229 2323 5282 Ita
2367 5227 2590 5300 Seguer.
2620 5223 2932 5300 Goblerlﬁet
2955 5223 3099 5300 elc.
3145 5223 3610 5300 _l_consequentcr

2035 5299 2100 5353 ad
2115 5291 2468 5368 superiorem
2498 5300 2804 5368 lectionem.
2838 5295 3001 5368 Editi,
3034 5291 3360 5368 neoeéosgig:

2107 5360 2218 5441 (48)
2245 5369 2464 5425 Gobler.
2499 5378 2551 5425 et
2577 5367 2720 5423 Felc.
2757 5367 2809 5434 1,
2836 5365 2929 5421 τοῦ
2962 5360 3392 5418 διαϐὂλου.”Ποῖα
3416 5375 3608 5422 ταυτα,

2034 5457 2116 5493 Οτι
2143 5458 2325 5494 φυσιν.

2365 5509 2589 5578 Seguer.
2635 5507 2918 5580 Anglican.
2950 5504 3167 5580 Gobler.
3199 5507 3253 5554 et
3282 5497 3424 5580 Felc.
3452 5499 3517 5580 _l.
3551 5497 3608 5550 ln

2035 5569 2214 5636 editis,
2259 5583 2410 5635 deest
2439 5569 2915 5650 άμαρτίαςῖ-Μοχ
2969 5573 3159 5650 cgita}:
3225 5578 3346 5650 post
3365 5569 3608 5650 ηκρσμῖυ

2036 5597 2196 5636 ratus
2259 5597 2410 5635 (ICCSI
2451 5597 2569 5650 αμα
2608 5597 2744 5641 τιας.
2794 5597 2915 5630 MOX
2969 5597 3159 5628 τουτου
3228 5597 3346 5639 pum
3405 5597 3608 5636 λυυμυυ

2036 5651 2187 5738 deest
2214 5652 2266 5704 in
2306 5652 2529 5722 Seguer.
2570 5597 2704 5705 fbid.
2754 5645 2978 5716 Seguer.
3007 5644 3224 5698 Gobler.
3270 5647 3323 5694 et
3365 5637 3511 5693 Felc.
3556 5636 3610 5700 is

2037 5737 2275 5792 ευρησεμ
