3810 6228
129 284 274 340 1121

1101 281 1375 336 CONTRA
1421 280 1933 338 APOLLINARIUM
1978 281 2179 335 LIBER
2217 278 2499 336 PRIMUS.

3274 278 3330 332 11
3340 278 3412 332 ‘29.

124 397 345 466 κόσμου
373 395 562 446 τούτου
584 391 732 445 οὐδὲν
758 390 865 445 τῶν
889 389 1081 444 ἑαυτοῦ
1106 392 1446 462 πραγμάτων
1467 392 1728 462 ηὕρισκεν

1911 412 1930 450 s
1969 395 2189 466 reliquit
2225 395 2458 466 principi
2491 393 2680 450 mundi
2711 393 2895 464 hujus.
2922 394 3032 448 Aut
3052 393 3216 448 etiam
3250 409 3313 449 ea
3347 396 3417 451 de

124 492 192 542 ὲν
226 487 305 558 τῷ
338 484 578 556 Χριστῷ,
604 481 778 553 πολλῷ
813 481 1010 554 μᾶλλον
1069 485 1096 535 6
1145 483 1376 554 Χριστὸς
1425 485 1578 536 οὐδὲν
1624 484 1724 554 τῆς

129 581 277 643 ἰδίας
311 580 581 648 ποιήσεως
616 575 1018 648 προσκατέλιπε
1042 575 1119 645 τῷ
1142 577 1361 646 ἄρχοντι
1389 575 1481 628 τοῦ
1515 576 1723 646 κόσμου

123 671 352 723 τούτου.
382 669 453 720 ’Ἡ
481 668 573 719 καὶ
593 666 681 719 διὰ
707 663 860 718 τοῦτο
881 665 1034 719 οὐδὲν
1054 665 1314 736 ηὕρισκεν
1340 668 1398 719 ὲν
1420 667 1568 738 αὐτῷ
1587 666 1723 738 (50),

123 760 351 814 τελείαν
383 757 479 829 τὴν
518 757 811 827 καινότητα
863 756 1275 828 ἐπιδειξαμένου
1323 756 1418 810 τοῦ
1467 756 1724 829 Χριστοῦ,

127 853 222 904 ἵνα
241 849 453 903 τελείαν
481 850 581 920 τὴν
609 847 883 918 σωτηρίαν
913 849 1322 920 κατεργάσηται
1353 848 1474 902 ὅλου
1507 848 1601 902 τοῦ
1635 851 1728 903 ἀν-

126 943 382 1015 θρώπου,
408 942 586 1012 ψυχῆς
639 940 864 1010 λογικῆς
906 940 1002 993 καὶ
1049 939 1320 1012 σώματος,
1355 942 1441 995 ἵνα
1485 938 1725 1014 τελείαῇ

126 1037 228 1089 καὶ
293 1035 610 1096 ἀνάστασις.
671 1033 865 1103 Μάτην
932 1028 1025 1085 οῦν
1077 1033 1345 1104 Ἀρειανοὶ
1391 1034 1725 1104 σοφίζονται,

128 1126 320 1196 σάρκα
354 1123 522 1194 μόνην
552 1123 930 1193 ὑποτιθέμενοι
969 1119 1319 1192 ἀνειληφέναι
1358 1125 1449 1178 τὸν
1474 1125 1724 1197 Σωτῆρα,

124 1220 232 1290 τὴν
264 1217 325 1270 δὲ
351 1216 444 1270 τοῦ
496 1214 702 1279 πάθους
753 1215 939 1285 νόησιν
967 1217 1060 1268 ἐπὶ
1114 1214 1212 1287 τὴν
1270 1217 1452 1288 ἀπαθῆ
1501 1217 1731 1289 θεότητα

128 1310 506 1382 ἀναφέροντες
526 1307 759 1370 ἀσεϐῶς.
789 1309 982 1379 Μάτην
1003 1307 1066 1379 δὴ
1095 1291 1188 1362 κά).
1213 1309 1370 1379 ὑμεῖς
1396 1310 1518 1363 καθ’
1539 1312 1730 1384 ἑτέραν

125 1403 384 1455 ἐπίνοιαν
421 1401 555 1472 (51),
579 1398 647 1452 τὰ
673 1400 762 1453 ἴσα
791 1399 1000 1464 τούτοις
1040 1399 1383 1472 φρονοῦντες,
1419 1401 1612 1471 λέγετε
1653 1404 1733 1476 τῷ

128 1493 453 1566 περιέχοντι
491 1493 749 1564 σχήματι,
795 1493 1042 1545 τουτέστι
1075 1493 1152 1564 τῷ
1185 1493 1464 1566 ὀργανικῷ
1498 1513 1735 1568 προσκε-

128 1584 402 1656 χρῆσθαι·
430 1584 552 1638 ἀντὶ
571 1584 627 1636 δὲ
661 1583 754 1636 τοῦ
780 1582 982 1638 ἔσωθεν
1011 1587 1068 1638 ὲν
1113 1587 1246 1656 ἡμῖν
1274 1585 1582 1658 ἀνθρώπου,
1610 1587 1734 1653 νοῦς

129 1674 465 1745 ἐπουράνιος
495 1674 552 1726 ὲν
585 1673 828 1746 Χριστῷ.
881 1674 992 1728 Καὶ
1025 1674 1141 1739 πῶς
1176 1672 1244 1746 ἦν
1274 1675 1614 1748 λυπούμενος
1639 1679 1733 1732 καὶ

1831 504 1996 544 causa
2038 489 2173 542 nihil
2203 488 2412 543 invenit
2446 487 2501 541 in
2555 487 2714 557 ipso,
2767 484 3065 556 perfectam
3119 486 3416 542 novitatem

1829 579 2119 634 exhibente
2150 577 2370 634 Christo
2392 617 2408 644 ,
2447 587 2507 633 ut
2533 576 2830 648 perfectam
2855 577 3084 632 salutem
3123 578 3290 632 totius
3315 579 3418 632 ho-

1829 669 2027 734 minis,
2062 670 2260 725 animas
2295 684 2491 739 nempe
2519 677 2574 723 et
2599 670 2845 738 corporis
2869 711 2884 734 ,
2923 678 3280 738 operaretur:
3307 684 3418 738 quo

1827 759 2068 831 perfecta
2115 775 2336 830 quoque
2383 759 2525 816 foret
2574 760 2923 816 resurrectio.
2982 758 3210 814 Frustra
3251 760 3418 831 igitur

1829 855 2017 910 Ariani
2044 854 2275 926 argutiis
2302 862 2532 908 utuntur
2554 894 2569 920 ,
2620 853 2747 908 dum
2782 851 3122 906 Salvatorem
3146 892 3161 918 ,
3192 839 3419 906 carnem

1831 947 2003 1001 solam
2033 944 2398 1014 assumpsisse
2453 951 2739 1008 statuunt,
2776 959 2841 998 ac
2878 944 3150 1013 passionis
3197 957 3421 997 sensum

1831 1038 1898 1092 ad
1948 1035 2340 1106 impassibilem
2374 1035 2630 1090 deitatem
2666 1034 2831 1104 impie
2865 1033 3126 1088 referunt.
3187 1031 3422 1087 Frustra

1831 1145 2052 1200 quoque
2083 1143 2202 1192 vos,
2234 1127 2344 1181 alio
2366 1132 2674 1180 commento
2696 1125 2804 1188 usi,
2833 1124 2982 1194 paria
3005 1137 3129 1177 cum
3155 1122 3264 1177 illis
3295 1137 3424 1177 sen-

1832 1223 1967 1286 titis,
2003 1221 2274 1285 dicentes,
2307 1218 2486 1288 ipsum
2520 1232 2629 1285 qua
2663 1216 3107 1271 circumdabatur
3133 1212 3332 1281 forma,
3363 1212 3422 1266 id

1833 1321 1919 1369 est
1963 1312 2223 1380 organica
2281 1328 2442 1368 usum
2491 1311 2664 1366 fuisse
2699 1328 2713 1363 :
2745 1309 2864 1364 vice
2918 1316 3098 1361 autem
3140 1305 3422 1359 interioris

1834 1407 2008 1461 nostri
2035 1405 2294 1469 hominis,
2320 1405 2599 1461 caelestem
2629 1411 2867 1456 mentem
2896 1399 2953 1454 in
2981 1399 3199 1454 Christo
3227 1395 3420 1450 fuisse.

1835 1495 1954 1564 Quo
1987 1507 2147 1567 pacto
2179 1497 2342 1568 igitur
2375 1497 2611 1562 dolebat,
2658 1493 2857 1549 anxius
2885 1501 3023 1556 erat,
3054 1487 3421 1561 precabatur?

1838 1589 2115 1659 Scriptum
2161 1597 2245 1643 est
2283 1588 2430 1642 enim
2466 1607 2480 1642 :
2514 1586 2586 1640 Et
2624 1585 2968 1640 conturbatus
2996 1594 3076 1638 est
3107 1586 3303 1656 spiritu
3331 1583 3427 1640 Je-

1835 1697 1925 1736 σιω
1949 1679 2014 1733 ⁸⁸.
2047 1677 2174 1734 Haec
2203 1688 2384 1732 autem
2409 1692 2588 1746 neque
2617 1678 2801 1731 carnis
2828 1683 3008 1729 mente
3040 1676 3301 1742 carentis,
3337 1691 3432 1729 ne-

127 1742 458 1840 ἀδημονῶν,
489 1767 584 1821 κα)⁵
620 1742 1090 1838 προσευχόμενος;
1135 1742 1268 1832 Kal,
1313 1742 1644 1840 Ἐταράχθη
1669 1771 1730 1824 δὲ

1913 1785 1943 1825 e
1982 1769 2338 1824 immutabilis
2367 1767 2585 1822 deitatis
2608 1765 2811 1821 fuerint
2837 1783 2851 1820 :
2877 1766 2972 1820 sed
2999 1765 3199 1820 animae
3231 1765 3404 1820 intelli

129 1857 216 1924 τῷ
242 1860 541 1928 πνεύματι
571 1861 603 1913 ὁ
649 1857 899 1926 Ἰησοῦς,
926 1858 1260 1929 γέγραπται.
1306 1860 1488 1915 Ταῦτα
1515 1863 1572 1915 δὲ
1604 1861 1729 1917 οὗτε

131 1953 348 2024 σαρκὸς
394 1952 623 2022 ἀνοήτου
677 1949 743 2004 ἂν
799 1951 906 2022 εἴη,
940 1949 1065 2003 οῦτε
1121 1950 1374 2022 θεότητος
1433 1953 1726 2025 ἀτρέπτου,

1836 1863 2014 1934 gentia
2037 1862 2294 1932 praeditas,
2317 1859 2574 1923 dolentis,
2603 1857 2963 1924 conturbatus,
2991 1859 3190 1923 anxia,
3218 1869 3273 1913 et
3303 1873 3430 1930 quae

1835 1970 1960 2009 cum
1989 1952 2341 2025 intelligentia
2367 1951 2681 2021 passionem
2717 1950 2973 2006 senserit.

129 2043 278 2097 ἀλλὰ
312 2043 490 2114 ψυχῆς
543 2043 727 2114 νόησιν
781 2043 1033 2115 ἐχούσης,
1080 2043 1425 2117 λυπουμένης
1457 2046 1590 2118 (52),
1629 2049 1724 2102 καὶ
1762 2034 2206 2120 ταραττομένης,
2247 2046 2342 2102 καὶ
2369 2044 2767 2118 ἀδημονούσης,
2807 2044 2904 2098 καὶ
2935 2044 3140 2116 νοητῶς
3173 2042 3433 2099 ἐπαισθα-

129 2153 194 2190 νο
201 2137 377 2209 μένης
409 2137 504 2190 τοῦ
541 2136 768 2202 πάθους.

214 2226 306 2280 16.
345 2227 408 2280 Εἰ
438 2226 495 2279 δὲ
530 2226 708 2281 τοίνυν
742 2225 915 2280 ταῦτα
968 2227 1112 2282 οὔτω
1156 2230 1298 2284 νοεῖν
1353 2230 1414 2283 οὐ
1455 2230 1733 2301 βούλεσθε,

1907 2229 1995 2286 16.
2029 2229 2187 2297 Quod
2221 2229 2267 2285 si
2305 2228 2418 2283 haec
2444 2225 2715 2283 sententia
2751 2241 2861 2282 non
2894 2226 3102 2298 placet,
3148 2243 3276 2283 cum
3323 2226 3430 2284 tria

131 2314 314 2389 τριῶν
387 2315 798 2388 προσκειμένων
872 2318 1191 2388 νοημάτων,
1266 2322 1572 2390 φαντασίας
1641 2323 1739 2377 καὶ

1925 2330 2179 2392 promptu
2207 2320 2318 2375 sint
2345 2334 2408 2374 ea
2436 2319 2504 2374 de
2532 2333 2592 2374 re
2633 2318 2864 2388 judicia,
2905 2319 3208 2388 phantasia
3227 2358 3242 2383 ,
3274 2319 3429 2374 blas—

138 2408 500 2480 βλασφημίας
557 2408 654 2461 καὶ
694 2407 976 2481 ἀληθείας,
1041 2410 1202 2463 ποίαν
1252 2411 1460 2466 ἕλοισθε
1495 2412 1590 2480 ἀνς
1649 2413 1739 2485 Τῷ

1911 2413 2099 2477 emiae,
2136 2420 2190 2467 et
2222 2411 2503 2479 veritatis,
2554 2409 2834 2482 quodnam
2863 2410 3180 2481 elegeritis?
3211 2408 3349 2465 Nam
3385 2410 3434 2466 si

135 2503 254 2574 γὰρ
287 2502 533 2555 ὑπονοεῖν
555 2501 774 2574 δοκήσει
799 2502 1050 2575 εἰρῆσθαι
1065 2504 1134 2559 τὰ
1149 2505 1438 2577 εἰρημένα,
1462 2507 1739 2576 ,φαντασία

1911 2504 2190 2577 spicemini
2218 2504 2312 2559 illa
2334 2505 2401 2559 de
2430 2503 2547 2559 sola
2577 2511 2632 2558 et
2657 2516 2810 2558 mera
2837 2503 3021 2572 specie
3048 2504 3193 2558 dicta
3233 2501 3432 2569 fuisse,

137 2595 211 2648 ἂν
243 2592 527 2664 νομισθείη
563 2594 660 2646 καὶ
708 2593 777 2647 τὰ
809 2583 1092 2666 γενόμενα.
1145 2585 1209 2648 Et
1267 2595 1325 2651 δὲ
1377 2598 1463 2652 ἐπ’
1485 2598 1739 2672 ἀληθείας

1940 2610 2063 2669 quae
2093 2604 2244 2669 gesta
2275 2603 2404 2651 sunt
2431 2595 2719 2666 phantasia
2747 2609 2968 2666 quoque
3000 2594 3305 2661 existimari
3334 2595 3432 2650 de-

140 2685 388 2756 εἴρηται,
412 2683 667 2754 ἀλλοτρία
692 2684 749 2737 δὲ
784 2683 898 2758 (55)
955 2685 1185 2740 καθόλου
1299 2687 1446 2761 ψυχὴ
1479 2689 1574 2743 τοῦ
1630 2691 1739 2744 Κυ-

1911 2691 2128 2746 :nt:sin
2170 2697 2352 2744 autem
2404 2689 2460 2742 in
2495 2688 2724 2743 veritate
2769 2687 2914 2742 dicta
2949 2688 3092 2752 sint,
3144 2687 3438 2757 alienaque

143 2775 269 2849 ρίου
302 2775 542 2844 ἐγεγόνει
599 2775 700 2846 τῆς
742 2777 874 2843 ἰδίας
931 2779 1194 2850 νοήσεως,
1242 2779 1375 2833 Θεὸν
1426 2780 1517 2834 τὸν
1571 2781 1739 2851 Λόγον

1911 2782 2077 2836 nnino
2102 2780 2248 2836 facta
2279 2789 2362 2835 est
2393 2779 2579 2836 anima
2603 2779 2821 2834 Domini
2856 2794 2885 2832 a
2909 2780 3132 2849 proprio
3157 2779 3437 2850 cogitandi

141 2867 350 2940 ἔχουσα
371 2867 517 2932 νοῦν,
552 2867 853 2941 τετράφθαι
911 2869 973 2922 τὸ
1005 2871 1274 2942 ἄτρεπτον
1311 2873 1392 2936 εἰς
1417 2871 1618 2944 λύπην,
1649 2873 1739 2928 καὶ

1911 2875 2033 2938 odo,
2064 2889 2190 2930 cum
2217 2874 2337 2929 vice
2371 2873 2572 2928 mentis
2601 2870 2774 2929 Deum
2796 2870 3036 2927 Verbum
3066 2859 3302 2939 habeat;
3329 2871 3438 2926 im-

141 2959 468 3031 ἀδημονίαν,
501 2959 596 3013 καὶ
631 2959 873 3032 ταραχὴν
906 2961 1042 3033 (54),
1078 2962 1138 3016 τὸ
1161 2964 1362 3017 ἐννοεῖν
1384 2965 1581 3030 ἀσεϐές
1603 2967 1742 3019 ὲστισ

1849 2966 2167 3022 mutabilem
2220 2981 2440 3022 versum
2471 2965 2642 3021 fuisse
2671 2965 2726 3020 in
2775 2965 3044 3029 dolorem,
3081 2965 3437 3029 anxietatem,

142 3051 256 3104 κᾶν
286 3049 423 3124 λέγῃ
472 3051 540 3104 τὰ
596 3051 924 3120 Εὐαγγέλια,
977 3053 1061 3106 ὅτι
1121 3055 1444 3126 Ἑταράχθη
1507 3057 1739 3126 Ἰησοῦς

1925 3060 2411 3129 perturbationem,
2440 3059 2669 3130 impium
2696 3071 2778 3114 est
2805 3059 3065 3128 cogitare.
3091 3056 3159 3112 Et
3185 3059 3228 3112 si
3253 3055 3437 3112 Evan-

141 3142 233 3209 τῷ
261 3144 572 3213 πνεύματιθ
610 3144 746 3198 ἀλλά
771 3145 1014 3199 δείκνυσι
1061 3147 1151 3202 τὸν
1180 3148 1304 3202 νοῦν
1343 3149 1456 3220 (55)
1483 3151 1512 3203 6
1536 3149 1739 3222 Κύριος

143 3233 411 3306 εἰρηκώς·
482 3238 538 3290 H
569 3235 741 3305 ψυχή
789 3254 910 3306 μου
951 3236 1322 3308 τετάρακται.
1379 3241 1442 3294 Εἰ
1477 3240 1540 3312 δὴ
1565 3240 1741 3313 ψυχῆς

147 3327 295 3390 ιδίας
319 3326 500 3398 νόησιν
532 3329 560 3380 6
590 3328 796 3399 Κύριος
828 3331 1217 3396 ἐπιδείκνυται,
1262 3334 1343 3397 είς
1397 3335 1742 3406 συμπάθειαν

142 3419 254 3490 τῆς
283 3420 560 3493 ἡμετέρας
585 3420 786 3492 ψυχῆς,
813 3422 904 3477 ἵνα
933 3422 1077 3477 οὕτω
1122 3427 1219 3479 καὶ
1268 3427 1436 3481 αὑτοῦ
1460 3429 1744 3500 νοήσωμεν

146 3508 293 3565 εἶναι
326 3510 436 3583 (56)
459 3512 521 3565 τὸ
569 3512 762 3577 πάθος,
797 3514 892 3569 καὶ
942 3515 1105 3568 αὐτὸν
1138 3515 1323 3588 ἀπαθῆ
1370 3519 1740 3591 ὁμολογῶμεν.

149 3603 366 3674 Ὠσπερ
389 3602 495 3676 γὰρ
519 3604 596 3676 τῷ
627 3604 818 3676 αἵματι
851 3606 949 3677 τῆς
973 3607 1176 3677 σαρκὸς
1207 3608 1370 3662 αὐτοῦ
1405 3609 1746 3682 ἐλυτρώσατο

149 3697 327 3767 ἡμᾶς,
355 3695 498 3750 οὕτω
519 3697 613 3750 καὶ
645 3701 710 3770 τῇ
741 3699 923 3769 νοήσει
946 3699 1045 3769 τῆς
1077 3699 1255 3771 ψυχῆς
1280 3695 1446 3754 αὐτοῦ
1469 3702 1565 3773 τὴν
1591 3703 1745 3774 νίκην

152 3788 300 3860 ὑπὲρ
345 3789 502 3860 ἡμῶν
553 3790 943 3854 ἐπιδείκνυται,
993 3791 1188 3860 λέγων·
1261 3793 1409 3863 Ἐγὼ
1459 3795 1747 3862 νενίκηκα

151 3881 262 3934 τὸν
281 3882 533 3950 κόσμον·
579 3885 674 3936 καὶ
699 3881 930 3952 ἀλλαχοῦ
979 3882 1055 3936 δέ’
1090 3882 1320 3937 Διδόντι
1347 3884 1457 3956 (57)
1507 3885 1652 3955 ’ἡμῖν
1678 3887 1746 3939 τὸ

151 3970 344 4038 νῖκος.
389 3972 527 4026 Ἀλλ’
583 3973 773 4046 ὥσπερ
836 3973 898 4026 τὸ
957 3968 1098 4044 αἷμα
1149 3975 1248 4028 οὐκ
1282 3974 1348 4029 ἂν
1399 3977 1579 4030 κοινὸν
1633 3979 1747 4040 τοῖς

154 4063 410 4116 εὐσεϐέσι
439 4064 680 4138 νοηθείη,
702 4065 891 4138 ῶσπερ
942 4068 1055 4130 τοῖς
1109 4066 1378 4134 ἀπίστοις,
1411 4067 1546 4121 ἀλλά
1576 4067 1749 4138 σωτή-

157 4170 296 4225 ριον·
333 4154 505 4220 οὕτως
537 4157 632 4211 καὶ
671 4159 704 4229 ἡ
738 4160 921 4232 νόησις
967 4159 1256 4231 λεγομένη,
1299 4160 1400 4213 οὐκ
1434 4159 1749 4232 ἀνθρωπίνῃ

155 4244 416 4318 ἀσθενείᾳ
462 4251 821 4322 περικειμένη
864 4250 1000 4323 (58),
1036 4249 1173 4304 ἀλλά
1216 4249 1352 4304 Θεοῦ
1412 4251 1574 4321 φύσιν
1623 4253 1744 4304 ἐπι-

153 4335 504 4411 δεικνυμένη.
535 4342 644 4395 Καὶ
675 4341 850 4407 οὓτως
893 4343 960 4397 ἂν
1003 4343 1214 4412 λέγοιτο
1247 4343 1452 4406 τέλειος
1475 4343 1608 4406 Θεὸς
1653 4343 1747 4396 καὶ

153 4427 364 4492 τέλειος
413 4430 697 4505 ἄνθρωπος
718 4435 747 4487 6
769 4433 1020 4506 Χριστός·
1053 4435 1152 4506 οὐχ
1202 4435 1278 4498 ὡς
1323 4435 1420 4505 τῆς
1446 4433 1635 4505 θεῖκῆς
1663 4451 1750 4487 τε-

1845 3148 1982 3219 gelia
2013 3147 2198 3202 dicant
2224 3165 2238 3202 :
2274 3146 2541 3201 Turbatus
2567 3157 2646 3201 est
2671 3145 2830 3201 Jesus
2875 3148 3113 3217 spiritu;
3168 3147 3220 3200 id
3256 3155 3436 3202 tamen

1843 3241 2084 3296 declarat
2109 3239 2372 3294 Dominus
2393 3239 2460 3294 de
2480 3239 2662 3293 anima
2687 3238 3092 3308 intelligendum
3132 3253 3279 3302 esse,
3304 3239 3437 3293 dum

1844 3334 1920 3388 ait
1953 3351 1967 3387 :
1997 3333 2194 3386 Anima
2230 3347 2346 3384 mea
2375 3329 2589 3384 turbata
2611 3339 2688 3384 est
2710 3330 2774 3385 ⁸⁷.
2830 3329 2986 3396 Quod
3019 3331 3065 3384 si
3096 3345 3209 3384 suae
3243 3329 3438 3385 Domi-

1846 3439 1954 3480 nus
1986 3423 2184 3478 anima:
2214 3421 2598 3494 cogitationem
2627 3419 2966 3485 manifestat,
2999 3421 3054 3475 id
3088 3421 3201 3491 agit
3233 3431 3293 3475 ut
3320 3421 3439 3474 ani-

1846 3531 1951 3572 mat
1974 3525 2180 3571 nostrae
2204 3530 2324 3570 sese
2365 3522 2684 3584 attemperet
2715 3533 2728 3567 :
2759 3529 2871 3584 quo
2913 3515 2994 3568 sic
3022 3523 3078 3569 et
3108 3515 3230 3585 ejus
3274 3513 3436 3568 intel-

1846 3609 2079 3679 ligamus
2112 3608 2426 3677 passionem
2451 3647 2467 3674 ,
2514 3613 2569 3661 et
2594 3621 2721 3660 eum
2751 3605 3142 3675 impassibilem
3173 3605 3437 3660 confitea-

1847 3715 1990 3755 mur.
2022 3699 2176 3754 Sicut
2207 3700 2352 3754 enim
2385 3699 2649 3770 sanguine
2675 3699 2858 3754 carnis
2880 3713 2994 3753 suae
3024 3713 3127 3754 nos
3157 3698 3388 3753 redemit
3419 3719 3432 3753 :

1848 3791 1929 3846 sic
1955 3791 2283 3862 cogitatione
2318 3791 2517 3845 mentis
2541 3805 2654 3844 suae
2675 3830 2692 3856 ,
2738 3804 2902 3858 quam
2928 3804 3028 3859 pro
3061 3789 3218 3844 nobis
3247 3804 3439 3860 repor-

1849 3883 2287 3937 tavitvictoriam
2323 3882 2410 3938 his
2446 3882 2689 3937 declarat
2736 3881 2920 3936 verbis
2951 3898 2966 3936 :
3003 3879 3117 3951 Ego
3148 3881 3249 3935 vici
3282 3870 3433 3935 utun-

1847 3975 1975 4028 dum
1995 3974 2076 4040 ⁶⁸;
2108 3981 2161 4030 et
2191 3974 2321 4030 alibi
2347 3993 2361 4029 :
2401 3974 2507 4039 Qui
2537 3974 2684 4028 dedit
2714 3973 2863 4027 nobis
2893 3975 3174 4028 victoriam
3202 3973 3267 4028 “.
3329 3971 3436 4029 Sed

1849 4067 1991 4122 sicut
2015 4067 2240 4137 sanguis
2279 4066 2371 4122 ille
2414 4082 2513 4137 pro
2543 4066 2807 4138 vulgaria
2829 4067 2934 4136 piis
2959 4065 3273 4122 hominibus
3294 4081 3438 4121 nun-

1849 4175 2014 4230 quam
2037 4159 2255 4216 habitus
2280 4159 2462 4224 fuerit,
2479 4159 2625 4230 quod
2649 4168 2828 4214 tamen
2855 4158 3100 4214 infideles
3115 4168 3432 4225 autumant,

1850 4253 1944 4307 sed
1975 4267 2075 4322 pro
2103 4252 2330 4307 salutari
2365 4252 2664 4322 sanguine;
2720 4249 2804 4308 sic
2838 4267 2996 4307 mens
3037 4251 3127 4306 illa
3187 4267 3298 4306 non
3334 4253 3438 4305 hu-

1851 4358 2012 4398 mana
2043 4343 2357 4399 inﬁrmitate
2397 4344 2644 4399 induitur
2665 4384 2682 4410 ,
2733 4343 2894 4416 747
2929 4345 3024 4400 sed
3054 4343 3152 4398 Dei
3181 4354 3434 4400 naturam

1851 4435 2093 4490 exhibet.
2125 4433 2326 4506 Sicque
2363 4435 2628 4491 dicendus
2658 4435 2823 4493 fuerit
2854 4436 3130 4501 Christus,
3159 4433 3435 4506 perfectus

234 4551 278 4583 “
307 4551 466 4607 Joan.
499 4569 580 4619 x1,
608 4552 697 4607 55.
775 4553 819 4585 ⁸⁷
851 4551 1010 4609 Joan.
1039 4569 1136 4617 xu,
1164 4553 1256 4608 27.
1332 4553 1377 4584 "‘
1408 4550 1568 4606 Joan.
1593 4567 1707 4618 xvr,
1734 4551 1823 4606 55.
1902 4551 1947 4583 °'
1980 4549 2002 4604 l
2031 4551 2158 4608 Cor.
2191 4567 2283 4618 xv,
2316 4551 2405 4608 57.

231 4668 345 4738 (50)
374 4666 474 4738 Sir.
516 4666 740 4738 Seguer.
785 4666 1002 4722 Gobler.
1050 4676 1103 4720 et
1137 4667 1279 4738 Felc.
1317 4667 1369 4720 1.
1397 4665 1548 4738 _Editi
1589 4681 1738 4728 vero.

159 4735 362 4808 ἐαυτῷ.
390 4737 536 4808 infra
575 4735 630 4791 in
667 4736 894 4808 Seguer.
925 4737 1358 4808 λογικῆςγιίοοεῑ.
1393 4735 1563 4808 Paulo
1593 4746 1737 4805 post,

161 4805 389 4876 Seguer.
429 4806 646 4877 Gobler.
689 4805 920 4863 et’Felc.
951 4805 1007 4871 1,
1034 4805 1578 4877 σοὲρίξωνται.νΕόὶιί,
1607 4824 1740 4875 φαν-

155 4879 432 4944 τάζονται.
462 4875 584 4949 Mox
611 4879 748 4949 haec,
779 4875 1121 4949 ἀνειληφέναι
1146 4879 1238 4930 τὸν
1268 4876 1516 4947 Σωτῆρα,
1543 4878 1741 4932 desunt

159 4950 216 5004 in
244 4949 438 5003 iisdem
466 4948 768 5003 codicibus.

239 5019 361 5090 (51)
380 5017 544 5090 Editi,
573 5019 851 5090 ἀπόνοιαν,
887 5027 943 5073 at
972 5016 1194 5090 Seguer.
1227 5015 1391 5090 Basil.
1427 5017 1646 5072 GObler.
1682 5026 1736 5074 et

159 5086 314 5159 Fclc.
334 5086 683 5159 'ittnivmav,
710 5097 765 5143 et
799 5089 871 5159 ita
901 5090 1027 5159 legit
1053 5086 1332 5159 Nannius.

233 5158 349 5233 (52)
393 5158 484 5233 Sic
519 5158 744 5233 Seguer.
795 5156 1015 5233 Gobler.
1059 5168 1113 5214 et
1159 5157 1302 5233 Eele.
1348 5157 1398 5211 1.
1447 5156 1504 5233 In
1557 5157 1740 5233 editis,

1849 4666 2008 4722 ἀλλότ
2051 4688 2105 4723 ια
2137 4669 2214 4724 δέ.

1919 4687 2044 4810 (54)
2073 4741 2298 4810 Seguer.
2333 4736 2551 4793 Gobler.
2585 4743 2639 4810 et
2665 4734 2898 4810 Felc.__i,
2943 4731 3325 4810 ταράττεσθαι.
3347 4737 3434 4810 _At

1845 4809 1976 4878 editi
2011 4803 2066 4864 et
2093 4803 2185 4865 alii
2220 4825 2382 4872 mss.,
2418 4807 2666 4878 ταραχήν
2687 4845 2702 4870 ,
2735 4805 2948 4878 melius,
2979 4803 3159 4878 _et_it_a_
3185 4803 3434 4878 Nannius

1846 4877 1992 4947 legit.
2028 4879 2153 4935 Mox
2176 4872 2516 4942 Basiliensis',
2549 4872 2643 4930 καὶ
2673 4877 2722 4928 εἰ
2754 4876 2901 4945 λέγει
2929 4872 3184 4947 cdt._lbid_.
3209 4874 3429 4932 Gobler.

1842 4942 2068 5006 et'Felc.
2103 4953 2154 5015 1,
2181 4950 2244 5003 τὸ
2271 4948 2628 5017 Εὑαγγέλιον,
2647 4956 2703 5001 et
2732 4947 2804 5001 ita
2829 4942 2972 5017 Vlegit
3000 4942 3266 5017 Nannius.

1936 5019 2026 5086 55)
2058 5013 2162 5074 Τὸν
2193 5019 2318 5074 νοῦν
2344 5013 2495 5074 deest
2524 5019 2578 5072 in
2601 5013 2824 5086 Seguer.
2844 5013 3060 5072 Gobler.
3090 5024 3143 5068 et
3170 5015 3350 5070 Felck.
3377 5017 3428 5071 1.

1938 5019 2006 5074 55
2058 5021 2162 5074 Τὸν
2193 5019 2318 5074 νοῦν
2344 5020 2495 5074 deest
2524 5019 2578 5072 in
2601 5019 2824 5086 Seguer.
2844 5019 2888 5072 G

1938 5019 2028 5161 56)
2062 5087 2218 5161 Εῐναι
2248 5089 2496 5161 (Ῐοοξιίὶιι
2534 5087 2888 5161 Segue_riano.

1935 5155 2025 5230 57)
2055 5160 2307 5234 Seguer.,
2333 5159 2552 5234 Gobler.
2593 5155 2826 5234 e'tj‘elc.
2861 5159 2886 5210 1
2912 5197 2926 5221 ,
2954 5155 3032 5227 τῷ
3068 5155 3235 5234 δόντι.
3270 5156 3427 5234 T_e_xt.

160 5227 528 5310 λυποέμένην,
559 5227 653 5310 καὶ
676 5228 1086 5310 ταραττομένην
1113 5227 1208 5310 κα).
1232 5227 1626 5310 ἀδημονοῦσαν,
1649 5229 1739 5310 καὶ

1911 5227 2017 5287 'aac.
2051 5227 2252 5310 Script.
2294 5230 2373 5310 τῷ
2410 5230 2637 5310 διδόντι..
2661 5227 2963 5310 volgatani
2987 5227 3079 5310 qui
3112 5227 3430 5310 dedit..Mox

162 5297 371 5371 νοητῶς
402 5297 889 5371 ἐπαισθανομένην.
919 5297 1070 5371 ξΙὺῇἆ.
1120 5299 1282 5371 iidem
1321 5297 1546 5371 codices
1587 5299 1750 5352 omit-

161 5368 308 5435 tunt,
342 5373 390 5423 ei
435 5369 512 5435 δέ,
561 5368 719 5438 cujus
764 5368 884 5424 loco
923 5369 1154 5432 habent,
1202 5368 1324 5438 κάν.
1377 5368 1540 5423 iidem
1594 5384 1743 5433 mox,

161 5440 346 5521 Τριῶν
368 5440 546 5521 τοίνυν
568 5437 944 5521 προκειμένων
965 5439 1270 5521 νοημάτων.
1299 5437 1356 5521 In
1381 5440 1542 5521 editis
1558 5440 1743 5521 tice-st,

162 5507 344 5564 τοίνυν
381 5517 434 5564 et
479 5507 788 5580 νοημάτωνξ
846 5508 970 5564 Mox
1027 5507 1188 5564 iidem
1236 5511 1358 5564 cod.
1407 5507 1615 5562 ἕλοισθε
1657 5509 1742 5562 ἄν.

164 5581 306 5634 Editi
339 5596 488 5643 vero,
521 5577 593 5634 ἂν
619 5577 825 5634 ἕλεσθε.

234 5651 350 5720 (55)
383 5648 458 5703 Ita
505 5649 731 5720 Seguer.
767 5649 987 5720 Gobler.
1039 5658 1093 5704 et
1140 5647 1287 5705 Felc.
1321 5651 1372 5705 1.
1420 5648 1566 5703 Editi
1617 5665 1746 5704 vero

165 5735 291 5777 cum
322 5719 478 5787 aliis,
507 5721 569 5772 Εἰ
601 5719 657 5773 δὲ
693 5723 750 5774 ὲν
773 5719 997 5792 ἀληθείᾳ
1031 5721 1273 5792 εἴρηνται
1302 5720 1394 5774 καὶ
1440 5720 1746 5789 γεγόνασιν,

1861 5297 2192 5372 ὃθειιοιιηοῦ
2222 5297 2399 5372 κοινὸν
2432 5304 2547 5372 τοῖς
2586 5297 2856 5353 εὐσεϐέσι.
2890 5297 3112 5362 Ibidem,
3141 5298 3425 5369 Anglican.

1847 5371 2128 5444 νομισθείη
2151 5389 2252 5443 pro
2279 5371 2518 5444 νοηθείη.

1917 5437 2032 5515 (58)
2063 5437 2311 5515 segnem,
2338 5437 2462 5515 οὐκ
2483 5437 2838 5515 ἀνθρωπίνην
2892 5439 3200 5515 ἀσθένειαν.
3233 5437 3426 5515 μήτε.

1847 5509 1982 5577 haec,
2014 5509 2119 5567 ’καὶ
2140 5509 2323 5577 ὀὕτως
2354 5513 2420 5565 ἂν
2453 5509 2664 5580 λέγοιτο
2708 5509 2949 5573 τέλειος,
2997 5519 3128 5580 etc.,
3161 5509 3432 5565 habentur

1847 5585 1988 5706 ἶριιά
2024 5583 2312 5707 iocantium
2347 5579 2573 5654 Byzant.
2613 5583 2708 5638 lib.
2755 5599 2772 5638 ι
2813 5591 2998 5636 contra
3043 5579 3352 5636 Nestorium
3378 5592 3428 5634 et

1901 5672 1930 5707 ιι
1959 5670 2021 5707 uc
2041 5671 2142 5707 ten.

1901 5672 1930 5709 ιι
1941 5670 2142 5725 tycuen.
