  <div class='ocr_page' id='page_1' title='image "/cluster/home/n/w/nwhite01/storage/ocr_20150623/26/nnc1.0046978577/577.png"; bbox 0 0 3810 6228; ppageno 0'>
   <div class='ocr_carea' id='block_1_1' title="bbox 396 325 539 382">
    <p class='ocr_par' dir='ltr' id='par_1_1' title="bbox 396 325 539 382">
     <span class='ocr_line' id='line_1_1' title="bbox 396 325 539 382; baseline 0.014 -2"><span class='ocrx_word' id='word_1_1' title='bbox 396 325 539 382; x_wconf 66' lang='grc'><strong>1125</strong></span> 
     </span>
    </p>
   </div>
   <div class='ocr_carea' id='block_1_2' title="bbox 392 435 2036 513">
    <p class='ocr_par' dir='ltr' id='par_1_2' title="bbox 392 435 2036 513">
     <span class='ocr_line' id='line_1_2' title="bbox 392 435 2036 513; baseline -0.002 -16"><span class='ocrx_word' id='word_1_2' title='bbox 392 439 555 501; x_wconf 78' lang='lat' dir='ltr'><strong>Deus.</strong></span> <span class='ocrx_word' id='word_1_3' title='bbox 584 447 640 496; x_wconf 86' lang='lat' dir='ltr'><strong>et</strong></span> <span class='ocrx_word' id='word_1_4' title='bbox 663 439 937 511; x_wconf 81' lang='lat' dir='ltr'><strong>perfectus</strong></span> <span class='ocrx_word' id='word_1_5' title='bbox 959 441 1124 496; x_wconf 87' lang='lat' dir='ltr'><strong>homo</strong></span> <span class='ocrx_word' id='word_1_6' title='bbox 1154 460 1168 495; x_wconf 89' lang='lat'><strong>:</strong></span> <span class='ocrx_word' id='word_1_7' title='bbox 1195 455 1301 496; x_wconf 93' lang='lat' dir='ltr'><strong>non</strong></span> <span class='ocrx_word' id='word_1_8' title='bbox 1325 440 1471 513; x_wconf 89' lang='lat' dir='ltr'><strong>quod</strong></span> <span class='ocrx_word' id='word_1_9' title='bbox 1496 439 1676 494; x_wconf 86' lang='lat' dir='ltr'><strong>divina</strong></span> <span class='ocrx_word' id='word_1_10' title='bbox 1703 435 1960 508; x_wconf 77' lang='lat' dir='ltr'><strong>perfectio</strong></span> <span class='ocrx_word' id='word_1_11' title='bbox 1988 435 2036 493; x_wconf 83' lang='grc' dir='ltr'><strong>Δ</strong></span> 
     </span>
    </p>
   </div>
   <div class='ocr_carea' id='block_1_3' title="bbox 389 529 1964 603">
    <p class='ocr_par' dir='ltr' id='par_1_3' title="bbox 389 529 1964 603">
     <span class='ocr_line' id='line_1_3' title="bbox 389 529 1964 603; baseline -0.004 -15"><span class='ocrx_word' id='word_1_12' title='bbox 389 534 446 588; x_wconf 90' lang='lat' dir='ltr'><strong>in</strong></span> <span class='ocrx_word' id='word_1_13' title='bbox 466 532 765 588; x_wconf 80' lang='lat' dir='ltr'><strong>humanam</strong></span> <span class='ocrx_word' id='word_1_14' title='bbox 798 531 1185 603; x_wconf 76' lang='lat' dir='ltr'><strong>perfectionem</strong></span> <span class='ocrx_word' id='word_1_15' title='bbox 1212 540 1422 587; x_wconf 89' lang='lat' dir='ltr'><strong>mutata</strong></span> <span class='ocrx_word' id='word_1_16' title='bbox 1449 532 1542 599; x_wconf 90' lang='lat' dir='ltr'><strong>sit,</strong></span> <span class='ocrx_word' id='word_1_17' title='bbox 1566 531 1711 600; x_wconf 91' lang='lat' dir='ltr'><strong>quod</strong></span> <span class='ocrx_word' id='word_1_18' title='bbox 1737 529 1964 600; x_wconf 89' lang='lat' dir='ltr'><strong>impium</strong></span> 
     </span>
    </p>
   </div>
   <div class='ocr_carea' id='block_1_4' title="bbox 390 622 1967 694">
    <p class='ocr_par' dir='ltr' id='par_1_4' title="bbox 390 622 1967 694">
     <span class='ocr_line' id='line_1_4' title="bbox 390 622 1967 694; baseline -0.002 -16"><span class='ocrx_word' id='word_1_19' title='bbox 390 631 477 680; x_wconf 90' lang='lat' dir='ltr'><strong>est</strong></span> <span class='ocrx_word' id='word_1_20' title='bbox 504 626 682 680; x_wconf 81' lang='lat' dir='ltr'><strong>dicere</strong></span> <span class='ocrx_word' id='word_1_21' title='bbox 708 643 721 678; x_wconf 94' lang='lat'><strong>:</strong></span> <span class='ocrx_word' id='word_1_22' title='bbox 745 639 848 679; x_wconf 91' lang='lat' dir='ltr'><strong>nec</strong></span> <span class='ocrx_word' id='word_1_23' title='bbox 876 625 1039 680; x_wconf 89' lang='lat' dir='ltr'><strong>etiam</strong></span> <span class='ocrx_word' id='word_1_24' title='bbox 1060 666 1076 692; x_wconf 92' lang='lat'><strong>,</strong></span> <span class='ocrx_word' id='word_1_25' title='bbox 1105 625 1251 694; x_wconf 92' lang='lat' dir='ltr'><strong>quod</strong></span> <span class='ocrx_word' id='word_1_26' title='bbox 1283 625 1406 678; x_wconf 71' lang='lat' dir='ltr'><strong>duae</strong></span> <span class='ocrx_word' id='word_1_27' title='bbox 1441 622 1804 694; x_wconf 80' lang='lat' dir='ltr'><strong>perfectiones</strong></span> <span class='ocrx_word' id='word_1_28' title='bbox 1842 636 1874 675; x_wconf 90' lang='lat' dir='ltr'><strong>a</strong></span> <span class='ocrx_word' id='word_1_29' title='bbox 1905 636 1967 676; x_wconf 89' lang='lat' dir='ltr'><strong>se</strong></span> 
     </span>
    </p>
   </div>
   <div class='ocr_carea' id='block_1_5' title="bbox 391 711 1963 784">
    <p class='ocr_par' dir='ltr' id='par_1_5' title="bbox 391 711 1963 784">
     <span class='ocr_line' id='line_1_5' title="bbox 391 711 1963 784; baseline -0.001 -17"><span class='ocrx_word' id='word_1_30' title='bbox 391 715 621 769; x_wconf 88' lang='lat' dir='ltr'><strong>invicem</strong></span> <span class='ocrx_word' id='word_1_31' title='bbox 672 713 861 770; x_wconf 61' lang='lat' dir='ltr'><strong>divisae</strong></span> <span class='ocrx_word' id='word_1_32' title='bbox 901 715 1188 778; x_wconf 74' lang='lat' dir='ltr'><strong>dicantur,</strong></span> <span class='ocrx_word' id='word_1_33' title='bbox 1243 715 1386 784; x_wconf 92' lang='lat' dir='ltr'><strong>quod</strong></span> <span class='ocrx_word' id='word_1_34' title='bbox 1421 729 1450 768; x_wconf 90' lang='lat' dir='ltr'><strong>a</strong></span> <span class='ocrx_word' id='word_1_35' title='bbox 1485 714 1682 783; x_wconf 84' lang='lat' dir='ltr'><strong>pietate</strong></span> <span class='ocrx_word' id='word_1_36' title='bbox 1728 711 1963 766; x_wconf 89' lang='lat' dir='ltr'><strong>alienum</strong></span> 
     </span>
    </p>
   </div>
   <div class='ocr_carea' id='block_1_6' title="bbox 388 803 1967 876">
    <p class='ocr_par' dir='ltr' id='par_1_6' title="bbox 388 803 1967 876">
     <span class='ocr_line' id='line_1_6' title="bbox 388 803 1967 876; baseline -0.003 -16"><span class='ocrx_word' id='word_1_37' title='bbox 388 814 472 860; x_wconf 84' lang='lat' dir='ltr'><strong>est</strong></span> <span class='ocrx_word' id='word_1_38' title='bbox 499 823 514 860; x_wconf 90' lang='lat'>:</span> <span class='ocrx_word' id='word_1_39' title='bbox 549 820 724 876; x_wconf 88' lang='lat' dir='ltr'><strong>neque</strong></span> <span class='ocrx_word' id='word_1_40' title='bbox 753 821 850 876; x_wconf 82' lang='lat' dir='ltr'><strong>per</strong></span> <span class='ocrx_word' id='word_1_41' title='bbox 871 806 1270 862; x_wconf 89' lang='lat' dir='ltr'><strong>incrementum</strong></span> <span class='ocrx_word' id='word_1_42' title='bbox 1303 806 1541 869; x_wconf 87' lang='lat' dir='ltr'><strong>virtutis,</strong></span> <span class='ocrx_word' id='word_1_43' title='bbox 1568 813 1622 859; x_wconf 84' lang='lat' dir='ltr'><strong>et</strong></span> <span class='ocrx_word' id='word_1_44' title='bbox 1653 803 1967 858; x_wconf 85' lang='lat' dir='ltr'><strong>accessione</strong></span> 
     </span>
    </p>
   </div>
   <div class='ocr_carea' id='block_1_7' title="bbox 384 897 1967 969">
    <p class='ocr_par' dir='ltr' id='par_1_7' title="bbox 384 897 1967 969">
     <span class='ocr_line' id='line_1_7' title="bbox 384 897 1967 969; baseline 0 -18"><span class='ocrx_word' id='word_1_45' title='bbox 384 899 640 969; x_wconf 66' lang='lat' dir='ltr'><strong>justitiae,</strong></span> <span class='ocrx_word' id='word_1_46' title='bbox 674 900 851 955; x_wconf 89' lang='lat' dir='ltr'><strong>absit!</strong></span> <span class='ocrx_word' id='word_1_47' title='bbox 896 901 989 955; x_wconf 91' lang='lat' dir='ltr'><strong>sed</strong></span> <span class='ocrx_word' id='word_1_48' title='bbox 1023 901 1234 955; x_wconf 85' lang='lat' dir='ltr'><strong>ratione</strong></span> <span class='ocrx_word' id='word_1_49' title='bbox 1265 899 1596 954; x_wconf 70' lang='lat' dir='ltr'><strong>exsistentiae</strong></span> <span class='ocrx_word' id='word_1_50' title='bbox 1649 897 1967 953; x_wconf 79' lang='lat' dir='ltr'><strong>indeiicien-</strong></span> 
     </span>
    </p>
   </div>
   <div class='ocr_carea' id='block_1_8' title="bbox 386 993 1962 1066">
    <p class='ocr_par' dir='ltr' id='par_1_8' title="bbox 386 993 1962 1066">
     <span class='ocr_line' id='line_1_8' title="bbox 386 993 1962 1066; baseline 0 -17"><span class='ocrx_word' id='word_1_51' title='bbox 386 996 478 1049; x_wconf 88' lang='lat' dir='ltr'><strong>tis.</strong></span> <span class='ocrx_word' id='word_1_52' title='bbox 513 993 585 1050; x_wconf 84' lang='lat' dir='ltr'><strong>Ut</strong></span> <span class='ocrx_word' id='word_1_53' title='bbox 614 1005 843 1066; x_wconf 89' lang='lat' dir='ltr'><strong>utraque</strong></span> <span class='ocrx_word' id='word_1_54' title='bbox 885 1012 1030 1050; x_wconf 90' lang='lat' dir='ltr'><strong>unus</strong></span> <span class='ocrx_word' id='word_1_55' title='bbox 1059 997 1189 1059; x_wconf 91' lang='lat' dir='ltr'><strong>sint,</strong></span> <span class='ocrx_word' id='word_1_56' title='bbox 1221 997 1446 1050; x_wconf 88' lang='lat' dir='ltr'><strong>omnino</strong></span> <span class='ocrx_word' id='word_1_57' title='bbox 1474 994 1745 1066; x_wconf 84' lang='lat' dir='ltr'><strong>perfectus</strong></span> <span class='ocrx_word' id='word_1_58' title='bbox 1765 1035 1779 1060; x_wconf 96' lang='lat'><strong>,</strong></span> <span class='ocrx_word' id='word_1_59' title='bbox 1821 994 1962 1049; x_wconf 89' lang='lat' dir='ltr'><strong>idem</strong></span> 
     </span>
    </p>
   </div>
   <div class='ocr_carea' id='block_1_9' title="bbox 388 1082 1965 1143">
    <p class='ocr_par' dir='ltr' id='par_1_9' title="bbox 388 1082 1965 1143">
     <span class='ocr_line' id='line_1_9' title="bbox 388 1082 1965 1143; baseline -0.001 -4"><span class='ocrx_word' id='word_1_60' title='bbox 388 1085 532 1142; x_wconf 89' lang='lat' dir='ltr'><strong>Deus</strong></span> <span class='ocrx_word' id='word_1_61' title='bbox 563 1097 617 1143; x_wconf 87' lang='lat' dir='ltr'><strong>et</strong></span> <span class='ocrx_word' id='word_1_62' title='bbox 642 1089 823 1142; x_wconf 86' lang='lat' dir='ltr'><strong>homo.</strong></span> <span class='ocrx_word' id='word_1_63' title='bbox 854 1086 989 1141; x_wconf 90' lang='lat' dir='ltr'><strong>Nam</strong></span> <span class='ocrx_word' id='word_1_64' title='bbox 1018 1087 1218 1141; x_wconf 89' lang='lat' dir='ltr'><strong>idcirco</strong></span> <span class='ocrx_word' id='word_1_65' title='bbox 1236 1086 1496 1141; x_wconf 86' lang='lat' dir='ltr'><strong>Dominus</strong></span> <span class='ocrx_word' id='word_1_66' title='bbox 1517 1086 1729 1142; x_wconf 89' lang='lat' dir='ltr'><strong>dicebat</strong></span> <span class='ocrx_word' id='word_1_67' title='bbox 1760 1104 1774 1140; x_wconf 92' lang='lat'>:</span> <span class='ocrx_word' id='word_1_68' title='bbox 1807 1082 1965 1138; x_wconf 85' lang='lat' dir='ltr'><strong>Nunc</strong></span> 
     </span>
    </p>
   </div>
   <div class='ocr_carea' id='block_1_10' title="bbox 387 1179 1962 1246">
    <p class='ocr_par' dir='ltr' id='par_1_10' title="bbox 387 1179 1962 1246">
     <span class='ocr_line' id='line_1_10' title="bbox 387 1179 1962 1246; baseline 0.001 -14"><span class='ocrx_word' id='word_1_69' title='bbox 387 1179 567 1233; x_wconf 82' lang='lat' dir='ltr'><strong>anima</strong></span> <span class='ocrx_word' id='word_1_70' title='bbox 598 1196 711 1234; x_wconf 89' lang='lat' dir='ltr'><strong>mea</strong></span> <span class='ocrx_word' id='word_1_71' title='bbox 747 1179 958 1232; x_wconf 87' lang='lat' dir='ltr'><strong>turbata</strong></span> <span class='ocrx_word' id='word_1_72' title='bbox 993 1189 1090 1233; x_wconf 87' lang='lat' dir='ltr'><strong>est.</strong></span> <span class='ocrx_word' id='word_1_73' title='bbox 1144 1179 1276 1233; x_wconf 94' lang='lat' dir='ltr'><strong>lllud</strong></span> <span class='ocrx_word' id='word_1_74' title='bbox 1313 1189 1492 1233; x_wconf 90' lang='lat' dir='ltr'><strong>autem</strong></span> <span class='ocrx_word' id='word_1_75' title='bbox 1516 1221 1530 1243; x_wconf 92' lang='lat'><strong>,</strong></span> <span class='ocrx_word' id='word_1_76' title='bbox 1563 1196 1698 1232; x_wconf 84' lang='lat' dir='ltr'><strong>nunc</strong></span> <span class='ocrx_word' id='word_1_77' title='bbox 1720 1219 1734 1240; x_wconf 93' lang='lat'><strong>,</strong></span> <span class='ocrx_word' id='word_1_78' title='bbox 1778 1179 1827 1233; x_wconf 91' lang='lat' dir='ltr'><strong>id</strong></span> <span class='ocrx_word' id='word_1_79' title='bbox 1859 1187 1962 1246; x_wconf 86' lang='lat' dir='ltr'><strong>est,</strong></span> 
     </span>
    </p>
   </div>
   <div class='ocr_carea' id='block_1_11' title="bbox 386 1268 1961 1340">
    <p class='ocr_par' dir='ltr' id='par_1_11' title="bbox 386 1268 1961 1340">
     <span class='ocr_line' id='line_1_11' title="bbox 386 1268 1961 1340; baseline -0.003 -15"><span class='ocrx_word' id='word_1_80' title='bbox 386 1285 512 1326; x_wconf 93' lang='lat' dir='ltr'><strong>cum</strong></span> <span class='ocrx_word' id='word_1_81' title='bbox 542 1269 659 1339; x_wconf 90' lang='lat' dir='ltr'><strong>ipse</strong></span> <span class='ocrx_word' id='word_1_82' title='bbox 689 1270 876 1324; x_wconf 90' lang='lat' dir='ltr'><strong>voluit.</strong></span> <span class='ocrx_word' id='word_1_83' title='bbox 926 1268 994 1323; x_wconf 85' lang='lat' dir='ltr'><strong>At</strong></span> <span class='ocrx_word' id='word_1_84' title='bbox 1025 1280 1198 1335; x_wconf 85' lang='lat' dir='ltr'><strong>certe,</strong></span> <span class='ocrx_word' id='word_1_85' title='bbox 1231 1270 1376 1340; x_wconf 92' lang='lat' dir='ltr'><strong>quod</strong></span> <span class='ocrx_word' id='word_1_86' title='bbox 1410 1278 1558 1335; x_wconf 88' lang='lat' dir='ltr'><strong>erat,</strong></span> <span class='ocrx_word' id='word_1_87' title='bbox 1586 1268 1961 1338; x_wconf 83' lang='lat' dir='ltr'><strong>signiﬁcabat;</strong></span> 
     </span>
    </p>
   </div>
   <div class='ocr_carea' id='block_1_12' title="bbox 386 1361 1963 1430">
    <p class='ocr_par' dir='ltr' id='par_1_12' title="bbox 386 1361 1963 1430">
     <span class='ocr_line' id='line_1_12' title="bbox 386 1361 1963 1430; baseline -0.002 -13"><span class='ocrx_word' id='word_1_88' title='bbox 386 1379 501 1418; x_wconf 90' lang='lat' dir='ltr'><strong>rem</strong></span> <span class='ocrx_word' id='word_1_89' title='bbox 531 1363 677 1417; x_wconf 91' lang='lat' dir='ltr'><strong>enim</strong></span> <span class='ocrx_word' id='word_1_90' title='bbox 714 1376 822 1415; x_wconf 92' lang='lat' dir='ltr'><strong>non</strong></span> <span class='ocrx_word' id='word_1_91' title='bbox 860 1361 1212 1416; x_wconf 82' lang='lat' dir='ltr'><strong>exsistentem</strong></span> <span class='ocrx_word' id='word_1_92' title='bbox 1234 1403 1249 1428; x_wconf 90' lang='lat'><strong>,</strong></span> <span class='ocrx_word' id='word_1_93' title='bbox 1286 1361 1443 1430; x_wconf 91' lang='lat' dir='ltr'><strong>quasi</strong></span> <span class='ocrx_word' id='word_1_94' title='bbox 1466 1369 1786 1430; x_wconf 57' lang='lat' dir='ltr'><strong>praesentem</strong></span> <span class='ocrx_word' id='word_1_95' title='bbox 1820 1376 1963 1414; x_wconf 91' lang='lat' dir='ltr'><strong>nun-</strong></span> 
     </span>
    </p>
   </div>
   <div class='ocr_carea' id='block_1_13' title="bbox 387 1451 1962 1524">
    <p class='ocr_par' dir='ltr' id='par_1_13' title="bbox 387 1451 1962 1524">
     <span class='ocr_line' id='line_1_13' title="bbox 387 1451 1962 1524; baseline -0.003 -15"><span class='ocrx_word' id='word_1_96' title='bbox 387 1470 552 1524; x_wconf 87' lang='lat' dir='ltr'><strong>quam</strong></span> <span class='ocrx_word' id='word_1_97' title='bbox 583 1454 920 1508; x_wconf 90' lang='lat' dir='ltr'><strong>nominassct</strong></span> <span class='ocrx_word' id='word_1_98' title='bbox 947 1471 959 1506; x_wconf 90' lang='lat'><strong>:</strong></span> <span class='ocrx_word' id='word_1_99' title='bbox 986 1468 1087 1508; x_wconf 88' lang='lat' dir='ltr'><strong>nec</strong></span> <span class='ocrx_word' id='word_1_100' title='bbox 1123 1453 1281 1524; x_wconf 88' lang='lat' dir='ltr'><strong>quasi</strong></span> <span class='ocrx_word' id='word_1_101' title='bbox 1311 1454 1378 1507; x_wconf 89' lang='lat' dir='ltr'><strong>de</strong></span> <span class='ocrx_word' id='word_1_102' title='bbox 1421 1453 1619 1517; x_wconf 84' lang='lat' dir='ltr'><strong>rebus,</strong></span> <span class='ocrx_word' id='word_1_103' title='bbox 1663 1451 1799 1522; x_wconf 72' lang='lat' dir='ltr'><strong>quae}</strong></span> <span class='ocrx_word' id='word_1_104' title='bbox 1846 1452 1962 1507; x_wconf 89' lang='lat' dir='ltr'><strong>sola</strong></span> 
     </span>
    </p>
   </div>
   <div class='ocr_carea' id='block_1_14' title="bbox 388 1543 1961 1615">
    <p class='ocr_par' dir='ltr' id='par_1_14' title="bbox 388 1543 1961 1615">
     <span class='ocr_line' id='line_1_14' title="bbox 388 1543 1961 1615; baseline -0.003 -15"><span class='ocrx_word' id='word_1_105' title='bbox 388 1547 569 1615; x_wconf 82' lang='lat' dir='ltr'><strong>specie</strong></span> <span class='ocrx_word' id='word_1_106' title='bbox 623 1546 965 1611; x_wconf 81' lang='lat' dir='ltr'><strong>exsisterent,</strong></span> <span class='ocrx_word' id='word_1_107' title='bbox 1013 1558 1194 1598; x_wconf 88' lang='lat' dir='ltr'><strong>sermo</strong></span> <span class='ocrx_word' id='word_1_108' title='bbox 1246 1543 1546 1598; x_wconf 87' lang='lat' dir='ltr'><strong>habebatur</strong></span> <span class='ocrx_word' id='word_1_109' title='bbox 1595 1561 1610 1598; x_wconf 94' lang='lat'>:</span> <span class='ocrx_word' id='word_1_110' title='bbox 1649 1544 1767 1597; x_wconf 73' lang='lat' dir='ltr'><strong>haec</strong></span> <span class='ocrx_word' id='word_1_111' title='bbox 1815 1543 1961 1597; x_wconf 90' lang='lat' dir='ltr'><strong>enim</strong></span> 
     </span>
    </p>
   </div>
   <div class='ocr_carea' id='block_1_15' title="bbox 387 1639 1562 1708">
    <p class='ocr_par' dir='ltr' id='par_1_15' title="bbox 387 1639 1562 1708">
     <span class='ocr_line' id='line_1_15' title="bbox 387 1639 1562 1708; baseline -0.006 -13"><span class='ocrx_word' id='word_1_112' title='bbox 387 1640 571 1695; x_wconf 83' lang='lat' dir='ltr'><strong>omnia</strong></span> <span class='ocrx_word' id='word_1_113' title='bbox 603 1639 921 1693; x_wconf 84' lang='lat' dir='ltr'><strong>naturaliter</strong></span> <span class='ocrx_word' id='word_1_114' title='bbox 947 1647 1000 1694; x_wconf 91' lang='lat' dir='ltr'><strong>et</strong></span> <span class='ocrx_word' id='word_1_115' title='bbox 1032 1653 1217 1693; x_wconf 83' lang='lat' dir='ltr'><strong>revera</strong></span> <span class='ocrx_word' id='word_1_116' title='bbox 1247 1645 1395 1708; x_wconf 82' lang='lat' dir='ltr'><strong>gesta</strong></span> <span class='ocrx_word' id='word_1_117' title='bbox 1418 1645 1562 1692; x_wconf 91' lang='lat' dir='ltr'><strong>sunt.</strong></span> 
     </span>
    </p>
   </div>
   <div class='ocr_carea' id='block_1_16' title="bbox 461 1718 1958 1798">
    <p class='ocr_par' dir='ltr' id='par_1_16' title="bbox 461 1718 1958 1798">
     <span class='ocr_line' id='line_1_16' title="bbox 461 1718 1958 1798; baseline -0.002 -16"><span class='ocrx_word' id='word_1_118' title='bbox 461 1730 546 1784; x_wconf 85' lang='grc'><strong>17.</strong></span> <span class='ocrx_word' id='word_1_119' title='bbox 580 1727 720 1783; x_wconf 87' lang='lat' dir='ltr'><strong>Cum</strong></span> <span class='ocrx_word' id='word_1_120' title='bbox 771 1728 934 1798; x_wconf 84' lang='lat' dir='ltr'><strong>igitur</strong></span> <span class='ocrx_word' id='word_1_121' title='bbox 979 1718 1190 1782; x_wconf 68' lang='lat' dir='ltr'><strong>natura&#39;</strong></span> <span class='ocrx_word' id='word_1_122' title='bbox 1208 1734 1264 1781; x_wconf 85' lang='lat' dir='ltr'><strong>et</strong></span> <span class='ocrx_word' id='word_1_123' title='bbox 1306 1741 1416 1780; x_wconf 93' lang='lat' dir='ltr'><strong>non</strong></span> <span class='ocrx_word' id='word_1_124' title='bbox 1448 1724 1665 1781; x_wconf 83' lang='lat' dir='ltr'><strong>ﬁctione</strong></span> <span class='ocrx_word' id='word_1_125' title='bbox 1695 1723 1958 1779; x_wconf 90' lang='lat' dir='ltr'><strong>Dominus</strong></span> 
     </span>
    </p>
   </div>
   <div class='ocr_carea' id='block_1_17' title="bbox 388 1801 2035 1888">
    <p class='ocr_par' dir='ltr' id='par_1_17' title="bbox 388 1801 2035 1888">
     <span class='ocr_line' id='line_1_17' title="bbox 388 1801 2035 1888; baseline -0.003 -14"><span class='ocrx_word' id='word_1_126' title='bbox 388 1821 554 1874; x_wconf 88' lang='lat' dir='ltr'><strong>homo</strong></span> <span class='ocrx_word' id='word_1_127' title='bbox 582 1818 886 1885; x_wconf 74' lang='lat' dir='ltr'><strong>factussit;</strong></span> <span class='ocrx_word' id='word_1_128' title='bbox 923 1833 1099 1888; x_wconf 88' lang='lat' dir='ltr'><strong>neque</strong></span> <span class='ocrx_word' id='word_1_129' title='bbox 1132 1817 1431 1872; x_wconf 90' lang='lat' dir='ltr'><strong>secundum</strong></span> <span class='ocrx_word' id='word_1_130' title='bbox 1464 1825 1712 1870; x_wconf 89' lang='lat' dir='ltr'><strong>naturam</strong></span> <span class='ocrx_word' id='word_1_131' title='bbox 1733 1854 1748 1878; x_wconf 93' lang='lat'><strong>,</strong></span> <span class='ocrx_word' id='word_1_132' title='bbox 1782 1830 1959 1885; x_wconf 89' lang='lat' dir='ltr'><strong>neque</strong></span> <span class='ocrx_word' id='word_1_133' title='bbox 1992 1801 2035 1861; x_wconf 85' lang='grc' dir='ltr'><strong>Β</strong></span> 
     </span>
    </p>
   </div>
   <div class='ocr_carea' id='block_1_18' title="bbox 388 1905 1958 1980">
    <p class='ocr_par' dir='ltr' id='par_1_18' title="bbox 388 1905 1958 1980">
     <span class='ocr_line' id='line_1_18' title="bbox 388 1905 1958 1980; baseline -0.004 -15"><span class='ocrx_word' id='word_1_134' title='bbox 388 1910 688 1966; x_wconf 88' lang='lat' dir='ltr'><strong>secundum</strong></span> <span class='ocrx_word' id='word_1_135' title='bbox 717 1910 1108 1980; x_wconf 86' lang='lat' dir='ltr'><strong>operationem,</strong></span> <span class='ocrx_word' id='word_1_136' title='bbox 1138 1916 1420 1977; x_wconf 87' lang='lat' dir='ltr'><strong>peccatum</strong></span> <span class='ocrx_word' id='word_1_137' title='bbox 1451 1907 1504 1959; x_wconf 93' lang='lat' dir='ltr'><strong>in</strong></span> <span class='ocrx_word' id='word_1_138' title='bbox 1527 1905 1842 1960; x_wconf 86' lang='lat' dir='ltr'><strong>Creatorem</strong></span> <span class='ocrx_word' id='word_1_139' title='bbox 1870 1919 1958 1960; x_wconf 89' lang='lat' dir='ltr'><strong>re-</strong></span> 
     </span>
    </p>
   </div>
   <div class='ocr_carea' id='block_1_19' title="bbox 385 1997 1960 2072">
    <p class='ocr_par' dir='ltr' id='par_1_19' title="bbox 385 1997 1960 2072">
     <span class='ocr_line' id='line_1_19' title="bbox 385 1997 1960 2072; baseline -0.004 -16"><span class='ocrx_word' id='word_1_140' title='bbox 385 2001 526 2056; x_wconf 82' lang='lat' dir='ltr'><strong>ferre</strong></span> <span class='ocrx_word' id='word_1_141' title='bbox 554 2017 866 2072; x_wconf 87' lang='lat' dir='ltr'><strong>possumus.</strong></span> <span class='ocrx_word' id='word_1_142' title='bbox 897 1998 1030 2054; x_wconf 85' lang='lat' dir='ltr'><strong>Nam</strong></span> <span class='ocrx_word' id='word_1_143' title='bbox 1072 2001 1126 2054; x_wconf 91' lang='lat' dir='ltr'><strong>in</strong></span> <span class='ocrx_word' id='word_1_144' title='bbox 1161 2009 1346 2054; x_wconf 88' lang='lat' dir='ltr'><strong>nostra</strong></span> <span class='ocrx_word' id='word_1_145' title='bbox 1381 1997 1600 2068; x_wconf 87' lang='lat' dir='ltr'><strong>quidem</strong></span> <span class='ocrx_word' id='word_1_146' title='bbox 1634 2006 1828 2052; x_wconf 90' lang='lat' dir='ltr'><strong>natura</strong></span> <span class='ocrx_word' id='word_1_147' title='bbox 1855 2036 1871 2061; x_wconf 86' lang='lat'><strong>,</strong></span> <span class='ocrx_word' id='word_1_148' title='bbox 1904 2004 1960 2051; x_wconf 85' lang='lat' dir='ltr'><strong>et</strong></span> 
     </span>
    </p>
   </div>
   <div class='ocr_carea' id='block_1_20' title="bbox 387 2075 1958 2164">
    <p class='ocr_par' dir='ltr' id='par_1_20' title="bbox 387 2075 1958 2164">
     <span class='ocr_line' id='line_1_20' title="bbox 387 2075 1958 2164; baseline -0.004 -17"><span class='ocrx_word' id='word_1_149' title='bbox 387 2093 717 2148; x_wconf 86' lang='lat' dir='ltr'><strong>inventionis</strong></span> <span class='ocrx_word' id='word_1_150' title='bbox 746 2075 925 2164; x_wconf 80' lang='lat' dir='ltr'><strong>pugna</strong></span> <span class='ocrx_word' id='word_1_151' title='bbox 962 2093 1124 2147; x_wconf 91' lang='lat' dir='ltr'><strong>etiam</strong></span> <span class='ocrx_word' id='word_1_152' title='bbox 1156 2107 1302 2146; x_wconf 92' lang='lat' dir='ltr'><strong>nunc</strong></span> <span class='ocrx_word' id='word_1_153' title='bbox 1344 2091 1734 2154; x_wconf 88' lang='lat' dir='ltr'><strong>committitur,</strong></span> <span class='ocrx_word' id='word_1_154' title='bbox 1789 2098 1841 2142; x_wconf 90' lang='lat' dir='ltr'><strong>et</strong></span> <span class='ocrx_word' id='word_1_155' title='bbox 1874 2088 1958 2142; x_wconf 85' lang='lat' dir='ltr'><strong>in-</strong></span> 
     </span>
    </p>
   </div>
   <div class='ocr_carea' id='block_1_21' title="bbox 385 2179 1959 2255">
    <p class='ocr_par' dir='ltr' id='par_1_21' title="bbox 385 2179 1959 2255">
     <span class='ocr_line' id='line_1_21' title="bbox 385 2179 1959 2255; baseline -0.004 -14"><span class='ocrx_word' id='word_1_156' title='bbox 385 2187 533 2241; x_wconf 84' lang='lat' dir='ltr'><strong>ducti</strong></span> <span class='ocrx_word' id='word_1_157' title='bbox 562 2185 786 2242; x_wconf 87' lang='lat' dir='ltr'><strong>seminis</strong></span> <span class='ocrx_word' id='word_1_158' title='bbox 808 2227 822 2250; x_wconf 92' lang='lat'><strong>,</strong></span> <span class='ocrx_word' id='word_1_159' title='bbox 869 2195 1090 2255; x_wconf 85' lang='lat' dir='ltr'><strong>propter</strong></span> <span class='ocrx_word' id='word_1_160' title='bbox 1116 2193 1358 2239; x_wconf 88' lang='lat' dir='ltr'><strong>nostram</strong></span> <span class='ocrx_word' id='word_1_161' title='bbox 1402 2181 1823 2238; x_wconf 89' lang='lat' dir='ltr'><strong>imbecillitatem</strong></span> <span class='ocrx_word' id='word_1_162' title='bbox 1849 2222 1864 2247; x_wconf 94' lang='lat'><strong>,</strong></span> <span class='ocrx_word' id='word_1_163' title='bbox 1899 2179 1959 2235; x_wconf 85' lang='lat' dir='ltr'><strong>ﬁt</strong></span> 
     </span>
    </p>
   </div>
   <div class='ocr_carea' id='block_1_22' title="bbox 386 2276 1958 2334">
    <p class='ocr_par' dir='ltr' id='par_1_22' title="bbox 386 2276 1958 2334">
     <span class='ocr_line' id='line_1_22' title="bbox 386 2276 1958 2334; baseline -0.005 0"><span class='ocrx_word' id='word_1_164' title='bbox 386 2279 628 2334; x_wconf 86' lang='lat' dir='ltr'><strong>accessio</strong></span> <span class='ocrx_word' id='word_1_165' title='bbox 658 2297 671 2332; x_wconf 91' lang='lat'>:</span> <span class='ocrx_word' id='word_1_166' title='bbox 704 2276 866 2331; x_wconf 84' lang='lat' dir='ltr'><strong>Verbi</strong></span> <span class='ocrx_word' id='word_1_167' title='bbox 896 2285 1078 2331; x_wconf 85' lang='lat' dir='ltr'><strong>autem</strong></span> <span class='ocrx_word' id='word_1_168' title='bbox 1126 2276 1428 2330; x_wconf 88' lang='lat' dir='ltr'><strong>incarnatio</strong></span> <span class='ocrx_word' id='word_1_169' title='bbox 1467 2276 1767 2330; x_wconf 90' lang='lat' dir='ltr'><strong>secundum</strong></span> <span class='ocrx_word' id='word_1_170' title='bbox 1799 2283 1958 2327; x_wconf 90' lang='lat' dir='ltr'><strong>natu-</strong></span> 
     </span>
    </p>
   </div>
   <div class='ocr_carea' id='block_1_23' title="bbox 384 2363 1956 2436">
    <p class='ocr_par' dir='ltr' id='par_1_23' title="bbox 384 2363 1956 2436">
     <span class='ocr_line' id='line_1_23' title="bbox 384 2363 1956 2436; baseline -0.005 -12"><span class='ocrx_word' id='word_1_171' title='bbox 384 2386 501 2425; x_wconf 87' lang='lat' dir='ltr'><strong>ram</strong></span> <span class='ocrx_word' id='word_1_172' title='bbox 531 2370 622 2425; x_wconf 86' lang='lat' dir='ltr'><strong>Dei</strong></span> <span class='ocrx_word' id='word_1_173' title='bbox 653 2367 794 2423; x_wconf 78' lang='lat' dir='ltr'><strong>facta</strong></span> <span class='ocrx_word' id='word_1_174' title='bbox 813 2409 828 2435; x_wconf 89' lang='lat'><strong>,</strong></span> <span class='ocrx_word' id='word_1_175' title='bbox 858 2367 1086 2436; x_wconf 81' lang='lat' dir='ltr'><strong>incapax</strong></span> <span class='ocrx_word' id='word_1_176' title='bbox 1114 2365 1217 2420; x_wconf 80' lang='lat' dir='ltr'><strong>fuit</strong></span> <span class='ocrx_word' id='word_1_177' title='bbox 1239 2381 1419 2420; x_wconf 89' lang='lat' dir='ltr'><strong>rerum</strong></span> <span class='ocrx_word' id='word_1_178' title='bbox 1455 2381 1576 2435; x_wconf 75' lang='lat' dir='ltr'><strong>quae</strong></span> <span class='ocrx_word' id='word_1_179' title='bbox 1605 2365 1660 2418; x_wconf 92' lang='lat' dir='ltr'><strong>in</strong></span> <span class='ocrx_word' id='word_1_180' title='bbox 1705 2363 1864 2419; x_wconf 90' lang='lat' dir='ltr'><strong>nobis</strong></span> <span class='ocrx_word' id='word_1_181' title='bbox 1889 2379 1956 2416; x_wconf 78' lang='lat' dir='ltr'><strong>ex</strong></span> 
     </span>
    </p>
   </div>
   <div class='ocr_carea' id='block_1_24' title="bbox 383 2459 1956 2532">
    <p class='ocr_par' dir='ltr' id='par_1_24' title="bbox 383 2459 1956 2532">
     <span class='ocr_line' id='line_1_24' title="bbox 383 2459 1956 2532; baseline -0.004 -14"><span class='ocrx_word' id='word_1_182' title='bbox 383 2471 652 2520; x_wconf 85' lang='lat' dir='ltr'><strong>vetustate</strong></span> <span class='ocrx_word' id='word_1_183' title='bbox 698 2463 879 2518; x_wconf 91' lang='lat' dir='ltr'><strong>adhuc</strong></span> <span class='ocrx_word' id='word_1_184' title='bbox 924 2461 1645 2532; x_wconf 81' lang='lat' dir='ltr'><strong>gerebanturzquapropter</strong></span> <span class='ocrx_word' id='word_1_185' title='bbox 1692 2459 1956 2514; x_wconf 90' lang='lat' dir='ltr'><strong>docemur</strong></span> 
     </span>
    </p>
   </div>
   <div class='ocr_carea' id='block_1_25' title="bbox 383 2548 1956 2620">
    <p class='ocr_par' dir='ltr' id='par_1_25' title="bbox 383 2548 1956 2620">
     <span class='ocr_line' id='line_1_25' title="bbox 383 2548 1956 2620; baseline -0.005 -9"><span class='ocrx_word' id='word_1_186' title='bbox 383 2572 585 2611; x_wconf 87' lang='lat' dir='ltr'><strong>exuere</strong></span> <span class='ocrx_word' id='word_1_187' title='bbox 629 2564 866 2610; x_wconf 89' lang='lat' dir='ltr'><strong>veterem</strong></span> <span class='ocrx_word' id='word_1_188' title='bbox 891 2595 906 2620; x_wconf 94' lang='lat'><strong>,</strong></span> <span class='ocrx_word' id='word_1_189' title='bbox 955 2561 1010 2608; x_wconf 88' lang='lat' dir='ltr'><strong>et</strong></span> <span class='ocrx_word' id='word_1_190' title='bbox 1062 2551 1285 2606; x_wconf 89' lang='lat' dir='ltr'><strong>induere</strong></span> <span class='ocrx_word' id='word_1_191' title='bbox 1320 2566 1542 2606; x_wconf 90' lang='lat' dir='ltr'><strong>novum.</strong></span> <span class='ocrx_word' id='word_1_192' title='bbox 1603 2548 1670 2604; x_wconf 91' lang='lat' dir='ltr'><strong>Et</strong></span> <span class='ocrx_word' id='word_1_193' title='bbox 1699 2563 1786 2604; x_wconf 83' lang='lat' dir='ltr'><strong>res</strong></span> <span class='ocrx_word' id='word_1_194' title='bbox 1816 2549 1956 2604; x_wconf 89' lang='lat' dir='ltr'><strong>mira</strong></span> 
     </span>
    </p>
   </div>
   <div class='ocr_carea' id='block_1_26' title="bbox 384 2641 1957 2715">
    <p class='ocr_par' dir='ltr' id='par_1_26' title="bbox 384 2641 1957 2715">
     <span class='ocr_line' id='line_1_26' title="bbox 384 2641 1957 2715; baseline -0.005 -13"><span class='ocrx_word' id='word_1_195' title='bbox 384 2662 535 2711; x_wconf 85' lang='lat' dir='ltr'><strong>sane,</strong></span> <span class='ocrx_word' id='word_1_196' title='bbox 572 2644 718 2715; x_wconf 87' lang='lat' dir='ltr'><strong>quod</strong></span> <span class='ocrx_word' id='word_1_197' title='bbox 747 2643 891 2700; x_wconf 91' lang='lat' dir='ltr'><strong>Deus</strong></span> <span class='ocrx_word' id='word_1_198' title='bbox 922 2643 1087 2698; x_wconf 92' lang='lat' dir='ltr'><strong>homo</strong></span> <span class='ocrx_word' id='word_1_199' title='bbox 1111 2641 1285 2698; x_wconf 81' lang='lat' dir='ltr'><strong>factus</strong></span> <span class='ocrx_word' id='word_1_200' title='bbox 1314 2642 1418 2705; x_wconf 92' lang='lat' dir='ltr'><strong>sit,</strong></span> <span class='ocrx_word' id='word_1_201' title='bbox 1445 2649 1498 2696; x_wconf 90' lang='lat' dir='ltr'><strong>et</strong></span> <span class='ocrx_word' id='word_1_202' title='bbox 1519 2641 1726 2710; x_wconf 87' lang='lat' dir='ltr'><strong>absque</strong></span> <span class='ocrx_word' id='word_1_203' title='bbox 1763 2655 1957 2710; x_wconf 90' lang='lat' dir='ltr'><strong>pecca-</strong></span> 
     </span>
    </p>
   </div>
   <div class='ocr_carea' id='block_1_27' title="bbox 383 2731 1955 2808">
    <p class='ocr_par' dir='ltr' id='par_1_27' title="bbox 383 2731 1955 2808">
     <span class='ocr_line' id='line_1_27' title="bbox 383 2731 1955 2808; baseline -0.006 -14"><span class='ocrx_word' id='word_1_204' title='bbox 383 2750 474 2806; x_wconf 88' lang='lat' dir='ltr'><strong>to;</strong></span> <span class='ocrx_word' id='word_1_205' title='bbox 507 2737 761 2808; x_wconf 86' lang='lat' dir='ltr'><strong>quodque</strong></span> <span class='ocrx_word' id='word_1_206' title='bbox 803 2735 984 2790; x_wconf 86' lang='lat' dir='ltr'><strong>omnia</strong></span> <span class='ocrx_word' id='word_1_207' title='bbox 1018 2749 1159 2789; x_wconf 91' lang='lat' dir='ltr'><strong>nova</strong></span> <span class='ocrx_word' id='word_1_208' title='bbox 1192 2731 1336 2788; x_wconf 77' lang='lat' dir='ltr'><strong>facta</strong></span> <span class='ocrx_word' id='word_1_209' title='bbox 1376 2732 1521 2794; x_wconf 90' lang='lat' dir='ltr'><strong>sint,</strong></span> <span class='ocrx_word' id='word_1_210' title='bbox 1558 2742 1617 2786; x_wconf 88' lang='lat' dir='ltr'><strong>ut</strong></span> <span class='ocrx_word' id='word_1_211' title='bbox 1645 2731 1772 2785; x_wconf 90' lang='lat' dir='ltr'><strong>hinc</strong></span> <span class='ocrx_word' id='word_1_212' title='bbox 1803 2742 1955 2801; x_wconf 88' lang='lat' dir='ltr'><strong>pote-</strong></span> 
     </span>
    </p>
   </div>
   <div class='ocr_carea' id='block_1_28' title="bbox 383 2824 1955 2899">
    <p class='ocr_par' dir='ltr' id='par_1_28' title="bbox 383 2824 1955 2899">
     <span class='ocr_line' id='line_1_28' title="bbox 383 2824 1955 2899; baseline -0.004 -13"><span class='ocrx_word' id='word_1_213' title='bbox 383 2840 496 2886; x_wconf 86' lang='lat' dir='ltr'><strong>stas</strong></span> <span class='ocrx_word' id='word_1_214' title='bbox 541 2831 660 2899; x_wconf 89' lang='lat' dir='ltr'><strong>ejus</strong></span> <span class='ocrx_word' id='word_1_215' title='bbox 697 2828 975 2898; x_wconf 80' lang='lat' dir='ltr'><strong>explorata</strong></span> <span class='ocrx_word' id='word_1_216' title='bbox 1005 2835 1169 2881; x_wconf 90' lang='lat' dir='ltr'><strong>esset.</strong></span> <span class='ocrx_word' id='word_1_217' title='bbox 1237 2824 1303 2880; x_wconf 87' lang='lat' dir='ltr'><strong>Et</strong></span> <span class='ocrx_word' id='word_1_218' title='bbox 1347 2825 1566 2895; x_wconf 89' lang='lat' dir='ltr'><strong>quidem</strong></span> <span class='ocrx_word' id='word_1_219' title='bbox 1615 2839 1955 2894; x_wconf 69' lang='lat' dir='ltr'><strong>quaecunque</strong></span> 
     </span>
    </p>
   </div>
   <div class='ocr_carea' id='block_1_29' title="bbox 383 2917 1956 2992">
    <p class='ocr_par' dir='ltr' id='par_1_29' title="bbox 383 2917 1956 2992">
     <span class='ocr_line' id='line_1_29' title="bbox 383 2917 1956 2992; baseline -0.004 -16"><span class='ocrx_word' id='word_1_220' title='bbox 383 2923 500 2992; x_wconf 91' lang='lat' dir='ltr'><strong>ipse</strong></span> <span class='ocrx_word' id='word_1_221' title='bbox 527 2936 626 2976; x_wconf 89' lang='lat' dir='ltr'><strong>sua</strong></span> <span class='ocrx_word' id='word_1_222' title='bbox 657 2920 935 2975; x_wconf 83' lang='lat' dir='ltr'><strong>voluntate</strong></span> <span class='ocrx_word' id='word_1_223' title='bbox 972 2918 1026 2972; x_wconf 94' lang='lat' dir='ltr'><strong>in</strong></span> <span class='ocrx_word' id='word_1_224' title='bbox 1057 2927 1252 2972; x_wconf 89' lang='lat' dir='ltr'><strong>natura</strong></span> <span class='ocrx_word' id='word_1_225' title='bbox 1278 2917 1578 2982; x_wconf 86' lang='lat' dir='ltr'><strong>ordinavit;</strong></span> <span class='ocrx_word' id='word_1_226' title='bbox 1628 2932 1690 2972; x_wconf 88' lang='lat' dir='ltr'><strong>ea</strong></span> <span class='ocrx_word' id='word_1_227' title='bbox 1712 2955 1726 2980; x_wconf 94' lang='lat'><strong>,</strong></span> <span class='ocrx_word' id='word_1_228' title='bbox 1779 2931 1956 2986; x_wconf 88' lang='lat' dir='ltr'><strong>quan-</strong></span> 
     </span>
    </p>
   </div>
   <div class='ocr_carea' id='block_1_30' title="bbox 381 3008 1948 3080">
    <p class='ocr_par' dir='ltr' id='par_1_30' title="bbox 381 3008 1948 3080">
     <span class='ocr_line' id='line_1_30' title="bbox 381 3008 1948 3080; baseline -0.003 -11"><span class='ocrx_word' id='word_1_229' title='bbox 381 3024 498 3069; x_wconf 93' lang='lat' dir='ltr'><strong>tum</strong></span> <span class='ocrx_word' id='word_1_230' title='bbox 523 3012 714 3078; x_wconf 90' lang='lat' dir='ltr'><strong>voluit,</strong></span> <span class='ocrx_word' id='word_1_231' title='bbox 750 3013 806 3066; x_wconf 87' lang='lat' dir='ltr'><strong>in</strong></span> <span class='ocrx_word' id='word_1_232' title='bbox 843 3025 902 3066; x_wconf 90' lang='lat' dir='ltr'><strong>se</strong></span> <span class='ocrx_word' id='word_1_233' title='bbox 921 3009 1180 3080; x_wconf 89' lang='lat' dir='ltr'><strong>suscepit,</strong></span> <span class='ocrx_word' id='word_1_234' title='bbox 1215 3008 1553 3064; x_wconf 88' lang='lat' dir='ltr'><strong>nativitatem</strong></span> <span class='ocrx_word' id='word_1_235' title='bbox 1593 3024 1659 3063; x_wconf 81' lang='lat' dir='ltr'><strong>ex</strong></span> <span class='ocrx_word' id='word_1_236' title='bbox 1702 3009 1948 3077; x_wconf 89' lang='lat' dir='ltr'><strong>muliere,</strong></span> 
     </span>
    </p>
   </div>
   <div class='ocr_carea' id='block_1_31' title="bbox 381 3101 1949 3175">
    <p class='ocr_par' dir='ltr' id='par_1_31' title="bbox 381 3101 1949 3175">
     <span class='ocr_line' id='line_1_31' title="bbox 381 3101 1949 3175; baseline -0.003 -16"><span class='ocrx_word' id='word_1_237' title='bbox 381 3113 733 3175; x_wconf 80' lang='lat' dir='ltr'><strong>augmentum</strong></span> <span class='ocrx_word' id='word_1_238' title='bbox 766 3110 1016 3166; x_wconf 66' lang='lat' dir='ltr'><strong>statura),</strong></span> <span class='ocrx_word' id='word_1_239' title='bbox 1045 3115 1314 3155; x_wconf 90' lang='lat' dir='ltr'><strong>annorum</strong></span> <span class='ocrx_word' id='word_1_240' title='bbox 1345 3115 1656 3165; x_wconf 90' lang='lat' dir='ltr'><strong>numerum,</strong></span> <span class='ocrx_word' id='word_1_241' title='bbox 1685 3101 1949 3164; x_wconf 90' lang='lat' dir='ltr'><strong>laborem,</strong></span> 
     </span>
    </p>
   </div>
   <div class='ocr_carea' id='block_1_32' title="bbox 380 3161 2022 3262">
    <p class='ocr_par' dir='ltr' id='par_1_32' title="bbox 380 3161 2022 3262">
     <span class='ocr_line' id='line_1_32' title="bbox 380 3161 2022 3262; baseline -0.002 -15"><span class='ocrx_word' id='word_1_242' title='bbox 380 3194 648 3257; x_wconf 87' lang='lat' dir='ltr'><strong>esuriem,</strong></span> <span class='ocrx_word' id='word_1_243' title='bbox 680 3200 733 3247; x_wconf 91' lang='lat' dir='ltr'><strong>et</strong></span> <span class='ocrx_word' id='word_1_244' title='bbox 766 3191 946 3262; x_wconf 76' lang='lat' dir='ltr'><strong>sitim,</strong></span> <span class='ocrx_word' id='word_1_245' title='bbox 977 3205 1228 3245; x_wconf 90' lang='lat' dir='ltr'><strong>somnum</strong></span> <span class='ocrx_word' id='word_1_246' title='bbox 1249 3230 1264 3255; x_wconf 91' lang='lat'><strong>,</strong></span> <span class='ocrx_word' id='word_1_247' title='bbox 1290 3189 1531 3245; x_wconf 91' lang='lat' dir='ltr'><strong>dolorem</strong></span> <span class='ocrx_word' id='word_1_248' title='bbox 1557 3231 1572 3256; x_wconf 95' lang='lat'><strong>,</strong></span> <span class='ocrx_word' id='word_1_249' title='bbox 1598 3200 1830 3244; x_wconf 89' lang='lat' dir='ltr'><strong>mortem</strong></span> <span class='ocrx_word' id='word_1_250' title='bbox 1849 3232 1864 3255; x_wconf 92' lang='lat'><strong>,</strong></span> <span class='ocrx_word' id='word_1_251' title='bbox 1900 3199 1954 3244; x_wconf 89' lang='lat' dir='ltr'><strong>et</strong></span> <span class='ocrx_word' id='word_1_252' title='bbox 1979 3161 2022 3218; x_wconf 64' lang='grc' dir='ltr'>Ο</span> 
     </span>
    </p>
   </div>
   <div class='ocr_carea' id='block_1_33' title="bbox 377 3281 1956 3353">
    <p class='ocr_par' dir='ltr' id='par_1_33' title="bbox 377 3281 1956 3353">
     <span class='ocr_line' id='line_1_33' title="bbox 377 3281 1956 3353; baseline -0.003 -13"><span class='ocrx_word' id='word_1_253' title='bbox 377 3286 856 3341; x_wconf 88' lang='lat' dir='ltr'><strong>resurrectionem.</strong></span> <span class='ocrx_word' id='word_1_254' title='bbox 875 3284 1113 3353; x_wconf 89' lang='lat' dir='ltr'><strong>Ideoque</strong></span> <span class='ocrx_word' id='word_1_255' title='bbox 1134 3282 1225 3337; x_wconf 89' lang='lat' dir='ltr'><strong>ubi</strong></span> <span class='ocrx_word' id='word_1_256' title='bbox 1247 3292 1564 3352; x_wconf 83' lang='lat' dir='ltr'><strong>corruptum</strong></span> <span class='ocrx_word' id='word_1_257' title='bbox 1579 3281 1757 3338; x_wconf 87' lang='lat' dir='ltr'><strong>fuerat</strong></span> <span class='ocrx_word' id='word_1_258' title='bbox 1779 3283 1956 3337; x_wconf 90' lang='lat' dir='ltr'><strong>homi-</strong></span> 
     </span>
    </p>
   </div>
   <div class='ocr_carea' id='block_1_34' title="bbox 381 3375 1956 3448">
    <p class='ocr_par' dir='ltr' id='par_1_34' title="bbox 381 3375 1956 3448">
     <span class='ocr_line' id='line_1_34' title="bbox 381 3375 1956 3448; baseline -0.002 -15"><span class='ocrx_word' id='word_1_259' title='bbox 381 3379 469 3435; x_wconf 87' lang='lat' dir='ltr'><strong>nis</strong></span> <span class='ocrx_word' id='word_1_260' title='bbox 497 3393 694 3448; x_wconf 89' lang='lat' dir='ltr'><strong>corpus</strong></span> <span class='ocrx_word' id='word_1_261' title='bbox 716 3418 730 3442; x_wconf 91' lang='lat'><strong>,</strong></span> <span class='ocrx_word' id='word_1_262' title='bbox 756 3392 822 3432; x_wconf 91' lang='lat' dir='ltr'><strong>eo</strong></span> <span class='ocrx_word' id='word_1_263' title='bbox 846 3375 1004 3432; x_wconf 86' lang='lat' dir='ltr'><strong>Jesus</strong></span> <span class='ocrx_word' id='word_1_264' title='bbox 1034 3390 1233 3446; x_wconf 88' lang='lat' dir='ltr'><strong>corpus</strong></span> <span class='ocrx_word' id='word_1_265' title='bbox 1263 3390 1422 3430; x_wconf 91' lang='lat' dir='ltr'><strong>suum</strong></span> <span class='ocrx_word' id='word_1_266' title='bbox 1469 3376 1714 3430; x_wconf 88' lang='lat' dir='ltr'><strong>immittit</strong></span> <span class='ocrx_word' id='word_1_267' title='bbox 1738 3394 1750 3429; x_wconf 94' lang='lat'><strong>:</strong></span> <span class='ocrx_word' id='word_1_268' title='bbox 1777 3382 1830 3429; x_wconf 88' lang='lat' dir='ltr'><strong>et</strong></span> <span class='ocrx_word' id='word_1_269' title='bbox 1863 3375 1956 3430; x_wconf 86' lang='lat' dir='ltr'><strong>ubi</strong></span> 
     </span>
    </p>
   </div>
   <div class='ocr_carea' id='block_1_35' title="bbox 379 3468 1956 3534">
    <p class='ocr_par' dir='ltr' id='par_1_35' title="bbox 379 3468 1956 3534">
     <span class='ocr_line' id='line_1_35' title="bbox 379 3468 1956 3534; baseline -0.003 -6"><span class='ocrx_word' id='word_1_270' title='bbox 379 3473 564 3528; x_wconf 85' lang='lat' dir='ltr'><strong>anima</strong></span> <span class='ocrx_word' id='word_1_271' title='bbox 601 3473 838 3526; x_wconf 91' lang='lat' dir='ltr'><strong>humana</strong></span> <span class='ocrx_word' id='word_1_272' title='bbox 869 3470 925 3523; x_wconf 92' lang='lat' dir='ltr'><strong>in</strong></span> <span class='ocrx_word' id='word_1_273' title='bbox 969 3480 1142 3525; x_wconf 89' lang='lat' dir='ltr'><strong>morte</strong></span> <span class='ocrx_word' id='word_1_274' title='bbox 1170 3469 1546 3534; x_wconf 90' lang='lat' dir='ltr'><strong>detinebatur,</strong></span> <span class='ocrx_word' id='word_1_275' title='bbox 1597 3469 1672 3522; x_wconf 89' lang='lat' dir='ltr'><strong>ibi</strong></span> <span class='ocrx_word' id='word_1_276' title='bbox 1704 3468 1956 3524; x_wconf 87' lang='lat' dir='ltr'><strong>Christus</strong></span> 
     </span>
    </p>
   </div>
   <div class='ocr_carea' id='block_1_36' title="bbox 381 3558 1958 3628">
    <p class='ocr_par' dir='ltr' id='par_1_36' title="bbox 381 3558 1958 3628">
     <span class='ocr_line' id='line_1_36' title="bbox 381 3558 1958 3628; baseline -0.004 -11"><span class='ocrx_word' id='word_1_277' title='bbox 381 3563 621 3618; x_wconf 89' lang='lat' dir='ltr'><strong>animam</strong></span> <span class='ocrx_word' id='word_1_278' title='bbox 652 3561 946 3615; x_wconf 85' lang='lat' dir='ltr'><strong>humanam</strong></span> <span class='ocrx_word' id='word_1_279' title='bbox 986 3559 1090 3614; x_wconf 90' lang='lat' dir='ltr'><strong>sibi</strong></span> <span class='ocrx_word' id='word_1_280' title='bbox 1125 3559 1404 3628; x_wconf 85' lang='lat' dir='ltr'><strong>pr0priam</strong></span> <span class='ocrx_word' id='word_1_281' title='bbox 1431 3558 1666 3613; x_wconf 88' lang='lat' dir='ltr'><strong>ostendit</strong></span> <span class='ocrx_word' id='word_1_282' title='bbox 1697 3577 1709 3612; x_wconf 94' lang='lat'><strong>:</strong></span> <span class='ocrx_word' id='word_1_283' title='bbox 1744 3567 1804 3613; x_wconf 91' lang='lat' dir='ltr'><strong>ut</strong></span> <span class='ocrx_word' id='word_1_284' title='bbox 1837 3567 1958 3612; x_wconf 83' lang='lat' dir='ltr'><strong>tan-</strong></span> 
     </span>
    </p>
   </div>
   <div class='ocr_carea' id='block_1_37' title="bbox 379 3651 1957 3726">
    <p class='ocr_par' dir='ltr' id='par_1_37' title="bbox 379 3651 1957 3726">
     <span class='ocr_line' id='line_1_37' title="bbox 379 3651 1957 3726; baseline -0.003 -15"><span class='ocrx_word' id='word_1_285' title='bbox 379 3669 546 3726; x_wconf 88' lang='lat' dir='ltr'><strong>quam</strong></span> <span class='ocrx_word' id='word_1_286' title='bbox 579 3654 743 3709; x_wconf 89' lang='lat' dir='ltr'><strong>homo</strong></span> <span class='ocrx_word' id='word_1_287' title='bbox 771 3653 1022 3716; x_wconf 89' lang='lat' dir='ltr'><strong>adesset,</strong></span> <span class='ocrx_word' id='word_1_288' title='bbox 1055 3653 1149 3722; x_wconf 91' lang='lat' dir='ltr'><strong>qui</strong></span> <span class='ocrx_word' id='word_1_289' title='bbox 1188 3653 1241 3706; x_wconf 90' lang='lat' dir='ltr'><strong>in</strong></span> <span class='ocrx_word' id='word_1_290' title='bbox 1268 3659 1444 3707; x_wconf 87' lang='lat' dir='ltr'><strong>morte</strong></span> <span class='ocrx_word' id='word_1_291' title='bbox 1472 3651 1702 3706; x_wconf 90' lang='lat' dir='ltr'><strong>detineri</strong></span> <span class='ocrx_word' id='word_1_292' title='bbox 1723 3668 1832 3706; x_wconf 81' lang='lat' dir='ltr'><strong>non</strong></span> <span class='ocrx_word' id='word_1_293' title='bbox 1860 3667 1957 3722; x_wconf 55' lang='lat' dir='ltr'><strong>po-</strong></span> 
     </span>
    </p>
   </div>
   <div class='ocr_carea' id='block_1_38' title="bbox 379 3742 1954 3814">
    <p class='ocr_par' dir='ltr' id='par_1_38' title="bbox 379 3742 1954 3814">
     <span class='ocr_line' id='line_1_38' title="bbox 379 3742 1954 3814; baseline -0.003 -13"><span class='ocrx_word' id='word_1_294' title='bbox 379 3754 540 3812; x_wconf 88' lang='lat' dir='ltr'><strong>terat,</strong></span> <span class='ocrx_word' id='word_1_295' title='bbox 570 3744 873 3814; x_wconf 86' lang='lat' dir='ltr'><strong>mortisque</strong></span> <span class='ocrx_word' id='word_1_296' title='bbox 915 3743 1203 3813; x_wconf 92' lang='lat' dir='ltr'><strong>imperium</strong></span> <span class='ocrx_word' id='word_1_297' title='bbox 1243 3743 1506 3808; x_wconf 84' lang='lat' dir='ltr'><strong>solveret,</strong></span> <span class='ocrx_word' id='word_1_298' title='bbox 1551 3749 1737 3812; x_wconf 88' lang='lat' dir='ltr'><strong>utpote</strong></span> <span class='ocrx_word' id='word_1_299' title='bbox 1764 3742 1906 3797; x_wconf 88' lang='lat' dir='ltr'><strong>Deus</strong></span> <span class='ocrx_word' id='word_1_300' title='bbox 1941 3761 1954 3796; x_wconf 92' lang='lat'><strong>:</strong></span> 
     </span>
    </p>
   </div>
   <div class='ocr_carea' id='block_1_39' title="bbox 380 3837 1955 3907">
    <p class='ocr_par' dir='ltr' id='par_1_39' title="bbox 380 3837 1955 3907">
     <span class='ocr_line' id='line_1_39' title="bbox 380 3837 1955 3907; baseline -0.003 -13"><span class='ocrx_word' id='word_1_301' title='bbox 380 3848 442 3894; x_wconf 90' lang='lat' dir='ltr'><strong>ut</strong></span> <span class='ocrx_word' id='word_1_302' title='bbox 470 3839 561 3894; x_wconf 90' lang='lat' dir='ltr'><strong>ubi</strong></span> <span class='ocrx_word' id='word_1_303' title='bbox 591 3837 857 3893; x_wconf 88' lang='lat' dir='ltr'><strong>seminata</strong></span> <span class='ocrx_word' id='word_1_304' title='bbox 888 3845 1007 3892; x_wconf 89' lang='lat' dir='ltr'><strong>erat</strong></span> <span class='ocrx_word' id='word_1_305' title='bbox 1034 3837 1313 3907; x_wconf 87' lang='lat' dir='ltr'><strong>corruptio</strong></span> <span class='ocrx_word' id='word_1_306' title='bbox 1332 3877 1346 3903; x_wconf 90' lang='lat'><strong>,</strong></span> <span class='ocrx_word' id='word_1_307' title='bbox 1372 3837 1485 3892; x_wconf 92' lang='lat' dir='ltr'><strong>illic</strong></span> <span class='ocrx_word' id='word_1_308' title='bbox 1507 3837 1745 3892; x_wconf 83' lang='lat' dir='ltr'><strong>oriretur</strong></span> <span class='ocrx_word' id='word_1_309' title='bbox 1769 3837 1955 3892; x_wconf 90' lang='lat' dir='ltr'><strong>incor-</strong></span> 
     </span>
    </p>
   </div>
   <div class='ocr_carea' id='block_1_40' title="bbox 379 3927 1957 4001">
    <p class='ocr_par' dir='ltr' id='par_1_40' title="bbox 379 3927 1957 4001">
     <span class='ocr_line' id='line_1_40' title="bbox 379 3927 1957 4001; baseline -0.001 -15"><span class='ocrx_word' id='word_1_310' title='bbox 379 3932 562 4001; x_wconf 88' lang='lat' dir='ltr'><strong>ruptio</strong></span> <span class='ocrx_word' id='word_1_311' title='bbox 588 3949 602 3986; x_wconf 91' lang='lat'><strong>:</strong></span> <span class='ocrx_word' id='word_1_312' title='bbox 627 3939 682 3987; x_wconf 91' lang='lat' dir='ltr'><strong>et</strong></span> <span class='ocrx_word' id='word_1_313' title='bbox 709 3929 801 3983; x_wconf 90' lang='lat' dir='ltr'><strong>ubi</strong></span> <span class='ocrx_word' id='word_1_314' title='bbox 829 3937 1148 4000; x_wconf 78' lang='lat' dir='ltr'><strong>regnaverat</strong></span> <span class='ocrx_word' id='word_1_315' title='bbox 1175 3943 1324 3983; x_wconf 89' lang='lat' dir='ltr'><strong>mors</strong></span> <span class='ocrx_word' id='word_1_316' title='bbox 1350 3929 1404 3982; x_wconf 91' lang='lat' dir='ltr'><strong>in</strong></span> <span class='ocrx_word' id='word_1_317' title='bbox 1431 3927 1605 3984; x_wconf 76' lang='lat' dir='ltr'><strong>forma</strong></span> <span class='ocrx_word' id='word_1_318' title='bbox 1629 3930 1826 3984; x_wconf 76' lang='lat' dir='ltr'><strong>animae</strong></span> <span class='ocrx_word' id='word_1_319' title='bbox 1852 3931 1957 3984; x_wconf 87' lang='lat' dir='ltr'><strong>bu-</strong></span> 
     </span>
    </p>
   </div>
   <div class='ocr_carea' id='block_1_41' title="bbox 381 4024 1954 4095">
    <p class='ocr_par' dir='ltr' id='par_1_41' title="bbox 381 4024 1954 4095">
     <span class='ocr_line' id='line_1_41' title="bbox 381 4024 1954 4095; baseline -0.001 -16"><span class='ocrx_word' id='word_1_320' title='bbox 381 4040 586 4092; x_wconf 67' lang='lat' dir='ltr'><strong>manae,</strong></span> <span class='ocrx_word' id='word_1_321' title='bbox 621 4025 695 4080; x_wconf 92' lang='lat' dir='ltr'><strong>ibi</strong></span> <span class='ocrx_word' id='word_1_322' title='bbox 725 4025 1050 4080; x_wconf 86' lang='lat' dir='ltr'><strong>immortalis</strong></span> <span class='ocrx_word' id='word_1_323' title='bbox 1075 4024 1165 4079; x_wconf 91' lang='lat' dir='ltr'><strong>ille</strong></span> <span class='ocrx_word' id='word_1_324' title='bbox 1193 4039 1432 4095; x_wconf 67' lang='lat' dir='ltr'><strong>praesens</strong></span> <span class='ocrx_word' id='word_1_325' title='bbox 1457 4048 1459 4050; x_wconf 88' lang='grc'>·</span> <span class='ocrx_word' id='word_1_326' title='bbox 1492 4024 1954 4079; x_wconf 90' lang='lat' dir='ltr'><strong>immortalitatem</strong></span> 
     </span>
    </p>
   </div>
   <div class='ocr_carea' id='block_1_42' title="bbox 381 4115 1959 4186">
    <p class='ocr_par' dir='ltr' id='par_1_42' title="bbox 381 4115 1959 4186">
     <span class='ocr_line' id='line_1_42' title="bbox 381 4115 1959 4186; baseline 0.001 -18"><span class='ocrx_word' id='word_1_327' title='bbox 381 4117 663 4171; x_wconf 84' lang='lat' dir='ltr'><strong>exhiberet</strong></span> <span class='ocrx_word' id='word_1_328' title='bbox 688 4136 701 4171; x_wconf 89' lang='lat'><strong>:</strong></span> <span class='ocrx_word' id='word_1_329' title='bbox 730 4117 917 4186; x_wconf 88' lang='lat' dir='ltr'><strong>sicque</strong></span> <span class='ocrx_word' id='word_1_330' title='bbox 941 4131 1043 4171; x_wconf 91' lang='lat' dir='ltr'><strong>nos</strong></span> <span class='ocrx_word' id='word_1_331' title='bbox 1071 4131 1185 4171; x_wconf 67' lang='lat' dir='ltr'><strong>sua:</strong></span> <span class='ocrx_word' id='word_1_332' title='bbox 1207 4115 1632 4186; x_wconf 85' lang='lat' dir='ltr'><strong>incorruptionis</strong></span> <span class='ocrx_word' id='word_1_333' title='bbox 1650 4125 1704 4170; x_wconf 92' lang='lat' dir='ltr'><strong>et</strong></span> <span class='ocrx_word' id='word_1_334' title='bbox 1733 4115 1959 4170; x_wconf 87' lang='lat' dir='ltr'><strong>immor-</strong></span> 
     </span>
    </p>
   </div>
   <div class='ocr_carea' id='block_1_43' title="bbox 381 4207 1960 4280">
    <p class='ocr_par' dir='ltr' id='par_1_43' title="bbox 381 4207 1960 4280">
     <span class='ocr_line' id='line_1_43' title="bbox 381 4207 1960 4280; baseline -0.001 -16"><span class='ocrx_word' id='word_1_335' title='bbox 381 4209 606 4264; x_wconf 87' lang='lat' dir='ltr'><strong>talitatis</strong></span> <span class='ocrx_word' id='word_1_336' title='bbox 630 4209 922 4280; x_wconf 90' lang='lat' dir='ltr'><strong>participes</strong></span> <span class='ocrx_word' id='word_1_337' title='bbox 941 4211 1326 4274; x_wconf 87' lang='lat' dir='ltr'><strong>constitueret,</strong></span> <span class='ocrx_word' id='word_1_338' title='bbox 1354 4210 1406 4263; x_wconf 92' lang='lat' dir='ltr'><strong>in</strong></span> <span class='ocrx_word' id='word_1_339' title='bbox 1435 4224 1528 4278; x_wconf 88' lang='lat' dir='ltr'><strong>spe</strong></span> <span class='ocrx_word' id='word_1_340' title='bbox 1545 4207 1960 4264; x_wconf 88' lang='lat' dir='ltr'><strong>resurrectionis</strong></span> 
     </span>
    </p>
   </div>
   <div class='ocr_carea' id='block_1_44' title="bbox 381 4301 1962 4371">
    <p class='ocr_par' dir='ltr' id='par_1_44' title="bbox 381 4301 1962 4371">
     <span class='ocr_line' id='line_1_44' title="bbox 381 4301 1962 4371; baseline -0.001 -15"><span class='ocrx_word' id='word_1_341' title='bbox 381 4319 448 4357; x_wconf 84' lang='lat' dir='ltr'><strong>ex</strong></span> <span class='ocrx_word' id='word_1_342' title='bbox 488 4302 757 4370; x_wconf 88' lang='lat' dir='ltr'><strong>mortuis;</strong></span> <span class='ocrx_word' id='word_1_343' title='bbox 787 4310 848 4356; x_wconf 90' lang='lat' dir='ltr'><strong>ut</strong></span> <span class='ocrx_word' id='word_1_344' title='bbox 879 4308 934 4356; x_wconf 84' lang='lat' dir='ltr'><strong>et</strong></span> <span class='ocrx_word' id='word_1_345' title='bbox 973 4301 1325 4371; x_wconf 89' lang='lat' dir='ltr'><strong>corruptibile</strong></span> <span class='ocrx_word' id='word_1_346' title='bbox 1355 4301 1461 4356; x_wconf 94' lang='lat' dir='ltr'><strong>hoc</strong></span> <span class='ocrx_word' id='word_1_347' title='bbox 1499 4301 1749 4356; x_wconf 86' lang='lat' dir='ltr'><strong>indueret</strong></span> <span class='ocrx_word' id='word_1_348' title='bbox 1781 4301 1962 4354; x_wconf 90' lang='lat' dir='ltr'><strong>incor-</strong></span> 
     </span>
    </p>
   </div>
   <div class='ocr_carea' id='block_1_45' title="bbox 380 4392 1959 4465">
    <p class='ocr_par' dir='ltr' id='par_1_45' title="bbox 380 4392 1959 4465">
     <span class='ocr_line' id='line_1_45' title="bbox 380 4392 1959 4465; baseline -0.002 -16"><span class='ocrx_word' id='word_1_349' title='bbox 380 4395 712 4465; x_wconf 89' lang='lat' dir='ltr'><strong>ruptionem,</strong></span> <span class='ocrx_word' id='word_1_350' title='bbox 739 4402 792 4448; x_wconf 89' lang='lat' dir='ltr'><strong>et</strong></span> <span class='ocrx_word' id='word_1_351' title='bbox 824 4393 1052 4448; x_wconf 87' lang='lat' dir='ltr'><strong>mortale</strong></span> <span class='ocrx_word' id='word_1_352' title='bbox 1069 4393 1171 4448; x_wconf 82' lang='lat' dir='ltr'><strong>hoc</strong></span> <span class='ocrx_word' id='word_1_353' title='bbox 1201 4393 1450 4447; x_wconf 87' lang='lat' dir='ltr'><strong>indueret</strong></span> <span class='ocrx_word' id='word_1_354' title='bbox 1477 4392 1959 4458; x_wconf 86' lang='lat' dir='ltr'><strong>immortalitatem,</strong></span> 
     </span>
    </p>
   </div>
   <div class='ocr_carea' id='block_1_46' title="bbox 383 4483 2035 4554">
    <p class='ocr_par' dir='ltr' id='par_1_46' title="bbox 383 4483 2035 4554">
     <span class='ocr_line' id='line_1_46' title="bbox 383 4483 2035 4554; baseline -0.001 -15"><span class='ocrx_word' id='word_1_355' title='bbox 383 4484 842 4554; x_wconf 90' lang='lat' dir='ltr'><strong>quemadmodum</strong></span> <span class='ocrx_word' id='word_1_356' title='bbox 886 4483 1148 4554; x_wconf 90' lang='lat' dir='ltr'><strong>scriptum</strong></span> <span class='ocrx_word' id='word_1_357' title='bbox 1195 4491 1280 4539; x_wconf 84' lang='lat' dir='ltr'><strong>est</strong></span> <span class='ocrx_word' id='word_1_358' title='bbox 1315 4502 1329 4540; x_wconf 89' lang='lat'><strong>:</strong></span> <span class='ocrx_word' id='word_1_359' title='bbox 1366 4491 1458 4549; x_wconf 92' lang='lat' dir='ltr'><strong>ut,</strong></span> <span class='ocrx_word' id='word_1_360' title='bbox 1491 4485 1625 4538; x_wconf 81' lang='lat' dir='ltr'><strong>sicut</strong></span> <span class='ocrx_word' id='word_1_361' title='bbox 1657 4499 1748 4552; x_wconf 80' lang='lat' dir='ltr'><strong>per</strong></span> <span class='ocrx_word' id='word_1_362' title='bbox 1793 4501 1959 4538; x_wconf 85' lang='lat' dir='ltr'><strong>unum</strong></span> <span class='ocrx_word' id='word_1_363' title='bbox 1988 4492 2035 4547; x_wconf 83' lang='lat' dir='ltr'><strong>D</strong></span> 
     </span>
    </p>
   </div>
   <div class='ocr_carea' id='block_1_47' title="bbox 384 4577 1954 4646">
    <p class='ocr_par' dir='ltr' id='par_1_47' title="bbox 384 4577 1954 4646">
     <span class='ocr_line' id='line_1_47' title="bbox 384 4577 1954 4646; baseline 0 -16"><span class='ocrx_word' id='word_1_364' title='bbox 384 4577 645 4632; x_wconf 81' lang='lat' dir='ltr'><strong>hominem</strong></span> <span class='ocrx_word' id='word_1_365' title='bbox 681 4585 954 4641; x_wconf 83' lang='lat' dir='ltr'><strong>peccatum</strong></span> <span class='ocrx_word' id='word_1_366' title='bbox 991 4577 1209 4630; x_wconf 77' lang='lat' dir='ltr'><strong>intravit</strong></span> <span class='ocrx_word' id='word_1_367' title='bbox 1251 4578 1305 4630; x_wconf 81' lang='lat' dir='ltr'><strong>in</strong></span> <span class='ocrx_word' id='word_1_368' title='bbox 1334 4577 1613 4642; x_wconf 83' lang='lat' dir='ltr'><strong>mundum,</strong></span> <span class='ocrx_word' id='word_1_369' title='bbox 1645 4585 1696 4632; x_wconf 83' lang='lat' dir='ltr'><strong>et</strong></span> <span class='ocrx_word' id='word_1_370' title='bbox 1720 4593 1811 4646; x_wconf 84' lang='lat' dir='ltr'><strong>per</strong></span> <span class='ocrx_word' id='word_1_371' title='bbox 1833 4593 1954 4646; x_wconf 81' lang='lat' dir='ltr'><strong>pec-</strong></span> 
     </span>
    </p>
   </div>
   <div class='ocr_carea' id='block_1_48' title="bbox 384 4663 1956 4733">
    <p class='ocr_par' dir='ltr' id='par_1_48' title="bbox 384 4663 1956 4733">
     <span class='ocr_line' id='line_1_48' title="bbox 384 4663 1956 4733; baseline 0.003 -17"><span class='ocrx_word' id='word_1_372' title='bbox 384 4673 563 4717; x_wconf 80' lang='lat' dir='ltr'><strong>catum</strong></span> <span class='ocrx_word' id='word_1_373' title='bbox 608 4679 749 4716; x_wconf 77' lang='lat' dir='ltr'><strong>mors</strong></span> <span class='ocrx_word' id='word_1_374' title='bbox 772 4664 849 4730; x_wconf 84' lang='lat'><strong>&#39;°;</strong></span> <span class='ocrx_word' id='word_1_375' title='bbox 881 4663 962 4718; x_wconf 91' lang='lat' dir='ltr'><strong>sic</strong></span> <span class='ocrx_word' id='word_1_376' title='bbox 989 4672 1044 4718; x_wconf 89' lang='lat' dir='ltr'><strong>et</strong></span> <span class='ocrx_word' id='word_1_377' title='bbox 1091 4679 1186 4733; x_wconf 87' lang='lat' dir='ltr'><strong>per</strong></span> <span class='ocrx_word' id='word_1_378' title='bbox 1222 4680 1392 4718; x_wconf 91' lang='lat' dir='ltr'><strong>unum</strong></span> <span class='ocrx_word' id='word_1_379' title='bbox 1440 4665 1719 4721; x_wconf 89' lang='lat' dir='ltr'><strong>hominem</strong></span> <span class='ocrx_word' id='word_1_380' title='bbox 1768 4665 1956 4722; x_wconf 72' lang='lat' dir='ltr'><strong>Iesum</strong></span> 
     </span>
    </p>
   </div>
   <div class='ocr_carea' id='block_1_49' title="bbox 383 4753 1957 4826">
    <p class='ocr_par' dir='ltr' id='par_1_49' title="bbox 383 4753 1957 4826">
     <span class='ocr_line' id='line_1_49' title="bbox 383 4753 1957 4826; baseline 0.002 -19"><span class='ocrx_word' id='word_1_381' title='bbox 383 4753 660 4808; x_wconf 87' lang='lat' dir='ltr'><strong>Christum</strong></span> <span class='ocrx_word' id='word_1_382' title='bbox 711 4755 886 4822; x_wconf 79' lang='lat' dir='ltr'><strong>gratia</strong></span> <span class='ocrx_word' id='word_1_383' title='bbox 935 4763 1186 4824; x_wconf 76' lang='lat' dir='ltr'><strong>regnaret</strong></span> <span class='ocrx_word' id='word_1_384' title='bbox 1237 4770 1332 4825; x_wconf 90' lang='lat' dir='ltr'><strong>per</strong></span> <span class='ocrx_word' id='word_1_385' title='bbox 1377 4755 1643 4826; x_wconf 85' lang='lat' dir='ltr'><strong>justitiam</strong></span> <span class='ocrx_word' id='word_1_386' title='bbox 1683 4758 1739 4810; x_wconf 93' lang='lat' dir='ltr'><strong>in</strong></span> <span class='ocrx_word' id='word_1_387' title='bbox 1790 4758 1957 4812; x_wconf 88' lang='lat' dir='ltr'><strong>vitam</strong></span> 
     </span>
    </p>
   </div>
   <div class='ocr_carea' id='block_1_50' title="bbox 456 4865 898 4930">
    <p class='ocr_par' dir='ltr' id='par_1_50' title="bbox 456 4865 898 4930">
     <span class='ocr_line' id='line_1_50' title="bbox 456 4865 898 4930; baseline 0.002 -12"><span class='ocrx_word' id='word_1_388' title='bbox 456 4866 502 4898; x_wconf 78' lang='grc' dir='ltr'><strong>⁷ο</strong></span> <span class='ocrx_word' id='word_1_389' title='bbox 529 4865 688 4922; x_wconf 81' lang='lat' dir='ltr'><strong>Rom.</strong></span> <span class='ocrx_word' id='word_1_390' title='bbox 718 4882 774 4930; x_wconf 90' lang='lat' dir='ltr'><strong>v,</strong></span> <span class='ocrx_word' id='word_1_391' title='bbox 811 4866 898 4920; x_wconf 74' lang='lat'><strong>12.</strong></span> 
     </span>
    </p>
   </div>
   <div class='ocr_carea' id='block_1_51' title="bbox 457 4977 1960 5051">
    <p class='ocr_par' dir='ltr' id='par_1_51' title="bbox 457 4977 1960 5051">
     <span class='ocr_line' id='line_1_51' title="bbox 457 4977 1960 5051; baseline 0 -17"><span class='ocrx_word' id='word_1_392' title='bbox 457 4978 568 5051; x_wconf 83' lang='lat'><strong>(59)</strong></span> <span class='ocrx_word' id='word_1_393' title='bbox 589 4977 724 5051; x_wconf 12' lang='lat' dir='ltr'><strong>illanc</strong></span> <span class='ocrx_word' id='word_1_394' title='bbox 759 4977 1060 5051; x_wconf 69' lang='lat' dir='ltr'><strong>afferuntur</strong></span> <span class='ocrx_word' id='word_1_395' title='bbox 1089 4995 1124 5051; x_wconf 88' lang='lat' dir='ltr'><strong>a</strong></span> <span class='ocrx_word' id='word_1_396' title='bbox 1162 4978 1497 5051; x_wconf 86' lang='lat' dir='ltr'><strong>Damasceno</strong></span> <span class='ocrx_word' id='word_1_397' title='bbox 1521 4980 1632 5051; x_wconf 92' lang='lat' dir='ltr'><strong>_lib.</strong></span> <span class='ocrx_word' id='word_1_398' title='bbox 1669 4997 1721 5034; x_wconf 86' lang='lat' dir='ltr'><strong>IV</strong></span> <span class='ocrx_word' id='word_1_399' title='bbox 1749 4981 1824 5036; x_wconf 83' lang='lat' dir='ltr'><strong>De</strong></span> <span class='ocrx_word' id='word_1_400' title='bbox 1873 4998 1960 5035; x_wconf 91' lang='lat' dir='ltr'><strong>or-</strong></span> 
     </span>
    </p>
   </div>
   <div class='ocr_carea' id='block_1_52' title="bbox 386 5047 1961 5122">
    <p class='ocr_par' dir='ltr' id='par_1_52' title="bbox 386 5047 1961 5122">
     <span class='ocr_line' id='line_1_52' title="bbox 386 5047 1961 5122; baseline 0.003 -20"><span class='ocrx_word' id='word_1_401' title='bbox 386 5049 531 5103; x_wconf 82' lang='lat' dir='ltr'><strong>thod.</strong></span> <span class='ocrx_word' id='word_1_402' title='bbox 551 5047 686 5117; x_wconf 62' lang='lat' dir='ltr'><strong>&#39;ﬁde.</strong></span> <span class='ocrx_word' id='word_1_403' title='bbox 716 5064 843 5122; x_wconf 67' lang='lat' dir='ltr'><strong>cap.</strong></span> <span class='ocrx_word' id='word_1_404' title='bbox 871 5048 959 5101; x_wconf 71' lang='lat'><strong>25.</strong></span> <span class='ocrx_word' id='word_1_405' title='bbox 988 5047 1350 5122; x_wconf 55' lang='lat' dir='ltr'><strong>Ibidem,j&amp;p</strong></span> <span class='ocrx_word' id='word_1_406' title='bbox 1381 5049 1824 5122; x_wconf 20' lang='lat' dir='ltr'><strong>xaldeestiapud</strong></span> <span class='ocrx_word' id='word_1_407' title='bbox 1856 5052 1961 5106; x_wconf 88' lang='lat' dir='ltr'><strong>Da—</strong></span> 
     </span>
    </p>
   </div>
   <div class='ocr_carea' id='block_1_53' title="bbox 386 5118 1957 5188">
    <p class='ocr_par' dir='ltr' id='par_1_53' title="bbox 386 5118 1957 5188">
     <span class='ocr_line' id='line_1_53' title="bbox 386 5118 1957 5188; baseline 0.004 -16"><span class='ocrx_word' id='word_1_408' title='bbox 386 5134 724 5184; x_wconf 86' lang='lat' dir='ltr'><strong>mascenum,</strong></span> <span class='ocrx_word' id='word_1_409' title='bbox 751 5118 844 5172; x_wconf 84' lang='grc' dir='ltr'><strong>καί</strong></span> <span class='ocrx_word' id='word_1_410' title='bbox 869 5126 1080 5172; x_wconf 89' lang='lat' dir='ltr'><strong>tantum</strong></span> <span class='ocrx_word' id='word_1_411' title='bbox 1122 5120 1175 5172; x_wconf 90' lang='lat' dir='ltr'><strong>in</strong></span> <span class='ocrx_word' id='word_1_412' title='bbox 1216 5118 1438 5188; x_wconf 60' lang='lat' dir='ltr'><strong>Seg&#39;uer.</strong></span> <span class='ocrx_word' id='word_1_413' title='bbox 1466 5120 1634 5174; x_wconf 89' lang='lat' dir='ltr'><strong>deest.</strong></span> <span class='ocrx_word' id='word_1_414' title='bbox 1665 5118 1790 5176; x_wconf 78' lang='lat' dir='ltr'><strong>Mox</strong></span> <span class='ocrx_word' id='word_1_415' title='bbox 1825 5125 1957 5186; x_wconf 65' lang='lat' dir='ltr'><strong>haec,</strong></span> 
     </span>
    </p>
   </div>
   <div class='ocr_carea' id='block_1_54' title="bbox 386 5188 1956 5264">
    <p class='ocr_par' dir='ltr' id='par_1_54' title="bbox 386 5188 1956 5264">
     <span class='ocr_line' id='line_1_54' title="bbox 386 5188 1956 5264; baseline 0.003 -21"><span class='ocrx_word' id='word_1_416' title='bbox 386 5189 813 5264; x_wconf 43' lang='lat' dir='ltr'><strong>xabxaubﬁuvdg</strong></span> <span class='ocrx_word' id='word_1_417' title='bbox 846 5190 983 5264; x_wconf 75' lang='grc' dir='ltr'>ἐστι,</span> <span class='ocrx_word' id='word_1_418' title='bbox 1011 5188 1209 5264; x_wconf 67' lang='lat' dir='ltr'><strong>absunt</strong></span> <span class='ocrx_word' id='word_1_419' title='bbox 1231 5191 1515 5264; x_wconf 77' lang='lat' dir='ltr'><strong>a_Seguer.</strong></span> <span class='ocrx_word' id='word_1_420' title='bbox 1550 5189 1713 5246; x_wconf 82' lang='lat' dir='ltr'><strong>Basil.</strong></span> <span class='ocrx_word' id='word_1_421' title='bbox 1745 5191 1956 5264; x_wconf 80' lang='lat' dir='ltr'><strong>Anglic.</strong></span> 
     </span>
    </p>
   </div>
   <div class='ocr_carea' id='block_1_55' title="bbox 385 5259 1544 5330">
    <p class='ocr_par' dir='ltr' id='par_1_55' title="bbox 385 5259 1544 5330">
     <span class='ocr_line' id='line_1_55' title="bbox 385 5259 1544 5330; baseline -0.002 -16"><span class='ocrx_word' id='word_1_422' title='bbox 385 5270 441 5314; x_wconf 91' lang='lat' dir='ltr'><strong>et</strong></span> <span class='ocrx_word' id='word_1_423' title='bbox 471 5260 746 5318; x_wconf 79' lang='lat' dir='ltr'><strong>Damasc.;</strong></span> <span class='ocrx_word' id='word_1_424' title='bbox 777 5260 832 5313; x_wconf 94' lang='lat' dir='ltr'><strong>in</strong></span> <span class='ocrx_word' id='word_1_425' title='bbox 859 5260 982 5330; x_wconf 83' lang='lat' dir='ltr'><strong>aliis</strong></span> <span class='ocrx_word' id='word_1_426' title='bbox 1006 5269 1059 5313; x_wconf 88' lang='lat' dir='ltr'><strong>et</strong></span> <span class='ocrx_word' id='word_1_427' title='bbox 1082 5261 1242 5330; x_wconf 87' lang='lat' dir='ltr'><strong>editis</strong></span> <span class='ocrx_word' id='word_1_428' title='bbox 1273 5259 1544 5330; x_wconf 81' lang='lat' dir='ltr'><strong>leguntur.</strong></span> 
     </span>
    </p>
   </div>
   <div class='ocr_carea' id='block_1_56' title="bbox 460 5329 1952 5402">
    <p class='ocr_par' dir='ltr' id='par_1_56' title="bbox 460 5329 1952 5402">
     <span class='ocr_line' id='line_1_56' title="bbox 460 5329 1952 5402; baseline 0.002 -19"><span class='ocrx_word' id='word_1_429' title='bbox 460 5330 572 5400; x_wconf 84' lang='grc'>(60)</span> <span class='ocrx_word' id='word_1_430' title='bbox 602 5329 902 5400; x_wconf 66' lang='grc' dir='ltr'>ὃθςιισνηῆ</span> <span class='ocrx_word' id='word_1_431' title='bbox 931 5330 1006 5393; x_wconf 82' lang='grc' dir='ltr'>ὡς</span> <span class='ocrx_word' id='word_1_432' title='bbox 1029 5330 1171 5384; x_wconf 88' lang='grc' dir='ltr'>δοκ-.</span> <span class='ocrx_word' id='word_1_433' title='bbox 1199 5329 1450 5386; x_wconf 75' lang='lat' dir='ltr'><strong>Damasc.</strong></span> <span class='ocrx_word' id='word_1_434' title='bbox 1470 5330 1629 5397; x_wconf 88' lang='lat' dir='ltr'><strong>ibid.,</strong></span> <span class='ocrx_word' id='word_1_435' title='bbox 1647 5331 1952 5402; x_wconf 81' lang='grc' dir='ltr'><strong>γενομένων</strong></span> 
     </span>
    </p>
   </div>
   <div class='ocr_carea' id='block_1_57' title="bbox 386 5400 628 5454">
    <p class='ocr_par' dir='ltr' id='par_1_57' title="bbox 386 5400 628 5454">
     <span class='ocr_line' id='line_1_57' title="bbox 386 5400 628 5454; baseline 0.004 -1"><span class='ocrx_word' id='word_1_436' title='bbox 386 5400 493 5454; x_wconf 83' lang='grc' dir='ltr'>τῶν</span> <span class='ocrx_word' id='word_1_437' title='bbox 515 5406 628 5454; x_wconf 87' lang='grc' dir='ltr'>λεγ.</span> 
     </span>
    </p>
   </div>
   <div class='ocr_carea' id='block_1_58' title="bbox 457 5418 1453 5542">
    <p class='ocr_par' dir='ltr' id='par_1_58' title="bbox 457 5418 1453 5542">
     <span class='ocr_line' id='line_1_58' title="bbox 457 5418 1453 5542; baseline 0.001 -17"><span class='ocrx_word' id='word_1_438' title='bbox 457 5418 1051 5542; x_wconf 50' lang='grc' dir='ltr'><strong>ῗ61ῗγέθειιετη-ἡμᾶς.</strong></span> <span class='ocrx_word' id='word_1_439' title='bbox 1080 5469 1254 5542; x_wconf 12' lang='grc' dir='ltr'><strong>κΕόίίὶ,</strong></span> <span class='ocrx_word' id='word_1_440' title='bbox 1289 5455 1453 5541; x_wconf 82' lang='grc' dir='ltr'>ὑμᾶς.</span> 
     </span>
    </p>
   </div>
   <div class='ocr_carea' id='block_1_59' title="bbox 457 5539 1701 5627">
    <p class='ocr_par' dir='ltr' id='par_1_59' title="bbox 457 5539 1701 5627">
     <span class='ocr_line' id='line_1_59' title="bbox 457 5539 1701 5627; baseline -0.002 -31"><span class='ocrx_word' id='word_1_441' title='bbox 605 5539 828 5627; x_wconf 67' lang='lat' dir='ltr'><strong>§eguer.</strong></span> <span class='ocrx_word' id='word_1_442' title='bbox 863 5539 1026 5627; x_wconf 52' lang='lat' dir='ltr'><strong>Dasil.</strong></span> <span class='ocrx_word' id='word_1_443' title='bbox 1063 5541 1300 5627; x_wconf 49' lang='lat' dir='ltr'><strong>Anglic”</strong></span> <span class='ocrx_word' id='word_1_444' title='bbox 1330 5539 1701 5627; x_wconf 47' lang='grc' dir='ltr'>προᾈὼρησις.</span> 
     </span>
    </p>
   </div>
   <div class='ocr_carea' id='block_1_60' title="bbox 460 5610 1961 5683">
    <p class='ocr_par' dir='ltr' id='par_1_60' title="bbox 460 5610 1961 5683">
     <span class='ocr_line' id='line_1_60' title="bbox 460 5610 1961 5683; baseline 0.002 -20"><span class='ocrx_word' id='word_1_445' title='bbox 460 5610 1401 5683; x_wconf 27' lang='lat' dir='ltr'><strong>(65)_Seguer.AnglicaCobler.et</strong></span> <span class='ocrx_word' id='word_1_446' title='bbox 1441 5610 1589 5667; x_wconf 49' lang='lat' dir='ltr'><strong>&#39;Felc.</strong></span> <span class='ocrx_word' id='word_1_447' title='bbox 1630 5613 1686 5678; x_wconf 92' lang='grc'>1,</span> <span class='ocrx_word' id='word_1_448' title='bbox 1733 5613 1961 5666; x_wconf 88' lang='grc' dir='ltr'>ἐνδύσα-</span> 
     </span>
    </p>
   </div>
   <div class='ocr_carea' id='block_1_61' title="bbox 391 5679 1362 5741">
    <p class='ocr_par' dir='ltr' id='par_1_61' title="bbox 391 5679 1362 5741">
     <span class='ocr_line' id='line_1_61' title="bbox 391 5679 1362 5741; baseline 0 -7"><span class='ocrx_word' id='word_1_449' title='bbox 391 5679 534 5734; x_wconf 85' lang='grc' dir='ltr'>σθαι.</span> <span class='ocrx_word' id='word_1_450' title='bbox 554 5679 708 5734; x_wconf 75' lang='grc' dir='ltr'><strong>Ειίὶιῖ</strong></span> <span class='ocrx_word' id='word_1_451' title='bbox 732 5690 786 5734; x_wconf 87' lang='lat' dir='ltr'><strong>et</strong></span> <span class='ocrx_word' id='word_1_452' title='bbox 811 5682 922 5741; x_wconf 84' lang='lat' dir='ltr'><strong>alii,</strong></span> <span class='ocrx_word' id='word_1_453' title='bbox 949 5680 1362 5735; x_wconf 80' lang='grc' dir='ltr'>ἐπενδύσασθαι.</span> 
     </span>
    </p>
   </div>
   <div class='ocr_carea' id='block_1_62' title="bbox 463 5749 1960 5824">
    <p class='ocr_par' dir='ltr' id='par_1_62' title="bbox 463 5749 1960 5824">
     <span class='ocr_line' id='line_1_62' title="bbox 463 5749 1960 5824; baseline 0.003 -19"><span class='ocrx_word' id='word_1_454' title='bbox 463 5750 575 5824; x_wconf 77' lang='grc'>(64)</span> <span class='ocrx_word' id='word_1_455' title='bbox 606 5751 827 5822; x_wconf 77' lang='lat' dir='ltr'><strong>Seguer.</strong></span> <span class='ocrx_word' id='word_1_456' title='bbox 863 5749 1079 5805; x_wconf 87' lang='lat' dir='ltr'><strong>Gobler.</strong></span> <span class='ocrx_word' id='word_1_457' title='bbox 1107 5760 1158 5806; x_wconf 87' lang='lat' dir='ltr'><strong>et</strong></span> <span class='ocrx_word' id='word_1_458' title='bbox 1188 5749 1332 5807; x_wconf 87' lang='lat' dir='ltr'><strong>Felc.</strong></span> <span class='ocrx_word' id='word_1_459' title='bbox 1367 5752 1416 5820; x_wconf 86' lang='grc'>1,</span> <span class='ocrx_word' id='word_1_460' title='bbox 1443 5754 1766 5824; x_wconf 73' lang='grc' dir='ltr'><strong>γεννήσεως.</strong></span> <span class='ocrx_word' id='word_1_461' title='bbox 1797 5753 1960 5822; x_wconf 84' lang='lat' dir='ltr'><strong>Editi,</strong></span> 
     </span>
    </p>
   </div>
   <div class='ocr_carea' id='block_1_63' title="bbox 995 311 3000 380">
    <p class='ocr_par' dir='ltr' id='par_1_63' title="bbox 995 311 3000 380">
     <span class='ocr_line' id='line_1_63' title="bbox 995 311 3000 380; baseline -0.005 0"><span class='ocrx_word' id='word_1_462' title='bbox 995 326 1052 380; x_wconf 88' lang='lat' dir='ltr'><strong>S.</strong></span> <span class='ocrx_word' id='word_1_463' title='bbox 1091 325 1178 380; x_wconf 84' lang='lat' dir='ltr'><strong>AT</strong></span> <span class='ocrx_word' id='word_1_464' title='bbox 1184 321 1459 378; x_wconf 68' lang='lat' dir='ltr'><strong>HANASII</strong></span> <span class='ocrx_word' id='word_1_465' title='bbox 1497 321 1646 379; x_wconf 85' lang='lat' dir='ltr'><strong>OPP.</strong></span> <span class='ocrx_word' id='word_1_466' title='bbox 1687 318 1868 375; x_wconf 78' lang='lat' dir='ltr'><strong>PARS</strong></span> <span class='ocrx_word' id='word_1_467' title='bbox 1896 315 2024 370; x_wconf 84' lang='lat' dir='ltr'><strong>l.—</strong></span> <span class='ocrx_word' id='word_1_468' title='bbox 2053 311 2422 370; x_wconf 77' lang='lat' dir='ltr'><strong>HISTORICA</strong></span> <span class='ocrx_word' id='word_1_469' title='bbox 2457 311 2547 369; x_wconf 79' lang='lat' dir='ltr'><strong>ET</strong></span> <span class='ocrx_word' id='word_1_470' title='bbox 2578 313 3000 372; x_wconf 75' lang='lat' dir='ltr'><strong>DOGMATICA.</strong></span> 
     </span>
    </p>
   </div>
   <div class='ocr_carea' id='block_1_64' title="bbox 3401 272 3680 376">
    <p class='ocr_par' dir='ltr' id='par_1_64' title="bbox 3401 272 3680 376">
     <span class='ocr_line' id='line_1_64' title="bbox 3401 272 3680 376; baseline 0.011 -3"><span class='ocrx_word' id='word_1_471' title='bbox 3401 272 3403 276; x_wconf 50' lang='grc'><em>’</em></span> <span class='ocrx_word' id='word_1_472' title='bbox 3510 318 3680 376; x_wconf 70' lang='grc' dir='ltr'>ιιει</span> 
     </span>
    </p>
   </div>
   <div class='ocr_carea' id='block_1_65' title="bbox 2061 431 3680 504">
    <p class='ocr_par' dir='ltr' id='par_1_65' title="bbox 2061 431 3680 504">
     <span class='ocr_line' id='line_1_65' title="bbox 2061 431 3680 504; baseline 0.001 -20"><span class='ocrx_word' id='word_1_473' title='bbox 2061 431 2334 504; x_wconf 78' lang='grc' dir='ltr'><strong>λειότητος</strong></span> <span class='ocrx_word' id='word_1_474' title='bbox 2360 433 2439 496; x_wconf 82' lang='grc' dir='ltr'><strong>είς</strong></span> <span class='ocrx_word' id='word_1_475' title='bbox 2460 431 2806 503; x_wconf 77' lang='grc' dir='ltr'>ἀνθρωπίνην</span> <span class='ocrx_word' id='word_1_476' title='bbox 2825 431 3136 502; x_wconf 75' lang='grc' dir='ltr'><strong>τελειότητα</strong></span> <span class='ocrx_word' id='word_1_477' title='bbox 3165 433 3680 504; x_wconf 74' lang='grc' dir='ltr'>μεταποιηθείσης,</span> 
     </span>
    </p>
   </div>
   <div class='ocr_carea' id='block_1_66' title="bbox 2068 520 3681 596">
    <p class='ocr_par' dir='ltr' id='par_1_66' title="bbox 2068 520 3681 596">
     <span class='ocr_line' id='line_1_66' title="bbox 2068 520 3681 596; baseline 0.001 -19"><span class='ocrx_word' id='word_1_478' title='bbox 2068 524 2098 577; x_wconf 80' lang='grc' dir='ltr'><strong>ὃ</strong></span> <span class='ocrx_word' id='word_1_479' title='bbox 2127 525 2272 577; x_wconf 83' lang='grc' dir='ltr'>ἐστιν</span> <span class='ocrx_word' id='word_1_480' title='bbox 2307 523 2523 586; x_wconf 78' lang='grc' dir='ltr'>ἀσεϐέςο</span> <span class='ocrx_word' id='word_1_481' title='bbox 2555 520 2678 576; x_wconf 73' lang='grc' dir='ltr'>οὔτε</span> <span class='ocrx_word' id='word_1_482' title='bbox 2710 522 2815 593; x_wconf 83' lang='grc' dir='ltr'>μὴν</span> <span class='ocrx_word' id='word_1_483' title='bbox 2844 523 2919 585; x_wconf 86' lang='grc' dir='ltr'>ὡς</span> <span class='ocrx_word' id='word_1_484' title='bbox 2951 522 3046 574; x_wconf 87' lang='grc' dir='ltr'><strong>δύο</strong></span> <span class='ocrx_word' id='word_1_485' title='bbox 3099 523 3452 596; x_wconf 82' lang='grc' dir='ltr'>τελειοτήτων</span> <span class='ocrx_word' id='word_1_486' title='bbox 3513 527 3681 579; x_wconf 80' lang='grc' dir='ltr'><strong>κατά</strong></span> 
     </span>
    </p>
   </div>
   <div class='ocr_carea' id='block_1_67' title="bbox 2066 613 3680 686">
    <p class='ocr_par' dir='ltr' id='par_1_67' title="bbox 2066 613 3680 686">
     <span class='ocr_line' id='line_1_67' title="bbox 2066 613 3680 686; baseline 0 -18"><span class='ocrx_word' id='word_1_487' title='bbox 2066 615 2329 686; x_wconf 79' lang='grc' dir='ltr'>διαίρεσιν</span> <span class='ocrx_word' id='word_1_488' title='bbox 2386 613 2856 685; x_wconf 81' lang='grc' dir='ltr'><strong>ὁμολογουμένων,</strong></span> <span class='ocrx_word' id='word_1_489' title='bbox 2906 614 2934 665; x_wconf 86' lang='grc' dir='ltr'><strong>ὅ</strong></span> <span class='ocrx_word' id='word_1_490' title='bbox 2971 615 3122 666; x_wconf 83' lang='grc' dir='ltr'>ἐστιν</span> <span class='ocrx_word' id='word_1_491' title='bbox 3171 614 3453 686; x_wconf 78' lang='grc' dir='ltr'>ἀλλότριον</span> <span class='ocrx_word' id='word_1_492' title='bbox 3496 617 3680 669; x_wconf 74' lang='grc' dir='ltr'>εὐσε-</span> 
     </span>
    </p>
   </div>
   <div class='ocr_carea' id='block_1_68' title="bbox 2069 704 3679 777">
    <p class='ocr_par' dir='ltr' id='par_1_68' title="bbox 2069 704 3679 777">
     <span class='ocr_line' id='line_1_68' title="bbox 2069 704 3679 777; baseline 0 -19"><span class='ocrx_word' id='word_1_493' title='bbox 2069 706 2238 770; x_wconf 64' lang='grc' dir='ltr'>ϐείας</span> <span class='ocrx_word' id='word_1_494' title='bbox 2268 705 2392 760; x_wconf 71' lang='grc' dir='ltr'>οὔτε</span> <span class='ocrx_word' id='word_1_495' title='bbox 2419 706 2476 760; x_wconf 88' lang='grc' dir='ltr'>δὲ</span> <span class='ocrx_word' id='word_1_496' title='bbox 2501 705 2638 759; x_wconf 82' lang='grc' dir='ltr'>κατὰ</span> <span class='ocrx_word' id='word_1_497' title='bbox 2659 704 2938 776; x_wconf 84' lang='grc' dir='ltr'>προκοπὴν</span> <span class='ocrx_word' id='word_1_498' title='bbox 2961 705 3184 776; x_wconf 80' lang='grc' dir='ltr'>ἀρετῆς,</span> <span class='ocrx_word' id='word_1_499' title='bbox 3213 706 3307 758; x_wconf 71' lang='grc' dir='ltr'><strong>καὶ</strong></span> <span class='ocrx_word' id='word_1_500' title='bbox 3345 707 3679 777; x_wconf 74' lang='grc' dir='ltr'>πρόσληψιν</span> 
     </span>
    </p>
   </div>
   <div class='ocr_carea' id='block_1_69' title="bbox 2066 795 3677 870">
    <p class='ocr_par' dir='ltr' id='par_1_69' title="bbox 2066 795 3677 870">
     <span class='ocr_line' id='line_1_69' title="bbox 2066 795 3677 870; baseline 0.001 -20"><span class='ocrx_word' id='word_1_501' title='bbox 2066 797 2430 868; x_wconf 80' lang='grc' dir='ltr'>δικαιοσύνης,</span> <span class='ocrx_word' id='word_1_502' title='bbox 2471 796 2545 867; x_wconf 84' lang='grc' dir='ltr'><strong>μὴ</strong></span> <span class='ocrx_word' id='word_1_503' title='bbox 2580 796 2816 864; x_wconf 86' lang='grc' dir='ltr'>γένοιτοι</span> <span class='ocrx_word' id='word_1_504' title='bbox 2879 795 3014 849; x_wconf 88' lang='grc' dir='ltr'><strong>ἀλλά</strong></span> <span class='ocrx_word' id='word_1_505' title='bbox 3061 797 3180 850; x_wconf 81' lang='grc' dir='ltr'>καθ’</span> <span class='ocrx_word' id='word_1_506' title='bbox 3210 797 3446 870; x_wconf 80' lang='grc' dir='ltr'>ὕπαρξιν</span> <span class='ocrx_word' id='word_1_507' title='bbox 3501 801 3677 854; x_wconf 80' lang='grc' dir='ltr'>ἀνελ-</span> 
     </span>
    </p>
   </div>
   <div class='ocr_carea' id='block_1_70' title="bbox 2067 884 3671 962">
    <p class='ocr_par' dir='ltr' id='par_1_70' title="bbox 2067 884 3671 962">
     <span class='ocr_line' id='line_1_70' title="bbox 2067 884 3671 962; baseline 0.002 -20"><span class='ocrx_word' id='word_1_508' title='bbox 2067 888 2218 960; x_wconf 83' lang='grc' dir='ltr'>λιπῆ·</span> <span class='ocrx_word' id='word_1_509' title='bbox 2258 889 2345 941; x_wconf 83' lang='grc' dir='ltr'>ἵνα</span> <span class='ocrx_word' id='word_1_510' title='bbox 2391 884 2539 962; x_wconf 78' lang='grc' dir='ltr'><strong>εἴςῇ</strong></span> <span class='ocrx_word' id='word_1_511' title='bbox 2588 887 2658 942; x_wconf 88' lang='grc' dir='ltr'><strong>τά</strong></span> <span class='ocrx_word' id='word_1_512' title='bbox 2711 887 2969 959; x_wconf 77' lang='grc' dir='ltr'>ἑκάτερα,</span> <span class='ocrx_word' id='word_1_513' title='bbox 2999 888 3201 951; x_wconf 89' lang='grc' dir='ltr'>τέλειος</span> <span class='ocrx_word' id='word_1_514' title='bbox 3251 890 3394 944; x_wconf 88' lang='grc' dir='ltr'><strong>κατά</strong></span> <span class='ocrx_word' id='word_1_515' title='bbox 3448 893 3671 954; x_wconf 81' lang='grc' dir='ltr'>πάντα,</span> 
     </span>
    </p>
   </div>
   <div class='ocr_carea' id='block_1_71' title="bbox 2067 979 3673 1054">
    <p class='ocr_par' dir='ltr' id='par_1_71' title="bbox 2067 979 3673 1054">
     <span class='ocr_line' id='line_1_71' title="bbox 2067 979 3673 1054; baseline 0.002 -21"><span class='ocrx_word' id='word_1_516' title='bbox 2067 980 2201 1043; x_wconf 82' lang='grc' dir='ltr'>Θεὸς</span> <span class='ocrx_word' id='word_1_517' title='bbox 2225 980 2320 1032; x_wconf 73' lang='grc' dir='ltr'>καὶ</span> <span class='ocrx_word' id='word_1_518' title='bbox 2347 979 2629 1052; x_wconf 77' lang='grc' dir='ltr'>ἄνθρωπος</span> <span class='ocrx_word' id='word_1_519' title='bbox 2657 981 2686 1034; x_wconf 98' lang='lat'><strong>6</strong></span> <span class='ocrx_word' id='word_1_520' title='bbox 2720 979 2901 1042; x_wconf 87' lang='grc' dir='ltr'>αύτός.</span> <span class='ocrx_word' id='word_1_521' title='bbox 2954 979 3053 1033; x_wconf 88' lang='grc' dir='ltr'>Διά</span> <span class='ocrx_word' id='word_1_522' title='bbox 3081 979 3239 1033; x_wconf 82' lang='grc' dir='ltr'>τοῦτο</span> <span class='ocrx_word' id='word_1_523' title='bbox 3267 981 3375 1053; x_wconf 85' lang='grc' dir='ltr'>γὰρ</span> <span class='ocrx_word' id='word_1_524' title='bbox 3405 984 3504 1036; x_wconf 72' lang='grc' dir='ltr'>καὶ</span> <span class='ocrx_word' id='word_1_525' title='bbox 3541 983 3673 1054; x_wconf 79' lang='lat'><strong>(59)</strong></span> 
     </span>
    </p>
   </div>
   <div class='ocr_carea' id='block_1_72' title="bbox 2066 1069 3668 1142">
    <p class='ocr_par' dir='ltr' id='par_1_72' title="bbox 2066 1069 3668 1142">
     <span class='ocr_line' id='line_1_72' title="bbox 2066 1069 3668 1142; baseline 0.001 -19"><span class='ocrx_word' id='word_1_526' title='bbox 2066 1070 2324 1142; x_wconf 83' lang='grc' dir='ltr'>ὁΚύριος</span> <span class='ocrx_word' id='word_1_527' title='bbox 2372 1070 2559 1139; x_wconf 71' lang='grc' dir='ltr'>ἔλεγε·</span> <span class='ocrx_word' id='word_1_528' title='bbox 2616 1069 2744 1124; x_wconf 86' lang='grc' dir='ltr'><strong>Νῦν</strong></span> <span class='ocrx_word' id='word_1_529' title='bbox 2781 1071 2821 1138; x_wconf 79' lang='grc' dir='ltr'><strong><em>ὴ</em></strong></span> <span class='ocrx_word' id='word_1_530' title='bbox 2872 1069 3042 1138; x_wconf 66' lang='grc' dir='ltr'><strong>⁴ιί-υχή</strong></span> <span class='ocrx_word' id='word_1_531' title='bbox 3091 1088 3209 1140; x_wconf 86' lang='grc' dir='ltr'><strong>μου</strong></span> <span class='ocrx_word' id='word_1_532' title='bbox 3271 1072 3668 1142; x_wconf 78' lang='grc' dir='ltr'>τετάρακται,</span> 
     </span>
    </p>
   </div>
   <div class='ocr_carea' id='block_1_73' title="bbox 2065 1160 3676 1229">
    <p class='ocr_par' dir='ltr' id='par_1_73' title="bbox 2065 1160 3676 1229">
     <span class='ocr_line' id='line_1_73' title="bbox 2065 1160 3676 1229; baseline 0.002 -15"><span class='ocrx_word' id='word_1_533' title='bbox 2065 1163 2161 1214; x_wconf 74' lang='grc' dir='ltr'>καὶ</span> <span class='ocrx_word' id='word_1_534' title='bbox 2198 1162 2501 1226; x_wconf 82' lang='grc' dir='ltr'>κατὼδυνός</span> <span class='ocrx_word' id='word_1_535' title='bbox 2549 1163 2687 1214; x_wconf 83' lang='grc' dir='ltr'>ἐστι.</span> <span class='ocrx_word' id='word_1_536' title='bbox 2739 1160 2812 1213; x_wconf 88' lang='grc' dir='ltr'>Τὸ</span> <span class='ocrx_word' id='word_1_537' title='bbox 2856 1160 2913 1212; x_wconf 87' lang='grc' dir='ltr'>δὲ</span> <span class='ocrx_word' id='word_1_538' title='bbox 2971 1161 3106 1226; x_wconf 77' lang='grc' dir='ltr'><em>νῦν,</em></span> <span class='ocrx_word' id='word_1_539' title='bbox 3173 1162 3318 1216; x_wconf 83' lang='grc' dir='ltr'>τοῦτ’</span> <span class='ocrx_word' id='word_1_540' title='bbox 3345 1165 3516 1229; x_wconf 75' lang='grc' dir='ltr'>ἔστιν,</span> <span class='ocrx_word' id='word_1_541' title='bbox 3564 1168 3676 1218; x_wconf 82' lang='grc' dir='ltr'>ὅτε</span> 
     </span>
    </p>
   </div>
   <div class='ocr_carea' id='block_1_74' title="bbox 2065 1252 3668 1328">
    <p class='ocr_par' dir='ltr' id='par_1_74' title="bbox 2065 1252 3668 1328">
     <span class='ocr_line' id='line_1_74' title="bbox 2065 1252 3668 1328; baseline 0.004 -24"><span class='ocrx_word' id='word_1_542' title='bbox 2065 1252 2350 1323; x_wconf 73' lang='grc' dir='ltr'>ἠθέλησεν.</span> <span class='ocrx_word' id='word_1_543' title='bbox 2384 1254 2574 1323; x_wconf 82' lang='grc' dir='ltr'>Ὅμως</span> <span class='ocrx_word' id='word_1_544' title='bbox 2607 1253 2789 1324; x_wconf 80' lang='grc' dir='ltr'>μέντοι</span> <span class='ocrx_word' id='word_1_545' title='bbox 2849 1252 2912 1306; x_wconf 80' lang='grc' dir='ltr'>τὸ</span> <span class='ocrx_word' id='word_1_546' title='bbox 2941 1252 3001 1305; x_wconf 77' lang='grc' dir='ltr'>ὃν</span> <span class='ocrx_word' id='word_1_547' title='bbox 3029 1253 3394 1308; x_wconf 88' lang='grc' dir='ltr'>ἐπεδείκνυτο·</span> <span class='ocrx_word' id='word_1_548' title='bbox 3431 1256 3493 1308; x_wconf 87' lang='grc' dir='ltr'><strong>ού</strong></span> <span class='ocrx_word' id='word_1_549' title='bbox 3544 1259 3668 1328; x_wconf 87' lang='grc' dir='ltr'><strong>γάρ</strong></span> 
     </span>
    </p>
   </div>
   <div class='ocr_carea' id='block_1_75' title="bbox 2064 1342 3665 1416">
    <p class='ocr_par' dir='ltr' id='par_1_75' title="bbox 2064 1342 3665 1416">
     <span class='ocr_line' id='line_1_75' title="bbox 2064 1342 3665 1416; baseline 0.004 -22"><span class='ocrx_word' id='word_1_550' title='bbox 2064 1342 2126 1396; x_wconf 84' lang='grc' dir='ltr'><strong>τὺ</strong></span> <span class='ocrx_word' id='word_1_551' title='bbox 2156 1345 2230 1414; x_wconf 82' lang='grc' dir='ltr'>μὴ</span> <span class='ocrx_word' id='word_1_552' title='bbox 2258 1343 2318 1394; x_wconf 77' lang='grc' dir='ltr'>ὃν</span> <span class='ocrx_word' id='word_1_553' title='bbox 2350 1342 2424 1405; x_wconf 87' lang='grc' dir='ltr'>ὡς</span> <span class='ocrx_word' id='word_1_554' title='bbox 2453 1343 2624 1414; x_wconf 87' lang='grc' dir='ltr'>παρὸν</span> <span class='ocrx_word' id='word_1_555' title='bbox 2677 1342 2982 1413; x_wconf 79' lang='grc' dir='ltr'>ὠνόμαζεν,</span> <span class='ocrx_word' id='word_1_556' title='bbox 3020 1343 3097 1407; x_wconf 87' lang='grc' dir='ltr'>ὼς</span> <span class='ocrx_word' id='word_1_557' title='bbox 3146 1344 3364 1415; x_wconf 83' lang='grc' dir='ltr'>δοκήσει</span> <span class='ocrx_word' id='word_1_558' title='bbox 3418 1347 3533 1416; x_wconf 87' lang='grc'>(60)</span> <span class='ocrx_word' id='word_1_559' title='bbox 3563 1349 3665 1400; x_wconf 85' lang='grc' dir='ltr'>λε-</span> 
     </span>
    </p>
   </div>
   <div class='ocr_carea' id='block_1_76' title="bbox 2065 1434 3667 1511">
    <p class='ocr_par' dir='ltr' id='par_1_76' title="bbox 2065 1434 3667 1511">
     <span class='ocr_line' id='line_1_76' title="bbox 2065 1434 3667 1511; baseline 0.003 -23"><span class='ocrx_word' id='word_1_560' title='bbox 2065 1435 2309 1505; x_wconf 90' lang='grc' dir='ltr'>γομένων</span> <span class='ocrx_word' id='word_1_561' title='bbox 2335 1434 2444 1487; x_wconf 78' lang='grc' dir='ltr'><strong>τῶν</strong></span> <span class='ocrx_word' id='word_1_562' title='bbox 2472 1436 2789 1505; x_wconf 77' lang='grc' dir='ltr'>γινομένωνο</span> <span class='ocrx_word' id='word_1_563' title='bbox 2842 1435 3000 1504; x_wconf 85' lang='grc' dir='ltr'>φύσει</span> <span class='ocrx_word' id='word_1_564' title='bbox 3051 1435 3159 1506; x_wconf 82' lang='grc' dir='ltr'>γὰρ</span> <span class='ocrx_word' id='word_1_565' title='bbox 3190 1441 3283 1490; x_wconf 73' lang='grc' dir='ltr'>καὶ</span> <span class='ocrx_word' id='word_1_566' title='bbox 3327 1438 3559 1511; x_wconf 73' lang='grc' dir='ltr'>ἀληθεία</span> <span class='ocrx_word' id='word_1_567' title='bbox 3589 1441 3667 1493; x_wconf 74' lang='grc' dir='ltr'><strong>τὰ</strong></span> 
     </span>
    </p>
   </div>
   <div class='ocr_carea' id='block_1_77' title="bbox 2067 1525 2508 1594">
    <p class='ocr_par' dir='ltr' id='par_1_77' title="bbox 2067 1525 2508 1594">
     <span class='ocr_line' id='line_1_77' title="bbox 2067 1525 2508 1594; baseline 0 -16"><span class='ocrx_word' id='word_1_568' title='bbox 2067 1526 2245 1579; x_wconf 86' lang='grc' dir='ltr'>πάντα</span> <span class='ocrx_word' id='word_1_569' title='bbox 2270 1525 2508 1594; x_wconf 87' lang='grc' dir='ltr'>ἐγένετο.</span> 
     </span>
    </p>
   </div>
   <div class='ocr_carea' id='block_1_78' title="bbox 2138 1717 3659 1797">
    <p class='ocr_par' dir='ltr' id='par_1_78' title="bbox 2138 1717 3659 1797">
     <span class='ocr_line' id='line_1_78' title="bbox 2138 1717 3659 1797; baseline 0.003 -21"><span class='ocrx_word' id='word_1_570' title='bbox 2138 1722 2222 1776; x_wconf 91' lang='grc'><strong>17.</strong></span> <span class='ocrx_word' id='word_1_571' title='bbox 2251 1721 2413 1775; x_wconf 80' lang='grc' dir='ltr'>Φύσει</span> <span class='ocrx_word' id='word_1_572' title='bbox 2449 1717 2542 1776; x_wconf 80' lang='grc' dir='ltr'>οὖν</span> <span class='ocrx_word' id='word_1_573' title='bbox 2572 1724 2665 1776; x_wconf 74' lang='grc' dir='ltr'><strong>καὶ</strong></span> <span class='ocrx_word' id='word_1_574' title='bbox 2701 1723 2764 1776; x_wconf 87' lang='grc' dir='ltr'><strong>ού</strong></span> <span class='ocrx_word' id='word_1_575' title='bbox 2799 1723 2944 1776; x_wconf 83' lang='grc' dir='ltr'>θέσει</span> <span class='ocrx_word' id='word_1_576' title='bbox 2977 1723 3071 1777; x_wconf 78' lang='grc' dir='ltr'><strong>τού</strong></span> <span class='ocrx_word' id='word_1_577' title='bbox 3113 1724 3317 1796; x_wconf 81' lang='grc' dir='ltr'>Κυρίου</span> <span class='ocrx_word' id='word_1_578' title='bbox 3352 1726 3659 1797; x_wconf 81' lang='grc' dir='ltr'>ἀνθρώπου</span> 
     </span>
    </p>
   </div>
   <div class='ocr_carea' id='block_1_79' title="bbox 2063 1812 3663 1886">
    <p class='ocr_par' dir='ltr' id='par_1_79' title="bbox 2063 1812 3663 1886">
     <span class='ocr_line' id='line_1_79' title="bbox 2063 1812 3663 1886; baseline 0.004 -20"><span class='ocrx_word' id='word_1_579' title='bbox 2063 1813 2372 1884; x_wconf 82' lang='grc' dir='ltr'>γενομένου,</span> <span class='ocrx_word' id='word_1_580' title='bbox 2394 1812 2517 1866; x_wconf 69' lang='grc' dir='ltr'>οὔτε</span> <span class='ocrx_word' id='word_1_581' title='bbox 2537 1814 2678 1867; x_wconf 85' lang='grc' dir='ltr'><strong>κατά</strong></span> <span class='ocrx_word' id='word_1_582' title='bbox 2701 1813 2882 1883; x_wconf 88' lang='grc' dir='ltr'>φύσιν,</span> <span class='ocrx_word' id='word_1_583' title='bbox 2897 1813 3020 1867; x_wconf 72' lang='grc' dir='ltr'>οὔτε</span> <span class='ocrx_word' id='word_1_584' title='bbox 3037 1813 3177 1868; x_wconf 88' lang='grc' dir='ltr'><strong>κατά</strong></span> <span class='ocrx_word' id='word_1_585' title='bbox 3197 1817 3394 1886; x_wconf 82' lang='grc' dir='ltr'>πρᾶξιν</span> <span class='ocrx_word' id='word_1_586' title='bbox 3413 1817 3663 1872; x_wconf 81' lang='grc' dir='ltr'>ἀνθυπο-</span> 
     </span>
    </p>
   </div>
   <div class='ocr_carea' id='block_1_80' title="bbox 2066 1903 3659 1981">
    <p class='ocr_par' dir='ltr' id='par_1_80' title="bbox 2066 1903 3659 1981">
     <span class='ocr_line' id='line_1_80' title="bbox 2066 1903 3659 1981; baseline 0.003 -24"><span class='ocrx_word' id='word_1_587' title='bbox 2066 1904 2249 1977; x_wconf 87' lang='grc' dir='ltr'>φέρειν</span> <span class='ocrx_word' id='word_1_588' title='bbox 2300 1905 2445 1976; x_wconf 79' lang='grc' dir='ltr'>ὑμᾶς</span> <span class='ocrx_word' id='word_1_589' title='bbox 2489 1905 2600 1975; x_wconf 91' lang='grc'>(61)</span> <span class='ocrx_word' id='word_1_590' title='bbox 2667 1903 2889 1959; x_wconf 84' lang='grc' dir='ltr'>δυνατόν</span> <span class='ocrx_word' id='word_1_591' title='bbox 2937 1905 3035 1977; x_wconf 80' lang='grc' dir='ltr'>τὴν</span> <span class='ocrx_word' id='word_1_592' title='bbox 3107 1907 3381 1978; x_wconf 84' lang='grc' dir='ltr'>ἁμαρτίαν</span> <span class='ocrx_word' id='word_1_593' title='bbox 3451 1911 3510 1960; x_wconf 83' lang='grc' dir='ltr'><strong>ἐν</strong></span> <span class='ocrx_word' id='word_1_594' title='bbox 3572 1910 3659 1981; x_wconf 83' lang='grc' dir='ltr'><strong>τῷ</strong></span> 
     </span>
    </p>
   </div>
   <div class='ocr_carea' id='block_1_81' title="bbox 2063 1996 3656 2073">
    <p class='ocr_par' dir='ltr' id='par_1_81' title="bbox 2063 1996 3656 2073">
     <span class='ocr_line' id='line_1_81' title="bbox 2063 1996 3656 2073; baseline 0.004 -23"><span class='ocrx_word' id='word_1_595' title='bbox 2063 1996 2410 2069; x_wconf 82' lang='grc' dir='ltr'>Δημιουργῷ.</span> <span class='ocrx_word' id='word_1_596' title='bbox 2445 1997 2534 2050; x_wconf 89' lang='grc' dir='ltr'>Ἐν</span> <span class='ocrx_word' id='word_1_597' title='bbox 2559 1998 2655 2068; x_wconf 82' lang='grc' dir='ltr'>μὲν</span> <span class='ocrx_word' id='word_1_598' title='bbox 2678 1998 2786 2070; x_wconf 85' lang='grc' dir='ltr'><strong>γὰρ</strong></span> <span class='ocrx_word' id='word_1_599' title='bbox 2828 2001 2893 2070; x_wconf 84' lang='grc' dir='ltr'><strong>τῇ</strong></span> <span class='ocrx_word' id='word_1_600' title='bbox 2927 1999 3172 2070; x_wconf 73' lang='grc' dir='ltr'>ἡμετέρᾳ</span> <span class='ocrx_word' id='word_1_601' title='bbox 3203 2000 3374 2069; x_wconf 85' lang='grc' dir='ltr'>’φύσει</span> <span class='ocrx_word' id='word_1_602' title='bbox 3416 2003 3511 2055; x_wconf 74' lang='grc' dir='ltr'><strong>κα)⁸</strong></span> <span class='ocrx_word' id='word_1_603' title='bbox 3549 2005 3656 2073; x_wconf 80' lang='grc' dir='ltr'><strong>τῆς</strong></span> 
     </span>
    </p>
   </div>
   <div class='ocr_carea' id='block_1_82' title="bbox 2064 2087 3654 2166">
    <p class='ocr_par' dir='ltr' id='par_1_82' title="bbox 2064 2087 3654 2166">
     <span class='ocr_line' id='line_1_82' title="bbox 2064 2087 3654 2166; baseline 0.002 -26"><span class='ocrx_word' id='word_1_604' title='bbox 2064 2088 2330 2159; x_wconf 86' lang='grc' dir='ltr'>εὑρέσεως</span> <span class='ocrx_word' id='word_1_605' title='bbox 2359 2089 2393 2158; x_wconf 90' lang='grc' dir='ltr'><strong>ἡ</strong></span> <span class='ocrx_word' id='word_1_606' title='bbox 2427 2089 2574 2158; x_wconf 85' lang='grc' dir='ltr'>μάχη</span> <span class='ocrx_word' id='word_1_607' title='bbox 2606 2087 2685 2141; x_wconf 81' lang='grc' dir='ltr'><strong>ἐτι</strong></span> <span class='ocrx_word' id='word_1_608' title='bbox 2708 2090 2936 2158; x_wconf 84' lang='grc' dir='ltr'>γίνεται,</span> <span class='ocrx_word' id='word_1_609' title='bbox 2987 2091 3082 2143; x_wconf 75' lang='grc' dir='ltr'>καὶ</span> <span class='ocrx_word' id='word_1_610' title='bbox 3135 2092 3233 2161; x_wconf 76' lang='grc' dir='ltr'><strong>τῆς</strong></span> <span class='ocrx_word' id='word_1_611' title='bbox 3272 2094 3582 2165; x_wconf 78' lang='grc' dir='ltr'>ἐπισπορᾶς</span> <span class='ocrx_word' id='word_1_612' title='bbox 3616 2098 3654 2166; x_wconf 79' lang='grc' dir='ltr'><strong>ἡ</strong></span> 
     </span>
    </p>
   </div>
   <div class='ocr_carea' id='block_1_83' title="bbox 2065 2175 3650 2256">
    <p class='ocr_par' dir='ltr' id='par_1_83' title="bbox 2065 2175 3650 2256">
     <span class='ocr_line' id='line_1_83' title="bbox 2065 2175 3650 2256; baseline 0.004 -23"><span class='ocrx_word' id='word_1_613' title='bbox 2065 2180 2445 2252; x_wconf 80' lang='grc' dir='ltr'>προσχώρησις</span> <span class='ocrx_word' id='word_1_614' title='bbox 2481 2181 2590 2253; x_wconf 75' lang='grc'>(62)</span> <span class='ocrx_word' id='word_1_615' title='bbox 2642 2175 2736 2234; x_wconf 75' lang='grc' dir='ltr'><strong>διά</strong></span> <span class='ocrx_word' id='word_1_616' title='bbox 2789 2182 2850 2234; x_wconf 85' lang='grc' dir='ltr'>τὸ</span> <span class='ocrx_word' id='word_1_617' title='bbox 2891 2181 3047 2254; x_wconf 80' lang='grc' dir='ltr'>ἡμῶν</span> <span class='ocrx_word' id='word_1_618' title='bbox 3098 2182 3405 2256; x_wconf 83' lang='grc' dir='ltr'>ἀσθενές’ἡ</span> <span class='ocrx_word' id='word_1_619' title='bbox 3452 2186 3509 2239; x_wconf 88' lang='grc' dir='ltr'><strong>δέ</strong></span> <span class='ocrx_word' id='word_1_620' title='bbox 3551 2186 3650 2239; x_wconf 79' lang='grc' dir='ltr'><strong>τοῦ</strong></span> 
     </span>
    </p>
   </div>
   <div class='ocr_carea' id='block_1_84' title="bbox 2063 2271 3650 2347">
    <p class='ocr_par' dir='ltr' id='par_1_84' title="bbox 2063 2271 3650 2347">
     <span class='ocr_line' id='line_1_84' title="bbox 2063 2271 3650 2347; baseline 0.003 -23"><span class='ocrx_word' id='word_1_621' title='bbox 2063 2271 2238 2337; x_wconf 87' lang='grc' dir='ltr'>Λόγου</span> <span class='ocrx_word' id='word_1_622' title='bbox 2268 2271 2542 2341; x_wconf 88' lang='grc' dir='ltr'>σάρκωσις</span> <span class='ocrx_word' id='word_1_623' title='bbox 2570 2272 2712 2326; x_wconf 83' lang='grc' dir='ltr'>κατὰ</span> <span class='ocrx_word' id='word_1_624' title='bbox 2757 2273 2916 2341; x_wconf 86' lang='grc' dir='ltr'>φύσιν</span> <span class='ocrx_word' id='word_1_625' title='bbox 2961 2272 3096 2328; x_wconf 78' lang='grc' dir='ltr'>Θεοῦ</span> <span class='ocrx_word' id='word_1_626' title='bbox 3126 2275 3419 2347; x_wconf 81' lang='grc' dir='ltr'>γενομένη,</span> <span class='ocrx_word' id='word_1_627' title='bbox 3450 2277 3650 2330; x_wconf 80' lang='grc' dir='ltr'>ἀνεπί-</span> 
     </span>
    </p>
   </div>
   <div class='ocr_carea' id='block_1_85' title="bbox 2063 2359 3651 2437">
    <p class='ocr_par' dir='ltr' id='par_1_85' title="bbox 2063 2359 3651 2437">
     <span class='ocr_line' id='line_1_85' title="bbox 2063 2359 3651 2437; baseline 0.005 -25"><span class='ocrx_word' id='word_1_628' title='bbox 2063 2359 2250 2424; x_wconf 85' lang='grc' dir='ltr'>δεκτος</span> <span class='ocrx_word' id='word_1_629' title='bbox 2280 2360 2470 2428; x_wconf 88' lang='grc' dir='ltr'>γέγονε</span> <span class='ocrx_word' id='word_1_630' title='bbox 2496 2359 2604 2413; x_wconf 87' lang='grc' dir='ltr'><strong>τῶν</strong></span> <span class='ocrx_word' id='word_1_631' title='bbox 2659 2362 2717 2416; x_wconf 89' lang='grc' dir='ltr'><strong>ἐν</strong></span> <span class='ocrx_word' id='word_1_632' title='bbox 2747 2363 2876 2434; x_wconf 81' lang='grc' dir='ltr'>ἡμῖν</span> <span class='ocrx_word' id='word_1_633' title='bbox 2909 2363 2974 2416; x_wconf 84' lang='grc' dir='ltr'><strong>ἐκ</strong></span> <span class='ocrx_word' id='word_1_634' title='bbox 3027 2365 3126 2436; x_wconf 81' lang='grc' dir='ltr'>τῆς</span> <span class='ocrx_word' id='word_1_635' title='bbox 3172 2365 3534 2437; x_wconf 75' lang='grc' dir='ltr'>παλαιότητος</span> <span class='ocrx_word' id='word_1_636' title='bbox 3568 2367 3651 2420; x_wconf 77' lang='grc' dir='ltr'>ἔτι</span> 
     </span>
    </p>
   </div>
   <div class='ocr_carea' id='block_1_86' title="bbox 2065 2450 3650 2524">
    <p class='ocr_par' dir='ltr' id='par_1_86' title="bbox 2065 2450 3650 2524">
     <span class='ocr_line' id='line_1_86' title="bbox 2065 2450 3650 2524; baseline 0.004 -20"><span class='ocrx_word' id='word_1_637' title='bbox 2065 2450 2495 2521; x_wconf 87' lang='grc' dir='ltr'>πολιτευομένων</span> <span class='ocrx_word' id='word_1_638' title='bbox 2527 2453 2886 2524; x_wconf 75' lang='grc' dir='ltr'>πραγμάτωνο</span> <span class='ocrx_word' id='word_1_639' title='bbox 2925 2454 3019 2508; x_wconf 73' lang='grc' dir='ltr'><strong>καὶ</strong></span> <span class='ocrx_word' id='word_1_640' title='bbox 3069 2454 3155 2508; x_wconf 83' lang='grc' dir='ltr'><strong>διὰ</strong></span> <span class='ocrx_word' id='word_1_641' title='bbox 3194 2455 3351 2509; x_wconf 80' lang='grc' dir='ltr'>τοῦτο</span> <span class='ocrx_word' id='word_1_642' title='bbox 3390 2457 3650 2511; x_wconf 87' lang='grc' dir='ltr'>διδασκό-</span> 
     </span>
    </p>
   </div>
   <div class='ocr_carea' id='block_1_87' title="bbox 2067 2542 3652 2619">
    <p class='ocr_par' dir='ltr' id='par_1_87' title="bbox 2067 2542 3652 2619">
     <span class='ocr_line' id='line_1_87' title="bbox 2067 2542 3652 2619; baseline 0.006 -25"><span class='ocrx_word' id='word_1_643' title='bbox 2067 2542 2206 2613; x_wconf 89' lang='grc' dir='ltr'>μεθα</span> <span class='ocrx_word' id='word_1_644' title='bbox 2227 2542 2634 2597; x_wconf 86' lang='grc' dir='ltr'>ἀπεκδύσασθαι</span> <span class='ocrx_word' id='word_1_645' title='bbox 2655 2544 2746 2596; x_wconf 85' lang='grc' dir='ltr'>τὸν</span> <span class='ocrx_word' id='word_1_646' title='bbox 2763 2545 2988 2598; x_wconf 84' lang='grc' dir='ltr'>παλαιὸν</span> <span class='ocrx_word' id='word_1_647' title='bbox 3011 2545 3104 2598; x_wconf 71' lang='grc' dir='ltr'>καὶ</span> <span class='ocrx_word' id='word_1_648' title='bbox 3123 2546 3516 2600; x_wconf 72' lang='grc' dir='ltr'>ἐπενδύσασθαι</span> <span class='ocrx_word' id='word_1_649' title='bbox 3532 2549 3652 2619; x_wconf 87' lang='grc'>(65)</span> 
     </span>
    </p>
   </div>
   <div class='ocr_carea' id='block_1_88' title="bbox 2061 2631 3655 2709">
    <p class='ocr_par' dir='ltr' id='par_1_88' title="bbox 2061 2631 3655 2709">
     <span class='ocr_line' id='line_1_88' title="bbox 2061 2631 3655 2709; baseline 0.004 -24"><span class='ocrx_word' id='word_1_650' title='bbox 2061 2631 2154 2685; x_wconf 77' lang='grc' dir='ltr'><strong>τὸν</strong></span> <span class='ocrx_word' id='word_1_651' title='bbox 2175 2632 2313 2686; x_wconf 88' lang='grc' dir='ltr'>νέον.</span> <span class='ocrx_word' id='word_1_652' title='bbox 2333 2632 2445 2685; x_wconf 77' lang='grc' dir='ltr'>Καὶ</span> <span class='ocrx_word' id='word_1_653' title='bbox 2470 2634 2530 2685; x_wconf 84' lang='grc' dir='ltr'><strong>ἐν</strong></span> <span class='ocrx_word' id='word_1_654' title='bbox 2564 2632 2736 2703; x_wconf 87' lang='grc' dir='ltr'>τούτῳ</span> <span class='ocrx_word' id='word_1_655' title='bbox 2765 2632 2827 2686; x_wconf 84' lang='grc' dir='ltr'>τὸ</span> <span class='ocrx_word' id='word_1_656' title='bbox 2850 2633 3182 2705; x_wconf 80' lang='grc' dir='ltr'>θαυμαστὸν,</span> <span class='ocrx_word' id='word_1_657' title='bbox 3199 2635 3279 2688; x_wconf 82' lang='grc' dir='ltr'>ὅτι</span> <span class='ocrx_word' id='word_1_658' title='bbox 3308 2637 3401 2689; x_wconf 75' lang='grc' dir='ltr'><strong>καὶ</strong></span> <span class='ocrx_word' id='word_1_659' title='bbox 3435 2638 3655 2709; x_wconf 82' lang='grc' dir='ltr'>ἀνθρω-</span> 
     </span>
    </p>
   </div>
   <div class='ocr_carea' id='block_1_89' title="bbox 2065 2723 3653 2798">
    <p class='ocr_par' dir='ltr' id='par_1_89' title="bbox 2065 2723 3653 2798">
     <span class='ocr_line' id='line_1_89' title="bbox 2065 2723 3653 2798; baseline 0.003 -20"><span class='ocrx_word' id='word_1_660' title='bbox 2065 2741 2164 2786; x_wconf 75' lang='grc' dir='ltr'><strong>πος</strong></span> <span class='ocrx_word' id='word_1_661' title='bbox 2190 2724 2413 2791; x_wconf 76' lang='grc' dir='ltr'>γέγονεν</span> <span class='ocrx_word' id='word_1_662' title='bbox 2437 2725 2466 2777; x_wconf 91' lang='lat'><strong>6</strong></span> <span class='ocrx_word' id='word_1_663' title='bbox 2496 2723 2721 2795; x_wconf 87' lang='grc' dir='ltr'>Κύριος,</span> <span class='ocrx_word' id='word_1_664' title='bbox 2752 2726 2844 2777; x_wconf 72' lang='grc' dir='ltr'>καὶ</span> <span class='ocrx_word' id='word_1_665' title='bbox 2875 2725 3044 2797; x_wconf 72' lang='grc' dir='ltr'>χωρὶς</span> <span class='ocrx_word' id='word_1_666' title='bbox 3080 2727 3374 2798; x_wconf 84' lang='grc' dir='ltr'>ἁμαρτίας·</span> <span class='ocrx_word' id='word_1_667' title='bbox 3420 2729 3502 2782; x_wconf 82' lang='grc' dir='ltr'>ὅτι</span> <span class='ocrx_word' id='word_1_668' title='bbox 3529 2747 3653 2782; x_wconf 84' lang='grc' dir='ltr'>και-</span> 
     </span>
    </p>
   </div>
   <div class='ocr_carea' id='block_1_90' title="bbox 2061 2815 3650 2887">
    <p class='ocr_par' dir='ltr' id='par_1_90' title="bbox 2061 2815 3650 2887">
     <span class='ocr_line' id='line_1_90' title="bbox 2061 2815 3650 2887; baseline 0.004 -19"><span class='ocrx_word' id='word_1_669' title='bbox 2061 2815 2218 2885; x_wconf 88' lang='grc' dir='ltr'>νότης</span> <span class='ocrx_word' id='word_1_670' title='bbox 2241 2815 2336 2886; x_wconf 83' lang='grc' dir='ltr'>ὅλη</span> <span class='ocrx_word' id='word_1_671' title='bbox 2373 2815 2615 2884; x_wconf 88' lang='grc' dir='ltr'>γέγονεν,</span> <span class='ocrx_word' id='word_1_672' title='bbox 2653 2815 2740 2868; x_wconf 79' lang='grc' dir='ltr'>ἵνα</span> <span class='ocrx_word' id='word_1_673' title='bbox 2759 2815 3057 2887; x_wconf 75' lang='grc' dir='ltr'>ἐνδείξηται</span> <span class='ocrx_word' id='word_1_674' title='bbox 3102 2818 3163 2871; x_wconf 78' lang='grc' dir='ltr'>τὸ</span> <span class='ocrx_word' id='word_1_675' title='bbox 3195 2819 3414 2872; x_wconf 86' lang='grc' dir='ltr'>δυνατὸν</span> <span class='ocrx_word' id='word_1_676' title='bbox 3451 2821 3650 2875; x_wconf 75' lang='grc' dir='ltr'>αὑτοῦ.</span> 
     </span>
    </p>
   </div>
   <div class='ocr_carea' id='block_1_91' title="bbox 2061 2907 3651 2982">
    <p class='ocr_par' dir='ltr' id='par_1_91' title="bbox 2061 2907 3651 2982">
     <span class='ocr_line' id='line_1_91' title="bbox 2061 2907 3651 2982; baseline 0.004 -22"><span class='ocrx_word' id='word_1_677' title='bbox 2061 2907 2171 2960; x_wconf 76' lang='grc' dir='ltr'><strong>Καὶ</strong></span> <span class='ocrx_word' id='word_1_678' title='bbox 2195 2908 2296 2962; x_wconf 81' lang='grc' dir='ltr'>ὅσα</span> <span class='ocrx_word' id='word_1_679' title='bbox 2323 2908 2422 2978; x_wconf 84' lang='grc' dir='ltr'>μὲν</span> <span class='ocrx_word' id='word_1_680' title='bbox 2450 2907 2612 2971; x_wconf 82' lang='grc' dir='ltr'>αὐτὸς</span> <span class='ocrx_word' id='word_1_681' title='bbox 2641 2907 2894 2972; x_wconf 83' lang='grc' dir='ltr'>συνέταξε</span> <span class='ocrx_word' id='word_1_682' title='bbox 2944 2909 3175 2980; x_wconf 85' lang='grc' dir='ltr'>θελήσας</span> <span class='ocrx_word' id='word_1_683' title='bbox 3220 2914 3286 2982; x_wconf 78' lang='grc' dir='ltr'>τῇ</span> <span class='ocrx_word' id='word_1_684' title='bbox 3336 2911 3518 2980; x_wconf 82' lang='grc' dir='ltr'>φύσει,</span> <span class='ocrx_word' id='word_1_685' title='bbox 3564 2915 3651 2978; x_wconf 83' lang='grc' dir='ltr'><strong>εἰς</strong></span> 
     </span>
    </p>
   </div>
   <div class='ocr_carea' id='block_1_92' title="bbox 2061 2997 3653 3072">
    <p class='ocr_par' dir='ltr' id='par_1_92' title="bbox 2061 2997 3653 3072">
     <span class='ocr_line' id='line_1_92' title="bbox 2061 2997 3653 3072; baseline 0.003 -20"><span class='ocrx_word' id='word_1_686' title='bbox 2061 2998 2252 3053; x_wconf 83' lang='grc' dir='ltr'>ἐαυτὸν</span> <span class='ocrx_word' id='word_1_687' title='bbox 2325 2997 2642 3065; x_wconf 80' lang='grc' dir='ltr'>ἀνεδέξατο,</span> <span class='ocrx_word' id='word_1_688' title='bbox 2713 3001 2813 3052; x_wconf 87' lang='grc' dir='ltr'>ὅσα</span> <span class='ocrx_word' id='word_1_689' title='bbox 2873 2999 3139 3070; x_wconf 74' lang='grc' dir='ltr'>ἠθέλησε,</span> <span class='ocrx_word' id='word_1_690' title='bbox 3199 3003 3445 3056; x_wconf 84' lang='grc' dir='ltr'>τουτέστι</span> <span class='ocrx_word' id='word_1_691' title='bbox 3518 3021 3653 3072; x_wconf 86' lang='grc' dir='ltr'>γεν-</span> 
     </span>
    </p>
   </div>
   <div class='ocr_carea' id='block_1_93' title="bbox 2066 3091 3650 3166">
    <p class='ocr_par' dir='ltr' id='par_1_93' title="bbox 2066 3091 3650 3166">
     <span class='ocr_line' id='line_1_93' title="bbox 2066 3091 3650 3166; baseline 0.003 -23"><span class='ocrx_word' id='word_1_692' title='bbox 2066 3092 2271 3161; x_wconf 87' lang='grc' dir='ltr'>νήσεως</span> <span class='ocrx_word' id='word_1_693' title='bbox 2298 3091 2408 3162; x_wconf 77' lang='grc'>(64)</span> <span class='ocrx_word' id='word_1_694' title='bbox 2438 3091 2538 3162; x_wconf 80' lang='grc' dir='ltr'>τῆς</span> <span class='ocrx_word' id='word_1_695' title='bbox 2580 3094 2644 3144; x_wconf 86' lang='grc' dir='ltr'><strong>ἐκ</strong></span> <span class='ocrx_word' id='word_1_696' title='bbox 2677 3091 2953 3160; x_wconf 85' lang='grc' dir='ltr'>γυναικὸς,</span> <span class='ocrx_word' id='word_1_697' title='bbox 2991 3091 3271 3164; x_wconf 80' lang='grc' dir='ltr'>αύξήσεὼς</span> <span class='ocrx_word' id='word_1_698' title='bbox 3299 3111 3358 3146; x_wconf 90' lang='grc' dir='ltr'><strong>τε</strong></span> <span class='ocrx_word' id='word_1_699' title='bbox 3405 3094 3650 3166; x_wconf 78' lang='grc' dir='ltr'>ἡλικίας,</span> 
     </span>
    </p>
   </div>
   <div class='ocr_carea' id='block_1_94' title="bbox 2055 3183 3650 3259">
    <p class='ocr_par' dir='ltr' id='par_1_94' title="bbox 2055 3183 3650 3259">
     <span class='ocr_line' id='line_1_94' title="bbox 2055 3183 3650 3259; baseline 0.004 -24"><span class='ocrx_word' id='word_1_700' title='bbox 2055 3183 2190 3236; x_wconf 86' lang='grc' dir='ltr'>ἐτῶν</span> <span class='ocrx_word' id='word_1_701' title='bbox 2243 3184 2612 3256; x_wconf 82' lang='grc' dir='ltr'>ἀριθμήσεως,</span> <span class='ocrx_word' id='word_1_702' title='bbox 2669 3186 2858 3250; x_wconf 84' lang='grc' dir='ltr'>κόπου,</span> <span class='ocrx_word' id='word_1_703' title='bbox 2910 3186 3005 3238; x_wconf 71' lang='grc' dir='ltr'>καὶ</span> <span class='ocrx_word' id='word_1_704' title='bbox 3054 3187 3278 3256; x_wconf 80' lang='grc' dir='ltr'>πείνης,</span> <span class='ocrx_word' id='word_1_705' title='bbox 3328 3187 3423 3240; x_wconf 71' lang='grc' dir='ltr'>καὶ</span> <span class='ocrx_word' id='word_1_706' title='bbox 3459 3188 3650 3259; x_wconf 71' lang='grc' dir='ltr'>δίψης,</span> 
     </span>
    </p>
   </div>
   <div class='ocr_carea' id='block_1_95' title="bbox 2055 3275 3649 3348">
    <p class='ocr_par' dir='ltr' id='par_1_95' title="bbox 2055 3275 3649 3348">
     <span class='ocr_line' id='line_1_95' title="bbox 2055 3275 3649 3348; baseline 0.004 -18"><span class='ocrx_word' id='word_1_707' title='bbox 2055 3277 2148 3330; x_wconf 73' lang='grc' dir='ltr'>καὶ</span> <span class='ocrx_word' id='word_1_708' title='bbox 2175 3275 2366 3340; x_wconf 79' lang='grc' dir='ltr'>ὕπνου,</span> <span class='ocrx_word' id='word_1_709' title='bbox 2391 3278 2484 3330; x_wconf 75' lang='grc' dir='ltr'>καὶ</span> <span class='ocrx_word' id='word_1_710' title='bbox 2515 3276 2710 3348; x_wconf 84' lang='grc' dir='ltr'>λύπης,</span> <span class='ocrx_word' id='word_1_711' title='bbox 2730 3279 2824 3330; x_wconf 75' lang='grc' dir='ltr'>καὶ</span> <span class='ocrx_word' id='word_1_712' title='bbox 2858 3277 3109 3343; x_wconf 86' lang='grc' dir='ltr'>θανάτου,</span> <span class='ocrx_word' id='word_1_713' title='bbox 3144 3279 3237 3330; x_wconf 69' lang='grc' dir='ltr'>καὶ</span> <span class='ocrx_word' id='word_1_714' title='bbox 3269 3279 3649 3344; x_wconf 79' lang='grc' dir='ltr'>ἀναστάσεως.</span> 
     </span>
    </p>
   </div>
   <div class='ocr_carea' id='block_1_96' title="bbox 2056 3366 3647 3441">
    <p class='ocr_par' dir='ltr' id='par_1_96' title="bbox 2056 3366 3647 3441">
     <span class='ocr_line' id='line_1_96' title="bbox 2056 3366 3647 3441; baseline 0.003 -21"><span class='ocrx_word' id='word_1_715' title='bbox 2056 3368 2155 3422; x_wconf 83' lang='grc' dir='ltr'>Διά</span> <span class='ocrx_word' id='word_1_716' title='bbox 2175 3367 2332 3422; x_wconf 73' lang='grc' dir='ltr'>τοῦτο</span> <span class='ocrx_word' id='word_1_717' title='bbox 2359 3369 2452 3420; x_wconf 77' lang='grc' dir='ltr'>καὶ</span> <span class='ocrx_word' id='word_1_718' title='bbox 2478 3369 2612 3421; x_wconf 81' lang='grc' dir='ltr'>ὅπου</span> <span class='ocrx_word' id='word_1_719' title='bbox 2636 3368 2900 3440; x_wconf 83' lang='grc' dir='ltr'>διεφθάρη</span> <span class='ocrx_word' id='word_1_720' title='bbox 2935 3369 2996 3422; x_wconf 81' lang='grc' dir='ltr'>τὸ</span> <span class='ocrx_word' id='word_1_721' title='bbox 3027 3366 3119 3421; x_wconf 82' lang='grc' dir='ltr'><strong>τοῦ</strong></span> <span class='ocrx_word' id='word_1_722' title='bbox 3146 3368 3433 3439; x_wconf 83' lang='grc' dir='ltr'>ἀνθρώπου</span> <span class='ocrx_word' id='word_1_723' title='bbox 3459 3371 3647 3441; x_wconf 85' lang='grc' dir='ltr'>σῶμα,</span> 
     </span>
    </p>
   </div>
   <div class='ocr_carea' id='block_1_97' title="bbox 2056 3457 3650 3530">
    <p class='ocr_par' dir='ltr' id='par_1_97' title="bbox 2056 3457 3650 3530">
     <span class='ocr_line' id='line_1_97' title="bbox 2056 3457 3650 3530; baseline 0.002 -19"><span class='ocrx_word' id='word_1_724' title='bbox 2056 3461 2174 3530; x_wconf 70' lang='grc' dir='ltr'>ἐκεῖ</span> <span class='ocrx_word' id='word_1_725' title='bbox 2217 3459 2466 3530; x_wconf 79' lang='grc' dir='ltr'>προΐεται</span> <span class='ocrx_word' id='word_1_726' title='bbox 2521 3457 2728 3529; x_wconf 79' lang='grc' dir='ltr'>Ἰησοῦς</span> <span class='ocrx_word' id='word_1_727' title='bbox 2787 3459 2848 3512; x_wconf 83' lang='grc' dir='ltr'>τὸ</span> <span class='ocrx_word' id='word_1_728' title='bbox 2903 3459 3034 3512; x_wconf 83' lang='grc' dir='ltr'>ίδιον</span> <span class='ocrx_word' id='word_1_729' title='bbox 3095 3457 3282 3530; x_wconf 67' lang='grc' dir='ltr'>σῶμα*</span> <span class='ocrx_word' id='word_1_730' title='bbox 3344 3459 3440 3512; x_wconf 80' lang='grc' dir='ltr'>καὶ</span> <span class='ocrx_word' id='word_1_731' title='bbox 3506 3460 3650 3514; x_wconf 82' lang='grc' dir='ltr'>ὅπου</span> 
     </span>
    </p>
   </div>
   <div class='ocr_carea' id='block_1_98' title="bbox 2058 3550 3656 3623">
    <p class='ocr_par' dir='ltr' id='par_1_98' title="bbox 2058 3550 3656 3623">
     <span class='ocr_line' id='line_1_98' title="bbox 2058 3550 3656 3623; baseline -0.001 -17"><span class='ocrx_word' id='word_1_732' title='bbox 2058 3553 2362 3623; x_wconf 82' lang='grc' dir='ltr'>κεκράτητο</span> <span class='ocrx_word' id='word_1_733' title='bbox 2392 3553 2426 3621; x_wconf 79' lang='grc' dir='ltr'>ἡ</span> <span class='ocrx_word' id='word_1_734' title='bbox 2452 3551 2598 3621; x_wconf 78' lang='grc' dir='ltr'>ψυχὴ</span> <span class='ocrx_word' id='word_1_735' title='bbox 2631 3550 2744 3622; x_wconf 86' lang='grc'>(65)</span> <span class='ocrx_word' id='word_1_736' title='bbox 2771 3551 2803 3622; x_wconf 82' lang='grc' dir='ltr'>ἡ</span> <span class='ocrx_word' id='word_1_737' title='bbox 2837 3551 3151 3622; x_wconf 83' lang='grc' dir='ltr'>ἀνθρωπίνη</span> <span class='ocrx_word' id='word_1_738' title='bbox 3184 3555 3241 3604; x_wconf 79' lang='grc' dir='ltr'><strong>ἐν</strong></span> <span class='ocrx_word' id='word_1_739' title='bbox 3265 3551 3502 3622; x_wconf 84' lang='grc' dir='ltr'>θανάτῳ,</span> <span class='ocrx_word' id='word_1_740' title='bbox 3526 3553 3656 3605; x_wconf 81' lang='grc' dir='ltr'>ἐκεῖ</span> 
     </span>
    </p>
   </div>
   <div class='ocr_carea' id='block_1_99' title="bbox 2058 3640 3653 3713">
    <p class='ocr_par' dir='ltr' id='par_1_99' title="bbox 2058 3640 3653 3713">
     <span class='ocr_line' id='line_1_99' title="bbox 2058 3640 3653 3713; baseline 0.002 -19"><span class='ocrx_word' id='word_1_741' title='bbox 2058 3641 2426 3695; x_wconf 84' lang='grc' dir='ltr'>ἐπιδείκνυται</span> <span class='ocrx_word' id='word_1_742' title='bbox 2466 3643 2494 3694; x_wconf 93' lang='lat'><strong>6</strong></span> <span class='ocrx_word' id='word_1_743' title='bbox 2523 3642 2757 3712; x_wconf 81' lang='grc' dir='ltr'>Χριστὸς</span> <span class='ocrx_word' id='word_1_744' title='bbox 2786 3641 2887 3712; x_wconf 81' lang='grc' dir='ltr'>τὴν</span> <span class='ocrx_word' id='word_1_745' title='bbox 2931 3640 3275 3712; x_wconf 87' lang='grc' dir='ltr'>ἀνθρωπίνην</span> <span class='ocrx_word' id='word_1_746' title='bbox 3299 3641 3476 3713; x_wconf 72' lang='grc' dir='ltr'>ψυχὴν</span> <span class='ocrx_word' id='word_1_747' title='bbox 3510 3642 3653 3697; x_wconf 76' lang='grc' dir='ltr'>ἰδίαν</span> 
     </span>
    </p>
   </div>
   <div class='ocr_carea' id='block_1_100' title="bbox 2057 3728 3650 3805">
    <p class='ocr_par' dir='ltr' id='par_1_100' title="bbox 2057 3728 3650 3805">
     <span class='ocr_line' id='line_1_100' title="bbox 2057 3728 3650 3805; baseline 0 -20"><span class='ocrx_word' id='word_1_748' title='bbox 2057 3728 2242 3793; x_wconf 76' lang='grc' dir='ltr'>οὖσαν,</span> <span class='ocrx_word' id='word_1_749' title='bbox 2275 3733 2363 3786; x_wconf 83' lang='grc' dir='ltr'>ἵνα</span> <span class='ocrx_word' id='word_1_750' title='bbox 2388 3733 2483 3785; x_wconf 76' lang='grc' dir='ltr'>καὶ</span> <span class='ocrx_word' id='word_1_751' title='bbox 2535 3734 2684 3803; x_wconf 81' lang='grc' dir='ltr'>παρῇ</span> <span class='ocrx_word' id='word_1_752' title='bbox 2728 3732 2804 3796; x_wconf 87' lang='grc' dir='ltr'>ὡς</span> <span class='ocrx_word' id='word_1_753' title='bbox 2855 3731 3142 3802; x_wconf 78' lang='grc' dir='ltr'>ἄνθρωπος</span> <span class='ocrx_word' id='word_1_754' title='bbox 3187 3734 3215 3785; x_wconf 90' lang='lat'><strong>6</strong></span> <span class='ocrx_word' id='word_1_755' title='bbox 3245 3733 3555 3805; x_wconf 87' lang='grc' dir='ltr'>ἀκράτητος</span> <span class='ocrx_word' id='word_1_756' title='bbox 3585 3736 3650 3788; x_wconf 81' lang='grc' dir='ltr'><strong>ἐν</strong></span> 
     </span>
    </p>
   </div>
   <div class='ocr_carea' id='block_1_101' title="bbox 2059 3822 3652 3895">
    <p class='ocr_par' dir='ltr' id='par_1_101' title="bbox 2059 3822 3652 3895">
     <span class='ocr_line' id='line_1_101' title="bbox 2059 3822 3652 3895; baseline 0.001 -21"><span class='ocrx_word' id='word_1_757' title='bbox 2059 3823 2296 3892; x_wconf 84' lang='grc' dir='ltr'>θανάτῳ,</span> <span class='ocrx_word' id='word_1_758' title='bbox 2325 3824 2418 3877; x_wconf 80' lang='grc' dir='ltr'>καὶ</span> <span class='ocrx_word' id='word_1_759' title='bbox 2448 3823 2590 3895; x_wconf 81' lang='grc' dir='ltr'>λύσῃ</span> <span class='ocrx_word' id='word_1_760' title='bbox 2647 3823 2747 3894; x_wconf 82' lang='grc' dir='ltr'>τὴν</span> <span class='ocrx_word' id='word_1_761' title='bbox 2803 3825 3071 3894; x_wconf 85' lang='grc' dir='ltr'>κράτησιν</span> <span class='ocrx_word' id='word_1_762' title='bbox 3130 3822 3225 3876; x_wconf 81' lang='grc' dir='ltr'><strong>τοῦ</strong></span> <span class='ocrx_word' id='word_1_763' title='bbox 3265 3823 3519 3886; x_wconf 90' lang='grc' dir='ltr'>θανάτου,</span> <span class='ocrx_word' id='word_1_764' title='bbox 3565 3825 3652 3888; x_wconf 83' lang='grc' dir='ltr'>ὡς</span> 
     </span>
    </p>
   </div>
   <div class='ocr_carea' id='block_1_102' title="bbox 2058 3913 3647 3986">
    <p class='ocr_par' dir='ltr' id='par_1_102' title="bbox 2058 3913 3647 3986">
     <span class='ocr_line' id='line_1_102' title="bbox 2058 3913 3647 3986; baseline 0 -20"><span class='ocrx_word' id='word_1_765' title='bbox 2058 3913 2189 3978; x_wconf 86' lang='grc' dir='ltr'>Θεός</span> <span class='ocrx_word' id='word_1_766' title='bbox 2223 3914 2356 3984; x_wconf 87' lang='grc'>(66)·</span> <span class='ocrx_word' id='word_1_767' title='bbox 2389 3915 2476 3968; x_wconf 72' lang='grc' dir='ltr'>ἵνα</span> <span class='ocrx_word' id='word_1_768' title='bbox 2508 3915 2641 3968; x_wconf 83' lang='grc' dir='ltr'>ὅπου</span> <span class='ocrx_word' id='word_1_769' title='bbox 2678 3913 2892 3985; x_wconf 87' lang='grc' dir='ltr'>ἐσπάρη</span> <span class='ocrx_word' id='word_1_770' title='bbox 2915 3916 2949 3983; x_wconf 83' lang='grc' dir='ltr'>ὴ</span> <span class='ocrx_word' id='word_1_771' title='bbox 3004 3913 3200 3986; x_wconf 80' lang='grc' dir='ltr'>φθορὰ,</span> <span class='ocrx_word' id='word_1_772' title='bbox 3236 3915 3352 3966; x_wconf 88' lang='grc' dir='ltr'>ἐκεῖ</span> <span class='ocrx_word' id='word_1_773' title='bbox 3383 3915 3647 3986; x_wconf 77' lang='grc' dir='ltr'>ἀνατείλῃ</span> 
     </span>
    </p>
   </div>
   <div class='ocr_carea' id='block_1_103' title="bbox 2060 4005 3648 4078">
    <p class='ocr_par' dir='ltr' id='par_1_103' title="bbox 2060 4005 3648 4078">
     <span class='ocr_line' id='line_1_103' title="bbox 2060 4005 3648 4078; baseline -0.001 -19"><span class='ocrx_word' id='word_1_774' title='bbox 2060 4008 2094 4077; x_wconf 79' lang='grc' dir='ltr'><strong>ἡ</strong></span> <span class='ocrx_word' id='word_1_775' title='bbox 2123 4006 2418 4078; x_wconf 82' lang='grc' dir='ltr'>ἀφθαρσία·</span> <span class='ocrx_word' id='word_1_776' title='bbox 2478 4007 2572 4060; x_wconf 74' lang='grc' dir='ltr'>καὶ</span> <span class='ocrx_word' id='word_1_777' title='bbox 2624 4006 2757 4058; x_wconf 86' lang='grc' dir='ltr'>ὅπου</span> <span class='ocrx_word' id='word_1_778' title='bbox 2819 4005 3170 4059; x_wconf 79' lang='grc' dir='ltr'>ἐϐασίλευσεν</span> <span class='ocrx_word' id='word_1_779' title='bbox 3226 4008 3255 4060; x_wconf 92' lang='lat'><strong>6</strong></span> <span class='ocrx_word' id='word_1_780' title='bbox 3303 4007 3532 4070; x_wconf 88' lang='grc' dir='ltr'>θάνατος</span> <span class='ocrx_word' id='word_1_781' title='bbox 3583 4008 3648 4060; x_wconf 85' lang='grc' dir='ltr'>ὲν</span> 
     </span>
    </p>
   </div>
   <div class='ocr_carea' id='block_1_104' title="bbox 2064 4095 3646 4168">
    <p class='ocr_par' dir='ltr' id='par_1_104' title="bbox 2064 4095 3646 4168">
     <span class='ocr_line' id='line_1_104' title="bbox 2064 4095 3646 4168; baseline 0 -18"><span class='ocrx_word' id='word_1_782' title='bbox 2064 4101 2242 4168; x_wconf 80' lang='grc' dir='ltr'>μορφῇ</span> <span class='ocrx_word' id='word_1_783' title='bbox 2263 4099 2439 4168; x_wconf 77' lang='grc' dir='ltr'>ψυχῆς</span> <span class='ocrx_word' id='word_1_784' title='bbox 2460 4097 2827 4168; x_wconf 87' lang='grc' dir='ltr'>ἀνθρωπίνης,</span> <span class='ocrx_word' id='word_1_785' title='bbox 2870 4095 3059 4168; x_wconf 87' lang='grc' dir='ltr'>παρὼν</span> <span class='ocrx_word' id='word_1_786' title='bbox 3082 4101 3110 4150; x_wconf 91' lang='lat'><strong>6</strong></span> <span class='ocrx_word' id='word_1_787' title='bbox 3148 4096 3412 4161; x_wconf 87' lang='grc' dir='ltr'>ἀθάνατος</span> <span class='ocrx_word' id='word_1_788' title='bbox 3439 4098 3646 4151; x_wconf 86' lang='grc' dir='ltr'>ἐπιδεί-</span> 
     </span>
    </p>
   </div>
   <div class='ocr_carea' id='block_1_105' title="bbox 2061 4187 3644 4260">
    <p class='ocr_par' dir='ltr' id='par_1_105' title="bbox 2061 4187 3644 4260">
     <span class='ocr_line' id='line_1_105' title="bbox 2061 4187 3644 4260; baseline 0.002 -20"><span class='ocrx_word' id='word_1_789' title='bbox 2061 4188 2216 4258; x_wconf 83' lang='grc' dir='ltr'>ξηται</span> <span class='ocrx_word' id='word_1_790' title='bbox 2247 4188 2343 4259; x_wconf 84' lang='grc' dir='ltr'>τὴν</span> <span class='ocrx_word' id='word_1_791' title='bbox 2366 4188 2684 4242; x_wconf 59' lang='grc' dir='ltr'>ἀθανασίαν</span> <span class='ocrx_word' id='word_1_792' title='bbox 2717 4190 2813 4242; x_wconf 74' lang='grc' dir='ltr'><strong>καὶ</strong></span> <span class='ocrx_word' id='word_1_793' title='bbox 2850 4187 3022 4252; x_wconf 75' lang='grc' dir='ltr'>οὕτως</span> <span class='ocrx_word' id='word_1_794' title='bbox 3059 4191 3206 4260; x_wconf 76' lang='grc' dir='ltr'>ἡμᾶς</span> <span class='ocrx_word' id='word_1_795' title='bbox 3249 4189 3508 4260; x_wconf 66' lang='grc' dir='ltr'>μετόχους</span> <span class='ocrx_word' id='word_1_796' title='bbox 3537 4207 3644 4243; x_wconf 63' lang='grc' dir='ltr'><strong>καη</strong></span> 
     </span>
    </p>
   </div>
   <div class='ocr_carea' id='block_1_106' title="bbox 2060 4258 3647 4352">
    <p class='ocr_par' dir='ltr' id='par_1_106' title="bbox 2060 4258 3647 4352">
     <span class='ocr_line' id='line_1_106' title="bbox 2060 4258 3647 4352; baseline 0.001 -20"><span class='ocrx_word' id='word_1_797' title='bbox 2060 4258 2309 4352; x_wconf 13' lang='grc' dir='ltr'>ταστήσῃί</span> <span class='ocrx_word' id='word_1_798' title='bbox 2340 4280 2439 4349; x_wconf 82' lang='grc' dir='ltr'>τῆς</span> <span class='ocrx_word' id='word_1_799' title='bbox 2488 4279 2682 4332; x_wconf 83' lang='grc' dir='ltr'>ἐαυτοῦ</span> <span class='ocrx_word' id='word_1_800' title='bbox 2746 4278 3054 4350; x_wconf 83' lang='grc' dir='ltr'>ἀφθαρσίας</span> <span class='ocrx_word' id='word_1_801' title='bbox 3082 4258 3204 4332; x_wconf 65' lang='grc' dir='ltr'><strong>⁷καὶ</strong></span> <span class='ocrx_word' id='word_1_802' title='bbox 3251 4258 3552 4346; x_wconf 57' lang='lat' dir='ltr'><strong>atomum;</strong></span> <span class='ocrx_word' id='word_1_803' title='bbox 3584 4283 3647 4333; x_wconf 90' lang='grc' dir='ltr'><strong>ἐν</strong></span> 
     </span>
    </p>
   </div>
   <div class='ocr_carea' id='block_1_107' title="bbox 2062 4368 3645 4440">
    <p class='ocr_par' dir='ltr' id='par_1_107' title="bbox 2062 4368 3645 4440">
     <span class='ocr_line' id='line_1_107' title="bbox 2062 4368 3645 4440; baseline 0.001 -19"><span class='ocrx_word' id='word_1_804' title='bbox 2062 4368 2235 4421; x_wconf 88' lang='grc' dir='ltr'>ἐλπίδι</span> <span class='ocrx_word' id='word_1_805' title='bbox 2262 4369 2608 4432; x_wconf 85' lang='grc' dir='ltr'>ἀναστάσεως</span> <span class='ocrx_word' id='word_1_806' title='bbox 2641 4368 2739 4438; x_wconf 85' lang='grc' dir='ltr'>τῆς</span> <span class='ocrx_word' id='word_1_807' title='bbox 2759 4371 2824 4422; x_wconf 86' lang='grc' dir='ltr'><strong>ἐκ</strong></span> <span class='ocrx_word' id='word_1_808' title='bbox 2872 4368 3100 4440; x_wconf 74' lang='grc' dir='ltr'>νεκρῶνο</span> <span class='ocrx_word' id='word_1_809' title='bbox 3136 4369 3285 4432; x_wconf 82' lang='grc' dir='ltr'>ὅπως</span> <span class='ocrx_word' id='word_1_810' title='bbox 3333 4368 3400 4424; x_wconf 81' lang='grc' dir='ltr'>ἂν</span> <span class='ocrx_word' id='word_1_811' title='bbox 3448 4371 3542 4423; x_wconf 76' lang='grc' dir='ltr'>καὶ</span> <span class='ocrx_word' id='word_1_812' title='bbox 3579 4370 3645 4423; x_wconf 85' lang='grc' dir='ltr'><strong>τὺ</strong></span> 
     </span>
    </p>
   </div>
   <div class='ocr_carea' id='block_1_108' title="bbox 2064 4459 3646 4532">
    <p class='ocr_par' dir='ltr' id='par_1_108' title="bbox 2064 4459 3646 4532">
     <span class='ocr_line' id='line_1_108' title="bbox 2064 4459 3646 4532; baseline 0.003 -20"><span class='ocrx_word' id='word_1_813' title='bbox 2064 4459 2299 4531; x_wconf 82' lang='grc' dir='ltr'>φθαρτὸν</span> <span class='ocrx_word' id='word_1_814' title='bbox 2361 4460 2518 4512; x_wconf 82' lang='grc' dir='ltr'>τοῦτο</span> <span class='ocrx_word' id='word_1_815' title='bbox 2579 4460 2865 4532; x_wconf 80' lang='grc' dir='ltr'>ἐνδύσηται</span> <span class='ocrx_word' id='word_1_816' title='bbox 2897 4459 3010 4529; x_wconf 84' lang='grc'>(67)</span> <span class='ocrx_word' id='word_1_817' title='bbox 3057 4459 3384 4529; x_wconf 87' lang='grc' dir='ltr'>ἀφθαρσίαν,</span> <span class='ocrx_word' id='word_1_818' title='bbox 3445 4462 3646 4516; x_wconf 78' lang='grc' dir='ltr'>καὶτὸ</span> 
     </span>
    </p>
   </div>
   <div class='ocr_carea' id='block_1_109' title="bbox 2065 4549 3640 4624">
    <p class='ocr_par' dir='ltr' id='par_1_109' title="bbox 2065 4549 3640 4624">
     <span class='ocr_line' id='line_1_109' title="bbox 2065 4549 3640 4624; baseline 0.001 -21"><span class='ocrx_word' id='word_1_819' title='bbox 2065 4549 2258 4620; x_wconf 86' lang='grc' dir='ltr'>θνητὸν</span> <span class='ocrx_word' id='word_1_820' title='bbox 2286 4549 2444 4603; x_wconf 83' lang='grc' dir='ltr'>τοῦτο</span> <span class='ocrx_word' id='word_1_821' title='bbox 2478 4549 2766 4622; x_wconf 86' lang='grc' dir='ltr'>ἐνδύσηται</span> <span class='ocrx_word' id='word_1_822' title='bbox 2817 4549 3140 4615; x_wconf 87' lang='grc' dir='ltr'>ἀθανασίαν,</span> <span class='ocrx_word' id='word_1_823' title='bbox 3185 4550 3262 4614; x_wconf 86' lang='grc' dir='ltr'>ὡς</span> <span class='ocrx_word' id='word_1_824' title='bbox 3305 4550 3640 4624; x_wconf 85' lang='grc' dir='ltr'>γέγραπται·</span> 
     </span>
    </p>
   </div>
   <div class='ocr_carea' id='block_1_110' title="bbox 2061 4639 3645 4711">
    <p class='ocr_par' dir='ltr' id='par_1_110' title="bbox 2061 4639 3645 4711">
     <span class='ocr_line' id='line_1_110' title="bbox 2061 4639 3645 4711; baseline 0.003 -17"><span class='ocrx_word' id='word_1_825' title='bbox 2061 4641 2147 4706; x_wconf 80' lang='grc' dir='ltr'>ἵν’,</span> <span class='ocrx_word' id='word_1_826' title='bbox 2187 4639 2388 4710; x_wconf 83' lang='grc' dir='ltr'>ὥσπερ</span> <span class='ocrx_word' id='word_1_827' title='bbox 2423 4641 2496 4694; x_wconf 81' lang='grc' dir='ltr'><strong>δι’</strong></span> <span class='ocrx_word' id='word_1_828' title='bbox 2534 4641 2670 4708; x_wconf 78' lang='grc' dir='ltr'><strong>ἐνὸς</strong></span> <span class='ocrx_word' id='word_1_829' title='bbox 2719 4641 3031 4711; x_wconf 82' lang='grc' dir='ltr'>ἀνθρώπου</span> <span class='ocrx_word' id='word_1_830' title='bbox 3063 4642 3102 4709; x_wconf 78' lang='grc' dir='ltr'><strong><em>ἠ</em></strong></span> <span class='ocrx_word' id='word_1_831' title='bbox 3131 4642 3382 4711; x_wconf 81' lang='grc' dir='ltr'>ἁμαρτία</span> <span class='ocrx_word' id='word_1_832' title='bbox 3418 4645 3506 4707; x_wconf 85' lang='grc' dir='ltr'><strong>είς</strong></span> <span class='ocrx_word' id='word_1_833' title='bbox 3536 4643 3645 4698; x_wconf 72' lang='grc' dir='ltr'><strong>τὸν</strong></span> 
     </span>
    </p>
   </div>
   <div class='ocr_carea' id='block_1_111' title="bbox 2058 4732 3640 4804">
    <p class='ocr_par' dir='ltr' id='par_1_111' title="bbox 2058 4732 3640 4804">
     <span class='ocr_line' id='line_1_111' title="bbox 2058 4732 3640 4804; baseline 0.001 -16"><span class='ocrx_word' id='word_1_834' title='bbox 2058 4735 2288 4804; x_wconf 80' lang='grc' dir='ltr'>κόσμον</span> <span class='ocrx_word' id='word_1_835' title='bbox 2309 4733 2581 4803; x_wconf 70' lang='grc' dir='ltr'>εἰσῆλθε,</span> <span class='ocrx_word' id='word_1_836' title='bbox 2612 4732 2709 4788; x_wconf 77' lang='grc' dir='ltr'>καὶ</span> <span class='ocrx_word' id='word_1_837' title='bbox 2735 4733 2832 4787; x_wconf 85' lang='grc' dir='ltr'>διὰ</span> <span class='ocrx_word' id='word_1_838' title='bbox 2862 4732 2974 4801; x_wconf 80' lang='grc' dir='ltr'>τῆς</span> <span class='ocrx_word' id='word_1_839' title='bbox 3000 4733 3285 4803; x_wconf 81' lang='grc' dir='ltr'>ἁμαρτίας</span> <span class='ocrx_word' id='word_1_840' title='bbox 3305 4738 3338 4789; x_wconf 84' lang='grc' dir='ltr'><strong>ό</strong></span> <span class='ocrx_word' id='word_1_841' title='bbox 3360 4737 3640 4803; x_wconf 75' lang='grc' dir='ltr'>θάνατος,</span> 
     </span>
    </p>
   </div>
   <div class='ocr_carea' id='block_1_112' title="bbox 2060 4989 3640 5130">
    <p class='ocr_par' dir='ltr' id='par_1_112' title="bbox 2060 4989 3640 5130">
     <span class='ocr_line' id='line_1_112' title="bbox 2060 4989 3640 5060; baseline 0.003 -17"><span class='ocrx_word' id='word_1_842' title='bbox 2060 4990 2346 5060; x_wconf 83' lang='grc' dir='ltr'>γενέσεως.</span> <span class='ocrx_word' id='word_1_843' title='bbox 2386 4991 2458 5042; x_wconf 90' lang='grc' dir='ltr'>Τε</span> <span class='ocrx_word' id='word_1_844' title='bbox 2483 4998 2607 5060; x_wconf 80' lang='lat' dir='ltr'><strong>post</strong></span> <span class='ocrx_word' id='word_1_845' title='bbox 2639 4989 2914 5060; x_wconf 78' lang='grc' dir='ltr'>αὐξήσεως</span> <span class='ocrx_word' id='word_1_846' title='bbox 2949 4990 3100 5046; x_wconf 83' lang='lat' dir='ltr'><strong>deest</strong></span> <span class='ocrx_word' id='word_1_847' title='bbox 3121 4990 3174 5045; x_wconf 87' lang='lat' dir='ltr'><strong>in</strong></span> <span class='ocrx_word' id='word_1_848' title='bbox 3210 4991 3400 5046; x_wconf 82' lang='lat' dir='ltr'><strong>iisdem</strong></span> <span class='ocrx_word' id='word_1_849' title='bbox 3435 4993 3640 5048; x_wconf 67' lang='lat' dir='ltr'><strong>codici-</strong></span> 
     </span>
     <span class='ocr_line' id='line_1_113' title="bbox 2060 5059 3635 5130; baseline 0.002 -14"><span class='ocrx_word' id='word_1_850' title='bbox 2060 5062 2186 5130; x_wconf 74' lang='lat' dir='ltr'><strong>bus.</strong></span> <span class='ocrx_word' id='word_1_851' title='bbox 2218 5059 2343 5114; x_wconf 82' lang='lat' dir='ltr'><strong>Mox</strong></span> <span class='ocrx_word' id='word_1_852' title='bbox 2393 5059 2642 5129; x_wconf 85' lang='lat' dir='ltr'><strong>Seguer.,</strong></span> <span class='ocrx_word' id='word_1_853' title='bbox 2680 5060 3127 5130; x_wconf 84' lang='grc' dir='ltr'>ἀπαριθμήσεως.</span> <span class='ocrx_word' id='word_1_854' title='bbox 3161 5059 3386 5124; x_wconf 83' lang='lat' dir='ltr'><strong>Ibidem,</strong></span> <span class='ocrx_word' id='word_1_855' title='bbox 3417 5062 3635 5120; x_wconf 88' lang='lat' dir='ltr'><strong>Gobler.</strong></span> 
     </span>
    </p>
   </div>
   <div class='ocr_carea' id='block_1_113' title="bbox 2060 5102 3640 5203">
    <p class='ocr_par' dir='ltr' id='par_1_113' title="bbox 2060 5102 3640 5203">
     <span class='ocr_line' id='line_1_114' title="bbox 2060 5102 3640 5203; baseline 0.001 -17"><span class='ocrx_word' id='word_1_856' title='bbox 2060 5102 2383 5203; x_wconf 55' lang='grc' dir='ltr'>ἰτθιεῗῖ,</span> <span class='ocrx_word' id='word_1_857' title='bbox 2411 5102 2578 5203; x_wconf 58' lang='grc' dir='ltr'>κόθπου</span> <span class='ocrx_word' id='word_1_858' title='bbox 2589 5102 2615 5203; x_wconf 51' lang='grc' dir='ltr'><em>ξ</em></span> <span class='ocrx_word' id='word_1_859' title='bbox 2626 5102 2835 5199; x_wconf 44' lang='lat' dir='ltr'><strong>tired/11;,</strong></span> <span class='ocrx_word' id='word_1_860' title='bbox 2865 5102 3044 5200; x_wconf 45' lang='lat' dir='ltr'><strong>sil/‘11:,</strong></span> 
     </span>
    </p>
   </div>
   <div class='ocr_carea' id='block_1_114' title="bbox 2061 5200 2767 5264">
    <p class='ocr_par' dir='ltr' id='par_1_114' title="bbox 2061 5200 2767 5264">
     <span class='ocr_line' id='line_1_115' title="bbox 2061 5200 2767 5264; baseline -0.004 -11"><span class='ocrx_word' id='word_1_861' title='bbox 2061 5200 2245 5264; x_wconf 88' lang='grc' dir='ltr'>νάτου,</span> <span class='ocrx_word' id='word_1_862' title='bbox 2278 5200 2372 5253; x_wconf 79' lang='grc' dir='ltr'>καὶ</span> <span class='ocrx_word' id='word_1_863' title='bbox 2402 5200 2767 5261; x_wconf 87' lang='grc' dir='ltr'>ἀναστάσεως.</span> 
     </span>
    </p>
   </div>
   <div class='ocr_carea' id='block_1_115' title="bbox 2151 5268 3423 5353">
    <p class='ocr_par' dir='ltr' id='par_1_115' title="bbox 2151 5268 3423 5353">
     <span class='ocr_line' id='line_1_116' title="bbox 2151 5268 3423 5353; baseline 0 0"><span class='ocrx_word' id='word_1_864' title='bbox 2151 5270 2242 5353; x_wconf 60' lang='grc' dir='ltr'><strong>ἐξ)</strong></span> <span class='ocrx_word' id='word_1_865' title='bbox 2263 5268 2520 5353; x_wconf 51' lang='lat' dir='ltr'><strong>(Restim</strong></span> <span class='ocrx_word' id='word_1_866' title='bbox 2545 5271 2839 5353; x_wconf 57' lang='grc' dir='ltr'>ἐκρατεῖεο.</span> <span class='ocrx_word' id='word_1_867' title='bbox 2856 5269 2890 5339; x_wconf 73' lang='grc' dir='ltr'>ἡ</span> <span class='ocrx_word' id='word_1_868' title='bbox 2915 5269 3233 5353; x_wconf 46' lang='lat' dir='ltr'><strong>Mentem</strong></span> <span class='ocrx_word' id='word_1_869' title='bbox 3256 5271 3423 5353; x_wconf 61' lang='lat' dir='ltr'><strong>Wt-</strong></span> 
     </span>
    </p>
   </div>
   <div class='ocr_carea' id='block_1_116' title="bbox 2157 5338 3637 5412">
    <p class='ocr_par' dir='ltr' id='par_1_116' title="bbox 2157 5338 3637 5412">
     <span class='ocr_line' id='line_1_117' title="bbox 2157 5338 3637 5412; baseline 0.003 -20"><span class='ocrx_word' id='word_1_870' title='bbox 2157 5339 2267 5412; x_wconf 86' lang='lat'><strong>66)_</strong></span> <span class='ocrx_word' id='word_1_871' title='bbox 2284 5338 2366 5412; x_wconf 73' lang='lat' dir='ltr'><strong>ita</strong></span> <span class='ocrx_word' id='word_1_872' title='bbox 2387 5338 2641 5412; x_wconf 65' lang='lat' dir='ltr'><strong>Seguer..</strong></span> <span class='ocrx_word' id='word_1_873' title='bbox 2669 5346 2729 5392; x_wconf 93' lang='lat' dir='ltr'><strong>ut</strong></span> <span class='ocrx_word' id='word_1_874' title='bbox 2750 5349 2804 5394; x_wconf 91' lang='lat' dir='ltr'><strong>et</strong></span> <span class='ocrx_word' id='word_1_875' title='bbox 2828 5338 2959 5412; x_wconf 82' lang='lat' dir='ltr'><strong>legit</strong></span> <span class='ocrx_word' id='word_1_876' title='bbox 2982 5338 3247 5412; x_wconf 78' lang='lat' dir='ltr'><strong>Nannius,</strong></span> <span class='ocrx_word' id='word_1_877' title='bbox 3272 5338 3434 5395; x_wconf 69' lang='lat' dir='ltr'><strong>et‘sic</strong></span> <span class='ocrx_word' id='word_1_878' title='bbox 3457 5341 3637 5412; x_wconf 85' lang='lat' dir='ltr'><strong>legen-</strong></span> 
     </span>
    </p>
   </div>
   <div class='ocr_carea' id='block_1_117' title="bbox 2061 5409 3639 5478">
    <p class='ocr_par' dir='ltr' id='par_1_117' title="bbox 2061 5409 3639 5478">
     <span class='ocr_line' id='line_1_118' title="bbox 2061 5409 3639 5478; baseline 0.001 -14"><span class='ocrx_word' id='word_1_879' title='bbox 2061 5409 2190 5464; x_wconf 89' lang='lat' dir='ltr'><strong>dum</strong></span> <span class='ocrx_word' id='word_1_880' title='bbox 2220 5409 2452 5474; x_wconf 88' lang='lat' dir='ltr'><strong>videtur,</strong></span> <span class='ocrx_word' id='word_1_881' title='bbox 2470 5409 2552 5462; x_wconf 40' lang='lat' dir='ltr'><strong>’ex</strong></span> <span class='ocrx_word' id='word_1_882' title='bbox 2590 5409 2676 5478; x_wconf 83' lang='lat' dir='ltr'><strong>his</strong></span> <span class='ocrx_word' id='word_1_883' title='bbox 2716 5409 2994 5478; x_wconf 79' lang='lat' dir='ltr'><strong>sequentis</strong></span> <span class='ocrx_word' id='word_1_884' title='bbox 3035 5410 3244 5478; x_wconf 64' lang='lat' dir='ltr'><strong>pagina:</strong></span> <span class='ocrx_word' id='word_1_885' title='bbox 3272 5411 3487 5478; x_wconf 85' lang='lat' dir='ltr'><strong>verbis,</strong></span> <span class='ocrx_word' id='word_1_886' title='bbox 3514 5409 3639 5476; x_wconf 73' lang='grc' dir='ltr'>ῖπῶς</span> 
     </span>
    </p>
   </div>
   <div class='ocr_carea' id='block_1_118' title="bbox 2061 5477 3634 5550">
    <p class='ocr_par' dir='ltr' id='par_1_118' title="bbox 2061 5477 3634 5550">
     <span class='ocr_line' id='line_1_119' title="bbox 2061 5477 3634 5550; baseline 0.003 -19"><span class='ocrx_word' id='word_1_887' title='bbox 2061 5482 2096 5550; x_wconf 83' lang='grc' dir='ltr'><strong>ἡ</strong></span> <span class='ocrx_word' id='word_1_888' title='bbox 2129 5480 2392 5550; x_wconf 79' lang='grc' dir='ltr'>κράτησις</span> <span class='ocrx_word' id='word_1_889' title='bbox 2443 5479 2536 5532; x_wconf 80' lang='grc' dir='ltr'>τοῦ</span> <span class='ocrx_word' id='word_1_890' title='bbox 2586 5477 2836 5550; x_wconf 85' lang='grc' dir='ltr'>θανάτου.</span> <span class='ocrx_word' id='word_1_891' title='bbox 2884 5477 3049 5542; x_wconf 86' lang='lat' dir='ltr'><strong>Editi,</strong></span> <span class='ocrx_word' id='word_1_892' title='bbox 3095 5477 3439 5550; x_wconf 72' lang='grc' dir='ltr'>κατάκρισιν.</span> <span class='ocrx_word' id='word_1_893' title='bbox 3474 5477 3634 5548; x_wconf 80' lang='lat' dir='ltr'><strong>Mox,</strong></span> 
     </span>
    </p>
   </div>
   <div class='ocr_carea' id='block_1_119' title="bbox 2061 5549 3635 5618">
    <p class='ocr_par' dir='ltr' id='par_1_119' title="bbox 2061 5549 3635 5618">
     <span class='ocr_line' id='line_1_120' title="bbox 2061 5549 3635 5618; baseline 0.003 -16"><span class='ocrx_word' id='word_1_894' title='bbox 2061 5549 2298 5618; x_wconf 75' lang='grc' dir='ltr'>ὲσπάρη.</span> <span class='ocrx_word' id='word_1_895' title='bbox 2329 5550 2407 5602; x_wconf 91' lang='lat' dir='ltr'><strong>sic</strong></span> <span class='ocrx_word' id='word_1_896' title='bbox 2433 5549 2788 5617; x_wconf 88' lang='lat' dir='ltr'><strong>manuscripti</strong></span> <span class='ocrx_word' id='word_1_897' title='bbox 2822 5563 3012 5604; x_wconf 93' lang='lat' dir='ltr'><strong>omnes</strong></span> <span class='ocrx_word' id='word_1_898' title='bbox 3037 5557 3089 5602; x_wconf 91' lang='lat' dir='ltr'><strong>et</strong></span> <span class='ocrx_word' id='word_1_899' title='bbox 3122 5550 3253 5604; x_wconf 89' lang='lat' dir='ltr'><strong>edit.</strong></span> <span class='ocrx_word' id='word_1_900' title='bbox 3279 5549 3545 5606; x_wconf 84' lang='lat' dir='ltr'><strong>Commel.</strong></span> <span class='ocrx_word' id='word_1_901' title='bbox 3575 5553 3635 5607; x_wconf 84' lang='lat' dir='ltr'><strong>In</strong></span> 
     </span>
    </p>
   </div>
   <div class='ocr_carea' id='block_1_120' title="bbox 2061 5619 2964 5688">
    <p class='ocr_par' dir='ltr' id='par_1_120' title="bbox 2061 5619 2964 5688">
     <span class='ocr_line' id='line_1_121' title="bbox 2061 5619 2964 5688; baseline -0.003 -13"><span class='ocrx_word' id='word_1_902' title='bbox 2061 5620 2190 5675; x_wconf 84' lang='lat' dir='ltr'><strong>edit.</strong></span> <span class='ocrx_word' id='word_1_903' title='bbox 2222 5619 2419 5688; x_wconf 60' lang='lat' dir='ltr'><strong>Paris,</strong></span> <span class='ocrx_word' id='word_1_904' title='bbox 2453 5620 2658 5688; x_wconf 81' lang='grc' dir='ltr'>σπάρη,</span> <span class='ocrx_word' id='word_1_905' title='bbox 2688 5619 2964 5688; x_wconf 75' lang='lat' dir='ltr'><strong>mendose.</strong></span> 
     </span>
    </p>
   </div>
   <div class='ocr_carea' id='block_1_121' title="bbox 2134 5686 3638 5757">
    <p class='ocr_par' dir='ltr' id='par_1_121' title="bbox 2134 5686 3638 5757">
     <span class='ocr_line' id='line_1_122' title="bbox 2134 5686 3638 5757; baseline 0.004 -16"><span class='ocrx_word' id='word_1_906' title='bbox 2134 5689 2246 5757; x_wconf 85' lang='grc'>(67)</span> <span class='ocrx_word' id='word_1_907' title='bbox 2278 5687 2456 5741; x_wconf 82' lang='grc' dir='ltr'>Τοῦτο</span> <span class='ocrx_word' id='word_1_908' title='bbox 2480 5686 2822 5757; x_wconf 69' lang='grc' dir='ltr'>ἐνδύσηται.</span> <span class='ocrx_word' id='word_1_909' title='bbox 2855 5686 2978 5744; x_wconf 77' lang='lat' dir='ltr'><strong>Haec</strong></span> <span class='ocrx_word' id='word_1_910' title='bbox 3019 5688 3218 5744; x_wconf 89' lang='lat' dir='ltr'><strong>desunt</strong></span> <span class='ocrx_word' id='word_1_911' title='bbox 3241 5689 3301 5743; x_wconf 80' lang='lat' dir='ltr'><strong>in</strong></span> <span class='ocrx_word' id='word_1_912' title='bbox 3335 5689 3552 5748; x_wconf 87' lang='lat' dir='ltr'><strong>Gobler.</strong></span> <span class='ocrx_word' id='word_1_913' title='bbox 3585 5702 3638 5747; x_wconf 85' lang='lat' dir='ltr'><strong>et</strong></span> 
     </span>
    </p>
   </div>
   <div class='ocr_carea' id='block_1_122' title="bbox 2062 5758 2390 5842">
    <p class='ocr_par' dir='ltr' id='par_1_122' title="bbox 2062 5758 2390 5842">
     <span class='ocr_line' id='line_1_123' title="bbox 2062 5758 2390 5842; baseline 0.006 -30"><span class='ocrx_word' id='word_1_914' title='bbox 2062 5758 2300 5842; x_wconf 2' lang='lat' dir='ltr'><strong>Fgelckm.</strong></span> <span class='ocrx_word' id='word_1_915' title='bbox 2338 5759 2390 5814; x_wconf 88' lang='grc'>1.</span> 
     </span>
    </p>
   </div>
  </div>
