  <div class='ocr_page' id='page_1' title='image "/cluster/home/n/w/nwhite01/storage/ocr_20150623/26/nnc1.0046978577/578.png"; bbox 0 0 3810 6228; ppageno 0'>
   <div class='ocr_carea' id='block_1_1' title="bbox 153 322 302 378">
    <p class='ocr_par' dir='ltr' id='par_1_1' title="bbox 153 322 302 378">
     <span class='ocr_line' id='line_1_1' title="bbox 153 322 302 378; baseline 0.013 -2"><span class='ocrx_word' id='word_1_1' title='bbox 153 322 302 378; x_wconf 62' lang='grc'><strong>1135</strong></span> 
     </span>
    </p>
   </div>
   <div class='ocr_carea' id='block_1_2' title="bbox 1113 313 2524 376">
    <p class='ocr_par' dir='ltr' id='par_1_2' title="bbox 1113 313 2524 376">
     <span class='ocr_line' id='line_1_2' title="bbox 1113 313 2524 376; baseline -0.001 -3"><span class='ocrx_word' id='word_1_2' title='bbox 1113 315 1394 374; x_wconf 78' lang='lat' dir='ltr'><strong>CONTRA</strong></span> <span class='ocrx_word' id='word_1_3' title='bbox 1433 313 1956 371; x_wconf 77' lang='lat' dir='ltr'><strong>APOLLINARIUM</strong></span> <span class='ocrx_word' id='word_1_4' title='bbox 1993 315 2201 373; x_wconf 77' lang='lat' dir='ltr'><strong>LIBER</strong></span> <span class='ocrx_word' id='word_1_5' title='bbox 2244 318 2524 376; x_wconf 73' lang='lat' dir='ltr'><strong>PRIMUS.</strong></span> 
     </span>
    </p>
   </div>
   <div class='ocr_carea' id='block_1_3' title="bbox 3277 316 3418 390">
    <p class='ocr_par' dir='ltr' id='par_1_3' title="bbox 3277 316 3418 390">
     <span class='ocr_line' id='line_1_3' title="bbox 3277 316 3418 390; baseline -0.007 -17"><span class='ocrx_word' id='word_1_6' title='bbox 3277 316 3418 390; x_wconf 67' lang='lat' dir='ltr'><strong>uas</strong></span> 
     </span>
    </p>
   </div>
   <div class='ocr_carea' id='block_1_4' title="bbox 149 427 1722 504">
    <p class='ocr_par' dir='ltr' id='par_1_4' title="bbox 149 427 1722 503">
     <span class='ocr_line' id='line_1_4' title="bbox 149 427 1722 503; baseline -0.003 -17"><span class='ocrx_word' id='word_1_7' title='bbox 149 432 330 499; x_wconf 70' lang='grc' dir='ltr'><strong>οὕτως</strong></span> <span class='ocrx_word' id='word_1_8' title='bbox 366 434 463 489; x_wconf 77' lang='grc' dir='ltr'><strong>καὶ</strong></span> <span class='ocrx_word' id='word_1_9' title='bbox 499 435 568 488; x_wconf 80' lang='grc' dir='ltr'><strong>δι’</strong></span> <span class='ocrx_word' id='word_1_10' title='bbox 601 433 720 496; x_wconf 80' lang='grc' dir='ltr'><strong>ἐνὸς</strong></span> <span class='ocrx_word' id='word_1_11' title='bbox 748 429 1036 503; x_wconf 82' lang='grc' dir='ltr'><strong>ἀνθρώπου</strong></span> <span class='ocrx_word' id='word_1_12' title='bbox 1077 429 1252 500; x_wconf 82' lang='grc' dir='ltr'><strong>Ἰησοῦ</strong></span> <span class='ocrx_word' id='word_1_13' title='bbox 1286 427 1522 502; x_wconf 82' lang='grc' dir='ltr'><strong>Χριστοῦ</strong></span> <span class='ocrx_word' id='word_1_14' title='bbox 1550 427 1661 497; x_wconf 88' lang='grc'><strong>(68)</strong></span> <span class='ocrx_word' id='word_1_15' title='bbox 1697 428 1722 497; x_wconf 69' lang='grc' dir='ltr'>ἦ</span> 
     </span>
    </p>
   </div>
   <div class='ocr_carea' id='block_1_5' title="bbox 1838 427 3418 504">
    <p class='ocr_par' dir='ltr' id='par_1_5' title="bbox 1838 433 3418 504">
     <span class='ocr_line' id='line_1_5' title="bbox 1838 433 3418 504; baseline 0.003 -21"><span class='ocrx_word' id='word_1_16' title='bbox 1838 438 2091 487; x_wconf 59' lang='lat' dir='ltr'><strong>sternam</strong></span> <span class='ocrx_word' id='word_1_17' title='bbox 2113 474 2128 498; x_wconf 95' lang='lat'><strong>,</strong></span> <span class='ocrx_word' id='word_1_18' title='bbox 2163 441 2222 488; x_wconf 92' lang='lat' dir='ltr'><strong>ut</strong></span> <span class='ocrx_word' id='word_1_19' title='bbox 2253 433 2514 504; x_wconf 87' lang='lat' dir='ltr'><strong>scriptum</strong></span> <span class='ocrx_word' id='word_1_20' title='bbox 2543 442 2644 490; x_wconf 77' lang='lat' dir='ltr'><strong>est.</strong></span> <span class='ocrx_word' id='word_1_21' title='bbox 2683 433 2793 489; x_wconf 88' lang='lat' dir='ltr'><strong>Cur</strong></span> <span class='ocrx_word' id='word_1_22' title='bbox 2837 447 2966 504; x_wconf 69' lang='lat' dir='ltr'><strong>ergo</strong></span> <span class='ocrx_word' id='word_1_23' title='bbox 2997 433 3180 489; x_wconf 75' lang='lat' dir='ltr'><strong>dicitis</strong></span> <span class='ocrx_word' id='word_1_24' title='bbox 3202 448 3300 503; x_wconf 92' lang='lat' dir='ltr'><strong>pro</strong></span> <span class='ocrx_word' id='word_1_25' title='bbox 3328 434 3418 488; x_wconf 78' lang='lat' dir='ltr'><strong>in-</strong></span> 
     </span>
    </p>
   </div>
   <div class='ocr_carea' id='block_1_6' title="bbox 147 519 1733 597">
    <p class='ocr_par' dir='ltr' id='par_1_6' title="bbox 147 519 1733 597">
     <span class='ocr_line' id='line_1_6' title="bbox 147 519 1733 597; baseline -0.005 -17"><span class='ocrx_word' id='word_1_26' title='bbox 147 525 318 597; x_wconf 79' lang='grc' dir='ltr'><strong>χάρις</strong></span> <span class='ocrx_word' id='word_1_27' title='bbox 345 525 640 596; x_wconf 79' lang='grc' dir='ltr'><strong>βασιλεύσῃ</strong></span> <span class='ocrx_word' id='word_1_28' title='bbox 691 524 780 578; x_wconf 78' lang='grc' dir='ltr'><strong>διά</strong></span> <span class='ocrx_word' id='word_1_29' title='bbox 803 521 1162 593; x_wconf 65' lang='grc' dir='ltr'><strong>’δικαιοσύνης</strong></span> <span class='ocrx_word' id='word_1_30' title='bbox 1200 523 1280 585; x_wconf 85' lang='grc' dir='ltr'><strong>εἰς</strong></span> <span class='ocrx_word' id='word_1_31' title='bbox 1331 520 1473 592; x_wconf 82' lang='grc' dir='ltr'><strong>ζωὴν</strong></span> <span class='ocrx_word' id='word_1_32' title='bbox 1499 519 1733 582; x_wconf 74' lang='grc' dir='ltr'><strong>αἰώνιον,</strong></span> 
     </span>
    </p>
   </div>
   <div class='ocr_carea' id='block_1_7' title="bbox 149 607 1732 686">
    <p class='ocr_par' dir='ltr' id='par_1_7' title="bbox 149 607 1732 686">
     <span class='ocr_line' id='line_1_7' title="bbox 149 607 1732 686; baseline -0.004 -20"><span class='ocrx_word' id='word_1_33' title='bbox 149 613 340 676; x_wconf 82' lang='grc' dir='ltr'><strong>καθὼς</strong></span> <span class='ocrx_word' id='word_1_34' title='bbox 371 614 704 686; x_wconf 71' lang='grc' dir='ltr'><strong>γέγραπται.</strong></span> <span class='ocrx_word' id='word_1_35' title='bbox 729 612 852 676; x_wconf 86' lang='grc' dir='ltr'><strong>Πῶς</strong></span> <span class='ocrx_word' id='word_1_36' title='bbox 888 607 980 664; x_wconf 80' lang='grc' dir='ltr'><strong>οὖν</strong></span> <span class='ocrx_word' id='word_1_37' title='bbox 1031 609 1243 679; x_wconf 79' lang='grc' dir='ltr'><strong>λέγετε,</strong></span> <span class='ocrx_word' id='word_1_38' title='bbox 1283 609 1428 661; x_wconf 78' lang='grc' dir='ltr'><strong>’Δντὶ</strong></span> <span class='ocrx_word' id='word_1_39' title='bbox 1471 607 1566 661; x_wconf 91' lang='grc' dir='ltr'><strong>τοῦ</strong></span> <span class='ocrx_word' id='word_1_40' title='bbox 1597 607 1732 660; x_wconf 78' lang='grc' dir='ltr'><strong>ἐσω-</strong></span> 
     </span>
    </p>
   </div>
   <div class='ocr_carea' id='block_1_8' title="bbox 148 699 1738 778">
    <p class='ocr_par' dir='ltr' id='par_1_8' title="bbox 148 699 1738 778">
     <span class='ocr_line' id='line_1_8' title="bbox 148 699 1738 778; baseline -0.005 -21"><span class='ocrx_word' id='word_1_41' title='bbox 148 705 248 760; x_wconf 86' lang='grc' dir='ltr'><strong>θεν</strong></span> <span class='ocrx_word' id='word_1_42' title='bbox 266 704 558 778; x_wconf 85' lang='grc' dir='ltr'><strong>ἀνθρώπου</strong></span> <span class='ocrx_word' id='word_1_43' title='bbox 594 702 687 758; x_wconf 88' lang='grc' dir='ltr'><strong>τοῦ</strong></span> <span class='ocrx_word' id='word_1_44' title='bbox 717 705 775 757; x_wconf 85' lang='grc' dir='ltr'><strong>ὲν</strong></span> <span class='ocrx_word' id='word_1_45' title='bbox 810 704 962 774; x_wconf 81' lang='grc' dir='ltr'><strong>ἡμῖν,</strong></span> <span class='ocrx_word' id='word_1_46' title='bbox 996 700 1120 765; x_wconf 89' lang='grc' dir='ltr'><strong>νοῦς</strong></span> <span class='ocrx_word' id='word_1_47' title='bbox 1166 700 1486 772; x_wconf 76' lang='grc' dir='ltr'><strong>ἐπουράνιος</strong></span> <span class='ocrx_word' id='word_1_48' title='bbox 1512 700 1569 751; x_wconf 82' lang='grc' dir='ltr'><strong>ὲν</strong></span> <span class='ocrx_word' id='word_1_49' title='bbox 1601 699 1738 767; x_wconf 86' lang='grc' dir='ltr'><strong>Χρι-</strong></span> 
     </span>
    </p>
   </div>
   <div class='ocr_carea' id='block_1_9' title="bbox 149 789 1738 870">
    <p class='ocr_par' dir='ltr' id='par_1_9' title="bbox 149 789 1738 870">
     <span class='ocr_line' id='line_1_9' title="bbox 149 789 1738 870; baseline -0.006 -17"><span class='ocrx_word' id='word_1_50' title='bbox 149 799 300 870; x_wconf 85' lang='grc' dir='ltr'><strong>στῷ;</strong></span> <span class='ocrx_word' id='word_1_51' title='bbox 343 801 574 870; x_wconf 86' lang='grc' dir='ltr'><strong>Μήτιγε,</strong></span> <span class='ocrx_word' id='word_1_52' title='bbox 605 797 728 867; x_wconf 86' lang='grc' dir='ltr'><strong>διχῆ</strong></span> <span class='ocrx_word' id='word_1_53' title='bbox 770 794 1000 867; x_wconf 79' lang='grc' dir='ltr'><strong>μερίσας</strong></span> <span class='ocrx_word' id='word_1_54' title='bbox 1026 794 1088 847; x_wconf 84' lang='grc' dir='ltr'><strong>τὸ</strong></span> <span class='ocrx_word' id='word_1_55' title='bbox 1113 792 1312 859; x_wconf 75' lang='grc' dir='ltr'><strong>ἔξωθεν</strong></span> <span class='ocrx_word' id='word_1_56' title='bbox 1359 793 1454 846; x_wconf 68' lang='grc' dir='ltr'><strong>καὶ</strong></span> <span class='ocrx_word' id='word_1_57' title='bbox 1502 791 1566 846; x_wconf 84' lang='grc' dir='ltr'><strong>τὸ</strong></span> <span class='ocrx_word' id='word_1_58' title='bbox 1609 789 1738 844; x_wconf 74' lang='grc' dir='ltr'><strong>ἔσω-</strong></span> 
     </span>
    </p>
   </div>
   <div class='ocr_carea' id='block_1_10' title="bbox 146 883 1726 961">
    <p class='ocr_par' dir='ltr' id='par_1_10' title="bbox 146 883 1726 961">
     <span class='ocr_line' id='line_1_10' title="bbox 146 883 1726 961; baseline -0.005 -18"><span class='ocrx_word' id='word_1_59' title='bbox 146 891 244 945; x_wconf 97' lang='grc' dir='ltr'><strong>θεν</strong></span> <span class='ocrx_word' id='word_1_60' title='bbox 273 890 406 961; x_wconf 89' lang='grc'><strong>(69),</strong></span> <span class='ocrx_word' id='word_1_61' title='bbox 431 891 524 942; x_wconf 81' lang='grc' dir='ltr'><strong>καὶ</strong></span> <span class='ocrx_word' id='word_1_62' title='bbox 556 889 614 942; x_wconf 81' lang='grc' dir='ltr'><strong>ὲν</strong></span> <span class='ocrx_word' id='word_1_63' title='bbox 640 889 798 958; x_wconf 81' lang='grc' dir='ltr'><strong>τάφῳ</strong></span> <span class='ocrx_word' id='word_1_64' title='bbox 820 886 1166 940; x_wconf 74' lang='grc' dir='ltr'><strong>ἐπεδείκνυτο</strong></span> <span class='ocrx_word' id='word_1_65' title='bbox 1194 885 1288 938; x_wconf 72' lang='grc' dir='ltr'><strong>καὶ</strong></span> <span class='ocrx_word' id='word_1_66' title='bbox 1313 886 1370 938; x_wconf 83' lang='grc' dir='ltr'><strong>ὲν</strong></span> <span class='ocrx_word' id='word_1_67' title='bbox 1408 884 1544 957; x_wconf 75' lang='grc' dir='ltr'><strong>ᾃδῃς</strong></span> <span class='ocrx_word' id='word_1_68' title='bbox 1589 883 1726 936; x_wconf 85' lang='grc' dir='ltr'><strong>Ἀλλ’</strong></span> 
     </span>
    </p>
   </div>
   <div class='ocr_carea' id='block_1_11' title="bbox 143 975 1728 1051">
    <p class='ocr_par' dir='ltr' id='par_1_11' title="bbox 143 975 1728 1051">
     <span class='ocr_line' id='line_1_11' title="bbox 143 975 1728 1051; baseline -0.004 -17"><span class='ocrx_word' id='word_1_69' title='bbox 143 981 249 1051; x_wconf 85' lang='grc' dir='ltr'><strong>οὐχ</strong></span> <span class='ocrx_word' id='word_1_70' title='bbox 282 975 394 1034; x_wconf 77' lang='grc' dir='ltr'><strong>οἷόν</strong></span> <span class='ocrx_word' id='word_1_71' title='bbox 422 998 480 1034; x_wconf 87' lang='grc' dir='ltr'><strong>τε</strong></span> <span class='ocrx_word' id='word_1_72' title='bbox 531 976 598 1051; x_wconf 82' lang='grc' dir='ltr'><strong>ἦν</strong></span> <span class='ocrx_word' id='word_1_73' title='bbox 640 979 750 1050; x_wconf 84' lang='grc'><strong>(70)</strong></span> <span class='ocrx_word' id='word_1_74' title='bbox 803 979 988 1049; x_wconf 78' lang='grc' dir='ltr'><strong>ἕτερον</strong></span> <span class='ocrx_word' id='word_1_75' title='bbox 1033 979 1149 1031; x_wconf 85' lang='grc' dir='ltr'><strong>ἀνθ’</strong></span> <span class='ocrx_word' id='word_1_76' title='bbox 1201 976 1387 1046; x_wconf 81' lang='grc' dir='ltr'><strong>ἑτέρου</strong></span> <span class='ocrx_word' id='word_1_77' title='bbox 1426 975 1728 1029; x_wconf 83' lang='grc' dir='ltr'><strong>ἀντιδοῦναι</strong></span> 
     </span>
    </p>
   </div>
   <div class='ocr_carea' id='block_1_12' title="bbox 143 1065 1728 1145">
    <p class='ocr_par' dir='ltr' id='par_1_12' title="bbox 143 1065 1728 1145">
     <span class='ocr_line' id='line_1_12' title="bbox 143 1065 1728 1145; baseline -0.005 -21"><span class='ocrx_word' id='word_1_78' title='bbox 143 1071 364 1145; x_wconf 83' lang='grc' dir='ltr'><strong>λύτρον·</strong></span> <span class='ocrx_word' id='word_1_79' title='bbox 408 1070 543 1124; x_wconf 83' lang='grc' dir='ltr'><strong>ἀλλὰ</strong></span> <span class='ocrx_word' id='word_1_80' title='bbox 577 1069 735 1140; x_wconf 84' lang='grc' dir='ltr'><strong>σῶμα</strong></span> <span class='ocrx_word' id='word_1_81' title='bbox 768 1069 888 1122; x_wconf 79' lang='grc' dir='ltr'><strong>ἀντὶ</strong></span> <span class='ocrx_word' id='word_1_82' title='bbox 927 1068 1197 1138; x_wconf 84' lang='grc' dir='ltr'><strong>σώματος,</strong></span> <span class='ocrx_word' id='word_1_83' title='bbox 1233 1067 1328 1120; x_wconf 75' lang='grc' dir='ltr'><strong>καὶ</strong></span> <span class='ocrx_word' id='word_1_84' title='bbox 1367 1065 1544 1137; x_wconf 68' lang='grc' dir='ltr'><strong>ψυχὴν</strong></span> <span class='ocrx_word' id='word_1_85' title='bbox 1608 1066 1728 1120; x_wconf 69' lang='grc' dir='ltr'><strong>ἀντὶ</strong></span> 
     </span>
    </p>
   </div>
   <div class='ocr_carea' id='block_1_13' title="bbox 141 1158 1730 1236">
    <p class='ocr_par' dir='ltr' id='par_1_13' title="bbox 141 1158 1730 1236">
     <span class='ocr_line' id='line_1_13' title="bbox 141 1158 1730 1236; baseline -0.004 -20"><span class='ocrx_word' id='word_1_86' title='bbox 141 1163 328 1236; x_wconf 79' lang='grc' dir='ltr'><strong>ψυχῆς</strong></span> <span class='ocrx_word' id='word_1_87' title='bbox 351 1162 574 1228; x_wconf 87' lang='grc' dir='ltr'><strong>δέδωκε,</strong></span> <span class='ocrx_word' id='word_1_88' title='bbox 607 1161 702 1214; x_wconf 76' lang='grc' dir='ltr'><strong>καὶ</strong></span> <span class='ocrx_word' id='word_1_89' title='bbox 732 1160 944 1213; x_wconf 85' lang='grc' dir='ltr'><strong>τελείαν</strong></span> <span class='ocrx_word' id='word_1_90' title='bbox 1001 1158 1234 1229; x_wconf 76' lang='grc' dir='ltr'><strong>ὓπαρξιν</strong></span> <span class='ocrx_word' id='word_1_91' title='bbox 1285 1159 1426 1230; x_wconf 81' lang='grc' dir='ltr'><strong>ὑπὲρ</strong></span> <span class='ocrx_word' id='word_1_92' title='bbox 1472 1159 1591 1211; x_wconf 85' lang='grc' dir='ltr'><strong>ὃλου</strong></span> <span class='ocrx_word' id='word_1_93' title='bbox 1637 1159 1730 1210; x_wconf 88' lang='grc' dir='ltr'><strong>ἀν-</strong></span> 
     </span>
    </p>
   </div>
   <div class='ocr_carea' id='block_1_14' title="bbox 142 1249 1730 1327">
    <p class='ocr_par' dir='ltr' id='par_1_14' title="bbox 142 1249 1730 1327">
     <span class='ocr_line' id='line_1_14' title="bbox 142 1249 1730 1327; baseline -0.004 -19"><span class='ocrx_word' id='word_1_94' title='bbox 142 1255 392 1327; x_wconf 85' lang='grc' dir='ltr'><strong>θρώπου·</strong></span> <span class='ocrx_word' id='word_1_95' title='bbox 445 1255 704 1309; x_wconf 74' lang='grc' dir='ltr'><strong>τοῦτ’ἐστι</strong></span> <span class='ocrx_word' id='word_1_96' title='bbox 752 1255 814 1307; x_wconf 84' lang='grc' dir='ltr'><strong>τὸ</strong></span> <span class='ocrx_word' id='word_1_97' title='bbox 863 1253 1217 1322; x_wconf 82' lang='grc' dir='ltr'><strong>ἀντάλλαγμα</strong></span> <span class='ocrx_word' id='word_1_98' title='bbox 1271 1251 1363 1305; x_wconf 91' lang='grc' dir='ltr'><strong>τοῦ</strong></span> <span class='ocrx_word' id='word_1_99' title='bbox 1411 1250 1670 1323; x_wconf 80' lang='grc' dir='ltr'><strong>Χριστοῦ,</strong></span> <span class='ocrx_word' id='word_1_100' title='bbox 1701 1249 1730 1302; x_wconf 82' lang='grc' dir='ltr'><strong>ὃ</strong></span> 
     </span>
    </p>
   </div>
   <div class='ocr_carea' id='block_1_15' title="bbox 138 1339 1730 1412">
    <p class='ocr_par' dir='ltr' id='par_1_15' title="bbox 138 1339 1730 1412">
     <span class='ocr_line' id='line_1_15' title="bbox 138 1339 1730 1412; baseline -0.001 -20"><span class='ocrx_word' id='word_1_101' title='bbox 138 1340 431 1395; x_wconf 85' lang='grc' dir='ltr'><strong>ὠνείδισαν</strong></span> <span class='ocrx_word' id='word_1_102' title='bbox 465 1343 558 1394; x_wconf 77' lang='grc' dir='ltr'><strong>ἐπὶ</strong></span> <span class='ocrx_word' id='word_1_103' title='bbox 590 1341 684 1394; x_wconf 87' lang='grc' dir='ltr'><strong>τοῦ</strong></span> <span class='ocrx_word' id='word_1_104' title='bbox 722 1340 954 1412; x_wconf 89' lang='grc' dir='ltr'><strong>σταυροῦ</strong></span> <span class='ocrx_word' id='word_1_105' title='bbox 984 1343 1032 1393; x_wconf 82' lang='grc' dir='ltr'><strong>οἰ</strong></span> <span class='ocrx_word' id='word_1_106' title='bbox 1061 1340 1246 1411; x_wconf 77' lang='grc' dir='ltr'><strong>ἐχθροὶ</strong></span> <span class='ocrx_word' id='word_1_107' title='bbox 1295 1343 1392 1411; x_wconf 79' lang='grc' dir='ltr'><strong>τῆς</strong></span> <span class='ocrx_word' id='word_1_108' title='bbox 1415 1339 1559 1410; x_wconf 77' lang='grc' dir='ltr'><strong>ζωῆς</strong></span> <span class='ocrx_word' id='word_1_109' title='bbox 1601 1340 1730 1392; x_wconf 87' lang='grc' dir='ltr'><strong>Ἰου-</strong></span> 
     </span>
    </p>
   </div>
   <div class='ocr_carea' id='block_1_16' title="bbox 135 1429 1729 1502">
    <p class='ocr_par' dir='ltr' id='par_1_16' title="bbox 135 1429 1729 1502">
     <span class='ocr_line' id='line_1_16' title="bbox 135 1429 1729 1502; baseline -0.001 -18"><span class='ocrx_word' id='word_1_110' title='bbox 135 1431 285 1484; x_wconf 79' lang='grc' dir='ltr'><strong>δαῖοι</strong></span> <span class='ocrx_word' id='word_1_111' title='bbox 317 1432 428 1502; x_wconf 80' lang='grc'><strong>(71)</strong></span> <span class='ocrx_word' id='word_1_112' title='bbox 459 1431 988 1502; x_wconf 71' lang='grc' dir='ltr'><strong>παραπορευόμενοι,</strong></span> <span class='ocrx_word' id='word_1_113' title='bbox 1033 1433 1128 1484; x_wconf 74' lang='grc' dir='ltr'><strong>καὶ</strong></span> <span class='ocrx_word' id='word_1_114' title='bbox 1177 1431 1451 1494; x_wconf 76' lang='grc' dir='ltr'><strong>κινοῦντες</strong></span> <span class='ocrx_word' id='word_1_115' title='bbox 1504 1429 1602 1494; x_wconf 86' lang='grc' dir='ltr'><strong>τὰς</strong></span> <span class='ocrx_word' id='word_1_116' title='bbox 1646 1447 1729 1483; x_wconf 87' lang='grc' dir='ltr'><strong>κε-</strong></span> 
     </span>
    </p>
   </div>
   <div class='ocr_carea' id='block_1_17' title="bbox 1832 523 3418 588">
    <p class='ocr_par' dir='ltr' id='par_1_17' title="bbox 1832 523 3418 588">
     <span class='ocr_line' id='line_1_17' title="bbox 1832 523 3418 588; baseline 0.001 -12"><span class='ocrx_word' id='word_1_117' title='bbox 1832 523 2033 578; x_wconf 91' lang='lat' dir='ltr'><strong>teriore</strong></span> <span class='ocrx_word' id='word_1_118' title='bbox 2056 532 2245 578; x_wconf 89' lang='lat' dir='ltr'><strong>nostro</strong></span> <span class='ocrx_word' id='word_1_119' title='bbox 2269 524 2512 588; x_wconf 83' lang='lat' dir='ltr'><strong>homine,</strong></span> <span class='ocrx_word' id='word_1_120' title='bbox 2542 531 2775 579; x_wconf 87' lang='lat' dir='ltr'><strong>mentem</strong></span> <span class='ocrx_word' id='word_1_121' title='bbox 2811 525 3090 580; x_wconf 71' lang='lat' dir='ltr'><strong>caelestem</strong></span> <span class='ocrx_word' id='word_1_122' title='bbox 3120 525 3175 578; x_wconf 90' lang='lat' dir='ltr'><strong>in</strong></span> <span class='ocrx_word' id='word_1_123' title='bbox 3199 524 3418 579; x_wconf 88' lang='lat' dir='ltr'><strong>Christo</strong></span> 
     </span>
    </p>
   </div>
   <div class='ocr_carea' id='block_1_18' title="bbox 1831 615 3418 686">
    <p class='ocr_par' dir='ltr' id='par_1_18' title="bbox 1831 615 3418 686">
     <span class='ocr_line' id='line_1_18' title="bbox 1831 615 3418 686; baseline 0.003 -19"><span class='ocrx_word' id='word_1_124' title='bbox 1831 615 1990 670; x_wconf 86' lang='lat' dir='ltr'><strong>esse?</strong></span> <span class='ocrx_word' id='word_1_125' title='bbox 2010 631 2138 669; x_wconf 90' lang='lat' dir='ltr'><strong>num</strong></span> <span class='ocrx_word' id='word_1_126' title='bbox 2167 616 2293 686; x_wconf 85' lang='lat' dir='ltr'><strong>quia</strong></span> <span class='ocrx_word' id='word_1_127' title='bbox 2319 616 2568 671; x_wconf 80' lang='lat' dir='ltr'><strong>bifariam</strong></span> <span class='ocrx_word' id='word_1_128' title='bbox 2591 617 2768 671; x_wconf 84' lang='lat' dir='ltr'><strong>diviso</strong></span> <span class='ocrx_word' id='word_1_129' title='bbox 2788 621 3058 672; x_wconf 76' lang='lat' dir='ltr'><strong>exteriore</strong></span> <span class='ocrx_word' id='word_1_130' title='bbox 3082 625 3137 671; x_wconf 93' lang='lat' dir='ltr'><strong>et</strong></span> <span class='ocrx_word' id='word_1_131' title='bbox 3159 616 3418 671; x_wconf 77' lang='lat' dir='ltr'><strong>interiore</strong></span> 
     </span>
    </p>
   </div>
   <div class='ocr_carea' id='block_1_19' title="bbox 1832 703 3418 776">
    <p class='ocr_par' dir='ltr' id='par_1_19' title="bbox 1832 703 3418 776">
     <span class='ocr_line' id='line_1_19' title="bbox 1832 703 3418 776; baseline 0.003 -20"><span class='ocrx_word' id='word_1_132' title='bbox 1832 703 2073 769; x_wconf 82' lang='lat' dir='ltr'><strong>homine,</strong></span> <span class='ocrx_word' id='word_1_133' title='bbox 2108 714 2161 758; x_wconf 92' lang='lat' dir='ltr'><strong>et</strong></span> <span class='ocrx_word' id='word_1_134' title='bbox 2188 705 2240 758; x_wconf 90' lang='lat' dir='ltr'><strong>in</strong></span> <span class='ocrx_word' id='word_1_135' title='bbox 2269 706 2521 774; x_wconf 89' lang='lat' dir='ltr'><strong>sepulcro</strong></span> <span class='ocrx_word' id='word_1_136' title='bbox 2541 745 2556 770; x_wconf 94' lang='lat'><strong>,</strong></span> <span class='ocrx_word' id='word_1_137' title='bbox 2592 715 2646 759; x_wconf 92' lang='lat' dir='ltr'><strong>et</strong></span> <span class='ocrx_word' id='word_1_138' title='bbox 2674 707 2730 760; x_wconf 92' lang='lat' dir='ltr'><strong>in</strong></span> <span class='ocrx_word' id='word_1_139' title='bbox 2755 703 2971 761; x_wconf 81' lang='lat' dir='ltr'><strong>inferno</strong></span> <span class='ocrx_word' id='word_1_140' title='bbox 3003 707 3295 776; x_wconf 78' lang='lat' dir='ltr'><strong>apparuit?</strong></span> <span class='ocrx_word' id='word_1_141' title='bbox 3348 708 3418 762; x_wconf 82' lang='lat' dir='ltr'><strong>At</strong></span> 
     </span>
    </p>
   </div>
   <div class='ocr_carea' id='block_1_20' title="bbox 1833 797 3411 868">
    <p class='ocr_par' dir='ltr' id='par_1_20' title="bbox 1833 797 3411 868">
     <span class='ocr_line' id='line_1_20' title="bbox 1833 797 3411 868; baseline 0.004 -20"><span class='ocrx_word' id='word_1_142' title='bbox 1833 810 1943 849; x_wconf 88' lang='lat' dir='ltr'><strong>non</strong></span> <span class='ocrx_word' id='word_1_143' title='bbox 2000 805 2212 865; x_wconf 90' lang='lat' dir='ltr'><strong>poterat</strong></span> <span class='ocrx_word' id='word_1_144' title='bbox 2261 797 2492 853; x_wconf 89' lang='lat' dir='ltr'><strong>alterum</strong></span> <span class='ocrx_word' id='word_1_145' title='bbox 2543 812 2644 866; x_wconf 89' lang='lat' dir='ltr'><strong>pro</strong></span> <span class='ocrx_word' id='word_1_146' title='bbox 2691 799 2862 854; x_wconf 87' lang='lat' dir='ltr'><strong>altero</strong></span> <span class='ocrx_word' id='word_1_147' title='bbox 2889 798 2945 853; x_wconf 86' lang='lat' dir='ltr'><strong>in</strong></span> <span class='ocrx_word' id='word_1_148' title='bbox 2978 799 3411 868; x_wconf 86' lang='lat' dir='ltr'><strong>redemptionem</strong></span> 
     </span>
    </p>
   </div>
   <div class='ocr_carea' id='block_1_21' title="bbox 1833 887 3414 967">
    <p class='ocr_par' dir='ltr' id='par_1_21' title="bbox 1833 887 3414 967">
     <span class='ocr_line' id='line_1_21' title="bbox 1833 887 3414 967; baseline 0.003 -25"><span class='ocrx_word' id='word_1_149' title='bbox 1833 887 1948 942; x_wconf 85' lang='lat' dir='ltr'><strong>dari</strong></span> <span class='ocrx_word' id='word_1_150' title='bbox 1978 906 1990 941; x_wconf 90' lang='lat'>:</span> <span class='ocrx_word' id='word_1_151' title='bbox 2019 889 2110 942; x_wconf 88' lang='lat' dir='ltr'><strong>sed</strong></span> <span class='ocrx_word' id='word_1_152' title='bbox 2140 904 2337 958; x_wconf 92' lang='lat' dir='ltr'><strong>corpus</strong></span> <span class='ocrx_word' id='word_1_153' title='bbox 2361 905 2458 959; x_wconf 88' lang='lat' dir='ltr'><strong>pro</strong></span> <span class='ocrx_word' id='word_1_154' title='bbox 2489 905 2737 967; x_wconf 79' lang='lat' dir='ltr'><strong>corpore,</strong></span> <span class='ocrx_word' id='word_1_155' title='bbox 2763 899 2816 944; x_wconf 92' lang='lat' dir='ltr'><strong>et</strong></span> <span class='ocrx_word' id='word_1_156' title='bbox 2835 891 3072 946; x_wconf 89' lang='lat' dir='ltr'><strong>animam</strong></span> <span class='ocrx_word' id='word_1_157' title='bbox 3101 906 3201 961; x_wconf 89' lang='lat' dir='ltr'><strong>pro</strong></span> <span class='ocrx_word' id='word_1_158' title='bbox 3227 891 3414 946; x_wconf 88' lang='lat' dir='ltr'><strong>anima</strong></span> 
     </span>
    </p>
   </div>
   <div class='ocr_carea' id='block_1_22' title="bbox 1834 979 3412 1052">
    <p class='ocr_par' dir='ltr' id='par_1_22' title="bbox 1834 979 3412 1052">
     <span class='ocr_line' id='line_1_22' title="bbox 1834 979 3412 1052; baseline 0.003 -21"><span class='ocrx_word' id='word_1_159' title='bbox 1834 979 2001 1042; x_wconf 88' lang='lat' dir='ltr'><strong>dedit,</strong></span> <span class='ocrx_word' id='word_1_160' title='bbox 2037 995 2101 1032; x_wconf 89' lang='lat' dir='ltr'><strong>ac</strong></span> <span class='ocrx_word' id='word_1_161' title='bbox 2128 979 2420 1050; x_wconf 80' lang='lat' dir='ltr'><strong>perfectam</strong></span> <span class='ocrx_word' id='word_1_162' title='bbox 2458 981 2864 1036; x_wconf 83' lang='lat' dir='ltr'><strong>Subsistentiam</strong></span> <span class='ocrx_word' id='word_1_163' title='bbox 2897 998 2994 1052; x_wconf 87' lang='lat' dir='ltr'><strong>pro</strong></span> <span class='ocrx_word' id='word_1_164' title='bbox 3025 991 3137 1036; x_wconf 88' lang='lat' dir='ltr'><strong>toto</strong></span> <span class='ocrx_word' id='word_1_165' title='bbox 3166 983 3412 1036; x_wconf 80' lang='lat' dir='ltr'><strong>homine.</strong></span> 
     </span>
    </p>
   </div>
   <div class='ocr_carea' id='block_1_23' title="bbox 1835 1067 3415 1142">
    <p class='ocr_par' dir='ltr' id='par_1_23' title="bbox 1835 1067 3415 1142">
     <span class='ocr_line' id='line_1_23' title="bbox 1835 1067 3415 1142; baseline 0.004 -22"><span class='ocrx_word' id='word_1_166' title='bbox 1835 1067 1961 1123; x_wconf 66' lang='lat' dir='ltr'><strong>[hec</strong></span> <span class='ocrx_word' id='word_1_167' title='bbox 1994 1078 2075 1124; x_wconf 91' lang='lat' dir='ltr'><strong>est</strong></span> <span class='ocrx_word' id='word_1_168' title='bbox 2096 1070 2296 1124; x_wconf 80' lang='lat' dir='ltr'><strong>Christi</strong></span> <span class='ocrx_word' id='word_1_169' title='bbox 2319 1071 2696 1135; x_wconf 87' lang='lat' dir='ltr'><strong>commutatio,</strong></span> <span class='ocrx_word' id='word_1_170' title='bbox 2727 1087 2889 1141; x_wconf 91' lang='lat' dir='ltr'><strong>quam</strong></span> <span class='ocrx_word' id='word_1_171' title='bbox 2937 1073 2991 1124; x_wconf 93' lang='lat' dir='ltr'><strong>in</strong></span> <span class='ocrx_word' id='word_1_172' title='bbox 3015 1087 3176 1126; x_wconf 87' lang='lat' dir='ltr'><strong>cruce</strong></span> <span class='ocrx_word' id='word_1_173' title='bbox 3202 1073 3415 1142; x_wconf 82' lang='lat' dir='ltr'><strong>probris</strong></span> 
     </span>
    </p>
   </div>
   <div class='ocr_carea' id='block_1_24' title="bbox 1835 1159 3411 1231">
    <p class='ocr_par' dir='ltr' id='par_1_24' title="bbox 1835 1159 3411 1231">
     <span class='ocr_line' id='line_1_24' title="bbox 1835 1159 3411 1231; baseline 0.003 -19"><span class='ocrx_word' id='word_1_174' title='bbox 1835 1159 2062 1214; x_wconf 78' lang='lat' dir='ltr'><strong>aﬂecere</strong></span> <span class='ocrx_word' id='word_1_175' title='bbox 2086 1161 2209 1214; x_wconf 80' lang='lat' dir='ltr'><strong>vita:</strong></span> <span class='ocrx_word' id='word_1_176' title='bbox 2237 1161 2444 1215; x_wconf 90' lang='lat' dir='ltr'><strong>inimici</strong></span> <span class='ocrx_word' id='word_1_177' title='bbox 2474 1160 2666 1227; x_wconf 69' lang='lat' dir='ltr'><strong>Judtei,</strong></span> <span class='ocrx_word' id='word_1_178' title='bbox 2694 1171 3080 1231; x_wconf 62' lang='lat' dir='ltr'><strong>praetereuntes</strong></span> <span class='ocrx_word' id='word_1_179' title='bbox 3103 1173 3157 1217; x_wconf 89' lang='lat' dir='ltr'><strong>et</strong></span> <span class='ocrx_word' id='word_1_180' title='bbox 3187 1179 3411 1218; x_wconf 82' lang='lat' dir='ltr'><strong>moven-</strong></span> 
     </span>
    </p>
   </div>
   <div class='ocr_carea' id='block_1_25' title="bbox 1835 1250 3410 1322">
    <p class='ocr_par' dir='ltr' id='par_1_25' title="bbox 1835 1250 3410 1322">
     <span class='ocr_line' id='line_1_25' title="bbox 1835 1250 3410 1322; baseline 0.003 -18"><span class='ocrx_word' id='word_1_181' title='bbox 1835 1257 1918 1305; x_wconf 90' lang='lat' dir='ltr'><strong>tes</strong></span> <span class='ocrx_word' id='word_1_182' title='bbox 1949 1251 2126 1320; x_wconf 84' lang='lat' dir='ltr'><strong>capita</strong></span> <span class='ocrx_word' id='word_1_183' title='bbox 2161 1267 2283 1306; x_wconf 92' lang='lat' dir='ltr'><strong>sua.</strong></span> <span class='ocrx_word' id='word_1_184' title='bbox 2316 1250 2502 1322; x_wconf 89' lang='lat' dir='ltr'><strong>Neque</strong></span> <span class='ocrx_word' id='word_1_185' title='bbox 2524 1254 2667 1306; x_wconf 88' lang='lat' dir='ltr'><strong>enim</strong></span> <span class='ocrx_word' id='word_1_186' title='bbox 2693 1253 2851 1308; x_wconf 65' lang='lat' dir='ltr'><strong>nudae</strong></span> <span class='ocrx_word' id='word_1_187' title='bbox 2876 1253 3100 1308; x_wconf 87' lang='lat' dir='ltr'><strong>Deitatis</strong></span> <span class='ocrx_word' id='word_1_188' title='bbox 3127 1270 3410 1309; x_wconf 86' lang='lat' dir='ltr'><strong>accessum</strong></span> 
     </span>
    </p>
   </div>
   <div class='ocr_carea' id='block_1_26' title="bbox 1837 1341 3414 1420">
    <p class='ocr_par' dir='ltr' id='par_1_26' title="bbox 1837 1341 3414 1420">
     <span class='ocr_line' id='line_1_26' title="bbox 1837 1341 3414 1420; baseline 0.003 -24"><span class='ocrx_word' id='word_1_189' title='bbox 1837 1341 2086 1399; x_wconf 83' lang='lat' dir='ltr'><strong>infernus</strong></span> <span class='ocrx_word' id='word_1_190' title='bbox 2123 1343 2288 1415; x_wconf 70' lang='grc'><strong>748</strong></span> <span class='ocrx_word' id='word_1_191' title='bbox 2321 1343 2678 1400; x_wconf 89' lang='lat' dir='ltr'><strong>sustinuisset</strong></span> <span class='ocrx_word' id='word_1_192' title='bbox 2711 1364 2723 1400; x_wconf 92' lang='lat'>:</span> <span class='ocrx_word' id='word_1_193' title='bbox 2759 1345 2864 1400; x_wconf 93' lang='lat' dir='ltr'><strong>hoc</strong></span> <span class='ocrx_word' id='word_1_194' title='bbox 2919 1355 2973 1401; x_wconf 92' lang='lat' dir='ltr'><strong>et</strong></span> <span class='ocrx_word' id='word_1_195' title='bbox 3033 1347 3308 1416; x_wconf 73' lang='lat' dir='ltr'><strong>propheta:</strong></span> <span class='ocrx_word' id='word_1_196' title='bbox 3359 1355 3414 1420; x_wconf 70' lang='lat' dir='ltr'><strong>et</strong></span> 
     </span>
    </p>
   </div>
   <div class='ocr_carea' id='block_1_27' title="bbox 1831 1431 2390 1500">
    <p class='ocr_par' dir='ltr' id='par_1_27' title="bbox 1831 1431 2390 1500">
     <span class='ocr_line' id='line_1_27' title="bbox 1831 1431 2390 1500; baseline 0.007 -17"><span class='ocrx_word' id='word_1_197' title='bbox 1831 1431 2064 1500; x_wconf 84' lang='lat' dir='ltr'><strong>apostoli</strong></span> <span class='ocrx_word' id='word_1_198' title='bbox 2100 1440 2390 1487; x_wconf 87' lang='lat' dir='ltr'><strong>testantur.</strong></span> 
     </span>
    </p>
   </div>
   <div class='ocr_carea' id='block_1_28' title="bbox 139 1519 3413 1598">
    <p class='ocr_par' dir='ltr' id='par_1_28' title="bbox 139 1519 3413 1598">
     <span class='ocr_line' id='line_1_28' title="bbox 139 1519 3413 1598; baseline 0.002 -24"><span class='ocrx_word' id='word_1_199' title='bbox 139 1523 324 1591; x_wconf 80' lang='grc' dir='ltr'><strong>φαλὰς</strong></span> <span class='ocrx_word' id='word_1_200' title='bbox 354 1523 552 1576; x_wconf 83' lang='grc' dir='ltr'><strong>αὐτῶν.</strong></span> <span class='ocrx_word' id='word_1_201' title='bbox 598 1522 734 1575; x_wconf 80' lang='grc' dir='ltr'><strong>Οὔτε</strong></span> <span class='ocrx_word' id='word_1_202' title='bbox 783 1522 892 1593; x_wconf 84' lang='grc' dir='ltr'><strong>γὰρ</strong></span> <span class='ocrx_word' id='word_1_203' title='bbox 943 1524 972 1575; x_wconf 91' lang='lat'><strong>6</strong></span> <span class='ocrx_word' id='word_1_204' title='bbox 1012 1521 1146 1594; x_wconf 70' lang='grc' dir='ltr'><strong>ᾅδης</strong></span> <span class='ocrx_word' id='word_1_205' title='bbox 1190 1522 1419 1593; x_wconf 73' lang='grc' dir='ltr'><strong>ἤνεγκεν</strong></span> <span class='ocrx_word' id='word_1_206' title='bbox 1478 1519 1946 1592; x_wconf 71' lang='grc' dir='ltr'><strong>ἀπαρακαλύπτω</strong></span> <span class='ocrx_word' id='word_1_207' title='bbox 2002 1521 2254 1592; x_wconf 86' lang='grc' dir='ltr'><strong>θεότητος</strong></span> <span class='ocrx_word' id='word_1_208' title='bbox 2310 1521 2582 1576; x_wconf 74' lang='grc' dir='ltr'><strong>ἐπίϐασινο</strong></span> <span class='ocrx_word' id='word_1_209' title='bbox 2639 1523 2797 1577; x_wconf 89' lang='grc' dir='ltr'><strong>τοῦτο</strong></span> <span class='ocrx_word' id='word_1_210' title='bbox 2852 1526 2946 1578; x_wconf 77' lang='grc' dir='ltr'><strong>καὶ</strong></span> <span class='ocrx_word' id='word_1_211' title='bbox 2999 1527 3274 1598; x_wconf 79' lang='grc' dir='ltr'><strong>προφῆται</strong></span> <span class='ocrx_word' id='word_1_212' title='bbox 3318 1527 3413 1580; x_wconf 77' lang='grc' dir='ltr'><strong>καὶ</strong></span> 
     </span>
    </p>
   </div>
   <div class='ocr_carea' id='block_1_29' title="bbox 137 1613 860 1686">
    <p class='ocr_par' dir='ltr' id='par_1_29' title="bbox 137 1613 860 1686">
     <span class='ocr_line' id='line_1_29' title="bbox 137 1613 860 1686; baseline -0.001 -19"><span class='ocrx_word' id='word_1_213' title='bbox 137 1613 434 1667; x_wconf 82' lang='grc' dir='ltr'><strong>ἀπόστολοι</strong></span> <span class='ocrx_word' id='word_1_214' title='bbox 470 1613 860 1686; x_wconf 86' lang='grc' dir='ltr'><strong>μαρτυροῦσιν.</strong></span> 
     </span>
    </p>
   </div>
   <div class='ocr_carea' id='block_1_30' title="bbox 218 1704 1725 1776">
    <p class='ocr_par' dir='ltr' id='par_1_30' title="bbox 218 1704 1725 1776">
     <span class='ocr_line' id='line_1_30' title="bbox 218 1704 1725 1776; baseline -0.002 -17"><span class='ocrx_word' id='word_1_215' title='bbox 218 1705 306 1759; x_wconf 82' lang='grc'><strong>18.</strong></span> <span class='ocrx_word' id='word_1_216' title='bbox 335 1707 490 1759; x_wconf 88' lang='grc' dir='ltr'><strong>Ἔστι</strong></span> <span class='ocrx_word' id='word_1_217' title='bbox 508 1706 564 1758; x_wconf 87' lang='grc' dir='ltr'><strong>δὲ</strong></span> <span class='ocrx_word' id='word_1_218' title='bbox 591 1707 686 1759; x_wconf 79' lang='grc' dir='ltr'><strong>καὶ</strong></span> <span class='ocrx_word' id='word_1_219' title='bbox 725 1708 817 1761; x_wconf 74' lang='grc' dir='ltr'><strong>ἐπὶ</strong></span> <span class='ocrx_word' id='word_1_220' title='bbox 849 1707 949 1776; x_wconf 79' lang='grc' dir='ltr'><strong>τῆς</strong></span> <span class='ocrx_word' id='word_1_221' title='bbox 993 1704 1087 1758; x_wconf 87' lang='grc' dir='ltr'><strong>τοῦ</strong></span> <span class='ocrx_word' id='word_1_222' title='bbox 1137 1704 1369 1776; x_wconf 91' lang='grc' dir='ltr'><strong>σταυροῦ</strong></span> <span class='ocrx_word' id='word_1_223' title='bbox 1419 1704 1725 1774; x_wconf 82' lang='grc' dir='ltr'><strong>οἰκονομίας</strong></span> 
     </span>
    </p>
   </div>
   <div class='ocr_carea' id='block_1_31' title="bbox 1905 1680 3412 1765">
    <p class='ocr_par' dir='ltr' id='par_1_31' title="bbox 1905 1680 3412 1765">
     <span class='ocr_line' id='line_1_31' title="bbox 1905 1680 3412 1765; baseline 0.007 -13"><span class='ocrx_word' id='word_1_224' title='bbox 1905 1699 1989 1753; x_wconf 83' lang='grc'><strong>18.</strong></span> <span class='ocrx_word' id='word_1_225' title='bbox 2025 1697 2179 1764; x_wconf 86' lang='lat' dir='ltr'><strong>Quod</strong></span> <span class='ocrx_word' id='word_1_226' title='bbox 2210 1680 2388 1755; x_wconf 69' lang='lat' dir='ltr'><strong>autem</strong></span> <span class='ocrx_word' id='word_1_227' title='bbox 2417 1701 2622 1756; x_wconf 87' lang='lat' dir='ltr'><strong>dictum</strong></span> <span class='ocrx_word' id='word_1_228' title='bbox 2655 1708 2738 1755; x_wconf 88' lang='lat' dir='ltr'><strong>est</strong></span> <span class='ocrx_word' id='word_1_229' title='bbox 2761 1740 2776 1765; x_wconf 88' lang='lat'><strong>,</strong></span> <span class='ocrx_word' id='word_1_230' title='bbox 2810 1701 2864 1756; x_wconf 91' lang='lat' dir='ltr'><strong>in</strong></span> <span class='ocrx_word' id='word_1_231' title='bbox 2895 1705 3076 1760; x_wconf 89' lang='lat' dir='ltr'><strong>crucis</strong></span> <span class='ocrx_word' id='word_1_232' title='bbox 3105 1710 3412 1763; x_wconf 83' lang='lat' dir='ltr'><strong>oeconomia</strong></span> 
     </span>
    </p>
   </div>
   <div class='ocr_carea' id='block_1_32' title="bbox 138 1792 1722 1873">
    <p class='ocr_par' dir='ltr' id='par_1_32' title="bbox 138 1796 1722 1869">
     <span class='ocr_line' id='line_1_32' title="bbox 138 1796 1722 1869; baseline -0.001 -19"><span class='ocrx_word' id='word_1_233' title='bbox 138 1797 379 1850; x_wconf 82' lang='grc' dir='ltr'><strong>συνιδεῖν</strong></span> <span class='ocrx_word' id='word_1_234' title='bbox 400 1796 460 1850; x_wconf 84' lang='grc' dir='ltr'><strong>τὸ</strong></span> <span class='ocrx_word' id='word_1_235' title='bbox 488 1797 815 1868; x_wconf 60' lang='grc' dir='ltr'><strong>λεγόμενον,</strong></span> <span class='ocrx_word' id='word_1_236' title='bbox 841 1799 988 1862; x_wconf 79' lang='grc' dir='ltr'><strong>ὅπως</strong></span> <span class='ocrx_word' id='word_1_237' title='bbox 1019 1801 1047 1851; x_wconf 92' lang='lat'><strong>6</strong></span> <span class='ocrx_word' id='word_1_238' title='bbox 1092 1796 1295 1869; x_wconf 88' lang='grc' dir='ltr'><strong>Κύριος</strong></span> <span class='ocrx_word' id='word_1_239' title='bbox 1328 1799 1393 1867; x_wconf 78' lang='grc' dir='ltr'><strong>τῇ</strong></span> <span class='ocrx_word' id='word_1_240' title='bbox 1443 1797 1538 1867; x_wconf 76' lang='grc' dir='ltr'><strong>μὲν</strong></span> <span class='ocrx_word' id='word_1_241' title='bbox 1594 1813 1722 1867; x_wconf 87' lang='grc' dir='ltr'><strong>προ-</strong></span> 
     </span>
    </p>
   </div>
   <div class='ocr_carea' id='block_1_33' title="bbox 1838 1792 3409 1873">
    <p class='ocr_par' dir='ltr' id='par_1_33' title="bbox 1838 1792 3409 1864">
     <span class='ocr_line' id='line_1_33' title="bbox 1838 1792 3409 1864; baseline 0.008 -19"><span class='ocrx_word' id='word_1_242' title='bbox 1838 1792 2263 1848; x_wconf 83' lang='lat' dir='ltr'><strong>animadvertere</strong></span> <span class='ocrx_word' id='word_1_243' title='bbox 2311 1794 2434 1847; x_wconf 92' lang='lat' dir='ltr'><strong>licet</strong></span> <span class='ocrx_word' id='word_1_244' title='bbox 2471 1811 2484 1848; x_wconf 86' lang='lat'><strong>:</strong></span> <span class='ocrx_word' id='word_1_245' title='bbox 2519 1809 2628 1863; x_wconf 88' lang='lat' dir='ltr'><strong>quo</strong></span> <span class='ocrx_word' id='word_1_246' title='bbox 2676 1805 2835 1864; x_wconf 90' lang='lat' dir='ltr'><strong>pacto</strong></span> <span class='ocrx_word' id='word_1_247' title='bbox 2883 1797 3092 1852; x_wconf 87' lang='lat' dir='ltr'><strong>scilicet</strong></span> <span class='ocrx_word' id='word_1_248' title='bbox 3140 1799 3409 1857; x_wconf 89' lang='lat' dir='ltr'><strong>Dominus</strong></span> 
     </span>
    </p>
   </div>
   <div class='ocr_carea' id='block_1_34' title="bbox 137 1887 1728 1961">
    <p class='ocr_par' dir='ltr' id='par_1_34' title="bbox 137 1887 1728 1961">
     <span class='ocr_line' id='line_1_34' title="bbox 137 1887 1728 1961; baseline -0.001 -21"><span class='ocrx_word' id='word_1_249' title='bbox 137 1887 275 1958; x_wconf 77' lang='grc' dir='ltr'><strong>ϐολῇ</strong></span> <span class='ocrx_word' id='word_1_250' title='bbox 304 1887 400 1941; x_wconf 86' lang='grc' dir='ltr'><strong>τοῦ</strong></span> <span class='ocrx_word' id='word_1_251' title='bbox 454 1889 683 1960; x_wconf 78' lang='grc' dir='ltr'><strong>αἵματος</strong></span> <span class='ocrx_word' id='word_1_252' title='bbox 722 1891 822 1960; x_wconf 86' lang='grc' dir='ltr'><strong>τὴν</strong></span> <span class='ocrx_word' id='word_1_253' title='bbox 871 1889 1193 1961; x_wconf 79' lang='grc' dir='ltr'><strong>βεϐαιότητα</strong></span> <span class='ocrx_word' id='word_1_254' title='bbox 1227 1889 1327 1960; x_wconf 82' lang='grc' dir='ltr'><strong>τῆς</strong></span> <span class='ocrx_word' id='word_1_255' title='bbox 1372 1888 1573 1960; x_wconf 84' lang='grc' dir='ltr'><strong>σαρκὸς</strong></span> <span class='ocrx_word' id='word_1_256' title='bbox 1629 1889 1728 1940; x_wconf 84' lang='grc' dir='ltr'><strong>ἐπ-</strong></span> 
     </span>
    </p>
   </div>
   <div class='ocr_carea' id='block_1_35' title="bbox 137 1978 1729 2053">
    <p class='ocr_par' dir='ltr' id='par_1_35' title="bbox 137 1978 1729 2053">
     <span class='ocr_line' id='line_1_35' title="bbox 137 1978 1729 2053; baseline -0.001 -22"><span class='ocrx_word' id='word_1_257' title='bbox 137 1979 442 2033; x_wconf 83' lang='grc' dir='ltr'><strong>εδείκνυτο’</strong></span> <span class='ocrx_word' id='word_1_258' title='bbox 488 1984 551 2052; x_wconf 80' lang='grc' dir='ltr'><strong>τῇ</strong></span> <span class='ocrx_word' id='word_1_259' title='bbox 582 1982 637 2034; x_wconf 84' lang='grc' dir='ltr'><strong>δὲ</strong></span> <span class='ocrx_word' id='word_1_260' title='bbox 667 1981 944 2053; x_wconf 82' lang='grc' dir='ltr'><strong>προσθήκῃ</strong></span> <span class='ocrx_word' id='word_1_261' title='bbox 978 1981 1072 2034; x_wconf 91' lang='grc' dir='ltr'><strong>τοῦ</strong></span> <span class='ocrx_word' id='word_1_262' title='bbox 1107 1980 1294 2043; x_wconf 81' lang='grc' dir='ltr'><strong>ὓδατος</strong></span> <span class='ocrx_word' id='word_1_263' title='bbox 1322 1978 1418 2049; x_wconf 75' lang='grc' dir='ltr'><strong>τὴν</strong></span> <span class='ocrx_word' id='word_1_264' title='bbox 1467 1979 1729 2049; x_wconf 68' lang='grc' dir='ltr'><strong>ἄχραντον</strong></span> 
     </span>
    </p>
   </div>
   <div class='ocr_carea' id='block_1_36' title="bbox 136 2070 1727 2143">
    <p class='ocr_par' dir='ltr' id='par_1_36' title="bbox 136 2070 1727 2143">
     <span class='ocr_line' id='line_1_36' title="bbox 136 2070 1727 2143; baseline -0.001 -19"><span class='ocrx_word' id='word_1_265' title='bbox 136 2071 492 2143; x_wconf 79' lang='grc' dir='ltr'><strong>καθαρότητα</strong></span> <span class='ocrx_word' id='word_1_266' title='bbox 513 2073 722 2143; x_wconf 78' lang='grc' dir='ltr'><strong>ἐδήλου,</strong></span> <span class='ocrx_word' id='word_1_267' title='bbox 761 2074 855 2127; x_wconf 77' lang='grc' dir='ltr'><strong>καὶ</strong></span> <span class='ocrx_word' id='word_1_268' title='bbox 899 2074 980 2126; x_wconf 82' lang='grc' dir='ltr'><strong>ὅτι</strong></span> <span class='ocrx_word' id='word_1_269' title='bbox 1008 2071 1101 2125; x_wconf 87' lang='grc' dir='ltr'><strong>τοῦ</strong></span> <span class='ocrx_word' id='word_1_270' title='bbox 1135 2071 1266 2125; x_wconf 84' lang='grc' dir='ltr'><strong>Θεοῦ</strong></span> <span class='ocrx_word' id='word_1_271' title='bbox 1299 2071 1358 2124; x_wconf 85' lang='grc' dir='ltr'><strong>τὸ</strong></span> <span class='ocrx_word' id='word_1_272' title='bbox 1392 2070 1568 2139; x_wconf 52' lang='grc' dir='ltr'><strong>σῶμα</strong></span> <span class='ocrx_word' id='word_1_273' title='bbox 1597 2071 1727 2141; x_wconf 87' lang='grc' dir='ltr'><strong>κρά-</strong></span> 
     </span>
    </p>
   </div>
   <div class='ocr_carea' id='block_1_37' title="bbox 138 2161 1729 2234">
    <p class='ocr_par' dir='ltr' id='par_1_37' title="bbox 138 2161 1729 2234">
     <span class='ocr_line' id='line_1_37' title="bbox 138 2161 1729 2234; baseline -0.001 -20"><span class='ocrx_word' id='word_1_274' title='bbox 138 2164 242 2226; x_wconf 81' lang='grc' dir='ltr'><strong>ξας</strong></span> <span class='ocrx_word' id='word_1_275' title='bbox 274 2161 331 2214; x_wconf 83' lang='grc' dir='ltr'><strong>δὲ</strong></span> <span class='ocrx_word' id='word_1_276' title='bbox 367 2163 459 2216; x_wconf 76' lang='grc' dir='ltr'><strong>καὶ</strong></span> <span class='ocrx_word' id='word_1_277' title='bbox 493 2163 678 2227; x_wconf 78' lang='grc' dir='ltr'><strong>κλίνας</strong></span> <span class='ocrx_word' id='word_1_278' title='bbox 724 2165 822 2229; x_wconf 87' lang='grc' dir='ltr'><strong>τὴν</strong></span> <span class='ocrx_word' id='word_1_279' title='bbox 885 2163 1146 2234; x_wconf 74' lang='grc' dir='ltr'><strong>κεφαλὴν,</strong></span> <span class='ocrx_word' id='word_1_280' title='bbox 1199 2163 1292 2216; x_wconf 76' lang='grc' dir='ltr'><strong>καὶ</strong></span> <span class='ocrx_word' id='word_1_281' title='bbox 1342 2161 1615 2232; x_wconf 76' lang='grc' dir='ltr'><strong>παραδοὺς</strong></span> <span class='ocrx_word' id='word_1_282' title='bbox 1669 2161 1729 2213; x_wconf 88' lang='grc' dir='ltr'><strong>τὸ</strong></span> 
     </span>
    </p>
   </div>
   <div class='ocr_carea' id='block_1_38' title="bbox 138 2252 1728 2324">
    <p class='ocr_par' dir='ltr' id='par_1_38' title="bbox 138 2252 1728 2324">
     <span class='ocr_line' id='line_1_38' title="bbox 138 2252 1728 2324; baseline 0 -20"><span class='ocrx_word' id='word_1_283' title='bbox 138 2252 388 2323; x_wconf 84' lang='grc' dir='ltr'><strong>πνεῦμα,</strong></span> <span class='ocrx_word' id='word_1_284' title='bbox 419 2253 479 2306; x_wconf 83' lang='grc' dir='ltr'><strong>τὸ</strong></span> <span class='ocrx_word' id='word_1_285' title='bbox 504 2253 704 2307; x_wconf 75' lang='grc' dir='ltr'><strong>ἔσωθεν</strong></span> <span class='ocrx_word' id='word_1_286' title='bbox 731 2253 826 2308; x_wconf 87' lang='grc' dir='ltr'><strong>τοῦ</strong></span> <span class='ocrx_word' id='word_1_287' title='bbox 855 2255 986 2308; x_wconf 82' lang='grc' dir='ltr'><strong>ἰδίου</strong></span> <span class='ocrx_word' id='word_1_288' title='bbox 1036 2253 1306 2324; x_wconf 83' lang='grc' dir='ltr'><strong>σώματος,</strong></span> <span class='ocrx_word' id='word_1_289' title='bbox 1351 2252 1592 2305; x_wconf 81' lang='grc' dir='ltr'><strong>τουτέστι</strong></span> <span class='ocrx_word' id='word_1_290' title='bbox 1629 2253 1728 2323; x_wconf 85' lang='grc' dir='ltr'><strong>τὴν</strong></span> 
     </span>
    </p>
   </div>
   <div class='ocr_carea' id='block_1_39' title="bbox 136 2339 1728 2414">
    <p class='ocr_par' dir='ltr' id='par_1_39' title="bbox 136 2339 1728 2414">
     <span class='ocr_line' id='line_1_39' title="bbox 136 2339 1728 2414; baseline -0.002 -21"><span class='ocrx_word' id='word_1_291' title='bbox 136 2341 327 2412; x_wconf 73' lang='grc' dir='ltr'><strong>ψυχὴν</strong></span> <span class='ocrx_word' id='word_1_292' title='bbox 357 2343 613 2413; x_wconf 80' lang='grc' dir='ltr'><strong>ὲσήμανε·</strong></span> <span class='ocrx_word' id='word_1_293' title='bbox 674 2342 803 2414; x_wconf 78' lang='grc' dir='ltr'><strong>περὶ</strong></span> <span class='ocrx_word' id='word_1_294' title='bbox 856 2339 922 2413; x_wconf 81' lang='grc' dir='ltr'><strong>ἦς</strong></span> <span class='ocrx_word' id='word_1_295' title='bbox 957 2341 1050 2394; x_wconf 78' lang='grc' dir='ltr'><strong>καὶ</strong></span> <span class='ocrx_word' id='word_1_296' title='bbox 1107 2342 1347 2411; x_wconf 72' lang='grc' dir='ltr'><strong>εἴρηκεν,</strong></span> <span class='ocrx_word' id='word_1_297' title='bbox 1396 2339 1476 2390; x_wconf 82' lang='grc' dir='ltr'><strong>ὅτι</strong></span> <span class='ocrx_word' id='word_1_298' title='bbox 1531 2339 1728 2406; x_wconf 82' lang='grc' dir='ltr'><strong>Τίθημι</strong></span> 
     </span>
    </p>
   </div>
   <div class='ocr_carea' id='block_1_40' title="bbox 137 2429 1727 2502">
    <p class='ocr_par' dir='ltr' id='par_1_40' title="bbox 137 2429 1727 2502">
     <span class='ocr_line' id='line_1_40' title="bbox 137 2429 1727 2502; baseline -0.006 -14"><span class='ocrx_word' id='word_1_299' title='bbox 137 2434 301 2502; x_wconf 83' lang='grc' dir='ltr'><strong>ὑπὲρ</strong></span> <span class='ocrx_word' id='word_1_300' title='bbox 374 2432 494 2487; x_wconf 79' lang='grc' dir='ltr'><strong>τῶν</strong></span> <span class='ocrx_word' id='word_1_301' title='bbox 578 2433 886 2502; x_wconf 75' lang='grc' dir='ltr'><strong>προϐάτων</strong></span> <span class='ocrx_word' id='word_1_302' title='bbox 958 2432 1077 2486; x_wconf 81' lang='grc' dir='ltr'><strong>τῶν</strong></span> <span class='ocrx_word' id='word_1_303' title='bbox 1149 2430 1324 2500; x_wconf 76' lang='grc' dir='ltr'><strong>ἐμῶν.</strong></span> <span class='ocrx_word' id='word_1_304' title='bbox 1402 2430 1562 2481; x_wconf 83' lang='grc' dir='ltr'><strong>Ὥστε</strong></span> <span class='ocrx_word' id='word_1_305' title='bbox 1628 2429 1727 2499; x_wconf 84' lang='grc' dir='ltr'><strong>τὴν</strong></span> 
     </span>
    </p>
   </div>
   <div class='ocr_carea' id='block_1_41' title="bbox 138 2519 1728 2593">
    <p class='ocr_par' dir='ltr' id='par_1_41' title="bbox 138 2519 1728 2593">
     <span class='ocr_line' id='line_1_41' title="bbox 138 2519 1728 2593; baseline -0.005 -15"><span class='ocrx_word' id='word_1_306' title='bbox 138 2526 437 2578; x_wconf 81' lang='grc' dir='ltr'><strong>ἕκπνευσιν</strong></span> <span class='ocrx_word' id='word_1_307' title='bbox 462 2525 561 2578; x_wconf 83' lang='grc' dir='ltr'><strong>οὐκ</strong></span> <span class='ocrx_word' id='word_1_308' title='bbox 581 2525 643 2579; x_wconf 78' lang='grc' dir='ltr'><strong>ἄν</strong></span> <span class='ocrx_word' id='word_1_309' title='bbox 665 2542 750 2588; x_wconf 89' lang='grc' dir='ltr'><strong>τις</strong></span> <span class='ocrx_word' id='word_1_310' title='bbox 776 2523 919 2577; x_wconf 73' lang='grc' dir='ltr'><strong>εἴποι</strong></span> <span class='ocrx_word' id='word_1_311' title='bbox 937 2523 1186 2593; x_wconf 88' lang='grc' dir='ltr'><strong>θεότητος</strong></span> <span class='ocrx_word' id='word_1_312' title='bbox 1218 2521 1560 2593; x_wconf 86' lang='grc' dir='ltr'><strong>μετάστασιν,</strong></span> <span class='ocrx_word' id='word_1_313' title='bbox 1591 2519 1728 2572; x_wconf 88' lang='grc' dir='ltr'><strong>ἀλλά</strong></span> 
     </span>
    </p>
   </div>
   <div class='ocr_carea' id='block_1_42' title="bbox 136 2610 1728 2685">
    <p class='ocr_par' dir='ltr' id='par_1_42' title="bbox 136 2610 1728 2685">
     <span class='ocr_line' id='line_1_42' title="bbox 136 2610 1728 2685; baseline -0.002 -18"><span class='ocrx_word' id='word_1_314' title='bbox 136 2615 326 2685; x_wconf 78' lang='grc' dir='ltr'><strong>ψυχῆς</strong></span> <span class='ocrx_word' id='word_1_315' title='bbox 359 2613 728 2685; x_wconf 82' lang='grc' dir='ltr'><strong>ἀποχώρησιν.</strong></span> <span class='ocrx_word' id='word_1_316' title='bbox 763 2615 825 2667; x_wconf 86' lang='grc' dir='ltr'><strong>Εἰ</strong></span> <span class='ocrx_word' id='word_1_317' title='bbox 851 2615 959 2685; x_wconf 81' lang='grc' dir='ltr'><strong>γὰρ</strong></span> <span class='ocrx_word' id='word_1_318' title='bbox 996 2613 1134 2667; x_wconf 85' lang='grc' dir='ltr'><strong>κατὰ</strong></span> <span class='ocrx_word' id='word_1_319' title='bbox 1181 2615 1508 2683; x_wconf 80' lang='grc' dir='ltr'><strong>μετάστασιν</strong></span> <span class='ocrx_word' id='word_1_320' title='bbox 1541 2610 1728 2680; x_wconf 87' lang='grc' dir='ltr'><strong>θεότη-</strong></span> 
     </span>
    </p>
   </div>
   <div class='ocr_carea' id='block_1_43' title="bbox 138 2704 1724 2776">
    <p class='ocr_par' dir='ltr' id='par_1_43' title="bbox 138 2704 1724 2776">
     <span class='ocr_line' id='line_1_43' title="bbox 138 2704 1724 2776; baseline -0.002 -17"><span class='ocrx_word' id='word_1_321' title='bbox 138 2723 235 2769; x_wconf 88' lang='grc' dir='ltr'><strong>τος</strong></span> <span class='ocrx_word' id='word_1_322' title='bbox 261 2707 290 2758; x_wconf 90' lang='lat'><strong>6</strong></span> <span class='ocrx_word' id='word_1_323' title='bbox 313 2705 538 2770; x_wconf 86' lang='grc' dir='ltr'><strong>θάνατος</strong></span> <span class='ocrx_word' id='word_1_324' title='bbox 569 2705 754 2775; x_wconf 82' lang='grc' dir='ltr'><strong>γέγονε</strong></span> <span class='ocrx_word' id='word_1_325' title='bbox 790 2705 884 2759; x_wconf 74' lang='grc' dir='ltr'><strong>καὶ</strong></span> <span class='ocrx_word' id='word_1_326' title='bbox 927 2708 959 2776; x_wconf 81' lang='grc' dir='ltr'>ἡ</span> <span class='ocrx_word' id='word_1_327' title='bbox 1017 2705 1111 2758; x_wconf 90' lang='grc' dir='ltr'><strong>τοῦ</strong></span> <span class='ocrx_word' id='word_1_328' title='bbox 1146 2704 1394 2776; x_wconf 87' lang='grc' dir='ltr'><strong>σώματος</strong></span> <span class='ocrx_word' id='word_1_329' title='bbox 1441 2705 1724 2774; x_wconf 88' lang='grc' dir='ltr'><strong>νέκρωσις,</strong></span> 
     </span>
    </p>
   </div>
   <div class='ocr_carea' id='block_1_44' title="bbox 140 2795 1721 2867">
    <p class='ocr_par' dir='ltr' id='par_1_44' title="bbox 140 2795 1721 2867">
     <span class='ocr_line' id='line_1_44' title="bbox 140 2795 1721 2867; baseline -0.001 -17"><span class='ocrx_word' id='word_1_330' title='bbox 140 2799 276 2850; x_wconf 78' lang='grc' dir='ltr'><strong>ῐδιον</strong></span> <span class='ocrx_word' id='word_1_331' title='bbox 309 2795 417 2867; x_wconf 80' lang='grc' dir='ltr'><strong>ἄρα</strong></span> <span class='ocrx_word' id='word_1_332' title='bbox 438 2797 665 2850; x_wconf 88' lang='grc' dir='ltr'><strong>θάνατον</strong></span> <span class='ocrx_word' id='word_1_333' title='bbox 695 2796 950 2861; x_wconf 85' lang='grc' dir='ltr'><strong>ἀπέθανε,</strong></span> <span class='ocrx_word' id='word_1_334' title='bbox 985 2797 1079 2850; x_wconf 74' lang='grc' dir='ltr'><strong>κα).</strong></span> <span class='ocrx_word' id='word_1_335' title='bbox 1109 2796 1219 2867; x_wconf 74' lang='grc'><strong>(72)</strong></span> <span class='ocrx_word' id='word_1_336' title='bbox 1241 2796 1299 2848; x_wconf 86' lang='grc' dir='ltr'><strong>οὐ</strong></span> <span class='ocrx_word' id='word_1_337' title='bbox 1326 2795 1417 2848; x_wconf 81' lang='grc' dir='ltr'><strong>τὸν</strong></span> <span class='ocrx_word' id='word_1_338' title='bbox 1439 2796 1721 2866; x_wconf 78' lang='grc' dir='ltr'><strong>ἡμέτερον.</strong></span> 
     </span>
    </p>
   </div>
   <div class='ocr_carea' id='block_1_45' title="bbox 139 2887 1726 2961">
    <p class='ocr_par' dir='ltr' id='par_1_45' title="bbox 139 2887 1726 2961">
     <span class='ocr_line' id='line_1_45' title="bbox 139 2887 1726 2961; baseline -0.003 -17"><span class='ocrx_word' id='word_1_339' title='bbox 139 2889 258 2944; x_wconf 76' lang='grc' dir='ltr'><strong>Καὶ</strong></span> <span class='ocrx_word' id='word_1_340' title='bbox 289 2888 410 2952; x_wconf 84' lang='grc' dir='ltr'><strong>πῶς</strong></span> <span class='ocrx_word' id='word_1_341' title='bbox 457 2891 539 2952; x_wconf 90' lang='grc' dir='ltr'><strong>εἰς</strong></span> <span class='ocrx_word' id='word_1_342' title='bbox 567 2888 691 2960; x_wconf 81' lang='grc' dir='ltr'><strong>ᾇδου</strong></span> <span class='ocrx_word' id='word_1_343' title='bbox 720 2889 982 2961; x_wconf 80' lang='grc' dir='ltr'><strong>κατῆλθεν</strong></span> <span class='ocrx_word' id='word_1_344' title='bbox 1015 2889 1466 2960; x_wconf 77' lang='grc' dir='ltr'><strong>ἀπαρακαλύπτῳ</strong></span> <span class='ocrx_word' id='word_1_345' title='bbox 1502 2890 1567 2959; x_wconf 81' lang='grc' dir='ltr'><strong>τῇ</strong></span> <span class='ocrx_word' id='word_1_346' title='bbox 1609 2887 1726 2940; x_wconf 82' lang='grc' dir='ltr'><strong>θεό-</strong></span> 
     </span>
    </p>
   </div>
   <div class='ocr_carea' id='block_1_46' title="bbox 137 2976 1726 3053">
    <p class='ocr_par' dir='ltr' id='par_1_46' title="bbox 137 2976 1726 3053">
     <span class='ocr_line' id='line_1_46' title="bbox 137 2976 1726 3053; baseline -0.001 -20"><span class='ocrx_word' id='word_1_347' title='bbox 137 2997 302 3051; x_wconf 83' lang='grc' dir='ltr'><strong>τητι;</strong></span> <span class='ocrx_word' id='word_1_348' title='bbox 338 2979 447 3033; x_wconf 91' lang='grc' dir='ltr'><strong>Ποῦ</strong></span> <span class='ocrx_word' id='word_1_349' title='bbox 475 2976 566 3034; x_wconf 82' lang='grc' dir='ltr'><strong>οὖν</strong></span> <span class='ocrx_word' id='word_1_350' title='bbox 615 2983 647 3052; x_wconf 84' lang='grc' dir='ltr'>ἠ</span> <span class='ocrx_word' id='word_1_351' title='bbox 705 2981 870 3052; x_wconf 78' lang='grc' dir='ltr'><strong>ψυχὴ,</strong></span> <span class='ocrx_word' id='word_1_352' title='bbox 911 2983 976 3052; x_wconf 78' lang='grc' dir='ltr'><strong>ἣν</strong></span> <span class='ocrx_word' id='word_1_353' title='bbox 1010 2980 1375 3053; x_wconf 74' lang='grc' dir='ltr'><strong>ἐπηγγείλατο</strong></span> <span class='ocrx_word' id='word_1_354' title='bbox 1433 2982 1461 3032; x_wconf 87' lang='grc' dir='ltr'>ὁ</span> <span class='ocrx_word' id='word_1_355' title='bbox 1521 2978 1726 3049; x_wconf 83' lang='grc' dir='ltr'><strong>Κύριος</strong></span> 
     </span>
    </p>
   </div>
   <div class='ocr_carea' id='block_1_47' title="bbox 136 3068 1723 3144">
    <p class='ocr_par' dir='ltr' id='par_1_47' title="bbox 136 3068 1723 3144">
     <span class='ocr_line' id='line_1_47' title="bbox 136 3068 1723 3144; baseline -0.001 -20"><span class='ocrx_word' id='word_1_356' title='bbox 136 3071 347 3124; x_wconf 80' lang='grc' dir='ltr'><strong>τιθέναι</strong></span> <span class='ocrx_word' id='word_1_357' title='bbox 389 3072 529 3144; x_wconf 82' lang='grc' dir='ltr'><strong>ὑπὲρ</strong></span> <span class='ocrx_word' id='word_1_358' title='bbox 557 3072 662 3125; x_wconf 83' lang='grc' dir='ltr'><strong>τῶν</strong></span> <span class='ocrx_word' id='word_1_359' title='bbox 699 3071 1007 3144; x_wconf 78' lang='grc' dir='ltr'><strong>προϐάτων,</strong></span> <span class='ocrx_word' id='word_1_360' title='bbox 1060 3073 1188 3143; x_wconf 68' lang='grc' dir='ltr'><strong>περ)¹</strong></span> <span class='ocrx_word' id='word_1_361' title='bbox 1232 3068 1298 3142; x_wconf 79' lang='grc' dir='ltr'><strong>ἧς</strong></span> <span class='ocrx_word' id='word_1_362' title='bbox 1321 3072 1414 3123; x_wconf 75' lang='grc' dir='ltr'><strong>καὶ</strong></span> <span class='ocrx_word' id='word_1_363' title='bbox 1451 3071 1723 3143; x_wconf 81' lang='grc' dir='ltr'><strong>προφῆται</strong></span> 
     </span>
    </p>
   </div>
   <div class='ocr_carea' id='block_1_48' title="bbox 1831 1884 3409 1955">
    <p class='ocr_par' dir='ltr' id='par_1_48' title="bbox 1831 1884 3409 1955">
     <span class='ocr_line' id='line_1_48' title="bbox 1831 1884 3409 1955; baseline 0.007 -19"><span class='ocrx_word' id='word_1_364' title='bbox 1831 1884 2125 1937; x_wconf 85' lang='lat' dir='ltr'><strong>emissione</strong></span> <span class='ocrx_word' id='word_1_365' title='bbox 2151 1885 2434 1955; x_wconf 83' lang='lat' dir='ltr'><strong>sanguinis</strong></span> <span class='ocrx_word' id='word_1_366' title='bbox 2457 1885 2639 1940; x_wconf 88' lang='lat' dir='ltr'><strong>carnis</strong></span> <span class='ocrx_word' id='word_1_367' title='bbox 2661 1902 2843 1941; x_wconf 80' lang='lat' dir='ltr'><strong>veram</strong></span> <span class='ocrx_word' id='word_1_368' title='bbox 2865 1889 3235 1945; x_wconf 83' lang='lat' dir='ltr'><strong>exsistentiam</strong></span> <span class='ocrx_word' id='word_1_369' title='bbox 3259 1909 3409 1947; x_wconf 88' lang='lat' dir='ltr'><strong>com-</strong></span> 
     </span>
    </p>
   </div>
   <div class='ocr_carea' id='block_1_49' title="bbox 1831 1974 3407 2044">
    <p class='ocr_par' dir='ltr' id='par_1_49' title="bbox 1831 1974 3407 2044">
     <span class='ocr_line' id='line_1_49' title="bbox 1831 1974 3407 2044; baseline 0.005 -17"><span class='ocrx_word' id='word_1_370' title='bbox 1831 1975 2150 2028; x_wconf 82' lang='lat' dir='ltr'><strong>monstrarit</strong></span> <span class='ocrx_word' id='word_1_371' title='bbox 2185 1993 2198 2028; x_wconf 89' lang='lat'><strong>:</strong></span> <span class='ocrx_word' id='word_1_372' title='bbox 2231 1983 2286 2028; x_wconf 90' lang='lat' dir='ltr'><strong>et</strong></span> <span class='ocrx_word' id='word_1_373' title='bbox 2341 1990 2498 2044; x_wconf 73' lang='lat' dir='ltr'><strong>aqua:</strong></span> <span class='ocrx_word' id='word_1_374' title='bbox 2549 1974 2857 2040; x_wconf 89' lang='lat' dir='ltr'><strong>additione,</strong></span> <span class='ocrx_word' id='word_1_375' title='bbox 2914 1977 3407 2036; x_wconf 86' lang='lat' dir='ltr'><strong>incontaminatam</strong></span> 
     </span>
    </p>
   </div>
   <div class='ocr_carea' id='block_1_50' title="bbox 1829 2064 3404 2134">
    <p class='ocr_par' dir='ltr' id='par_1_50' title="bbox 1829 2064 3404 2134">
     <span class='ocr_line' id='line_1_50' title="bbox 1829 2064 3404 2134; baseline 0.006 -18"><span class='ocrx_word' id='word_1_376' title='bbox 1829 2064 2120 2132; x_wconf 85' lang='lat' dir='ltr'><strong>puritatem</strong></span> <span class='ocrx_word' id='word_1_377' title='bbox 2147 2105 2162 2131; x_wconf 93' lang='lat'><strong>,</strong></span> <span class='ocrx_word' id='word_1_378' title='bbox 2215 2079 2279 2119; x_wconf 92' lang='lat' dir='ltr'><strong>ac</strong></span> <span class='ocrx_word' id='word_1_379' title='bbox 2315 2079 2504 2118; x_wconf 84' lang='lat' dir='ltr'><strong>verum</strong></span> <span class='ocrx_word' id='word_1_380' title='bbox 2539 2079 2661 2120; x_wconf 90' lang='lat' dir='ltr'><strong>esse</strong></span> <span class='ocrx_word' id='word_1_381' title='bbox 2693 2081 2893 2134; x_wconf 87' lang='lat' dir='ltr'><strong>corpus</strong></span> <span class='ocrx_word' id='word_1_382' title='bbox 2935 2067 3028 2122; x_wconf 86' lang='lat' dir='ltr'><strong>Dei</strong></span> <span class='ocrx_word' id='word_1_383' title='bbox 3062 2071 3358 2125; x_wconf 88' lang='lat' dir='ltr'><strong>ostenderit</strong></span> <span class='ocrx_word' id='word_1_384' title='bbox 3388 2088 3404 2126; x_wconf 88' lang='lat'><strong>:</strong></span> 
     </span>
    </p>
   </div>
   <div class='ocr_carea' id='block_1_51' title="bbox 1830 2156 3408 2234">
    <p class='ocr_par' dir='ltr' id='par_1_51' title="bbox 1830 2156 3408 2234">
     <span class='ocr_line' id='line_1_51' title="bbox 1830 2156 3408 2234; baseline 0.006 -25"><span class='ocrx_word' id='word_1_385' title='bbox 1830 2156 2115 2209; x_wconf 88' lang='lat' dir='ltr'><strong>clamando</strong></span> <span class='ocrx_word' id='word_1_386' title='bbox 2157 2165 2335 2210; x_wconf 89' lang='lat' dir='ltr'><strong>autem</strong></span> <span class='ocrx_word' id='word_1_387' title='bbox 2373 2165 2424 2211; x_wconf 90' lang='lat' dir='ltr'><strong>et</strong></span> <span class='ocrx_word' id='word_1_388' title='bbox 2454 2157 2765 2212; x_wconf 86' lang='lat' dir='ltr'><strong>inclinando</strong></span> <span class='ocrx_word' id='word_1_389' title='bbox 2799 2171 2995 2228; x_wconf 89' lang='lat' dir='ltr'><strong>caput,</strong></span> <span class='ocrx_word' id='word_1_390' title='bbox 3045 2162 3408 2234; x_wconf 88' lang='lat' dir='ltr'><strong>spiritumque</strong></span> 
     </span>
    </p>
   </div>
   <div class='ocr_carea' id='block_1_52' title="bbox 1828 2246 3407 2319">
    <p class='ocr_par' dir='ltr' id='par_1_52' title="bbox 1828 2246 3407 2319">
     <span class='ocr_line' id='line_1_52' title="bbox 1828 2246 3407 2319; baseline 0.004 -20"><span class='ocrx_word' id='word_1_391' title='bbox 1828 2246 2135 2310; x_wconf 86' lang='lat' dir='ltr'><strong>reddendo;</strong></span> <span class='ocrx_word' id='word_1_392' title='bbox 2165 2248 2306 2316; x_wconf 88' lang='lat' dir='ltr'><strong>quod</strong></span> <span class='ocrx_word' id='word_1_393' title='bbox 2339 2247 2480 2301; x_wconf 86' lang='lat' dir='ltr'><strong>intra</strong></span> <span class='ocrx_word' id='word_1_394' title='bbox 2511 2249 2791 2318; x_wconf 90' lang='lat' dir='ltr'><strong>proprium</strong></span> <span class='ocrx_word' id='word_1_395' title='bbox 2822 2265 3022 2319; x_wconf 87' lang='lat' dir='ltr'><strong>corpus</strong></span> <span class='ocrx_word' id='word_1_396' title='bbox 3048 2261 3164 2305; x_wconf 88' lang='lat' dir='ltr'><strong>erat</strong></span> <span class='ocrx_word' id='word_1_397' title='bbox 3183 2294 3197 2318; x_wconf 95' lang='lat'><strong>,</strong></span> <span class='ocrx_word' id='word_1_398' title='bbox 3224 2254 3275 2308; x_wconf 88' lang='lat' dir='ltr'><strong>id</strong></span> <span class='ocrx_word' id='word_1_399' title='bbox 3300 2266 3407 2316; x_wconf 74' lang='lat' dir='ltr'><strong>est,</strong></span> 
     </span>
    </p>
   </div>
   <div class='ocr_carea' id='block_1_53' title="bbox 1829 2338 3405 2410">
    <p class='ocr_par' dir='ltr' id='par_1_53' title="bbox 1829 2338 3405 2410">
     <span class='ocr_line' id='line_1_53' title="bbox 1829 2338 3405 2410; baseline 0.004 -18"><span class='ocrx_word' id='word_1_400' title='bbox 1829 2338 2088 2401; x_wconf 86' lang='lat' dir='ltr'><strong>animam,</strong></span> <span class='ocrx_word' id='word_1_401' title='bbox 2125 2338 2466 2408; x_wconf 84' lang='lat' dir='ltr'><strong>signilicarit,</strong></span> <span class='ocrx_word' id='word_1_402' title='bbox 2499 2339 2566 2394; x_wconf 90' lang='lat' dir='ltr'><strong>de</strong></span> <span class='ocrx_word' id='word_1_403' title='bbox 2592 2355 2698 2410; x_wconf 91' lang='lat' dir='ltr'><strong>qua</strong></span> <span class='ocrx_word' id='word_1_404' title='bbox 2733 2349 2786 2395; x_wconf 84' lang='lat' dir='ltr'><strong>et</strong></span> <span class='ocrx_word' id='word_1_405' title='bbox 2815 2341 3028 2396; x_wconf 85' lang='lat' dir='ltr'><strong>dixerat</strong></span> <span class='ocrx_word' id='word_1_406' title='bbox 3059 2360 3073 2396; x_wconf 89' lang='lat'><strong>:</strong></span> <span class='ocrx_word' id='word_1_407' title='bbox 3102 2341 3253 2396; x_wconf 83' lang='grc' dir='ltr'><strong>Ροηο</strong></span> <span class='ocrx_word' id='word_1_408' title='bbox 3287 2363 3405 2398; x_wconf 84' lang='lat' dir='ltr'><strong>eam</strong></span> 
     </span>
    </p>
   </div>
   <div class='ocr_carea' id='block_1_54' title="bbox 1827 2431 3408 2504">
    <p class='ocr_par' dir='ltr' id='par_1_54' title="bbox 1827 2431 3408 2504">
     <span class='ocr_line' id='line_1_54' title="bbox 1827 2431 3408 2504; baseline 0.004 -21"><span class='ocrx_word' id='word_1_409' title='bbox 1827 2447 1920 2499; x_wconf 82' lang='lat' dir='ltr'><strong>pro</strong></span> <span class='ocrx_word' id='word_1_410' title='bbox 1949 2431 2126 2484; x_wconf 73' lang='lat' dir='ltr'><strong>ovibus</strong></span> <span class='ocrx_word' id='word_1_411' title='bbox 2160 2433 2287 2485; x_wconf 82' lang='lat' dir='ltr'><strong>meis</strong></span> <span class='ocrx_word' id='word_1_412' title='bbox 2314 2433 2355 2464; x_wconf 87' lang='grc'>⁷¹</span> <span class='ocrx_word' id='word_1_413' title='bbox 2398 2452 2410 2486; x_wconf 89' lang='lat'><strong>:</strong></span> <span class='ocrx_word' id='word_1_414' title='bbox 2446 2434 2518 2487; x_wconf 92' lang='lat' dir='ltr'><strong>ita</strong></span> <span class='ocrx_word' id='word_1_415' title='bbox 2549 2443 2602 2487; x_wconf 90' lang='lat' dir='ltr'><strong>ut</strong></span> <span class='ocrx_word' id='word_1_416' title='bbox 2635 2434 3059 2504; x_wconf 82' lang='lat' dir='ltr'><strong>exspirationem</strong></span> <span class='ocrx_word' id='word_1_417' title='bbox 3104 2452 3264 2491; x_wconf 86' lang='lat' dir='ltr'><strong>nemo</strong></span> <span class='ocrx_word' id='word_1_418' title='bbox 3319 2440 3408 2491; x_wconf 87' lang='lat' dir='ltr'><strong>di-</strong></span> 
     </span>
    </p>
   </div>
   <div class='ocr_carea' id='block_1_55' title="bbox 1828 2521 3408 2591">
    <p class='ocr_par' dir='ltr' id='par_1_55' title="bbox 1828 2521 3408 2591">
     <span class='ocr_line' id='line_1_55' title="bbox 1828 2521 3408 2591; baseline 0.005 -18"><span class='ocrx_word' id='word_1_419' title='bbox 1828 2521 1966 2574; x_wconf 80' lang='lat' dir='ltr'><strong>xerit</strong></span> <span class='ocrx_word' id='word_1_420' title='bbox 1995 2521 2212 2576; x_wconf 88' lang='lat' dir='ltr'><strong>deitatis</strong></span> <span class='ocrx_word' id='word_1_421' title='bbox 2250 2523 2812 2591; x_wconf 70' lang='lat' dir='ltr'><strong>trausmigrationem,</strong></span> <span class='ocrx_word' id='word_1_422' title='bbox 2853 2525 2946 2578; x_wconf 87' lang='lat' dir='ltr'><strong>sed</strong></span> <span class='ocrx_word' id='word_1_423' title='bbox 2975 2525 3172 2579; x_wconf 67' lang='lat' dir='ltr'><strong>animae</strong></span> <span class='ocrx_word' id='word_1_424' title='bbox 3201 2527 3408 2581; x_wconf 87' lang='lat' dir='ltr'><strong>disces-</strong></span> 
     </span>
    </p>
   </div>
   <div class='ocr_carea' id='block_1_56' title="bbox 1827 2610 3409 2684">
    <p class='ocr_par' dir='ltr' id='par_1_56' title="bbox 1827 2610 3409 2684">
     <span class='ocr_line' id='line_1_56' title="bbox 1827 2610 3409 2684; baseline 0.004 -17"><span class='ocrx_word' id='word_1_425' title='bbox 1827 2627 1970 2667; x_wconf 87' lang='lat' dir='ltr'><strong>sum.</strong></span> <span class='ocrx_word' id='word_1_426' title='bbox 2005 2610 2136 2666; x_wconf 85' lang='lat' dir='ltr'><strong>Nam</strong></span> <span class='ocrx_word' id='word_1_427' title='bbox 2175 2613 2220 2667; x_wconf 92' lang='lat' dir='ltr'><strong>si</strong></span> <span class='ocrx_word' id='word_1_428' title='bbox 2259 2613 2374 2683; x_wconf 69' lang='lat' dir='ltr'><strong>[per</strong></span> <span class='ocrx_word' id='word_1_429' title='bbox 2423 2616 2958 2684; x_wconf 78' lang='lat' dir='ltr'><strong>transmigrationem</strong></span> <span class='ocrx_word' id='word_1_430' title='bbox 2995 2617 3213 2673; x_wconf 86' lang='lat' dir='ltr'><strong>deitatis</strong></span> <span class='ocrx_word' id='word_1_431' title='bbox 3259 2635 3409 2674; x_wconf 90' lang='lat' dir='ltr'><strong>mors</strong></span> 
     </span>
    </p>
   </div>
   <div class='ocr_carea' id='block_1_57' title="bbox 1825 2705 3408 2778">
    <p class='ocr_par' dir='ltr' id='par_1_57' title="bbox 1825 2705 3408 2778">
     <span class='ocr_line' id='line_1_57' title="bbox 1825 2705 3408 2778; baseline 0.004 -20"><span class='ocrx_word' id='word_1_432' title='bbox 1825 2714 1880 2758; x_wconf 88' lang='lat' dir='ltr'><strong>et</strong></span> <span class='ocrx_word' id='word_1_433' title='bbox 1932 2705 2174 2775; x_wconf 90' lang='lat' dir='ltr'><strong>corporis</strong></span> <span class='ocrx_word' id='word_1_434' title='bbox 2214 2706 2503 2760; x_wconf 79' lang='lat' dir='ltr'><strong>exstinctio</strong></span> <span class='ocrx_word' id='word_1_435' title='bbox 2554 2708 2906 2776; x_wconf 81' lang='lat' dir='ltr'><strong>contigisset,</strong></span> <span class='ocrx_word' id='word_1_436' title='bbox 2961 2710 3181 2778; x_wconf 87' lang='lat' dir='ltr'><strong>propria</strong></span> <span class='ocrx_word' id='word_1_437' title='bbox 3232 2720 3408 2765; x_wconf 85' lang='lat' dir='ltr'><strong>morte</strong></span> 
     </span>
    </p>
   </div>
   <div class='ocr_carea' id='block_1_58' title="bbox 1825 2794 3408 2866">
    <p class='ocr_par' dir='ltr' id='par_1_58' title="bbox 1825 2794 3408 2866">
     <span class='ocr_line' id='line_1_58' title="bbox 1825 2794 3408 2866; baseline 0.006 -18"><span class='ocrx_word' id='word_1_438' title='bbox 1825 2794 2071 2860; x_wconf 89' lang='lat' dir='ltr'><strong>obiisset,</strong></span> <span class='ocrx_word' id='word_1_439' title='bbox 2107 2803 2160 2850; x_wconf 89' lang='lat' dir='ltr'><strong>et</strong></span> <span class='ocrx_word' id='word_1_440' title='bbox 2189 2811 2296 2849; x_wconf 92' lang='lat' dir='ltr'><strong>non</strong></span> <span class='ocrx_word' id='word_1_441' title='bbox 2322 2805 2529 2850; x_wconf 87' lang='lat' dir='ltr'><strong>nostra.</strong></span> <span class='ocrx_word' id='word_1_442' title='bbox 2556 2795 2618 2850; x_wconf 90' lang='lat' dir='ltr'><strong>Et</strong></span> <span class='ocrx_word' id='word_1_443' title='bbox 2648 2798 2764 2866; x_wconf 89' lang='lat' dir='ltr'><strong>qui,</strong></span> <span class='ocrx_word' id='word_1_444' title='bbox 2810 2799 3027 2865; x_wconf 88' lang='lat' dir='ltr'><strong>amabo,</strong></span> <span class='ocrx_word' id='word_1_445' title='bbox 3062 2816 3169 2854; x_wconf 93' lang='lat' dir='ltr'><strong>non</strong></span> <span class='ocrx_word' id='word_1_446' title='bbox 3194 2801 3408 2856; x_wconf 85' lang='lat' dir='ltr'><strong>obtecta</strong></span> 
     </span>
    </p>
   </div>
   <div class='ocr_carea' id='block_1_59' title="bbox 1825 2885 3408 2958">
    <p class='ocr_par' dir='ltr' id='par_1_59' title="bbox 1825 2885 3408 2958">
     <span class='ocr_line' id='line_1_59' title="bbox 1825 2885 3408 2958; baseline 0.007 -21"><span class='ocrx_word' id='word_1_447' title='bbox 1825 2885 2024 2940; x_wconf 80' lang='lat' dir='ltr'><strong>deitate</strong></span> <span class='ocrx_word' id='word_1_448' title='bbox 2047 2885 2103 2940; x_wconf 89' lang='lat' dir='ltr'><strong>in</strong></span> <span class='ocrx_word' id='word_1_449' title='bbox 2136 2886 2409 2940; x_wconf 77' lang='lat' dir='ltr'><strong>inleruum</strong></span> <span class='ocrx_word' id='word_1_450' title='bbox 2434 2888 2845 2943; x_wconf 85' lang='lat' dir='ltr'><strong>descendisset?</strong></span> <span class='ocrx_word' id='word_1_451' title='bbox 2869 2888 3100 2944; x_wconf 81' lang='lat' dir='ltr'><strong>Ubinam</strong></span> <span class='ocrx_word' id='word_1_452' title='bbox 3127 2892 3291 2958; x_wconf 77' lang='lat' dir='ltr'><strong>igitur</strong></span> <span class='ocrx_word' id='word_1_453' title='bbox 3317 2895 3408 2949; x_wconf 88' lang='lat' dir='ltr'><strong>illa</strong></span> 
     </span>
    </p>
   </div>
   <div class='ocr_carea' id='block_1_60' title="bbox 1825 2977 3409 3052">
    <p class='ocr_par' dir='ltr' id='par_1_60' title="bbox 1825 2977 3409 3052">
     <span class='ocr_line' id='line_1_60' title="bbox 1825 2977 3409 3052; baseline 0.007 -24"><span class='ocrx_word' id='word_1_454' title='bbox 1825 2977 2005 3030; x_wconf 89' lang='lat' dir='ltr'><strong>anima</strong></span> <span class='ocrx_word' id='word_1_455' title='bbox 2035 3018 2048 3041; x_wconf 94' lang='lat'><strong>,</strong></span> <span class='ocrx_word' id='word_1_456' title='bbox 2087 2994 2250 3046; x_wconf 89' lang='lat' dir='ltr'><strong>quam</strong></span> <span class='ocrx_word' id='word_1_457' title='bbox 2289 2979 2618 3047; x_wconf 89' lang='lat' dir='ltr'><strong>promiserat</strong></span> <span class='ocrx_word' id='word_1_458' title='bbox 2661 2977 2929 3035; x_wconf 90' lang='lat' dir='ltr'><strong>Dominus</strong></span> <span class='ocrx_word' id='word_1_459' title='bbox 2963 2999 3021 3037; x_wconf 79' lang='lat' dir='ltr'><strong>se</strong></span> <span class='ocrx_word' id='word_1_460' title='bbox 3068 2998 3168 3052; x_wconf 89' lang='lat' dir='ltr'><strong>pro</strong></span> <span class='ocrx_word' id='word_1_461' title='bbox 3212 2986 3409 3039; x_wconf 88' lang='lat' dir='ltr'><strong>ovibus</strong></span> 
     </span>
    </p>
   </div>
   <div class='ocr_carea' id='block_1_61' title="bbox 1825 3068 3410 3142">
    <p class='ocr_par' dir='ltr' id='par_1_61' title="bbox 1825 3068 3410 3142">
     <span class='ocr_line' id='line_1_61' title="bbox 1825 3068 3410 3142; baseline 0.004 -19"><span class='ocrx_word' id='word_1_462' title='bbox 1825 3068 1941 3123; x_wconf 93' lang='lat' dir='ltr'><strong>suis</strong></span> <span class='ocrx_word' id='word_1_463' title='bbox 1980 3070 2285 3138; x_wconf 85' lang='lat' dir='ltr'><strong>positurum</strong></span> <span class='ocrx_word' id='word_1_464' title='bbox 2306 3113 2321 3135; x_wconf 94' lang='lat'><strong>,</strong></span> <span class='ocrx_word' id='word_1_465' title='bbox 2349 3070 2415 3124; x_wconf 91' lang='lat' dir='ltr'><strong>de</strong></span> <span class='ocrx_word' id='word_1_466' title='bbox 2451 3085 2558 3139; x_wconf 82' lang='lat' dir='ltr'><strong>qua</strong></span> <span class='ocrx_word' id='word_1_467' title='bbox 2591 3080 2645 3124; x_wconf 90' lang='lat' dir='ltr'><strong>et</strong></span> <span class='ocrx_word' id='word_1_468' title='bbox 2676 3072 2955 3140; x_wconf 67' lang='lat' dir='ltr'><strong>propheta:</strong></span> <span class='ocrx_word' id='word_1_469' title='bbox 2990 3074 3198 3142; x_wconf 65' lang='lat' dir='ltr'><strong>prwfati</strong></span> <span class='ocrx_word' id='word_1_470' title='bbox 3228 3086 3355 3129; x_wconf 90' lang='lat' dir='ltr'><strong>sunt</strong></span> <span class='ocrx_word' id='word_1_471' title='bbox 3382 3078 3410 3130; x_wconf 62' lang='grc' dir='ltr'><strong>ν</strong></span> 
     </span>
    </p>
   </div>
   <div class='ocr_carea' id='block_1_62' title="bbox 138 3155 1722 3236">
    <p class='ocr_par' dir='ltr' id='par_1_62' title="bbox 138 3162 1722 3236">
     <span class='ocr_line' id='line_1_62' title="bbox 138 3162 1722 3236; baseline 0.001 -21"><span class='ocrx_word' id='word_1_472' title='bbox 138 3163 587 3236; x_wconf 84' lang='grc' dir='ltr'><strong>προμηνύουσιν;</strong></span> <span class='ocrx_word' id='word_1_473' title='bbox 618 3165 666 3216; x_wconf 90' lang='grc' dir='ltr'><strong>εἰ</strong></span> <span class='ocrx_word' id='word_1_474' title='bbox 700 3163 758 3217; x_wconf 84' lang='grc' dir='ltr'><strong>δὲ</strong></span> <span class='ocrx_word' id='word_1_475' title='bbox 804 3163 982 3235; x_wconf 77' lang='grc' dir='ltr'><strong>ψυχῆς</strong></span> <span class='ocrx_word' id='word_1_476' title='bbox 1006 3163 1352 3235; x_wconf 84' lang='grc' dir='ltr'><strong>ἀποχώρησις</strong></span> <span class='ocrx_word' id='word_1_477' title='bbox 1384 3162 1592 3231; x_wconf 84' lang='grc' dir='ltr'><strong>γέγονε,</strong></span> <span class='ocrx_word' id='word_1_478' title='bbox 1636 3162 1722 3216; x_wconf 88' lang='grc' dir='ltr'><strong>διὰ</strong></span> 
     </span>
    </p>
   </div>
   <div class='ocr_carea' id='block_1_63' title="bbox 1838 3155 3404 3236">
    <p class='ocr_par' dir='ltr' id='par_1_63' title="bbox 1838 3158 3404 3232">
     <span class='ocr_line' id='line_1_63' title="bbox 1838 3158 3404 3232; baseline 0.005 -19"><span class='ocrx_word' id='word_1_479' title='bbox 1838 3158 1885 3213; x_wconf 80' lang='lat' dir='ltr'><strong>Si</strong></span> <span class='ocrx_word' id='word_1_480' title='bbox 1925 3175 2053 3214; x_wconf 80' lang='lat' dir='ltr'><strong>vero</strong></span> <span class='ocrx_word' id='word_1_481' title='bbox 2100 3161 2298 3214; x_wconf 86' lang='lat' dir='ltr'><strong>animae</strong></span> <span class='ocrx_word' id='word_1_482' title='bbox 2350 3162 2627 3216; x_wconf 88' lang='lat' dir='ltr'><strong>discessus</strong></span> <span class='ocrx_word' id='word_1_483' title='bbox 2680 3162 2818 3227; x_wconf 75' lang='lat' dir='ltr'><strong>fuit,</strong></span> <span class='ocrx_word' id='word_1_484' title='bbox 2870 3163 2990 3218; x_wconf 87' lang='lat' dir='ltr'><strong>ideo</strong></span> <span class='ocrx_word' id='word_1_485' title='bbox 3043 3166 3244 3220; x_wconf 88' lang='lat' dir='ltr'><strong>dictum</strong></span> <span class='ocrx_word' id='word_1_486' title='bbox 3299 3177 3404 3232; x_wconf 86' lang='lat' dir='ltr'><strong>est,</strong></span> 
     </span>
    </p>
   </div>
   <div class='ocr_carea' id='block_1_64' title="bbox 137 3252 1723 3326">
    <p class='ocr_par' dir='ltr' id='par_1_64' title="bbox 137 3252 1723 3326">
     <span class='ocr_line' id='line_1_64' title="bbox 137 3252 1723 3326; baseline -0.003 -17"><span class='ocrx_word' id='word_1_487' title='bbox 137 3256 306 3309; x_wconf 86' lang='grc' dir='ltr'><strong>τοῦτο</strong></span> <span class='ocrx_word' id='word_1_488' title='bbox 337 3255 572 3326; x_wconf 73' lang='grc' dir='ltr'><strong>εἴρηται,</strong></span> <span class='ocrx_word' id='word_1_489' title='bbox 605 3255 687 3308; x_wconf 82' lang='grc' dir='ltr'><strong>ὅτι</strong></span> <span class='ocrx_word' id='word_1_490' title='bbox 723 3254 815 3307; x_wconf 79' lang='grc' dir='ltr'><strong>τὸν</strong></span> <span class='ocrx_word' id='word_1_491' title='bbox 856 3255 1120 3326; x_wconf 82' lang='grc' dir='ltr'><strong>ἡμέτερον</strong></span> <span class='ocrx_word' id='word_1_492' title='bbox 1166 3252 1451 3319; x_wconf 80' lang='grc' dir='ltr'><strong>ἀνεδέξατο</strong></span> <span class='ocrx_word' id='word_1_493' title='bbox 1477 3252 1723 3316; x_wconf 88' lang='grc' dir='ltr'><strong>θάνατον,</strong></span> 
     </span>
    </p>
   </div>
   <div class='ocr_carea' id='block_1_65' title="bbox 137 3344 1726 3419">
    <p class='ocr_par' dir='ltr' id='par_1_65' title="bbox 137 3344 1726 3419">
     <span class='ocr_line' id='line_1_65' title="bbox 137 3344 1726 3419; baseline -0.002 -18"><span class='ocrx_word' id='word_1_494' title='bbox 137 3348 390 3402; x_wconf 79' lang='grc' dir='ltr'><strong>τουτέστι</strong></span> <span class='ocrx_word' id='word_1_495' title='bbox 415 3348 512 3418; x_wconf 84' lang='grc' dir='ltr'><strong>τῆς</strong></span> <span class='ocrx_word' id='word_1_496' title='bbox 533 3347 696 3419; x_wconf 79' lang='grc' dir='ltr'><strong>καθ’ἠ</strong></span> <span class='ocrx_word' id='word_1_497' title='bbox 705 3348 812 3417; x_wconf 81' lang='grc' dir='ltr'><strong>μᾶς</strong></span> <span class='ocrx_word' id='word_1_498' title='bbox 834 3347 1124 3410; x_wconf 87' lang='grc' dir='ltr'><strong>διαλύσεως</strong></span> <span class='ocrx_word' id='word_1_499' title='bbox 1139 3347 1525 3418; x_wconf 81' lang='grc' dir='ltr'><strong>ἀνασχόμενος,</strong></span> <span class='ocrx_word' id='word_1_500' title='bbox 1539 3344 1726 3417; x_wconf 83' lang='grc' dir='ltr'><strong>ὥσπερ</strong></span> 
     </span>
    </p>
   </div>
   <div class='ocr_carea' id='block_1_66' title="bbox 137 3437 742 3510">
    <p class='ocr_par' dir='ltr' id='par_1_66' title="bbox 137 3437 742 3510">
     <span class='ocr_line' id='line_1_66' title="bbox 137 3437 742 3510; baseline -0.002 -17"><span class='ocrx_word' id='word_1_501' title='bbox 137 3440 239 3493; x_wconf 77' lang='grc' dir='ltr'><strong>καὶ</strong></span> <span class='ocrx_word' id='word_1_502' title='bbox 271 3440 574 3510; x_wconf 82' lang='grc' dir='ltr'><strong>γεννήσεως</strong></span> <span class='ocrx_word' id='word_1_503' title='bbox 607 3437 742 3510; x_wconf 77' lang='grc'><strong>(75).</strong></span> 
     </span>
    </p>
   </div>
   <div class='ocr_carea' id='block_1_67' title="bbox 217 3527 1724 3603">
    <p class='ocr_par' dir='ltr' id='par_1_67' title="bbox 217 3527 1724 3603">
     <span class='ocr_line' id='line_1_67' title="bbox 217 3527 1724 3603; baseline 0.002 -17"><span class='ocrx_word' id='word_1_504' title='bbox 217 3533 304 3587; x_wconf 82' lang='grc'><strong>19.</strong></span> <span class='ocrx_word' id='word_1_505' title='bbox 335 3532 577 3586; x_wconf 89' lang='grc' dir='ltr'><strong>Μάταιον</strong></span> <span class='ocrx_word' id='word_1_506' title='bbox 606 3527 698 3585; x_wconf 83' lang='grc' dir='ltr'><strong>οῦν</strong></span> <span class='ocrx_word' id='word_1_507' title='bbox 728 3531 881 3603; x_wconf 83' lang='grc' dir='ltr'><strong>ὑμῶν</strong></span> <span class='ocrx_word' id='word_1_508' title='bbox 922 3531 984 3584; x_wconf 82' lang='grc' dir='ltr'><strong>τὸ</strong></span> <span class='ocrx_word' id='word_1_509' title='bbox 1017 3531 1274 3602; x_wconf 83' lang='grc' dir='ltr'><strong>σόφισμα·</strong></span> <span class='ocrx_word' id='word_1_510' title='bbox 1313 3533 1435 3585; x_wconf 81' lang='grc' dir='ltr'><strong>ἐπεὶ</strong></span> <span class='ocrx_word' id='word_1_511' title='bbox 1483 3533 1600 3597; x_wconf 83' lang='grc' dir='ltr'><strong>πῶς</strong></span> <span class='ocrx_word' id='word_1_512' title='bbox 1657 3534 1724 3589; x_wconf 88' lang='grc' dir='ltr'><strong>ἂν</strong></span> 
     </span>
    </p>
   </div>
   <div class='ocr_carea' id='block_1_68' title="bbox 138 3619 1724 3692">
    <p class='ocr_par' dir='ltr' id='par_1_68' title="bbox 138 3619 1724 3692">
     <span class='ocr_line' id='line_1_68' title="bbox 138 3619 1724 3692; baseline 0.003 -19"><span class='ocrx_word' id='word_1_513' title='bbox 138 3622 170 3673; x_wconf 97' lang='lat'><strong>6</strong></span> <span class='ocrx_word' id='word_1_514' title='bbox 218 3619 447 3684; x_wconf 81' lang='grc' dir='ltr'><strong>θάνατος</strong></span> <span class='ocrx_word' id='word_1_515' title='bbox 471 3621 731 3690; x_wconf 77' lang='grc' dir='ltr'><strong>ἐγεγόνει,</strong></span> <span class='ocrx_word' id='word_1_516' title='bbox 783 3623 832 3674; x_wconf 86' lang='grc' dir='ltr'><strong>εί</strong></span> <span class='ocrx_word' id='word_1_517' title='bbox 877 3620 949 3692; x_wconf 82' lang='grc' dir='ltr'><strong>μὴ</strong></span> <span class='ocrx_word' id='word_1_518' title='bbox 990 3622 1083 3674; x_wconf 75' lang='grc' dir='ltr'><strong>καὶ</strong></span> <span class='ocrx_word' id='word_1_519' title='bbox 1129 3621 1220 3674; x_wconf 83' lang='grc' dir='ltr'><strong>τὸν</strong></span> <span class='ocrx_word' id='word_1_520' title='bbox 1268 3621 1468 3676; x_wconf 76' lang='grc' dir='ltr'><strong>ἔσωθεν</strong></span> <span class='ocrx_word' id='word_1_521' title='bbox 1511 3625 1724 3678; x_wconf 76' lang='grc' dir='ltr'><strong>καὶτὸν</strong></span> 
     </span>
    </p>
   </div>
   <div class='ocr_carea' id='block_1_69' title="bbox 140 3711 1722 3784">
    <p class='ocr_par' dir='ltr' id='par_1_69' title="bbox 140 3711 1722 3784">
     <span class='ocr_line' id='line_1_69' title="bbox 140 3711 1722 3784; baseline 0.002 -20"><span class='ocrx_word' id='word_1_522' title='bbox 140 3711 346 3778; x_wconf 71' lang='grc' dir='ltr'><strong>ἔξωθεν</strong></span> <span class='ocrx_word' id='word_1_523' title='bbox 398 3713 760 3783; x_wconf 82' lang='grc' dir='ltr'><strong>συνεστήσατο</strong></span> <span class='ocrx_word' id='word_1_524' title='bbox 811 3711 988 3783; x_wconf 78' lang='grc' dir='ltr'><strong>ἑαυτῷ</strong></span> <span class='ocrx_word' id='word_1_525' title='bbox 1018 3711 1046 3763; x_wconf 88' lang='lat'><strong>6</strong></span> <span class='ocrx_word' id='word_1_526' title='bbox 1098 3712 1266 3780; x_wconf 89' lang='grc' dir='ltr'><strong>Λόγος</strong></span> <span class='ocrx_word' id='word_1_527' title='bbox 1294 3712 1427 3784; x_wconf 74' lang='grc'><strong>(74),</strong></span> <span class='ocrx_word' id='word_1_528' title='bbox 1479 3714 1722 3767; x_wconf 83' lang='grc' dir='ltr'><strong>τουτέστι</strong></span> 
     </span>
    </p>
   </div>
   <div class='ocr_carea' id='block_1_70' title="bbox 144 3799 1724 3872">
    <p class='ocr_par' dir='ltr' id='par_1_70' title="bbox 144 3799 1724 3872">
     <span class='ocr_line' id='line_1_70' title="bbox 144 3799 1724 3872; baseline 0.003 -20"><span class='ocrx_word' id='word_1_529' title='bbox 144 3799 308 3870; x_wconf 83' lang='grc' dir='ltr'><strong>σῶμα</strong></span> <span class='ocrx_word' id='word_1_530' title='bbox 338 3800 431 3852; x_wconf 72' lang='grc' dir='ltr'><strong>καὶ</strong></span> <span class='ocrx_word' id='word_1_531' title='bbox 458 3799 667 3871; x_wconf 72' lang='grc' dir='ltr'><strong>ψυχήν,</strong></span> <span class='ocrx_word' id='word_1_532' title='bbox 697 3801 820 3863; x_wconf 85' lang='grc' dir='ltr'><strong>Πῶς</strong></span> <span class='ocrx_word' id='word_1_533' title='bbox 838 3800 894 3852; x_wconf 88' lang='grc' dir='ltr'><strong>δὲ</strong></span> <span class='ocrx_word' id='word_1_534' title='bbox 931 3801 1024 3854; x_wconf 79' lang='grc' dir='ltr'><strong>κα).</strong></span> <span class='ocrx_word' id='word_1_535' title='bbox 1056 3801 1196 3872; x_wconf 83' lang='grc' dir='ltr'><strong>ὑπὲρ</strong></span> <span class='ocrx_word' id='word_1_536' title='bbox 1224 3801 1316 3854; x_wconf 90' lang='grc' dir='ltr'><strong>τοῦ</strong></span> <span class='ocrx_word' id='word_1_537' title='bbox 1348 3803 1547 3867; x_wconf 83' lang='grc' dir='ltr'><strong>παντὸς</strong></span> <span class='ocrx_word' id='word_1_538' title='bbox 1571 3805 1724 3857; x_wconf 84' lang='grc' dir='ltr'><strong>ἀντέ-</strong></span> 
     </span>
    </p>
   </div>
   <div class='ocr_carea' id='block_1_71' title="bbox 139 3890 1720 3964">
    <p class='ocr_par' dir='ltr' id='par_1_71' title="bbox 139 3890 1720 3964">
     <span class='ocr_line' id='line_1_71' title="bbox 139 3890 1720 3964; baseline 0.004 -21"><span class='ocrx_word' id='word_1_539' title='bbox 139 3890 316 3943; x_wconf 87' lang='grc' dir='ltr'><strong>δωκεν</strong></span> <span class='ocrx_word' id='word_1_540' title='bbox 353 3891 695 3961; x_wconf 84' lang='grc' dir='ltr'><strong>ἀντί).υτρον;</strong></span> <span class='ocrx_word' id='word_1_541' title='bbox 732 3891 765 3962; x_wconf 80' lang='grc' dir='ltr'><strong>ἢ</strong></span> <span class='ocrx_word' id='word_1_542' title='bbox 816 3890 934 3955; x_wconf 85' lang='grc' dir='ltr'><strong>πῶς</strong></span> <span class='ocrx_word' id='word_1_543' title='bbox 979 3893 1012 3962; x_wconf 80' lang='grc' dir='ltr'><strong>ὴ</strong></span> <span class='ocrx_word' id='word_1_544' title='bbox 1063 3893 1325 3964; x_wconf 87' lang='grc' dir='ltr'><strong>κράτησις</strong></span> <span class='ocrx_word' id='word_1_545' title='bbox 1348 3894 1442 3946; x_wconf 93' lang='grc' dir='ltr'><strong>τοῦ</strong></span> <span class='ocrx_word' id='word_1_546' title='bbox 1492 3894 1720 3949; x_wconf 85' lang='grc' dir='ltr'><strong>θανάτου</strong></span> 
     </span>
    </p>
   </div>
   <div class='ocr_carea' id='block_1_72' title="bbox 141 3979 1722 4052">
    <p class='ocr_par' dir='ltr' id='par_1_72' title="bbox 141 3979 1722 4052">
     <span class='ocr_line' id='line_1_72' title="bbox 141 3979 1722 4052; baseline 0.002 -20"><span class='ocrx_word' id='word_1_547' title='bbox 141 3979 358 4032; x_wconf 87' lang='grc' dir='ltr'><strong>τελείαν</strong></span> <span class='ocrx_word' id='word_1_548' title='bbox 391 3979 662 4050; x_wconf 79' lang='grc' dir='ltr'><strong>ἐλάμϐανε</strong></span> <span class='ocrx_word' id='word_1_549' title='bbox 710 3979 805 4050; x_wconf 85' lang='grc' dir='ltr'><strong>τὴν</strong></span> <span class='ocrx_word' id='word_1_550' title='bbox 833 3979 1006 4042; x_wconf 82' lang='grc' dir='ltr'><strong>λύσιν,</strong></span> <span class='ocrx_word' id='word_1_551' title='bbox 1065 3981 1115 4032; x_wconf 84' lang='grc' dir='ltr'><strong>εί</strong></span> <span class='ocrx_word' id='word_1_552' title='bbox 1169 3981 1230 4033; x_wconf 77' lang='grc' dir='ltr'><strong>τὸ</strong></span> <span class='ocrx_word' id='word_1_553' title='bbox 1275 3981 1414 4034; x_wconf 86' lang='grc' dir='ltr'><strong>κατά</strong></span> <span class='ocrx_word' id='word_1_554' title='bbox 1463 3983 1722 4052; x_wconf 76' lang='grc' dir='ltr'><strong>φρόνησιν</strong></span> 
     </span>
    </p>
   </div>
   <div class='ocr_carea' id='block_1_73' title="bbox 144 4063 1723 4138">
    <p class='ocr_par' dir='ltr' id='par_1_73' title="bbox 144 4063 1723 4138">
     <span class='ocr_line' id='line_1_73' title="bbox 144 4063 1723 4138; baseline 0.003 -23"><span class='ocrx_word' id='word_1_555' title='bbox 144 4063 494 4134; x_wconf 76' lang='grc' dir='ltr'><strong>ἁμαρτῆσαν,</strong></span> <span class='ocrx_word' id='word_1_556' title='bbox 519 4063 617 4135; x_wconf 80' lang='grc' dir='ltr'><strong>τὴν</strong></span> <span class='ocrx_word' id='word_1_557' title='bbox 651 4063 826 4134; x_wconf 83' lang='grc' dir='ltr'><strong>ψυχὴν</strong></span> <span class='ocrx_word' id='word_1_558' title='bbox 871 4063 1005 4134; x_wconf 78' lang='grc'><strong>(75),</strong></span> <span class='ocrx_word' id='word_1_559' title='bbox 1053 4065 1286 4136; x_wconf 83' lang='grc' dir='ltr'><strong>Χριστὸς</strong></span> <span class='ocrx_word' id='word_1_560' title='bbox 1343 4067 1723 4138; x_wconf 84' lang='grc' dir='ltr'><strong>ἀναμάρτητον</strong></span> 
     </span>
    </p>
   </div>
   <div class='ocr_carea' id='block_1_74' title="bbox 144 4153 1722 4228">
    <p class='ocr_par' dir='ltr' id='par_1_74' title="bbox 144 4153 1722 4228">
     <span class='ocr_line' id='line_1_74' title="bbox 144 4153 1722 4228; baseline 0.003 -20"><span class='ocrx_word' id='word_1_561' title='bbox 144 4157 209 4208; x_wconf 82' lang='grc' dir='ltr'><strong>οὐ</strong></span> <span class='ocrx_word' id='word_1_562' title='bbox 246 4156 609 4224; x_wconf 81' lang='grc' dir='ltr'><strong>συνεστήσατο</strong></span> <span class='ocrx_word' id='word_1_563' title='bbox 642 4158 699 4208; x_wconf 80' lang='grc' dir='ltr'><strong>ὲν</strong></span> <span class='ocrx_word' id='word_1_564' title='bbox 740 4154 948 4226; x_wconf 76' lang='grc' dir='ltr'><strong>ὲαυτῷς</strong></span> <span class='ocrx_word' id='word_1_565' title='bbox 984 4157 1102 4210; x_wconf 87' lang='grc' dir='ltr'><strong>Ἔτι</strong></span> <span class='ocrx_word' id='word_1_566' title='bbox 1143 4153 1235 4210; x_wconf 80' lang='grc' dir='ltr'><strong>οὖν</strong></span> <span class='ocrx_word' id='word_1_567' title='bbox 1275 4156 1544 4228; x_wconf 83' lang='grc' dir='ltr'><strong>βασιλεύει</strong></span> <span class='ocrx_word' id='word_1_568' title='bbox 1568 4162 1595 4212; x_wconf 90' lang='lat'><strong>6</strong></span> <span class='ocrx_word' id='word_1_569' title='bbox 1625 4159 1722 4212; x_wconf 86' lang='grc' dir='ltr'><strong>θά-</strong></span> 
     </span>
    </p>
   </div>
   <div class='ocr_carea' id='block_1_75' title="bbox 143 4245 1723 4320">
    <p class='ocr_par' dir='ltr' id='par_1_75' title="bbox 143 4245 1723 4320">
     <span class='ocr_line' id='line_1_75' title="bbox 143 4245 1723 4320; baseline 0.002 -21"><span class='ocrx_word' id='word_1_570' title='bbox 143 4263 310 4310; x_wconf 88' lang='grc' dir='ltr'><strong>νατος</strong></span> <span class='ocrx_word' id='word_1_571' title='bbox 354 4245 448 4298; x_wconf 90' lang='grc' dir='ltr'><strong>τοῦ</strong></span> <span class='ocrx_word' id='word_1_572' title='bbox 503 4245 703 4300; x_wconf 79' lang='grc' dir='ltr'><strong>ἔσωθεν</strong></span> <span class='ocrx_word' id='word_1_573' title='bbox 743 4247 1052 4318; x_wconf 83' lang='grc' dir='ltr'><strong>ἀνθρώπου·</strong></span> <span class='ocrx_word' id='word_1_574' title='bbox 1101 4248 1245 4311; x_wconf 87' lang='grc' dir='ltr'><strong>τίνος</strong></span> <span class='ocrx_word' id='word_1_575' title='bbox 1282 4249 1390 4320; x_wconf 85' lang='grc' dir='ltr'><strong>γὰρ</strong></span> <span class='ocrx_word' id='word_1_576' title='bbox 1420 4250 1578 4302; x_wconf 82' lang='grc' dir='ltr'><strong>ἄλλου</strong></span> <span class='ocrx_word' id='word_1_577' title='bbox 1629 4251 1723 4304; x_wconf 73' lang='grc' dir='ltr'><strong>καὶ</strong></span> 
     </span>
    </p>
   </div>
   <div class='ocr_carea' id='block_1_76' title="bbox 147 4339 1722 4413">
    <p class='ocr_par' dir='ltr' id='par_1_76' title="bbox 147 4339 1722 4413">
     <span class='ocr_line' id='line_1_76' title="bbox 147 4339 1722 4413; baseline 0 -19"><span class='ocrx_word' id='word_1_578' title='bbox 147 4339 464 4394; x_wconf 72' lang='grc' dir='ltr'><strong>ἐϐασίλευσὲ</strong></span> <span class='ocrx_word' id='word_1_579' title='bbox 496 4356 645 4404; x_wconf 90' lang='grc' dir='ltr'><strong>ποτε,</strong></span> <span class='ocrx_word' id='word_1_580' title='bbox 675 4340 794 4410; x_wconf 77' lang='grc' dir='ltr'><strong>οὐχὶ</strong></span> <span class='ocrx_word' id='word_1_581' title='bbox 836 4339 1012 4411; x_wconf 75' lang='grc' dir='ltr'><strong>ψυχῆς</strong></span> <span class='ocrx_word' id='word_1_582' title='bbox 1053 4339 1150 4411; x_wconf 80' lang='grc' dir='ltr'><strong>τῆς</strong></span> <span class='ocrx_word' id='word_1_583' title='bbox 1183 4342 1239 4393; x_wconf 79' lang='grc' dir='ltr'><strong>ἐν</strong></span> <span class='ocrx_word' id='word_1_584' title='bbox 1265 4343 1520 4413; x_wconf 81' lang='grc' dir='ltr'><strong>φρονήσει</strong></span> <span class='ocrx_word' id='word_1_585' title='bbox 1544 4343 1722 4412; x_wconf 77' lang='grc' dir='ltr'><strong>ἁμαρ-</strong></span> 
     </span>
    </p>
   </div>
   <div class='ocr_carea' id='block_1_77' title="bbox 144 4430 1719 4502">
    <p class='ocr_par' dir='ltr' id='par_1_77' title="bbox 144 4430 1719 4502">
     <span class='ocr_line' id='line_1_77' title="bbox 144 4430 1719 4502; baseline 0.002 -19"><span class='ocrx_word' id='word_1_586' title='bbox 144 4431 430 4502; x_wconf 86' lang='grc' dir='ltr'><strong>τησάσης;</strong></span> <span class='ocrx_word' id='word_1_587' title='bbox 481 4430 664 4494; x_wconf 79' lang='grc' dir='ltr'><strong>καθὼς</strong></span> <span class='ocrx_word' id='word_1_588' title='bbox 709 4430 942 4502; x_wconf 72' lang='grc' dir='ltr'><strong>εἴρηταιο</strong></span> <span class='ocrx_word' id='word_1_589' title='bbox 975 4431 1149 4500; x_wconf 81' lang='grc' dir='ltr'><strong>Ψυχὴ</strong></span> <span class='ocrx_word' id='word_1_590' title='bbox 1205 4430 1318 4502; x_wconf 90' lang='grc'><strong>(76)</strong></span> <span class='ocrx_word' id='word_1_591' title='bbox 1375 4433 1412 4500; x_wconf 74' lang='grc' dir='ltr'>ἡ</span> <span class='ocrx_word' id='word_1_592' title='bbox 1464 4432 1719 4502; x_wconf 79' lang='grc' dir='ltr'><strong>ἁμαρτά-</strong></span> 
     </span>
    </p>
   </div>
   <div class='ocr_carea' id='block_1_78' title="bbox 1825 3254 3403 3324">
    <p class='ocr_par' dir='ltr' id='par_1_78' title="bbox 1825 3254 3403 3324">
     <span class='ocr_line' id='line_1_78' title="bbox 1825 3254 3403 3324; baseline 0.004 -19"><span class='ocrx_word' id='word_1_593' title='bbox 1825 3265 1950 3305; x_wconf 91' lang='lat' dir='ltr'><strong>eum</strong></span> <span class='ocrx_word' id='word_1_594' title='bbox 1979 3261 2222 3306; x_wconf 90' lang='lat' dir='ltr'><strong>nostram</strong></span> <span class='ocrx_word' id='word_1_595' title='bbox 2258 3264 2489 3306; x_wconf 90' lang='lat' dir='ltr'><strong>mortem</strong></span> <span class='ocrx_word' id='word_1_596' title='bbox 2520 3254 2850 3324; x_wconf 84' lang='lat' dir='ltr'><strong>suscepisse,</strong></span> <span class='ocrx_word' id='word_1_597' title='bbox 2888 3256 2991 3309; x_wconf 89' lang='lat' dir='ltr'><strong>hoc</strong></span> <span class='ocrx_word' id='word_1_598' title='bbox 3017 3265 3121 3320; x_wconf 86' lang='lat' dir='ltr'><strong>est,</strong></span> <span class='ocrx_word' id='word_1_599' title='bbox 3158 3267 3403 3312; x_wconf 85' lang='lat' dir='ltr'><strong>nostram</strong></span> 
     </span>
    </p>
   </div>
   <div class='ocr_carea' id='block_1_79' title="bbox 1826 3342 3401 3422">
    <p class='ocr_par' dir='ltr' id='par_1_79' title="bbox 1826 3342 3401 3422">
     <span class='ocr_line' id='line_1_79' title="bbox 1826 3342 3401 3422; baseline 0.002 -21"><span class='ocrx_word' id='word_1_600' title='bbox 1826 3342 2246 3401; x_wconf 71' lang='lat' dir='ltr'><strong>dissolutionem</strong></span> <span class='ocrx_word' id='word_1_601' title='bbox 2269 3343 2608 3422; x_wconf 73' lang='lat' dir='ltr'><strong>sustinuisse</strong></span> <span class='ocrx_word' id='word_1_602' title='bbox 2627 3388 2643 3411; x_wconf 92' lang='lat'><strong>,</strong></span> <span class='ocrx_word' id='word_1_603' title='bbox 2695 3355 2755 3400; x_wconf 92' lang='lat' dir='ltr'><strong>ut</strong></span> <span class='ocrx_word' id='word_1_604' title='bbox 2781 3357 2835 3401; x_wconf 91' lang='lat' dir='ltr'><strong>et</strong></span> <span class='ocrx_word' id='word_1_605' title='bbox 2872 3353 3116 3401; x_wconf 90' lang='lat' dir='ltr'><strong>nostram</strong></span> <span class='ocrx_word' id='word_1_606' title='bbox 3142 3351 3401 3404; x_wconf 89' lang='lat' dir='ltr'><strong>nascendi</strong></span> 
     </span>
    </p>
   </div>
   <div class='ocr_carea' id='block_1_80' title="bbox 1826 3430 2114 3486">
    <p class='ocr_par' dir='ltr' id='par_1_80' title="bbox 1826 3430 2114 3486">
     <span class='ocr_line' id='line_1_80' title="bbox 1826 3430 2114 3486; baseline 0.007 -2"><span class='ocrx_word' id='word_1_607' title='bbox 1826 3430 2114 3486; x_wconf 89' lang='lat' dir='ltr'><strong>rationem.</strong></span> 
     </span>
    </p>
   </div>
   <div class='ocr_carea' id='block_1_81' title="bbox 1896 3517 3397 3597">
    <p class='ocr_par' dir='ltr' id='par_1_81' title="bbox 1896 3517 3397 3597">
     <span class='ocr_line' id='line_1_81' title="bbox 1896 3517 3397 3597; baseline 0.008 -25"><span class='ocrx_word' id='word_1_608' title='bbox 1896 3521 1982 3574; x_wconf 89' lang='grc'><strong>19.</strong></span> <span class='ocrx_word' id='word_1_609' title='bbox 2026 3517 2238 3574; x_wconf 84' lang='lat' dir='ltr'><strong>Vanum</strong></span> <span class='ocrx_word' id='word_1_610' title='bbox 2287 3520 2451 3591; x_wconf 85' lang='lat' dir='ltr'><strong>igitur</strong></span> <span class='ocrx_word' id='word_1_611' title='bbox 2491 3531 2574 3578; x_wconf 86' lang='lat' dir='ltr'><strong>est</strong></span> <span class='ocrx_word' id='word_1_612' title='bbox 2623 3533 2866 3579; x_wconf 86' lang='lat' dir='ltr'><strong>vestrum</strong></span> <span class='ocrx_word' id='word_1_613' title='bbox 2910 3527 3190 3597; x_wconf 88' lang='lat' dir='ltr'><strong>sophisma</strong></span> <span class='ocrx_word' id='word_1_614' title='bbox 3227 3547 3240 3583; x_wconf 90' lang='lat'><strong>:</strong></span> <span class='ocrx_word' id='word_1_615' title='bbox 3271 3545 3397 3584; x_wconf 91' lang='lat' dir='ltr'><strong>nam</strong></span> 
     </span>
    </p>
   </div>
   <div class='ocr_carea' id='block_1_82' title="bbox 1824 3612 3401 3682">
    <p class='ocr_par' dir='ltr' id='par_1_82' title="bbox 1824 3612 3401 3682">
     <span class='ocr_line' id='line_1_82' title="bbox 1824 3612 3401 3682; baseline 0.007 -18"><span class='ocrx_word' id='word_1_616' title='bbox 1824 3612 1938 3682; x_wconf 89' lang='lat' dir='ltr'><strong>qui,</strong></span> <span class='ocrx_word' id='word_1_617' title='bbox 1978 3626 2184 3681; x_wconf 64' lang='lat' dir='ltr'><strong>quaeso,</strong></span> <span class='ocrx_word' id='word_1_618' title='bbox 2220 3625 2369 3666; x_wconf 90' lang='lat' dir='ltr'><strong>mors</strong></span> <span class='ocrx_word' id='word_1_619' title='bbox 2403 3615 2749 3682; x_wconf 81' lang='lat' dir='ltr'><strong>advenisset,</strong></span> <span class='ocrx_word' id='word_1_620' title='bbox 2784 3617 2886 3672; x_wconf 89' lang='lat' dir='ltr'><strong>nisi</strong></span> <span class='ocrx_word' id='word_1_621' title='bbox 2914 3627 2968 3671; x_wconf 89' lang='lat' dir='ltr'><strong>et</strong></span> <span class='ocrx_word' id='word_1_622' title='bbox 2995 3619 3310 3674; x_wconf 89' lang='lat' dir='ltr'><strong>interiorem</strong></span> <span class='ocrx_word' id='word_1_623' title='bbox 3345 3631 3401 3675; x_wconf 91' lang='lat' dir='ltr'><strong>ct</strong></span> 
     </span>
    </p>
   </div>
   <div class='ocr_carea' id='block_1_83' title="bbox 1825 3701 3398 3775">
    <p class='ocr_par' dir='ltr' id='par_1_83' title="bbox 1825 3701 3398 3775">
     <span class='ocr_line' id='line_1_83' title="bbox 1825 3701 3398 3775; baseline 0.005 -19"><span class='ocrx_word' id='word_1_624' title='bbox 1825 3701 2147 3756; x_wconf 77' lang='lat' dir='ltr'><strong>exteriorem</strong></span> <span class='ocrx_word' id='word_1_625' title='bbox 2203 3701 2479 3757; x_wconf 87' lang='lat' dir='ltr'><strong>hominem</strong></span> <span class='ocrx_word' id='word_1_626' title='bbox 2513 3702 2751 3758; x_wconf 85' lang='lat' dir='ltr'><strong>Verbum</strong></span> <span class='ocrx_word' id='word_1_627' title='bbox 2803 3705 2860 3760; x_wconf 90' lang='lat' dir='ltr'><strong>in</strong></span> <span class='ocrx_word' id='word_1_628' title='bbox 2899 3723 2957 3762; x_wconf 91' lang='lat' dir='ltr'><strong>se</strong></span> <span class='ocrx_word' id='word_1_629' title='bbox 3000 3711 3398 3775; x_wconf 87' lang='lat' dir='ltr'><strong>constituisset,</strong></span> 
     </span>
    </p>
   </div>
   <div class='ocr_carea' id='block_1_84' title="bbox 1826 3787 3400 3862">
    <p class='ocr_par' dir='ltr' id='par_1_84' title="bbox 1826 3787 3400 3862">
     <span class='ocr_line' id='line_1_84' title="bbox 1826 3787 3400 3862; baseline 0.008 -21"><span class='ocrx_word' id='word_1_630' title='bbox 1826 3787 1879 3841; x_wconf 91' lang='lat' dir='ltr'><strong>id</strong></span> <span class='ocrx_word' id='word_1_631' title='bbox 1904 3797 1988 3842; x_wconf 89' lang='lat' dir='ltr'><strong>est</strong></span> <span class='ocrx_word' id='word_1_632' title='bbox 2019 3802 2216 3857; x_wconf 90' lang='lat' dir='ltr'><strong>corpus</strong></span> <span class='ocrx_word' id='word_1_633' title='bbox 2239 3799 2292 3843; x_wconf 91' lang='lat' dir='ltr'><strong>et</strong></span> <span class='ocrx_word' id='word_1_634' title='bbox 2316 3790 2600 3844; x_wconf 84' lang='lat' dir='ltr'><strong>animam?</strong></span> <span class='ocrx_word' id='word_1_635' title='bbox 2639 3790 2742 3858; x_wconf 86' lang='lat' dir='ltr'><strong>Qui</strong></span> <span class='ocrx_word' id='word_1_636' title='bbox 2778 3809 2878 3862; x_wconf 91' lang='lat' dir='ltr'><strong>pro</strong></span> <span class='ocrx_word' id='word_1_637' title='bbox 2910 3805 3026 3850; x_wconf 92' lang='lat' dir='ltr'><strong>toto</strong></span> <span class='ocrx_word' id='word_1_638' title='bbox 3060 3798 3281 3854; x_wconf 88' lang='lat' dir='ltr'><strong>homine</strong></span> <span class='ocrx_word' id='word_1_639' title='bbox 3314 3817 3400 3854; x_wconf 89' lang='lat' dir='ltr'><strong>re-</strong></span> 
     </span>
    </p>
   </div>
   <div class='ocr_carea' id='block_1_85' title="bbox 1823 3877 3400 3955">
    <p class='ocr_par' dir='ltr' id='par_1_85' title="bbox 1823 3877 3400 3955">
     <span class='ocr_line' id='line_1_85' title="bbox 1823 3877 3400 3955; baseline 0.009 -24"><span class='ocrx_word' id='word_1_640' title='bbox 1823 3877 2151 3946; x_wconf 91' lang='lat' dir='ltr'><strong>demptionis</strong></span> <span class='ocrx_word' id='word_1_641' title='bbox 2195 3880 2430 3948; x_wconf 87' lang='lat' dir='ltr'><strong>pretium</strong></span> <span class='ocrx_word' id='word_1_642' title='bbox 2459 3881 2712 3936; x_wconf 88' lang='lat' dir='ltr'><strong>dederit?</strong></span> <span class='ocrx_word' id='word_1_643' title='bbox 2743 3894 2839 3938; x_wconf 89' lang='lat' dir='ltr'><strong>aut</strong></span> <span class='ocrx_word' id='word_1_644' title='bbox 2895 3889 3171 3955; x_wconf 90' lang='lat' dir='ltr'><strong>quomodo</strong></span> <span class='ocrx_word' id='word_1_645' title='bbox 3206 3892 3400 3945; x_wconf 81' lang='lat' dir='ltr'><strong>mortis</strong></span> 
     </span>
    </p>
   </div>
   <div class='ocr_carea' id='block_1_86' title="bbox 1824 3971 3397 4050">
    <p class='ocr_par' dir='ltr' id='par_1_86' title="bbox 1824 3971 3397 4050">
     <span class='ocr_line' id='line_1_86' title="bbox 1824 3971 3397 4050; baseline 0.008 -27"><span class='ocrx_word' id='word_1_646' title='bbox 1824 3971 2112 4039; x_wconf 89' lang='lat' dir='ltr'><strong>imperium</strong></span> <span class='ocrx_word' id='word_1_647' title='bbox 2161 3972 2317 4040; x_wconf 87' lang='lat' dir='ltr'><strong>plene</strong></span> <span class='ocrx_word' id='word_1_648' title='bbox 2371 3974 2694 4044; x_wconf 81' lang='lat' dir='ltr'><strong>abrogatum</strong></span> <span class='ocrx_word' id='word_1_649' title='bbox 2741 3975 2932 4043; x_wconf 82' lang='lat' dir='ltr'><strong>fuerit,</strong></span> <span class='ocrx_word' id='word_1_650' title='bbox 2990 3979 3034 4034; x_wconf 93' lang='lat' dir='ltr'><strong>si</strong></span> <span class='ocrx_word' id='word_1_651' title='bbox 3072 3981 3201 4035; x_wconf 88' lang='lat' dir='ltr'><strong>illud</strong></span> <span class='ocrx_word' id='word_1_652' title='bbox 3250 3983 3397 4050; x_wconf 86' lang='lat' dir='ltr'><strong>quod</strong></span> 
     </span>
    </p>
   </div>
   <div class='ocr_carea' id='block_1_87' title="bbox 1822 4061 3397 4138">
    <p class='ocr_par' dir='ltr' id='par_1_87' title="bbox 1822 4061 3397 4138">
     <span class='ocr_line' id='line_1_87' title="bbox 1822 4061 3397 4138; baseline 0.006 -23"><span class='ocrx_word' id='word_1_653' title='bbox 1822 4076 1918 4130; x_wconf 88' lang='lat' dir='ltr'><strong>per</strong></span> <span class='ocrx_word' id='word_1_654' title='bbox 1948 4061 2356 4132; x_wconf 80' lang='lat' dir='ltr'><strong>intelligentiam</strong></span> <span class='ocrx_word' id='word_1_655' title='bbox 2386 4073 2668 4132; x_wconf 89' lang='lat' dir='ltr'><strong>peccarat,</strong></span> <span class='ocrx_word' id='word_1_656' title='bbox 2705 4067 2943 4120; x_wconf 88' lang='lat' dir='ltr'><strong>animam</strong></span> <span class='ocrx_word' id='word_1_657' title='bbox 2984 4084 3205 4138; x_wconf 89' lang='lat' dir='ltr'><strong>nempe,</strong></span> <span class='ocrx_word' id='word_1_658' title='bbox 3232 4070 3397 4124; x_wconf 83' lang='lat' dir='ltr'><strong>Chri-</strong></span> 
     </span>
    </p>
   </div>
   <div class='ocr_carea' id='block_1_88' title="bbox 1823 4153 3398 4232">
    <p class='ocr_par' dir='ltr' id='par_1_88' title="bbox 1823 4153 3398 4232">
     <span class='ocr_line' id='line_1_88' title="bbox 1823 4153 3398 4232; baseline 0.004 -24"><span class='ocrx_word' id='word_1_659' title='bbox 1823 4161 1941 4209; x_wconf 91' lang='lat' dir='ltr'><strong>stus</strong></span> <span class='ocrx_word' id='word_1_660' title='bbox 1970 4153 2023 4208; x_wconf 91' lang='lat' dir='ltr'><strong>in</strong></span> <span class='ocrx_word' id='word_1_661' title='bbox 2053 4168 2175 4208; x_wconf 90' lang='lat' dir='ltr'><strong>sese</strong></span> <span class='ocrx_word' id='word_1_662' title='bbox 2204 4154 2612 4223; x_wconf 88' lang='lat' dir='ltr'><strong>impeccabilem</strong></span> <span class='ocrx_word' id='word_1_663' title='bbox 2644 4171 2752 4210; x_wconf 89' lang='lat' dir='ltr'><strong>non</strong></span> <span class='ocrx_word' id='word_1_664' title='bbox 2784 4159 3204 4215; x_wconf 87' lang='lat' dir='ltr'><strong>constituisset?</strong></span> <span class='ocrx_word' id='word_1_665' title='bbox 3251 4161 3398 4232; x_wconf 81' lang='lat' dir='ltr'><strong>Ergo</strong></span> 
     </span>
    </p>
   </div>
   <div class='ocr_carea' id='block_1_89' title="bbox 1823 4245 3390 4315">
    <p class='ocr_par' dir='ltr' id='par_1_89' title="bbox 1823 4245 3390 4315">
     <span class='ocr_line' id='line_1_89' title="bbox 1823 4245 3390 4315; baseline 0.004 -16"><span class='ocrx_word' id='word_1_666' title='bbox 1823 4260 1972 4299; x_wconf 85' lang='lat' dir='ltr'><strong>mors</strong></span> <span class='ocrx_word' id='word_1_667' title='bbox 1999 4245 2163 4299; x_wconf 90' lang='lat' dir='ltr'><strong>etiam</strong></span> <span class='ocrx_word' id='word_1_668' title='bbox 2194 4262 2338 4301; x_wconf 92' lang='lat' dir='ltr'><strong>nunc</strong></span> <span class='ocrx_word' id='word_1_669' title='bbox 2370 4247 2423 4300; x_wconf 93' lang='lat' dir='ltr'><strong>in</strong></span> <span class='ocrx_word' id='word_1_670' title='bbox 2461 4248 2716 4303; x_wconf 91' lang='lat' dir='ltr'><strong>interiore</strong></span> <span class='ocrx_word' id='word_1_671' title='bbox 2769 4249 2990 4305; x_wconf 90' lang='lat' dir='ltr'><strong>homine</strong></span> <span class='ocrx_word' id='word_1_672' title='bbox 3040 4253 3390 4315; x_wconf 85' lang='lat' dir='ltr'><strong>dominatur;</strong></span> 
     </span>
    </p>
   </div>
   <div class='ocr_carea' id='block_1_90' title="bbox 1824 4338 3396 4415">
    <p class='ocr_par' dir='ltr' id='par_1_90' title="bbox 1824 4338 3396 4415">
     <span class='ocr_line' id='line_1_90' title="bbox 1824 4338 3396 4415; baseline 0.009 -25"><span class='ocrx_word' id='word_1_673' title='bbox 1824 4338 1878 4390; x_wconf 91' lang='lat' dir='ltr'><strong>in</strong></span> <span class='ocrx_word' id='word_1_674' title='bbox 1905 4353 2144 4406; x_wconf 88' lang='lat' dir='ltr'><strong>quonam</strong></span> <span class='ocrx_word' id='word_1_675' title='bbox 2183 4340 2328 4393; x_wconf 90' lang='lat' dir='ltr'><strong>enim</strong></span> <span class='ocrx_word' id='word_1_676' title='bbox 2361 4341 2469 4394; x_wconf 91' lang='lat' dir='ltr'><strong>alio</strong></span> <span class='ocrx_word' id='word_1_677' title='bbox 2502 4357 2746 4410; x_wconf 87' lang='lat' dir='ltr'><strong>unquam</strong></span> <span class='ocrx_word' id='word_1_678' title='bbox 2778 4353 3140 4415; x_wconf 77' lang='lat' dir='ltr'><strong>regnaverat,</strong></span> <span class='ocrx_word' id='word_1_679' title='bbox 3194 4349 3299 4402; x_wconf 91' lang='lat' dir='ltr'><strong>nisi</strong></span> <span class='ocrx_word' id='word_1_680' title='bbox 3340 4350 3396 4405; x_wconf 91' lang='lat' dir='ltr'><strong>in</strong></span> 
     </span>
    </p>
   </div>
   <div class='ocr_carea' id='block_1_91' title="bbox 1825 4431 3393 4503">
    <p class='ocr_par' dir='ltr' id='par_1_91' title="bbox 1825 4431 3393 4503">
     <span class='ocr_line' id='line_1_91' title="bbox 1825 4431 3393 4503; baseline 0.007 -18"><span class='ocrx_word' id='word_1_681' title='bbox 1825 4431 2026 4497; x_wconf 89' lang='lat' dir='ltr'><strong>anima,</strong></span> <span class='ocrx_word' id='word_1_682' title='bbox 2051 4447 2172 4501; x_wconf 76' lang='lat' dir='ltr'><strong>qua:</strong></span> <span class='ocrx_word' id='word_1_683' title='bbox 2202 4433 2548 4503; x_wconf 78' lang='lat' dir='ltr'><strong>intelligendo</strong></span> <span class='ocrx_word' id='word_1_684' title='bbox 2573 4437 2931 4503; x_wconf 80' lang='lat' dir='ltr'><strong>peccaverat?</strong></span> <span class='ocrx_word' id='word_1_685' title='bbox 2955 4445 3013 4490; x_wconf 93' lang='lat' dir='ltr'><strong>ut</strong></span> <span class='ocrx_word' id='word_1_686' title='bbox 3039 4438 3242 4492; x_wconf 91' lang='lat' dir='ltr'><strong>dictum</strong></span> <span class='ocrx_word' id='word_1_687' title='bbox 3273 4450 3357 4494; x_wconf 89' lang='lat' dir='ltr'><strong>est</strong></span> <span class='ocrx_word' id='word_1_688' title='bbox 3380 4461 3393 4496; x_wconf 89' lang='lat'><strong>:</strong></span> 
     </span>
    </p>
   </div>
   <div class='ocr_carea' id='block_1_92' title="bbox 144 4490 1722 4600">
    <p class='ocr_par' dir='ltr' id='par_1_92' title="bbox 144 4519 1720 4595">
     <span class='ocr_line' id='line_1_92' title="bbox 144 4519 1720 4595; baseline 0.001 -19"><span class='ocrx_word' id='word_1_689' title='bbox 144 4537 366 4586; x_wconf 69' lang='grc' dir='ltr'><strong>νουσα,</strong></span> <span class='ocrx_word' id='word_1_690' title='bbox 411 4522 562 4589; x_wconf 83' lang='grc' dir='ltr'><strong>αὕτη</strong></span> <span class='ocrx_word' id='word_1_691' title='bbox 602 4521 700 4576; x_wconf 79' lang='grc' dir='ltr'><strong>καὶ</strong></span> <span class='ocrx_word' id='word_1_692' title='bbox 743 4521 1138 4577; x_wconf 78' lang='grc' dir='ltr'><strong>ἀποθανεῖται·</strong></span> <span class='ocrx_word' id='word_1_693' title='bbox 1171 4523 1312 4594; x_wconf 84' lang='grc' dir='ltr'><strong>ὑπὲρ</strong></span> <span class='ocrx_word' id='word_1_694' title='bbox 1355 4519 1421 4595; x_wconf 82' lang='grc' dir='ltr'><strong>ἦς</strong></span> <span class='ocrx_word' id='word_1_695' title='bbox 1451 4525 1548 4594; x_wconf 83' lang='grc' dir='ltr'><strong>τὴν</strong></span> <span class='ocrx_word' id='word_1_696' title='bbox 1585 4525 1720 4578; x_wconf 89' lang='grc' dir='ltr'><strong>ἰδίαν</strong></span> 
     </span>
    </p>
   </div>
   <div class='ocr_carea' id='block_1_93' title="bbox 1838 4490 3398 4600">
    <p class='ocr_par' dir='ltr' id='par_1_93' title="bbox 1838 4522 3398 4600">
     <span class='ocr_line' id='line_1_93' title="bbox 1838 4522 3398 4600; baseline 0.006 -26"><span class='ocrx_word' id='word_1_697' title='bbox 1838 4522 2018 4575; x_wconf 68' lang='lat' dir='ltr'><strong>Anima</strong></span> <span class='ocrx_word' id='word_1_698' title='bbox 2038 4539 2156 4593; x_wconf 75' lang='lat' dir='ltr'><strong>qua:</strong></span> <span class='ocrx_word' id='word_1_699' title='bbox 2175 4525 2483 4592; x_wconf 82' lang='lat' dir='ltr'><strong>peccaverit,</strong></span> <span class='ocrx_word' id='word_1_700' title='bbox 2506 4526 2621 4592; x_wconf 70' lang='lat' dir='ltr'><strong>ipsa</strong></span> <span class='ocrx_word' id='word_1_701' title='bbox 2648 4526 2960 4580; x_wconf 82' lang='lat' dir='ltr'><strong>morietur&quot;</strong></span> <span class='ocrx_word' id='word_1_702' title='bbox 2986 4545 2998 4581; x_wconf 90' lang='lat'>:</span> <span class='ocrx_word' id='word_1_703' title='bbox 3023 4542 3124 4597; x_wconf 88' lang='lat' dir='ltr'><strong>pro</strong></span> <span class='ocrx_word' id='word_1_704' title='bbox 3142 4544 3247 4598; x_wconf 90' lang='lat' dir='ltr'><strong>qua</strong></span> <span class='ocrx_word' id='word_1_705' title='bbox 3273 4546 3398 4600; x_wconf 87' lang='lat' dir='ltr'><strong>pro-</strong></span> 
     </span>
    </p>
   </div>
   <div class='ocr_carea' id='block_1_94' title="bbox 144 4612 1716 4686">
    <p class='ocr_par' dir='ltr' id='par_1_94' title="bbox 144 4612 1716 4686">
     <span class='ocr_line' id='line_1_94' title="bbox 144 4612 1716 4686; baseline 0.002 -20"><span class='ocrx_word' id='word_1_706' title='bbox 144 4614 326 4686; x_wconf 76' lang='grc' dir='ltr'><strong>ψυχὴν</strong></span> <span class='ocrx_word' id='word_1_707' title='bbox 380 4612 621 4666; x_wconf 88' lang='grc' dir='ltr'><strong>τέθεικεν</strong></span> <span class='ocrx_word' id='word_1_708' title='bbox 657 4614 686 4664; x_wconf 87' lang='lat'><strong>6</strong></span> <span class='ocrx_word' id='word_1_709' title='bbox 716 4612 948 4683; x_wconf 80' lang='grc' dir='ltr'><strong>Χριστὸς</strong></span> <span class='ocrx_word' id='word_1_710' title='bbox 979 4613 1171 4684; x_wconf 89' lang='grc' dir='ltr'><strong>λύτρον</strong></span> <span class='ocrx_word' id='word_1_711' title='bbox 1226 4614 1340 4684; x_wconf 89' lang='grc'><strong>(77)</strong></span> <span class='ocrx_word' id='word_1_712' title='bbox 1401 4615 1716 4678; x_wconf 88' lang='grc' dir='ltr'><strong>ἀντιδιδούς.</strong></span> 
     </span>
    </p>
   </div>
   <div class='ocr_carea' id='block_1_95' title="bbox 221 4727 1286 4795">
    <p class='ocr_par' dir='ltr' id='par_1_95' title="bbox 221 4727 1286 4795">
     <span class='ocr_line' id='line_1_95' title="bbox 221 4727 1286 4795; baseline 0.001 -13"><span class='ocrx_word' id='word_1_713' title='bbox 221 4731 265 4760; x_wconf 81' lang='grc' dir='ltr'><strong>τ¹</strong></span> <span class='ocrx_word' id='word_1_714' title='bbox 297 4727 454 4784; x_wconf 81' lang='lat' dir='ltr'><strong>Joan.</strong></span> <span class='ocrx_word' id='word_1_715' title='bbox 485 4745 542 4794; x_wconf 73' lang='grc' dir='ltr'><strong>ι,</strong></span> <span class='ocrx_word' id='word_1_716' title='bbox 569 4729 658 4783; x_wconf 74' lang='grc'><strong>15.</strong></span> <span class='ocrx_word' id='word_1_717' title='bbox 736 4729 782 4760; x_wconf 83' lang='grc'><strong>⁷⁸</strong></span> <span class='ocrx_word' id='word_1_718' title='bbox 812 4727 1012 4783; x_wconf 72' lang='lat' dir='ltr'><strong>Esech.</strong></span> <span class='ocrx_word' id='word_1_719' title='bbox 1043 4745 1200 4795; x_wconf 79' lang='lat' dir='ltr'><strong>mu,</strong></span> <span class='ocrx_word' id='word_1_720' title='bbox 1231 4729 1286 4783; x_wconf 82' lang='grc'><strong>4.</strong></span> 
     </span>
    </p>
   </div>
   <div class='ocr_carea' id='block_1_96' title="bbox 224 4838 1718 4913">
    <p class='ocr_par' dir='ltr' id='par_1_96' title="bbox 224 4838 1718 4913">
     <span class='ocr_line' id='line_1_96' title="bbox 224 4838 1718 4913; baseline 0.001 -19"><span class='ocrx_word' id='word_1_721' title='bbox 224 4840 632 4913; x_wconf 76' lang='lat' dir='ltr'><strong>(68)chuer._,</strong></span> <span class='ocrx_word' id='word_1_722' title='bbox 664 4839 730 4913; x_wconf 76' lang='grc' dir='ltr'><strong>δι’</strong></span> <span class='ocrx_word' id='word_1_723' title='bbox 761 4838 876 4913; x_wconf 70' lang='grc' dir='ltr'><strong>ένός</strong></span> <span class='ocrx_word' id='word_1_724' title='bbox 917 4839 1202 4910; x_wconf 86' lang='grc' dir='ltr'><strong>ἀνθρώπου</strong></span> <span class='ocrx_word' id='word_1_725' title='bbox 1242 4839 1416 4912; x_wconf 87' lang='grc' dir='ltr'><strong>Ἰησοῦ</strong></span> <span class='ocrx_word' id='word_1_726' title='bbox 1461 4842 1718 4913; x_wconf 85' lang='grc' dir='ltr'><strong>Χριστοῦ.</strong></span> 
     </span>
    </p>
   </div>
   <div class='ocr_carea' id='block_1_97' title="bbox 150 4909 910 4981">
    <p class='ocr_par' dir='ltr' id='par_1_97' title="bbox 150 4909 910 4981">
     <span class='ocr_line' id='line_1_97' title="bbox 150 4909 910 4981; baseline -0.005 -16"><span class='ocrx_word' id='word_1_727' title='bbox 150 4909 210 4965; x_wconf 85' lang='lat' dir='ltr'><strong>In</strong></span> <span class='ocrx_word' id='word_1_728' title='bbox 235 4909 402 4981; x_wconf 67' lang='lat' dir='ltr'><strong>editis</strong></span> <span class='ocrx_word' id='word_1_729' title='bbox 429 4909 578 4964; x_wconf 77' lang='lat' dir='ltr'><strong>deest</strong></span> <span class='ocrx_word' id='word_1_730' title='bbox 605 4909 910 4981; x_wconf 68' lang='grc' dir='ltr'><strong>ἀνθρώπου.</strong></span> 
     </span>
    </p>
   </div>
   <div class='ocr_carea' id='block_1_98' title="bbox 247 4978 1722 5050">
    <p class='ocr_par' dir='ltr' id='par_1_98' title="bbox 247 4978 1722 5050">
     <span class='ocr_line' id='line_1_98' title="bbox 247 4978 1722 5050; baseline 0.001 -17"><span class='ocrx_word' id='word_1_731' title='bbox 247 4979 338 5050; x_wconf 84' lang='grc'><strong>69)</strong></span> <span class='ocrx_word' id='word_1_732' title='bbox 356 4978 589 5050; x_wconf 15' lang='grc' dir='ltr'><strong>ίὸοεῃετ.</strong></span> <span class='ocrx_word' id='word_1_733' title='bbox 622 4978 849 5050; x_wconf 17' lang='grc' dir='ltr'><strong>Ῠῧόὴίθιξ.</strong></span> <span class='ocrx_word' id='word_1_734' title='bbox 877 4979 1194 5050; x_wconf 24' lang='grc' dir='ltr'><strong>ειγῖςιειςω.</strong></span> <span class='ocrx_word' id='word_1_735' title='bbox 1225 4981 1276 5045; x_wconf 89' lang='grc'><strong>1,</strong></span> <span class='ocrx_word' id='word_1_736' title='bbox 1305 4979 1368 5033; x_wconf 86' lang='grc' dir='ltr'><strong>τὺ</strong></span> <span class='ocrx_word' id='word_1_737' title='bbox 1396 4979 1594 5044; x_wconf 73' lang='grc' dir='ltr'><strong>ἔξωθεν</strong></span> <span class='ocrx_word' id='word_1_738' title='bbox 1627 4983 1722 5036; x_wconf 81' lang='grc' dir='ltr'><strong>καὶ</strong></span> 
     </span>
    </p>
   </div>
   <div class='ocr_carea' id='block_1_99' title="bbox 149 5047 1725 5120">
    <p class='ocr_par' dir='ltr' id='par_1_99' title="bbox 149 5047 1725 5120">
     <span class='ocr_line' id='line_1_99' title="bbox 149 5047 1725 5120; baseline 0.002 -16"><span class='ocrx_word' id='word_1_739' title='bbox 149 5051 212 5104; x_wconf 79' lang='grc' dir='ltr'><strong>τὺ</strong></span> <span class='ocrx_word' id='word_1_740' title='bbox 234 5047 463 5104; x_wconf 69' lang='grc' dir='ltr'><strong>ἔσωθενξ</strong></span> <span class='ocrx_word' id='word_1_741' title='bbox 483 5047 542 5104; x_wconf 83' lang='lat' dir='ltr'><strong>In</strong></span> <span class='ocrx_word' id='word_1_742' title='bbox 571 5049 752 5116; x_wconf 86' lang='lat' dir='ltr'><strong>editis,</strong></span> <span class='ocrx_word' id='word_1_743' title='bbox 781 5048 871 5102; x_wconf 87' lang='grc' dir='ltr'><strong>τὸν</strong></span> <span class='ocrx_word' id='word_1_744' title='bbox 897 5047 1112 5115; x_wconf 75' lang='grc' dir='ltr'><strong>ἔξωθεν,</strong></span> <span class='ocrx_word' id='word_1_745' title='bbox 1144 5051 1237 5104; x_wconf 79' lang='grc' dir='ltr'><strong>καὶ</strong></span> <span class='ocrx_word' id='word_1_746' title='bbox 1262 5054 1320 5104; x_wconf 83' lang='grc' dir='ltr'><strong>ὲν</strong></span> <span class='ocrx_word' id='word_1_747' title='bbox 1343 5050 1521 5120; x_wconf 84' lang='grc' dir='ltr'><strong>τάφῳ,</strong></span> <span class='ocrx_word' id='word_1_748' title='bbox 1551 5053 1725 5107; x_wconf 87' lang='lat' dir='ltr'><strong>omis-</strong></span> 
     </span>
    </p>
   </div>
   <div class='ocr_carea' id='block_1_100' title="bbox 153 5121 476 5177">
    <p class='ocr_par' dir='ltr' id='par_1_100' title="bbox 153 5121 476 5177">
     <span class='ocr_line' id='line_1_100' title="bbox 153 5121 476 5177; baseline -0.009 0"><span class='ocrx_word' id='word_1_749' title='bbox 153 5121 232 5177; x_wconf 85' lang='lat' dir='ltr'><strong>sis</strong></span> <span class='ocrx_word' id='word_1_750' title='bbox 261 5121 476 5174; x_wconf 87' lang='lat' dir='ltr'><strong>mediis.</strong></span> 
     </span>
    </p>
   </div>
   <div class='ocr_carea' id='block_1_101' title="bbox 191 5179 1723 5259">
    <p class='ocr_par' dir='ltr' id='par_1_101' title="bbox 191 5179 1723 5259">
     <span class='ocr_line' id='line_1_101' title="bbox 191 5179 1723 5259; baseline 0 -17"><span class='ocrx_word' id='word_1_751' title='bbox 191 5179 337 5256; x_wconf 69' lang='grc'><strong>’(70)</strong></span> <span class='ocrx_word' id='word_1_752' title='bbox 365 5185 474 5242; x_wconf 85' lang='grc' dir='ltr'><strong>Ἦν</strong></span> <span class='ocrx_word' id='word_1_753' title='bbox 503 5190 654 5244; x_wconf 89' lang='lat' dir='ltr'><strong>deest</strong></span> <span class='ocrx_word' id='word_1_754' title='bbox 697 5189 754 5243; x_wconf 90' lang='lat' dir='ltr'><strong>in</strong></span> <span class='ocrx_word' id='word_1_755' title='bbox 801 5187 1023 5258; x_wconf 79' lang='lat' dir='ltr'><strong>Seguer.</strong></span> <span class='ocrx_word' id='word_1_756' title='bbox 1053 5191 1198 5244; x_wconf 89' lang='lat' dir='ltr'><strong>Idem</strong></span> <span class='ocrx_word' id='word_1_757' title='bbox 1238 5190 1398 5259; x_wconf 89' lang='lat' dir='ltr'><strong>paulo</strong></span> <span class='ocrx_word' id='word_1_758' title='bbox 1426 5199 1564 5258; x_wconf 88' lang='lat' dir='ltr'><strong>post,</strong></span> <span class='ocrx_word' id='word_1_759' title='bbox 1600 5192 1723 5244; x_wconf 82' lang='grc' dir='ltr'><strong>ἀντὶ</strong></span> 
     </span>
    </p>
   </div>
   <div class='ocr_carea' id='block_1_102' title="bbox 154 5258 1725 5338">
    <p class='ocr_par' dir='ltr' id='par_1_102' title="bbox 154 5258 1725 5338">
     <span class='ocr_line' id='line_1_102' title="bbox 154 5258 1725 5338; baseline -0.001 -25"><span class='ocrx_word' id='word_1_760' title='bbox 154 5260 425 5331; x_wconf 84' lang='grc' dir='ltr'><strong>σώματος,</strong></span> <span class='ocrx_word' id='word_1_761' title='bbox 459 5269 513 5314; x_wconf 91' lang='lat' dir='ltr'><strong>ct</strong></span> <span class='ocrx_word' id='word_1_762' title='bbox 557 5261 639 5315; x_wconf 81' lang='lat' dir='ltr'><strong>sic</strong></span> <span class='ocrx_word' id='word_1_763' title='bbox 675 5259 959 5329; x_wconf 79' lang='lat' dir='ltr'><strong>legendum</strong></span> <span class='ocrx_word' id='word_1_764' title='bbox 990 5261 1221 5315; x_wconf 80' lang='lat' dir='ltr'><strong>videtur.</strong></span> <span class='ocrx_word' id='word_1_765' title='bbox 1239 5258 1413 5325; x_wconf 30' lang='lat' dir='ltr'><strong>’Editi,</strong></span> <span class='ocrx_word' id='word_1_766' title='bbox 1447 5260 1584 5338; x_wconf 60' lang='lat' dir='ltr'><strong>67¢p</strong></span> <span class='ocrx_word' id='word_1_767' title='bbox 1618 5260 1725 5312; x_wconf 83' lang='grc' dir='ltr'><strong>σώ-</strong></span> 
     </span>
    </p>
   </div>
   <div class='ocr_carea' id='block_1_103' title="bbox 153 5347 1247 5410">
    <p class='ocr_par' dir='ltr' id='par_1_103' title="bbox 153 5347 1247 5410">
     <span class='ocr_line' id='line_1_103' title="bbox 153 5347 1247 5410; baseline 0.007 -8"><span class='ocrx_word' id='word_1_768' title='bbox 153 5347 440 5410; x_wconf 67' lang='grc' dir='ltr'><strong>μαὶοἷί.·.....</strong></span> <span class='ocrx_word' id='word_1_769' title='bbox 537 5397 564 5410; x_wconf 79' lang='lat'><strong>-</strong></span> <span class='ocrx_word' id='word_1_770' title='bbox 612 5403 638 5410; x_wconf 81' lang='lat'>_</span> <span class='ocrx_word' id='word_1_771' title='bbox 716 5397 747 5410; x_wconf 89' lang='lat'><strong>..</strong></span> <span class='ocrx_word' id='word_1_772' title='bbox 821 5399 904 5410; x_wconf 78' lang='grc'><strong>-..</strong></span> <span class='ocrx_word' id='word_1_773' title='bbox 1021 5400 1033 5410; x_wconf 95' lang='grc'><strong>.</strong></span> 
     </span>
    </p>
   </div>
   <div class='ocr_carea' id='block_1_104' title="bbox 225 5397 1721 5470">
    <p class='ocr_par' dir='ltr' id='par_1_104' title="bbox 225 5397 1721 5470">
     <span class='ocr_line' id='line_1_104' title="bbox 225 5397 1721 5470; baseline 0.003 -18"><span class='ocrx_word' id='word_1_774' title='bbox 225 5399 479 5470; x_wconf 65' lang='lat' dir='ltr'><strong>nam;</strong></span> <span class='ocrx_word' id='word_1_775' title='bbox 531 5397 675 5470; x_wconf 77' lang='grc' dir='ltr'><strong>ζωῆς</strong></span> <span class='ocrx_word' id='word_1_776' title='bbox 716 5397 991 5470; x_wconf 65' lang='grc' dir='ltr'><strong>Ἰουδαῖοι,</strong></span> <span class='ocrx_word' id='word_1_777' title='bbox 1020 5397 1280 5470; x_wconf 5' lang='lat' dir='ltr'><strong>inpeditis</strong></span> <span class='ocrx_word' id='word_1_778' title='bbox 1321 5401 1620 5470; x_wconf 87' lang='lat' dir='ltr'><strong>omissum,</strong></span> <span class='ocrx_word' id='word_1_779' title='bbox 1655 5416 1721 5456; x_wconf 83' lang='lat' dir='ltr'><strong>ex</strong></span> 
     </span>
    </p>
   </div>
   <div class='ocr_carea' id='block_1_105' title="bbox 151 5468 1724 5540">
    <p class='ocr_par' dir='ltr' id='par_1_105' title="bbox 151 5468 1724 5540">
     <span class='ocr_line' id='line_1_105' title="bbox 151 5468 1724 5540; baseline 0 -15"><span class='ocrx_word' id='word_1_780' title='bbox 151 5468 290 5525; x_wconf 83' lang='lat' dir='ltr'><strong>mss.</strong></span> <span class='ocrx_word' id='word_1_781' title='bbox 318 5468 544 5540; x_wconf 36' lang='lat' dir='ltr'><strong>&#39;Seguer.</strong></span> <span class='ocrx_word' id='word_1_782' title='bbox 578 5468 732 5526; x_wconf 68' lang='grc' dir='ltr'><strong>οδω.</strong></span> <span class='ocrx_word' id='word_1_783' title='bbox 770 5479 824 5523; x_wconf 92' lang='lat' dir='ltr'><strong>et</strong></span> <span class='ocrx_word' id='word_1_784' title='bbox 853 5468 1032 5540; x_wconf 73' lang='lat' dir='ltr'><strong>Felck.</strong></span> <span class='ocrx_word' id='word_1_785' title='bbox 1081 5469 1105 5521; x_wconf 90' lang='grc'><strong>1</strong></span> <span class='ocrx_word' id='word_1_786' title='bbox 1140 5470 1527 5538; x_wconf 79' lang='lat' dir='ltr'><strong>suppleviutus.</strong></span> <span class='ocrx_word' id='word_1_787' title='bbox 1559 5469 1724 5525; x_wconf 89' lang='lat' dir='ltr'><strong>Paulo</strong></span> 
     </span>
    </p>
   </div>
   <div class='ocr_carea' id='block_1_106' title="bbox 151 5539 947 5612">
    <p class='ocr_par' dir='ltr' id='par_1_106' title="bbox 151 5539 947 5612">
     <span class='ocr_line' id='line_1_106' title="bbox 151 5539 947 5612; baseline -0.004 -17"><span class='ocrx_word' id='word_1_788' title='bbox 151 5552 307 5612; x_wconf 81' lang='lat' dir='ltr'><strong>post,</strong></span> <span class='ocrx_word' id='word_1_789' title='bbox 329 5539 577 5612; x_wconf 67' lang='lat' dir='ltr'><strong>Seguer.,</strong></span> <span class='ocrx_word' id='word_1_790' title='bbox 604 5539 947 5612; x_wconf 42' lang='grc' dir='ltr'><strong>ἤνεγκεᾉᾶν.</strong></span> 
     </span>
    </p>
   </div>
   <div class='ocr_carea' id='block_1_107' title="bbox 223 5607 1719 5682">
    <p class='ocr_par' dir='ltr' id='par_1_107' title="bbox 223 5607 1719 5682">
     <span class='ocr_line' id='line_1_107' title="bbox 223 5607 1719 5682; baseline 0 -20"><span class='ocrx_word' id='word_1_791' title='bbox 223 5611 339 5682; x_wconf 76' lang='lat'><strong>(7&#39;2)</strong></span> <span class='ocrx_word' id='word_1_792' title='bbox 372 5607 462 5664; x_wconf 84' lang='lat' dir='ltr'><strong>Sic</strong></span> <span class='ocrx_word' id='word_1_793' title='bbox 493 5607 707 5682; x_wconf 79' lang='lat' dir='ltr'><strong>G_0bler.</strong></span> <span class='ocrx_word' id='word_1_794' title='bbox 739 5619 792 5662; x_wconf 85' lang='lat' dir='ltr'><strong>et</strong></span> <span class='ocrx_word' id='word_1_795' title='bbox 815 5607 994 5682; x_wconf 74' lang='lat' dir='ltr'><strong>Felck.</strong></span> <span class='ocrx_word' id='word_1_796' title='bbox 1030 5609 1079 5662; x_wconf 86' lang='grc'><strong>1.</strong></span> <span class='ocrx_word' id='word_1_797' title='bbox 1107 5607 1248 5661; x_wconf 79' lang='lat' dir='ltr'><strong>Editi</strong></span> <span class='ocrx_word' id='word_1_798' title='bbox 1274 5624 1421 5682; x_wconf 78' lang='lat' dir='ltr'><strong>vero,</strong></span> <span class='ocrx_word' id='word_1_799' title='bbox 1456 5611 1550 5663; x_wconf 76' lang='grc' dir='ltr'><strong>καὶ</strong></span> <span class='ocrx_word' id='word_1_800' title='bbox 1581 5610 1719 5682; x_wconf 84' lang='grc' dir='ltr'><strong>οὐχί.</strong></span> 
     </span>
    </p>
   </div>
   <div class='ocr_carea' id='block_1_108' title="bbox 151 5679 1722 5749">
    <p class='ocr_par' dir='ltr' id='par_1_108' title="bbox 151 5679 1722 5749">
     <span class='ocr_line' id='line_1_108' title="bbox 151 5679 1722 5749; baseline 0 -15"><span class='ocrx_word' id='word_1_801' title='bbox 151 5679 272 5734; x_wconf 70' lang='lat' dir='ltr'><strong>Mox</strong></span> <span class='ocrx_word' id='word_1_802' title='bbox 337 5682 465 5735; x_wconf 88' lang='lat' dir='ltr'><strong>edit.</strong></span> <span class='ocrx_word' id='word_1_803' title='bbox 527 5679 697 5735; x_wconf 83' lang='lat' dir='ltr'><strong>Paris.</strong></span> <span class='ocrx_word' id='word_1_804' title='bbox 755 5680 1049 5744; x_wconf 77' lang='lat' dir='ltr'><strong>mendose,</strong></span> <span class='ocrx_word' id='word_1_805' title='bbox 1099 5679 1527 5749; x_wconf 85' lang='grc' dir='ltr'><strong>παρακαλύπτῳ.</strong></span> <span class='ocrx_word' id='word_1_806' title='bbox 1583 5679 1722 5736; x_wconf 85' lang='lat' dir='ltr'><strong>Editi</strong></span> 
     </span>
    </p>
   </div>
   <div class='ocr_carea' id='block_1_109' title="bbox 154 5749 1568 5821">
    <p class='ocr_par' dir='ltr' id='par_1_109' title="bbox 154 5749 1568 5821">
     <span class='ocr_line' id='line_1_109' title="bbox 154 5749 1568 5821; baseline -0.001 -15"><span class='ocrx_word' id='word_1_807' title='bbox 154 5767 285 5806; x_wconf 81' lang='lat' dir='ltr'><strong>vero</strong></span> <span class='ocrx_word' id='word_1_808' title='bbox 317 5750 580 5805; x_wconf 85' lang='lat' dir='ltr'><strong>Commel.</strong></span> <span class='ocrx_word' id='word_1_809' title='bbox 607 5761 657 5804; x_wconf 81' lang='lat' dir='ltr'><strong>et</strong></span> <span class='ocrx_word' id='word_1_810' title='bbox 691 5764 880 5804; x_wconf 84' lang='lat' dir='ltr'><strong>omnes</strong></span> <span class='ocrx_word' id='word_1_811' title='bbox 913 5762 1072 5816; x_wconf 74' lang='lat' dir='ltr'><strong>mss.,</strong></span> <span class='ocrx_word' id='word_1_812' title='bbox 1096 5749 1568 5821; x_wconf 79' lang='grc' dir='ltr'><strong>ἀπαρακαλύπτῳ.</strong></span> 
     </span>
    </p>
   </div>
   <div class='ocr_carea' id='block_1_110' title="bbox 1818 4613 3396 4690">
    <p class='ocr_par' dir='ltr' id='par_1_110' title="bbox 1818 4613 3396 4690">
     <span class='ocr_line' id='line_1_110' title="bbox 1818 4613 3396 4690; baseline 0.005 -23"><span class='ocrx_word' id='word_1_813' title='bbox 1818 4615 1994 4685; x_wconf 89' lang='lat' dir='ltr'><strong>priam</strong></span> <span class='ocrx_word' id='word_1_814' title='bbox 2038 4613 2276 4668; x_wconf 89' lang='lat' dir='ltr'><strong>animam</strong></span> <span class='ocrx_word' id='word_1_815' title='bbox 2318 4613 2574 4670; x_wconf 87' lang='lat' dir='ltr'><strong>Christus</strong></span> <span class='ocrx_word' id='word_1_816' title='bbox 2625 4616 2680 4669; x_wconf 92' lang='lat' dir='ltr'><strong>in</strong></span> <span class='ocrx_word' id='word_1_817' title='bbox 2729 4617 2964 4686; x_wconf 91' lang='lat' dir='ltr'><strong>pretium</strong></span> <span class='ocrx_word' id='word_1_818' title='bbox 3007 4621 3396 4690; x_wconf 82' lang='lat' dir='ltr'><strong>redemptionis</strong></span> 
     </span>
    </p>
   </div>
   <div class='ocr_carea' id='block_1_111' title="bbox 1893 4851 3395 4924">
    <p class='ocr_par' dir='ltr' id='par_1_111' title="bbox 1893 4851 3395 4924">
     <span class='ocr_line' id='line_1_111' title="bbox 1893 4851 3395 4924; baseline 0.007 -20"><span class='ocrx_word' id='word_1_819' title='bbox 1893 4851 2004 4924; x_wconf 79' lang='lat'><strong>(73)</strong></span> <span class='ocrx_word' id='word_1_820' title='bbox 2024 4852 2108 4924; x_wconf 80' lang='lat' dir='ltr'><strong>ita</strong></span> <span class='ocrx_word' id='word_1_821' title='bbox 2137 4853 2360 4923; x_wconf 78' lang='lat' dir='ltr'><strong>Seguer.</strong></span> <span class='ocrx_word' id='word_1_822' title='bbox 2389 4852 2605 4924; x_wconf 87' lang='lat' dir='ltr'><strong>Gobler.</strong></span> <span class='ocrx_word' id='word_1_823' title='bbox 2635 4863 2689 4910; x_wconf 90' lang='lat' dir='ltr'><strong>et</strong></span> <span class='ocrx_word' id='word_1_824' title='bbox 2719 4854 2960 4912; x_wconf 84' lang='lat' dir='ltr'><strong>Felckm.</strong></span> <span class='ocrx_word' id='word_1_825' title='bbox 2995 4858 3044 4911; x_wconf 88' lang='grc'><strong>1.</strong></span> <span class='ocrx_word' id='word_1_826' title='bbox 3085 4856 3228 4913; x_wconf 84' lang='lat' dir='ltr'><strong>Editi</strong></span> <span class='ocrx_word' id='word_1_827' title='bbox 3265 4875 3395 4914; x_wconf 77' lang='lat' dir='ltr'><strong>vero</strong></span> 
     </span>
    </p>
   </div>
   <div class='ocr_carea' id='block_1_112' title="bbox 1820 4923 2633 4991">
    <p class='ocr_par' dir='ltr' id='par_1_112' title="bbox 1820 4923 2633 4991">
     <span class='ocr_line' id='line_1_112' title="bbox 1820 4923 2633 4991; baseline -0.001 -14"><span class='ocrx_word' id='word_1_828' title='bbox 1820 4931 1874 4977; x_wconf 89' lang='lat' dir='ltr'><strong>ct</strong></span> <span class='ocrx_word' id='word_1_829' title='bbox 1905 4923 2124 4991; x_wconf 85' lang='lat' dir='ltr'><strong>quidam</strong></span> <span class='ocrx_word' id='word_1_830' title='bbox 2157 4939 2316 4985; x_wconf 88' lang='lat' dir='ltr'><strong>mss.,</strong></span> <span class='ocrx_word' id='word_1_831' title='bbox 2351 4923 2633 4990; x_wconf 83' lang='grc' dir='ltr'><strong>γενέσεως.</strong></span> 
     </span>
    </p>
   </div>
   <div class='ocr_carea' id='block_1_113' title="bbox 1895 4992 3392 5062">
    <p class='ocr_par' dir='ltr' id='par_1_113' title="bbox 1895 4992 3392 5062">
     <span class='ocr_line' id='line_1_113' title="bbox 1895 4992 3392 5062; baseline 0.006 -18"><span class='ocrx_word' id='word_1_832' title='bbox 1895 4992 2004 5062; x_wconf 69' lang='grc'><strong>(74)</strong></span> <span class='ocrx_word' id='word_1_833' title='bbox 2036 4992 2110 5046; x_wconf 86' lang='lat' dir='ltr'><strong>Ita</strong></span> <span class='ocrx_word' id='word_1_834' title='bbox 2138 4995 2346 5060; x_wconf 79' lang='lat' dir='ltr'><strong>Anglic.</strong></span> <span class='ocrx_word' id='word_1_835' title='bbox 2393 4994 2615 5060; x_wconf 75' lang='lat' dir='ltr'><strong>Seguer.</strong></span> <span class='ocrx_word' id='word_1_836' title='bbox 2658 4993 2876 5049; x_wconf 84' lang='lat' dir='ltr'><strong>Gobler.</strong></span> <span class='ocrx_word' id='word_1_837' title='bbox 2903 5007 2956 5052; x_wconf 91' lang='lat' dir='ltr'><strong>et</strong></span> <span class='ocrx_word' id='word_1_838' title='bbox 2983 4995 3219 5050; x_wconf 83' lang='lat' dir='ltr'><strong>Felckm.</strong></span> <span class='ocrx_word' id='word_1_839' title='bbox 3252 4998 3300 5052; x_wconf 84' lang='grc'><strong>1.</strong></span> <span class='ocrx_word' id='word_1_840' title='bbox 3334 4998 3392 5053; x_wconf 91' lang='lat' dir='ltr'><strong>In</strong></span> 
     </span>
    </p>
   </div>
   <div class='ocr_carea' id='block_1_114' title="bbox 1821 5063 3394 5136">
    <p class='ocr_par' dir='ltr' id='par_1_114' title="bbox 1821 5063 3394 5136">
     <span class='ocr_line' id='line_1_114' title="bbox 1821 5063 3394 5136; baseline 0.004 -19"><span class='ocrx_word' id='word_1_841' title='bbox 1821 5064 1979 5136; x_wconf 76' lang='lat' dir='ltr'><strong>editis</strong></span> <span class='ocrx_word' id='word_1_842' title='bbox 2015 5063 2208 5136; x_wconf 81' lang='lat' dir='ltr'><strong>de_su_nt</strong></span> <span class='ocrx_word' id='word_1_843' title='bbox 2246 5065 2378 5136; x_wconf 76' lang='lat' dir='ltr'><strong>haec,</strong></span> <span class='ocrx_word' id='word_1_844' title='bbox 2403 5064 2580 5136; x_wconf 63' lang='grc' dir='ltr'><strong>εαυτῷ</strong></span> <span class='ocrx_word' id='word_1_845' title='bbox 2604 5065 2633 5116; x_wconf 91' lang='lat'><strong>6</strong></span> <span class='ocrx_word' id='word_1_846' title='bbox 2657 5065 2848 5132; x_wconf 86' lang='grc' dir='ltr'><strong>Λόγος.</strong></span> <span class='ocrx_word' id='word_1_847' title='bbox 2875 5065 2998 5120; x_wconf 81' lang='lat' dir='ltr'><strong>Mox</strong></span> <span class='ocrx_word' id='word_1_848' title='bbox 3026 5067 3250 5136; x_wconf 82' lang='lat' dir='ltr'><strong>Seguer.</strong></span> <span class='ocrx_word' id='word_1_849' title='bbox 3284 5067 3394 5124; x_wconf 85' lang='lat' dir='ltr'><strong>Go-</strong></span> 
     </span>
    </p>
   </div>
   <div class='ocr_carea' id='block_1_115' title="bbox 1820 5130 3107 5196">
    <p class='ocr_par' dir='ltr' id='par_1_115' title="bbox 1820 5130 3107 5196">
     <span class='ocr_line' id='line_1_115' title="bbox 1820 5130 3107 5196; baseline 0.002 -9"><span class='ocrx_word' id='word_1_850' title='bbox 1820 5133 1955 5187; x_wconf 91' lang='lat' dir='ltr'><strong>bler.</strong></span> <span class='ocrx_word' id='word_1_851' title='bbox 1991 5143 2046 5187; x_wconf 92' lang='lat' dir='ltr'><strong>et</strong></span> <span class='ocrx_word' id='word_1_852' title='bbox 2069 5130 2302 5186; x_wconf 82' lang='lat' dir='ltr'><strong>Felckm.</strong></span> <span class='ocrx_word' id='word_1_853' title='bbox 2337 5135 2387 5196; x_wconf 86' lang='lat' dir='ltr'><strong>l,</strong></span> <span class='ocrx_word' id='word_1_854' title='bbox 2411 5130 2637 5186; x_wconf 73' lang='grc' dir='ltr'><strong>δέδωκεν</strong></span> <span class='ocrx_word' id='word_1_855' title='bbox 2666 5130 2764 5196; x_wconf 76' lang='lat' dir='ltr'><strong>pro</strong></span> <span class='ocrx_word' id='word_1_856' title='bbox 2792 5130 3107 5190; x_wconf 69' lang='grc' dir='ltr'><strong>ἁντέδωκενζ</strong></span> 
     </span>
    </p>
   </div>
   <div class='ocr_carea' id='block_1_116' title="bbox 1893 5201 3396 5276">
    <p class='ocr_par' dir='ltr' id='par_1_116' title="bbox 1893 5201 3396 5276">
     <span class='ocr_line' id='line_1_116' title="bbox 1893 5201 3396 5276; baseline 0.006 -21"><span class='ocrx_word' id='word_1_857' title='bbox 1893 5203 2003 5273; x_wconf 83' lang='grc'><strong>(75)</strong></span> <span class='ocrx_word' id='word_1_858' title='bbox 2024 5201 2360 5276; x_wconf 60' lang='grc' dir='ltr'><strong>ΔΤὴνψυχήν</strong></span> <span class='ocrx_word' id='word_1_859' title='bbox 2375 5203 2534 5276; x_wconf 59' lang='grc' dir='ltr'><strong>ὀβεει</strong></span> <span class='ocrx_word' id='word_1_860' title='bbox 2567 5204 2620 5257; x_wconf 93' lang='lat' dir='ltr'><strong>in</strong></span> <span class='ocrx_word' id='word_1_861' title='bbox 2666 5201 2888 5276; x_wconf 59' lang='lat' dir='ltr'><strong>Seguer.</strong></span> <span class='ocrx_word' id='word_1_862' title='bbox 2923 5205 3090 5259; x_wconf 89' lang='lat' dir='ltr'><strong>Paulo</strong></span> <span class='ocrx_word' id='word_1_863' title='bbox 3122 5217 3245 5276; x_wconf 88' lang='lat' dir='ltr'><strong>post</strong></span> <span class='ocrx_word' id='word_1_864' title='bbox 3295 5210 3396 5263; x_wconf 87' lang='lat' dir='ltr'><strong>Se-</strong></span> 
     </span>
    </p>
   </div>
   <div class='ocr_carea' id='block_1_117' title="bbox 1822 5271 3390 5350">
    <p class='ocr_par' dir='ltr' id='par_1_117' title="bbox 1822 5271 3390 5350">
     <span class='ocr_line' id='line_1_117' title="bbox 1822 5271 3390 5350; baseline 0.003 -23"><span class='ocrx_word' id='word_1_865' title='bbox 1822 5271 2632 5350; x_wconf 47' lang='lat' dir='ltr'><strong>gucr.Anglican.&#39;Qoblerian.</strong></span> <span class='ocrx_word' id='word_1_866' title='bbox 2661 5273 2979 5350; x_wconf 63' lang='lat' dir='ltr'><strong>etlj‘elckm.</strong></span> <span class='ocrx_word' id='word_1_867' title='bbox 3018 5278 3068 5339; x_wconf 88' lang='grc'><strong>1,</strong></span> <span class='ocrx_word' id='word_1_868' title='bbox 3105 5271 3164 5330; x_wconf 75' lang='grc' dir='ltr'><strong>ἕν</strong></span> <span class='ocrx_word' id='word_1_869' title='bbox 3185 5279 3390 5350; x_wconf 55' lang='grc' dir='ltr'><strong>ἐαυτῷ.</strong></span> 
     </span>
    </p>
   </div>
   <div class='ocr_carea' id='block_1_118' title="bbox 1821 5341 3390 5413">
    <p class='ocr_par' dir='ltr' id='par_1_118' title="bbox 1821 5341 3390 5413">
     <span class='ocr_line' id='line_1_118' title="bbox 1821 5341 3390 5413; baseline 0.004 -15"><span class='ocrx_word' id='word_1_870' title='bbox 1821 5341 1984 5407; x_wconf 83' lang='lat' dir='ltr'><strong>Editi,</strong></span> <span class='ocrx_word' id='word_1_871' title='bbox 2016 5341 2212 5413; x_wconf 76' lang='grc' dir='ltr'><strong>ἑαυτῷ,</strong></span> <span class='ocrx_word' id='word_1_872' title='bbox 2241 5343 2443 5396; x_wconf 85' lang='lat' dir='ltr'><strong>omissa</strong></span> <span class='ocrx_word' id='word_1_873' title='bbox 2473 5357 2639 5413; x_wconf 60' lang='lat' dir='ltr'><strong>prafp.</strong></span> <span class='ocrx_word' id='word_1_874' title='bbox 2666 5342 2887 5413; x_wconf 81' lang='lat' dir='ltr'><strong>Ibidem,</strong></span> <span class='ocrx_word' id='word_1_875' title='bbox 2917 5346 3141 5408; x_wconf 69' lang='lat' dir='ltr'><strong>Seguer.</strong></span> <span class='ocrx_word' id='word_1_876' title='bbox 3171 5341 3390 5404; x_wconf 69' lang='lat' dir='ltr'><strong>Goblcr.</strong></span> 
     </span>
    </p>
   </div>
   <div class='ocr_carea' id='block_1_119' title="bbox 1821 5412 3395 5482">
    <p class='ocr_par' dir='ltr' id='par_1_119' title="bbox 1821 5412 3395 5482">
     <span class='ocr_line' id='line_1_119' title="bbox 1821 5412 3395 5482; baseline 0.003 -13"><span class='ocrx_word' id='word_1_877' title='bbox 1821 5424 1873 5469; x_wconf 91' lang='lat' dir='ltr'><strong>et</strong></span> <span class='ocrx_word' id='word_1_878' title='bbox 1903 5413 2138 5468; x_wconf 79' lang='lat' dir='ltr'><strong>Felckm.</strong></span> <span class='ocrx_word' id='word_1_879' title='bbox 2186 5414 2250 5471; x_wconf 86' lang='grc'><strong>1,</strong></span> <span class='ocrx_word' id='word_1_880' title='bbox 2281 5413 2399 5482; x_wconf 66' lang='grc' dir='ltr'><strong>Ἔτι</strong></span> <span class='ocrx_word' id='word_1_881' title='bbox 2435 5412 2528 5466; x_wconf 77' lang='grc' dir='ltr'><strong>οὖν</strong></span> <span class='ocrx_word' id='word_1_882' title='bbox 2561 5412 2830 5482; x_wconf 86' lang='grc' dir='ltr'><strong>βασιλεύει</strong></span> <span class='ocrx_word' id='word_1_883' title='bbox 2882 5417 2910 5468; x_wconf 89' lang='lat'><strong>6</strong></span> <span class='ocrx_word' id='word_1_884' title='bbox 2956 5415 3202 5480; x_wconf 84' lang='grc' dir='ltr'><strong>θάνατος.</strong></span> <span class='ocrx_word' id='word_1_885' title='bbox 3251 5417 3395 5473; x_wconf 86' lang='lat' dir='ltr'><strong>Editi</strong></span> 
     </span>
    </p>
   </div>
   <div class='ocr_carea' id='block_1_120' title="bbox 1821 5477 3392 5567">
    <p class='ocr_par' dir='ltr' id='par_1_120' title="bbox 1821 5477 3392 5567">
     <span class='ocr_line' id='line_1_120' title="bbox 1821 5477 3392 5567; baseline 0.003 -29"><span class='ocrx_word' id='word_1_886' title='bbox 1821 5484 2186 5567; x_wconf 45' lang='lat' dir='ltr'><strong>veronetnalii,</strong></span> <span class='ocrx_word' id='word_1_887' title='bbox 2215 5483 2279 5563; x_wconf 68' lang='lat' dir='ltr'><strong>Tt</strong></span> <span class='ocrx_word' id='word_1_888' title='bbox 2324 5477 2416 5535; x_wconf 82' lang='grc' dir='ltr'><strong>οῦν</strong></span> <span class='ocrx_word' id='word_1_889' title='bbox 2449 5477 2572 5567; x_wconf 65' lang='grc' dir='ltr'><strong>κοιθς</strong></span> <span class='ocrx_word' id='word_1_890' title='bbox 2603 5485 2747 5567; x_wconf 58' lang='grc' dir='ltr'><strong>ύρᾶς</strong></span> <span class='ocrx_word' id='word_1_891' title='bbox 2767 5485 3053 5567; x_wconf 43' lang='grc' dir='ltr'><strong>,βασιλεύει</strong></span> <span class='ocrx_word' id='word_1_892' title='bbox 3085 5491 3113 5540; x_wconf 88' lang='lat'><strong>6</strong></span> <span class='ocrx_word' id='word_1_893' title='bbox 3145 5477 3392 5552; x_wconf 83' lang='grc' dir='ltr'><strong>θάνατος.</strong></span> 
     </span>
    </p>
   </div>
   <div class='ocr_carea' id='block_1_121' title="bbox 1894 5553 2917 5626">
    <p class='ocr_par' dir='ltr' id='par_1_121' title="bbox 1894 5553 2917 5626">
     <span class='ocr_line' id='line_1_121' title="bbox 1894 5553 2917 5626; baseline -0.001 -19"><span class='ocrx_word' id='word_1_894' title='bbox 1894 5554 2005 5626; x_wconf 55' lang='lat' dir='ltr'><strong>(lii)</strong></span> <span class='ocrx_word' id='word_1_895' title='bbox 2039 5553 2413 5626; x_wconf 71' lang='lat' dir='ltr'><strong>§egueriauus</strong></span> <span class='ocrx_word' id='word_1_896' title='bbox 2438 5555 2606 5616; x_wconf 87' lang='lat' dir='ltr'><strong>solus,</strong></span> <span class='ocrx_word' id='word_1_897' title='bbox 2639 5553 2720 5626; x_wconf 64' lang='grc' dir='ltr'><strong>ὅτι</strong></span> <span class='ocrx_word' id='word_1_898' title='bbox 2751 5553 2917 5626; x_wconf 71' lang='grc' dir='ltr'><strong>ψυχή.</strong></span> 
     </span>
    </p>
   </div>
   <div class='ocr_carea' id='block_1_122' title="bbox 1896 5623 3399 5701">
    <p class='ocr_par' dir='ltr' id='par_1_122' title="bbox 1896 5623 3399 5701">
     <span class='ocr_line' id='line_1_122' title="bbox 1896 5623 3399 5701; baseline 0.005 -27"><span class='ocrx_word' id='word_1_899' title='bbox 1896 5625 2009 5701; x_wconf 68' lang='grc'><strong>(77)</strong></span> <span class='ocrx_word' id='word_1_900' title='bbox 2040 5623 2266 5701; x_wconf 65' lang='lat' dir='ltr'><strong>Seguer.</strong></span> <span class='ocrx_word' id='word_1_901' title='bbox 2309 5623 2535 5701; x_wconf 57' lang='lat' dir='ltr'><strong>(jobler.</strong></span> <span class='ocrx_word' id='word_1_902' title='bbox 2569 5633 2622 5701; x_wconf 81' lang='lat' dir='ltr'><strong>et</strong></span> <span class='ocrx_word' id='word_1_903' title='bbox 2664 5623 2904 5701; x_wconf 10' lang='lat' dir='ltr'><strong>Felicis-tn.»</strong></span> <span class='ocrx_word' id='word_1_904' title='bbox 2939 5627 2990 5701; x_wconf 85' lang='lat' dir='ltr'><strong>l_,</strong></span> <span class='ocrx_word' id='word_1_905' title='bbox 3038 5627 3332 5701; x_wconf 79' lang='grc' dir='ltr'><strong>ἀντέθηκεν</strong></span> <span class='ocrx_word' id='word_1_906' title='bbox 3366 5629 3399 5682; x_wconf 81' lang='lat'><strong>6</strong></span> 
     </span>
    </p>
   </div>
   <div class='ocr_carea' id='block_1_123' title="bbox 1822 5692 3210 5770">
    <p class='ocr_par' dir='ltr' id='par_1_123' title="bbox 1822 5692 3210 5770">
     <span class='ocr_line' id='line_1_123' title="bbox 1822 5692 3210 5770; baseline 0.002 -21"><span class='ocrx_word' id='word_1_907' title='bbox 1822 5695 2053 5766; x_wconf 74' lang='grc' dir='ltr'><strong>Χριστὸς</strong></span> <span class='ocrx_word' id='word_1_908' title='bbox 2080 5693 2273 5765; x_wconf 88' lang='grc' dir='ltr'><strong>λύτρον</strong></span> <span class='ocrx_word' id='word_1_909' title='bbox 2301 5692 2546 5766; x_wconf 64' lang='grc' dir='ltr'><strong>(δίιμεν.</strong></span> <span class='ocrx_word' id='word_1_910' title='bbox 2581 5695 2914 5770; x_wconf 84' lang='grc' dir='ltr'><strong>ἀντίλυτρον)</strong></span> <span class='ocrx_word' id='word_1_911' title='bbox 2943 5697 3210 5761; x_wconf 75' lang='grc' dir='ltr'><strong>ἀντιδούς.</strong></span> 
     </span>
    </p>
   </div>
  </div>
