3810 6228
391 314 531 372 ἰὶΞἹ
994 316 1051 372 S.
1097 315 1467 372 ATIIANASII
1506 315 1658 372 OPP.
1700 315 1880 371 PARS

2181 315 2476 372 STORICA
2520 317 2607 371 ΕΤ
2644 317 3064 375 ΒΟΠΜΛῙἹΟΛ.
3509 324 3536 378 ί
3559 321 3681 378 128

389 430 594 501 posuit.
668 432 971 497 Quemnam
1031 438 1209 484 autem
1262 429 1330 484 ab
1379 428 1536 484 initio
1586 430 1893 484 condemna‘

2181 447 2224 492 2;
2254 431 2311 482 δὲ
2337 431 2430 483 καὶ
2452 428 2692 500 ἀρχῆθεν
2723 430 2968 498 κατέγνω
2997 433 3024 483 ὁ
3067 430 3237 496 Θεός;
3268 433 3367 502 τῆς
3398 433 3685 497 πλάσεως

389 512 572 579 Deus?
601 536 736 592 opus
767 521 1002 591 opiﬁcis,
1039 536 1107 574 an
1143 520 1412 576 actionem
1450 520 1693 591 opiﬁcii?
1749 519 1806 574 Si
1830 534 1893 590 op

2191 521 2510 584 πλάσαντος,
2541 521 2574 592 ἦ
2608 521 2707 588 τῆς
2741 520 2991 591 πράξεως
3042 522 3134 574 τοῦ
3185 522 3548 594 πλάσματοςς
3609 528 3681 578 Εἰ

390 613 603 684 opiﬁcis
633 615 1046 678 condemnavit,
1097 614 1337 683 seipsum
1369 614 1751 668 condemnavit
1782 612 1891 667 Dcu

2195 615 2440 677 πλάσεως
2473 614 2567 666 τοῦ
2601 614 2904 678 πλάσαντος
2952 615 3201 684 κατέγνω
3241 617 3394 680 Θεὸς,
3454 618 3679 672 ἑαυτοῦ

390 705 604 775 eritque
638 700 949 760 hominibus
983 706 1198 760 similis.
1250 706 1406 772 Quod
1435 707 1480 761 si
1516 707 1740 776 impium
1765 708 1835 760 sit
1865 707 1894 758 h

2178 707 2336 774 έγνω’
2377 708 2468 759 καὶ
2510 707 2663 758 ἔσται
2714 707 2789 769 ώς
2821 710 2870 760 οἱ
2925 708 3219 779 ἄνθρωποι.
3270 709 3331 761 El
3365 708 3424 761 δὲ
3458 709 3682 774 ἀσεϐὲς

391 796 460 852 de
487 795 596 850 Deo
625 797 882 867 cogitare,
915 805 970 851 et
998 797 1042 853 si
1073 798 1188 868 ipse
1209 800 1479 854 actionem
1503 799 1702 868 opiﬁcii
1733 799 1895 851 damn

2176 816 2224 850 το
2257 800 2382 870 περὶ
2408 798 2542 850 Θεοῦ
2605 801 2822 860 ἐννοεῖν,
2875 799 3121 867 κατέγνω
3155 799 3212 851 δὲ
3266 800 3364 870 τῆς
3397 800 3680 870 πράξεως

391 889 495 951 vit,
536 887 712 944 aufert
744 889 910 959 igitur
939 889 1234 954 actionem,
1287 899 1342 945 et
1381 890 1606 944 innovat
1642 889 1895 959 opiﬁciun

2228 889 2565 960 πλάσματος,
2610 894 2883 961 περιαιρεῖ
2930 892 3107 944 τοίνυν
3133 893 3231 962 τὴν
3285 893 3486 963 πρᾶξιν
3515 895 3673 964 (78),

391 996 517 1035 nam
543 980 664 1050 ejus
693 995 831 1051 opus
862 997 1052 1036 sumus
1078 1021 1092 1045 ,
1131 981 1300 1037 creati
1336 982 1404 1036 ad
1446 982 1581 1036 bene
1608 981 1895 1051 Operandui

2199 985 2498 1034 καινοποιεῖ
2521 982 2619 1050 τὴν
2647 982 2862 1034 πλάσινο
2899 983 3060 1035 αὑτοῦ
3087 983 3195 1054 γάρ
3221 985 3387 1054 ὲσμεν
3418 985 3674 1056 ποίημα,

2070 1071 2376 1134 κτισθέντες
2409 1072 2498 1123 ἐπὶ
2529 1071 2708 1142 ἔργοις
2729 1071 2972 1139 ἀγαθοῖς.

459 1163 550 1218 20.
589 1161 694 1217 Sed
723 1179 942 1218 rursum
976 1162 1186 1216 dicitis:
1217 1159 1328 1216 Nos
1367 1159 1536 1215 Deum
1576 1161 1812 1215 dicimus
1843 1176 1963 1214 eum

2171 1162 2227 1215 :0.
2282 1163 2442 1216 Ἀλλά
2471 1164 2631 1216 πάλιν
2663 1163 2868 1231 λέγετε·
2913 1165 3104 1234 Ἡμεῖς
3135 1163 3268 1217 Θεὸν
3300 1164 3537 1234 λέγομεν
3562 1165 3675 1217 τὸν

391 1255 485 1323 qui
517 1271 582 1309 ex
612 1254 780 1308 Maria
809 1263 970 1308 natus
1003 1263 1126 1321 est;
1183 1267 1282 1307 cur
1332 1252 1511 1321 itaque
1540 1253 1750 1315 dicitis,
1804 1253 1895 1305 vel!

2165 1255 2397 1326 Μαρίας.
2433 1255 2556 1317 Πῶς
2609 1255 2786 1308 τοίνυν
2834 1255 3042 1322 λέγετε,
3091 1256 3166 1318 ὡς
3222 1257 3490 1325 Μαρκίων
3515 1256 3669 1326 (79),

391 1343 656 1411 Marcion,
693 1344 863 1400 Deum
899 1345 1218 1408 advenisse,
1248 1359 1312 1398 ac
1343 1343 1511 1399 Deum
1546 1345 1776 1398 iutactili
1807 1359 1895 1396 mo

2168 1367 2202 1400 ιν
2246 1349 2680 1419 ἐπιδημήσαντα,
2726 1348 2822 1402 καὶ
2881 1349 3014 1400 Θεὸν
3060 1348 3266 1416 ἀθιγῶς
3316 1348 3672 1418 προσεληλυ-

393 1439 868 1508 accessisse,quod
894 1449 1142 1492 naturam
1167 1439 1363 1492 habeat
1385 1438 1567 1492 carnis
1591 1438 1891 1490 humanam

2166 1457 2220 1503 α,
2255 1439 2414 1508 φύσιν
2440 1440 2630 1509 ἔχοντα
2662 1439 3006 1493 ἀνεπίδεκτον
3033 1441 3234 1513 σαρκὸς
3267 1439 3665 1512 ἀνθρωπίνης;

394 1547 649 1602 capacem
673 1532 696 1584 ?
727 1530 835 1585 Aut
861 1546 957 1585 cur
983 1529 1152 1584 Deum
1190 1531 1341 1584 illum
1367 1529 1550 1584 dicitis
1575 1530 1736 1583 sicuti
1765 1528 1898 1584 Paul

2176 1531 2292 1594 πῶς
2313 1530 2499 1599 λέγετε
2524 1530 2674 1594 Θεὸν,
2696 1531 2772 1593 ὼς
2791 1530 3000 1596 Παῦλος
3025 1533 3053 1584 ὁ
3081 1533 3458 1602 Σαμοσατεύς;
3493 1531 3670 1585 τοῦτο

397 1623 841 1680 Samosatensis?
904 1641 966 1679 ea
1000 1627 1145 1680 enim
1180 1636 1262 1680 est
1306 1623 1450 1680 illius
1485 1623 1776 1692 impietatis
1807 1623 1901 1674 rati

2166 1641 2179 1676 2
2227 1624 2326 1694 τῆς
2373 1624 2579 1676 ἐκείνου
2624 1623 2877 1686 ἀσεϐείας
2921 1623 2984 1676 τὸ
3013 1623 3306 1694 πρόσχημα
3336 1624 3471 1694 (80),
3522 1623 3670 1676 Θεὸν

393 1726 454 1769 ut
481 1713 650 1769 Deum
684 1716 1009 1771 conﬁteatur
1043 1732 1166 1795 eum
1199 1717 1292 1786 qui
1328 1732 1395 1770 ex
1446 1714 1616 1769 Maria
1667 1722 1826 1767 natus
1864 1727 1893 1766 e

2165 1716 2351 1785 ιλογεῖν
2390 1715 2481 1768 τὸν
2509 1717 2573 1768 ὲκ
2606 1715 2846 1786 Μαρίας,
2886 1715 2990 1786 πρὸ
3039 1714 3250 1769 αἰώνων
3303 1716 3400 1786 μὲν
3431 1732 3669 1786 προορι-

392 1808 485 1878 qui
521 1816 646 1862 ante
688 1807 884 1862 saecula
919 1783 1140 1878 quidem
1174 1776 1474 1876 przeﬁuitus
1508 1807 1578 1860 sit
1609 1825 1621 1859 :
1648 1806 1739 1874 qui
1787 1814 1894 1859 tam

2169 1776 2288 1871 ντα,
2344 1809 2410 1861 ὲκ
2465 1807 2521 1860 δὲ
2569 1776 2943 1878 Μαρίας-τὴν
2993 1808 3168 1878 ἀρχὴν
3212 1776 3316 1878 τῆς
3365 1776 3669 1880 ὑπάρξεως

391 1913 456 1950 ex
483 1896 647 1951 Maria
672 1897 886 1951 initium
907 1899 1200 1952 exsistendi
1230 1899 1497 1953 habuerit.
1530 1897 1762 1950 Verbum
1788 1906 1895 1949 autt

2163 1901 2359 1972 fgxéta.
2400 1899 2568 1967 Λόγον
2602 1898 2659 1952 δὲ
2687 1899 2880 1969 ὲνεργῆ
2909 1900 2966 1964 ἐξ
2986 1899 3215 1970 οὐρανοῦ
3252 1901 3346 1952 καὶ
3375 1901 3572 1968 σοφίαν
3600 1903 3667 1953 ἐν

393 1989 577 2045 efﬁcax
608 2006 640 2045 e
673 1991 810 2046 cmlo
836 2033 850 2059 ,
887 2000 943 2046 et
976 1991 1292 2061 sapientiam
1344 1991 1398 2044 in
1429 1991 1522 2044 illo
1551 1990 1839 2044 conﬁtetur
1883 1989 1897 2058 (

2249 1993 2519 2062 ὁμολογεῖ,
2557 1991 2738 2043 πλεῖον
2760 1993 2889 2062 παρ’
2920 1991 3064 2060 ὑμᾶς
3116 1992 3474 2062 χαριζόμενος
3511 1993 3664 2046 κατὰ

394 2081 517 2152 plus
543 2099 704 2153 quam
738 2098 837 2138 vos
858 2124 874 2150 ,
911 2082 988 2137 illi
1019 2098 1114 2152 per
1143 2099 1298 2137 suam
1329 2083 1661 2152 impietatem
1701 2080 1898 2134 attribu

2158 2104 2165 2132 ν
2223 2083 2416 2137 ἑαυτοῦ
2475 2083 2764 2138 ἀσέϐειαν·
2828 2083 3018 2152 ὥσπερ
3069 2084 3224 2153 ὑμεῖς
3280 2084 3468 2152 λέγετε
3528 2083 3662 2136 νοῦν

397 2185 456 2228 ut
482 2192 579 2231 vos
601 2176 782 2231 dicitis
811 2185 1050 2231 mentem
1072 2175 1347 2230 cmlestem
1372 2177 1426 2229 in
1453 2191 1682 2246 corpore
1705 2176 1901 2230 animal

2160 2175 2392 2246 iupéwov
2433 2175 2491 2229 ὲν
2536 2174 2748 2245 σώματι
2789 2174 3038 2245 ἐμψύχῳ.
3084 2171 3220 2227 Οὔτε
3245 2174 3303 2228 δὲ
3350 2175 3510 2245 σῶμα
3559 2175 3664 2246 έμ-

395 2265 596 2322 Vcrum
631 2283 733 2322 nec
762 2281 964 2337 corpus
992 2268 1296 2322 animatum
1339 2283 1406 2323 eo
1447 2268 1567 2338 ipso
1596 2267 1762 2322 homo
1790 2267 1899 2336 peri

2163 2285 2238 2338 (ον
2261 2268 2361 2339 ἤδη
2391 2267 2677 2338 ἄνθρωπος
2716 2267 2919 2331 τέλειος
2951 2267 3085 2338 (81),
3113 2265 3235 2320 οῦτε
3268 2266 3392 2330 νοῦς
3424 2269 3667 2341 ἐπουρά-

393 2371 517 2416 ctus
545 2369 624 2416 est
661 2379 674 2414 :
712 2375 889 2430 neque
937 2377 1093 2416 mens
1145 2361 1408 2428 caelestis,
1439 2376 1506 2416 eo
1538 2361 1658 2431 ipso
1687 2359 1831 2416 Deus
1863 2376 1892 2414 e

2161 2360 2310 2430 ἷηδη
2338 2360 2490 2424 Θεός·
2525 2358 2693 2432 Σῶμα
2749 2360 2860 2432 γὰρ
2917 2359 3161 2431 ἔμψυχον
3206 2360 3443 2429 λέγεται,
3501 2363 3592 2431 ἐφ’
3615 2355 3665 2428 ᾧ

393 2453 528 2508 Nam
558 2469 760 2525 corpus
791 2455 1090 2508 animatum
1131 2453 1359 2518 dicitur,
1389 2455 1444 2508 iu
1471 2464 1736 2524 quantum
1771 2469 1897 2507 nom

2161 2452 2449 2516 ιποστάτως
2481 2451 2543 2504 τὸ
2582 2452 2680 2523 τῆς
2706 2451 2883 2523 ψυχῆς
2909 2453 3131 2523 φέρεται
3178 2453 3369 2524 ὄνομα.
3403 2453 3576 2524 Σῶμα
3602 2454 3665 2507 δὲ

392 2548 590 2600 animae
636 2563 732 2616 per
775 2545 998 2601 modum
1032 2545 1382 2601 subsistentis
1419 2548 1473 2601 iu
1502 2547 1595 2601 illo
1623 2545 1896 2616 exprimitt

2162 2543 2357 2616 iptimou
2390 2544 2546 2616 σῶμα
2568 2543 2805 2614 λέγεται,
2845 2547 2940 2598 καὶ
2966 2547 3028 2599 οὺ
3067 2546 3234 2618 ψυχή·
3267 2547 3535 2618 καὶψυχὴ
3564 2549 3666 2601 ἀν-

392 2637 604 2708 Corpus
623 2648 806 2692 autem
826 2637 1086 2704 hominis,
1102 2652 1300 2707 corpus
1319 2638 1518 2692 dicitur
1539 2647 1590 2692 et
1613 2652 1723 2692 non
1747 2637 1891 2691 anim

2159 2636 2291 2690 ὃπου
2334 2637 2570 2706 λέγεται,
2630 2639 2727 2691 καὶ
2779 2639 2841 2692 οὐ
2882 2638 3062 2710 σῶμα,
3091 2639 3274 2710 ἕτερον
3307 2639 3444 2710 πρὸς
3465 2640 3663 2711 ἕτερον

393 2736 449 2784 et
483 2729 664 2782 anima
713 2729 954 2785 hominis
976 2770 991 2794 ,
1048 2731 1232 2784 anima
1273 2730 1471 2785 dicitur
1499 2737 1554 2784 et
1587 2743 1692 2784 non
1726 2743 1891 2798 corpu

2168 2730 2413 2785 τουτέστι
2440 2731 2554 2802 (82)
2589 2731 2806 2803 πνεῦμα
2836 2733 2972 2804 πρὸς
3007 2732 3186 2804 σῶμα.
3222 2734 3318 2800 Τίς
3343 2733 3431 2798 δὲ,
3465 2735 3662 2804 φησὶν,

394 2819 625 2874 alterum
647 2819 713 2874 ad
735 2820 987 2885 alterum,
1019 2820 1072 2875 id
1100 2827 1184 2874 est
1232 2820 1456 2889 spiritus
1485 2817 1553 2872 ad
1575 2833 1794 2886 corpus.
1836 2816 1898 2881 Qa

2159 2838 2225 2873 ea)
2278 2823 2430 2877 γοῦν
2485 2824 2750 2892 Κυρίου;
2797 2823 2943 2888 Νοῦς
2977 2825 3182 2898 Κυρίου
3227 2824 3380 2878 οὔπω
3427 2827 3663 2897 Κύριος,

395 2921 594 2976 autem,
625 2913 700 2968 ait
730 2911 1036 2983 Scriptura,
1060 2913 1205 2967 novit
1233 2921 1453 2966 mentem
1483 2910 1754 2964 Domini"
1778 2911 1799 2962 ’ί
1822 2908 1899 2962 Me

2161 2914 2208 2967 κά
2223 2913 2428 2986 Κυρίου
2447 2914 2686 2984 θέλησις,
2709 2916 2742 2986 ἢ
2765 2915 2946 2987 βουλὴ,
2964 2916 2998 2987 ἢ
3016 2916 3263 2988 ἐνέργεια
3284 2917 3418 2983 πρός
3433 2933 3510 2968 τι.
3534 2917 3665 2980 Πῶς

394 3003 635 3067 Domini,
662 3003 905 3059 nondum
937 3001 1245 3069 Dominus;
1289 3000 1382 3056 sed
1435 2998 1649 3054 Domini
1697 2998 1898 3052 volunt:

2210 3005 2383 3060 ταῦτα
2430 3005 2610 3061 λαλεῖν
2673 3007 2786 3078 (85)
2835 3009 3121 3074 ἐπινοεῖτε,
3173 3007 3430 3072 πλαστοῖς
3477 3007 3668 3076 λόγοις

396 3097 708 3162 consilium,
737 3094 902 3168 749
923 3104 1018 3150 aut
1043 3093 1280 3150 efﬁcacia
1308 3093 1375 3148 ad
1402 3091 1630 3160 aliquid.
1660 3088 1780 3156 Quo
1810 3090 1900 3160 igit

2161 3096 2476 3169 πηλεύοντες
2506 3098 2596 3153 τὸν
2618 3100 2789 3168 Λόγον
2817 3099 2910 3153 τοῦ
2940 3099 3113 3165 Θεοῦ;
3171 3101 3309 3153 Ἀλλ’
3342 3103 3376 3172 ὴ
3401 3100 3496 3154 τοῦ
3520 3099 3665 3154 Θεοῦ

395 3190 581 3244 animo
613 3189 729 3243 haec
761 3188 1015 3259 profertis
1047 3187 1234 3253 verba,
1271 3185 1555 3253 verbisque
1587 3182 1899 3237 commentit

2163 3190 2385 3260 νικ).ησία
2417 3189 2541 3243 οῦτε
2577 3190 2720 3244 οὕτω
2755 3192 3116 3262 παρείληφεν,
3168 3192 3291 3245 οὔτε
3331 3192 3478 3246 οὕτω
3520 3209 3667 3264 παρ-

397 3282 638 3339 Verbum
672 3281 769 3337 Dei
806 3280 1169 3336 adulteratis?
1222 3279 1386 3349 Atqui
1423 3277 1517 3332 Dei
1562 3275 1804 3332 Ecclesia
1826 3315 1842 3341 ,
1875 3292 1901 3329 ι]

2163 3299 2278 3335 ›κεν
2314 3282 2427 3353 (84)
2447 3300 2459 3312 ο
2491 3282 2653 3348 ἀλλὰ,
2682 3281 2865 3346 καθὼς
2890 3283 3220 3353 γέγραπται,
3247 3285 3338 3337 τὸν
3384 3284 3520 3339 Θεὸν
3567 3287 3667 3338 καὶ

397 3389 504 3444 que
532 3375 606 3428 ita
637 3373 878 3442 accepit,
909 3386 1088 3442 neque
1119 3371 1191 3425 ita
1240 3369 1503 3435 tradidit;
1552 3369 1682 3431 sed,
1728 3377 1789 3422 ut
1835 3383 1901 3422 sc;

2165 3389 2266 3440 γον,
2316 3371 2407 3427 τὸν
2437 3371 2564 3426 ὅντα
2617 3374 2754 3445 πρὸς
2797 3375 2890 3428 τὸν
2942 3375 3075 3429 Θεὸν
3135 3375 3241 3447 πρὸ
3284 3373 3531 3438 αἰώνων,
3568 3375 3669 3428 ἐπὶ

397 3477 549 3538 ptum
585 3477 688 3533 est,
736 3466 905 3520 Deum
939 3464 1178 3520 Verbum
1208 3464 1302 3534 qui
1324 3474 1441 3518 erat
1467 3462 1608 3532 apud
1642 3461 1812 3516 Deum
1849 3476 1901 3515 at

2165 3464 2354 3536 ’τελείᾳ
2385 3464 2496 3518 τῶν
2528 3465 2738 3520 αἰώνων
2793 3467 3226 3538 ἐπιδημήσαντα,
3263 3467 3357 3520 καὶ
3407 3466 3470 3532 ἐξ
3499 3469 3669 3536 ἁγίας

398 3561 597 3616 saecula
621 3561 675 3614 in
697 3559 1170 3616 consummatione
1197 3557 1525 3613 seculorum
1550 3555 1838 3610 advenisse
1865 3573 1878 3609 :

2164 3555 2372 3628 ρθένου,
2401 3557 2494 3609 καὶ
2514 3559 2578 3609 ὲκ
2606 3557 2924 3628 Πνεῦματος
2975 3560 3133 3628 ἁγίου
3173 3559 3504 3629 γεννηθέντα
3532 3561 3668 3614 Υἱὸν

396 3669 461 3706 ex
487 3653 657 3707 Maria
676 3653 920 3722 Virgine,
948 3659 1003 3706 et
1021 3667 1086 3705 ex
1119 3649 1329 3719 Spiritu
1361 3659 1549 3705 sancto
1573 3648 1812 3717 genitum
1850 3661 1900 3700 es

2166 3647 2380 3720 πρώτων,
2413 3647 2488 3712 ώς
2511 3649 2843 3720 γέγραπται·
2884 3651 3040 3716 Ἕως
3081 3647 3152 3707 οὗ
3199 3653 3365 3704 ἔτεκε
3397 3652 3504 3704 τὸν
3526 3651 3670 3705 Υἱὸν·

399 3743 598 3798 Filium
629 3743 887 3805 hominis,
911 3751 972 3796 ut
1004 3741 1266 3811 scriptum
1295 3749 1413 3806 est,
1440 3738 1617 3792 Donec
1650 3740 1846 3807 peperit
1880 3736 1903 3790 ι

2163 3739 2263 3808 τῆς
2312 3739 2420 3793 τὸν
2471 3741 2864 3808 πρωτότοκον
2909 3743 2996 3795 ἴνα
3048 3742 3272 3813 γένηται
3316 3745 3667 3814 πρωτότοκος

398 3839 532 3893 lium
556 3851 710 3889 suum
743 3834 1152 3904 primogenitum
1179 3832 1227 3863 τι
1260 3850 1273 3885 :
1303 3838 1362 3884 ut
1398 3830 1550 3883 ﬁeret
1581 3826 1902 3898 primogenit

2181 3831 2393 3896 πολλοῖς
2437 3832 2710 3901 ἀδελφοῖς,
2748 3833 2908 3896 αὐτὸς
2961 3832 3036 3886 ὢν
3069 3833 3201 3896 Θεὸς
3240 3834 3524 3903 ἀληθινός·
3572 3835 3665 3886 ῖνα

399 3929 458 3984 in
491 3927 678 3982 multis
705 3925 993 3992 fratribus,
1030 3940 1154 3980 cum
1187 3932 1364 3978 tamen
1414 3920 1558 3976 Deus
1587 3936 1748 3974 verus
1776 3935 1903 3974 esse

2161 3923 2339 3996 ,πάθῃ
2371 3925 2510 3995 ὑπὲρ
2551 3924 2730 3995 ἡμῶν,
2773 3925 2849 3988 ὡς
2883 3924 3186 3995 ἄνθρωπος,
3245 3926 3338 3978 καὶ
3376 3924 3665 3996 λυτρώση-

399 4029 461 4077 ut
488 4032 544 4077 et
561 4029 832 4090 quatenus
866 4021 1030 4074 homo
1062 4033 1160 4088 pro
1205 4017 1364 4072 nobis
1395 4023 1697 4086 pateretur,
1741 4021 1796 4068 et
1843 4028 1903 4082 qt

2160 4016 2336 4086 ηήμᾶς
2361 4016 2426 4068 ὲκ
2459 4015 2663 4078 πάθους
2707 4017 2800 4069 καὶ
2851 4016 3102 4081 θανάτου,
3150 4016 3226 4081 ὡς
3274 4017 3426 4080 Θεός.
3462 4019 3664 4088 Μάτην

397 4124 559 4172 tenus
592 4113 734 4169 Deus
760 4155 776 4180 ,
811 4129 878 4168 ex
913 4121 1087 4168 morte
1123 4119 1178 4166 et
1229 4111 1486 4181 passione
1521 4125 1622 4164 nos
1657 4109 1901 4164 redimert

2159 4123 2165 4150 ι
2215 4103 2570 4174 φαντάζεσθε,
2605 4105 2700 4160 τοῦ
2756 4107 3080 4177 φρονοῦντος
3131 4108 3226 4160 καὶ
3276 4108 3502 4175 ἄγοντος
3560 4109 3663 4180 τὴν

399 4208 677 4263 Incassum
726 4207 890 4276 igitur
931 4202 1308 4273 imaginamini
1334 4242 1349 4267 ,
1382 4218 1480 4258 vos
1512 4217 1674 4272 posse
1704 4201 1823 4272 ejus
1877 4217 1903 4271 q

2157 4200 2344 4252 υκαοὲν
2388 4200 2598 4261 ὲαυτοῖς
2625 4197 2884 4252 δύνασθαι
2922 4199 3034 4268 (85)
3063 4198 3161 4269 τὴν
3194 4198 3490 4268 καινότητα
3534 4217 3661 4253 κατ-

399 4299 649 4368 intelligit
693 4307 749 4352 et
791 4312 1009 4352 carnem
1049 4295 1190 4365 agit,
1234 4295 1528 4349 novitatem
1559 4293 1614 4346 in
1649 4292 1803 4348 vobis
1837 4293 1903 4362 ip:

2155 4290 2419 4360 (ἀζεσθαι,
2455 4291 2690 4362 οἰόμενοι
2713 4291 2802 4344 διὰ
2831 4293 3132 4362 μιμήσεως·
3173 4294 3234 4344 οὐ
3273 4291 3544 4357 νοοῦντες,
3571 4295 3659 4346 ὅτι

397 4387 634 4452 efﬁcere,
655 4387 1032 4442 existimantes
1055 4399 1150 4453 per
1171 4383 1528 4438 imitationem
1555 4382 1607 4436 id
1635 4381 1751 4436 ﬁeri
1773 4396 1900 4449 poss

2154 4403 2327 4457 mag,
2355 4385 2700 4457 προαγούσης
2730 4384 3112 4455 πραγματείας
3140 4383 3351 4450 γίνεται
3401 4384 3658 4454 μίμησις·

399 4497 500 4536 nec
549 4479 830 4535 advertitis
877 4475 1274 4541 imitationem,
1316 4475 1585 4544 praemissi
1635 4473 1816 4543 operis
1849 4489 1903 4528 es

2157 4456 2324 4532 εὶοὺκ
2355 4456 2418 4531 ἂν
2450 4477 2659 4545 λέγοιτο
2695 4476 2944 4546 μίμησις.
2985 4476 3071 4527 Ἐν
3095 4473 3153 4527 δὲ
3185 4474 3424 4545 Χριστῷ,
3457 4476 3661 4545 σαρκὸς

398 4574 785 4636 imitationem,
807 4571 1050 4640 alioquin
1074 4583 1182 4622 non
1213 4568 1488 4622 diceretur
1523 4567 1777 4622 imitatio.
1831 4565 1902 4622 Du

2155 4587 2246 4641 νης
2279 4569 2570 4640 καινότητα
2601 4567 3008 4637 ὁμολογοῦντες,
3053 4566 3393 4637 πλανώμενοι
3417 4567 3659 4641 βλασφη-

396 4677 582 4724 autem
617 4666 673 4720 iu
717 4665 938 4720 Christo
972 4664 1143 4719 solius
1178 4662 1361 4718 carnis
1410 4661 1708 4717 novitatem
1750 4661 1900 4718 conﬁt

2153 4669 2250 4719 ἰτε.
2281 4666 2343 4717 Εἰ
2365 4664 2473 4736 γὰρ
2498 4664 2591 4717 τοῦ
2622 4663 2844 4733 ἄγοντος
2893 4660 3007 4731 (86)
3064 4660 3162 4730 τὴν
3217 4661 3394 4730 σάρκα
3431 4662 3657 4714 δυνατὸν

469 4805 516 4835 ⁷³
553 4801 712 4856 Rom.
745 4817 821 4866 Il,
849 4800 940 4854 34.
1014 4801 1059 4830 ⁷⁵
1092 4797 1282 4854 Matth.
1316 4814 1354 4860 ι,
1387 4796 1478 4852 9.5.

473 4961 586 5033 (78)
617 4960 836 5029 Seguer.
877 4957 1092 5013 Gobler.
1122 4965 1177 5011 et
1203 4953 1442 5011 Felckm.
1477 4955 1527 5018 1,
1564 4953 1838 5024 περιαίρει
1869 4951 1975 5004 τοί-

1637 4953 1838 5024 ριαίρει
1869 4951 1975 5004 τοί-
2302 4948 2545 5033 §ic
2573 4946 2720 5028 .Eiilli
2755 4962 2905 5033 vero:
2939 4947 3140 5033 καλεῖνἒ

397 5013 781 5091 wit-ﬁn“
1515 5013 1523 5018 ⁷
1637 5013 1649 5024 ’
1758 5013 1770 5023 ’

2155 5013 2264 5091 (84)
2304 5013 2638 5091 Basilieusis,
2667 5016 3068 5091 παραδέδωκεν,
3106 5015 3230 5091 Mox
3277 5014 3413 5088 lugeo,
3441 5013 3538 5067 καὶ
3564 5014 3659 5068 Δό-

475 5086 583 5171 179;
616 5101 707 5156 Sic
735 5101 958 5168 Seguer.
984 5094 1521 5171 Edittverqgéygg
1544 5093 1694 5171 Θεὸν,
1723 5093 1799 5156 ώς
1828 5093 1976 5171 Map-

2146 5086 2418 5171 vl‘des‘unt
2450 5091 2502 5143 in
2545 5086 2855 5171 Sig._(_it)bl.
2887 5099 2941 5171 ert
2975 5087 3118 5171 _Fel(';.
3153 5086 3200 5138 1.
3290 5086 3404 5171 ςιί
3433 5153 3478 5171 ΑΛ
3627 5154 3650 5165 _

398 5146 707 5226 κιώνῖΙῆῐόὶ
1435 5146 1599 5228 ra,
1623 5146 1808 5233 λέγετέ
1826 5163 1902 5217 det

2150 5146 2527 5243 (351‘Seguer‘.
2563 5146 2744 5243 -Gvobl.
2793 5167 2867 5243 et.
2901 5157 3044 5243 Felc.
3086 5158 3134 5219 1,
3155 5146 3524 5243 ἱφαιντςξσθξ
3544 5154 3652 5237 ’τοῦ

739 5224 916 5243 nr"
960 5224 971 5235 ⁷
1036 5224 1047 5240 ’
1183 5224 1195 5239 ’
1587 5224 1595 5228 ⁷
1695 5224 1708 5233 ’
2079 5224 2404 5302 φρονοῦντοξ
2433 5231 2526 5285 καὶ
2555 5229 2778 5297 ἄγοντος
2817 5230 2916 5299 τὴν
2947 5229 3122 5298 σάρκα
3151 5225 3208 5277 ὲν
3238 5226 3449 5287 ἑαυτοῖς
3497 5224 3656 5302 asta-

475 5295 816 5384 (suimet,
838 5312 898 5384 es
934 5309 1248 5384 πρόϐλημα,
1279 5307 1480 5384 Ibidem
1513 5303 1763 5384 _Segtter._
1785 5304 1972 5366 solus,

2149 5321 2225 5368 αι,
2255 5295 2311 5357 εί
2337 5303 2415 5356 sic
2441 5295 2728 5380 legendum
2748 5295 2883 5378 ~esse
2905 5314 2969 5351 ex
2998 5295 3253 5384 contextu
3288 5303 3531 5384 apparet.
3553 5295 3653 5350 Per

400 5363 816 5455 ὁμολογεῖνῑυ-δί
838 5363 1055 5455 editijet
1081 5363 1194 5444 alii,
1220 5363 1487 5455 όμολογεῖ.
1518 5363 1661 5455 Mdg,
1699 5375 1818 5455 μέν,
1855 5389 1904 5443 [)t

2146 5363 2436 5436 ud’autem,
2459 5363 2898 5455 156.cppo‘vo6vto;
2928 5368 3274 5455 καςινᾶγρντος
3322 5363 3419 5443 τὴν
3451 5364 3650 5452 σάρκα,

399 5437 632 5520 ἐιώνέιίν,
659 5437 809 5509 deest
833 5453 890 5508 in
922 5453 1103 5517 editis,
1132 5437 1194 5505 ei
1225 5437 1450 5520 S'egue'r.
1477 5437 1870 5516 supplevimus:

2156 5445 2317 5498 imam
2353 5437 2633 5520 intelligit;
2653 5440 2820 5520 liditi,
2845 5437 3532 5520 φαν-τάςεσθεηφρονοῦντες
3554 5437 3652 5506 τὴν

472 5507 1103 5595 (81)7’Ϊ“έλ-εήιος,ᾀοοειίιί
1135 5507 1490 5595 Seguevriano.
1638 5586 1660 5595 _
1797 5585 1836 5595 Μ
1893 5585 1905 5595 _

2081 5515 2258 5595 σάρκα
2289 5507 2764 5595 ἐξαυτῇἰξόῦξθςισθαιζ
2794 5507 2954 5595 longe
2983 5507 3234 5594 dissimili
3261 5507 3552 5595 sententia.

471 5573 583 5678 iééi
617 5573 844 5678 sua:
873 5573 1090 5678 δεῦε-εξ.
1138 5599 1191 5678 ῆι
1211 5573 1472 5678 “idem:
1486 5588 1566 5678 ,ξε
1595 5585 1974 5678 3985.55?!-

2146 5573 2292 5678 ἕβξι,
2305 5573 2621 5678 Sis-i995":
2631 5573 3562 5678 $931613;Emissisﬂziaj"
3588 5592 3650 5678 ξε

400 5645 905 5737 θρὶϐτξὸυἷξὶἐαὲάιῖ
925 5645 1206 5732 mem,
1231 5660 1415 5730 ἕτερον
1432 5645 1567 5729 πρὸς
1598 5645 1976 5728 ἓτέρον,τουτ-
2077 5645 2317 5737 Χριστιῖκ
2354 5645 2554 5737 σαρκὸς
2610 5645 3108 5737 μόνηςκαινότητα
3145 5645 3550 5719 ὁμολογοῦντες.
3586 5645 3648 5698 Ei

401 5723 536 5789 ἐστι.
729 5723 740 5734 ’
1328 5723 1339 5730 ’
1477 5723 1488 5729 ’
1694 5723 1705 5728 ⁷

1694 5723 1705 5728 ⁷
2080 5723 2190 5796 γὰρ
2222 5723 2314 5780 τοῦ
2348 5723 2592 5794 ἄγοντος,
2627 5723 2811 5778 multis
2841 5723 3080 5778 omissis.
