3810 6228
374 286 507 344 HM

943 286 999 341 S.
1041 282 1408 342 ATHANASII
1446 283 1596 340 OPP.
1638 283 1818 340 PARS
1854 283 1897 340 1.
1934 313 2005 323 -
2046 282 2416 339 HISTORICA
2453 281 2543 336 ET
2580 279 3002 339 DOGMATICA.

3476 281 3625 336 “32

445 405 538 462 92.
569 403 696 462 Haec
718 406 782 461 ad
810 415 862 461 te
893 405 1120 476 scripsi,
1148 406 1340 460 dilecte
1363 405 1618 476 (tametsi
1647 408 1782 462 nihil
1817 423 1936 462 am-

2107 406 2194 460 22.
2230 405 2415 460 Ταῦτα
2449 404 2682 475 ἔγραψα,
2710 404 2958 476 ἀγαπητέ
2977 403 3116 475 (97)⁶
3148 403 3248 458 κᾶν
3274 404 3358 457 ὅτι
3383 402 3626 474 μάλισίά

374 499 518 571 plius
542 499 778 555 scribere
802 512 938 568 opus
969 507 1118 565 erat;
1149 497 1351 553 sul‘licit
1373 513 1608 568 namque
1631 500 1947 570 evangelica

375 590 639 662 traditio),
669 599 784 644 tum
823 590 950 659 quia
979 587 1047 644 de
1072 597 1260 643 nostra
1287 587 1392 642 ﬁde
1423 589 1799 659 interrogasti,
1829 596 1942 643 tum

373 696 565 738 eorum
594 695 760 743 causa
785 679 879 749 qui
912 680 1238 734 commentis
1269 680 1386 734 suis
1431 689 1738 749 nugantur,
1769 695 1943 750 neque

375 773 614 844 cogitant
639 788 786 835 eum.
825 772 919 844 qui
947 787 1016 828 ex
1043 772 1267 842 pr0prio
1293 772 1535 842 loquitur
1560 773 1764 837 animo,
1790 789 1943 826 men-

374 858 531 914 dacia
564 859 734 931 loqui.
796 858 984 930 Neque
1014 861 1160 914 cnim
1195 861 1280 915 vel
1325 861 1821 930 pulchritudinem,
1857 878 1940 917 ve.

374 950 602 1021 gloriam
634 951 882 1021 corporis
926 950 1131 1005 Christi
1186 952 1460 1006 humanus
1499 952 1805 1007 intellectus
1849 968 1943 1006 cxv

2044 497 2193 550 οὐδὲν
2224 495 2384 548 πλέον
2414 495 2520 548 ἔδει
2545 496 2776 566 γράφειν
2802 512 2814 525 ·
2850 495 3129 566 αὐτάρκης
3157 495 3264 566 γὰρ
3303 498 3336 566 ἡ
3386 496 3626 565 εὐαγγε-

2044 590 2168 661 λικὴ
2195 589 2521 660 παράδοσιςο
2557 586 2669 641 ἀλλ’
2701 586 2888 657 ἐπειδὴ
2934 585 3224 657 ἠρώτησας
3271 589 3401 657 περὶ
3433 586 3532 657 τῆς
3568 588 3628 638 ὲν

2044 682 2173 752 ἡμῖν
2207 681 2459 743 πίστεως,
2494 680 2585 731 καὶ
2606 678 2767 730 ἕνεκά
2797 695 2858 746 γε
2889 677 2994 730 τῶν
3029 677 3331 747 ἐρεσχελεῖν
3361 677 3627 748 βουλομέ-

2045 791 2150 825 νων
2188 775 2306 835 ταῖς
2363 771 2701 843 ὲφευρέσεσι,
2753 771 2846 824 καὶ
2895 771 2955 823 οὐ
2979 767 3358 839 λογιζομένων,
3389 771 3473 823 ὅτι
3501 771 3529 822 ὁ
3561 771 3630 824 ὲκ

2044 863 2151 916 τῶν
2173 863 2315 916 ἰδίων
2343 863 2520 916 λαλῶν
2555 863 2615 916 τὸ
2640 863 2830 932 ψεῦδος
2874 862 3042 915 λαλεῖ.
3084 861 3220 916 Οὔτε
3265 862 3377 934 γὰρ
3406 863 3626 928 κάλλος,

2043 954 2168 1008 οὔτε
2203 955 2359 1019 δόξαν
2391 953 2503 1026 (98)
2569 955 2821 1024 σώματος
2866 955 3100 1026 Χριστοῦ
3148 955 3370 1023 ἐφικτὸν
3415 956 3631 1027 διανοίᾳ.

371 1041 610 1111 primere
641 1051 847 1112 potest;
881 1042 975 1098 sed
1005 1057 1126 1114 qua:
1157 1052 1307 1114 gesta
1337 1051 1498 1108 sunt,
1550 1052 1712 1112 prout
1741 1044 1944 1112 scripta

2106 1043 2332 1114 ιθρώπου
2382 1045 2616 1110 ἐξειπεῖν
2640 1061 2653 1074 ·
2709 1044 2845 1097 ἀλλά
2876 1060 2940 1111 γε
2987 1045 3082 1096 καὶ
3113 1043 3182 1094 τὰ
3215 1044 3509 1112 γενόμενα,
3550 1044 3629 1106 ὠς

373 1133 666 1200 habentur,
697 1134 945 1189 conﬁteri
974 1134 1139 1198 valet,
1192 1148 1402 1189 necnon
1431 1149 1618 1188 verum
1649 1132 1815 1188 Deum
1847 1149 1947 1204 qui

2106 1139 2373 1207 ἐγραπται,
2404 1136 2702 1206 ὁμολογεῖν,
2731 1135 2826 1188 καὶ
2855 1135 2944 1188 τὸν
2977 1134 3104 1188 ὄντα
3137 1135 3269 1188 Θεὸν
3301 1137 3631 1206 προσκυνεῖν

370 1233 478 1289 est,
510 1223 759 1291 adorare,
787 1226 842 1280 in
868 1225 1095 1296 gloriam
1116 1234 1170 1280 et
1202 1224 1599 1281 confessionem
1626 1237 1942 1281 mansuetu-

371 1313 516 1370 dinis
541 1314 684 1385 ejus,
707 1323 764 1369 et
786 1316 840 1370 in
865 1331 1015 1387 spem
1034 1316 1227 1372 salutis
1253 1327 1472 1371 nostrae.
1503 1315 1560 1370 ln
1578 1315 1796 1372 Christo
1811 1315 1938 1371 Jcsu

372 1403 604 1464 Domino
626 1416 837 1465 nostro.
868 1411 1060 1465 Amen.

447 1541 561 1614 (97;)
602 1540 724 1613 Seg.
754 1541 908 1614 Gobl.
932 1553 986 1598 et
1001 1542 1144 1599 Felc.
1176 1545 1226 1607 1,
1253 1543 1543 1614 ἀγαπητοί.
1576 1543 1712 1600 Editi
1741 1559 1868 1600 vero
1888 1553 1943 1600 et

375 1611 489 1683 alii,
513 1611 794 1683 idquq‘ré,
825 1615 1022 1669 rectius
1058 1625 1116 1669 ut
1155 1611 1384 1669 videtur.

431 1682 558 1755 με)
585 1681 840 1755 _S_ic'Bas.
869 1685 1026 1755 Angl.
1053 1684 1177 1755 Seg.
1201 1683 1355 1755 Gobl.
1387 1695 1442 1739 et
1462 1685 1602 1742 Felc.
1627 1687 1677 1742 1.
1701 1685 1863 1750 Editi,
1880 1684 1943 1740 οὐ

374 1750 552 1826 δόξαν.
585 1751 708 1826 Mox
742 1752 890 1826 ὃθεν
925 1750 1172 1826 adipach
1217 1754 1373 1826 Θεοῦ.
1410 1755 1565 1826 βοιιΙ.
1604 1765 1671 1811 et'
1705 1756 1849 1826 Fclc.
1889 1758 1944 1821 1,

377 1819 511 1877 Θεοῦ
543 1819 1019 1896 σώματος.“Ριιιιιο’
1046 1836 1188 1896 post,
1225 1824 1350 1896 Seg.
1394 1825 1552 1882 Gobl.
1605 1836 1659 1881 et
1708 1825 1854 1882 Felc.
1887 1819 1941 1891 l,

2048 1230 2127 1290 εἰς
2155 1226 2309 1291 δόξαν
2336 1226 2430 1278 καλ⁸
2458 1226 2841 1296 ἐξομολόγησιν
2865 1224 2965 1294 τῆς
3002 1225 3165 1278 αὐτοῦ
3193 1225 3628 1296 φιλανθρωπίας,

2046 1319 2139 1372 καὶ
2173 1318 2362 1372 ἐλπίδα
2420 1319 2518 1388 τῆς
2577 1321 2846 1390 σωτηρίας
2893 1319 3072 1389 ἡμῶν,
3129 1318 3239 1389 (99)
3297 1320 3357 1371 ὲν
3403 1317 3632 1388 Χριστῷ

2059 1410 2232 1481 Ἰησοῦ
2262 1409 2338 1482 τῷ
2365 1411 2554 1482 Κυρίῳ
2590 1411 2766 1482 ἡμῶν.
2815 1413 3007 1484 Ἀμήν.

2047 1545 2182 1600 ἀλλὰ
2219 1562 2282 1615 γε
2316 1546 2408 1598 καὶ
2439 1546 2527 1600 τά.
2570 1545 2728 1630 ῌάἰιὶ,
2767 1544 2902 1598 ἀλλὰ
2934 1545 3041 1667 γὰρ
3073 1545 3164 1598 καὶ
3192 1542 3280 1598 τά.

2123 1616 2235 1667 (99)
2277 1615 2400 1667 Haec
2451 1617 2516 1667 ad
2568 1618 2730 1667 linem
2778 1630 2952 1667 usnue
3031 1617 3280 1667 tahentur

2123 1613 2240 1687 (99)
2277 1615 2400 1670 Haec
2451 1617 2516 1670 ad
2568 1618 2740 1687 linem
2778 1630 2952 1684 usque
3013 1613 3280 1687 habentur
3325 1613 3391 1687 in;
3429 1613 3633 1682 Segne

2048 1684 2225 1750 riano,
2261 1687 2590 1741 Gobleriano
2619 1695 2672 1740 et
2702 1684 3050 1740 Fclckmanni
3077 1687 3273 1753 primo,
3301 1685 3396 1753 qui
3436 1696 3630 1738 tamen

2049 1772 2162 1828 non
2193 1758 2410 1823 habent,
2428 1757 2620 1828 Ἀμήν,
2653 1771 2773 1827 quae
2802 1765 3012 1811 tantum
3050 1771 3153 1810 vox
3183 1755 3379 1824 legitur
3413 1755 3470 1808 in
3513 1755 3635 1810 edi-

2052 1827 2142 1882 tis.

787 2193 1014 2283 ΤοΥ
1085 2195 1229 2280 ΕΝ
1280 2191 1645 2280 ΑΓΙΟΙΣ
1716 2190 2148 2277 ΠΑΤΡΟΣ
2217 2177 3232 2282 ΗΜΩΝᾹΘΑΝΑΣΙΟΥ

1442 2391 2010 2448 ΔΡΧΙΕΠΙΣΚΟΠΟΥ
2058 2393 2577 2448 ΑΛΕΞΑΝΔΡΕΙΑΣ

515 2574 698 2632 ΠΕΡΙ
735 2572 871 2632 ΤΗΣ
896 2571 1038 2629 ΣΩΤ
1041 2570 1308 2627 ΗΡῙΩΔΟ
1321 2570 1408 2624 ΥΣ
1437 2568 1892 2625 ΕΠΙΦΑΝΕΙΑΣ
1928 2568 2070 2620 ΤΟΥ
2101 2567 2436 2632 ΧΡΙΣΤΟΥ,
2464 2569 2598 2623 ΚΑΙ
2617 2569 2817 2625 ΚΑΤΑ
2837 2568 3404 2625 ΑΠΟΔΛΙΝΑΡΙΟΥ
3426 2566 3514 2642 (1)

1378 2819 1809 2908 ΛΟΓΟΣ
1909 2817 2619 2906 ΔΕΥΤΕΡΟΣ.

1131 3200 1249 3316 S.
1378 3206 1505 3318 P.
1639 3205 1780 3318 N.
1907 3201 2904 3318 ATHANASII

1473 3421 1998 3481 ARCHIEPISCOPI
2059 3422 2533 3481 ALEXANDRLE

673 3583 776 3641 DE
815 3582 1179 3642 SALUTARI
1236 3582 1597 3640 ADVENTU
1645 3583 1825 3640 JESU
1875 3583 2202 3654 CHRISTI,
2236 3586 2330 3642 ET
2356 3583 2741 3642 ADVERSUS
2771 3581 3350 3640 APOLLINARIUH

1447 3760 1812 3849 LIBER
1887 3760 2543 3854 SECUNDUS.

453 4106 509 4167 1.
536 4106 642 4176 Qui
675 4104 966 4161 Dominum
1013 4114 1262 4161 nostrum
1304 4104 1490 4160 Jesum
1523 4103 1802 4161 Christum
1839 4122 1950 4162 non

2127 4109 2178 4161 1.
2219 4107 2282 4160 Οἱ
2337 4105 2428 4160 τὸν
2467 4103 2673 4177 Κύριον
2727 4102 2886 4176 ἡμῶν
2931 4101 3136 4176 Ἰησοῦν
3195 4103 3428 4173 Χριστὸν
3471 4102 3547 4174 μὴ
3578 4106 3650 4156 ἐκ

382 4220 452 4260 ex
495 4204 607 4260 Deo
634 4211 690 4258 et
721 4201 942 4257 homine
976 4216 1143 4255 unum
1178 4199 1508 4256 conﬁtentur
1529 4242 1543 4265 ,
1604 4211 1662 4256 ut
1693 4201 1960 4271 scriptum

382 4301 470 4349 est
496 4292 551 4346 in
579 4289 871 4360 Evangelio
897 4305 911 4342 :
938 4288 1043 4356 Qui
1074 4289 1176 4359 fuit
1204 4289 1396 4354 Adam,
1426 4289 1639 4361 quifuit
1665 4289 1853 4355 Dei",
1878 4291 1962 4345 di-

383 4393 532 4450 cant,
561 4383 693 4456 quid
721 4383 788 4438 de
819 4396 884 4437 eo
912 4382 1006 4452 qui
1035 4383 1088 4438 in
1124 4381 1299 4438 forma
1328 4381 1420 4438 Dei
1450 4392 1566 4438 erat
1596 4424 1610 4451 ,
1644 4391 1698 4438 et
1730 4385 1823 4455 qui
1855 4382 1965 4438 for-

383 4489 532 4530 mam
561 4473 703 4530 servi
732 4473 960 4544 accepit,
983 4473 1333 4539 existiment;
1364 4481 1458 4529 aut
1480 4474 1758 4543 quomodo
1787 4474 1920 4530 illud
1947 4494 1960 4530 :

386 4564 460 4622 Et
491 4563 714 4621 Verbum
747 4583 870 4620 caro
899 4565 1100 4636 factum
1128 4573 1236 4630 est,
1261 4574 1311 4619 et
1337 4566 1593 4620 habitavit
1617 4569 1672 4620 in
1698 4567 1848 4622 nobis
1871 4570 1916 4601 ⁷⁹
1943 4609 1959 4633 ,

385 4656 706 4730 intelligant.
731 4657 835 4726 Qui
858 4659 1004 4714 enim
1027 4658 1164 4714 dixit
1189 4677 1204 4712 :
1237 4656 1462 4714 Verbum
1484 4675 1608 4712 caro
1635 4659 1836 4729 factum
1859 4669 1958 4723 est,

385 4748 530 4805 idem
549 4750 646 4816 ait,
687 4751 864 4821 ipsum
887 4766 983 4821 pro
1005 4751 1160 4806 nobis
1177 4750 1418 4805 animam
1438 4751 1688 4820 posuisse
1709 4767 1864 4806 suam
1891 4751 1958 4803 ⁸ο.

385 4839 552 4912 Num,
573 4843 649 4898 ita
677 4851 736 4898 ut
761 4841 998 4898 Verbum
1023 4843 1376 4898 mutationem
1401 4827 1648 4912 passum,
1684 4851 1738 4898 et
1763 4843 1816 4897 in
1842 4857 1963 4898 car-

459 5002 507 5037 "
541 5001 676 5060 Luc.
709 5017 795 5070 ιιι,
823 5001 917 5059 58.
989 5001 1037 5036 τ’
1075 4999 1236 5057 Joan.
1270 5017 1307 5065 I,
1342 4999 1430 5056 14.
1507 5000 1552 5032 ⁸ο
1592 4997 1754 5055 Joan.
1789 5015 1844 5063 x,
1874 4998 1966 5055 l5.

463 5142 540 5215 tl)
580 5139 706 5215 Haec
754 5139 810 5215 in
858 5141 1168 5215 v_l_syn0_d.,
1211 5148 1313 5195 act.
1349 5137 1697 5215 8,___vocatt_l_l_',_
1718 5137 1967 5215 651515.90;

390 5208 547 5282 λόγοξ
573 5211 717 5266 κατὰ
754 5208 1350 5283 Ἀπολλιναρίουηιοηι.
1389 5208 1476 5272 Vl,
1510 5227 1571 5283 p.
1603 5209 1737 5283 Isi;
1770 5208 1967 5283 Dama»-

392 5278 614 5348 acenus,
645 5283 740 5337 lib.
777 5297 837 5336 ιιι
871 5281 948 5336 De
993 5278 1129 5334 or'th.
1179 5279 1306 5348 ﬁde,
1356 5294 1474 5350 cap.
1503 5278 1596 5345 95,
1639 5278 1967 5350 λόγοςπερὶ

395 5351 741 5427 σαρκώσεως,
778 5353 1189 5427 idem_lib._tv,
1247 5366 1368 5427 cap.
1418 5348 1472 5427 6,
1518 5350 1785 5427 appcllat,_
1812 5348 1968 5417 λόγον

395 5420 649 5496 περὶτῆς
672 5420 1048 5496 σωτηριώδους
1079 5421 1416 5496 ῂτι-ιρανεζας.
1446 5421 1514 5474 At
1545 5421 1638 5489 qui
1669 5421 1857 5496 titulus
1885 5429 1970 5474 est

392 5493 453 5548 in
471 5491 644 5562 'editi's
674 5495 756 5562 (ut
787 5491 1069 5562 annotavit
1090 5492 1258 5561 Felc.)
1284 5493 1495 5562 videtur
1515 5506 1634 5545 esse
1656 5507 1685 5544 a
1711 5491 1964 5560 pricfecto

435 5561 547 5618 mli
598 5560 811 5618 Comm.
863 5560 1000 5616 Nam
1052 5578 1174 5617 cum
1223 5560 1392 5616 Codex
1433 5561 1488 5626 2,
1542 5577 1652 5631 quo
1705 5562 1790 5616 usi
1836 5570 1964 5614 sunt

481 5647 635 5698 mm.,
654 5632 869 5686 titulum
898 5633 1105 5686 nullum
1131 5632 1463 5697 ‘haberet,ne
1484 5633 1660 5684 oratio
1692 5631 1968 5693 esset,dw-

392 5700 722 5773 οπιγραφος,
755 5716 879 5759 eum
909 5702 1002 5773 qui
1040 5710 1124 5758 est
1157 5702 1214 5757 in
1249 5701 1430 5768 editis,
1476 5702 1969 5771 quomodocunque

2062 4197 2197 4252 Θεοῦ
2231 4198 2326 4250 καὶ
2351 4195 2636 4267 ἀνθρώπου
2674 4195 2770 4248 ἕνα
2795 4193 3204 4266 ὁμολογοῦντες,
3233 4193 3308 4257 ὡς
3327 4194 3646 4266 γέγραπται

2047 4292 2122 4369 .ὲν
2143 4289 2221 4361 τῷ
2251 4288 2563 4359 Εὐάγγελίῳ
2586 4325 2601 4351 ,
2659 4287 2768 4342 Τοῦ
2801 4286 2992 4356 Ἀδὰμ,
3048 4287 3157 4341 τοῦ
3187 4285 3359 4355 Θεοῦ,
3413 4285 3649 4354 λεγέτω.

2067 4399 2184 4446 σαν,
2215 4381 2334 4444 πῶς
2361 4380 2454 4434 τὸν
2499 4383 2558 4433 ὲν
2607 4381 2784 4450 μορφῇ
2823 4378 2957 4433 Θεοῦ
3008 4378 3318 4449 ὑπάρχοντα
3367 4376 3500 4430 Θεὸν
3545 4380 3647 4431 καὶ

2062 4471 2295 4525 λαϐόντα
2317 4470 2414 4541 τὴν
2443 4468 2535 4522 τοῦ
2569 4469 2756 4522 δούλου
2805 4468 3015 4539 μορφὴν
3050 4468 3125 4538 (9.)
3181 4467 3568 4537 ὑπειλήφασιν,
3605 4469 3646 4538 ἢ

2063 4562 2144 4626 τὸ,
2187 4561 2248 4613 '0
2296 4562 2485 4630 Λόγος
2536 4559 2693 4627 σὰρξ
2721 4557 2977 4628 ἐγένετο,
3038 4559 3134 4611 καὶ
3158 4556 3512 4624 ἐσκήνωσεν
3573 4558 3649 4609 ἐν·

2062 4654 2228 4724 ἡμῖν,
2279 4655 2614 4724 νενοὴκασιν.
2666 4655 2723 4705 '0
2771 4653 2881 4722 γὰρ
2931 4651 3188 4724 εἰρηκὼς,
3231 4653 3317 4704 ὅτι
3361 4652 3423 4703 '0
3449 4651 3648 4719 Λόγος

2063 4745 2219 4815 σὰρξ
2265 4744 2520 4815 ἐγένετο,
2563 4745 2803 4816 εἴρηκεν,
2861 4745 2944 4797 ὅτι
2996 4745 3073 4815 t5)
3123 4743 3281 4806 αὐτὸς
3331 4741 3428 4813 τὴν
3465 4741 3650 4812 ψυχὴν

2065 4837 2229 4892 αὐτοῦ
2256 4836 2452 4890 ἔδωκεν
2486 4837 2626 4907 ὑπὲρ
2659 4830 3004 4907 ὴμῶν.⁷Αρα
3046 4835 3122 4898 ὡς
3158 4833 3252 4887 τοῦ
3293 4834 3468 4902 Λόγου
3516 4851 3650 4905 τρο-

2064 5153 2131 5192 ex
2155 5135 2343 5191 Latina
2373 5133 2816 5204 interpretatione
2839 5133 3126 5204 expressit.
3163 5131 3272 5188 Nos
3301 5131 3426 5201 Seg.
3463 5137 3652 5204 sequi—

2065 5223 2209 5272 mur,
2249 5208 2336 5260 cui
2392 5202 2700 5259 consonant
2741 5202 2982 5259 Goleet
3030 5202 3174 5258 Felc‘.
3207 5204 3259 5268 1,
3293 5209 3517 5265 omisso,
3545 5202 3651 5259 τοῦ

2062 5275 2343 5349 Χριστοῦ,
2367 5284 2420 5328 et
2439 5275 2735 5349 :Anglican.
2762 5275 2858 5349 his
2902 5274 3240 5349 additis_,_t:06
3283 5273 3520 5349 Χριστοῦ
3555 5277 3656 5329 καὶ

2063 5344 2198 5399 Θεοῦ
2229 5346 2405 5417 ἡμῶν.
2439 5344 2728 5400 Basiliens.
2762 5345 2925 5399 habet
2953 5345 3290 5414 simpliciter,
3323 5344 3480 5412 λόγος
3506 5351 3655 5398 κατὰ

2078 5417 2271 5470 Ἀπολλ
2282 5432 2363 5469 ινα
2370 5417 2507 5487 ρίου.

2143 5489 2220 5557 (2)
2264 5488 2336 5540 Ita
2370 5483 2583 5557 'Anglic.
2613 5483 2739 5556 Seg.
2770 5484 2928 5540 Gobl.
2956 5495 3008 5541 ct
3034 5484 3176 5540 Fclc.
3211 5485 3262 5538 1.
3294 5484 3435 5538 Editi
3458 5494 3512 5541 et
3534 5485 3651 5553 alii,

2071 5559 2304 5611 λαϐόντα
2331 5556 2540 5610 δούλου.

2150 5629 2226 5699 (5)
2269 5631 2325 5682 In
2358 5628 2483 5699 ch.
2518 5626 2675 5699 GAobl.
2707 5634 2760 5682 et
2781 5625 2924 5683 Felc.
2953 5626 3004 5691 1,
3027 5626 3108 5680 ὅτι
3129 5626 3300 5682 deest.
3320 5624 3443 5681 Mox
3461 5625 3652 5692 iidem,

2075 5695 2267 5770 ἐθήκεν
2295 5695 2447 5767 ὑπὲρ
2462 5695 2637 5767 ἡμῶν.
