3810 6228
379 272 519 330 1135

976 273 1032 328 S.
1071 271 1442 328 ATHANASII
1479 270 1628 328 OPP.
1669 271 1850 326 PARS
1881 269 1923 326 1.
1965 301 2031 311 --
2063 267 2430 324 lllSTORICA
2464 267 2552 322 ET
2591 266 3008 323 DOGMATICA.

3473 269 3614 322 1136

374 405 482 460 que
503 393 814 448 communis
841 393 1028 458 erit,ut
1060 393 1286 462 quidam
1307 403 1553 450 errantes
1583 394 1926 449 arbitrantur.

2050 391 2204 443 αὑτὸν
2233 389 2418 459 ἀπαθῆ
2455 389 2549 441 καὶ
2581 386 2871 457 ἀσώματον
2901 387 3035 440 Θεὸν
3058 387 3227 456 Λόγον
3260 388 3356 440 καὶ
3383 387 3492 457 πρὸ
3511 390 3615 459 τῆς

372 481 456 537 An
477 490 532 536 et
557 481 734 552 ipsum
757 481 1092 552 impassibile
1114 491 1168 536 et
1200 483 1578 553 incorporeum
1609 483 1775 538 Deum
1810 483 1939 539 Ver-

372 571 524 637 bum,
559 575 722 630 etiam
754 583 876 629 ante
899 575 1355 642 incarnationem,
1379 586 1434 631 et
1463 579 1755 632 humanam
1783 588 1938 633 natu-

2042 479 2368 552 σαρκώσεως
2396 481 2488 531 καὶ
2508 477 2972 548 ὲνανθρωπήσεως
2994 477 3168 546 ἐρεῖτε
3200 476 3448 529 δεκτικὸν
3471 471 3614 530 εἶναι

2039 572 2244 634 πάθους
2273 571 2368 624 καὶ
2393 569 2622 623 θανάτου
2651 587 2665 635 ;
2694 569 2803 622 Καὶ
2828 569 2942 633 πῶς
2969 571 2997 621 6
3017 567 3096 637 τῷ
3127 567 3301 638 Πατρ“ι
3327 567 3616 636 ὁμοοὺσιος

371 678 489 719 ram
519 674 853 736 assumptam
874 704 892 732 ,
939 666 1210 736 passionis
1235 675 1290 722 et
1316 669 1506 722 mortis
1533 684 1786 739 capacem
1818 683 1926 725 esse

2050 663 2189 726 Υἱὸς,
2224 664 2318 715 καὶ
2344 662 2648 732 ἀδιαίρετος
2675 661 2816 714 κατὰ
2850 661 2947 730 τὴν
2981 659 3128 712 θείαν
3157 659 3337 726 φύσιν,
3369 657 3614 728 παθητὸς

369 754 603 810 dicetis?
625 756 696 810 At
726 757 820 827 qui
845 797 860 822 ,
893 773 1082 828 quaeso
1103 801 1119 825 ,
1151 758 1352 825 Filius,
1382 759 1477 828 qui
1519 758 1663 814 Patri
1701 761 1936 815 consul).

2035 753 2100 808 ἃν
2131 753 2360 822 λέγοιτο,
2392 753 2660 823 ἄτρεπτος
2690 749 2765 803 ὦν
2800 751 2893 804 καὶ
2918 750 3293 814 ἀναλλοίωτος,
3319 752 3366 801 εἰ
3393 747 3489 818 μὴ,
3524 748 3616 800 λα-

370 846 673 912 stantialis,
700 858 754 902 et
785 847 854 902 ab
878 863 944 903 eo
973 850 1270 904 secundum
1301 850 1538 904 divinam
1571 861 1820 905 naturam
1852 851 1926 905 in-

2050 843 2146 898 Ξὼν
2182 845 2247 896 ἐκ
2288 846 2501 915 μήτρας
2547 842 2825 914 Παρθένου
2859 843 2920 895 τὸ
2947 842 3166 912 σύμπαν
3196 841 3295 909 τῆς
3316 841 3612 910 ἀνθρώπου

366 939 576 995 divisus
621 950 724 1004 est,
759 941 1034 1010 passibilis
1066 941 1279 994 dicatur
1301 981 1316 1004 ,
1357 956 1482 995 cum
1517 942 1588 995 sit
1622 942 1935 996 immutabi-

366 1031 434 1087 lis
458 1040 514 1086 et
545 1033 904 1100 invariabilis,
935 1033 1038 1088 nisi
1066 1041 1278 1102 sumpta
1304 1033 1357 1086 in
1390 1033 1569 1101 seipso
1597 1048 1663 1088 ex
1698 1032 1935 1104 Virginis

366 1133 520 1179 utero
563 1132 676 1180 tota
709 1125 960 1179 humana:
988 1134 1276 1180 structurae
1316 1124 1495 1193 specie
1517 1165 1532 1189 ,
1567 1124 1728 1179 homo
1759 1124 1936 1181 factus

365 1214 473 1268 sit:
514 1224 576 1269 ut
607 1225 662 1270 et
698 1216 974 1270 mutabilis
1003 1217 1167 1270 homo
1192 1224 1337 1270 esset
1366 1215 1418 1268 in
1447 1217 1723 1286 passione,
1747 1224 1802 1272 et
1825 1231 1932 1272 una

365 1307 720 1362 immutabilis
747 1317 908 1372 esset,
941 1318 1210 1377 quatenus
1243 1307 1426 1363 Deus?

435 1400 488 1452 5.
522 1398 866 1468 Quapropter
895 1400 1082 1453 unctio
1111 1397 1252 1452 facta
1293 1410 1374 1453 cst
1400 1439 1414 1462 ,
1465 1413 1574 1452 non
1612 1398 1755 1468 quod
1791 1397 1932 1455 Deus

365 1490 624 1544 unctione
649 1490 931 1560 indigeret,
948 1506 1046 1545 nec
1058 1490 1200 1560 quod
1214 1491 1419 1559 absque
1432 1489 1537 1544 Deo
1551 1492 1891 1546 unctiolicrct
1912 1509 1928 1557 ;

362 1579 455 1633 sed
481 1579 588 1633 Deo
612 1581 920 1634 unctionem
951 1581 1276 1650 applicante,
1315 1581 1597 1650 ipsamque
1623 1581 1676 1635 in
1707 1597 1932 1652 corpore

362 1669 635 1724 unctionis
663 1685 880 1739 capace,
916 1671 1228 1740 recipiente.
1260 1670 1604 1739 Manifestum
1638 1672 1801 1742 igitur
1824 1681 1927 1736 est,

2035 935 2344 999 συστάσεως
2399 931 2535 999 εἶδος
2568 937 2626 990 ὲν
2653 933 2830 1005 ἑαυτῷ
2860 935 2994 1005 (12),
3036 934 3250 1001 ἐγένετο
3282 933 3575 1003 ἅνθρωπος
3595 951 3608 962 ο

2033 1027 2120 1081 ἵνα
2173 1027 2266 1081 καὶ
2304 1024 2642 1101 ἂνθρωποςῇ
2673 1029 2734 1083 ἐν
2777 1026 2857 1097 τῷ
2895 1025 3076 1092 πάθει,
3116 1027 3210 1079 καὶ
3263 1025 3538 1095 ἄτρεπτος

2033 1117 2162 1181 Θεὸς
2188 1117 2262 1170 ὢν
2287 1135 2303 1184 ;

2098 1397 2152 1451 5.
2185 1394 2282 1447 Διά
2307 1393 2462 1447 τοῦτο
2484 1393 2592 1464 γάρ
2623 1393 2716 1446 καὶ
2736 1395 2770 1464 ή
2795 1392 2973 1466 χρίσις
2993 1394 3227 1462 ἐγένετο,
3245 1395 3343 1464 οὑχ
3368 1395 3446 1459 ὡς
3470 1395 3612 1449 Θεοῦ

2030 1487 2262 1558 χρίσεως
2305 1483 2584 1553 δεομένου,
2625 1483 2735 1536 οὐδ’
2767 1480 2834 1538 αὖ
2885 1484 3045 1536 πάλιν
3081 1486 3178 1555 τῆς
3222 1486 3456 1556 κρίσεως
3489 1487 3614 1558 δίχα

2029 1576 2164 1630 Θεοῦ
2189 1576 2508 1645 γενομένης,
2544 1574 2684 1627 ἀλλὰ
2709 1574 2843 1627 Θεοῦ
2880 1575 2979 1645 μὲν
2998 1575 3096 1646 τὴν
3121 1576 3300 1646 χρίειν
3331 1594 3615 1649 προσαγο-

2034 1669 2216 1738 μένου,
2249 1669 2305 1720 ἐν
2337 1665 2394 1719 δὲ
2421 1665 2499 1736 τῷ
2525 1665 2756 1735 δεκτικῴ
2785 1666 2882 1736 τῆς
2902 1666 3132 1737 χρίσεως
3155 1667 3364 1738 σώματι
3384 1669 3616 1740 δεχομέο

365 1758 598 1814 Verbum
625 1775 730 1814 non
753 1761 958 1831 absque
981 1762 1218 1816 humana
1245 1777 1409 1817 carne
1425 1764 1702 1818 Christum
1727 1763 1926 1819 factum

2050 1778 2140 1814 νου.
2179 1761 2449 1832 Πρόδηλον
2480 1757 2595 1826 οὖν,
2643 1763 2726 1816 ὅτι
2769 1763 2829 1816 οὑ
2863 1764 2984 1834 δίχα
3022 1760 3220 1832 σαρκὸς
3257 1759 3613 1832 ἀνθρωπίνης

359 1852 559 1916 fuisse,
583 1866 682 1906 nec
703 1867 822 1908 sese
849 1853 1139 1908 dividendo
1163 1855 1218 1909 in
1243 1854 1425 1910 carnis
1449 1855 1709 1924 speciem,
1729 1863 1783 1910 et
1811 1856 1932 1910 ani-

359 1954 462 1995 inae
494 1940 902 1996 similitudinem
936 1961 948 1996 :
980 1943 1073 1997 sed
1105 1959 1330 2000 manens
1353 1944 1498 2014 quod
1528 1951 1663 2009 erat,
1695 1943 1928 2000 formam

357 2033 500 2087 servi
530 2034 805 2103 accepisse
825 2074 840 2099 ,
871 2049 978 2088 non
1010 2035 1323 2090 destitutam
1359 2036 1580 2095 exsistet
1605 2038 1700 2100 tia,
1729 2038 1930 2108 quippe

357 2140 479 2196 quae
511 2140 606 2196 per
629 2126 935 2194 passionem
955 2165 970 2188 ,
1003 2128 1492 2194 resurrectionem,
1533 2137 1586 2184 et
1619 2130 1928 2185 universam

358 2217 718 2272 oecOnomiam
757 2231 875 2272 sese
900 2218 1182 2287 proderet,
1215 2229 1274 2274 ut
1299 2220 1560 2289 scriptum
1591 2230 1644 2276 et
1673 2237 1928 2293 compro-

357 2310 544 2364 batum
578 2317 678 2364 est.
715 2308 886 2364 Dicite
919 2310 1084 2378 igitur
1105 2351 1119 2374 ,
1151 2325 1249 2365 cur
1276 2310 1446 2365 Deum
1479 2311 1534 2365 in
1593 2310 1825 2367 Nazaret
1849 2312 1931 2366 1³-

355 2407 502 2453 ctum
529 2412 652 2453 esse
678 2398 1036 2465 existimatis;
1081 2399 1226 2470 quod
1254 2415 1444 2455 omnes
1475 2399 1650 2454 solent
1689 2401 1928 2456 haeretici

355 2489 636 2562 praferre?
663 2498 723 2545 ut
754 2490 955 2545 Paulus
990 2489 1394 2548 Samosatensis
1416 2491 1585 2546 Deum
1610 2507 1677 2547 cx
1705 2491 1928 2564 Virgine

355 2583 648 2636 conﬁtetur
680 2600 694 2635 :
727 2581 896 2637 Deum
936 2598 1002 2638 ex
1033 2582 1262 2639 Nazaret
1294 2585 1471 2641 visum
1498 2623 1515 2650 ,
1562 2599 1627 2640 ac
1675 2586 1768 2656 qui
1803 2585 1927 2641 inde

354 2687 480 2727 cum
531 2673 868 2740 exsistendi,
923 2683 1037 2728 tum
1084 2675 1344 2746 regnandi
1399 2675 1613 2731 initium
1667 2677 1920 2734 duxerit:

354 2761 702 2833 Vcrbumque
738 2779 860 2820 esse
887 2781 954 2819 ex
982 2766 1122 2821 caelo
1142 2766 1326 2822 eﬂicax
1349 2809 1362 2834 ,
1393 2767 1446 2822 in
1473 2783 1585 2839 quo
1604 2770 1924 2840 sapientiam

353 2869 476 2910 esse
503 2856 786 2910 conﬁtetur
822 2871 835 2907 :
868 2857 1012 2926 quod
1043 2857 1399 2928 praefinitioue
1423 2861 1642 2930 quidem
1673 2871 1798 2917 ante
1822 2879 1925 2918 sae.

354 2944 475 2998 cula
505 2945 596 3012 sit,
620 2945 935 3000 exsistentia
965 2961 1094 3002 vero
1129 2962 1197 3002 ex
1225 2947 1456 3003 Nazarct
1486 2951 1558 3004 sit
1581 2951 1816 3018 editum;
1867 2961 1925 3007 ut

2027 1855 2056 1907 6
2094 1853 2264 1922 Λόγος
2295 1854 2528 1925 Χριστὸς
2566 1855 2787 1924 γέγονεν
2821 1855 2954 1927 (15),
3001 1854 3189 1909 ἑαυτὸν
3233 1853 3614 1925 καταμερίσας

2028 1947 2108 2009 είς
2139 1945 2339 2016 σαρκὸς
2361 1946 2636 2013 ἐπίδειξιν,
2665 1947 2896 2019 ῆψυχῆς
2928 1946 3182 2017 ὁμοίωσιν
3208 1961 3222 1975 ⁸
3255 1944 3392 2000 ἀλλά
3429 1946 3613 2016 μένων

2025 2038 2056 2092 ὃ
2100 2033 2189 2109 ἦν,
2230 2038 2388 2093 ἔλαϐε
2425 2040 2524 2112 τὴν
2561 2039 2653 2094 τοῦ
2691 2039 2876 2094 δούλου
2918 2038 3151 2109 μορφὴν,
3182 2039 3242 2090 οὑ
3275 2037 3615 2108 λειπομένην

2029 2129 2311 2200 ὑπάρξεως
2337 2131 2435 2202 τῆς
2468 2132 2526 2184 ὲν
2553 2130 2809 2197 ἐπιδείξει
2834 2130 3238 2200 φανερουμένης
3263 2127 3400 2197 (li),
3431 2128 3522 2182 διά
3549 2145 3611 2181 τε

2027 2223 2232 2287 πάθους
2260 2223 2355 2277 καὶ
2399 2224 2748 2286 ἀναστάσεως
2771 2223 2866 2275 καὶ
2915 2222 3096 2292 πάσης
3126 2223 3225 2292 τῆς
3267 2221 3608 2292 οἰκονομίας,

2025 2313 2102 2376 ὡς
2132 2313 2441 2385 γέγραπται
2486 2315 2581 2366 καὶ
2605 2313 2917 2384 δεδήλωται.
2961 2313 3166 2366 Εἴπατε
3222 2314 3423 2375 τοίνυν,
3489 2313 3612 2378 πῶς

2024 2400 2158 2455 Θεὸν
2190 2403 2246 2454 ὲν
2273 2401 2526 2472 Ναζαρὲτ
2554 2401 2878 2472 γεγενῆσθαι
2905 2400 3268 2470 ὑπειλήφατες
3302 2400 3492 2470 ἐπειδὴ
3510 2401 3612 2453 καὶ

2027 2492 2227 2554 πάντες
2259 2491 2521 2562 αἱρετικοὶ
2543 2488 2702 2543 τοῦτο
2724 2490 2901 2557 λέγειν
2931 2485 3202 2551 εἰώθασιν,
3234 2486 3308 2549 ὡς
3340 2485 3553 2549 Παῦλος
3580 2488 3612 2538 6

2025 2585 2375 2654 Σαμοσατεὺς
2415 2582 2526 2653 (15)
2566 2582 2697 2635 Θεὸν
2739 2585 2802 2635 ἐκ
2839 2574 2936 2649 τῆς
2994 2579 3271 2650 Παρθένου
3331 2579 3608 2650 ὁμολογεῖ,

2024 2674 2155 2729 Θεὸν
2185 2676 2248 2727 ἐκ
2285 2674 2538 2744 Ναζαρὲτ
2569 2673 2818 2742 ὀφθέντα,
2865 2676 2958 2728 καὶ
2995 2671 3246 2728 ἐντεῦθεν
3289 2671 3392 2741 τῆς
3427 2673 3612 2742 ὑπάρο

2027 2765 2160 2829 ξεως
2188 2765 2286 2834 τὴν
2319 2763 2490 2835 ἀρχὴν
2512 2763 2804 2833 ἐσχηκότα,
2842 2764 2936 2816 καὶ
2969 2761 3142 2834 ἀρχὴν
3181 2759 3291 2831 (l6)
3323 2759 3612 2830 βασιλείας

2027 2854 2400 2926 παρειληφότα
2423 2870 2436 2883 ·
2473 2853 2646 2920 Λόγον
2677 2853 2733 2906 δὲ
2767 2853 2985 2923 ἐνεργὸν
3013 2852 3074 2916 ἐξ
3102 2849 3352 2922 οὐρανοῦ,
3392 2849 3489 2902 καὶ
3518 2865 3613 2901 σε·

2026 2947 2152 3017 φίαν
2176 2949 2231 3000 ἐν
2254 2947 2402 3018 αὑτῷ
2426 2947 2677 3018 ὁμολογεί
2700 2962 2714 2976 ·
2748 2945 2826 3016 τῷ
2862 2944 2959 3016 μὲν
2987 2944 3304 3016 προορισμῷ
3332 2941 3438 3012 πρὸ
3471 2939 3611 2994 αἰών

354 3033 522 3094 Deus,
561 3033 756 3103 inquit,
789 3050 931 3090 unus
964 3035 1054 3091 ille
1080 3036 1153 3091 sit
1180 3077 1195 3103 ,
1244 3038 1336 3108 qui
1372 3053 1534 3109 super
1565 3040 1748 3094 omnia
1779 3039 1922 3096 Deus

2050 3057 2132 3094 mw
2157 3039 2306 3102 ὄντα,
2332 3041 2397 3109 τῇ
2430 3038 2487 3092 δὲ
2519 3039 2750 3109 ὑπάρξει
2790 3040 2855 3091 ἐκ
2894 3036 3145 3107 Ναζαρὲτ
3177 3033 3569 3105 ἀναδειχθέντα
3591 3051 3607 3064 ·

353 3135 434 3181 est
464 3125 644 3181 Pater.
691 3127 838 3182 Talis
863 3136 946 3182 est
972 3129 1134 3200 hujus
1170 3103 1710 3200 impietas-Marcion
1739 3142 1920 3190 autem

2050 3133 2114 3184 να
2138 3124 2218 3193 εἷς
2248 3131 2331 3200 εῐη
2369 3103 2502 3200 (17),
2539 3103 2721 3200 φησὶν,
2744 3131 2774 3182 6
2815 3129 2907 3182 ἐπὶ
2951 3103 3128 3182 πάντα
3167 3127 3296 3190 Θεὸς
3327 3103 3607 3198 όήΠατήρ.

353 3227 409 3273 et
439 3217 798 3284 Manichacus,
830 3217 1019 3274 dicunt
1059 3219 1228 3275 Deum
1262 3222 1318 3276 in
1369 3221 1645 3293 Virginem
1677 3227 1926 3284 advenis-

2050 3222 2263 3294 Γοιαὺτη
2307 3221 2498 3275 τούτου
2548 3225 2581 3293 ἡ
2623 3221 2866 3276 ἀσέϐεια.
2911 3223 3174 3294 Μαρκίων
3205 3221 3261 3274 δὲ
3301 3220 3393 3273 καὶ
3432 3223 3612 3273 Μανι-

356 3324 434 3374 se,
471 3325 536 3365 ac
560 3310 787 3366 intactili
819 3311 980 3366 modo
1009 3313 1309 3382 prodiisse,
1345 3330 1444 3371 nec
1469 3332 1721 3387 capacem
1756 3318 1928 3376 fuisse

354 3401 794 3457 communicandi
846 3417 970 3458 cum
1005 3413 1198 3458 natura
1223 3405 1494 3472 humana,
1545 3407 1598 3462 in
1640 3418 1924 3478 peccatum

356 3493 527 3562 lapsa,
556 3508 620 3548 ac
652 3493 883 3564 principi
907 3494 1163 3563 nequitire
1189 3495 1454 3565 subjecta.
1513 3497 1571 3552 Si
1609 3501 1788 3564 enim,
1827 3502 1923 3569 ait,

354 3586 498 3639 banc
521 3586 855 3657 assumpsit,
881 3594 936 3641 et
971 3587 1200 3658 principi
1234 3589 1490 3658 nequitiae
1515 3592 1763 3650 Christus
1790 3597 1926 3651 sub-

354 3677 504 3732 ditus
533 3678 672 3744 erit,
707 3687 761 3734 et
794 3680 998 3748 peccati
1032 3695 1227 3750 expers
1278 3697 1388 3736 non
1436 3683 1539 3739 erit
1567 3702 1582 3753 ;
1613 3686 1774 3757 752
1829 3690 1926 3745 sed

354 3768 628 3837 propriam
656 3783 874 3823 carnem
907 3770 1244 3836 exhibuisse,
1272 3772 1559 3843 inquiunt,
1589 3791 1656 3830 cx
1684 3793 1836 3845 sese,
1860 3795 1923 3834 ea

353 3874 459 3927 qua
491 3858 647 3914 libuit
665 3858 1040 3926 similitudine,
1063 3877 1132 3916 ex
1154 3864 1294 3918 calo
1327 3865 1535 3921 scilicet
1562 3868 1804 3923 exhibita
1821 3909 1839 3936 ,
1870 3879 1926 3926 et

289 3984 294 3994 ι
355 3951 412 4005 in
455 3951 653 4006 caelum
698 3966 965 4022 regressa,
1009 3953 1228 4008 demum
1263 3970 1382 4025 quae
1411 3965 1517 4011 tota
1547 3959 1619 4013 sit
1647 3959 1920 4017 divinitas.

355 4040 675 4099 Valentinus
693 4051 899 4110 contra,
920 4059 1144 4100 carnem
1159 4045 1377 4102 deitatis
1403 4058 1609 4119 partem
1629 4065 1750 4107 esse
1775 4068 1924 4108 com-

353 4143 592 4199 mentus,
621 4133 934 4204 passionem
955 4132 1206 4192 Trinitati
1228 4153 1576 4195 communem
1599 4139 1768 4198 fuisse
1793 4157 1926 4199 con-

355 4226 543 4281 tendit.
579 4227 740 4284 Arius
767 4242 898 4282 vero
925 4243 1148 4284 carnem
1180 4230 1372 4296 solam,
1407 4231 1474 4286 ad
1506 4232 1922 4291 occultationem

353 4317 657 4373 divinitatis
693 4315 1021 4386 conﬁtetur;
1051 4319 1172 4376 vice
1205 4331 1388 4377 autem
1430 4323 1707 4380 interioris
1752 4326 1920 4381 nostri

2025 3316 2196 3385 χαῖος,
2245 3313 2378 3366 Θεὸν
2423 3313 2805 3384 ὲπιδημήσατα
2850 3314 2908 3365 ἐν
2952 3313 3230 3384 Παρθένῳ,
3272 3312 3366 3364 καὶ
3397 3310 3610 3380 ἀθιγῶς

2027 3404 2140 3476 (18)
2179 3403 2602 3476 προεληλυθότα,
2648 3405 2743 3457 καὶ
2777 3403 3139 3466 ἀνεπιδέκτως
3183 3403 3373 3473 ἔχοντα
3415 3421 3610 3458 κοινω-

2025 3498 2183 3566 νῆσαι
2217 3495 2376 3566 φύσει
2409 3496 2744 3566 ἀνθρωπίνῃ,
2774 3498 2839 3566 τῇ
2876 3497 3302 3566 ὑποπεπτωκυίᾳ
3333 3497 3398 3565 τῇ
3424 3497 3610 3566 ἀμαρ-

2024 3589 2116 3658 τίᾳ
2149 3589 2282 3658 (l9),
2316 3587 2410 3640 καὶ
2447 3586 2780 3658 ὑποκειμένῃ
2812 3587 2890 3657 τῷ
2919 3588 3134 3659 ἄρχοντι
3161 3587 3259 3656 τῆς
3291 3588 3513 3651 κακίας.
3543 3589 3608 3641 El

2026 3680 2135 3751 γὰρ
2163 3679 2366 3751 ταύτην
2390 3679 2789 3750 προσηγάγετο,
2820 3679 2913 3730 καὶ
2944 3677 3021 3748 τῷ
3041 3677 3259 3750 ἄρχοντι
3281 3677 3378 3747 τῆς
3403 3679 3607 3741 κακίας

2025 3772 2395 3836 ὑποκείσεται,
2437 3772 2532 3824 καὶ
2571 3772 2672 3824 οὑκ
2711 3770 2861 3824 ἔσται
2900 3771 3067 3840 χωρὶς
3097 3769 3369 3839 ἁμαρτίας
3405 3771 3436 3821 6
3468 3769 3610 3839 Χρι-

2025 3864 2182 3927 στός·
2220 3863 2334 3917 ἀλλ’
2376 3862 2510 3917 ἰδίαν
2556 3862 2669 3934 (20)
2701 3862 2878 3930 σάρκα
2923 3861 3279 3932 ἐπιδεδεῖχθαι
3311 3860 3372 3926 ἐξ
3402 3862 3604 3916 ἑαυτοῦ

2024 3951 2146 4007 καθ’
2175 3951 2455 4021 ὁμοίωσιν,
2486 3951 2562 4016 ὡς
2582 3952 2842 4024 ἠθέλησεν
2864 3951 2924 4017 ἐξ
2946 3951 3176 4024 οὐρανοῦ
3201 3951 3480 4020 ὀφθεῖσαν.
3506 3953 3606 4006 καὶ

2023 4047 2104 4109 εἰς
2151 4044 2411 4116 οὐρανοὺς
2448 4045 2797 4114 χωρήσασαν,
2842 4045 2936 4098 καὶ
2975 4043 3202 4113 θεότητα
3240 4043 3369 4115 ὃλην
3410 4040 3601 4098 οὖσαν.

2023 4135 2371 4199 Οὐαλεντϊνος
2408 4134 2466 4188 δὲ
2510 4135 2670 4190 πάλιν
2716 4134 2892 4191 κοινὸν
2935 4135 3033 4206 τῆς
3066 4135 3292 4207 Τριάδος
3330 4136 3390 4190 τὸ
3428 4136 3606 4202 πάθος

2022 4226 2194 4297 λέγει,
2222 4227 2321 4298 τῆς
2349 4226 2598 4296 θεότητος
2630 4226 2794 4300 μέρος
2834 4227 2933 4300 τὴν
2962 4228 3138 4300 σάρκα
3173 4227 3602 4298 φανταζόμενος.

2026 4319 2245 4390 Ἄρειος
2275 4317 2333 4370 δὲ
2366 4317 2545 4390 σάρκα
2574 4317 2742 4390 μόνην
2767 4318 2903 4390 πρὸς
2929 4318 3256 4389 ἀποκρυφὴν
3279 4317 3378 4389 τῆς
3411 4317 3606 4390 056:1;-

354 4408 614 4475 boniinis,
641 4407 696 4462 id
721 4415 806 4462 est
841 4409 1058 4473 animas,
1090 4409 1328 4466 Verbum
1378 4413 1457 4468 ait
1489 4413 1543 4468 in
1566 4429 1731 4471 carne
1757 4419 1922 4474 exsti-

2050 4426 2114 4472 τος
2145 4407 2398 4479 ὁμολογεί
2417 4425 2431 4438 ι
2461 4408 2584 4462 ἀντὶ
2609 4409 2668 4461 δὲ
2711 4408 2806 4463 τοῦ
2844 4409 3044 4465 ἔσωθεν
3076 4413 3134 4464 ὲν
3156 4413 3286 4482 ἡμῖν
3313 4410 3601 4483 ἀνθρώπου

355 4502 521 4568 tisse;
553 4501 862 4571 passionem
898 4511 953 4557 et
985 4502 1054 4558 ab
1079 4503 1268 4560 inferis
1295 4507 1749 4564 resurrectionem
1781 4509 1920 4564 divi-

429 4667 540 4749 (i_2}
558 4668 748 4752 fab];
767 4669 893 4744 Seg.
923 4682 980 4752 et
1002 4672 1243 4752 Felckm.
1266 4676 1327 4752 _l,
1359 4679 1416 4732 ὲν
1450 4679 1645 4752 ἐαυτῷ.
1674 4680 1840 4752 Editi,
1865 4687 1925 4738 ὲν

354 4737 700 4827 αὑτιῇημοιῌ
714 4737 1021 4827 θοαῖιιοίιιε
1055 4745 1246 4827 babet,_
1265 4737 1353 4827 ἴνα
1383 4737 1773 4827 καίᾴτρεπτρς
1865 4737 1923 4827 ἐν

353 4807 434 4878 τῷ
460 4807 650 4887 πάθει,
675 4825 775 4887 pro
790 4807 930 4887 _quo_
946 4815 1210 4884 interpres
1223 4807 1424 4885 legisse
1446 4807 1677 4887 videtur,
1713 4807 1922 4878 ἵναἝιαὶ

353 4878 1013 4960 ερεπτές...1ιέι[)ει“ειιίιιξ,
1039 4878 1409 4960 ςόιιυεηὶιῆιὶε,
1447 4897 1502 4960 et
1546 4878 1765 4960 quidem
1807 4909 1924 4948 me-

357 4947 496 5023 lius.
516 4947 682 5023 Editj,
715 4950 802 5023 ἵνα
837 4952 929 5004 καὶ
972 4951 1276 5023 ἄνθρωπος,
1305 4947 1410 5010 etc.
1450 4947 1582 5013 Mei
1604 4947 1920 5018 Goblcrian.

353 5015 595 5102 Εειςιῳι.
619 5017 652 5102 -ι
686 5029 740 5102 et
768 5021 892 5102 seg.
925 5015 1145 5102 habent,
1174 5015 1274 5102 κοίις
1295 5025 1560 5092 ἀθάνατος
1586 5029 1662 5084 ὣν
1699 5025 1734 5102 ᾗ
1768 5015 1920 5096 ea;

347 5084 466 5140 Nos
512 5088 567 5140 in
616 5099 764 5170 tanta
815 5084 1424 5170 léctioriuunvarietate
1464 5084 1922 5156 veteremulectio-r

354 5170 481 5238 nem
527 5164 702 5238 secuti
750 5175 960 5238 sumus,
991 5164 1192 5234 quippe
1236 5181 1357 5238 qua:
1386 5177 1441 5222 et
1471 5184 1711 5238 congrua
1738 5171 1925 5226 videa-

299 5295 304 5302 ν
353 5236 466 5304 ιρις,
494 5237 552 5304 et
567 5232 928 5304 quorunulam
961 5248 1092 5304 mss.
1117 5232 1438 5291 auctoritate
1464 5232 1728 5293 iirm'etur.
1761 5241 1919 5304 lbid.,

513 5296 668 5376 Gobl.
696 5297 1027 5376 et‘Felthm.“
1052 5303 1100 5367 1,
1134 5305 1232 5357 Διά
1261 5306 1418 5359 τοῦτο
1461 5308 1572 5360 καί.
1613 5307 1775 5376 Editi,
1824 5296 1928 5368 Διᾶ

353 5368 644 5446 τοῦτο-γάρ
675 5368 789 5446 καί,
818 5369 962 5446 Infra
995 5371 1142 5446 Segr
1178 5377 1467 5446 γινομένης
1490 5394 1502 5407 ·
1535 5377 1690 5432 ἀλλά.

427 5436 538 5558 (15)
582 5436 732 5508 Seg.,
761 5441 790 5492 6
819 5439 987 5506 Λόγος
1028 5436 1123 5494 τοῦ
1165 5436 1312 5497 Θεοῦ
1342 5436 1580 5516 γέγονεν.
1620 5447 1834 5504 Goblcr.
1870 5458 1925 5505 ct

357 5501 430 5557 Fe
453 5505 614 5580 clem;
625 5508 676 5570 1,
703 5511 731 5561 6
761 5510 930 5580 Λόγος
955 5513 1197 5580 γέγονεν,
1226 5516 1384 5570 male.

357 5575 548 5698 δι
583 5575 806 5647 διξευετ.
848 5575 1001 5634 Gabi.
1035 5575 1103 5636 ἐι
1149 5581 1387 5640 Fclckm.
1425 5587 1478 5653 1,
1519 5586 1922 5661 θεωρουμένης,

2023 4497 2156 4571 (21),
2177 4497 2420 4554 τουτέστι
2447 4497 2547 4568 τῆς
2567 4497 2783 4571 ψυχῆς,
2812 4499 2903 4554 τὸν
2936 4501 3108 4570 Λόγον
3134 4502 3194 4554 ἐν
3219 4503 3286 4572 τῇ
3317 4502 3481 4574 σαρκὶ
3511 4501 3598 4555 λέ-

2094 4693 2208 4765 (15)
2246 4692 2399 4765 βεεν»
2427 4694 2574 4765 ό-έτῆς
2605 4695 2988 4765 Σαμρσατέωνο

2121 4763 2207 4837 ig)
2245 4761 2412 4837 ljasil.
2431 4761 2598 4837 _Gobl.
2621 4761 3014 4837 etf'elcka,
3042 4764 3236 4837 miti);
3257 4765 3454 4837 ἀρχήν.

2126 4833 2211 4906 17)
2235 4831 2406 4906 βοθ,
2431 4833 2520 4906 ἵνα
2547 4833 2677 4906 Θεὸς
2705 4830 2771 4906 ᾖι
2789 4835 2972 4904 φησὶν,
3005 4837 3042 4906 6r
3073 4836 3166 4888 ἐπὶ
3197 4830 3399 4890 uesica:
3435 4835 3600 4890 Gobl.

2024 4910 2080 4958 et
2110 4901 2346 4977 Felclgttl.
2385 4902 2438 4967 1,
2465 4904 2552 4977 ἵνα
2576 4901 2780 4977 βεὸξῇ
2798 4901 2827 4957 6
2853 4901 2948 4977 επὶ
2974 4905 3182 4977 πάντα..
3282 4909 3288 4918 ”

2101 4972 2213 5044 (18)
2255 4971 2404 5041 Seg.,
2436 4974 2539 5044 acati.
2566 4972 2698 5025 Θεὸν
2724 4971 2947 5042 άθιτῶς.
2981 4976 3038 5028 ln
3085 4975 3275 5030 eodem
3320 4973 3466 5030 infra
3504 4975 3603 5030 καί

2023 5039 2202 5103 deest,
2225 5039 2351 5096 ante
2377 5041 2554 5095 πάντα
2581 5039 2969 5108 ἀνεπιδέκτως.

2095 5110 2207 5179 (19)
2250 5109 2399 5186 Seg.,
2425 5113 2859 5186 ὑποπεπτωκυίᾳ
2881 5114 3131 5186 ἁμαρτίᾳ
3159 5115 3258 5185 τῆς
3277 5115 3478 5186 κακίας
3507 5117 3604 5169 καὶ

2023 5180 2404 5256 ὑποκειμένῃ.-
2423 5181 2549 5256 Seg.
2581 5194 2633 5236 et
2661 5180 2844 5256 Gobl.,
2869 5180 3390 5256 ὑποπεπτωκυίᾳ”τῇ
3423 5187 3604 5256 ἁμαρ-

2025 5249 2118 5326 τία
2148 5249 2247 5319 τῆς
2273 5249 2879 5326 κακίαςίὺποκειμένῃ.
2908 5253 3026 5309 Mox
3061 5253 3182 5322 Seg.
3228 5249 3603 5324 βὸςῖωῦτῆν

2027 5320 2206 5390 habet,
2238 5321 2390 5390 φησί.
2423 5321 2591 5374 Paulo
2621 5320 2760 5389 post,
2790 5320 2983 5388 essm,
3019 5326 3112 5378 καὶ
3138 5320 3243 5378 ὀὐκ
3270 5325 3406 5377 ἔστι.

2091 5388 2210 5462 120)
2257 5388 2332 5442 Ita
2364 5390 2488 5462 δεῖς.
2519 5388 2673 5446 Gobl.
2701 5404 2754 5446 et
2783 5393 3016 5447 Felckm.
3057 5398 3102 5456 i,
3130 5406 3270 5462 quos
3293 5396 3597 5461 sequimur.

2028 5455 2356 5546 Editivero,
2387 5455 2500 5514 ἀλλ’
2537 5463 2748 5532 ὁμοίαν.
2774 5462 2896 5517 Mox
2925 5455 3098 5520 iidem
3121 5455 3506 5535 manuscripti,
3541 5464 3605 5529 ἐξ

2028 5544 2193 5581 αυτου
2204 5566 2214 5578 .

2029 5595 2473 5718 θοξξὲέυξοειιετ.
2511 5599 2822 5657 Goblerian.
2855 5613 2909 5659 et
2953 5602 3189 5660 Felckm.
3227 5603 3280 5672 1,
3315 5604 3473 5675 ἡμῶν
3507 5605 3605 5657 ἁν-

2067 5681 2278 5738 ρωποι).⁴
