3810 6228
225 267 372 321 1141

1079 293 1088 300 ι
1135 271 1413 330 CONTRA
1449 274 1972 333 APOLLINARIUM
2007 281 2212 339 LIBER
2255 277 2639 346 SECUNDUS.

3339 285 3486 347 1112

220 383 501 449 τοιούτοις
529 387 826 458 λογισμοῖς,
860 393 988 463 πρὶν
1026 393 1058 461 ἦ
1086 395 1410 469 παρακούσῃ
1435 397 1536 466 τῆς
1559 397 1651 450 τοῦ
1676 399 1810 452 Θεοῦ

1913 402 2331 472 cogitationibus
2359 406 2632 470 obnoxius
2663 406 2767 464 fuit
2789 450 2804 476 ,
2833 405 2931 480 qui
2956 409 3070 466 ﬁeri
3093 411 3267 483 potuit
3299 417 3358 466 ut
3380 411 3480 468 b0-

220 478 477 547 ἐντολῆς,
513 479 604 532 καὶ
638 481 754 544 πῶς
793 485 893 536 οὐκ
931 483 1192 552 ἐγίνωσκε
1231 487 1394 540 καλὸν
1419 488 1514 540 καὶ
1542 491 1809 560 πονηρόνς

217 568 452 638 λογικὸς
483 571 580 642 μὲν
602 571 676 625 ὣν
695 572 792 646 τὴν
818 574 997 644 φύσιν,
1028 575 1304 648 ἐλεύθερος
1326 578 1383 632 δὲ
1408 579 1499 633 τὸν
1532 580 1808 652 λογισμὸν,

221 662 432 731 πεῖραν
463 663 633 717 κακοῦ
665 665 764 718 οὐκ
794 664 965 730 εἰδὼς,
1023 667 1179 737 μόνον
1215 668 1270 721 δὲ
1316 669 1377 721 τὸ
1438 670 1601 724 καλὸν
1648 671 1810 740 γινώ-

225 769 404 816 σκων,
447 755 541 808 καὶ
585 755 774 828 ὥσπερ
820 775 902 820 τις
945 758 1273 830 μονότροπος
1309 760 1412 812 ὢν·
1458 761 1811 832 παρακούσας

220 846 285 898 δέ
323 847 426 916 τῆς
463 848 682 919 ἐντολῆς
711 848 803 902 τοῦ
843 850 998 912 Θεοῦ,
1035 852 1400 905 ὑποπέπτωκε
1427 855 1538 916 τοῖς
1563 854 1810 926 ἁμαρτη-

222 941 410 1002 τικοῖς
449 939 724 1010 λογισμοῖς
756 940 865 1011 (41)
883 957 896 970 ·
941 943 1002 994 ού
1030 940 1124 994 τοῦ
1151 941 1284 995 Θεοῦ
1311 942 1809 1017 δημιουργήσαντος

224 1031 362 1094 τοὺς
389 1032 884 1102 αίχμαλωτίξοντας
918 1033 1228 1104 λογισμοὺς,
1273 1035 1410 1090 ἀλλά
1435 1037 1529 1090 τοῦ
1562 1039 1808 1092 διαϐόλου

227 1122 294 1188 ἐξ
315 1123 534 1193 ἀπάτης
567 1125 982 1196 ἐπισπείραντος
1005 1129 1071 1197 τῇ
1099 1127 1286 1199 λογικῇ
1313 1115 1469 1196 φύσει
1492 1127 1585 1182 τοῦ
1609 1129 1811 1199 ἀνθρώ-
1852 1161 1856 1165 -

225 1233 361 1280 που,
393 1217 451 1270 ἐν
479 1217 784 1290 παραϐάσει
807 1219 1094 1291 γενομένῃ,
1127 1221 1220 1272 καὶ
1242 1220 1554 1292 ἀπωσθείσῃ
1581 1222 1687 1274 ἀπὸ
1714 1221 1806 1274 τοῦ

223 1308 402 1361 Θεοῦ·
436 1308 576 1362 ὥστε
612 1310 704 1363 τὸν
741 1309 982 1363 διάϐολον
1013 1311 1106 1364 καὶ
1149 1311 1311 1382 νόμον
1340 1313 1610 1383 ἁμαρτίας
1638 1330 1805 1366 κατα-

228 1400 538 1470 στήσασθαι
579 1402 636 1454 ἐν
674 1404 739 1472 τῇ
777 1401 933 1470 φύσει
973 1401 1068 1454 τοῦ
1104 1401 1411 1474 ἀνθρώπου,
1453 1404 1545 1456 καὶ
1581 1403 1808 1458 θάνατον

228 1491 585 1561 βασιλεύοντα
617 1491 704 1544 διὰ
741 1493 834 1544 τοῦ
859 1493 1018 1562 ἔργου
1051 1493 1155 1562 τῆς
1189 1495 1480 1565 ἁμαρτίας.
1515 1494 1614 1547 Διά
1650 1495 1808 1548 τοῦτο

221 1579 326 1636 οὗν
358 1579 519 1655 ἦλθεν
561 1586 590 1637 ό
629 1585 757 1648 Υἱὸς
800 1584 892 1637 106
939 1583 1094 1648 Θεοῦ,
1139 1585 1226 1637 ἴνα
1267 1585 1405 1657 λύσῃ
1453 1585 1520 1639 τὰ
1559 1587 1693 1656 ἔργα
1712 1587 1804 1640 τοῦ

222 1675 503 1730 διαϐόλου.
567 1675 728 1728 Ἀλλὰ
786 1675 1006 1744 λέγετεο
1066 1676 1260 1730 Ἐλυσε
1328 1678 1402 1749 μὴ
1461 1680 1800 1751 ἁμαρτήσας.

238 1766 383 1818 Ἀλλ’
415 1767 514 1820 οὐκ
557 1767 702 1820 ἔστιν
732 1766 868 1836 αὕτη
907 1767 1059 1832 λύσις
1105 1769 1204 1840 τῆς
1243 1770 1532 1842 ἁμαρτίας.
1565 1773 1638 1825 Θύ
1695 1773 1802 1843 (42)

224 1856 342 1925 γὰρ
396 1857 453 1908 ἐν
491 1856 685 1927 ἐκείνῳ
734 1856 969 1926 ἀρχῆθεν
1013 1858 1304 1928 εἰργάσατο
1353 1862 1381 1913 ό
1417 1859 1658 1924 διάϐολος
1705 1862 1805 1933 τὴν

224 1947 526 2019 ἁμαρτίαν,
557 1947 662 2011 ἵνα,
694 1947 951 2026 ,ἐλθόντος
997 1949 1160 2002 αὐτοῦ
1191 1952 1269 2013 είς
1306 1949 1394 2004 τὸν
1444 1953 1664 2023 κόσμον,
1713 1953 1805 2006 καὶ

229 2042 309 2111 μὴ
344 2042 780 2112 ἁμαρτήσαντος,
809 2041 943 2112 λυθῇ
974 2044 1005 2112 ἡ
1039 2043 1306 2114 ἁμαρτίαο
1337 2043 1450 2096 ἀλλ’
1481 2046 1536 2097 ἐν
1567 2048 1632 2115 τῇ
1663 2044 1805 2114 λογι-

223 2135 298 2203 κῇ
333 2132 426 2185 καὶ
451 2133 613 2204 νοερᾷ
641 2133 799 2202 φύσει
825 2131 916 2185 τοῦ
945 2131 1230 2204 ἀνθρώπου
1272 2134 1594 2205 ἐπισπείρας
1616 2135 1801 2205 εἰργάσ-

227 2242 364 2278 σατο
387 2223 497 2297 (45)
525 2224 769 2289 διάϐολος
818 2225 915 2297 τὴν
954 2227 1242 2296 ἁμαρτίαν.
1298 2227 1396 2280 Διὰ
1424 2231 1580 2281 τοῦτο
1612 2228 1804 2282 ἀδύνα-

224 2335 320 2370 τον
343 2317 531 2386 γέγονε
558 2319 622 2388 τῇ
652 2317 830 2386 φύσει,
855 2317 1044 2389 λογικῇ
1074 2317 1208 2391 ούσῃ
1231 2321 1324 2372 καὶ
1351 2321 1610 2385 ἑκουσίως
1631 2323 1804 2393 ἁμαρ-

225 2411 463 2481 τησάσῃ,
495 2409 587 2464 καὶ
622 2410 725 2462 ὑπὸ
757 2409 1054 2480 καταδίκην
1097 2409 1322 2464 θανάτου
1353 2413 1642 2483 γενομένῃ,
1672 2413 1802 2465 ἐαυ-

223 2501 326 2569 τὴν
358 2498 788 2552 ἀνακαλέσασθαι
825 2501 904 2562 είς
935 2499 1266 2572 ἐλευθερίαν,
1302 2499 1376 2564 ὣς
1397 2518 1559 2571 φησιν
1586 2504 1614 2555 ό
1647 2503 1803 2556 ’Λπό-

229 2591 419 2654 στολος
437 2606 452 2622 ο
487 2590 558 2644 Τὸ
593 2590 701 2660 γὰρ
720 2589 1018 2644 ἀδύνατον
1051 2591 1156 2646 τοῦ
1177 2593 1384 2661 νόμου,
1411 2593 1480 2646 ἐν
1497 2585 1545 2658 ᾧ
1563 2592 1802 2662 ἠσθένει

227 2684 331 2738 διὰ
366 2682 476 2751 τῆς
517 2685 764 2752 σαρκός.
796 2683 894 2736 Διὰ
935 2684 1090 2738 τοῦτο
1128 2685 1192 2738 δι’
1229 2685 1423 2740 ἐαυτοῦ
1454 2681 1613 2757 ἦλθεν
1642 2687 1750 2757 (44)
1774 2690 1802 2742 6

228 2778 360 2840 Υἱὸς
389 2777 484 2830 τοῦ
516 2776 650 2829 θεοῦ
681 2775 882 2846 ταύτην
917 2778 974 2829 ὲν
1009 2780 1076 2848 τῇ
1126 2777 1230 2849 ίδίᾳ
1262 2779 1419 2848 φύσει
1459 2781 1802 2850 καταστήσα-

228 2871 357 2924 σθαι
409 2872 472 2923 ἐκ
514 2870 638 2934 νέας
679 2869 855 2941 ἀρχῆς
889 2869 984 2922 καὶ
1026 2870 1291 2938 γενέσεως
1334 2871 1680 2942 θαυμαστῆςο
1737 2871 1800 2924 οὐ

226 2963 329 3034 τὴν
359 2962 594 3032 ἀρχῆθεν
646 2961 903 3016 σύστασιν
951 2963 1341 3034 καταμερίσας,
1373 2963 1509 3018 ἀλλὰ
1544 2963 1642 3035 τήν
1677 2963 1804 3017 ἐπι·

1915 510 2044 547 num
2071 505 2126 550 et
2149 497 2350 551 malum
2376 513 2485 553 non
2514 503 2906 570 mgnosceret?
2955 502 3114 560 Certe
3147 513 3341 560 natura
3363 505 3482 575 qui-

1912 584 2033 639 dem
2058 586 2359 655 rationalis,
2383 590 2712 659 cogitatione
2733 607 2861 648 vero
2882 592 3038 660 liber,
3057 595 3183 650 mali
3204 598 3484 664 experien-

1913 676 2042 730 tiam
2074 691 2178 730 non
2211 678 2474 746 habebat,
2505 682 2785 752 soliusque
2811 684 2938 739 boni
2973 686 3164 741 notitia
3195 686 3476 757 praeditus,

1911 767 2068 835 quasi
2091 769 2247 822 unius
2269 771 2490 829 moris“
2512 782 2649 827 erat.
2677 771 2971 844 Postquam
2997 785 3178 832 autem
3202 776 3299 834 Dei
3320 793 3477 834 man-

1909 857 2094 911 datum
2127 868 2500 930 transgressus
2532 871 2647 931 est,
2675 863 2730 918 in
2755 865 2981 922 vitiosas
3008 868 3194 938 lapsus
3219 877 3303 925 est
3327 869 3476 940 cogi-

1909 947 2141 1004 tationes
2173 968 2186 1003 :
2216 965 2326 1004 non
2352 953 2495 1022 quod
2522 952 2664 1010 Deus
2696 955 2816 1012 illas
2842 957 3198 1028 cogitationes
3231 975 3353 1030 qua:
3371 975 3475 1018 nos

1909 1037 1964 1092 in
1992 1040 2358 1109 captivitatem
2393 1044 2645 1114 redigunt
2679 1047 2984 1103 condiderit
3003 1089 3020 1114 ,
3051 1051 3145 1107 sed
3177 1055 3323 1122 quod
3350 1041 3476 1110 dia:

1909 1129 2068 1186 bolus
2100 1130 2289 1187 fraude
2311 1132 2433 1190 illas
2476 1135 2532 1189 in
2561 1136 2811 1192 rationali
2847 1140 3129 1196 hominum
3161 1151 3378 1212 natura,
3412 1145 3471 1201 in
3511 1186 3520 1192 -

1909 1221 2352 1288 praevaricatione
2380 1223 2676 1279 constituta
2698 1265 2713 1290 ,
2735 1234 2789 1280 et
2814 1241 2846 1282 a
2871 1227 2983 1282 Deo
3010 1230 3235 1300 expulsa
3251 1273 3265 1298 ,
3313 1234 3471 1303 quasi

1909 1310 2144 1364 alienum
2194 1326 2378 1366 semen
2426 1313 2734 1381 induxerit;
2789 1315 2863 1370 ita
2905 1325 2965 1370 ut
3008 1317 3260 1376 diabolus
3297 1321 3468 1392 legem

1906 1399 2114 1466 peccati
2137 1399 2189 1452 in
2216 1410 2411 1454 natura
2440 1402 2680 1457 hominis
2701 1404 3062 1474 constituerit,
3087 1422 3301 1478 unaque
3322 1425 3471 1466 mor-

1909 1499 2013 1545 tem
2039 1505 2160 1559 quaa
2185 1507 2279 1561 per
2308 1507 2446 1562 opus
2482 1494 2689 1563 peccati
2721 1495 2775 1549 in
2805 1495 2896 1550 illa
2942 1497 3286 1554 dominatum
3316 1515 3472 1557 exer—

1907 1594 2044 1640 ceat.
2073 1585 2340 1650 Quocirca
2357 1590 2505 1644 venit
2527 1589 2698 1646 Filius
2724 1590 2850 1657 Dei,
2885 1599 2945 1646 ut
2971 1595 3148 1650 solvat
3173 1612 3332 1668 opera
3361 1597 3489 1654 diam

1906 1676 2036 1732 boli.
2071 1677 2176 1733 Sed
2203 1679 2448 1747 instatis,
2487 1681 2606 1736 Jam
2633 1683 2815 1749 solvit,
2850 1699 2976 1741 cum
3015 1702 3123 1744 non
3145 1691 3468 1758 peccaverit.

1908 1768 1978 1822 At
1999 1784 2342 1840 nequaquam
2377 1780 2461 1826 est
2502 1772 2634 1828 illud
2665 1784 2946 1844 peccatum
2997 1779 3228 1837 solvere.
3283 1780 3479 1854 Neque

1905 1861 2048 1914 enim
2076 1861 2144 1916 ab
2168 1863 2323 1916 initio
2348 1872 2629 1932 peccatum
2660 1867 2716 1920 in
2745 1868 2839 1922 illo
2864 1878 3118 1940 operatus
3154 1881 3240 1929 est
3274 1874 3468 1931 diabo-

1904 1951 2024 2007 lus:
2071 1961 2130 2008 ut
2165 1955 2418 2012 veniente
2456 1956 2638 2013 Verbo
2664 1959 2722 2014 in
2767 1962 3062 2031 mundum,
3113 1973 3168 2020 et
3193 1981 3304 2022 non
3337 1984 3467 2039 pec-

1901 2057 2093 2109 cante,
2124 2047 2429 2104 solveretur
2460 2060 2773 2121 peccatum;
2803 2055 2896 2110 sed
2923 2055 2978 2110 in
3015 2057 3267 2114 rationali
3291 2069 3348 2116 et
3383 2062 3469 2117 in-

1900 2136 2191 2193 tellectuali
2221 2150 2413 2196 natura
2454 2143 2689 2210 hominis
2715 2160 2812 2216 per
2834 2147 3114 2204 inductum
3140 2165 3324 2207 semen
3351 2152 3469 2208 dia-

1899 2227 2062 2284 bolus
2091 2241 2371 2298 peccatum
2422 2245 2506 2289 est
2546 2245 2822 2304 operatus.
2857 2236 3196 2310 Quapropter
3222 2241 3471 2313 impossi-

1901 2319 2008 2375 bile
2028 2319 2130 2376 fuit
2149 2333 2358 2379 natura:
2375 2327 2652 2393 rationali,
2669 2343 2790 2397 quae
2811 2344 2908 2385 sua
2925 2339 3114 2400 sponte
3127 2343 3465 2402 peccaverat,

1902 2424 1968 2464 ac
2004 2412 2194 2466 mortis
2219 2412 2555 2470 damnationi
2587 2417 2832 2488 subjecta
2860 2426 3012 2485 erat,
3045 2433 3165 2475 sese
3212 2420 3267 2476 in
3298 2421 3465 2478 liber-

1902 2508 2066 2556 tatem
2099 2517 2372 2569 revocare,
2411 2515 2474 2560 ut
2507 2507 2669 2580 754
2694 2509 2770 2563 ait
2803 2510 3114 2581 Apostolus,
3155 2511 3295 2567 Nam
3325 2515 3464 2584 quod

1900 2588 2220 2658 impossibile
2234 2602 2348 2646 erat
2364 2593 2484 2665 legi,
2497 2595 2552 2650 in
2573 2613 2673 2666 quo
2692 2598 3060 2667 inﬁrmabatur
3067 2617 3160 2672 per
3173 2619 3382 2658 carnem
3393 2605 3462 2659 θ’.

1900 2679 2244 2752 QuaprOpter
2278 2686 2424 2740 venit
2449 2687 2564 2756 ipse
2597 2687 2692 2743 Dei
2720 2688 2921 2758 Filius,
2948 2701 3008 2748 ut
3031 2707 3150 2747 eam
3175 2694 3231 2748 in
3267 2702 3464 2750 natura

1902 2787 2032 2842 sua,
2069 2791 2162 2845 per
2189 2791 2384 2832 novam
2414 2779 2678 2849 originem
2722 2790 2778 2837 et
2828 2783 3131 2840 mirabilem
3161 2787 3468 2857 generatio-

1900 2877 2026 2918 nem
2063 2873 2412 2921 restauraret.
2439 2866 2554 2922 Non
2589 2883 2700 2938 quo
2720 2885 2864 2936 eam,
2899 2887 3020 2941 quae
3051 2872 3120 2927 ab
3142 2872 3299 2929 initio
3321 2872 3464 2930 facta

1901 2963 2047 3021 erat,
2076 2957 2521 3016 constitutionem
2544 2959 2846 3030 divideret;
2876 2965 2970 3020 sed
3003 2979 3113 3035 quo
3145 2969 3465 3037 supersemio

226 3054 568 3122 σπαρεῖσαν
595 3054 848 3126 ἀθέτησιν
867 3055 1156 3126 ἀθετήσας,
1189 3055 1265 3120 ὡς
1313 3061 1578 3130 μαρτυρεῖ
1612 3059 1640 3111 ὁ
1670 3073 1804 3128 προ-

1904 3057 2086 3102 natam
2105 3049 2153 3080 ”
2183 3050 2590 3122 abrogationem
2617 3053 2941 3125 abrogaret;
2984 3064 3045 3110 ut
3069 3065 3299 3114 testatur
3333 3074 3465 3130 pro-

229 3147 428 3216 φήτης,
460 3146 661 3214 λέγων’
698 3147 840 3214 Πρὶν
878 3147 916 3215 ἢ
956 3147 1172 3217 γνῶναι
1203 3147 1270 3201 τὸ
1314 3148 1555 3202 παιδίον
1581 3137 1826 3217 ἀταθὸνί

229 3238 268 3303 ἢ
310 3237 497 3291 κακόν
533 3238 669 3311 (45),
708 3238 942 3295 ἀπειθεῖ
983 3240 1240 3308 πονηρίᾳ
1283 3240 1388 3294 τοῦ
1441 3240 1801 3306 ἐκλέξασθαι

227 3329 301 3381 τὸ
357 3329 599 3399 ἀγαθόν.
632 3331 696 3383 Εί
749 3329 805 3383 δὲ
856 3330 930 3401 μὴ
987 3331 1046 3382 ἐν
1099 3333 1164 3402 τῇ
1194 3331 1559 3404 ἁμαρτησάσῃ
1586 3333 1797 3405 φύσειή

228 3421 615 3491 ἀναμαρτησία
640 3420 816 3494 ὤφθη,
849 3421 966 3486 πῶς
993 3423 1286 3495 κατεκρίθη
1327 3426 1360 3494 ή
1384 3423 1622 3495 ἁμαρτία
1651 3427 1710 3478 ἐν
1733 3427 1799 3496 τῇ

231 3513 419 3583 σαρκὶ,
453 3513 590 3583 μήτε
609 3512 709 3582 τῆς
740 3513 940 3584 σαρκὸς
964 3512 1024 3566 τὸ
1053 3513 1353 3584 πρακτικὸν
1379 3513 1626 3584 ἐχούσης,
1665 3516 1800 3586 μήτε

227 3605 330 3672 τῆς
357 3601 608 3673 θεότητος
655 3604 927 3674 ἁμαρτίαν
959 3603 1070 3673 (46)
1117 3603 1535 3676 γινωσκούσης;·
1575 3604 1698 3669 Πῶς
1742 3605 1801 3659 δὲ

228 3698 258 3748 ὁ
299 3693 614 3757 Ἀπόστολος
644 3694 790 3763 λέγει
814 3711 827 3725 ο
853 3695 1044 3749 Ὅπου
1067 3695 1438 3750 ἐπλεόνασεν
1465 3699 1503 3764 ὴ
1528 3697 1798 3766 ἁμαρτία,

229 3785 822 3854 ὑπερεπερίσσευσεν
854 3785 892 3854 ἡ
930 3784 1138 3854 χάρις;
1169 3785 1230 3837 οὐ
1261 3784 1423 3838 τόπον
1465 3785 1798 3856 διαγράφων,

232 3876 371 3930 ἀλλὰ
400 3876 560 3944 φύσιν
603 3877 1018 3946 ὑποτιθέμενοςο
1065 3877 1210 3938 Ἵνα,
1253 3875 1474 3945 ὥσπερ,
1523 3880 1678 3948 φησὶ,
1715 3878 1822 3932 δι”

229 3968 371 4033 ἐνὸς
398 3967 709 4036 ἀνθρώπου
764 3967 802 4034 ἡ
845 3967 1096 4036 ἁμαρτία
1140 3966 1425 4034 εἰσῆλθεν
1451 3971 1538 4034 είς
1564 3968 1670 4022 τὸν
1703 3971 1801 4024 κό-

229 4074 408 4127 σμον,
438 4059 532 4113 καὶ
563 4059 660 4112 διὰ
691 4057 802 4127 τῆς
825 4059 1110 4128 ἁμαρτίας
1136 4061 1169 4111 ὀ
1210 4056 1497 4125 θάνατος,
1518 4058 1817 4113 οὕτωκαὶ-

228 4151 303 4204 δι’
326 4150 464 4216 ἐνὸς
503 4150 814 4218 ἀνθρώπου
849 4149 1042 4218 Ἰησοῦ
1069 4150 1324 4218 Χριστοῦ
1363 4153 1401 4219 ἡ
1438 4149 1607 4220 χάρις
1622 4153 1803 4217 βασι-

228 4245 426 4310 ,Ιεύσῃ
454 4241 551 4296 διὰ
575 4225 983 4309 ’δικαιοσύνης
1014 4243 1102 4307 είς
1137 4239 1290 4309 ζωὴν
1322 4241 1592 4296 αἰώνιονο
1627 4243 1715 4296 ἴνα
1733 4243 1798 4295 δι’

228 4330 297 4404 ἧς
340 4335 550 4402 φύσεως
582 4335 616 4405 ἡ
656 4335 1004 4404 προχώρησις
1044 4333 1143 4402 τῆς
1175 4333 1444 4403 ἁμαρτίας
1477 4335 1687 4404 γέγονε,
1729 4335 1796 4388 δι’

225 4427 400 4496 αὐτῆς
439 4427 547 4497 (47)
577 4427 670 4481 καὶ
697 4429 730 4497 ή
759 4425 1010 4490 ἐπίδειξις
1046 4426 1143 4496 τῆς
1171 4425 1511 4496 δικαιοσύνης
1535 4427 1787 4497 γένηται·

227 4519 320 4571 καὶ
349 4515 488 4570 οὕτω
514 4515 647 4586 λυθῇ
707 4515 777 4569 τά
816 4514 952 4586 ἔργα
979 4514 1074 4568 τοῦ
1113 4515 1377 4581 διαϐόλου,
1413 4515 1792 4588 ἐλευθερωθεί-

1901 3139 2082 3208 pheta,
2107 3142 2293 3196 dicens
2320 3159 2334 3196 :
2359 3141 2679 3214 Priusquam
2702 3155 2982 3216 cognoscat
3002 3148 3253 3217 parvulus
3274 3148 3464 3205 bonum

1900 3231 1978 3285 vel
1998 3231 2218 3300 malum,
2244 3236 2488 3304 reprobat
2508 3234 2771 3289 malitiam
2792 3236 2862 3290 ad
2877 3237 3170 3308 eligendum
3193 3239 3384 3294 bonum
3395 3243 3462 3295 ’⁵.

1900 3320 2056 3388 Quod
2091 3323 2136 3378 si
2161 3323 2214 3378 in
2245 3332 2452 3380 natura
2476 3340 2597 3395 qua:
2628 3335 2982 3396 peccaverat,
3037 3328 3465 3399 impeccabilitas

1900 3429 2010 3470 non
2037 3417 2400 3485 apparuisset,
2435 3432 2533 3474 cur
2560 3427 2840 3488 peccatum
2868 3419 2923 3473 in
2953 3435 3118 3476 carne
3147 3421 3461 3478 damnatum

1901 3498 2066 3573 esSet,
2084 3523 2220 3563 .cum
2244 3524 2420 3580 neque
2445 3525 2574 3565 caro
2596 3512 2802 3580 peccati
2833 3520 3014 3568 actum
3038 3513 3252 3578 habeat,
3288 3528 3466 3584 neque

1900 3599 1956 3654 in
1985 3600 2318 3656 divinitatem
2343 3611 2626 3672 peccatum
2650 3605 2844 3660 cadat?
2866 3605 3046 3671 Quare
3071 3605 3368 3676 Apostolus
3385 3607 3466 3661 di-

1900 3691 1974 3744 cit
2005 3706 2020 3742 :
2061 3688 2160 3744 Ubi
2187 3690 2472 3746 abundavit
2503 3701 2804 3762 peccatum,
2837 3693 2910 3748 ibi
2940 3693 3383 3763 superabundavit
3412 3705 3464 3752 et

1901 3782 2176 3852 gratia”?
2205 3797 2313 3836 non
2339 3784 2516 3838 locum
2551 3784 2824 3847 indicans,
2849 3785 2940 3840 sed
2972 3795 3221 3841 naturam
3250 3786 3457 3857 signiti-

1900 3893 2052 3934 cans.
2084 3877 2153 3933 Ut
2179 3877 2342 3943 sicut,
2373 3875 2570 3945 inquit,
2600 3893 2691 3946 per
2715 3893 2879 3930 unum
2905 3877 3164 3932 hominem
3191 3887 3462 3948 peccatum

1899 3970 1957 4021 in
1993 3969 2128 4022 hunc
2156 3967 2410 4020 mundum
2440 3967 2694 4029 intravit,
2747 3976 2795 4020 et
2837 3982 2929 4035 per
2969 3977 3240 4036 peccatum
3282 3985 3459 4034 mors;

1897 4059 1977 4113 ita
2005 4075 2098 4128 per
2133 4074 2293 4112 unum
2317 4057 2576 4111 hominem
2603 4056 3111 4123 hrum-Christum,
3146 4060 3322 4131 gratia
3381 4077 3464 4115 re.—

1899 4157 2016 4220 gnet
2048 4163 2138 4216 per
2156 4147 2426 4218 justitiam
2453 4148 2510 4200 in
2536 4147 2694 4200 vitam
2719 4155 2969 4202 (sternam
2988 4149 3056 4204 ³⁸.
3082 4147 3262 4217 Utper
3297 4165 3458 4220 quam

1899 4250 2150 4295 naturam
2179 4249 2457 4310 peccatum
2496 4237 2802 4308 processit,
2843 4254 2939 4309 per
2965 4239 3209 4295 eamdem
3235 4241 3461 4312 iustitiae

1900 4332 2172 4402 specimen
2201 4331 2422 4386 daretur
2447 4348 2460 4385 :
2485 4336 2541 4384 et
2567 4330 2646 4385 sic
2679 4330 2918 4387 humana
2958 4341 3153 4387 natura
3179 4349 3209 4388 a
3238 4343 3463 4404 peccato

1823 4406 1869 4461 Ῑ)
1897 4424 2159 4487 liberata,
2196 4421 2396 4478 diaboli
2428 4436 2592 4492 opera
2620 4422 2987 4488 solverentur,
3039 4421 3258 4496 Deoque
3292 4413 3460 4495 glo'ria

1897 4517 2135 4572 daretur.

228 4627 328 4680 σης
367 4611 464 4680 τῆς
499 4608 799 4679 ἀνθρώπων
834 4609 1047 4679 φύσεως
1084 4609 1191 4662 ἀπὸ
1236 4611 1334 4682 τῆς
1367 4611 1658 4682 ἁμαρτίας,
1697 4614 1790 4666 καὶ
1822 4611 2050 4683 δοξασθῇ
2082 4613 2110 4664 ό
2135 4609 2286 4674 Θεός.

297 4710 341 4740 οι
380 4706 524 4764 Psal.
556 4723 723 4774 van,
753 4707 806 4760 7.
927 4708 972 4739 ⁰²
1012 4707 1170 4762 Rom.
1193 4722 1310 4774 vm,
1336 4709 1388 4762 3.

228 4780 318 4844 12,
355 4777 445 4832 21.

302 4871 410 4937 (11)
455 4871 584 4937 Τοῖς
599 4871 1012 4937 ἀμαρτητικοῖς
1028 4871 1356 4941 λογισμοῖς.
1385 4872 1460 4925 Ita
1512 4871 1795 4938 Anglican.-

227 4945 352 5010 Seg.
384 4941 542 4996 Gobl.
585 4951 638 4993 et
681 4941 913 4994 Fclckln.
953 4943 1003 4995 1.
1056 4940 1120 4995 lli,
1165 4942 1348 5005 editis,
1377 4945 1491 5004 τοῖς
1536 4941 1794 5004 τοιούτοις

223 5014 522 5082 λογισμοῖς.
547 5011 720 5082 infra,
762 5010 884 5078 Seg.
915 5011 1070 5065 Gohl.
1099 5020 1148 5065 et
1176 5011 1414 5066 Felckm.
1452 5012 1504 5076 1,
1542 5011 1790 5065 ἐπισπεί-

227 5081 438 5154 ραντος.
469 5081 621 5154 _Edi_t_i
651 5091 859 5154 vero_et_
883 5082 996 5154 alii.
1021 5081 1451 5154 entanslpong.

301 5151 414 5218 (1‘2)
455 5151 734 5215 Anglican.
764 5150 918 5203 Gohl.
947 5151 1181 5204 Fvlckm.
1207 5149 1261 5214 1,
1287 5150 1462 5205 Narin.
1489 5149 1636 5214 Seg.,
1661 5151 1794 5204 Οὐδέ

227 5222 335 5302 γάρ
354 5223 424 5302 ιέν
455 5221 649 5302 ἐκείνῳ
678 5219 966 5302 πλασθέντι
1000 5221 1391 5302 (Anglicanus.~
1421 5221 1676 5302 n‘kaa-Qév)
1707 5220 1796 5273 διὰ

225 5290 316 5344 τοῦ
340 5291 512 5357 Λόγου
541 5291 868 5360 εἰργάσατο..
885 5331 898 5344 .
929 5291 1014 5360 ἵνα
1039 5291 1280 5354 ἐλθόντος
1301 5290 1393 5343 106
1421 5291 1791 5360 (Anglicanus,

222 5361 388 5414 αὑτοῦ
414 5360 506 5413 τοῦ
539 5368 553 5423 )
584 5359 758 5427 Λόγου
780 5401 794 5425 ,
828 5369 930 5413 etc.
983 5359 1086 5413 Sed
1133 5376 1232 5415 nos
1289 5359 1554 5414 editorum
1587 5375 1794 5414 necnon

221 5431 583 5498 quorumdam
618 5431 1111 5499 manuscriptorum
1168 5431 1451 5484 lectionem
1492 5431 1643 5500 sequi
1675 5445 1792 5484 ma-

222 5503 423 5555 lunms.

299 5570 427 5641 (45)Δ
452 5568 574 5640 Seg.
613 5569 768 5625 Gobl.
806 5567 1133 5641 et_Felckm_.
1167 5570 1219 5632 1,
1249 5569 1574 5639 ἐπισπείρας
1603 5570 1792 5641 είργά-

229 5657 378 5692 σατο.
412 5639 468 5709 In
504 5639 686 5709 editis,
715 5639 950 5708 ἀρχῆθεν
977 5639 1288 5709 εἰργάσατο,
1319 5643 1479 5693 male.

298 5711 407 5778 (41)
450 5708 539 5764 Sic
567 5708 687 5780 ch.
720 5706 874 5765 bel.
893 5719 946 5766 ct
972 5706 1204 5764 Félckm.
1229 5709 1275 5763 1.
1304 5709 1442 5765 Εόίιὶ
1473 5716 1672 5776 autem,
1695 5706 1780 5762 διὰ

1465 4709 1529 4740 ⁸³·
1551 4707 1739 4762 Matth.
1768 4724 1889 4772 xm,
1917 4707 2006 4761 25.

2081 4709 2129 4740 οδ
2165 4705 2270 4761 lsa.
2298 4721 2395 4772 vn,
2426 4705 2518 4760 16.
2614 4706 2662 4738 ⁹³
2700 4705 2860 4762 R‘Om.
2893 4723 2947 4774 ν,
2975 4707 3066 4762 2οι
3159 4709 3208 4742 ⁸⁸
3245 4708 3376 4764 ibid.
3409 4726 3462 4774 ν,

1899 4868 2116 4940 σαρκός.
2158 4867 2255 4921 Διὰ
2283 4866 2441 4940 τοῦτο
2458 4864 2638 4940 ἦλθεν.
2661 4867 2806 4922 Infra
2834 4867 3052 4924 Gobler.
3082 4867 3322 4926 Felckm.
3353 4873 3378 4925 1
3411 4881 3466 4925 et

1895 4939 1948 5003 5.
1985 4940 2182 5008 νεαρᾶς
2205 4939 2398 5008 ἀρχῆςτ

1966 5006 2096 5078 (45)
2118 5007 2191 5061 Ita
2223 5006 2346 5078 Seg.
2378 5006 2530 5062 Gohl.
2564 5018 2630 5063 et
2650 5008 2889 5065 Felckm.
2921 5011 2976 5065 1.
3012 5006 3155 5062 Editi
3187 5023 3338 5074 vero,
3365 5028 3464 5064 κα-

1891 5077 1999 5132 λὸν.
2033 5079 2065 5132 ἢ
2102 5077 2289 5132 κακόν.
2684 5113 2690 5118 -

1910 5095 1999 5142 ιον,
2033 5095 2065 5142 η
2102 5095 2289 5132 κακον.
2684 5113 2690 5118 ν

1963 5147 2072 5218 (46)
2115 5149 2206 5202 Sic
2247 5147 2634 5219 _Segnerianus.
2693 5147 2834 5202 Editi
2880 5157 2954 5219 et‘
2979 5148 3070 5219 alii
3099 5189 3114 5212 ,
3162 5148 3457 5219 ἐμαρτίας.

1890 5217 2061 5291 Paulo
2089 5228 2208 5286 post
2241 5217 2554 5291 Sogner‘ian.
2588 5218 2809 5291 Gobler.
2839 5217 3154 5291 et-Felckm.
3187 5219 3238 5278 1.
3287 5217 3463 5291 ὑπερ-

1891 5289 2292 5360 επερίσσευσεν.
2316 5287 2453 5360 Ε(ίίῑί
2477 5296 2675 5360 veroet
2697 5289 2809 5352 alii,
2834 5287 3462 5360 bagrepiaasucstlox

1894 5356 2209 5428 Seg'uerian.
2259 5357 2478 5412 Gobler.
2525 5357 2806 5428 Anglican.
2834 5367 2890 5412 et
2923 5356 3162 5413 Fel'ckm.
3199 5358 3253 5424 1,
3283 5359 3344 5412 οὐ
3371 5358 3461 5422 τό·

1892 5445 1991 5480 πον
2019 5430 2366 5498 ὑπογράφων.

1965 5498 2072 5568 (47)
2112 5495 2320 5568 Αιιςζίίεε
2351 5497 2583 5568 Segner.
2608 5497 2848 5568 Gohl._et
2872 5495 3187 5568 Felckm._1,
3217 5497 3305 5552 διὰ
3326 5496 3461 5568 ταύο

1892 5566 2006 5638 της.
2039 5568 2170 5622 Ibid.
2206 5567 2295 5622 καί
2319 5566 2468 5622 deest
2492 5569 2544 5621 in
2570 5567 2736 5622 Basil.
2769 5566 2938 5621 Paulo
2971 5577 3091 5636 post
3115 5566 3456 5637 Seguerian.,

1892 5638 2170 5694 ἐλευθεοου
2180 5638 2346 5694 μένης
2369 5639 2466 5694 τῆς
2494 5636 2802 5694 ἀνθρώπου.
2827 5637 3045 5694 Gobler.
3075 5645 3128 5694 et
3149 5637 3381 5694 Felckm.
3407 5638 3454 5694 1.

1890 5653 2346 5709 ελευυερουμενης
2369 5655 2466 5708 της
2494 5653 2802 5710 ανυρωπου.
2827 5653 3045 5694 uenter.
3075 5653 3128 5694 ει
3149 5653 3381 5694 ι’(ΞΙεΙίῐη.
3407 5653 3454 5704 1,

1890 5709 2340 5781 ἐλευθερωθείσης
2370 5709 2469 5781 τῆς
2497 5708 2855 5780 ἀνθρωπίνης.
