3810 6228
392 283 534 344 1H7

983 283 1041 338 S.
1083 282 1456 338 ATllANASll
1498 281 1649 338 Ol‘l’.
1691 282 1873 339 PARS
1906 285 1946 339 l.
1986 315 2057 326 —-
2094 282 2466 339 HISTORlCA
2504 282 2593 336 ET
2631 283 3053 343 DOGMATLCA.

3523 278 3697 341 1148

393 405 587 468 suapte
616 405 808 451 natura
844 406 900 452 et
928 398 1146 461 virtute,
1179 411 1237 451 se
1273 397 1476 466 peccati
1507 406 1782 467 expertem
1821 398 1955 452 exhi.

2090 401 2140 469 τῇ
2180 398 2273 451 τοῦ
2316 398 2491 467 Λόγου
2519 398 2731 468 θεὺτητι
2766 400 2993 468 ὀφθεῖσα
3033 400 3067 469 ἡ
3101 397 3194 451 τοῦ
3227 398 3416 452 δούλου
3451 400 3686 470 μορφὴ,

394 489 510 555 bet,
550 499 838 559 postquam
884 489 1229 542 necessitatis
1266 488 1657 553 conditionem,
1682 500 1737 543 et
1766 490 1971 558 peccati

392 582 567 653 legem
603 583 872 650 dissolvit,
907 592 961 636 et
986 582 1321 651 captivitatis
1349 592 1637 654 tyrannum
1667 583 1720 636 in
1746 584 1973 652 captivi-

389 686 557 734 tatem
605 677 866 740 adduxit,
910 686 970 732 ut
999 679 1075 733 ait
1119 678 1385 747 propheta
1423 694 1438 732 :
1475 677 1775 731 Ascendisti
1805 678 1861 731 in
1891 676 1975 730 al-

392 777 523 835 tum,
563 770 745 839 cepisti
780 770 1198 839 captivitatem‘.
1227 768 1362 824 Nam
1396 785 1520 825 cum
1565 769 1794 825 formam
1829 770 1971 824 servi

391 862 618 917 inimico
647 860 885 917 Verbum
932 863 1212 932 obiecerit,
1238 877 1335 931 per
1362 878 1486 916 eum
1516 863 1608 931 qui
1637 862 1767 916 olim
1796 863 1973 918 victus

389 955 589 1018 fuerat.
613 955 897 1011 victoriam
927 963 1252 1010 consecutus
1279 964 1381 1009 est.
1406 954 1668 1020 Quocirca
1692 970 1787 1024 per
1811 969 1974 1009 omne

390 1048 706 1103 tentationis
760 1062 932 1117 genus
987 1047 1338 1117 pertransivit
1387 1046 1567 1111 Jesus,
1611 1049 1740 1115 quia
1790 1048 1972 1102 omnia

389 1138 652 1206 sumpsit,
689 1139 742 1191 in
791 1153 913 1207 quae
945 1139 1261 1193 tentationis
1305 1138 1736 1207 experimentum
1780 1138 1975 1193 cadere

387 1228 584 1296 possit,
616 1229 818 1297 quibus
862 1229 1146 1284 victoriam
1178 1243 1279 1296 pro
1309 1228 1623 1281 hominibus
1656 1228 1972 1296 reportavit,

387 1320 632 1388 dicitque
670 1341 684 1373 :
717 1318 1001 1388 Con/idite,
1035 1336 1127 1390 ego
1157 1320 1258 1374 vici
1292 1320 1545 1373 mundum
1589 1322 1631 1373 ⁷.
1667 1319 1831 1391 756
1870 1318 1975 1373 Ne-

387 1427 496 1482 que
527 1411 671 1465 enim
706 1422 897 1467 contra
933 1412 1213 1477 deitatem,
1246 1427 1407 1481 quam
1439 1413 1493 1465 in
1526 1412 1618 1465 illo
1645 1427 1753 1465 non
1795 1422 1971 1477 norat,

387 1502 591 1557 bellum
620 1503 861 1572 suscepit
880 1503 1158 1568 diabolus;
1184 1518 1526 1572 nequaquam
1553 1502 1698 1555 enim
1723 1502 1775 1557 id
1805 1517 1975 1558 ausus

389 1600 555 1657 esset,
613 1592 843 1662 ideoque
873 1593 1050 1647 aiebat
1083 1611 1094 1644 :
1127 1593 1189 1647 Si
1224 1591 1269 1644 F
1274 1593 1400 1647 ilius
1428 1592 1526 1646 Dei
1557 1610 1610 1647 es
1635 1594 1689 1660 ⁸;
1728 1595 1823 1649 sed
1852 1610 1976 1649 con-

390 1694 473 1738 tra
506 1685 804 1748 hominem,
839 1700 1002 1755 quem
1045 1686 1175 1739 olim
1221 1685 1276 1739 in
1313 1700 1554 1740 errorem
1583 1686 1851 1741 deducere
1883 1702 1976 1742 va-

2076 492 2176 543 οὐκ
2225 490 2440 561 ἀνάγκῃ
2490 489 2851 561 ὑποκειμένη,
2884 490 3020 546 ἀλλὰ
3053 493 3210 561 φύσει
3247 494 3343 546 καὶ
3384 493 3624 565 δυνάμει
3658 535 3685 558 ,

2075 580 2174 651 τὴν
2202 581 2619 653 ἀναμαρτησίαν
2659 584 3059 649 ἐπιδείκνυται,
3105 584 3406 640 διαλύσασα
3439 586 3535 640 τὸν
3563 588 3686 656 τῆς

2076 674 2319 744 ἀνάγκης
2349 674 2494 743 ὅρον,
2522 676 2616 728 καὶ
2653 676 2747 729 τὸν
2779 677 2877 747 τῆς
2918 676 3191 748 ἁμαρτίας
3214 677 3400 748 νόμον,
3441 680 3539 732 καὶ
3569 681 3685 733 τὸν

2073 766 2173 835 τῆς
2206 766 2583 835 αἰχμαλωσίας
2626 766 2888 839 τύραννον
2917 768 3406 840 αἰχμαλωτεύσασα
3425 768 3565 840 (67),
3585 769 3683 832 ὥς

2075 873 2242 926 φησιν
2275 858 2303 909 ὁ
2350 860 2670 929 προφήτης·
2733 860 2975 928 Ἀνέϐης
3012 863 3099 927 εις
3144 860 3332 929 ὕψος,
3375 862 3683 930 ᾐχμαλώ-

2073 965 2291 1014 τευσας
2329 951 2765 1018 αἰχμαλωσίαν.
2794 952 2907 1021 Τὴν
2946 952 3055 1024 γὰρ
3083 952 3294 1024 μορφὴν
3328 953 3424 1007 τοῦ
3465 953 3677 1008 δούλου

2074 1041 2215 1093 κατὰ
2243 1039 2339 1093 τοῦ
2372 1039 2571 1111 ἐχθροῦ
2608 1040 3044 1112 προϐαλλόμενος
3070 1046 3099 1096 ό
3126 1044 3320 1112 Λόγος,
3359 1043 3460 1115 τὴν
3498 1045 3678 1117 νίκην

2075 1132 2370 1203 πεποίηται
2402 1131 2492 1185 διὰ
2532 1135 2626 1185 τοῦ
2674 1134 2806 1187 ποτὲ
2848 1134 3190 1205 ἡττηθέντος.
3227 1136 3328 1189 Διὰ
3358 1136 3520 1189 τοῦτο
3566 1138 3677 1192 καῖ

2075 1224 2253 1276 πάντα
2296 1224 2387 1275 τὸν
2440 1226 2749 1296 πειρασμὸν
2796 1227 3156 1281 συνετέλεσεν.
3190 1230 3219 1282 ὁ
3276 1230 3487 1301 Ἰησοῦς
3514 1272 3531 1294 ,
3576 1233 3673 1288 ὅτι

2075 1314 2253 1366 πάντα
2284 1314 2445 1367 ἔλαϐε
2467 1314 2535 1368 τὰ
2565 1316 2875 1388 πειρασμοῦ
2909 1321 3104 1388 πεῖραν
3142 1320 3440 1392 ἐσχηκότα,
3483 1323 3557 1376 δι’
3583 1317 3675 1378 ὧν

2072 1402 2171 1472 τὴν
2201 1403 2343 1474 ὑπὲρ
2385 1401 2688 1475 ἀνθρώπων
2721 1406 2879 1478 νίκην
2929 1409 3219 1481 πεποίηται
3256 1410 3406 1481 (68),
3444 1411 3671 1481 λέγων’

2077 1495 2379 1563 Θαρσεῖτε,
2412 1495 2528 1565 ἐγὼ
2550 1498 2841 1565 νενίκηκα
2864 1500 2970 1552 τὸν
2995 1504 3247 1570 κόσμον.
3277 1504 3352 1555 Οὐ
3382 1504 3494 1575 γὰρ
3519 1505 3671 1576 πρὸς

2075 1586 2304 1658 θεότητα
2333 1588 2503 1658 ἤρατο
2528 1588 2619 1641 τὸν
2650 1589 2882 1661 πόλεμον
2904 1593 2932 1644 ὁ
2959 1592 3222 1658 διάϐολος,
3260 1594 3327 1664 ἢν
3361 1595 3667 1667 ἠγνόησεν,

2075 1678 2198 1732 οὐδὲ
2225 1679 2334 1751 γὰρ
2364 1679 2566 1748 ἐτόλμα
2588 1700 2601 1711 ·
2634 1680 2724 1735 διὰ
2742 1682 2899 1734 τοῦτο
2920 1682 3030 1753 (69)
3053 1683 3267 1752 ἔλεγενο
3304 1687 3373 1739 Ei
3403 1686 3489 1739 σὺ
3525 1684 3591 1741 εἷ
3614 1690 3656 1743 ὁ

390 1775 510 1837 luit,
559 1789 623 1829 ex
654 1791 763 1844 quo
796 1776 848 1829 in
881 1792 1072 1830 omnes
1102 1776 1350 1831 homines
1400 1776 1620 1830 malitiae
1648 1791 1762 1831 sum
1793 1777 1955 1831 elIica-

2090 1771 2216 1837 Υἱός
2249 1772 2355 1826 τοῦ
2411 1773 2561 1827 Θεοῦ
2584 1790 2598 1802 ·
2633 1773 2770 1827 ἀλλὰ
2808 1774 2947 1845 πρὸς
3004 1775 3289 1847 ἄνθρωπον
3316 1820 3329 1843 ,
3384 1777 3447 1831 ὃν
3492 1778 3673 1834 πάλας

394 1866 535 1920 ciam
576 1868 907 1938 propagavit.
946 1867 1082 1921 Cum
1111 1876 1292 1922 autem
1321 1866 1450 1922 Adae
1482 1869 1663 1921 anima
1694 1868 1749 1921 in
1777 1869 1969 1925 mortis

388 1960 844 2015 condemnatione
890 1962 1249 2024 detineretur,
1285 1976 1350 2015 ac
1388 1970 1649 2031 perpetuo
1678 1962 1745 2015 ad
1780 1961 1969 2016 Domi-

388 2068 519 2106 num
568 2068 728 2107 suum
766 2054 1029 2107 clamaret
1057 2070 1071 2105 :
1113 2054 1239 2107 item
1275 2069 1398 2108 cum
1432 2055 1467 2107 ii
1498 2055 1592 2123 qui
1617 2053 1727 2109 Deo
1757 2056 1972 2125 placue-

390 2153 533 2208 rant,
567 2155 621 2199 et
653 2146 745 2215 qui
779 2146 831 2199 in
862 2145 975 2215 lege
1000 2146 1235 2200 naturali
1263 2146 1532 2215 justitiam
1580 2149 1816 2201 assecuti
1852 2148 1971 2203 fue—

388 2245 531 2302 rant,
565 2252 671 2291 una
717 2252 842 2291 cum
877 2237 1086 2292 Adamo
1132 2239 1524 2305 detinerentur,
1556 2254 1621 2293 ac
1650 2239 1811 2293 simul
1844 2254 1969 2294 cum

388 2329 484 2382 illo
513 2328 760 2397 lugerent
787 2329 1231 2399 clamarentque,
1262 2328 1551 2395 Dominus,
1583 2345 1746 2399 quem
1786 2329 1975 2384 condi-

386 2421 544 2473 derat
594 2420 872 2474 hominem
932 2421 1248 2484 miseratus,
1295 2420 1467 2475 voluit
1512 2436 1610 2491 per
1652 2421 1971 2491 mysterium

386 2511 534 2580 quod
583 2511 984 2575 manileslavit.
1018 2528 1212 2567 novam
1244 2512 1474 2567 salutem
1507 2512 1745 2567 humano
1790 2513 1973 2584 generi

387 2602 703 2666 conciliare,
734 2603 1128 2674 inimicumque
1162 2603 1255 2673 qui
1287 2619 1382 2672 per
1408 2603 1665 2657 invidiam
1697 2604 1972 2658 hominem

386 2694 676 2762 deceperat
707 2693 999 2764 proﬂigare
1036 2710 1050 2746 :
1090 2694 1472 2749 exultationem
1502 2702 1682 2747 autem
1713 2694 1971 2760 hominis,

389 2784 595 2839 unione
628 2785 719 2838 illa
755 2792 811 2839 et
841 2785 1340 2857 communicatione
1378 2799 1502 2839 cum
1540 2782 1821 2837 Altissimo
1856 2783 1977 2852 (na-

390 2881 517 2927 tura
565 2881 621 2927 et
668 2874 748 2928 rei
794 2875 1039 2945 veritate)
1089 2875 1347 2944 majorem
1395 2890 1561 2945 quam
1594 2890 1716 2945 quae
1750 2875 1974 2947 intelligi

388 2964 565 3036 possit
592 2966 849 3022 exhibere
879 2966 1135 3036 dignatus
1163 2975 1268 3022 est.

460 3144 549 3201 10.
583 3143 874 3214 Propterea
920 3144 1070 3199 venit
1105 3142 1337 3199 Verbum
1365 3143 1511 3213 quod
1555 3146 1699 3198 Deus
1741 3148 1887 3209 erat“,
1916 3148 1973 3197 et

390 3239 556 3309 primi
587 3238 826 3293 hominis
856 3246 1090 3302 creator,
1149 3246 1210 3292 ut
1248 3237 1412 3292 homo
1454 3236 1627 3299 ﬁeret,
1666 3251 1775 3305 quo
1808 3237 1979 3290 homo

393 3331 614 3399 quidem
651 3330 1023 3396 revivisceret,
1054 3329 1276 3399 iniquus
1307 3337 1488 3383 autem
1521 3328 1691 3383 hostis
1720 3326 1974 3397 proﬂiga-

391 3435 545 3481 retur
578 3442 592 3478 :
623 3426 768 3495 quod
805 3433 992 3478 natum
1037 3438 1103 3477 ex
1132 3422 1381 3487 muliere,
1410 3437 1473 3475 ex
1507 3422 1683 3491 prima
1715 3420 1973 3473 eﬂ'orma-

390 3521 538 3573 tione
571 3516 801 3574 formam
852 3515 1091 3570 hominis
1132 3514 1185 3568 in
1232 3514 1415 3583 seipso
1453 3512 1713 3575 restituit,
1751 3526 1970 3566 carnem

388 3626 520 3665 vero
553 3625 709 3665 suam
742 3609 949 3678 absque
972 3606 1287 3662 carnalibus
1315 3604 1739 3675 cupiditatibus,
1773 3611 1828 3656 et
1851 3603 1976 3656 abs-

388 3715 498 3770 que
541 3701 794 3755 humanis
838 3699 1279 3769 cogitationibus,
1324 3697 1380 3750 in
1435 3696 1670 3766 imagine
1717 3694 1973 3749 novitatis

391 3794 660 3849 exhibuit.
714 3792 982 3848 Voluntas
1032 3792 1176 3845 enim
1230 3790 1400 3845 solius
1451 3787 1749 3842 divinitatis
1798 3794 1915 3840 erat
1955 3801 1968 3837 :

389 3884 660 3956 siquidem
706 3893 899 3938 natura
929 3893 1039 3938 tota
1084 3882 1246 3937 Verbi
1282 3882 1502 3946 aderat,
1531 3879 1632 3934 sub
1680 3878 1976 3947 specimine

390 3977 648 4032 humanae
700 3976 911 4039 formae,
960 3991 1171 4031 necnon
1220 3974 1475 4037 visibilis,
1531 3971 1752 4027 secundi
1802 3970 1973 4025 Adam

389 4071 572 4127 carnis
606 4087 621 4124 :
651 4085 758 4124 non
805 4069 859 4122 in
910 4068 1177 4122 divisione
1206 4079 1583 4135 personarum,
1621 4064 1714 4119 sed
1744 4063 1798 4115 in
1829 4062 1976 4117 exsi-

389 4165 586 4219 stentia
622 4153 923 4217 divinitatis
967 4169 1021 4215 et
1071 4158 1449 4213 humanitatis.
1480 4155 1819 4225 Quapropter
1855 4155 1975 4209 dia-

388 4255 548 4310 bolus
575 4254 640 4309 ad
674 4253 858 4309 Jesnm
882 4261 942 4307 ut
968 4252 1033 4306 ad
1067 4252 1342 4305 hominem
1368 4248 1658 4304 accedebat
1684 4264 1698 4300 :
1730 4248 1822 4302 sed
1847 4262 1973 4301 cum

390 4347 447 4401 in
482 4361 548 4402 eo
580 4346 791 4416 antiqui
824 4342 1200 4414 superindueti
1238 4340 1464 4397 seminis
1494 4339 1721 4408 vestigia
1750 4352 1858 4391 non
1886 4351 1974 4391 re-

2073 1862 2344 1933 πλανῆσαι
2376 1866 2583 1936 ἴσχυσε,
2615 1866 2707 1919 καὶ
2745 1866 2805 1931 ἐξ
2846 1867 3053 1920 ἐκείνου
3084 1870 3165 1932 είς
3190 1869 3407 1934 πάντας
3434 1871 3653 1943 ἀνθρώ-

2072 1973 2207 2019 πους
2237 1956 2469 2020 ἐξέτεινε
2496 1958 2598 2027 τῆς
2634 1960 2834 2029 κακίας
2862 1958 3028 2012 αὐτοῦ
3058 1960 3157 2032 τὴν
3187 1962 3498 2034 ἐνέργειαν.
3547 1965 3673 2032 Τῆς

2070 2046 2128 2099 δὲ
2154 2047 2248 2100 τοῦ
2295 2049 2463 2120 Ἀδὰμ
2490 2050 2600 2119 (70)
2640 2050 2819 2120 ψυχῆς
2844 2053 2900 2102 ἐν
2948 2052 3213 2125 καταδίκῃ
3242 2052 3487 2107 θανάτου
3521 2073 3665 2109 κατ-

2072 2139 2349 2211 εχομένης
2376 2181 2393 2205 ,
2455 2143 2550 2195 καὶ
2596 2140 2806 2212 βοὼσης
2850 2144 2988 2213 πρὸς
3018 2144 3110 2197 τὸν
3149 2145 3351 2214 ἑαυτῆς
3383 2147 3675 2218 δεσπότην

2071 2230 2364 2295 διαπαντὸς
2394 2231 2528 2302 (71),
2574 2233 2668 2286 καὶ
2703 2233 2811 2286 τῶν
2843 2234 3328 2305 εὐαρεστησάντων
3370 2235 3451 2306 τῷ
3496 2236 3623 2307 Θεῷ
3644 2275 3681 2303 ,κ

2073 2320 2166 2373 καὶ
2204 2320 2606 2377 δικαιωθέντων
2638 2324 2697 2375 ἐν
2727 2323 2806 2394 τῷ
2851 2323 3066 2395 φυσικῷ
3111 2325 3281 2394 νόμῳ,
3328 2342 3679 2397 συγκατεχο»

2077 2414 2252 2485 μένων
2281 2413 2359 2485 τῷ
2401 2414 2592 2484 ’Δδὰμ,
2641 2413 3093 2484 συμπενθούντων
3123 2432 3184 2468 τε
3228 2417 3323 2470 καὶ
3374 2418 3672 2487 συμϐοιέινο

2073 2519 2181 2556 των
2204 2502 2338 2573 (72),
2379 2503 2607 2575 ἐλεήσας
2628 2508 2656 2559 ὁ
2687 2505 2820 2569 Θεὸς
2843 2506 2934 2559 τὸν
2957 2506 3263 2579 ἄνθρωπον,
3292 2507 3351 2560 ὃν
3375 2509 3666 2579 ἐποίησεν,

2074 2594 2342 2665 ηὑδόκησε
2393 2594 2480 2647 διὰ
2533 2597 2839 2668 μυστηρίου
2885 2597 3245 2671 φανερώσεως
3268 2640 3283 2661 ,
3335 2600 3670 2672 καινότητος

2077 2686 2350 2758 σωτηρίαν
2380 2688 2823 2759 κατεργάσασθαι
2853 2688 2932 2760 τῷ
2961 2692 3113 2757 γένει
3159 2689 3267 2743 τῶν
3304 2690 3621 2762 ἀνθρώπων
3648 2734 3665 2754 ,

2077 2779 2171 2832 καὶ
2201 2777 2519 2850 καθαίρεσιν
2549 2781 2646 2848 μὲν
2677 2780 3006 2851 ποιήσασθαι
3051 2779 3147 2834 τοῦ
3195 2780 3284 2835 διὰ
3314 2781 3516 2850 φθόνον
3550 2784 3671 2853 (75)

2082 2871 2462 2939 ἀπατήσαντος
2487 2870 2581 2940 ὲχθ
2591 2870 2706 2940 ροῦ,
2731 2871 2937 2940 ὖψωσιν
2957 2872 3013 2924 δὲ
3036 2871 3422 2940 ἀσυλλόγιστον
3454 2873 3673 2926 ἀναδεῖ-

2077 2959 2163 3024 ξαι
2184 2960 2279 3013 τοῦ
2330 2961 2616 3032 ἀνθρώπου
2645 2965 2711 3033 τῇ
2743 2963 2881 3032 πρὸς
2909 2963 3000 3016 τὸν
3026 2963 3288 3033 ’Ὕψιστον
3321 2963 3521 3019 ὲνὼσει
3566 2964 3670 3022 καὶ

2076 3054 2329 3123 κοινωνίᾳ
2359 3055 2516 3122 φύσει
2543 3054 2639 3107 καὶ
2666 3054 2913 3126 ἀληθείᾳ.

2144 3144 2232 3199 10.
2278 3145 2378 3198 Διὰ
2421 3146 2578 3199 τοῦτο
2620 3142 2782 3217 ἦλθεν
2815 3148 2844 3199 ὁ
2870 3147 3044 3215 Λόγος
3093 3147 3228 3211 Θεὸς
3256 3147 3353 3213 ὣν,
3402 3150 3501 3204 καὶ
3562 3148 3669 3206 τοῦ

2074 3235 2294 3307 πρώτου
2342 3235 2634 3307 ἀνθρώπου
2669 3238 3020 3310 δημιουργὸς,
3056 3239 3311 3308 γενέσθαι
3346 3240 3669 3312 ἄνθρωπος,

2074 3330 2156 3393 εἰς
2181 3327 2510 3399 ζωοποίησιν
2537 3329 2636 3400 μὲν
2664 3330 2759 3383 τοῦ
2788 3330 3098 3401 ἀνθρώπου,
3127 3330 3448 3402 καθαίρεσιν
3473 3332 3533 3384 δὲ
3562 3331 3666 3385 τοῦ

2074 3420 2260 3475 ἀδίκου
2305 3420 2500 3493 ἐχθροῦ
2531 3437 2544 3451 ·
2588 3423 2684 3476 καὶ
2731 3422 2994 3493 ἐγεννήθη
3026 3425 3093 3476 ἐκ
3129 3422 3409 3492 γυναικδς,
3447 3424 3515 3477 ἐκ
3560 3425 3670 3494 τῆς

2074 3512 2300 3585 πρώτης
2355 3513 2604 3578 πλάσεως
2657 3514 2756 3586 τὴν
2816 3514 3105 3587 ἀνθρώπου
3162 3516 3376 3587 μορφὴν
3427 3518 3493 3571 ἐν
3547 3517 3669 3589 (74)

2075 3605 2253 3676 ἐαυτῷ
2301 3606 2749 3676 ἀναστησάμενος
2783 3645 2799 3670 ,
2839 3606 2899 3659 ἐν
2946 3607 3203 3674 ἐπιδείξει
3268 3608 3476 3679 σαρκὸς
3537 3609 3669 3679 δίχα.

2076 3695 2355 3767 σαρκικῶν
2389 3695 2708 3766 θελημάτων
2742 3696 2838 3750 καὶ
2859 3695 3140 3767 λογισμῶν
3167 3696 3553 3767 ἀνθρωπίνων,
3600 3701 3667 3752 ἐν

2075 3788 2242 3840 εἰκόνι
2290 3788 2621 3858 καινότητος.
2686 3788 2749 3841 Ἡ
2805 3787 2915 3860 γὰρ
2966 3787 3186 3859 θέλησις
3243 3788 3502 3858 θεότητος
3558 3790 3665 3860 μό-

2075 3898 2173 3951 νης
2208 3881 2319 3950 (75)
2342 3898 2355 3910 ·
2384 3881 2572 3952 ἐπειδὴ
2622 3880 2719 3934 καὶ⁸
2748 3880 2912 3948 φύσις
2945 3880 3040 3952 ὅλη
3071 3880 3167 3933 τοῦ
3198 3881 3393 3949 Λόγου,
3444 3883 3505 3933 ἐν
3538 3883 3668 3935 ἐπι-

2073 3969 2239 4037 δείξει
2272 3973 2488 4045 μορφῆς
2514 3973 2615 4042 τῆς
2655 3972 3003 4044 ἀνθρωπίνης
3036 3972 3132 4027 καὶ
3160 3971 3273 4042 (76)
3316 3972 3521 4043 σαρκὸς
3558 3975 3674 4044 τῆς·

2034 4099 2041 4109 ς
2073 4064 2354 4135 ὁρωμένης
2383 4063 2478 4116 τοῦ
2504 4064 2754 4134 δευτέρου
2781 4064 2969 4133 Ἀδὰμ,
2993 4064 3093 4117 οὐκ
3114 4066 3174 4117 ἐν
3194 4063 3458 4135 διαιρέσει
3484 4082 3662 4135 προσ-

2073 4154 2261 4219 ώπων,
2321 4154 2434 4208 ἀλλ’
2466 4157 2524 4208 ἐν
2568 4153 2798 4227 ὑπάρξει
2847 4155 3102 4227 θεότητος
3148 4156 3243 4210 καὶ
3287 4155 3659 4228 ἁνθρωπότη-

2074 4264 2186 4311 τος.
2214 4246 2314 4300 Διὰ
2340 4246 2496 4300 τοῦτο
2519 4247 2629 4319 γὰρ
2659 4248 2886 4320 προσῄει
2923 4248 3035 4318 (77)
3062 4249 3091 4301 ὁ
3121 4247 3368 4312 διάϐολος
3415 4248 3494 4320 τῷ
3545 4250 3660 4322 Ἰη-

2077 4338 2195 4404 σοῢ,
2219 4338 2296 4402 ὡς
2327 4338 2619 4409 ἀνθρώπῳ,
2649 4341 2725 4411 μὴ
2758 4339 3030 4411 εὑρίσκων
3058 4338 3119 4393 δὲ’
3146 4342 3204 4393 ἐν
3231 4339 3380 4411 αὐτῷ
3406 4341 3505 4413 τῆς
3549 4360 3660 4395 m-

388 4441 623 4514 periret,
675 4455 852 4510 neque
906 4437 1076 4492 ullum
1121 4436 1176 4491 in
1226 4433 1481 4505 praesenti
1518 4430 1815 4487 tentatione
1842 4444 1955 4500 pro-

2090 4434 2237 4497 λαιᾶς
2285 4430 2450 4487 αὑτοῦ
2502 4432 2806 4504 tmen-apd;
2849 4430 3138 4504 γνώρισμα
3183 4431 3318 4504 (78),
3373 4432 3511 4503 μηδὲ
3516 4433 3660 4512 λῆς

459 4555 483 4587 ⁸
517 4553 664 4609 Psal.
694 4570 866 4617 van,
902 4552 990 4607 19.
1065 4550 1087 4583 τ
1124 4548 1284 4605 Joan.
1317 4563 1430 4614 xw,
1460 4546 1548 4602 55.
1625 4545 1649 4579 ⁸
1687 4545 1880 4601 Matth.
1915 4561 1990 4611 tv,
2016 4547 2071 4601 '5.

460 4649 573 4722 (67)
612 4649 691 4705 Ita
728 4648 854 4722 Seg.
896 4646 1108 4714 Anglic.
1141 4642 1300 4722 Cobl.
1337 4649 1392 4722 e_t
1442 4639 1681 4722 Felckm'.
1720 4639 1770 4693 1.
1829 4638 1971 4722 [aliti

386 4707 520 4781 vero
560 4707 621 4775 ἐι
664 4707 841 4775 caeteri
890 4707 1268 4782 manuscripti,
1322 4709 1801 4782 αἰχμαλωτεύσας.
1848 4707 1973 4782 Mox

392 4779 516 4861 s'e'g.
552 4792 707 4846 Cobl.
740 4798 794 4861 et
821 4787 1063 4861 Felcltm.
1097 4786 1130 4861 1_
1138 4827 1149 4839 .
1174 4779 1572 4861 ςᾲνέοηςβᾳίιί
1619 4790 1672 4861 e_t
1714 4779 1827 4861 alii,
1868 4780 1975 4861 ay-

389 4848 540 4936 ἐϐἤς,
574 4872 738 4936 recte:
772 4854 1250 4936 I'jd:.598-.99b.'-
1284 4848 1601 4936 ‘3"F9'Ckm'
1634 4851 1685 4936 ί)
1714 4848 1973 4936 milqu

387 4922 599 4990 τεόέέν.
630 4932 761 4985 Ibid.
800 4928 962 4984 Gubl.
991 4922 1044 4980 et
1075 4924 1255 4979 Felck.
1286 4923 1339 4987 1,
1368 4923 1467 4995 τὴν
1502 4922 1740 4993 μορφήν,
1763 4922 1973 4974 omisso

387 5003 671 5077 ree-Mx
701 4997 1333 5077 Sessrrof‘ieiérevoe.
1437 5064 1448 5077 .
1539 5063 1622 5077 ..
1709 5064 1722 5077 .
1789 5060 1815 5073 -

505 5046 517 5058 .
551 5022 671 5056 mox
702 5022 805 5064 δεμ
834 5041 848 5064 ,
884 5022 1307 5071 προοαΛομενυς.

464 5022 595 5146 F68)
617 5072 740 5146 ch.
776 5070 932 5146 Cobl.
960 5079 1013 5146 et
1045 5067 1282 5146 lt‘elcktn.
1312 5064 1363 5127 1,
1397 5064 1497 5146 τὴν
1531 5060 1855 5146 ὑπέρῌῂμῶν
1881 5062 1962 5146 vi:

389 5133 512 5231 κην.
561 5133 755 5207 Basil.,
790 5141 932 5263 ὑπὲρ
977 5138 1320 5210 ἀνθρωπίνην
1369 5133 1542 5205 νίκην.
1578 5133 1720 5188 Editi
1755 5147 1882 5188 vero
1913 5139 1969 5187 et

389 5220 502 5281 alti,
530 5215 635 5286 thv
660 5214 799 5286 ὑπὲρ
829 5213 892 5286 ἀν
934 5210 1131 5286 ρῴτςων
1163 5208 1339 5286 νίκην.

388 5228 502 5281 alii,
530 5228 629 5281 την
660 5228 799 5281 υπερ
829 5228 1131 5281 ανυρωπων
1163 5228 1339 5281 νικην.

466 5228 502 5281 t,
530 5228 629 5286 την
660 5228 799 5283 υπερ
829 5228 1131 5282 ανυρωπων
1163 5228 1281 5277 νικη

461 5287 570 5356 (69)
614 5284 945 5356 Basiliensis,
972 5279 1063 5356 διὰ
1092 5279 1281 5356 caueat.

452 5344 773 5441 (70.1_Gohl.
809 5363 863 5434 et
891 5351 1131 5441 caltl'ltm.
1159 5351 1213 5416 1,
1247 5347 1476 5412 ἐξέτεινε
1509 5346 1607 5416 τὴν
1633 5344 1831 5399 κακίαν
1864 5345 1964 5398 αὐ-

386 5421 504 5499 τοῦ.
538 5429 650 5499 Τῆς
677 5423 852 5499 δὲ]τοῦ
891 5421 1158 5499 Ἀδεὲμ·.
1293 5488 1317 5499 -
1485 5486 1511 5499 ..

364 5508 371 5515 ‘
457 5498 570 5566 (71)
606 5488 961 5566 'Anglicanus,
997 5488 1261 5566 δεσπότην
1289 5488 1570 5566 διηνεκῶς.

486 5556 573 5637 72)
775 5556 1021 5637 Coblfet
1046 5556 1283 5637 Felektn.
1316 5556 1373 5625 1,
1398 5558 1493 5612 καὶ
1526 5556 1789 5637 ῥοώντων.

484 5622 573 5706 733
614 5622 760 5700 sagi.
793 5633 884 5706 ea
908 5632 1120 5701 φθόνου.
1150 5630 1322 5687 Paulo
1356 5622 1499 5699 post
1526 5622 1728 5697 uasat,
1754 5622 1961 5696 ἀνθρώ-

392 5703 495 5763 που
533 5703 629 5760 καὶ
662 5706 797 5772 πρὸς
826 5703 937 5756 τόν.

2148 4640 2263 4712 (74)
2302 4641 2382 4712 I_ta
2408 4638 2532 4712 Seg.
2568 4638 2627 4692 In
2665 4638 2845 4712 editis,
2876 4639 2935 4693 ἐν
2959 4639 3131 4712 deest.

2148 4708 2263 4780 (75)
2304 4708 2969 4780 ὃθευοινίοηυεκθεότητος
3000 4711 3160 4780 μόνη,
3190 4708 3285 4763 sed
3315 4716 3538 4778 praestat
3558 4724 3659 4763 an-

2075 4778 2221 4850 tiqua
2252 4778 2433 4837 lectio.
2459 4791 2650 4848 estque
2668 4778 2970 4834 'Athan'asii
2996 4778 3285 4841 Sententia,
3317 4781 3651 4850 voluntatem

2074 4849 2147 4905 in’
2177 4851 2394 4904 Christo
2434 4852 2509 4904 ita
2557 4850 2729 4905 solius
2758 4850 3059 4904 divinitatis
3102 4864 3240 4912 esse,
3277 4857 3336 4902 ut
3376 4864 3447 4902 ex
3478 4849 3665 4904 divini.

2075 4920 2238 4975 Verbi
2287 4920 2605 4985 voluntate,
2668 4935 2859 4974 omnes
2912 4922 2967 4975 in
3015 4916 3236 4974 Christo
3290 4920 3652 4989 cogitationes

2074 5001 2340 5061 actusque
2384 4991 2700 5059 prodirent;
2744 4991 2815 5043 ita
2846 5000 2905 5043 ut
2929 4990 3073 5044 nulla
3107 4990 3162 5043 in
3195 5005 3262 5061 eo
3284 4989 3532 5061 carnalis
3550 5005 3651 5045 (ιιι-

2072 5058 2293 5132 piditas,
2345 5058 2490 5132 nulla
2543 5062 2780 5115 humana
2830 5061 3118 5130 cogitatio,
3165 5060 3364 5132 vitiosa,
3417 5058 3651 5132 scilicet,

2073 5130 2326 5185 oriretur.
2361 5130 2471 5185 Nec
2522 5132 2817 5185 humanam
2866 5140 3047 5186 tamen
3094 5132 3273 5184 inesse
3309 5130 3528 5184 Christo
3554 5145 3652 5181 v0-

2073 5203 2335 5258 luntatem
2384 5210 2562 5271 negat,
2594 5217 2758 5269 quam
2798 5201 3002 5257 diserte
3048 5201 3323 5271 superius,
3356 5215 3485 5270 pag.
3518 5199 3649 5269 709,

2072 5274 2311 5327 admittit
2339 5280 2562 5326 sanctus
2590 5274 2802 5326 doctor.

2145 5343 2256 5410 (76)
2297 5342 2372 5396 Ita
2405 5341 2529 5411 Seg.
2558 5340 2615 5395 ln
2645 5341 2827 5404 editis,
2858 5342 2950 5395 καί
2978 5341 3150 5411 deest.

2146 5407 2259 5482 (77)
2302 5414 2450 5480 Seg.,
2482 5407 2732 5483 προσῄει.
2763 5411 2921 5466 Gobl.
2950 5420 3005 5466 et
3038 5410 3277 5467 Felckm.
3310 5411 3362 5475 1,
3392 5407 3645 5483 προσείη.

2071 5482 2237 5535 Editi.
2269 5485 2537 5535 πρόσεισι.

2121 5485 2237 5543 diti,
2269 5485 2537 5543 πρόσεισι.

2141 5500 2237 5543 ntt,
2269 5500 2537 5553 προσ-εισι.

2141 5553 2250 5623 (78)
2294 5556 2440 5623 Srg.,
2463 5554 2843 5624 (γνωρίσματα.
2878 5551 3016 5624 Editi
3039 5566 3207 5624 _vet‘o_
3238 5559 3294 5604 et
3333 5547 3647 5624 ΔιὶΙὶῘ,-γνῴ-

2070 5619 2421 5694 ρισνμαηιὺίῧ.
2454 5619 2600 5689 Sal.-
2628 5619 2871 5694 Goblaet
2914 5621 3151 5694 Felckm.
3188 5620 3438 5694 Lpiﬁs.
3476 5619 3644 5694 Ejiti,

2071 5688 2227 5766 μηδέ.
2261 5692 2381 5749 Mox
2418 5694 2571 5750 Gobl.
2602 5704 2654 5751 et
2679 5693 2916 5749 Felckm.
2955 5693 3001 5758 1,
3055 5688 3461 5763 προσχωρήσει).
3504 5688 3657 5747 Ειιὶιι
