3810 6228
130 305 277 362 1149

1026 311 1301 367 CONTRA
1344 313 1855 371 APOLLINARIUM
1893 316 2094 371 LIBER
2135 316 2518 374 SECUNDUS.

3258 319 3400 375 1150

128 419 275 490 πρὸς
314 420 383 474 τὺ
432 421 604 494 παρὸν
629 424 1025 496 ἐπιχειρήσεως
1083 428 1433 499 προχώρησιν
1464 468 1477 491 ,
1525 430 1753 498 ἡττᾶτο⁴

1834 444 2097 500 gressum,
2130 438 2417 500 superatus
2440 444 2563 485 cum
2593 429 2800 499 pudore
2836 430 3022 496 cessit,
3054 429 3400 486 debilitatus-

130 513 543 584 αἰσχυνόμενος
562 517 656 570 κα).
680 515 980 589 νικώμενος
997 535 1011 549 ·
1049 520 1142 573 καὶ
1166 520 1370 574 ἀτονῶν
1401 521 1553 589 ἔλεγε
1581 538 1594 551 ·
1632 522 1726 587 Τίς

129 601 319 671 οὗτος
352 610 390 660 ό
420 609 902 678 παραγενόμενος
937 610 1007 675 ἐξ
1059 612 1263 681 Ἐδὼμ,
1306 614 1601 678 τουτέστιν,
1660 615 1725 668 ἐκ

131 697 239 767 γῆς
274 697 590 770 ἀνθρώπων
639 700 786 772 (79),
840 702 1130 758 διαϐαίνων
1177 702 1452 776 βίᾳ’μετά
1505 707 1721 777 ίσχύοςς

128 789 225 843 Διὸ
263 790 366 843 ml.
420 792 448 843 6
498 790 702 863 Κύριος
742 791 934 862 ἔλεγεν
956 811 972 826 ·
1014 795 1294 864 Ἔρχεται
1327 799 1359 850 ό
1387 795 1588 865 ἄρχων
1618 797 1724 852 τοῦ

131 881 376 949 κόσμου
408 882 646 947 τούτου,
674 885 774 937 καὶ
810 884 880 938 ἐν
904 885 1034 955 ἐμοὶ
1058 886 1325 953 εὑρίσκει
1352 885 1551 941 οὐδέν.
1587 887 1726 941 Καί-

130 987 212 1022 τοι
247 971 351 1024 καὶ
374 971 576 1043 ψυχὴν,
594 975 691 1026 καὶ
720 973 899 1045 σῶμα,
919 976 1015 1029 καὶ
1035 975 1154 1029 ὅλον
1181 976 1273 1029 τὸν
1297 976 1511 1048 πρῶτον
1547 995 1612 1049 με
1620 994 1724 1048 μα-

134 1061 394 1132 θήκαμεν
427 1063 569 1135 ἔχειν
598 1065 690 1117 τὸν
709 1064 966 1137 δεύτερον
994 1067 1164 1139 Ἀδάμ
1194 1067 1329 1138 (80).
1359 1069 1423 1121 El
1454 1067 1565 1140 γὰρ
1596 1068 1727 1141 περὶ

134 1155 439 1224 ὑπάρξεως
470 1155 758 1227 ἀνθρώπου
790 1153 858 1229 ἦν
904 1158 984 1225 τὸ,
1038 1159 1238 1225 οὐδὲν,
1292 1158 1411 1223 πῶς
1459 1161 1522 1213 τὸ
1568 1159 1726 1230 σῶμα

132 1238 260 1315 εὗρε
289 1243 357 1297 τὸ
391 1244 670 1319 ὁρώμενον
695 1246 977 1319 εἰρηκότος
1014 1247 1195 1302 οὐδέν
1212 1264 1232 1313 ;
1279 1247 1418 1301 Ἀλλ’
1448 1249 1546 1319 οὐχ
1570 1242 1725 1319 εὗρεν

134 1337 192 1387 ὲν
225 1334 406 1406 αύτῷ,
448 1328 524 1389 ὧν
561 1337 722 1400 αὐτὸς
752 1338 1045 1408 εἰργάσατο
1074 1339 1134 1393 ὲν
1166 1337 1244 1409 τῷ
1276 1336 1478 1409 πρώτῳ
1514 1337 1684 1408 Ἀδάμ
1709 1357 1723 1371 -

135 1425 229 1477 καὶ
257 1424 444 1489 οὕτως
464 1426 734 1499 κατελύθη
757 1430 791 1499 ἡ
811 1428 1057 1500 ἁμαρτία
1081 1430 1138 1481 ὲν
1163 1427 1384 1499 Χριστῷ
1409 1445 1421 1457 ·
1457 1427 1546 1481 διὰ
1568 1428 1726 1483 τοῦτο

138 1518 229 1570 καὶ
264 1520 299 1588 ή
334 1518 537 1589 Γραφὴ
570 1523 875 1591 μαρτυρεῖ·
919 1522 1017 1584 Ὃς
1064 1521 1358 1589 ἁμαρτίαν
1389 1522 1501 1574 οὐκ
1532 1521 1727 1589 ἐποίη-

136 1623 271 1674 σεν,
313 1607 465 1662 οὐδὲ
506 1608 718 1678 εὑρέθη
746 1610 927 1676 δόλος
961 1609 1074 1682 (31)
1113 1611 1183 1664 ἐν
1213 1607 1293 1676 τῷ
1324 1611 1576 1681 στόματι
1620 1612 1727 1664 αὐ-

138 1716 269 1752 του.

1826 535 1935 591 que
1974 521 2050 575 ait
2081 539 2096 577 :
2132 520 2264 586 Quis
2295 529 2375 574 est
2416 522 2516 575 iste
2551 521 2643 591 qui
2684 523 2820 574 venit
2846 521 2910 575 de
2943 520 3134 588 Edam,
3164 521 3266 575 hoc
3290 533 3400 589 est,

1826 626 1894 667 ex
1940 620 2085 667 terra
2124 610 2431 674 hominum,
2479 610 2723 664 incedens
2752 609 3004 664 violenter
3032 626 3151 665 cum
3175 610 3399 680 fortitué

1827 704 1948 757 dine
1988 704 2052 757 οἳ
2095 704 2306 759 Idcirco
2364 703 2543 758 aiebat
2583 701 2850 758 Dominus
2891 719 2906 755 :
2963 701 3113 756 Venit
3156 704 3400 772 princeps

1825 797 2008 850 mundi
2039 796 2218 864 hujus,
2245 804 2294 849 et
2326 795 2383 849 in
2409 811 2490 849 ms
2523 794 2655 848 nihil
2684 796 2879 851 invenit
2906 796 2973 849 ι’.
3000 794 3322 865 Quanquam
3342 801 3401 849 et

1825 886 2061 940 animam
2087 894 2142 941 et
2176 900 2399 955 corpus,
2428 894 2708 955 totumque
2729 886 2964 955 primum
2997 884 3288 951 Adamum,
3318 883 3403 940 di-

1824 977 2059 1033 dicimus
2084 978 2382 1033 secundum
2410 975 2681 1031 Adamum
2707 977 2983 1033 habuisse.
2999 976 3144 1031 Nam
3170 977 3216 1033 si
3241 977 3396 1042 illud,

1825 1068 1981 1136 nihil,
2017 1069 2087 1124 de
2130 1067 2437 1124 substantia
2487 1068 2724 1123 hominis
2773 1069 3078 1136 diceretur,
3121 1069 3403 1138 quomodo

1824 1160 2038 1215 visibile
2064 1175 2266 1229 corpus
2300 1158 2503 1214 invenit
2543 1158 2665 1229 ejus
2690 1160 2803 1229 qui
2829 1160 3059 1225 dixerat,
3089 1160 3262 1215 nihil?
3289 1158 3399 1215 Sed

1826 1250 1963 1305 nihil
2013 1250 2219 1306 invenit
2264 1251 2319 1305 in
2354 1250 2450 1304 illo
2488 1249 2760 1314 diabolus,
2789 1264 2855 1305 ex
2886 1250 2953 1306 iis
2985 1264 3107 1320 quae
3132 1250 3188 1304 in
3221 1250 3402 1319 primo

1826 1340 2050 1395 homine
2076 1348 2334 1409 operatus
2366 1339 2482 1409 ipse
2513 1337 2694 1393 fuerat
2719 1356 2734 1393 :
2763 1348 2927 1409 atque
2961 1338 3036 1394 ita
3062 1339 3399 1394 destructum

1825 1439 1909 1487 est
1942 1431 2000 1486 in
2035 1430 2256 1486 Christo
2278 1438 2556 1501 peccatum
2582 1446 2597 1495 ;
2631 1430 2987 1500 quamobrem
3016 1428 3296 1499 Scriptura
3322 1437 3403 1484 te—

1826 1532 2046 1580 statur:
2098 1521 2204 1589 Qui
2250 1534 2521 1592 peccatum
2561 1537 2665 1577 non
2695 1522 2852 1592 fecit,
2903 1538 2995 1577 nec
3038 1531 3116 1577 est
3160 1523 3404 1578 inventu:

1826 1614 1980 1669 dolus
2010 1615 2066 1669 in
2096 1630 2185 1669 ore
2212 1615 2326 1685 ejus
2354 1616 2417 1670 υ.

209 1788 300 1841 11.
332 1787 466 1851 Πῶς
492 1784 585 1842 οὖν
610 1789 833 1857 λέγετε,
854 1791 935 1844 ὅτι
985 1789 1244 1845 ἀδύνατόν
1273 1791 1420 1845 ἐστιν
1460 1792 1727 1862 ἀναιχμα-

1896 1791 1985 1844 11.
2012 1790 2122 1845 Cur
2149 1789 2333 1861 itaque
2356 1788 2540 1845 dicitis
2571 1805 2586 1843 :
2619 1788 2964 1860 lmpossibile
3005 1796 3091 1845 est
3120 1788 3404 1844 hominem

140 1877 404 1935 λώτιστον
434 1881 688 1951 γενέσθαι
708 1883 800 1956 τὸν
827 1882 975 1949 suae
995 1883 1500 1955 αίχμαλωτισθέντα
1520 1884 1616 1939 ἀνθ
1625 1901 1728 1954 ρω-

141 1987 279 2032 mu;
320 1971 414 2025 ἵνα
451 1972 514 2024 τὸ
555 1971 654 2042 μὲν
680 1972 942 2026 ἀδύνατον
973 1972 1051 2043 τῷ
1090 1972 1210 2043 Θεῷ
1241 1973 1555 2044 προσάγητε
1590 1972 1724 2044 (82),

143 2062 204 2116 τὸ
236 2063 295 2116 δὲ
322 2063 554 2118 δυνατὸν
584 2064 663 2135 τῷ
693 2064 944 2137 διαϐόλῳ,
974 2065 1309 2119 ἀκατάλυτον
1333 2063 1498 2119 αὑτοῦ
1543 2065 1730 2134 λέγον-

141 2170 233 2217 τες
254 2155 359 2227 τὴν
390 2155 670 2225 ἁμαρτίαν
714 2156 772 2208 ὲν
819 2157 886 2226 τῇ
921 2154 1080 2224 φύσει
1124 2153 1233 2208 τῶν
1280 2152 1606 2226 ἀνθρώπων,
1651 2154 1728 2218 ώς

146 2246 239 2299 καὶ
268 2247 319 2299 oi
344 2246 499 2302 ἄλλοι
533 2246 798 2319 αἱρετικοί
816 2262 829 2276 ·
862 2247 957 2300 καὶ
993 2246 1079 2301 διὰ
1101 2245 1260 2300 τοῦτο
1282 2246 1596 2316 ἐληλυθέναι
1628 2245 1727 2316 τὴν

145 2336 401 2409 θεότητα,
436 2340 538 2410 τὴν
571 2339 645 2412 μὴ
666 2338 1231 2410 αἰχμαλωτιςομένην,
1261 2341 1318 2392 ὲν
1339 2337 1593 2410 ὁμοιώσει
1613 2336 1725 2408 (85)

150 2430 350 2500 σαρκὸς
380 2432 478 2485 κα.)⁹
503 2430 805 2502 ψυχῆς,ἴνα
825 2431 964 2503 αὐτὴ
993 2429 1493 2502 ἀναιχμαλώτιστος
1524 2430 1680 2501 μείνῃ
1708 2470 1725 2495 ,

149 2521 240 2571 καὶ
271 2518 453 2582 οὕτως
478 2518 619 2590 ὀφθῇ
650 2517 868 2590 καθαρά
898 2518 1233 2591 δικαιοσύνη.
1263 2519 1403 2572 Πότε
1443 2518 1555 2589 (84)
1596 2517 1728 2586 γοῦν

150 2610 247 2664 οὐκ
275 2607 346 2682 ἦν
389 2612 495 2682 τῆς
540 2611 793 2682 θεότητος
829 2610 1046 2684 καθαρὰ
1085 2615 1120 2685 ἡ
1162 2609 1515 2682 δικαιοσύνης
1548 2611 1646 2675 Τίς
1671 2610 1729 2665 δὲ

150 2703 206 2756 ιν
244 2703 462 2767 τούτοις
495 2703 800 2776 ἀνθρώπων
832 2703 1119 2776 εὐεργεσία
1142 2743 1158 2768 ,
1214 2706 1264 2758 εί
1313 2704 1389 2775 μὴ
1435 2703 1727 2774 ταυτότητι

153 2794 440 2867 ὑπάρξεως
461 2796 556 2849 καὶ
579 2795 796 2865 φύσεως
836 2797 1117 2866 καινότητι
1148 2794 1302 2866 ὤφθη
1337 2798 1366 2848 6
1400 2794 1622 2866 Κύριος,
1654 2793 1730 2858 ὥς

155 2903 321 2957 φησιν
368 2889 398 2941 6
440 2887 797 2951 Ἀπόστολος·
835 2889 949 2942 Ἦν
980 2886 1361 2941 ἐνεκαίνισεν
1400 2884 1544 2955 ἡμῖν
1586 2884 1731 2939 ὁδὸν

154 2982 509 3051 πρόσφατον
532 2981 631 3036 καὶ
663 2979 877 3042 ζῶσαν-ι
909 2979 1086 3048 λέγων
1107 2996 1121 3009 ·
1166 2977 1307 3047 Ἐγώ
1333 2979 1450 3048 ειμι
1486 2980 1525 3047 ἡ
1566 2976 1727 3044 ὁδὸς,

157 3071 250 3124 καὶ
282 3072 320 3139 ή
349 3071 488 3139 (wh,
521 3071 619 3125 καὶ
644 3071 683 3139 ἡ
717 3071 1001 3164 delimata;
1035 3067 1194 3122 Ἀλλά
1213 3067 1420 3164 λέγετε,
1446 3066 1731 3164 μιῇ-ὁμοιώς-
1755 3107 1796 3164 C

72 3214 79 3223 ,
156 3175 235 3215 σει
269 3164 363 3217 καὶ
387 3166 457 3235 τῇ
495 3163 724 3234 μιμήσει
755 3159 1024 3226 σώζεσθαι
1060 3160 1188 3224 τοὺς
1225 3159 1604 3225 πιστεύοντας,
1632 3158 1729 3211 καὶ

157 3254 214 3306 οὐ
265 3258 331 3325 τῇ
391 3255 732 3308 ἀνακαινίσει
774 3253 912 3325 (85),
960 3253 1057 3307 καὶ
1097 3254 1164 3323 τῇ
1186 3252 1428 3322 ἀωρχῇ.
1466 3250 1578 3303 Καὶ
1610 3249 1727 3315 πῶς

160 3344 497 3413 πρωτότοκος
525 3344 748 3414 γέγονεν
769 3345 828 3396 ὲν
858 3343 1072 3407 πολλοῖς
1099 3341 1369 3410 ἀδελφοῖς,
1386 3341 1480 3394 καὶ
1504 3340 1728 3413 ἀπαρχὴ

160 3432 260 3487 τῶν
287 3437 707 3507 κεκοιμημένων
739 3436 993 3508 Χριστὸς,
1057 3434 1129 3501 ὅς
1159 3436 1291 3489 ἐστι
1336 3432 1570 3503 κεφαλὴ
1622 3432 1728 3487 τοῦ

159 3521 430 3593 σώματος
459 3524 569 3593 τῆς
610 3527 970 3595 Ἐκκλησίας
990 3542 1009 3591 ;
1042 3526 1180 3580 Οὔτε
1220 3525 1328 3595 γάρ
1366 3526 1549 3589 πίστις
1588 3523 1731 3579 κατά

162 3611 310 3684 δήλου
357 3618 661 3689 φαινομένη
716 3617 824 3689 (86)
861 3618 1044 3680 πίστις
1079 3616 1146 3671 ἂν
1181 3617 1426 3686 λέγοιτοο
1465 3616 1582 3671 ἀλλ’
1615 3615 1729 3669 ἔστι

164 3707 337 3772 πίστις
361 3712 397 3780 ή
432 3709 495 3763 τὸ
523 3709 783 3764 ἀδύνατον
808 3711 868 3764 ὲν
905 3710 1131 3781 δυνάμει
1161 3708 1511 3773 πιστεύουσα,
1547 3709 1642 3762 καὶ
1670 3709 1731 3762 τὸ

166 3797 379 3867 ἀσθενὲς
408 3803 469 3855 ὲν
501 3801 682 3873 ίσχύῖ,
719 3802 813 3856 καὶ
852 3803 915 3857 τὸ
957 3802 1200 3874 παθητὸν
1239 3804 1296 3855 ὲν
1333 3801 1606 3873 ἀπαθείᾳ,
1637 3802 1731 3855 καὶ

164 3888 222 3942 τὸ
245 3891 481 3965 φθαρτὸν
510 3895 568 3947 ἐν
596 3894 893 3965 ἀφθαρσίᾳ,
922 3893 1018 3946 καὶ
1047 3894 1110 3947 τὸ
1143 3892 1334 3965 θνητὸν
1359 3895 1417 3947 ὲν
1442 3893 1731 3963 ἀθανασίᾳ.

171 3980 237 4035 Τὸ
256 3983 594 4052 μυστήριον
624 3984 800 4038 τοῦτο
837 3983 986 4054 μέγα
1013 3982 1205 4047 ἐστὶν,
1236 3983 1311 4047 ὥς
1327 3999 1489 4053 φησιν
1516 3984 1546 4035 6
1579 3980 1732 4035 Ἀπό-

168 4072 378 4139 στολος·
421 4074 540 4145 ἐγὼ
568 4075 637 4129 δὲ
664 4074 839 4146 λέγω,
874 4078 963 4141 εις
1024 4074 1304 4144 Χριστὸν,
1343 4073 1442 4128 καὶ
1487 4076 1573 4139 είς
1615 4073 1731 4140 τὴν

178 4161 555 4235 Ἐκκλησίαν.
580 4168 656 4221 Οὐ
676 4166 786 4238 γὰρ
812 4163 973 4239 ἦλθεν
995 4168 1029 4237 ὴ
1058 4165 1249 4237 θεότης
1282 4166 1479 4237 ἑαυτὴν
1507 4163 1728 4218 δικαιῶ-

171 4268 270 4320 σαι,
302 4258 427 4312 οΰτε
462 4258 573 4330 (87)
616 4260 725 4332 γὰρ
764 4260 1012 4331 ἥμαρτεν
1032 4298 1046 4323 ,
1094 4259 1255 4312 Ἀλλ’
1282 4256 1623 4326 ὲπτώχευσε
1652 4254 1726 4309 δι’

1827 1897 1857 1938 a
1892 1882 2203 1952 captivitate
2246 1882 2477 1936 liberum
2510 1896 2658 1948 esse,
2688 1881 2782 1951 qui
2832 1878 3001 1936 semel
3029 1880 3085 1935 in
3119 1880 3405 1949 captivita-

1825 1982 1933 2027 tem
1964 1981 2119 2029 actus
2151 1972 2261 2027 sit?
2297 1981 2357 2028 ut
2385 1972 2760 2042 impotentiam
2790 1972 3006 2042 quidem
3042 1970 3175 2038 Deo,
3212 1983 3405 2041 poten-

1824 2065 1956 2120 tiam
1978 2079 2109 2119 vero
2141 2064 2358 2119 diabolo
2390 2065 2721 2126 attribuatis,
2750 2064 2881 2120 dum
2908 2063 3088 2119 dicitis
3120 2071 3403 2133 peccatum

1826 2157 1895 2212 ab
1941 2156 2061 2225 ipso
2104 2155 2413 2221 inductum,
2463 2170 2745 2225 nunquam
2784 2154 2842 2210 in
2889 2154 3172 2208 hominum
3207 2164 3404 2208 natura

1824 2247 2032 2304 destrui
2079 2262 2239 2317 posse
2270 2245 2353 2318 (ut
2393 2255 2447 2302 et
2487 2247 2667 2302 caeteri
2713 2246 2869 2301 aiunt
2914 2244 3211 2314 haeretici),
3243 2259 3309 2299 ac
3338 2259 3406 2300 ea

1824 2338 1892 2393 de
1913 2353 2076 2393 causa
2104 2336 2317 2393 venisse
2342 2337 2706 2401 divinitatem,
2736 2352 2860 2407 quas
2882 2336 3093 2406 captiva
3118 2350 3402 2405 nunquam

1825 2427 2019 2494 fuerat,
2051 2428 2107 2483 in
2133 2428 2489 2484 similitudine
2521 2428 2704 2485 carnis
2733 2437 2790 2483 et
2816 2427 3048 2495 animas;
3081 2435 3140 2482 ut
3170 2429 3287 2498 ipsa
3318 2442 3408 2483 ca-

1824 2521 2069 2591 ptivitate
2100 2520 2270 2576 libera
2298 2535 2514 2591 semper
2548 2527 2816 2585 maneret,
2845 2525 2901 2573 et
2924 2517 3003 2574 sic
3024 2517 3235 2588 justitia
3266 2532 3408 2587 pura

1828 2622 2135 2684 appareret.
2189 2612 2550 2679 Quandonam
2613 2611 2779 2681 igitur
2835 2609 3134 2665 divinitatis
3188 2608 3410 2675 iustitia

1825 2721 1962 2777 pura
1995 2721 2101 2760 non
2145 2704 2286 2761 luit?
2319 2704 2387 2760 Et
2429 2705 2705 2775 quodnam
2736 2702 2792 2757 in
2828 2702 2948 2759 istis
2992 2717 3118 2772 erga
3155 2702 3408 2759 homines

1825 2799 2186 2866 beneﬁcium,
2232 2796 2339 2852 nisi
2386 2811 2514 2852 cum
2547 2794 2737 2850 eadem
2767 2793 3103 2857 exsistentia,
3145 2800 3202 2847 et
3228 2794 3284 2846 in
3307 2809 3409 2848 na-

1828 2897 1965 2944 tura:
1998 2890 2239 2944 novitate
2272 2886 2615 2958 apparuisset
2644 2883 2930 2949 Dominus,
2975 2891 3036 2937 ut
3070 2882 3147 2937 ait
3169 2881 3408 2952 Aposto-

1827 2983 1957 3037 lus:
2001 2980 2173 3047 Quam
2217 2979 2483 3034 innovavit
2524 2977 2672 3032 nobis
2711 2977 2852 3031 viam
2890 2989 3108 3040 novam,
3148 2982 3198 3028 et
3237 2973 3412 3028 viven-

1831 3082 1932 3127 tem
1961 3074 2005 3104 ¹²
2030 3112 2046 3131 .
2071 3071 2261 3127 dicens
2286 3088 2301 3126 :
2330 3069 2443 3142 Ego
2471 3086 2590 3124 sum
2621 3069 2728 3133 via,
2759 3068 2977 3134 veritas,
3003 3076 3052 3122 et
3081 3066 3189 3121 vita
3212 3066 3276 3121 ¹³.
3303 3064 3411 3121 Sed

1831 3160 1993 3231 757
2043 3161 2258 3226 dicitis,
2306 3159 2668 3215 similitudine
2713 3166 2769 3215 et
2822 3157 3126 3213 imitatione
3174 3157 3410 3212 salutem

1829 3250 2089 3320 consequi
2133 3266 2228 3307 eos
2272 3250 2365 3321 qui
2408 3252 2681 3315 credunt,
2706 3262 2815 3303 non
2885 3248 3240 3303 renovatione
3269 3285 3287 3311 ,
3344 3262 3433 3311 ac.

1829 3342 1984 3412 ipsis-
2014 3342 2294 3413 primitiis.
2344 3340 2466 3407 Quo
2514 3349 2672 3410 pacto
2728 3352 2862 3409 ergo
2912 3337 3308 3409 primogenitus
3349 3338 3410 3393 in

1830 3432 2019 3488 multis
2050 3432 2313 3488 fratribus
2349 3440 2405 3487 et
2436 3431 2693 3502 primitias
2725 3428 3111 3485 dormientium
3155 3426 3411 3485 Christus

1827 3538 1951 3580 esse
1983 3525 2180 3595 potuit,
2213 3524 2304 3594 qui
2348 3532 2425 3578 est
2457 3531 2612 3593 caput
2644 3521 2879 3591 corporis
2910 3518 3163 3573 Ecclesia:
3190 3517 3276 3572 “1'
3298 3515 3409 3573 Ne-

1829 3631 1937 3687 que
1958 3616 2104 3671 enim
2132 3615 2266 3671 ﬁdes
2290 3613 2572 3670 evidenter
2596 3626 2884 3683 apparens,
2916 3610 3052 3667 fides
3081 3609 3190 3665 dici
3213 3618 3409 3680 potue-

1829 3708 1946 3762 rit:
1984 3722 2173 3762 verum
2219 3706 2356 3761 ﬁdes
2403 3714 2488 3761 est
2517 3720 2641 3776 qua:
2667 3702 2815 3773 quod
2853 3700 3195 3772 impossibile
3237 3708 3323 3755 est
3351 3699 3408 3757 iu

1828 3798 2102 3870 potentia,
2133 3798 2279 3868 quod
2322 3796 2600 3853 infirmum
2644 3796 2701 3850 in
2730 3795 2949 3860 virtute,
2977 3793 3124 3864 quod
3150 3793 3412 3864 passibile

1830 3892 1886 3945 in
1910 3889 2371 3960 impassibilitate,
2397 3887 2545 3958 quod
2574 3885 2927 3955 corruptibile
2951 3885 3006 3939 in
3034 3880 3411 3952 incorruptio-

1829 3996 1933 4048 ne,
1984 3980 2131 4050 quod
2183 3978 2415 4034 mortale
2473 3978 2529 4032 in
2582 3975 2994 4031 immortalitate
3040 3988 3163 4030 esse
3190 3966 3408 4030 credit.

1831 4074 2146 4144 Mysterium
2192 4070 2287 4125 hoc
2333 4086 2580 4141 magnum
2620 4079 2733 4134 est,
2777 4076 2839 4123 ut
2868 4067 2946 4123 ait
2977 4066 3292 4137 Apostolus,
3317 4081 3411 4137 ego

1828 4174 2005 4219 autem
2036 4163 2154 4218 dico
2199 4163 2257 4217 in
2301 4160 2536 4227 Christo,
2580 4168 2630 4215 ει
2670 4160 2729 4214 in
2758 4158 3000 4214 Ecclesia
3023 4158 3087 4214 ¹⁸.
3118 4155 3237 4211 Non
3259 4155 3408 4211 enim

1834 4255 1984 4312 venit
2032 4252 2325 4317 divinitas,
2364 4261 2426 4307 ut
2473 4267 2594 4308 sese
2634 4249 2981 4322 justiﬁearet,
3036 4262 3213 4317 neque
3262 4245 3411 4301 enim

167 4342 315 4413 ἡμᾶς
345 4351 643 4416 πλούσιος
694 4349 814 4416 ὢν,
850 4350 951 4405 ἵνα
988 4348 1159 4418 ἡμεῖς
1202 4346 1277 4417 τῇ
1309 4348 1545 4401 ἐκείνου
1577 4360 1729 4400 πτω-

1834 4345 2072 4417 peccavit
2105 4359 2119 4397 :
2159 4341 2262 4399 Sed
2303 4359 2492 4412 egenus
2544 4343 2721 4413 factus
2752 4350 2864 4408 est,
2911 4356 3031 4395 cum
3076 4339 3217 4394 dives
3251 4345 3410 4423 esset.

160 4439 293 4505 χείςι
317 4441 775 4512 πλουτήσωμεν.
826 4440 952 4506 Πῶς
996 4441 1054 4494 δὲ
1097 4437 1442 4511 ἐπτώχευσεν
1479 4439 1509 4491 6
1553 4437 1726 4505 856;;

1834 4447 1891 4492 ut
1919 4454 2013 4492 nos
2042 4436 2188 4491 illius
2223 4436 2405 4506 inopia
2430 4434 2617 4488 divites
2644 4449 2872 4488 essemus
2900 4431 2965 4485 “.
2992 4428 3279 4497 Quomodo
3308 4442 3410 4482 au-

232 4551 390 4631 ’_ls_a.
419 4571 586 4631 Lirin,
597 4557 657 4631 1.
727 4557 778 4631 ff
812 4556 974 4631 _J_oan.
1001 4570 1113 4616 xrv.
1145 4553 1238 4631 ὅθ.
1316 4553 1357 4584 ιι
1398 4551 1421 4605 ι
1449 4550 1594 4607 Ρειιι,
1622 4567 1683 4617 ιι,
1712 4550 1753 4604 ἓξ

1880 4550 1925 4582 ¹¹
1963 4547 2128 4605 Hebr.
2157 4564 2214 4613 ι,
2244 4546 2338 4602 20.
2415 4546 2459 4578 “
2495 4544 2655 4602 Joan.
2678 4560 2791 4611 xxv,
2820 4542 2877 4599 6.
2950 4542 2996 4575 “
3036 4539 3218 4597 Colos.
3246 4554 3289 4604 ι,
3322 4536 3410 4631 18.

175 4619 215 4652 ⁸⁸
248 4621 445 4694 Ephes.
475 4626 529 4690 5,
556 4619 646 4682 32.
724 4627 769 4659 “
807 4625 851 4679 ll
879 4625 1006 4681 Cor.
1040 4638 1163 4687 vm,
1194 4622 1248 4678 9.

170 4729 292 4791 vero
310 4719 492 4783 etalii,
509 4718 877 4791 προχώρησιν.
910 4716 1045 4773 Vide
1065 4731 1231 4787 supra
1250 4729 1401 4769 num.
1436 4713 1489 4769 6.
1527 4712 1731 4769 lhidem

175 4785 315 4862 Seg_.,
340 4785 586 4862 ἡττᾶται.

198 4883 220 4930 ‘_
238 4853 536 4930 (79)'Seg.,
569 4859 677 4913 τῶν
728 4862 792 4913 ὲκ
841 4859 943 4930 γῆς
988 4855 1310 4930 ἀνθρώπων,
1351 4853 1726 4930 minus_recte.

174 4922 289 4998 Mox
330 4922 489 4985 idem“
524 4922 588 4984 et
628 4922 1175 4998 Grmcus'S'criptu'rze
1209 4934 1407 4998 textus,
1436 4924 1729 4998 διαϐαίνων

177 4992 261 5115 βίᾳ
298 4999 431 5069 μετὰ
466 4998 668 5070 ἰσχύος.
710 5000 767 5054 1η
797 5000 958 5053 editis
1002 4992 1054 5052 et
1080 4998 1132 5050 in
1165 4996 1396 5058 caeteris,
1431 4994 1519 5064 βίᾳ
1553 4995 1726 5049 deest.

201 5064 367 5115 bulam
420 5070 760 5115 ςρπιιρνίιιη--
794 5070 884 5115 Διὸ
911 5068 1006 5115 καὶ
1053 5071 1081 5115 ὁ
1125 5065 1377 5115 Χριστός.
1412 5062 1581 5115 Paulo
1611 5073 1726 5115 nost

792 5050 1021 5122 diois;le
1041 5050 1081 5121 ’ὁ
1110 5050 1394 5140 Χριστός.⁷
1412 5050 1581 5118 Paulo
1611 5073 1731 5134 post

178 5131 329 5210 Basil.
355 5149 410 5194 et
434 5131 784 5210 Afi'glicanns,
817 5141 1037 5210 εὑρήσει
1070 5131 1241 5210 ούδέν.

243 5208 348 5276 (80)
390 5210 479 5265 Sic
526 5208 649 5278 Seg.
695 5209 849 5264 Gohl.
882 5205 947 5263 δι’
973 5208 1207 5278 Felcktn.
1230 5207 1297 5278 λ1.
1326 5205 1466 5278 Ειίὶιί
1517 5218 1645 5278 vero
1676 5213 1729 5278 et

177 5274 345 5334 atteri
370 5274 749 5350 manuscripti,
779 5281 873 5333 καὶ
898 5279 1017 5332 ὅλον
1043 5276 1156 5348 εἶχε
1193 5276 1284 5330 τὸν
1315 5275 1529 5347 πρῶτον
1550 5276 1579 5327 6
1609 5274 1729 5326 δεύ-

180 5358 325 5411 τερος
369 5351 560 5411 Ἀδάμ.

238 5363 325 5415 ρος
373 5363 560 5421 Ἀδάμ.

245 5419 348 5485 (81)
386 5420 542 5475 anl.
579 5429 634 5474 et
666 5419 907 5475 Fclrkm.
936 5419 988 5481 1,
1029 5417 1125 5471 καὶ
1175 5417 1272 5487 οὐχ
1319 5414 1515 5487 εὑρέθη
1563 5414 1732 5478 δόλος.

181 5478 287 5558 Ηώς
318 5478 496 5554 iidem,
530 5491 655 5553 Πῶς
679 5488 773 5543 οὖν
805 5490 978 5558 ἔλεγε.

245 5556 349 5632 (82)
389 5561 535 5632 8882
567 5554 970 5632 προσαγάγητε.
1009 5557 1174 5632 Paulo
1200 5565 1323 5632 post
1361 5554 1493 5632 $qu
1519 5554 1728 5632 Anglic.

181 5617 383 5699 QQbIe'r.
412 5617 734 5686 etvFelc'km.
757 5617 904 5695 1,’ὲν
940 5632 1006 5699 τῇ
1047 5617 1212 5697 φύσεί
1257 5627 1365 5679 τῶν
1396 5617 1724 5699 ἀνθρώπιον.

182 5688 310 5753 Editi
331 5716 459 5757 vero
479 5710 534 5757 et
558 5701 735 5758 caeteri
765 5688 1140 5768 manuséi'ipti,
1163 5700 1220 5751 ὲν
1247 5699 1312 5768 τῇ
1341 5688 1613 5763 adeas-:06
1638 5690 1725 5748 ἁνὲ

1840 4712 2078 4766 θοώπου.

2225 4779 2400 4866 (ἓοῒιι.Δ
2431 4778 2641 4866 Anglic.
2667 4786 2730 4866 fit
2752 4776 2993 4865 Felckm.
3024 4776 3075 4843 1,
3126 4775 3186 4828 ὲν
3217 4772 3413 4844 ὁμοιώ-

1840 4870 1991 4923 ματι.
2008 4846 2169 4923 Ἐιιίιῖ
2198 4866 2326 4906 vero
2338 4857 2401 4923 et
2435 4846 2565 4923 alii;
2577 4846 2935 4923 EVéngﬂiEt.

1908 4922 2023 4993 (84)
2066 4922 2187 4993 Seg.
2216 4920 2501 4993 Anglican.
2531 4910 2970 4993 Basil.'_Felc_km.
3081 4922 3136 4993 et
3163 4913 3218 4993 5,
3254 4910 3408 4993 πότε.

1835 4983 1957 5046 Mox
1992 4983 2217 5062 Seguér.
2250 4983 2468 5045 Gobler.
2494 4999 2548 5043 et
2579 4987 2817 5043 Felckm.
2848 4990 2903 5055 1,
2947 4989 3043 5041 καὶ
3074 4985 3160 5048 τίς
3199 4984 3258 5038 ὲν
3283 4983 3411 5038 τού-

1834 5080 1966 5125 τοις.

1906 5134 2016 5203 (85)
2056 5131 2444 5203 Seguerianus,
2475 5126 2858 5203 ἀνακαινώσει.

1906 5193 2018 5272 (86)
2063 5193 2186 5271 Seg.
2212 5201 2369 5257 Gobl.
2402 5208 2454 5252 et
2484 5197 2723 5272 Ecl-illm.
2756 5198 2805 5261 1,
2850 5193 3218 5272 κατὰ-ἀδήλου
3249 5208 3412 5272 φερε.

1837 5262 2369 5343 μέζοηίΑηᾳΪῇαιιμιε,
2400 5268 2543 5343 κατά
2564 5267 2758 5343 ἀδήλου
2782 5262 3408 5343 φαιν-ομένηζΜοῆδεκ.

1839 5332 1994 5399 Cohl.
2038 5332 2371 5398 et‘Fclt-km'.
2411 5339 2463 5405 1,
2501 5332 2850 5391 πιστεύουσα.
2899 5332 3041 5389 Editi
3070 5332 3139 5390 ἐι
3183 5332 3296 5400 alii,
3326 5348 3412 5388 πι-

1876 5430 2134 5466 τευσασα.

1842 5432 2209 5557 στῗέἷῗῗέεη
2225 5478 2378 5557 ρύδέ.
2400 5476 2539 5557 ,δί-.οχ
2554 5475 2760 5557 _l_3asil.,
2788 5475 2877 5531 ἵνα
2909 5478 3074 5557 ἡμεῖςΔ
3096 5471 3382 5557 plasticae

1841 5542 1958 5624 μεν.
1991 5542 2205 5624 l'bitleivn'
2223 5549 2326 5624 Sag
2356 5589 2371 5610 ,
2400 5547 2523 5624 Πῶς
2550 5546 2607 5600 δὲ
2628 5542 2969 5624 ἐπτώχευσεν
2997 5548 3026 5599 ὁ
3049 5545 3239 5616 Λόγος.
3265 5542 3410 5601 Editi

1836 5617 1889 5679 et
1922 5624 2033 5690 alii,
2066 5621 2190 5686 Πῶς
2219 5621 2274 5674 δὲ
2302 5618 2641 5689 ἐπτώχευσεν
2671 5619 2698 5671 6
2724 5617 2895 5681 Θεὸς(
