3810 6228
395 293 521 349 lilii

980 292 1038 347 S.
1078 289 1453 347 ATHANASII
1489 288 1642 348 OPP.
1684 289 1870 346 PARS
1907 290 1952 345 1.
1993 319 2064 331 —-
2101 288 2473 346 HISTORICA
2511 287 2599 342 ET
2640 285 3063 344 DOGMATICA.

3516 285 3682 342 “Si

393 428 497 468 rem
526 425 730 481 egenus
755 409 931 465 factus
962 419 1046 465 est
1075 408 1258 466 Deus?
1293 409 1431 477 Quia
1452 426 1678 483 egenam
1713 422 1954 466 naturam

2066 410 2153 464 ὃτι
2184 409 2286 480 τὴν
2324 405 2719 478 πτωχεύσασαν
2756 404 2919 475 φύσιν
2944 406 3002 457 ὲν
3027 403 3208 475 ἑαυτῷ
3243 402 3569 464 ἀνελάϐετο,
3599 405 3678 457 ιν

391 518 444 557 ιιι
480 501 660 571 seipso
688 502 1018 572 assumpsit;
1057 518 1322 573 eamque,
1352 504 1481 559 dum
1521 504 1638 575 ipsa
1670 505 1723 558 iu
1748 504 1961 574 justitia

387 592 626 664 degeret,
659 607 758 663 pro
780 593 1114 658 hominibus,
1146 595 1427 664 suppliciis
1458 594 1681 665 obiecit,
1712 611 1836 665 qua:
1867 596 1965 650 ho-

387 685 631 740 minibus
663 686 932 752 superior,
952 701 1020 740 ex
1041 686 1355 744 hominibus
1384 697 1732 758 apparuerat,
1758 687 1964 759 Deique

386 784 501 831 tota
530 775 669 831 faeta
714 776 908 830 fuerat.
938 776 996 833 Si
1026 780 1170 833 enim
1211 781 1605 853 primogenitus
1641 780 1817 837 factus
1850 797 1961 837 non

384 867 610 921 essetin
648 867 834 922 muitis
866 865 1163 934 fratribus,
1198 873 1598 941 quomodonam
1633 874 1964 943 primogeni-

386 965 476 1012 tus
502 974 569 1012 ex
604 962 834 1015 mortuis
860 962 1012 1017 visus
1033 962 1212 1018 esset?
1239 962 1352 1018 Cur
1380 964 1562 1034 itaque
1590 966 1791 1032 dicitis,
1819 965 1962 1021 Deus

384 1048 481 1118 qui
513 1064 609 1118 per
640 1065 858 1105 carnem
892 1067 1089 1120 passus
1111 1061 1215 1116 cst,
1244 1065 1299 1105 et
1335 1054 1668 1107 resurrexit?
1698 1051 1745 1108 0
1768 1055 1965 1108 absur-

383 1138 609 1193 ditatem
667 1150 721 1195 et
764 1142 1190 1211 blasphemiam!
1242 1141 1400 1198 Tales
1446 1153 1576 1197 sunt
1631 1143 1958 1198 Arianorum

385 1242 578 1284 ausus.
608 1228 688 1284 llli
719 1232 863 1285 enim
896 1232 1165 1300 ejusmodi
1194 1232 1586 1303 blasphemiam
1616 1235 1960 1304 impudenter

385 1318 691 1389 proferunt,
737 1324 831 1391 qui
866 1321 960 1377 Dei
1004 1322 1200 1378 Filium
1248 1325 1503 1381 simulate
1549 1324 1717 1380 Deum
1751 1342 1963 1382 uuucu-

384 1425 517 1478 pare
538 1412 850 1467 didicerunt
876 1430 889 1465 :
920 1415 1146 1470 docente
1175 1417 1300 1471 licet
1329 1415 1629 1487 Scriptura,
1666 1434 1764 1488 per
1786 1417 1958 1473 Deum

387 1502 444 1556 in
488 1518 654 1559 carne
686 1506 806 1574 ejus
835 1509 1141 1576 passionem
1187 1509 1504 1581 contigisse,
1547 1525 1722 1581 neque
1775 1520 1958 1566 tamen

387 1592 555 1649 Deum
587 1597 839 1672 inparue
870 1614 1089 1669 passum
1115 1616 1256 1660 esse.

456 1688 545 1743 12.
589 1688 693 1756 Qui
740 1691 903 1763 igitur
948 1693 1524 1749 cousubstantialitatis
1557 1695 1953 1754 confessionem

2075 498 2184 571 ἰδίᾳ
2224 498 2545 570 δικαιοσύνῃ
2589 496 2797 567 ταύτην
2860 491 3301 565 προϐαλλόμενος
3350 492 3463 564 (88)
3513 493 3680 567 ὑπὲρ

2069 589 2372 664 ἀνθρώπων
2423 590 2741 659 πάσχουσαν
2787 585 2883 640 καὶ
2918 586 3061 655 ὑπὲρ
3098 583 3423 657 ἀνθρώπους
3463 581 3677 649 οὖσαν,

2069 679 2165 735 καὶ
2188 677 2249 745 ἐξ
2279 678 2583 751 ἀνθρώπων
2609 676 3016 749 φανερωθεῖσαν
3042 715 3058 740 ,
3091 677 3188 730 καὶ
3221 674 3359 729 Θεοῦ
3387 675 3524 747 ὅλην
3562 692 3672 745 γε-

2068 774 2319 844 νομένην.
2355 772 2418 827 Ei
2447 770 2558 842 γὰρ
2588 770 2662 842 μὴ
2688 770 3036 843 πρωτότοκος
3063 768 3308 838 ἐγεγόνει
3342 770 3403 822 ὲν
3436 769 3674 833 πολλοῖς

2068 865 2317 935 ἀδελφοῖς
2350 905 2366 928 ,
2415 864 2536 929 πῶς
2579 863 2648 918 ἂν
2700 870 2711 910 ι
2721 863 2813 935 89)
2860 863 3207 943 πρωτότοκος
3244 859 3402 932 ὤφθη
3444 862 3513 916 ὲκ
3543 861 3673 915 τῶν

2067 957 2311 1030 νεκρῶν;
2353 956 2479 1021 Πῶς
2515 951 2608 1009 οὖν
2635 954 2847 1024 λέγετε,
2882 956 2912 1008 ὁ
2954 953 3088 1017 Θεὸς
3113 955 3143 1008 ὁ
3181 952 3271 1006 διὰ
3305 952 3512 1025 σαρκὸς
3546 969 3671 1005 πα-

2067 1049 2176 1105 θὼν
2209 1050 2305 1104 καὶ
2331 1048 2570 1113 ἀναστάς
2594 1065 2610 1116 ;
2642 1047 2751 1102 Φεῦ
2780 1050 2880 1118 τῆς
2897 1046 3127 1110 ἀτοπίας
3153 1045 3248 1099 καὶ
3274 1046 3375 1117 τῆς
3408 1045 3671 1117 βλασφη-

2070 1144 2231 1214 μίαςί
2275 1142 2567 1215 ’Λρειανῶν
2613 1141 2683 1196 τά
2727 1141 2954 1194 τοιαῦτα
3012 1138 3365 1209 τολμήματα.
3423 1140 3667 1193 Ἐκεέναι

2064 1236 2176 1307 γὰρ
2220 1234 2320 1305 τὴν
2358 1232 2612 1303 τοιαύτην
2649 1232 2997 1303 βλασφημίαν
3031 1230 3429 1307 προξάλὶονται
3455 1230 3663 1297 ἀδεῶς,

2066 1326 2446 1401 πρωποιητῶς
2489 1324 2600 1396 (90)
2628 1322 2916 1395 ὀνομάζειν
2946 1323 3081 1376 Θεὸν
3111 1320 3204 1376 τὸν
3229 1322 3359 1376 Υίὸν
3388 1323 3486 1376 τοῦ
3515 1320 3665 1376 Θεοῦ

2068 1419 2451 1492 μεμαθηκότες
2476 1434 2492 1449 θ
2524 1417 2703 1471 καίτοι
2747 1416 2847 1488 τῆς
2882 1414 3105 1487 Γραφῆς
3143 1414 3542 1485 διδασκούσης,
3564 1414 3663 1468 ’ὅτι

2065 1511 2153 1566 διὰ
2202 1509 2338 1565 Θεοῦ
2382 1512 2440 1564 ὲν
2486 1511 2651 1581 σαρκὶ
2717 1507 2879 1563 αὐτοῦ
2935 1506 2998 1560 τὸ
3042 1506 3214 1571 πάθος
3263 1506 3461 1576 γέγονε
3483 1548 3501 1573 ,
3559 1509 3664 1563 καὶ

2064 1604 2187 1675 οὐχὶ
2218 1603 2352 1666 Θεὸς
2389 1602 2475 1655 διὰ
2505 1600 2709 1673 σαρκὸς
2733 1599 2954 1654 ἔπαθεν.

2135 1694 2224 1748 12.
2254 1695 2317 1747 Οἱ
2362 1692 2541 1747 τοίνυν
2591 1691 2692 1762 τῆς
2737 1690 3156 1762 όμοουσιότητος
3204 1689 3304 1761 τὴν
3356 1688 3661 1760 ὁμολογίαν

386 1795 482 1836 vos
515 1783 755 1851 profiteri
801 1784 953 1853 prius
986 1785 1328 1850 declarastis,
1360 1786 1637 1855 quomodo
1666 1788 1954 1844 iudivisum

2064 1781 2595 1855 προῢπισχνούμενοι
2628 1779 2748 1844 πῶς
2765 1782 2847 1844 είς
2872 1780 3045 1844 πάθος
3066 1779 3360 1834 καθέλκετε
3388 1780 3455 1833 τὸ
3480 1779 3663 1834 ἀδιαί-

385 1885 583 1926 nomen
616 1874 682 1927 ad
715 1875 1024 1943 passionem
1054 1876 1310 1932 trahitis?
1336 1878 1633 1947 eademque
1660 1892 1844 1949 opera,
1878 1881 1963 1934 in-

383 1962 711 2020 divisibilem
758 1978 1035 2031 naturam,
1071 1967 1397 2022 iueﬂahilem
1436 1968 1694 2023 deitatem
1717 2008 1731 2031 ,
1763 1970 1963 2025 immu-

384 2055 608 2111 tabilem
656 2068 711 2114 et
759 2059 1131 2113 iurat-izrbilcm
1186 2060 1841 2129 consubstantialitatem,
1892 2066 1961 2117 ad

384 2150 697 2219 passionem
760 2152 1027 2208 deducitis
1075 2159 1130 2206 et
1178 2152 1546 2207 resurrexissc
1590 2154 1963 2209 conﬁtemini?

385 2237 445 2294 Si
492 2242 637 2295 enim
677 2240 939 2307 Verbum,
970 2259 1093 2299 cum
1122 2259 1341 2300 carnem
1378 2260 1444 2299 ex
1471 2245 1652 2315 seipso
1677 2254 1959 2301 transmu-

379 2341 585 2398 tasset,
632 2335 700 2390 ad
752 2337 1059 2406 passionem
1114 2352 1289 2408 usque
1328 2339 1598 2407 perrexit,
1650 2354 1776 2393 cum
1823 2339 1960 2393 nihil

382 2426 661 2496 possibile,
689 2436 783 2482 aut
808 2428 1225 2483 resurrectionis
1254 2443 1421 2495 capax
1456 2429 1510 2483 irt
1539 2444 1600 2483 se
1630 2432 1962 2497 assumpsis-

382 2527 499 2583 sct;
529 2519 706 2588 ipsum
753 2529 900 2575 cer-te
937 2518 1170 2574 Verbum
1222 2518 1381 2575 fuerit
1419 2520 1564 2590 quod
1606 2536 1828 2598 passum
1853 2528 1956 2588 est,

379 2618 436 2665 et
465 2627 530 2665 ex
566 2612 797 2668 mortuis
829 2612 1126 2667 resurrexit
1155 2628 1168 2665 :
1194 2612 1404 2683 eritque
1430 2613 1584 2682 juxta
1618 2612 1957 2669 Valentinum

380 2702 565 2772 passio
593 2700 844 2757 Triuitati
871 2704 1200 2769 communis,
1230 2704 1668 2775 quandoquidem
1694 2703 1954 2771 Verbum,

379 2795 677 2848 secundum
715 2795 951 2848 divinam
986 2803 1235 2849 naturam
1272 2810 1302 2850 a
1330 2794 1491 2850 Patre
1525 2811 1633 2850 non
1660 2796 1958 2851 cstdistin-

379 2895 554 2940 ctum.
582 2885 737 2951 Quod
771 2887 817 2941 si
856 2887 969 2941 hare
1001 2887 1073 2940 ita
1110 2886 1407 2957 intelligere
1434 2887 1488 2940 in
1525 2889 1766 2953 animum
1796 2887 1956 2942 indu-

377 2977 523 3043 citis,
553 2993 801 3048 quzenam
844 2978 956 3040 illa,
991 2993 1196 3048 qutrso,
1223 2978 1609 3048 prophetarum
1642 2978 1952 3050 promissio,

379 3076 475 3122 aut
497 3069 950 3138 erangelistarum
982 3069 1196 3140 generis
1216 3068 1523 3139 descriptio,
1554 3078 1649 3125 aut
1673 3071 1954 3141 apostolo-

378 3172 502 3213 rum
548 3159 895 3214 testiﬁcatio?
942 3174 1041 3214 cur
1084 3159 1254 3216 Maria
1298 3171 1472 3216 mater
1513 3163 1636 3218 istic
1678 3162 1957 3217 adhibita?

354 3264 644 3321 -quorsum
682 3251 812 3305 illud
861 3251 1036 3306 artatis
1076 3260 1407 3323 statumque
1443 3257 1836 3324 augmentum?
1862 3267 1956 3313 aut

377 3340 731 3397 comestionis
769 3342 1083 3413 specimen?
1112 3351 1205 3397 aut
1238 3343 1329 3397 illa
1359 3342 1415 3398 iu
1446 3346 1701 3401 omnibus
1726 3348 1957 3401 commi-

379 3432 672 3489 serationis
719 3433 1021 3498 exbihitio,
1070 3434 1156 3488 vel
1200 3433 1443 3491 nominis
1496 3435 1812 3506 impositio?
1860 3448 1957 3493 aut

378 3538 643 3594 quorsum
676 3524 807 3578 illud
834 3540 849 3577 :
881 3523 1052 3580 Filius
1075 3523 1169 3579 Dei
1200 3524 1345 3580 [ilius
1367 3525 1602 3582 hominis
1634 3526 1810 3584 factus
1835 3529 1957 3584 est?

376 3615 461 3670 vel
486 3615 617 3669 illud
650 3634 664 3670 :
700 3614 872 3671 Homo
917 3616 1163 3671 Christus
1192 3616 1371 3684 Iesus,
1406 3619 1498 3688 qui
1545 3619 1691 3673 dedit
1724 3621 1955 3691 seipaum

377 3708 782 3776 redentptiouem
816 3724 912 3777 pro
936 3709 1092 3764 nobis
1111 3710 1194 3765 "2
1225 3710 1421 3765 illudre
1452 3728 1466 3766 :
1499 3710 1715 3782 Oportet
1746 3711 1955 3768 Filium

375 3798 605 3854 hominis
646 3799 873 3853 multum
915 3803 1051 3871 pati,
1094 3810 1145 3855 et
1189 3802 1441 3874 interﬁci,
1481 3813 1533 3859 et
1580 3805 1735 3858 tertia
1777 3804 1864 3859 die
1888 3819 1955 3860 ex

374 3891 600 3944 mortuis
647 3907 919 3962 resurgere
964 3891 1047 3946 ¹⁸τ
1081 3892 1236 3959 Quod
1272 3894 1316 3949 si
1350 3893 1627 3950 Christum
1684 3903 1953 3966 quatenus

375 3980 542 4036 homo
563 3991 667 4047 est,
697 3984 1007 4054 passibilem
1030 4023 1047 4049 ,
1082 3995 1352 4055 quatenus
1379 4002 1509 4043 vero
1541 3987 1683 4043 Deus
1712 3997 1818 4052 est,
1851 3989 1954 4042 im-

373 4072 685 4142 passibilem
734 4090 843 4128 non
892 4074 1148 4139 creditis,
1194 4076 1290 4132 sed
1332 4077 1399 4131 ad
1434 4079 1715 4148 angustias
1744 4077 1950 4134 redacti

373 4163 627 4233 cogitatis
664 4179 678 4215 :
710 4162 754 4218 si
791 4164 1160 4219 conﬁteamini
1186 4166 1465 4221 Christum
1495 4166 1662 4222 Deum
1690 4177 1742 4222 et
1774 4169 1952 4223 homi—

372 4265 495 4307 nem
531 4267 683 4321 esse;
712 4269 817 4308 non
852 4270 1044 4321 unum,
1074 4256 1165 4311 sed
1195 4256 1329 4311 duos
1360 4272 1456 4311 vos
1481 4257 1699 4313 dicere:
1727 4273 1952 4313 necesse

371 4345 538 4417 igitur
570 4356 654 4404 est
681 4363 800 4413 vos,
828 4358 922 4404 aut
960 4350 1251 4419 passionis,
1288 4352 1479 4406 mortis
1506 4359 1561 4405 et
1596 4356 1951 4407 resurrectio.

2066 1890 2223 1947 ρετον
2252 1875 2425 1945 ὄνομα
2456 1888 2470 1938 ;
2502 1874 2605 1945 τὴν
2651 1873 2948 1945 ἀμέριστον
2978 1873 3142 1942 φύσιν
3165 1873 3320 1948 ..τὴν
3368 1873 3661 1944 ἄφραστον

2063 1968 2314 2039 θεότητα,
2347 1967 2446 2039 τὴν
2474 1968 2741 2037 ἄτρεπτον
2761 1966 2858 2019 καὶ
2872 1966 3228 2021 ἀναλλοίωτον
3251 1968 3659 2039 ὀμοουσιότητα

2063 2063 2144 2125 εἰς
2175 2060 2347 2125 πάθος
2373 2059 2758 2123 καθέλκοντες,
2792 2058 2890 2113 καὶ
2940 2059 2997 2125 ἐξ
3051 2059 3404 2122 ἀναστάσεως
3453 2058 3659 2130 ὁμολο-

2061 2151 2318 2221 γοῦντεςς
2350 2152 2414 2205 Εἰ
2464 2152 2564 2222 μὲν
2607 2150 2720 2221 γὰρ
2764 2151 2822 2217 ἐξ
2866 2149 3064 2204 ἑαυτοῦ
3111 2150 3221 2222 (9|)
3267 2154 3658 2222 μεταποιήσας

2063 2244 2242 2317 σάρκα
2274 2245 2303 2298 ό
2328 2243 2500 2313 Λόγος
2536 2244 2699 2316 μέχρι
2729 2243 2936 2307 πάθους
2979 2241 3300 2315 κεχώρηκε,
3340 2243 3517 2313 μηδὲν
3544 2260 3657 2298 παο

2064 2336 2286 2405 θητικὸν
2315 2336 2348 2408 ἢ
2375 2336 2670 2391 ἀνάστασιν
2701 2334 3088 2406 ἐπιδεχόμενον
3119 2335 3179 2387 ἐν
3209 2334 3393 2406 ἑαυτῷ
3412 2335 3657 2407 προσλα-

2061 2428 2313 2499 ϐόμενος,
2334 2427 2497 2491 αὐτὸς
2526 2426 2592 2481 ἂν
2617 2426 2702 2499 εἴη
2723 2427 2834 2497 (92)
2854 2429 2883 2480 ό
2899 2425 3087 2480 παθὼν
3106 2426 3199 2481 καὶ
3212 2427 3455 2491 ἀναστὰς
3475 2428 3544 2481 ἐκ
3565 2443 3659 2480 νε-

2060 2520 2209 2594 κρῶν
2223 2537 2237 2551 ⁸
2257 2519 2408 2574 ἔσται
2423 2520 2480 2573 δὲ
2497 2519 2673 2573 κοινὸν
2694 2520 2794 2589 τῆς
2811 2519 3041 2591 Τριάδος
3062 2520 3124 2573 τὸ
3151 2519 3324 2584 πάθος
3342 2519 3493 2574 κατά
3507 2522 3656 2575 Οὐα-

2057 2611 2314 2677 λεντῖνον,
2329 2611 2636 2681 ἀδιαιρέτου
2652 2613 2716 2664 ὲκ
2737 2610 2952 2682 Πατρὸς
2972 2612 3068 2665 τοῦ
3085 2612 3257 2681 Λόγου
3280 2613 3653 2683 τυγχάνοντος

2058 2704 2203 2757 κατὰ
2218 2702 2316 2775 τὴν
2334 2702 2442 2773 (95)
2460 2702 2612 2756 θείαν
2637 2702 2820 2773 φύσιν.
2850 2703 2911 2757 Ei
2929 2703 2986 2756 δὲ
3006 2702 3181 2756 ταῦτα
3208 2702 3351 2756 οὕτω
3365 2706 3516 2757 νοεῖν

2057 2797 2235 2864 λεσθε,
2269 2798 2355 2862 τίς
2377 2801 2410 2870 ή
2436 2798 2524 2850 διὰ
2557 2797 2665 2851 τῶν
2700 2796 2999 2868 προφητῶν
3046 2796 3349 2865 ἐπαγγελία
3377 2836 3394 2860 ,
3439 2796 3476 2869 ἢ
3534 2797 3657 2852 τῶν

2059 2889 2458 2960 εὐαγγελιστῶν
2488 2892 2522 2961 ἡ
2551 2888 2944 2960 γενεαλογία,ἢ
2974 2888 3082 2943 τῶν
3108 2889 3426 2943 ἀποστόλων
3444 2893 3481 2961 ἠ
3510 2907 3656 2963 μαρ-

2054 2984 2237 3057 τυρία,
2277 2983 2310 3056 ἢ
2339 2983 2441 3055 τῆς
2471 2982 2678 3055 μητρὸς
2722 2983 2947 3054 Μαρίας
2979 2985 3014 3054 ἠ
3059 2983 3425 3055 παράστασις,
3459 2983 3499 3054 ἢ
3544 2984 3661 3057 τῆς

2056 3075 2277 3148 ἡλικίας
2317 3077 2350 3148 ἠ
2394 3072 2645 3145 αὔξησις,
2690 3072 2725 3145 ἢ
2775 3074 2877 3145 τῆς
2918 3072 3174 3147 βρώσεως
3204 3075 3239 3145 ὴ
3284 3072 3573 3140 ἐπίδειξις,
3608 3076 3649 3147 ἢ

2056 3168 2156 3239 τῆς
2185 3165 2329 3222 κατά
2361 3168 2538 3222 πάντα
2585 3164 2931 3238 συμπαθείας
2963 3168 2997 3237 ἡ
3026 3165 3267 3231 ἔνδειξις.
3301 3165 3335 3236 ἢ
3382 3165 3480 3219 τοῦ
3526 3166 3659 3221 ὀνό-

2058 3275 2229 3331 ματος
2258 3258 2369 3331 (91)
2400 3262 2435 3331 ἡ
2469 3257 2884 3332 προσαγωγὴ,ἢ
2919 3258 3002 3313 ὅτι
3025 3260 3055 3309 ό
3080 3258 3208 3322 Υίὸς
3235 3256 3330 3312 τοῦ
3355 3257 3497 3311 Θεοῦ
3526 3258 3655 3325 υίὸς

2056 3350 2343 3423 ἀνθρώπου
2432 3350 2655 3419 γέγονεν
2688 3391 2704 3415 ,
2763 3350 2798 3423 ἢ
2862 3352 2945 3405 ὅτι
2999 3350 3309 3419 ἄνθρωπος
3388 3349 3657 3418 Ἰησοῦς

2052 3438 2329 3508 Χριστὸς,
2356 3441 2391 3493 ὁ
2418 3437 2564 3505 δοὺς
2600 3438 2819 3493 ἑαυτὸν
2859 3439 3223 3508 ἀντίλυτρον
3247 3437 3403 3507 ὑπὲρ
3426 3437 3609 3509 ἡμῶν
3625 3457 3651 3504 ;

2054 3527 2087 3600 ἢ
2118 3530 2200 3583 ὅτι
2230 3528 2324 3584 δεῖ
2360 3529 2472 3584 τὸν
2506 3531 2645 3584 flor
2680 3529 2788 3585 τοῦ
2828 3529 3146 3599 ἀνθρώπου
3177 3529 3379 3585 πολλά
3422 3530 3652 3586 παθεῖν

2052 3621 2151 3675 καὶ
2176 3620 2646 3690 ἀποκτανθῆναι,
2673 3619 2774 3678 καί
2798 3619 2875 3690 τῇ
2904 3622 3070 3690 τρίτῃ
3093 3620 3284 3691 ἡμέρᾳ
3313 3622 3383 3675 ἐκ
3402 3620 3651 3689 νεκρῶν

2051 3710 2429 3781 ἀναστῆναις
2472 3712 2537 3765 Et
2576 3712 2634 3766 δὲ
2685 3711 2762 3784 μὴ
2812 3712 3120 3780 πιστεύετε,
3175 3714 3258 3767 ὃτι
3305 3713 3560 3787 παθητὸς
3610 3717 3648 3771 δ

2051 3803 2308 3876 Χριστὸς,
2343 3803 2530 3876 ἐπειδὴ
2567 3802 2852 3876 ἄνθρωπος
2874 3803 2989 3876 (95)
3013 3822 3029 3838 ο
3063 3805 3282 3878 ἀπαθὴς
3306 3806 3401 3870 δὲ,
3439 3807 3643 3881 ἐπειδὴ

2050 3894 2220 3959 Θεός·
2270 3893 2407 3949 ἀλλὰ
2455 3895 2948 3968 στενοχωρούμενοι
2982 3897 3293 3966 λογίζεσθε,
3347 3899 3433 3953 ὅτι
3460 3937 3476 3963 ,
3534 3898 3644 3955 ἑὰν

2050 3985 2426 4059 ὁμολογήσητε
2474 3985 2608 4041 Θεὸν
2641 3986 2737 4041 καὶ
2775 3987 3061 4061 ἄνθρωπον
3106 3988 3198 4044 τὸν
3240 3990 3498 4061 Χριστὸν,
3532 3992 3641 4046 οὐκ

2050 4075 2131 4129 ἔτι
2152 4076 2270 4141 ἕνα,
2296 4076 2435 4130 ἀλλά
2458 4075 2551 4130 δύο
2576 4077 2763 4147 λέγετε
2789 4095 2804 4109 °
2839 4080 3054 4151 ἀνάγκη
3094 4081 3239 4151 ὑμᾶς
3280 4080 3313 4152 ἢ
3350 4080 3452 4151 τὴν
3483 4082 3626 4136 olito-

2051 4168 2245 4239 νομίαν
2274 4168 2368 4223 τοῦ
2403 4168 2607 4234 πάθους
2635 4170 2731 4224 καὶ
2754 4168 2850 4224 τοῦ
2885 4170 3116 4226 θανάτου
3145 4174 3239 4227 καὶ
3260 4171 3360 4243 τῆς
3392 4173 3636 4228 ἀναστά-

2052 4277 2191 4324 σεως
2213 4259 2434 4333 δόκησιν
2465 4260 2666 4330 λέγειν,
2705 4262 2847 4317 κατά
2887 4263 3189 4335 Μαρκίωνα
3222 4264 3317 4316 καὶ
3355 4264 3489 4327 τοὺς
3531 4259 3630 4319 ἀλ·

2049 4351 2175 4415 λους
2206 4351 2536 4424 αἱρετικοὺς,
2579 4350 2613 4421 ἢ
2658 4350 2758 4423 τὴν
2812 4350 3045 4423 θεότητα
3088 4351 3184 4406 τοῦ
3222 4352 3397 4421 Λόγου
3445 4352 3631 4424 παθη-

371 4441 459 4494 ιιίε
505 4442 889 4509 (economiam,
939 4457 1145 4496 meram
1193 4443 1429 4512 speciem
1471 4442 1760 4511 aﬂirmarc,
1789 4445 1945 4514 juxta

2062 4442 2148 4514 τὴν
2196 4442 2483 4515 ὀνομάζειν
2510 4486 2526 4512 ,
2579 4442 2727 4499 κατά
2763 4444 2981 4517 ’Δρειον
3036 4444 3134 4498 κα)⁸
3181 4445 3309 4510 τοὺς
3357 4448 3483 4499 κατ’
3530 4446 3635 4501 αὐ-

368 4529 697 4588 Marcionem
722 4542 777 4589 et
802 4534 938 4589 alios
960 4533 1282 4601 bzereticos;
1315 4544 1410 4590 aut
1440 4535 1799 4602 divinitatem,
1824 4550 1945 4606 pas-

368 4625 908 4692 sibilem,secundum
920 4625 1109 4681 Arium
1127 4627 1356 4698 ejusque
1373 4643 1652 4696 sequaces,
1671 4631 1973 4687 nominare.

440 4721 484 4755 ¹⁷
522 4719 544 4774 ι
574 4721 717 4775 Tim.
749 4736 807 4784 ιι,
836 4722 888 4777 5.
966 4721 1012 4753 ⁸⁸
1047 4719 1181 4777 Luc.
1213 4738 1364 4785 xxiv,
1394 4720 1466 4777 26
1495 4731 1550 4777 et
1573 4722 1725 4777 alibi.

441 4835 554 4907 (88)
596 4834 821 4907 Seguer.
857 4831 1019 4907 Gelli,
1048 4843 1103 4907 et
1152 4834 1388 4907 Felclttn.
1427 4836 1480 4900 1,
1513 4835 1936 4907 προϐαλόμενος.

367 4905 510 4961 Ειιίιί
557 4916 610 4958 et
654 4905 769 4964 alii.
801 4904 1265 4975 προβαλλόμενος.
1292 4905 1409 4958 Mox
1445 4904 1636 4960 omnes
1670 4904 1781 4962 fere
1822 4924 1941 4961 ma-

367 4976 654 5037 nusCripli,
686 4974 829 5044 ὑπὲρ
856 4973 1191 5045 ἀνθρῦιςτους.
1229 4974 1271 5028 Ε
1294 4977 1367 5028 lili
1419 4991 1542 5028 cum
1587 4978 1937 5042 quibusdam.

367 5048 508 5116 ὑπὲρ
543 5043 849 5117 ἄνθρωπον.
871 5043 1001 5117 Mox
1040 5046 1171 5117 _Seg.
1219 5047 1378 5117 Gohl.
1408 5055 1463 5100 ct
1490 5045 1729 5102 Felekm.
1762 5047 1813 5111 1,
1844 5048 1939 5102 καὶ

365 5113 498 5180 Θεὸς
526 5113 656 5188 ὃλην
684 5114 1003 5188 γενομένην..
1039 5113 1223 5188 Leotio
1249 5116 1437 5188 dubia.

440 5188 551 5253 (89)
593 5184 646 5240 In
683 5186 932 5254 Seguer.,
963 5184 1027 5238 ἄν
1072 5186 1241 5240 (ιρι-ει.
1274 5185 1635 5241 Gohlerianus
1674 5197 1855 5240 autem
1886 5198 1941 5243 et

365 5255 605 5380 Felclzm.
636 5256 693 5321 2,
724 5252 842 5320 πῶς
874 5252 985 5311 οὖν.
1016 5254 1188 5311 Paulo
1218 5266 1361 5326 post,
1398 5255 1545 5325 Seg.,
1576 5257 1657 5309 ὅτι
1693 5257 1826 5321 Θεὸς
1853 5257 1940 5311 διά

368 5343 508 5380 σαοκ
545 5344 589 5380 :.

368 5343 589 5389 σαρκὸς.

439 5344 963 5470 ῗέὄῖξρᾳιιειῇοηιιε
996 5395 1157 5470 habet
1184 5395 1278 5470 καί
1303 5404 1430 5452 ante
1456 5396 1859 5470 προσποιητῶς.

439 5467 554 5534 (9|)
594 5467 984 5536 Segueriauus,
1011 5466 1072 5531 ἐξ
1092 5466 1286 5521 ἀύτοῦ.
1503 5466 1516 5493 ³

395 5537 550 5662 [(92)
589 5537 666 5592 lta
694 5552 884 5591 omnes
914 5538 1294 5607 manuscripti.
1326 5537 1471 5594 Editi
1499 5552 1651 5603 vero,
1687 5537 1848 5601 αὐτὸς
1861 5536 1936 5591 ὣν

415 5623 470 5662 η.
1388 5658 1397 5661 _

366 5623 470 5661 ειη.
1388 5658 1397 5661 -

415 5623 550 5749 ιγ(91⁷))
589 5675 683 5733 Sic
724 5689 918 5732 omnes
958 5675 1337 5747 manuscripti.
1372 5658 1429 5735 in
1465 5678 1627 5737 editis
1654 5694 1803 5746 vero,
1834 5680 1934 5752 τήν

2043 4536 2139 4591 τόν
2168 4535 2301 4609 (96).

2041 4837 2213 4893 deest.
2242 4835 2367 4891 Mox
2396 4836 2631 4890 multum
2662 4833 2878 4905 variant
2898 4835 3433 4905 Amanuscriptimam
3457 4838 3622 4901 Gobl,

2044 4906 2169 4973 Seg.
2197 4916 2251 4962 et
2277 4905 2517 4961 Felckm.
2555 4905 2606 4968 1,
2647 4902 2824 4959 ταῦτα
2852 4903 2995 4958 οὓτω
3021 4909 3162 4959 νοεῖν
3188 4902 3459 4962 πείθεσθε.
3505 4910 3625 4966 An-

2041 4976 2497 5044 glicanusnatﬁta
2522 4975 2664 5029 οὕτω
2691 4977 2832 5027 νοεῖν
2851 4975 2913 5028 οὐ
2936 4974 3208 5031 πείθεσθε.
3234 4978 3423 5044 Basil.,
3442 4980 3624 5037 ταῦτα

2040 5045 2185 5099 οὕτω
2236 5050 2377 5101 νοεῖν
2421 5048 2485 5117 οὐ
2525 5044 2798 5117 βούλεσθε.
2833 5044 2978 5099 Editi
3005 5056 3060 5102 et
3092 5048 3207 5113 alii,
3251 5046 3427 5104 ταῦτα
3472 5050 3625 5106 οὕτω

2040 5120 2180 5169 νοεῖν
2216 5116 2492 5187 βούλεσθε.

2022 5217 2037 5234 ο
2110 5183 2225 5263 (94)
2263 5187 2420 5263 _Gobl.
2449 5197 2502 5242 et
2529 5183 2768 5263 Felckm.
2802 5185 2854 5249 1,
2886 5187 2920 5256 ἡ
2948 5185 3206 5263 ἐπίδειξις
3223 5189 3262 5263 il
3280 5187 3390 5263 *τοῦ
3409 5190 3619 5263 ῥνόμα-

2039 5256 2150 5321 τος.
2196 5260 2335 5311 Intra
2372 5272 2566 5313 omnes
2590 5256 3122 5327 fure_mattuscripli,
3151 5257 3244 5310 καὶ
3276 5258 3359 5311 ὅτι
3400 5256 3617 5327 ἄνθρω-

2037 5327 2403 5400 ποςηΧριστὸς
2422 5325 2667 5400 ΑἸησούς.
2697 5324 2837 5400 Editi
2857 5336 2941 5400 _et
2969 5328 3099 5400 alii,
3128 5327 3296 5400 16st,
3328 5338 3434 5400 etc,
3463 5324 3614 5397 Mox,

2037 5394 2370 5472 ἀντίλυτρον,
2402 5394 2564 5472 deest
2587 5397 2639 5472 in
2692 5394 2814 5472 Se}:
2848 5394 3004 5451 Gobl.
3034 5406 3091 5451 et
3139 5394 3377 5453 Fcltknt.
3409 5398 3463 5467 1,
3511 5394 3617 5472 pro

2037 5482 2148 5537 quo
2188 5464 2523 5537 Anglicanus
2548 5466 2732 5537 habet,
2754 5464 2966 5537 λύτρον.

2110 5538 2220 5609 (95)
2263 5536 2488 5608 Seguer.
2536 5534 2693 5591 Gobl.
2722 5545 2778 5592 et
2822 5534 3062 5592 Felrkm.
3095 5538 3148 5603 1,
3174 5538 3362 5612 ἐπειδὴ
3391 5540 3488 5596 καὶ
3514 5541 3615 5598 ἇν-

2038 5607 2412 5750 magicam.
2446 5686 2500 5733 et
2525 5674 2761 5733 Felcltm.
2800 5676 2850 5742 1,
2888 5678 3015 5743 τοὺς
3042 5681 3161 5733 κατ’
3200 5680 3365 5737 αὐτὸν
3403 5683 3616 5754 αἱρετι-
