  <div class='ocr_page' id='page_1' title='image "/cluster/home/n/w/nwhite01/storage/ocr_20150623/26/nnc1.0046978577/593.png"; bbox 0 0 3810 6228; ppageno 0'>
   <div class='ocr_carea' id='block_1_1' title="bbox 409 275 546 330">
    <p class='ocr_par' dir='ltr' id='par_1_1' title="bbox 409 275 546 330">
     <span class='ocr_line' id='line_1_1' title="bbox 409 275 546 330; baseline 0.007 -1"><span class='ocrx_word' id='word_1_1' title='bbox 409 275 546 330; x_wconf 80' lang='grc'>1155</span> 
     </span>
    </p>
   </div>
   <div class='ocr_carea' id='block_1_2' title="bbox 944 269 1988 330">
    <p class='ocr_par' dir='ltr' id='par_1_2' title="bbox 944 272 1988 330">
     <span class='ocr_line' id='line_1_2' title="bbox 944 272 1988 330; baseline -0.001 -2"><span class='ocrx_word' id='word_1_2' title='bbox 944 275 1000 328; x_wconf 92' lang='lat' dir='ltr'><strong>S.</strong></span> <span class='ocrx_word' id='word_1_3' title='bbox 1039 273 1408 329; x_wconf 67' lang='lat' dir='ltr'><strong>ATIIANASII</strong></span> <span class='ocrx_word' id='word_1_4' title='bbox 1442 274 1592 330; x_wconf 78' lang='lat' dir='ltr'><strong>OPP.</strong></span> <span class='ocrx_word' id='word_1_5' title='bbox 1638 274 1817 328; x_wconf 78' lang='lat' dir='ltr'><strong>PARS</strong></span> <span class='ocrx_word' id='word_1_6' title='bbox 1857 272 1896 330; x_wconf 87' lang='grc' dir='ltr'>Ι.</span> <span class='ocrx_word' id='word_1_7' title='bbox 1946 303 1988 314; x_wconf 94' lang='grc'><strong><em>-</em></strong></span> 
     </span>
    </p>
   </div>
   <div class='ocr_carea' id='block_1_3' title="bbox 2128 269 3012 330">
    <p class='ocr_par' dir='ltr' id='par_1_3' title="bbox 2128 269 3012 328">
     <span class='ocr_line' id='line_1_3' title="bbox 2128 269 3012 328; baseline -0.008 0"><span class='ocrx_word' id='word_1_8' title='bbox 2128 270 2416 328; x_wconf 73' lang='lat' dir='ltr'><strong>STORICA</strong></span> <span class='ocrx_word' id='word_1_9' title='bbox 2458 270 2545 324; x_wconf 81' lang='grc' dir='ltr'><strong>ΕΤ</strong></span> <span class='ocrx_word' id='word_1_10' title='bbox 2590 269 3012 325; x_wconf 68' lang='grc' dir='ltr'><strong>ῡΟῦΜᾹΤΙΟᾹ.</strong></span> 
     </span>
    </p>
   </div>
   <div class='ocr_carea' id='block_1_4' title="bbox 3526 269 3691 322">
    <p class='ocr_par' dir='ltr' id='par_1_4' title="bbox 3526 269 3691 322">
     <span class='ocr_line' id='line_1_4' title="bbox 3526 269 3691 322; baseline 0 0"><span class='ocrx_word' id='word_1_11' title='bbox 3526 269 3691 322; x_wconf 70' lang='lat'><strong>“36</strong></span> 
     </span>
    </p>
   </div>
   <div class='ocr_carea' id='block_1_5' title="bbox 405 370 1988 466">
    <p class='ocr_par' dir='ltr' id='par_1_5' title="bbox 405 370 1980 466">
     <span class='ocr_line' id='line_1_5' title="bbox 405 370 1980 466; baseline 0.001 -17"><span class='ocrx_word' id='word_1_12' title='bbox 405 396 575 466; x_wconf 79' lang='lat' dir='ltr'><strong>plagis</strong></span> <span class='ocrx_word' id='word_1_13' title='bbox 618 404 729 461; x_wconf 87' lang='lat' dir='ltr'><strong>est,</strong></span> <span class='ocrx_word' id='word_1_14' title='bbox 763 404 813 450; x_wconf 89' lang='lat' dir='ltr'><strong>et</strong></span> <span class='ocrx_word' id='word_1_15' title='bbox 857 397 1022 450; x_wconf 81' lang='lat' dir='ltr'><strong>sciens</strong></span> <span class='ocrx_word' id='word_1_16' title='bbox 1072 397 1297 451; x_wconf 79' lang='lat' dir='ltr'><strong>tolerare</strong></span> <span class='ocrx_word' id='word_1_17' title='bbox 1339 370 1708 466; x_wconf 77' lang='lat' dir='ltr'><strong>infirmitatem</strong></span> <span class='ocrx_word' id='word_1_18' title='bbox 1734 397 1801 450; x_wconf 81' lang='lat'><strong>&quot;.</strong></span> <span class='ocrx_word' id='word_1_19' title='bbox 1839 395 1980 464; x_wconf 85' lang='lat' dir='ltr'><strong>Quid</strong></span> 
     </span>
    </p>
   </div>
   <div class='ocr_carea' id='block_1_6' title="bbox 2128 370 3688 466">
    <p class='ocr_par' dir='ltr' id='par_1_6' title="bbox 2128 388 3688 463">
     <span class='ocr_line' id='line_1_6' title="bbox 2128 388 3688 463; baseline -0.008 -14"><span class='ocrx_word' id='word_1_20' title='bbox 2128 399 2178 450; x_wconf 69' lang='grc' dir='ltr'><strong>αἱ</strong></span> <span class='ocrx_word' id='word_1_21' title='bbox 2204 395 2274 448; x_wconf 72' lang='grc' dir='ltr'>τὰ</span> <span class='ocrx_word' id='word_1_22' title='bbox 2314 393 2441 463; x_wconf 77' lang='grc' dir='ltr'><strong>ἑξῆς</strong></span> <span class='ocrx_word' id='word_1_23' title='bbox 2467 409 2479 422; x_wconf 91' lang='grc'><strong>·</strong></span> <span class='ocrx_word' id='word_1_24' title='bbox 2514 393 2641 463; x_wconf 81' lang='grc' dir='ltr'>περὶ</span> <span class='ocrx_word' id='word_1_25' title='bbox 2681 391 2737 444; x_wconf 79' lang='grc' dir='ltr'><strong>δὲ</strong></span> <span class='ocrx_word' id='word_1_26' title='bbox 2782 390 2876 442; x_wconf 86' lang='grc' dir='ltr'><strong>τοῦ</strong></span> <span class='ocrx_word' id='word_1_27' title='bbox 2925 389 3150 451; x_wconf 77' lang='grc' dir='ltr'><strong>πάθους.</strong></span> <span class='ocrx_word' id='word_1_28' title='bbox 3209 388 3556 453; x_wconf 74' lang='grc' dir='ltr'>Ἀνθρωπος</span> <span class='ocrx_word' id='word_1_29' title='bbox 3619 391 3688 438; x_wconf 53' lang='lat' dir='ltr'><strong>g2-</strong></span> 
     </span>
    </p>
   </div>
   <div class='ocr_carea' id='block_1_7' title="bbox 408 487 1981 558">
    <p class='ocr_par' dir='ltr' id='par_1_7' title="bbox 408 487 1981 558">
     <span class='ocr_line' id='line_1_7' title="bbox 408 487 1981 558; baseline 0.001 -16"><span class='ocrx_word' id='word_1_30' title='bbox 408 489 514 543; x_wconf 88' lang='lat' dir='ltr'><strong>sibi</strong></span> <span class='ocrx_word' id='word_1_31' title='bbox 542 489 658 542; x_wconf 91' lang='lat' dir='ltr'><strong>vult</strong></span> <span class='ocrx_word' id='word_1_32' title='bbox 689 487 822 542; x_wconf 90' lang='lat' dir='ltr'><strong>illud</strong></span> <span class='ocrx_word' id='word_1_33' title='bbox 848 505 861 539; x_wconf 87' lang='lat'><strong>:</strong></span> <span class='ocrx_word' id='word_1_34' title='bbox 901 487 1080 542; x_wconf 77' lang='lat' dir='ltr'><strong>Sciens</strong></span> <span class='ocrx_word' id='word_1_35' title='bbox 1109 488 1334 542; x_wconf 70' lang='lat' dir='ltr'><strong>tolerare</strong></span> <span class='ocrx_word' id='word_1_36' title='bbox 1355 489 1765 558; x_wconf 83' lang='lat' dir='ltr'><strong>inﬁrmitatem?</strong></span> <span class='ocrx_word' id='word_1_37' title='bbox 1795 487 1846 542; x_wconf 88' lang='lat' dir='ltr'><strong>id</strong></span> <span class='ocrx_word' id='word_1_38' title='bbox 1880 497 1981 554; x_wconf 90' lang='lat' dir='ltr'><strong>est,</strong></span> 
     </span>
    </p>
   </div>
   <div class='ocr_carea' id='block_1_8' title="bbox 407 579 1982 649">
    <p class='ocr_par' dir='ltr' id='par_1_8' title="bbox 407 579 1982 649">
     <span class='ocr_line' id='line_1_8' title="bbox 407 579 1982 649; baseline -0.001 -15"><span class='ocrx_word' id='word_1_39' title='bbox 407 596 473 634; x_wconf 78' lang='lat' dir='ltr'><strong>ex</strong></span> <span class='ocrx_word' id='word_1_40' title='bbox 527 596 594 634; x_wconf 89' lang='lat' dir='ltr'><strong><em>eo</em></strong></span> <span class='ocrx_word' id='word_1_41' title='bbox 637 579 728 649; x_wconf 89' lang='lat' dir='ltr'><strong>qui</strong></span> <span class='ocrx_word' id='word_1_42' title='bbox 766 595 961 649; x_wconf 83' lang='lat' dir='ltr'><strong>passus</strong></span> <span class='ocrx_word' id='word_1_43' title='bbox 993 589 1096 645; x_wconf 89' lang='lat' dir='ltr'><strong>est,</strong></span> <span class='ocrx_word' id='word_1_44' title='bbox 1135 580 1471 649; x_wconf 87' lang='lat' dir='ltr'><strong>passibilitas</strong></span> <span class='ocrx_word' id='word_1_45' title='bbox 1499 588 1982 634; x_wconf 82' lang='lat' dir='ltr'><strong>commonstratur.</strong></span> 
     </span>
    </p>
   </div>
   <div class='ocr_carea' id='block_1_9' title="bbox 410 671 1987 742">
    <p class='ocr_par' dir='ltr' id='par_1_9' title="bbox 410 671 1987 742">
     <span class='ocr_line' id='line_1_9' title="bbox 410 671 1987 742; baseline 0.001 -16"><span class='ocrx_word' id='word_1_46' title='bbox 410 672 694 741; x_wconf 78' lang='lat' dir='ltr'><strong>Propterea</strong></span> <span class='ocrx_word' id='word_1_47' title='bbox 715 674 858 726; x_wconf 91' lang='lat' dir='ltr'><strong>enim</strong></span> <span class='ocrx_word' id='word_1_48' title='bbox 887 673 961 726; x_wconf 86' lang='lat' dir='ltr'><strong>ait</strong></span> <span class='ocrx_word' id='word_1_49' title='bbox 992 689 1006 726; x_wconf 93' lang='lat'><strong>:</strong></span> <span class='ocrx_word' id='word_1_50' title='bbox 1033 671 1213 726; x_wconf 79' lang='lat' dir='ltr'><strong>Scribe</strong></span> <span class='ocrx_word' id='word_1_51' title='bbox 1241 673 1378 742; x_wconf 79' lang='lat' dir='ltr'><strong>style</strong></span> <span class='ocrx_word' id='word_1_52' title='bbox 1409 673 1637 725; x_wconf 78' lang='lat' dir='ltr'><strong>hominis</strong></span> <span class='ocrx_word' id='word_1_53' title='bbox 1661 674 1729 738; x_wconf 71' lang='grc'><strong>⁸⁸,</strong></span> <span class='ocrx_word' id='word_1_54' title='bbox 1761 673 1814 726; x_wconf 87' lang='lat' dir='ltr'><strong>in</strong></span> <span class='ocrx_word' id='word_1_55' title='bbox 1845 689 1987 728; x_wconf 87' lang='lat' dir='ltr'><strong>novo</strong></span> 
     </span>
    </p>
   </div>
   <div class='ocr_carea' id='block_1_10' title="bbox 407 753 1990 832">
    <p class='ocr_par' dir='ltr' id='par_1_10' title="bbox 407 753 1990 832">
     <span class='ocr_line' id='line_1_10' title="bbox 407 753 1990 832; baseline 0.001 -16"><span class='ocrx_word' id='word_1_56' title='bbox 407 764 614 827; x_wconf 79' lang='lat' dir='ltr'><strong>codice,</strong></span> <span class='ocrx_word' id='word_1_57' title='bbox 647 769 700 814; x_wconf 92' lang='lat' dir='ltr'><strong>et</strong></span> <span class='ocrx_word' id='word_1_58' title='bbox 735 777 844 817; x_wconf 89' lang='lat' dir='ltr'><strong>non</strong></span> <span class='ocrx_word' id='word_1_59' title='bbox 874 762 1056 816; x_wconf 88' lang='lat' dir='ltr'><strong>carnis</strong></span> <span class='ocrx_word' id='word_1_60' title='bbox 1079 761 1252 816; x_wconf 82' lang='lat' dir='ltr'><strong>forma</strong></span> <span class='ocrx_word' id='word_1_61' title='bbox 1300 764 1562 817; x_wconf 91' lang='lat' dir='ltr'><strong>carentis.</strong></span> <span class='ocrx_word' id='word_1_62' title='bbox 1601 753 1990 832; x_wconf 57' lang='lat' dir='ltr'><strong>Et&#39;Apostolus</strong></span> 
     </span>
    </p>
   </div>
   <div class='ocr_carea' id='block_1_11' title="bbox 407 850 1990 923">
    <p class='ocr_par' dir='ltr' id='par_1_11' title="bbox 407 850 1990 923">
     <span class='ocr_line' id='line_1_11' title="bbox 407 850 1990 923; baseline -0.001 -17"><span class='ocrx_word' id='word_1_63' title='bbox 407 851 584 906; x_wconf 88' lang='lat' dir='ltr'><strong>dicit:</strong></span> <span class='ocrx_word' id='word_1_64' title='bbox 627 850 801 904; x_wconf 88' lang='lat' dir='ltr'><strong>Homo</strong></span> <span class='ocrx_word' id='word_1_65' title='bbox 851 851 1094 906; x_wconf 78' lang='lat' dir='ltr'><strong>Christus</strong></span> <span class='ocrx_word' id='word_1_66' title='bbox 1135 851 1293 906; x_wconf 82' lang='lat' dir='ltr'><strong>Jesus</strong></span> <span class='ocrx_word' id='word_1_67' title='bbox 1329 854 1418 923; x_wconf 86' lang='lat' dir='ltr'><strong>qui</strong></span> <span class='ocrx_word' id='word_1_68' title='bbox 1464 852 1608 906; x_wconf 85' lang='lat' dir='ltr'><strong>dedit</strong></span> <span class='ocrx_word' id='word_1_69' title='bbox 1655 854 1990 921; x_wconf 74' lang='lat' dir='ltr'><strong>semetipsum</strong></span> 
     </span>
    </p>
   </div>
   <div class='ocr_carea' id='block_1_12' title="bbox 405 943 1988 1013">
    <p class='ocr_par' dir='ltr' id='par_1_12' title="bbox 405 943 1988 1013">
     <span class='ocr_line' id='line_1_12' title="bbox 405 943 1988 1013; baseline 0.001 -18"><span class='ocrx_word' id='word_1_70' title='bbox 405 960 502 1012; x_wconf 87' lang='lat' dir='ltr'><strong>pro</strong></span> <span class='ocrx_word' id='word_1_71' title='bbox 535 945 682 997; x_wconf 85' lang='lat' dir='ltr'><strong>nobis</strong></span> <span class='ocrx_word' id='word_1_72' title='bbox 711 945 777 996; x_wconf 76' lang='lat'><strong>&quot;.</strong></span> <span class='ocrx_word' id='word_1_73' title='bbox 804 943 1039 1013; x_wconf 84' lang='lat' dir='ltr'><strong>ideoque</strong></span> <span class='ocrx_word' id='word_1_74' title='bbox 1065 945 1116 998; x_wconf 91' lang='lat' dir='ltr'><strong>ei</strong></span> <span class='ocrx_word' id='word_1_75' title='bbox 1147 944 1240 1013; x_wconf 88' lang='lat' dir='ltr'><strong>qui</strong></span> <span class='ocrx_word' id='word_1_76' title='bbox 1267 960 1335 998; x_wconf 80' lang='lat' dir='ltr'><strong>ex</strong></span> <span class='ocrx_word' id='word_1_77' title='bbox 1362 945 1572 999; x_wconf 86' lang='lat' dir='ltr'><strong><em>semine</em></strong></span> <span class='ocrx_word' id='word_1_78' title='bbox 1613 943 1780 997; x_wconf 84' lang='lat' dir='ltr'><strong>David</strong></span> <span class='ocrx_word' id='word_1_79' title='bbox 1807 953 1988 997; x_wconf 91' lang='lat' dir='ltr'><strong>ortum</strong></span> 
     </span>
    </p>
   </div>
   <div class='ocr_carea' id='block_1_13' title="bbox 407 1037 1994 1106">
    <p class='ocr_par' dir='ltr' id='par_1_13' title="bbox 407 1037 1994 1106">
     <span class='ocr_line' id='line_1_13' title="bbox 407 1037 1994 1106; baseline 0 -16"><span class='ocrx_word' id='word_1_80' title='bbox 407 1037 564 1091; x_wconf 82' lang='lat' dir='ltr'><strong>duxit</strong></span> <span class='ocrx_word' id='word_1_81' title='bbox 592 1037 1052 1092; x_wconf 79' lang='lat' dir='ltr'><strong>resurrectionem</strong></span> <span class='ocrx_word' id='word_1_82' title='bbox 1082 1037 1288 1106; x_wconf 84' lang='lat' dir='ltr'><strong>adjicit,</strong></span> <span class='ocrx_word' id='word_1_83' title='bbox 1357 1037 1643 1090; x_wconf 84' lang='lat' dir='ltr'><strong>secundum</strong></span> <span class='ocrx_word' id='word_1_84' title='bbox 1676 1053 1886 1089; x_wconf 88' lang='lat' dir='ltr'><strong>carnem</strong></span> <span class='ocrx_word' id='word_1_85' title='bbox 1918 1037 1994 1091; x_wconf 90' lang='lat' dir='ltr'><strong>lo-</strong></span> 
     </span>
    </p>
   </div>
   <div class='ocr_carea' id='block_1_14' title="bbox 408 1113 1989 1198">
    <p class='ocr_par' dir='ltr' id='par_1_14' title="bbox 408 1113 1989 1198">
     <span class='ocr_line' id='line_1_14' title="bbox 408 1113 1989 1198; baseline 0 -18"><span class='ocrx_word' id='word_1_86' title='bbox 408 1128 656 1198; x_wconf 82' lang='lat' dir='ltr'><strong>quendo;</strong></span> <span class='ocrx_word' id='word_1_87' title='bbox 685 1130 752 1182; x_wconf 91' lang='lat' dir='ltr'><strong>de</strong></span> <span class='ocrx_word' id='word_1_88' title='bbox 779 1129 1062 1182; x_wconf 77' lang='lat' dir='ltr'><strong>divinitate</strong></span> <span class='ocrx_word' id='word_1_89' title='bbox 1096 1136 1278 1182; x_wconf 91' lang='lat' dir='ltr'><strong>autem</strong></span> <span class='ocrx_word' id='word_1_90' title='bbox 1309 1128 1427 1194; x_wconf 86' lang='lat' dir='ltr'><strong>ejus</strong></span> <span class='ocrx_word' id='word_1_91' title='bbox 1463 1146 1475 1181; x_wconf 94' lang='lat'>:</span> <span class='ocrx_word' id='word_1_92' title='bbox 1517 1125 1698 1180; x_wconf 82' lang='lat' dir='ltr'><strong>Vivum</strong></span> <span class='ocrx_word' id='word_1_93' title='bbox 1729 1113 1805 1180; x_wconf 70' lang='lat' dir='ltr'><strong>est</strong></span> <span class='ocrx_word' id='word_1_94' title='bbox 1829 1127 1989 1193; x_wconf 89' lang='lat' dir='ltr'><strong>enim,</strong></span> 
     </span>
    </p>
   </div>
   <div class='ocr_carea' id='block_1_15' title="bbox 409 1219 1992 1289">
    <p class='ocr_par' dir='ltr' id='par_1_15' title="bbox 409 1219 1992 1289">
     <span class='ocr_line' id='line_1_15' title="bbox 409 1219 1992 1289; baseline -0.003 -14"><span class='ocrx_word' id='word_1_95' title='bbox 409 1221 510 1286; x_wconf 93' lang='lat' dir='ltr'><strong>ait,</strong></span> <span class='ocrx_word' id='word_1_96' title='bbox 559 1219 784 1274; x_wconf 85' lang='lat' dir='ltr'><strong>Verbum</strong></span> <span class='ocrx_word' id='word_1_97' title='bbox 818 1219 949 1284; x_wconf 87' lang='lat' dir='ltr'><strong><em>Dei,</em></strong></span> <span class='ocrx_word' id='word_1_98' title='bbox 991 1228 1040 1273; x_wconf 90' lang='lat' dir='ltr'><strong><em>et</em></strong></span> <span class='ocrx_word' id='word_1_99' title='bbox 1083 1221 1288 1289; x_wconf 76' lang='lat' dir='ltr'><strong>efﬁcax,</strong></span> <span class='ocrx_word' id='word_1_100' title='bbox 1331 1232 1381 1273; x_wconf 91' lang='lat' dir='ltr'><strong>et</strong></span> <span class='ocrx_word' id='word_1_101' title='bbox 1429 1219 1802 1288; x_wconf 83' lang='lat' dir='ltr'><strong>penetrabilius</strong></span> <span class='ocrx_word' id='word_1_102' title='bbox 1849 1221 1992 1272; x_wconf 87' lang='lat' dir='ltr'><strong>omni</strong></span> 
     </span>
    </p>
   </div>
   <div class='ocr_carea' id='block_1_16' title="bbox 408 1311 1991 1384">
    <p class='ocr_par' dir='ltr' id='par_1_16' title="bbox 408 1311 1991 1384">
     <span class='ocr_line' id='line_1_16' title="bbox 408 1311 1991 1384; baseline -0.002 -17"><span class='ocrx_word' id='word_1_103' title='bbox 408 1314 590 1384; x_wconf 85' lang='lat' dir='ltr'><strong>gladio</strong></span> <span class='ocrx_word' id='word_1_104' title='bbox 639 1313 863 1382; x_wconf 81' lang='lat' dir='ltr'><strong><em>ancipiti</em></strong></span> <span class='ocrx_word' id='word_1_105' title='bbox 907 1314 973 1365; x_wconf 80' lang='lat'><strong>&quot;.</strong></span> <span class='ocrx_word' id='word_1_106' title='bbox 1009 1312 1152 1378; x_wconf 88' lang='lat' dir='ltr'><strong>Quin</strong></span> <span class='ocrx_word' id='word_1_107' title='bbox 1198 1321 1250 1367; x_wconf 89' lang='lat' dir='ltr'><strong>et</strong></span> <span class='ocrx_word' id='word_1_108' title='bbox 1286 1311 1548 1366; x_wconf 90' lang='lat' dir='ltr'><strong>Dominus</strong></span> <span class='ocrx_word' id='word_1_109' title='bbox 1585 1311 1896 1381; x_wconf 85' lang='lat' dir='ltr'><strong>passionem</strong></span> <span class='ocrx_word' id='word_1_110' title='bbox 1937 1312 1991 1365; x_wconf 91' lang='lat' dir='ltr'><strong>in</strong></span> 
     </span>
    </p>
   </div>
   <div class='ocr_carea' id='block_1_17' title="bbox 408 1403 1992 1474">
    <p class='ocr_par' dir='ltr' id='par_1_17' title="bbox 408 1403 1992 1474">
     <span class='ocr_line' id='line_1_17' title="bbox 408 1403 1992 1474; baseline -0.001 -16"><span class='ocrx_word' id='word_1_111' title='bbox 408 1405 551 1459; x_wconf 89' lang='lat' dir='ltr'><strong>Filio</strong></span> <span class='ocrx_word' id='word_1_112' title='bbox 605 1405 845 1458; x_wconf 90' lang='lat' dir='ltr'><strong>hominis</strong></span> <span class='ocrx_word' id='word_1_113' title='bbox 895 1405 1108 1470; x_wconf 80' lang='lat' dir='ltr'><strong>statuit,</strong></span> <span class='ocrx_word' id='word_1_114' title='bbox 1134 1403 1278 1474; x_wconf 90' lang='lat' dir='ltr'><strong>quod</strong></span> <span class='ocrx_word' id='word_1_115' title='bbox 1312 1405 1612 1458; x_wconf 90' lang='lat' dir='ltr'><strong>secundum</strong></span> <span class='ocrx_word' id='word_1_116' title='bbox 1648 1418 1866 1456; x_wconf 88' lang='lat' dir='ltr'><strong>carnem</strong></span> <span class='ocrx_word' id='word_1_117' title='bbox 1907 1403 1992 1472; x_wconf 86' lang='lat' dir='ltr'><strong>agi</strong></span> 
     </span>
    </p>
   </div>
   <div class='ocr_carea' id='block_1_18' title="bbox 408 1492 1992 1562">
    <p class='ocr_par' dir='ltr' id='par_1_18' title="bbox 408 1492 1992 1562">
     <span class='ocr_line' id='line_1_18' title="bbox 408 1492 1992 1562; baseline -0.004 -12"><span class='ocrx_word' id='word_1_118' title='bbox 408 1496 646 1561; x_wconf 83' lang='lat' dir='ltr'><strong>indicat;</strong></span> <span class='ocrx_word' id='word_1_119' title='bbox 699 1495 764 1548; x_wconf 92' lang='lat' dir='ltr'><strong>de</strong></span> <span class='ocrx_word' id='word_1_120' title='bbox 812 1494 1094 1549; x_wconf 82' lang='lat' dir='ltr'><strong>divinitate</strong></span> <span class='ocrx_word' id='word_1_121' title='bbox 1162 1502 1343 1547; x_wconf 89' lang='lat' dir='ltr'><strong>autem</strong></span> <span class='ocrx_word' id='word_1_122' title='bbox 1396 1509 1495 1548; x_wconf 87' lang='lat' dir='ltr'><strong>sua</strong></span> <span class='ocrx_word' id='word_1_123' title='bbox 1533 1493 1666 1547; x_wconf 86' lang='lat' dir='ltr'><strong>dicit</strong></span> <span class='ocrx_word' id='word_1_124' title='bbox 1712 1512 1725 1546; x_wconf 93' lang='lat'><strong>:</strong></span> <span class='ocrx_word' id='word_1_125' title='bbox 1778 1492 1891 1562; x_wconf 84' lang='lat' dir='ltr'><strong>Ego</strong></span> <span class='ocrx_word' id='word_1_126' title='bbox 1944 1501 1992 1545; x_wconf 92' lang='lat' dir='ltr'><strong>et</strong></span> 
     </span>
    </p>
   </div>
   <div class='ocr_carea' id='block_1_19' title="bbox 411 1585 1993 1653">
    <p class='ocr_par' dir='ltr' id='par_1_19' title="bbox 411 1585 1993 1653">
     <span class='ocr_line' id='line_1_19' title="bbox 411 1585 1993 1653; baseline -0.003 -12"><span class='ocrx_word' id='word_1_127' title='bbox 411 1587 579 1642; x_wconf 89' lang='lat' dir='ltr'><strong>Pater</strong></span> <span class='ocrx_word' id='word_1_128' title='bbox 608 1603 772 1641; x_wconf 92' lang='lat' dir='ltr'><strong>unum</strong></span> <span class='ocrx_word' id='word_1_129' title='bbox 819 1603 1002 1641; x_wconf 81' lang='lat' dir='ltr'><strong>sumus</strong></span> <span class='ocrx_word' id='word_1_130' title='bbox 1045 1587 1113 1652; x_wconf 73' lang='lat'><strong>’7;</strong></span> <span class='ocrx_word' id='word_1_131' title='bbox 1146 1595 1223 1649; x_wconf 88' lang='lat' dir='ltr'><strong>et,</strong></span> <span class='ocrx_word' id='word_1_132' title='bbox 1259 1585 1428 1638; x_wconf 87' lang='lat' dir='ltr'><strong>Nemo</strong></span> <span class='ocrx_word' id='word_1_133' title='bbox 1463 1587 1604 1638; x_wconf 84' lang='lat' dir='ltr'><strong>novit</strong></span> <span class='ocrx_word' id='word_1_134' title='bbox 1630 1585 1854 1649; x_wconf 80' lang='lat' dir='ltr'><strong>Filium,</strong></span> <span class='ocrx_word' id='word_1_135' title='bbox 1877 1586 1993 1653; x_wconf 88' lang='lat' dir='ltr'><strong>quis</strong></span> 
     </span>
    </p>
   </div>
   <div class='ocr_carea' id='block_1_20' title="bbox 411 1678 1992 1750">
    <p class='ocr_par' dir='ltr' id='par_1_20' title="bbox 411 1678 1992 1750">
     <span class='ocr_line' id='line_1_20' title="bbox 411 1678 1992 1750; baseline -0.003 -15"><span class='ocrx_word' id='word_1_136' title='bbox 411 1685 503 1746; x_wconf 86' lang='lat' dir='ltr'><strong><em>sit,</em></strong></span> <span class='ocrx_word' id='word_1_137' title='bbox 537 1681 638 1735; x_wconf 85' lang='lat' dir='ltr'><strong>nisi</strong></span> <span class='ocrx_word' id='word_1_138' title='bbox 663 1681 806 1734; x_wconf 89' lang='lat' dir='ltr'><strong>solus</strong></span> <span class='ocrx_word' id='word_1_139' title='bbox 836 1679 1002 1734; x_wconf 82' lang='lat' dir='ltr'><strong>Pater</strong></span> <span class='ocrx_word' id='word_1_140' title='bbox 1036 1680 1102 1733; x_wconf 80' lang='lat'><strong>“.</strong></span> <span class='ocrx_word' id='word_1_141' title='bbox 1138 1678 1418 1750; x_wconf 87' lang='lat' dir='ltr'><strong>Nusquam</strong></span> <span class='ocrx_word' id='word_1_142' title='bbox 1463 1689 1644 1733; x_wconf 90' lang='lat' dir='ltr'><strong>autem</strong></span> <span class='ocrx_word' id='word_1_143' title='bbox 1672 1679 1992 1749; x_wconf 80' lang='lat' dir='ltr'><strong>sanguinem</strong></span> 
     </span>
    </p>
   </div>
   <div class='ocr_carea' id='block_1_21' title="bbox 2085 479 3685 556">
    <p class='ocr_par' dir='ltr' id='par_1_21' title="bbox 2085 479 3685 556">
     <span class='ocr_line' id='line_1_21' title="bbox 2085 479 3685 556; baseline -0.007 -15"><span class='ocrx_word' id='word_1_144' title='bbox 2085 486 2292 556; x_wconf 70' lang='grc' dir='ltr'>πληγῇ</span> <span class='ocrx_word' id='word_1_145' title='bbox 2321 485 2426 548; x_wconf 75' lang='grc' dir='ltr'>ῶν,</span> <span class='ocrx_word' id='word_1_146' title='bbox 2467 485 2564 537; x_wconf 81' lang='grc' dir='ltr'>καὶ</span> <span class='ocrx_word' id='word_1_147' title='bbox 2591 484 2762 550; x_wconf 75' lang='grc' dir='ltr'>εἰδὼς</span> <span class='ocrx_word' id='word_1_148' title='bbox 2790 482 2994 551; x_wconf 65' lang='grc' dir='ltr'>φέρειν’</span> <span class='ocrx_word' id='word_1_149' title='bbox 3014 481 3345 550; x_wconf 72' lang='grc' dir='ltr'><strong>μαλακίαν.</strong></span> <span class='ocrx_word' id='word_1_150' title='bbox 3373 480 3439 531; x_wconf 85' lang='grc' dir='ltr'><strong>Τί</strong></span> <span class='ocrx_word' id='word_1_151' title='bbox 3469 479 3528 532; x_wconf 85' lang='grc' dir='ltr'><strong>δέ</strong></span> <span class='ocrx_word' id='word_1_152' title='bbox 3561 481 3685 531; x_wconf 73' lang='grc' dir='ltr'>ἐστι</span> 
     </span>
    </p>
   </div>
   <div class='ocr_carea' id='block_1_22' title="bbox 2084 570 3689 645">
    <p class='ocr_par' dir='ltr' id='par_1_22' title="bbox 2084 570 3689 645">
     <span class='ocr_line' id='line_1_22' title="bbox 2084 570 3689 645; baseline -0.006 -14"><span class='ocrx_word' id='word_1_153' title='bbox 2084 579 2165 642; x_wconf 80' lang='grc' dir='ltr'><strong>τὸ,</strong></span> <span class='ocrx_word' id='word_1_154' title='bbox 2201 578 2388 643; x_wconf 76' lang='grc' dir='ltr'>Εἰδὼς</span> <span class='ocrx_word' id='word_1_155' title='bbox 2421 576 2625 645; x_wconf 67' lang='grc' dir='ltr'>φέρειν</span> <span class='ocrx_word' id='word_1_156' title='bbox 2647 576 2995 644; x_wconf 46' lang='lat' dir='ltr'><strong>pretantur;</strong></span> <span class='ocrx_word' id='word_1_157' title='bbox 3032 575 3114 625; x_wconf 84' lang='grc' dir='ltr'>ὅτι</span> <span class='ocrx_word' id='word_1_158' title='bbox 3155 574 3219 624; x_wconf 87' lang='grc' dir='ltr'>ὲκ</span> <span class='ocrx_word' id='word_1_159' title='bbox 3255 571 3350 624; x_wconf 89' lang='grc' dir='ltr'>τοῦ</span> <span class='ocrx_word' id='word_1_160' title='bbox 3405 570 3689 624; x_wconf 75' lang='grc' dir='ltr'>πεπονθό-</span> 
     </span>
    </p>
   </div>
   <div class='ocr_carea' id='block_1_23' title="bbox 2085 662 3684 738">
    <p class='ocr_par' dir='ltr' id='par_1_23' title="bbox 2085 662 3684 738">
     <span class='ocr_line' id='line_1_23' title="bbox 2085 662 3684 738; baseline -0.006 -15"><span class='ocrx_word' id='word_1_161' title='bbox 2085 689 2178 735; x_wconf 95' lang='grc' dir='ltr'><strong>τος</strong></span> <span class='ocrx_word' id='word_1_162' title='bbox 2215 671 2274 724; x_wconf 84' lang='grc' dir='ltr'><strong>τὸ</strong></span> <span class='ocrx_word' id='word_1_163' title='bbox 2304 669 2607 738; x_wconf 78' lang='grc' dir='ltr'>παθητικὸν</span> <span class='ocrx_word' id='word_1_164' title='bbox 2661 667 3024 720; x_wconf 78' lang='grc' dir='ltr'>ἐπεδείκνυτο.</span> <span class='ocrx_word' id='word_1_165' title='bbox 3072 664 3172 717; x_wconf 89' lang='grc' dir='ltr'>Διά</span> <span class='ocrx_word' id='word_1_166' title='bbox 3207 662 3364 716; x_wconf 84' lang='grc' dir='ltr'>τοῦτο</span> <span class='ocrx_word' id='word_1_167' title='bbox 3411 664 3526 734; x_wconf 79' lang='grc' dir='ltr'>γὰρ</span> <span class='ocrx_word' id='word_1_168' title='bbox 3561 665 3684 720; x_wconf 77' lang='grc' dir='ltr'>καὶ,</span> 
     </span>
    </p>
   </div>
   <div class='ocr_carea' id='block_1_24' title="bbox 2086 757 3690 833">
    <p class='ocr_par' dir='ltr' id='par_1_24' title="bbox 2086 757 3690 833">
     <span class='ocr_line' id='line_1_24' title="bbox 2086 757 3690 833; baseline -0.006 -15"><span class='ocrx_word' id='word_1_169' title='bbox 2086 763 2368 833; x_wconf 77' lang='grc' dir='ltr'>Γράψον,</span> <span class='ocrx_word' id='word_1_170' title='bbox 2433 764 2584 833; x_wconf 72' lang='grc' dir='ltr'>φησὶ,</span> <span class='ocrx_word' id='word_1_171' title='bbox 2620 759 2856 832; x_wconf 58' lang='lat' dir='ltr'><strong>magiae</strong></span> <span class='ocrx_word' id='word_1_172' title='bbox 2901 757 3218 826; x_wconf 81' lang='grc' dir='ltr'>ἀνθρώπου</span> <span class='ocrx_word' id='word_1_173' title='bbox 3282 759 3339 812; x_wconf 79' lang='grc' dir='ltr'>ἐν</span> <span class='ocrx_word' id='word_1_174' title='bbox 3383 757 3465 827; x_wconf 86' lang='grc' dir='ltr'>τῷ</span> <span class='ocrx_word' id='word_1_175' title='bbox 3505 758 3690 824; x_wconf 82' lang='grc' dir='ltr'>καινῷ</span> 
     </span>
    </p>
   </div>
   <div class='ocr_carea' id='block_1_25' title="bbox 2087 849 3692 927">
    <p class='ocr_par' dir='ltr' id='par_1_25' title="bbox 2087 849 3692 927">
     <span class='ocr_line' id='line_1_25' title="bbox 2087 849 3692 927; baseline -0.006 -17"><span class='ocrx_word' id='word_1_176' title='bbox 2087 858 2238 927; x_wconf 80' lang='grc' dir='ltr'>τόμῳ</span> <span class='ocrx_word' id='word_1_177' title='bbox 2273 857 2371 927; x_wconf 88' lang='lat'><strong>(6),</strong></span> <span class='ocrx_word' id='word_1_178' title='bbox 2408 857 2502 909; x_wconf 78' lang='grc' dir='ltr'><strong>καὶ</strong></span> <span class='ocrx_word' id='word_1_179' title='bbox 2532 856 2592 907; x_wconf 83' lang='grc' dir='ltr'><strong>ού</strong></span> <span class='ocrx_word' id='word_1_180' title='bbox 2637 853 2841 924; x_wconf 83' lang='grc' dir='ltr'>σαρκὸς</span> <span class='ocrx_word' id='word_1_181' title='bbox 2875 851 3147 921; x_wconf 70' lang='grc' dir='ltr'>ἀμόρφου.</span> <span class='ocrx_word' id='word_1_182' title='bbox 3205 851 3315 902; x_wconf 71' lang='grc' dir='ltr'>Καὶ</span> <span class='ocrx_word' id='word_1_183' title='bbox 3342 851 3373 903; x_wconf 82' lang='grc' dir='ltr'><strong>ό</strong></span> <span class='ocrx_word' id='word_1_184' title='bbox 3420 849 3692 902; x_wconf 77' lang='grc' dir='ltr'>Ἀπόστο-</span> 
     </span>
    </p>
   </div>
   <div class='ocr_carea' id='block_1_26' title="bbox 2087 937 3689 1014">
    <p class='ocr_par' dir='ltr' id='par_1_26' title="bbox 2087 937 3689 1014">
     <span class='ocr_line' id='line_1_26' title="bbox 2087 937 3689 1014; baseline -0.006 -13"><span class='ocrx_word' id='word_1_185' title='bbox 2087 949 2178 1011; x_wconf 85' lang='grc' dir='ltr'>λος</span> <span class='ocrx_word' id='word_1_186' title='bbox 2202 948 2259 1000; x_wconf 79' lang='grc' dir='ltr'><strong>δὲ</strong></span> <span class='ocrx_word' id='word_1_187' title='bbox 2287 947 2464 1014; x_wconf 81' lang='grc' dir='ltr'><strong>λέγει·</strong></span> <span class='ocrx_word' id='word_1_188' title='bbox 2492 948 2849 1013; x_wconf 76' lang='grc' dir='ltr'>Ἀνθρωπος,</span> <span class='ocrx_word' id='word_1_189' title='bbox 2884 941 3140 1010; x_wconf 79' lang='grc' dir='ltr'>Χριστός</span> <span class='ocrx_word' id='word_1_190' title='bbox 3173 939 3436 1007; x_wconf 85' lang='grc' dir='ltr'>Ἰησοῦς,</span> <span class='ocrx_word' id='word_1_191' title='bbox 3466 941 3502 992; x_wconf 84' lang='grc' dir='ltr'><em>ὁ</em></span> <span class='ocrx_word' id='word_1_192' title='bbox 3533 937 3689 1003; x_wconf 83' lang='grc' dir='ltr'>δοὺς</span> 
     </span>
    </p>
   </div>
   <div class='ocr_carea' id='block_1_27' title="bbox 2090 1031 3692 1106">
    <p class='ocr_par' dir='ltr' id='par_1_27' title="bbox 2090 1031 3692 1106">
     <span class='ocr_line' id='line_1_27' title="bbox 2090 1031 3692 1106; baseline -0.007 -13"><span class='ocrx_word' id='word_1_193' title='bbox 2090 1039 2311 1093; x_wconf 76' lang='grc' dir='ltr'><strong>ἑαυτὸν</strong></span> <span class='ocrx_word' id='word_1_194' title='bbox 2336 1038 2491 1105; x_wconf 81' lang='grc' dir='ltr'>ὑπὲρ</span> <span class='ocrx_word' id='word_1_195' title='bbox 2529 1035 2700 1106; x_wconf 78' lang='grc' dir='ltr'><strong>ἡμῶν</strong></span> <span class='ocrx_word' id='word_1_196' title='bbox 2727 1053 2742 1066; x_wconf 88' lang='grc'><strong>·</strong></span> <span class='ocrx_word' id='word_1_197' title='bbox 2777 1034 2858 1086; x_wconf 82' lang='grc' dir='ltr'><strong>διὸ</strong></span> <span class='ocrx_word' id='word_1_198' title='bbox 2885 1034 2979 1086; x_wconf 78' lang='grc' dir='ltr'><strong>καὶ</strong></span> <span class='ocrx_word' id='word_1_199' title='bbox 3012 1032 3090 1103; x_wconf 83' lang='grc' dir='ltr'><strong>τῷ</strong></span> <span class='ocrx_word' id='word_1_200' title='bbox 3120 1035 3183 1084; x_wconf 82' lang='grc' dir='ltr'>ὲκ</span> <span class='ocrx_word' id='word_1_201' title='bbox 3217 1031 3541 1101; x_wconf 86' lang='grc' dir='ltr'>σπέρματος</span> <span class='ocrx_word' id='word_1_202' title='bbox 3579 1033 3692 1082; x_wconf 83' lang='grc' dir='ltr'><strong>Δα-</strong></span> 
     </span>
    </p>
   </div>
   <div class='ocr_carea' id='block_1_28' title="bbox 2091 1120 3685 1200">
    <p class='ocr_par' dir='ltr' id='par_1_28' title="bbox 2091 1120 3685 1200">
     <span class='ocr_line' id='line_1_28' title="bbox 2091 1120 3685 1200; baseline -0.005 -20"><span class='ocrx_word' id='word_1_203' title='bbox 2091 1129 2176 1180; x_wconf 73' lang='grc' dir='ltr'><strong>ϐὶδ</strong></span> <span class='ocrx_word' id='word_1_204' title='bbox 2203 1129 2467 1200; x_wconf 76' lang='grc' dir='ltr'><strong>προσάγει</strong></span> <span class='ocrx_word' id='word_1_205' title='bbox 2497 1126 2596 1196; x_wconf 82' lang='grc' dir='ltr'><strong>τὴν</strong></span> <span class='ocrx_word' id='word_1_206' title='bbox 2624 1125 2939 1187; x_wconf 74' lang='grc' dir='ltr'>ἀνάστασιν,</span> <span class='ocrx_word' id='word_1_207' title='bbox 2969 1121 3032 1174; x_wconf 76' lang='grc' dir='ltr'>τὸ</span> <span class='ocrx_word' id='word_1_208' title='bbox 3072 1120 3221 1174; x_wconf 79' lang='grc' dir='ltr'>κατὰ</span> <span class='ocrx_word' id='word_1_209' title='bbox 3244 1120 3444 1188; x_wconf 81' lang='grc' dir='ltr'><strong>σάρκα</strong></span> <span class='ocrx_word' id='word_1_210' title='bbox 3477 1120 3685 1187; x_wconf 56' lang='grc' dir='ltr'><strong>λέγων⁹</strong></span> 
     </span>
    </p>
   </div>
   <div class='ocr_carea' id='block_1_29' title="bbox 2092 1209 3690 1288">
    <p class='ocr_par' dir='ltr' id='par_1_29' title="bbox 2092 1209 3690 1288">
     <span class='ocr_line' id='line_1_29' title="bbox 2092 1209 3690 1288; baseline -0.006 -19"><span class='ocrx_word' id='word_1_211' title='bbox 2092 1218 2218 1288; x_wconf 80' lang='grc' dir='ltr'>περὶ</span> <span class='ocrx_word' id='word_1_212' title='bbox 2246 1218 2301 1269; x_wconf 82' lang='grc' dir='ltr'>δὲ</span> <span class='ocrx_word' id='word_1_213' title='bbox 2333 1217 2432 1286; x_wconf 79' lang='grc' dir='ltr'><strong>τῆς</strong></span> <span class='ocrx_word' id='word_1_214' title='bbox 2458 1215 2710 1286; x_wconf 78' lang='grc' dir='ltr'><strong>θεότητος</strong></span> <span class='ocrx_word' id='word_1_215' title='bbox 2743 1212 2908 1266; x_wconf 83' lang='grc' dir='ltr'>αὑτοῦ</span> <span class='ocrx_word' id='word_1_216' title='bbox 2931 1228 2946 1241; x_wconf 78' lang='grc'><strong><em>⁸</em></strong></span> <span class='ocrx_word' id='word_1_217' title='bbox 2981 1209 3113 1264; x_wconf 78' lang='grc' dir='ltr'><strong>Ζῶν</strong></span> <span class='ocrx_word' id='word_1_218' title='bbox 3144 1209 3254 1280; x_wconf 62' lang='grc' dir='ltr'><strong>γὰρ</strong></span> <span class='ocrx_word' id='word_1_219' title='bbox 3291 1213 3322 1263; x_wconf 87' lang='grc' dir='ltr'><strong>ό</strong></span> <span class='ocrx_word' id='word_1_220' title='bbox 3348 1211 3546 1279; x_wconf 77' lang='grc' dir='ltr'>Λόγος</span> <span class='ocrx_word' id='word_1_221' title='bbox 3559 1213 3690 1261; x_wconf 64' lang='lat' dir='ltr'><strong>‘t&#39;cii</strong></span> 
     </span>
    </p>
   </div>
   <div class='ocr_carea' id='block_1_30' title="bbox 2095 1299 3692 1374">
    <p class='ocr_par' dir='ltr' id='par_1_30' title="bbox 2095 1299 3692 1374">
     <span class='ocr_line' id='line_1_30' title="bbox 2095 1299 3692 1374; baseline -0.004 -15"><span class='ocrx_word' id='word_1_222' title='bbox 2095 1305 2263 1371; x_wconf 78' lang='grc' dir='ltr'>Θεοῦ,</span> <span class='ocrx_word' id='word_1_223' title='bbox 2314 1306 2411 1358; x_wconf 80' lang='grc' dir='ltr'>καὶ</span> <span class='ocrx_word' id='word_1_224' title='bbox 2445 1304 2718 1374; x_wconf 67' lang='grc' dir='ltr'>ἐνεργὴς,</span> <span class='ocrx_word' id='word_1_225' title='bbox 2761 1303 2860 1355; x_wconf 76' lang='grc' dir='ltr'>καὶ</span> <span class='ocrx_word' id='word_1_226' title='bbox 2899 1299 3226 1370; x_wconf 83' lang='grc' dir='ltr'><strong>τομώτερος</strong></span> <span class='ocrx_word' id='word_1_227' title='bbox 3266 1299 3421 1367; x_wconf 82' lang='grc' dir='ltr'>ὑπὲρ</span> <span class='ocrx_word' id='word_1_228' title='bbox 3466 1300 3692 1354; x_wconf 73' lang='grc' dir='ltr'>πᾶσαν</span> 
     </span>
    </p>
   </div>
   <div class='ocr_carea' id='block_1_31' title="bbox 2087 1391 3693 1465">
    <p class='ocr_par' dir='ltr' id='par_1_31' title="bbox 2087 1391 3693 1465">
     <span class='ocr_line' id='line_1_31' title="bbox 2087 1391 3693 1465; baseline -0.002 -17"><span class='ocrx_word' id='word_1_229' title='bbox 2087 1395 2392 1465; x_wconf 79' lang='grc' dir='ltr'>μάχαιραν</span> <span class='ocrx_word' id='word_1_230' title='bbox 2416 1397 2730 1464; x_wconf 77' lang='grc' dir='ltr'><strong>δίστομον.</strong></span> <span class='ocrx_word' id='word_1_231' title='bbox 2764 1393 2874 1447; x_wconf 74' lang='grc' dir='ltr'>Καὶ</span> <span class='ocrx_word' id='word_1_232' title='bbox 2903 1395 2932 1444; x_wconf 93' lang='grc' dir='ltr'><strong>ό</strong></span> <span class='ocrx_word' id='word_1_233' title='bbox 2962 1391 3165 1462; x_wconf 83' lang='grc' dir='ltr'>Κύριος</span> <span class='ocrx_word' id='word_1_234' title='bbox 3197 1392 3256 1444; x_wconf 84' lang='grc' dir='ltr'><strong>δὲ</strong></span> <span class='ocrx_word' id='word_1_235' title='bbox 3283 1391 3344 1444; x_wconf 81' lang='grc' dir='ltr'>τὸ</span> <span class='ocrx_word' id='word_1_236' title='bbox 3374 1391 3556 1456; x_wconf 83' lang='grc' dir='ltr'><strong>πάθος</strong></span> <span class='ocrx_word' id='word_1_237' title='bbox 3598 1395 3693 1445; x_wconf 73' lang='grc' dir='ltr'>ἐπὶ</span> 
     </span>
    </p>
   </div>
   <div class='ocr_carea' id='block_1_32' title="bbox 2094 1483 3688 1559">
    <p class='ocr_par' dir='ltr' id='par_1_32' title="bbox 2094 1483 3688 1559">
     <span class='ocr_line' id='line_1_32' title="bbox 2094 1483 3688 1559; baseline -0.004 -17"><span class='ocrx_word' id='word_1_238' title='bbox 2094 1490 2224 1542; x_wconf 77' lang='grc' dir='ltr'>Υἱοῦ</span> <span class='ocrx_word' id='word_1_239' title='bbox 2259 1487 2546 1559; x_wconf 82' lang='grc' dir='ltr'>ἀνθρώπου</span> <span class='ocrx_word' id='word_1_240' title='bbox 2607 1489 2830 1557; x_wconf 58' lang='grc' dir='ltr'>ἵστησι,</span> <span class='ocrx_word' id='word_1_241' title='bbox 2883 1485 3099 1547; x_wconf 77' lang='grc' dir='ltr'>δεικνὺς</span> <span class='ocrx_word' id='word_1_242' title='bbox 3147 1483 3209 1537; x_wconf 84' lang='grc' dir='ltr'><strong>τό</strong></span> <span class='ocrx_word' id='word_1_243' title='bbox 3265 1485 3407 1537; x_wconf 82' lang='grc' dir='ltr'>κατὰ</span> <span class='ocrx_word' id='word_1_244' title='bbox 3456 1485 3688 1556; x_wconf 62' lang='lat' dir='ltr'><strong>adpara-</strong></span> 
     </span>
    </p>
   </div>
   <div class='ocr_carea' id='block_1_33' title="bbox 2095 1577 3694 1652">
    <p class='ocr_par' dir='ltr' id='par_1_33' title="bbox 2095 1577 3694 1652">
     <span class='ocr_line' id='line_1_33' title="bbox 2095 1577 3694 1652; baseline -0.002 -19"><span class='ocrx_word' id='word_1_245' title='bbox 2095 1582 2222 1652; x_wconf 79' lang='grc' dir='ltr'>περὶ</span> <span class='ocrx_word' id='word_1_246' title='bbox 2269 1580 2326 1633; x_wconf 81' lang='grc' dir='ltr'><strong>δὲ</strong></span> <span class='ocrx_word' id='word_1_247' title='bbox 2366 1579 2466 1649; x_wconf 83' lang='grc' dir='ltr'><strong>τῆς</strong></span> <span class='ocrx_word' id='word_1_248' title='bbox 2509 1579 2762 1648; x_wconf 82' lang='grc' dir='ltr'><strong>θεότητος</strong></span> <span class='ocrx_word' id='word_1_249' title='bbox 2804 1577 2969 1631; x_wconf 81' lang='grc' dir='ltr'>αὐτοῦ</span> <span class='ocrx_word' id='word_1_250' title='bbox 3005 1593 3021 1608; x_wconf 79' lang='grc'><strong><em>⁸</em></strong></span> <span class='ocrx_word' id='word_1_251' title='bbox 3083 1577 3231 1645; x_wconf 81' lang='grc' dir='ltr'>Ἐγὼ</span> <span class='ocrx_word' id='word_1_252' title='bbox 3272 1577 3371 1631; x_wconf 74' lang='grc' dir='ltr'>καὶ</span> <span class='ocrx_word' id='word_1_253' title='bbox 3401 1579 3435 1630; x_wconf 83' lang='grc' dir='ltr'><em>ὀ</em></span> <span class='ocrx_word' id='word_1_254' title='bbox 3472 1577 3694 1646; x_wconf 82' lang='grc' dir='ltr'>Πατὴρ</span> 
     </span>
    </p>
   </div>
   <div class='ocr_carea' id='block_1_34' title="bbox 2094 1669 3693 1741">
    <p class='ocr_par' dir='ltr' id='par_1_34' title="bbox 2094 1669 3693 1741">
     <span class='ocr_line' id='line_1_34' title="bbox 2094 1669 3693 1741; baseline -0.001 -15"><span class='ocrx_word' id='word_1_255' title='bbox 2094 1673 2164 1726; x_wconf 78' lang='grc' dir='ltr'><strong>ἓν·</strong></span> <span class='ocrx_word' id='word_1_256' title='bbox 2193 1674 2418 1741; x_wconf 79' lang='grc' dir='ltr'>ἐσμεν·</span> <span class='ocrx_word' id='word_1_257' title='bbox 2463 1672 2576 1735; x_wconf 75' lang='grc' dir='ltr'>καὶ,</span> <span class='ocrx_word' id='word_1_258' title='bbox 2631 1672 2842 1738; x_wconf 77' lang='grc' dir='ltr'>Οὐδεὶς</span> <span class='ocrx_word' id='word_1_259' title='bbox 2891 1669 3017 1726; x_wconf 72' lang='grc' dir='ltr'>οἶδε</span> <span class='ocrx_word' id='word_1_260' title='bbox 3064 1672 3172 1726; x_wconf 74' lang='grc' dir='ltr'><strong>τὸν</strong></span> <span class='ocrx_word' id='word_1_261' title='bbox 3239 1672 3374 1726; x_wconf 79' lang='grc' dir='ltr'>Υιὸν</span> <span class='ocrx_word' id='word_1_262' title='bbox 3429 1673 3554 1740; x_wconf 88' lang='lat'><strong>(7),</strong></span> <span class='ocrx_word' id='word_1_263' title='bbox 3603 1674 3693 1737; x_wconf 83' lang='grc' dir='ltr'><strong>τίς</strong></span> 
     </span>
    </p>
   </div>
   <div class='ocr_carea' id='block_1_35' title="bbox 410 1752 1988 1842">
    <p class='ocr_par' dir='ltr' id='par_1_35' title="bbox 410 1767 1987 1842">
     <span class='ocr_line' id='line_1_35' title="bbox 410 1767 1987 1842; baseline -0.003 -15"><span class='ocrx_word' id='word_1_264' title='bbox 410 1772 508 1827; x_wconf 90' lang='lat' dir='ltr'><strong>Dei</strong></span> <span class='ocrx_word' id='word_1_265' title='bbox 538 1773 744 1842; x_wconf 87' lang='lat' dir='ltr'><strong>absque</strong></span> <span class='ocrx_word' id='word_1_266' title='bbox 774 1787 939 1827; x_wconf 88' lang='lat' dir='ltr'><strong>carne</strong></span> <span class='ocrx_word' id='word_1_267' title='bbox 972 1771 1314 1826; x_wconf 88' lang='lat' dir='ltr'><strong>tradiderunt</strong></span> <span class='ocrx_word' id='word_1_268' title='bbox 1344 1769 1659 1839; x_wconf 72' lang='lat' dir='ltr'><strong>Scripturae,</strong></span> <span class='ocrx_word' id='word_1_269' title='bbox 1689 1769 1774 1822; x_wconf 87' lang='lat' dir='ltr'><strong>vel</strong></span> <span class='ocrx_word' id='word_1_270' title='bbox 1819 1767 1987 1822; x_wconf 92' lang='lat' dir='ltr'><strong>Deum</strong></span> 
     </span>
    </p>
   </div>
   <div class='ocr_carea' id='block_1_36' title="bbox 2128 1752 3692 1842">
    <p class='ocr_par' dir='ltr' id='par_1_36' title="bbox 2128 1760 3692 1836">
     <span class='ocr_line' id='line_1_36' title="bbox 2128 1760 3692 1836; baseline -0.001 -17"><span class='ocrx_word' id='word_1_271' title='bbox 2128 1781 2281 1832; x_wconf 87' lang='grc' dir='ltr'>στιν,</span> <span class='ocrx_word' id='word_1_272' title='bbox 2316 1769 2367 1820; x_wconf 81' lang='grc' dir='ltr'>ει</span> <span class='ocrx_word' id='word_1_273' title='bbox 2393 1765 2480 1834; x_wconf 81' lang='grc' dir='ltr'>μὴ</span> <span class='ocrx_word' id='word_1_274' title='bbox 2503 1768 2693 1835; x_wconf 79' lang='grc' dir='ltr'>μόνος</span> <span class='ocrx_word' id='word_1_275' title='bbox 2717 1765 2984 1836; x_wconf 62' lang='grc' dir='ltr'>όὶηατήρ.</span> <span class='ocrx_word' id='word_1_276' title='bbox 3014 1765 3266 1836; x_wconf 80' lang='grc' dir='ltr'>Οὐδαμοῦ</span> <span class='ocrx_word' id='word_1_277' title='bbox 3293 1765 3352 1818; x_wconf 79' lang='grc' dir='ltr'><strong>δὲ</strong></span> <span class='ocrx_word' id='word_1_278' title='bbox 3375 1760 3522 1836; x_wconf 75' lang='grc' dir='ltr'>αἷμα</span> <span class='ocrx_word' id='word_1_279' title='bbox 3550 1765 3692 1818; x_wconf 86' lang='grc' dir='ltr'>Θεοῦ</span> 
     </span>
    </p>
   </div>
   <div class='ocr_carea' id='block_1_37' title="bbox 409 1859 1990 1934">
    <p class='ocr_par' dir='ltr' id='par_1_37' title="bbox 409 1859 1990 1934">
     <span class='ocr_line' id='line_1_37' title="bbox 409 1859 1990 1934; baseline -0.003 -16"><span class='ocrx_word' id='word_1_280' title='bbox 409 1879 509 1934; x_wconf 84' lang='lat' dir='ltr'><strong>per</strong></span> <span class='ocrx_word' id='word_1_281' title='bbox 542 1871 760 1918; x_wconf 89' lang='lat' dir='ltr'><strong>carnem</strong></span> <span class='ocrx_word' id='word_1_282' title='bbox 807 1879 1028 1934; x_wconf 88' lang='lat' dir='ltr'><strong>passum</strong></span> <span class='ocrx_word' id='word_1_283' title='bbox 1073 1878 1194 1918; x_wconf 90' lang='lat' dir='ltr'><strong>esse</strong></span> <span class='ocrx_word' id='word_1_284' title='bbox 1241 1871 1296 1916; x_wconf 86' lang='lat' dir='ltr'><strong>et</strong></span> <span class='ocrx_word' id='word_1_285' title='bbox 1337 1861 1720 1916; x_wconf 78' lang='lat' dir='ltr'><strong>resurrexisse.</strong></span> <span class='ocrx_word' id='word_1_286' title='bbox 1758 1859 1990 1914; x_wconf 85' lang='lat' dir='ltr'><strong>Ariano-</strong></span> 
     </span>
    </p>
   </div>
   <div class='ocr_carea' id='block_1_38' title="bbox 411 1953 1987 2028">
    <p class='ocr_par' dir='ltr' id='par_1_38' title="bbox 411 1953 1987 2028">
     <span class='ocr_line' id='line_1_38' title="bbox 411 1953 1987 2028; baseline -0.003 -17"><span class='ocrx_word' id='word_1_287' title='bbox 411 1973 534 2011; x_wconf 84' lang='lat' dir='ltr'><strong>rum</strong></span> <span class='ocrx_word' id='word_1_288' title='bbox 574 1955 738 2028; x_wconf 82' lang='lat'><strong>759</strong></span> <span class='ocrx_word' id='word_1_289' title='bbox 780 1968 907 2011; x_wconf 89' lang='lat' dir='ltr'><strong>sunt</strong></span> <span class='ocrx_word' id='word_1_290' title='bbox 953 1956 1265 2026; x_wconf 85' lang='lat' dir='ltr'><strong>hujusmodi</strong></span> <span class='ocrx_word' id='word_1_291' title='bbox 1315 1971 1515 2018; x_wconf 81' lang='lat' dir='ltr'><strong>ausus,</strong></span> <span class='ocrx_word' id='word_1_292' title='bbox 1548 1953 1987 2023; x_wconf 85' lang='lat' dir='ltr'><strong>quandoquidem</strong></span> 
     </span>
    </p>
   </div>
   <div class='ocr_carea' id='block_1_39' title="bbox 410 2044 1985 2118">
    <p class='ocr_par' dir='ltr' id='par_1_39' title="bbox 410 2044 1985 2118">
     <span class='ocr_line' id='line_1_39' title="bbox 410 2044 1985 2118; baseline -0.006 -16"><span class='ocrx_word' id='word_1_293' title='bbox 410 2064 587 2118; x_wconf 88' lang='lat' dir='ltr'><strong>neque</strong></span> <span class='ocrx_word' id='word_1_294' title='bbox 637 2063 827 2101; x_wconf 91' lang='lat' dir='ltr'><strong>verum</strong></span> <span class='ocrx_word' id='word_1_295' title='bbox 880 2047 1048 2102; x_wconf 93' lang='lat' dir='ltr'><strong>Deum</strong></span> <span class='ocrx_word' id='word_1_296' title='bbox 1092 2046 1291 2102; x_wconf 90' lang='lat' dir='ltr'><strong>Filium</strong></span> <span class='ocrx_word' id='word_1_297' title='bbox 1333 2045 1427 2099; x_wconf 90' lang='lat' dir='ltr'><strong>Dei</strong></span> <span class='ocrx_word' id='word_1_298' title='bbox 1472 2059 1596 2100; x_wconf 92' lang='lat' dir='ltr'><strong>esse</strong></span> <span class='ocrx_word' id='word_1_299' title='bbox 1639 2044 1985 2098; x_wconf 83' lang='lat' dir='ltr'><strong>conﬁtentur.</strong></span> 
     </span>
    </p>
   </div>
   <div class='ocr_carea' id='block_1_40' title="bbox 413 2134 1990 2207">
    <p class='ocr_par' dir='ltr' id='par_1_40' title="bbox 413 2134 1990 2207">
     <span class='ocr_line' id='line_1_40' title="bbox 413 2134 1990 2207; baseline -0.003 -15"><span class='ocrx_word' id='word_1_300' title='bbox 413 2135 595 2192; x_wconf 73' lang='lat' dir='ltr'><strong>Sacra:</strong></span> <span class='ocrx_word' id='word_1_301' title='bbox 622 2151 751 2191; x_wconf 89' lang='lat' dir='ltr'><strong>vero</strong></span> <span class='ocrx_word' id='word_1_302' title='bbox 785 2136 1080 2207; x_wconf 61' lang='lat' dir='ltr'><strong>Scriptura</strong></span> <span class='ocrx_word' id='word_1_303' title='bbox 1124 2137 1179 2190; x_wconf 94' lang='lat' dir='ltr'><strong>in</strong></span> <span class='ocrx_word' id='word_1_304' title='bbox 1215 2152 1378 2190; x_wconf 86' lang='lat' dir='ltr'><strong>carne</strong></span> <span class='ocrx_word' id='word_1_305' title='bbox 1427 2135 1522 2190; x_wconf 89' lang='lat' dir='ltr'><strong>Dei</strong></span> <span class='ocrx_word' id='word_1_306' title='bbox 1571 2143 1627 2188; x_wconf 89' lang='lat' dir='ltr'><strong>et</strong></span> <span class='ocrx_word' id='word_1_307' title='bbox 1675 2137 1856 2190; x_wconf 89' lang='lat' dir='ltr'><strong>carnis</strong></span> <span class='ocrx_word' id='word_1_308' title='bbox 1895 2134 1990 2188; x_wconf 90' lang='lat' dir='ltr'><strong>Dei</strong></span> 
     </span>
    </p>
   </div>
   <div class='ocr_carea' id='block_1_41' title="bbox 410 2226 1994 2298">
    <p class='ocr_par' dir='ltr' id='par_1_41' title="bbox 410 2226 1994 2298">
     <span class='ocr_line' id='line_1_41' title="bbox 410 2226 1994 2298; baseline -0.002 -15"><span class='ocrx_word' id='word_1_309' title='bbox 410 2227 653 2283; x_wconf 88' lang='lat' dir='ltr'><strong>hominis</strong></span> <span class='ocrx_word' id='word_1_310' title='bbox 706 2226 838 2283; x_wconf 82' lang='lat' dir='ltr'><strong>facti</strong></span> <span class='ocrx_word' id='word_1_311' title='bbox 875 2228 1200 2298; x_wconf 77' lang='lat' dir='ltr'><strong>sanguinem</strong></span> <span class='ocrx_word' id='word_1_312' title='bbox 1225 2238 1278 2282; x_wconf 91' lang='lat' dir='ltr'><strong>et</strong></span> <span class='ocrx_word' id='word_1_313' title='bbox 1307 2228 1616 2297; x_wconf 87' lang='lat' dir='ltr'><strong>passionem</strong></span> <span class='ocrx_word' id='word_1_314' title='bbox 1644 2242 1766 2282; x_wconf 90' lang='lat' dir='ltr'><strong>esse</strong></span> <span class='ocrx_word' id='word_1_315' title='bbox 1797 2227 1994 2297; x_wconf 75' lang='lat' dir='ltr'><strong>praedi-</strong></span> 
     </span>
    </p>
   </div>
   <div class='ocr_carea' id='block_1_42' title="bbox 409 2319 1992 2389">
    <p class='ocr_par' dir='ltr' id='par_1_42' title="bbox 409 2319 1992 2389">
     <span class='ocr_line' id='line_1_42' title="bbox 409 2319 1992 2389; baseline -0.001 -16"><span class='ocrx_word' id='word_1_316' title='bbox 409 2329 559 2385; x_wconf 89' lang='lat' dir='ltr'><strong>cant,</strong></span> <span class='ocrx_word' id='word_1_317' title='bbox 592 2335 803 2374; x_wconf 85' lang='lat' dir='ltr'><strong>necnon</strong></span> <span class='ocrx_word' id='word_1_318' title='bbox 850 2321 1308 2375; x_wconf 88' lang='lat' dir='ltr'><strong>resurrectionem</strong></span> <span class='ocrx_word' id='word_1_319' title='bbox 1356 2321 1602 2389; x_wconf 89' lang='lat' dir='ltr'><strong>corporis</strong></span> <span class='ocrx_word' id='word_1_320' title='bbox 1643 2319 1768 2385; x_wconf 90' lang='lat' dir='ltr'><strong>Dei,</strong></span> <span class='ocrx_word' id='word_1_321' title='bbox 1802 2333 1992 2388; x_wconf 85' lang='lat' dir='ltr'><strong>nempe</strong></span> 
     </span>
    </p>
   </div>
   <div class='ocr_carea' id='block_1_43' title="bbox 410 2408 1992 2478">
    <p class='ocr_par' dir='ltr' id='par_1_43' title="bbox 410 2408 1992 2478">
     <span class='ocr_line' id='line_1_43' title="bbox 410 2408 1992 2478; baseline -0.002 -13"><span class='ocrx_word' id='word_1_322' title='bbox 410 2411 870 2466; x_wconf 85' lang='lat' dir='ltr'><strong>resurrectionem</strong></span> <span class='ocrx_word' id='word_1_323' title='bbox 896 2425 963 2465; x_wconf 83' lang='lat' dir='ltr'><strong><em>ex</em></strong></span> <span class='ocrx_word' id='word_1_324' title='bbox 1003 2411 1233 2465; x_wconf 91' lang='lat' dir='ltr'><strong>mortuis</strong></span> <span class='ocrx_word' id='word_1_325' title='bbox 1270 2408 1492 2464; x_wconf 82' lang='lat' dir='ltr'><strong>factam.</strong></span> <span class='ocrx_word' id='word_1_326' title='bbox 1527 2410 1636 2465; x_wconf 82' lang='lat' dir='ltr'><strong>Vos</strong></span> <span class='ocrx_word' id='word_1_327' title='bbox 1668 2425 1798 2465; x_wconf 89' lang='lat' dir='ltr'><strong>vero</strong></span> <span class='ocrx_word' id='word_1_328' title='bbox 1825 2425 1992 2478; x_wconf 86' lang='lat' dir='ltr'><strong>oppo-</strong></span> 
     </span>
    </p>
   </div>
   <div class='ocr_carea' id='block_1_44' title="bbox 412 2502 1991 2572">
    <p class='ocr_par' dir='ltr' id='par_1_44' title="bbox 412 2502 1991 2572">
     <span class='ocr_line' id='line_1_44' title="bbox 412 2502 1991 2572; baseline -0.003 -15"><span class='ocrx_word' id='word_1_329' title='bbox 412 2503 578 2558; x_wconf 89' lang='lat' dir='ltr'><strong>situm</strong></span> <span class='ocrx_word' id='word_1_330' title='bbox 623 2502 824 2567; x_wconf 90' lang='lat' dir='ltr'><strong>dicitis,</strong></span> <span class='ocrx_word' id='word_1_331' title='bbox 870 2502 1031 2572; x_wconf 87' lang='lat' dir='ltr'><strong>quasi</strong></span> <span class='ocrx_word' id='word_1_332' title='bbox 1078 2502 1436 2572; x_wconf 87' lang='lat' dir='ltr'><strong>sapientiores</strong></span> <span class='ocrx_word' id='word_1_333' title='bbox 1467 2502 1753 2572; x_wconf 89' lang='lat' dir='ltr'><strong>apostolis,</strong></span> <span class='ocrx_word' id='word_1_334' title='bbox 1787 2502 1841 2554; x_wconf 91' lang='lat' dir='ltr'><strong>in</strong></span> <span class='ocrx_word' id='word_1_335' title='bbox 1873 2515 1991 2571; x_wconf 86' lang='lat' dir='ltr'><strong>my-</strong></span> 
     </span>
    </p>
   </div>
   <div class='ocr_carea' id='block_1_45' title="bbox 413 2594 1993 2665">
    <p class='ocr_par' dir='ltr' id='par_1_45' title="bbox 413 2594 1993 2665">
     <span class='ocr_line' id='line_1_45' title="bbox 413 2594 1993 2665; baseline -0.003 -14"><span class='ocrx_word' id='word_1_336' title='bbox 413 2597 595 2651; x_wconf 85' lang='lat' dir='ltr'><strong>steriis</strong></span> <span class='ocrx_word' id='word_1_337' title='bbox 625 2595 896 2650; x_wconf 90' lang='lat' dir='ltr'><strong>doctiores</strong></span> <span class='ocrx_word' id='word_1_338' title='bbox 927 2595 1207 2665; x_wconf 88' lang='lat' dir='ltr'><strong>prophetis</strong></span> <span class='ocrx_word' id='word_1_339' title='bbox 1229 2634 1243 2659; x_wconf 92' lang='lat'><strong>,</strong></span> <span class='ocrx_word' id='word_1_340' title='bbox 1287 2595 1694 2664; x_wconf 69' lang='lat' dir='ltr'><strong>prazstantiores</strong></span> <span class='ocrx_word' id='word_1_341' title='bbox 1719 2594 1993 2661; x_wconf 81' lang='lat' dir='ltr'><strong>evangeli-</strong></span> 
     </span>
    </p>
   </div>
   <div class='ocr_carea' id='block_1_46' title="bbox 413 2687 1992 2759">
    <p class='ocr_par' dir='ltr' id='par_1_46' title="bbox 413 2687 1992 2759">
     <span class='ocr_line' id='line_1_46' title="bbox 413 2687 1992 2759; baseline -0.001 -18"><span class='ocrx_word' id='word_1_342' title='bbox 413 2688 536 2754; x_wconf 91' lang='lat' dir='ltr'><strong>stis,</strong></span> <span class='ocrx_word' id='word_1_343' title='bbox 574 2689 800 2759; x_wconf 91' lang='lat' dir='ltr'><strong>ipsoque</strong></span> <span class='ocrx_word' id='word_1_344' title='bbox 830 2687 1062 2742; x_wconf 92' lang='lat' dir='ltr'><strong>Domino</strong></span> <span class='ocrx_word' id='word_1_345' title='bbox 1095 2689 1417 2743; x_wconf 87' lang='lat' dir='ltr'><strong>auctoritate</strong></span> <span class='ocrx_word' id='word_1_346' title='bbox 1447 2688 1725 2758; x_wconf 76' lang='lat' dir='ltr'><strong>graviores</strong></span> <span class='ocrx_word' id='word_1_347' title='bbox 1756 2704 1768 2738; x_wconf 90' lang='lat'>:</span> <span class='ocrx_word' id='word_1_348' title='bbox 1799 2701 1992 2741; x_wconf 87' lang='lat' dir='ltr'><strong>emen-</strong></span> 
     </span>
    </p>
   </div>
   <div class='ocr_carea' id='block_1_47' title="bbox 410 2778 1989 2850">
    <p class='ocr_par' dir='ltr' id='par_1_47' title="bbox 410 2778 1989 2850">
     <span class='ocr_line' id='line_1_47' title="bbox 410 2778 1989 2850; baseline -0.001 -16"><span class='ocrx_word' id='word_1_349' title='bbox 410 2780 617 2850; x_wconf 84' lang='lat' dir='ltr'><strong>titaque</strong></span> <span class='ocrx_word' id='word_1_350' title='bbox 667 2779 760 2834; x_wconf 90' lang='lat' dir='ltr'><strong>illa</strong></span> <span class='ocrx_word' id='word_1_351' title='bbox 813 2781 1105 2834; x_wconf 87' lang='lat' dir='ltr'><strong>verborum</strong></span> <span class='ocrx_word' id='word_1_352' title='bbox 1163 2779 1382 2850; x_wconf 89' lang='lat' dir='ltr'><strong>specie,</strong></span> <span class='ocrx_word' id='word_1_353' title='bbox 1431 2779 1714 2848; x_wconf 85' lang='lat' dir='ltr'><strong>abnegatis</strong></span> <span class='ocrx_word' id='word_1_354' title='bbox 1770 2778 1989 2848; x_wconf 90' lang='lat' dir='ltr'><strong>quidem</strong></span> 
     </span>
    </p>
   </div>
   <div class='ocr_carea' id='block_1_48' title="bbox 409 2869 1993 2938">
    <p class='ocr_par' dir='ltr' id='par_1_48' title="bbox 409 2869 1993 2938">
     <span class='ocr_line' id='line_1_48' title="bbox 409 2869 1993 2938; baseline -0.002 -15"><span class='ocrx_word' id='word_1_355' title='bbox 409 2871 718 2936; x_wconf 86' lang='lat' dir='ltr'><strong>veritatem,</strong></span> <span class='ocrx_word' id='word_1_356' title='bbox 750 2880 939 2924; x_wconf 91' lang='lat' dir='ltr'><strong>contra</strong></span> <span class='ocrx_word' id='word_1_357' title='bbox 969 2870 1190 2925; x_wconf 89' lang='lat' dir='ltr'><strong>deitatis</strong></span> <span class='ocrx_word' id='word_1_358' title='bbox 1238 2885 1368 2925; x_wconf 91' lang='lat' dir='ltr'><strong>vero</strong></span> <span class='ocrx_word' id='word_1_359' title='bbox 1416 2869 1780 2924; x_wconf 74' lang='lat' dir='ltr'><strong>mconomiam</strong></span> <span class='ocrx_word' id='word_1_360' title='bbox 1816 2869 1993 2938; x_wconf 88' lang='lat' dir='ltr'><strong>loqui-</strong></span> 
     </span>
    </p>
   </div>
   <div class='ocr_carea' id='block_1_49' title="bbox 410 2960 1992 3032">
    <p class='ocr_par' dir='ltr' id='par_1_49' title="bbox 410 2960 1992 3032">
     <span class='ocr_line' id='line_1_49' title="bbox 410 2960 1992 3032; baseline 0.001 -18"><span class='ocrx_word' id='word_1_361' title='bbox 410 2961 568 3028; x_wconf 90' lang='lat' dir='ltr'><strong>mini,</strong></span> <span class='ocrx_word' id='word_1_362' title='bbox 604 2976 728 3032; x_wconf 67' lang='lat' dir='ltr'><strong>quae</strong></span> <span class='ocrx_word' id='word_1_363' title='bbox 769 2961 824 3016; x_wconf 88' lang='lat' dir='ltr'><strong>in</strong></span> <span class='ocrx_word' id='word_1_364' title='bbox 869 2976 1031 3016; x_wconf 89' lang='lat' dir='ltr'><strong>cruce</strong></span> <span class='ocrx_word' id='word_1_365' title='bbox 1079 2962 1196 3031; x_wconf 90' lang='lat' dir='ltr'><strong>ipsa</strong></span> <span class='ocrx_word' id='word_1_366' title='bbox 1231 2961 1438 3032; x_wconf 89' lang='lat' dir='ltr'><strong>liquido</strong></span> <span class='ocrx_word' id='word_1_367' title='bbox 1470 2969 1694 3031; x_wconf 84' lang='lat' dir='ltr'><strong>apparet</strong></span> <span class='ocrx_word' id='word_1_368' title='bbox 1724 2978 1738 3013; x_wconf 90' lang='lat'><strong>:</strong></span> <span class='ocrx_word' id='word_1_369' title='bbox 1770 2975 1895 3016; x_wconf 91' lang='lat' dir='ltr'><strong>cum</strong></span> <span class='ocrx_word' id='word_1_370' title='bbox 1936 2960 1992 3015; x_wconf 91' lang='lat' dir='ltr'><strong>in</strong></span> 
     </span>
    </p>
   </div>
   <div class='ocr_carea' id='block_1_50' title="bbox 410 3050 1993 3124">
    <p class='ocr_par' dir='ltr' id='par_1_50' title="bbox 410 3050 1993 3124">
     <span class='ocr_line' id='line_1_50' title="bbox 410 3050 1993 3124; baseline -0.003 -16"><span class='ocrx_word' id='word_1_371' title='bbox 410 3052 679 3108; x_wconf 77' lang='lat' dir='ltr'><strong>eﬂ‘usione</strong></span> <span class='ocrx_word' id='word_1_372' title='bbox 707 3053 924 3124; x_wconf 91' lang='lat' dir='ltr'><strong>quidem</strong></span> <span class='ocrx_word' id='word_1_373' title='bbox 972 3052 1254 3123; x_wconf 85' lang='lat' dir='ltr'><strong>sanguinis</strong></span> <span class='ocrx_word' id='word_1_374' title='bbox 1298 3067 1516 3107; x_wconf 89' lang='lat' dir='ltr'><strong>carnem</strong></span> <span class='ocrx_word' id='word_1_375' title='bbox 1562 3052 1752 3107; x_wconf 90' lang='lat' dir='ltr'><strong>adesse</strong></span> <span class='ocrx_word' id='word_1_376' title='bbox 1793 3050 1993 3106; x_wconf 88' lang='lat' dir='ltr'><strong>conﬁr-</strong></span> 
     </span>
    </p>
   </div>
   <div class='ocr_carea' id='block_1_51' title="bbox 2095 1857 3693 1930">
    <p class='ocr_par' dir='ltr' id='par_1_51' title="bbox 2095 1857 3693 1930">
     <span class='ocr_line' id='line_1_51' title="bbox 2095 1857 3693 1930; baseline -0.003 -18"><span class='ocrx_word' id='word_1_377' title='bbox 2095 1858 2215 1928; x_wconf 85' lang='grc' dir='ltr'>δίχα</span> <span class='ocrx_word' id='word_1_378' title='bbox 2246 1859 2445 1930; x_wconf 83' lang='grc' dir='ltr'>σαρκὸς</span> <span class='ocrx_word' id='word_1_379' title='bbox 2484 1858 2930 1928; x_wconf 79' lang='grc' dir='ltr'><strong>παραδεδώκασιν</strong></span> <span class='ocrx_word' id='word_1_380' title='bbox 2966 1861 3022 1910; x_wconf 83' lang='grc' dir='ltr'>αἱ</span> <span class='ocrx_word' id='word_1_381' title='bbox 3053 1857 3286 1929; x_wconf 75' lang='grc' dir='ltr'>Γραφαὶ,</span> <span class='ocrx_word' id='word_1_382' title='bbox 3335 1857 3369 1928; x_wconf 83' lang='grc' dir='ltr'><strong>ἢ</strong></span> <span class='ocrx_word' id='word_1_383' title='bbox 3409 1857 3553 1912; x_wconf 81' lang='grc' dir='ltr'>Θεὸν</span> <span class='ocrx_word' id='word_1_384' title='bbox 3606 1857 3693 1910; x_wconf 79' lang='grc' dir='ltr'><strong>διά</strong></span> 
     </span>
    </p>
   </div>
   <div class='ocr_carea' id='block_1_52' title="bbox 2100 1949 3690 2021">
    <p class='ocr_par' dir='ltr' id='par_1_52' title="bbox 2100 1949 3690 2021">
     <span class='ocr_line' id='line_1_52' title="bbox 2100 1949 3690 2021; baseline -0.001 -20"><span class='ocrx_word' id='word_1_385' title='bbox 2100 1950 2299 2020; x_wconf 79' lang='grc' dir='ltr'>σαρκὸς</span> <span class='ocrx_word' id='word_1_386' title='bbox 2324 1949 2566 2003; x_wconf 83' lang='grc' dir='ltr'>παθόντα</span> <span class='ocrx_word' id='word_1_387' title='bbox 2580 1951 2677 2003; x_wconf 75' lang='grc' dir='ltr'>καὶ</span> <span class='ocrx_word' id='word_1_388' title='bbox 2699 1951 3026 2004; x_wconf 82' lang='grc' dir='ltr'>ἀναστάντα.</span> <span class='ocrx_word' id='word_1_389' title='bbox 3057 1949 3349 2021; x_wconf 86' lang='grc' dir='ltr'>Ἀρειανῶν</span> <span class='ocrx_word' id='word_1_390' title='bbox 3370 1949 3441 2002; x_wconf 79' lang='grc' dir='ltr'><strong>τὰ</strong></span> <span class='ocrx_word' id='word_1_391' title='bbox 3455 1949 3690 2004; x_wconf 80' lang='grc' dir='ltr'>τοιαῦτα</span> 
     </span>
    </p>
   </div>
   <div class='ocr_carea' id='block_1_53' title="bbox 2095 2041 3686 2114">
    <p class='ocr_par' dir='ltr' id='par_1_53' title="bbox 2095 2041 3686 2114">
     <span class='ocr_line' id='line_1_53' title="bbox 2095 2041 3686 2114; baseline 0.001 -21"><span class='ocrx_word' id='word_1_392' title='bbox 2095 2041 2441 2112; x_wconf 81' lang='grc' dir='ltr'>τολμήματα,</span> <span class='ocrx_word' id='word_1_393' title='bbox 2474 2042 2662 2112; x_wconf 78' lang='grc' dir='ltr'>ἐπειδὴ</span> <span class='ocrx_word' id='word_1_394' title='bbox 2689 2043 2827 2112; x_wconf 85' lang='grc' dir='ltr'>μήτε</span> <span class='ocrx_word' id='word_1_395' title='bbox 2862 2042 2996 2095; x_wconf 82' lang='grc' dir='ltr'>Θεὸν</span> <span class='ocrx_word' id='word_1_396' title='bbox 3025 2043 3278 2114; x_wconf 84' lang='grc' dir='ltr'>ἀληθινὸν</span> <span class='ocrx_word' id='word_1_397' title='bbox 3305 2042 3395 2094; x_wconf 81' lang='grc' dir='ltr'><strong>τὸν</strong></span> <span class='ocrx_word' id='word_1_398' title='bbox 3424 2043 3564 2096; x_wconf 78' lang='grc' dir='ltr'>Υἱὸν</span> <span class='ocrx_word' id='word_1_399' title='bbox 3593 2043 3686 2096; x_wconf 79' lang='grc' dir='ltr'><strong>τοῦ</strong></span> 
     </span>
    </p>
   </div>
   <div class='ocr_carea' id='block_1_54' title="bbox 2097 2133 3686 2206">
    <p class='ocr_par' dir='ltr' id='par_1_54' title="bbox 2097 2133 3686 2206">
     <span class='ocr_line' id='line_1_54' title="bbox 2097 2133 3686 2206; baseline 0.001 -20"><span class='ocrx_word' id='word_1_400' title='bbox 2097 2133 2230 2187; x_wconf 83' lang='grc' dir='ltr'>Θεοῦ</span> <span class='ocrx_word' id='word_1_401' title='bbox 2251 2133 2624 2204; x_wconf 81' lang='grc' dir='ltr'><strong>ὁμολογοῦσιν.</strong></span> <span class='ocrx_word' id='word_1_402' title='bbox 2655 2135 2719 2186; x_wconf 80' lang='grc' dir='ltr'><strong>Αἱ</strong></span> <span class='ocrx_word' id='word_1_403' title='bbox 2753 2134 2809 2186; x_wconf 82' lang='grc' dir='ltr'>δὲ</span> <span class='ocrx_word' id='word_1_404' title='bbox 2835 2134 2987 2202; x_wconf 82' lang='grc' dir='ltr'>ἆγιαι</span> <span class='ocrx_word' id='word_1_405' title='bbox 3012 2135 3230 2206; x_wconf 75' lang='grc' dir='ltr'>Γραφαὶ</span> <span class='ocrx_word' id='word_1_406' title='bbox 3258 2137 3314 2186; x_wconf 83' lang='grc' dir='ltr'><strong>ὲν</strong></span> <span class='ocrx_word' id='word_1_407' title='bbox 3341 2135 3506 2206; x_wconf 75' lang='grc' dir='ltr'>σαρκὶ</span> <span class='ocrx_word' id='word_1_408' title='bbox 3546 2135 3686 2189; x_wconf 86' lang='grc' dir='ltr'>Θεοῦ</span> 
     </span>
    </p>
   </div>
   <div class='ocr_carea' id='block_1_55' title="bbox 2098 2222 3691 2297">
    <p class='ocr_par' dir='ltr' id='par_1_55' title="bbox 2098 2222 3691 2297">
     <span class='ocr_line' id='line_1_55' title="bbox 2098 2222 3691 2297; baseline 0.001 -19"><span class='ocrx_word' id='word_1_409' title='bbox 2098 2225 2191 2278; x_wconf 84' lang='grc' dir='ltr'><strong>καὶ</strong></span> <span class='ocrx_word' id='word_1_410' title='bbox 2214 2225 2412 2296; x_wconf 82' lang='grc' dir='ltr'>σαρκὸς</span> <span class='ocrx_word' id='word_1_411' title='bbox 2443 2224 2578 2278; x_wconf 87' lang='grc' dir='ltr'>Θεοῦ</span> <span class='ocrx_word' id='word_1_412' title='bbox 2601 2224 2888 2295; x_wconf 88' lang='grc' dir='ltr'>ἀνθρώπου</span> <span class='ocrx_word' id='word_1_413' title='bbox 2920 2227 3236 2297; x_wconf 82' lang='grc' dir='ltr'>γενομένου,</span> <span class='ocrx_word' id='word_1_414' title='bbox 3268 2222 3428 2295; x_wconf 79' lang='grc' dir='ltr'>αἷμα,</span> <span class='ocrx_word' id='word_1_415' title='bbox 3455 2227 3560 2279; x_wconf 74' lang='grc' dir='ltr'><strong>καὶ</strong></span> <span class='ocrx_word' id='word_1_416' title='bbox 3589 2229 3691 2280; x_wconf 84' lang='grc' dir='ltr'>πά-</span> 
     </span>
    </p>
   </div>
   <div class='ocr_carea' id='block_1_56' title="bbox 2098 2317 3688 2390">
    <p class='ocr_par' dir='ltr' id='par_1_56' title="bbox 2098 2317 3688 2390">
     <span class='ocr_line' id='line_1_56' title="bbox 2098 2317 3688 2390; baseline 0.001 -20"><span class='ocrx_word' id='word_1_417' title='bbox 2098 2317 2208 2380; x_wconf 89' lang='grc' dir='ltr'>θος,</span> <span class='ocrx_word' id='word_1_418' title='bbox 2265 2318 2358 2370; x_wconf 78' lang='grc' dir='ltr'><strong>καὶ</strong></span> <span class='ocrx_word' id='word_1_419' title='bbox 2400 2319 2690 2372; x_wconf 84' lang='grc' dir='ltr'>ἀνάστασιν</span> <span class='ocrx_word' id='word_1_420' title='bbox 2726 2318 3052 2389; x_wconf 77' lang='grc' dir='ltr'>κηρύττουσι</span> <span class='ocrx_word' id='word_1_421' title='bbox 3087 2317 3335 2390; x_wconf 85' lang='grc' dir='ltr'>σώματος</span> <span class='ocrx_word' id='word_1_422' title='bbox 3361 2318 3521 2385; x_wconf 88' lang='grc' dir='ltr'>Θεοῦ,</span> <span class='ocrx_word' id='word_1_423' title='bbox 3555 2320 3688 2372; x_wconf 78' lang='grc' dir='ltr'>ἀνά-</span> 
     </span>
    </p>
   </div>
   <div class='ocr_carea' id='block_1_57' title="bbox 2099 2411 3691 2484">
    <p class='ocr_par' dir='ltr' id='par_1_57' title="bbox 2099 2411 3691 2484">
     <span class='ocr_line' id='line_1_57' title="bbox 2099 2411 3691 2484; baseline 0.001 -22"><span class='ocrx_word' id='word_1_424' title='bbox 2099 2427 2284 2462; x_wconf 90' lang='grc' dir='ltr'>στασιν</span> <span class='ocrx_word' id='word_1_425' title='bbox 2307 2412 2369 2462; x_wconf 79' lang='grc' dir='ltr'>ἐκ</span> <span class='ocrx_word' id='word_1_426' title='bbox 2395 2412 2603 2481; x_wconf 85' lang='grc' dir='ltr'>νεκρῶν</span> <span class='ocrx_word' id='word_1_427' title='bbox 2632 2413 2934 2484; x_wconf 78' lang='grc' dir='ltr'>γενομένην</span> <span class='ocrx_word' id='word_1_428' title='bbox 2960 2412 3058 2482; x_wconf 88' lang='lat'><strong>(8).</strong></span> <span class='ocrx_word' id='word_1_429' title='bbox 3099 2413 3287 2482; x_wconf 82' lang='grc' dir='ltr'>Ὑμεῖς</span> <span class='ocrx_word' id='word_1_430' title='bbox 3319 2412 3396 2476; x_wconf 88' lang='grc' dir='ltr'>δὲ,</span> <span class='ocrx_word' id='word_1_431' title='bbox 3415 2411 3478 2464; x_wconf 81' lang='grc' dir='ltr'><strong>τὸ</strong></span> <span class='ocrx_word' id='word_1_432' title='bbox 3509 2412 3691 2482; x_wconf 81' lang='grc' dir='ltr'>ἔμπα-</span> 
     </span>
    </p>
   </div>
   <div class='ocr_carea' id='block_1_58' title="bbox 2097 2503 3691 2575">
    <p class='ocr_par' dir='ltr' id='par_1_58' title="bbox 2097 2503 3691 2575">
     <span class='ocr_line' id='line_1_58' title="bbox 2097 2503 3691 2575; baseline 0.001 -21"><span class='ocrx_word' id='word_1_433' title='bbox 2097 2503 2180 2555; x_wconf 92' lang='grc' dir='ltr'><strong>λιν</strong></span> <span class='ocrx_word' id='word_1_434' title='bbox 2213 2503 2420 2571; x_wconf 83' lang='grc' dir='ltr'>λέγετε,</span> <span class='ocrx_word' id='word_1_435' title='bbox 2455 2505 2530 2567; x_wconf 84' lang='grc' dir='ltr'><strong>ὡς</strong></span> <span class='ocrx_word' id='word_1_436' title='bbox 2566 2503 2863 2575; x_wconf 84' lang='grc' dir='ltr'>σοφώτεροι</span> <span class='ocrx_word' id='word_1_437' title='bbox 2895 2505 3002 2557; x_wconf 85' lang='grc' dir='ltr'><strong>τῶν</strong></span> <span class='ocrx_word' id='word_1_438' title='bbox 3033 2505 3378 2567; x_wconf 82' lang='grc' dir='ltr'>ἀποστόλων,</span> <span class='ocrx_word' id='word_1_439' title='bbox 3429 2505 3524 2558; x_wconf 77' lang='grc' dir='ltr'><strong>καὶ</strong></span> <span class='ocrx_word' id='word_1_440' title='bbox 3590 2523 3691 2574; x_wconf 84' lang='grc' dir='ltr'>μυ-</span> 
     </span>
    </p>
   </div>
   <div class='ocr_carea' id='block_1_59' title="bbox 2101 2592 3689 2664">
    <p class='ocr_par' dir='ltr' id='par_1_59' title="bbox 2101 2592 3689 2664">
     <span class='ocr_line' id='line_1_59' title="bbox 2101 2592 3689 2664; baseline -0.002 -18"><span class='ocrx_word' id='word_1_441' title='bbox 2101 2593 2416 2664; x_wconf 83' lang='grc' dir='ltr'>στικώτεροι</span> <span class='ocrx_word' id='word_1_442' title='bbox 2464 2592 2572 2646; x_wconf 86' lang='grc' dir='ltr'><strong>τῶν</strong></span> <span class='ocrx_word' id='word_1_443' title='bbox 2607 2594 2900 2664; x_wconf 73' lang='grc' dir='ltr'>προφητῶν</span> <span class='ocrx_word' id='word_1_444' title='bbox 2927 2634 2941 2657; x_wconf 96' lang='grc'><strong>,</strong></span> <span class='ocrx_word' id='word_1_445' title='bbox 2993 2595 3087 2646; x_wconf 79' lang='grc' dir='ltr'><strong>καὶ</strong></span> <span class='ocrx_word' id='word_1_446' title='bbox 3138 2593 3689 2662; x_wconf 74' lang='grc' dir='ltr'>ὲξουσιαστικώτεροι</span> 
     </span>
    </p>
   </div>
   <div class='ocr_carea' id='block_1_60' title="bbox 2097 2682 3692 2754">
    <p class='ocr_par' dir='ltr' id='par_1_60' title="bbox 2097 2682 3692 2754">
     <span class='ocr_line' id='line_1_60' title="bbox 2097 2682 3692 2754; baseline -0.001 -18"><span class='ocrx_word' id='word_1_447' title='bbox 2097 2683 2205 2736; x_wconf 88' lang='grc' dir='ltr'><strong>τῶν</strong></span> <span class='ocrx_word' id='word_1_448' title='bbox 2247 2683 2669 2752; x_wconf 83' lang='grc' dir='ltr'>εύαγγελιστῶν,</span> <span class='ocrx_word' id='word_1_449' title='bbox 2717 2684 2750 2754; x_wconf 79' lang='grc' dir='ltr'>ἦ</span> <span class='ocrx_word' id='word_1_450' title='bbox 2798 2684 2893 2737; x_wconf 77' lang='grc' dir='ltr'><strong>καὶ</strong></span> <span class='ocrx_word' id='word_1_451' title='bbox 2933 2682 3383 2754; x_wconf 79' lang='grc' dir='ltr'>αὑθεντικώτεροι</span> <span class='ocrx_word' id='word_1_452' title='bbox 3427 2683 3524 2736; x_wconf 87' lang='grc' dir='ltr'><strong>τοῦ</strong></span> <span class='ocrx_word' id='word_1_453' title='bbox 3576 2686 3692 2736; x_wconf 64' lang='grc' dir='ltr'><strong>Κυί-</strong></span> 
     </span>
    </p>
   </div>
   <div class='ocr_carea' id='block_1_61' title="bbox 2102 2774 3688 2846">
    <p class='ocr_par' dir='ltr' id='par_1_61' title="bbox 2102 2774 3688 2846">
     <span class='ocr_line' id='line_1_61' title="bbox 2102 2774 3688 2846; baseline 0.003 -21"><span class='ocrx_word' id='word_1_454' title='bbox 2102 2774 2254 2844; x_wconf 77' lang='grc' dir='ltr'>ρίουο</span> <span class='ocrx_word' id='word_1_455' title='bbox 2292 2774 2597 2846; x_wconf 69' lang='grc' dir='ltr'>ἐψευσμένῃ</span> <span class='ocrx_word' id='word_1_456' title='bbox 2651 2774 2804 2844; x_wconf 87' lang='grc' dir='ltr'>ὑμῶν</span> <span class='ocrx_word' id='word_1_457' title='bbox 2840 2775 3087 2846; x_wconf 73' lang='grc' dir='ltr'>εὐφημίᾳ</span> <span class='ocrx_word' id='word_1_458' title='bbox 3143 2774 3554 2846; x_wconf 84' lang='grc' dir='ltr'>ἀπαρνούμενοι</span> <span class='ocrx_word' id='word_1_459' title='bbox 3613 2775 3688 2845; x_wconf 64' lang='grc'><strong>(91</strong></span> 
     </span>
    </p>
   </div>
   <div class='ocr_carea' id='block_1_62' title="bbox 2101 2864 3686 2937">
    <p class='ocr_par' dir='ltr' id='par_1_62' title="bbox 2101 2864 3686 2937">
     <span class='ocr_line' id='line_1_62' title="bbox 2101 2864 3686 2937; baseline -0.001 -20"><span class='ocrx_word' id='word_1_460' title='bbox 2101 2867 2202 2936; x_wconf 83' lang='grc' dir='ltr'>μὲν</span> <span class='ocrx_word' id='word_1_461' title='bbox 2223 2865 2320 2936; x_wconf 77' lang='grc' dir='ltr'><strong>τὴν</strong></span> <span class='ocrx_word' id='word_1_462' title='bbox 2343 2866 2623 2937; x_wconf 86' lang='grc' dir='ltr'>ἀλήθειαν,</span> <span class='ocrx_word' id='word_1_463' title='bbox 2647 2864 2789 2920; x_wconf 86' lang='grc' dir='ltr'><strong>κατά</strong></span> <span class='ocrx_word' id='word_1_464' title='bbox 2809 2866 2864 2920; x_wconf 83' lang='grc' dir='ltr'>δὲ</span> <span class='ocrx_word' id='word_1_465' title='bbox 2890 2868 2988 2936; x_wconf 79' lang='grc' dir='ltr'><strong>τῆς</strong></span> <span class='ocrx_word' id='word_1_466' title='bbox 3015 2865 3270 2937; x_wconf 77' lang='grc' dir='ltr'>θεότητος</span> <span class='ocrx_word' id='word_1_467' title='bbox 3296 2865 3686 2936; x_wconf 78' lang='grc' dir='ltr'>φθεγγόμενοι,</span> 
     </span>
    </p>
   </div>
   <div class='ocr_carea' id='block_1_63' title="bbox 2096 2958 3692 3030">
    <p class='ocr_par' dir='ltr' id='par_1_63' title="bbox 2096 2958 3692 3030">
     <span class='ocr_line' id='line_1_63' title="bbox 2096 2958 3692 3030; baseline -0.001 -19"><span class='ocrx_word' id='word_1_468' title='bbox 2096 2959 2195 3028; x_wconf 82' lang='grc' dir='ltr'>τῆς</span> <span class='ocrx_word' id='word_1_469' title='bbox 2227 2959 2537 3029; x_wconf 74' lang='grc' dir='ltr'>οἰκονομίας</span> <span class='ocrx_word' id='word_1_470' title='bbox 2584 2959 2769 3027; x_wconf 84' lang='grc' dir='ltr'>σαφῶς</span> <span class='ocrx_word' id='word_1_471' title='bbox 2819 2959 2913 3012; x_wconf 79' lang='grc' dir='ltr'><strong>καὶ</strong></span> <span class='ocrx_word' id='word_1_472' title='bbox 2953 2959 3046 3011; x_wconf 71' lang='grc' dir='ltr'><strong>ἐπὶ</strong></span> <span class='ocrx_word' id='word_1_473' title='bbox 3076 2959 3170 3012; x_wconf 89' lang='grc' dir='ltr'><strong>τοῦ</strong></span> <span class='ocrx_word' id='word_1_474' title='bbox 3209 2958 3441 3030; x_wconf 87' lang='grc' dir='ltr'>σταυροῦ</span> <span class='ocrx_word' id='word_1_475' title='bbox 3473 2958 3692 3012; x_wconf 78' lang='grc' dir='ltr'>δεικνυ-</span> 
     </span>
    </p>
   </div>
   <div class='ocr_carea' id='block_1_64' title="bbox 2103 3050 3687 3123">
    <p class='ocr_par' dir='ltr' id='par_1_64' title="bbox 2103 3050 3687 3123">
     <span class='ocr_line' id='line_1_64' title="bbox 2103 3050 3687 3123; baseline 0 -19"><span class='ocrx_word' id='word_1_476' title='bbox 2103 3052 2288 3123; x_wconf 81' lang='grc' dir='ltr'>μένης,</span> <span class='ocrx_word' id='word_1_477' title='bbox 2320 3053 2378 3104; x_wconf 82' lang='grc' dir='ltr'><strong>ὲν</strong></span> <span class='ocrx_word' id='word_1_478' title='bbox 2423 3051 2524 3122; x_wconf 78' lang='grc' dir='ltr'><strong>μὲν</strong></span> <span class='ocrx_word' id='word_1_479' title='bbox 2562 3050 2802 3122; x_wconf 81' lang='grc' dir='ltr'>προϐολῇ</span> <span class='ocrx_word' id='word_1_480' title='bbox 2852 3050 3085 3121; x_wconf 80' lang='grc' dir='ltr'>αἵματος</span> <span class='ocrx_word' id='word_1_481' title='bbox 3119 3050 3319 3121; x_wconf 81' lang='grc' dir='ltr'>σαρκὸς</span> <span class='ocrx_word' id='word_1_482' title='bbox 3356 3050 3687 3120; x_wconf 77' lang='grc' dir='ltr'>βεϐαιουμέ-</span> 
     </span>
    </p>
   </div>
   <div class='ocr_carea' id='block_1_65' title="bbox 412 3117 1988 3216">
    <p class='ocr_par' dir='ltr' id='par_1_65' title="bbox 412 3142 1988 3212">
     <span class='ocr_line' id='line_1_65' title="bbox 412 3142 1988 3212; baseline 0 -16"><span class='ocrx_word' id='word_1_483' title='bbox 412 3151 632 3197; x_wconf 88' lang='lat' dir='ltr'><strong>metur:</strong></span> <span class='ocrx_word' id='word_1_484' title='bbox 670 3158 907 3212; x_wconf 90' lang='lat' dir='ltr'><strong>cumque</strong></span> <span class='ocrx_word' id='word_1_485' title='bbox 943 3157 1049 3197; x_wconf 84' lang='lat' dir='ltr'><strong>vox</strong></span> <span class='ocrx_word' id='word_1_486' title='bbox 1088 3142 1254 3204; x_wconf 89' lang='lat' dir='ltr'><strong>edita.</strong></span> <span class='ocrx_word' id='word_1_487' title='bbox 1287 3149 1341 3196; x_wconf 91' lang='lat' dir='ltr'><strong>et</strong></span> <span class='ocrx_word' id='word_1_488' title='bbox 1369 3142 1551 3196; x_wconf 85' lang='lat' dir='ltr'><strong>anima</strong></span> <span class='ocrx_word' id='word_1_489' title='bbox 1587 3142 1847 3207; x_wconf 87' lang='lat' dir='ltr'><strong>indicata,</strong></span> <span class='ocrx_word' id='word_1_490' title='bbox 1884 3158 1988 3196; x_wconf 89' lang='lat' dir='ltr'><strong>non</strong></span> 
     </span>
    </p>
   </div>
   <div class='ocr_carea' id='block_1_66' title="bbox 2128 3117 3688 3216">
    <p class='ocr_par' dir='ltr' id='par_1_66' title="bbox 2132 3117 3688 3216">
     <span class='ocr_line' id='line_1_66' title="bbox 2132 3117 3688 3216; baseline -0.003 -16"><span class='ocrx_word' id='word_1_491' title='bbox 2132 3117 2236 3216; x_wconf 66' lang='grc' dir='ltr'><strong>ηςθ⁷</strong></span> <span class='ocrx_word' id='word_1_492' title='bbox 2286 3117 2470 3214; x_wconf 57' lang='grc' dir='ltr'>φωνῆς</span> <span class='ocrx_word' id='word_1_493' title='bbox 2524 3144 2581 3198; x_wconf 84' lang='grc' dir='ltr'>δὲ</span> <span class='ocrx_word' id='word_1_494' title='bbox 2609 3117 2942 3213; x_wconf 32' lang='grc' dir='ltr'>λγενομένης</span> <span class='ocrx_word' id='word_1_495' title='bbox 2993 3143 3089 3197; x_wconf 71' lang='lat' dir='ltr'><strong>xei.</strong></span> <span class='ocrx_word' id='word_1_496' title='bbox 3131 3117 3310 3214; x_wconf 77' lang='grc' dir='ltr'>ψυχῆς</span> <span class='ocrx_word' id='word_1_497' title='bbox 3343 3117 3688 3214; x_wconf 72' lang='grc' dir='ltr'>σημαινομέ-</span> 
     </span>
    </p>
   </div>
   <div class='ocr_carea' id='block_1_67' title="bbox 411 3232 1997 3305">
    <p class='ocr_par' dir='ltr' id='par_1_67' title="bbox 411 3232 1997 3305">
     <span class='ocr_line' id='line_1_67' title="bbox 411 3232 1997 3305; baseline -0.004 -15"><span class='ocrx_word' id='word_1_498' title='bbox 411 3235 631 3290; x_wconf 84' lang='lat' dir='ltr'><strong>deitatis</strong></span> <span class='ocrx_word' id='word_1_499' title='bbox 655 3235 1054 3305; x_wconf 88' lang='lat' dir='ltr'><strong>scparationem</strong></span> <span class='ocrx_word' id='word_1_500' title='bbox 1079 3232 1427 3299; x_wconf 83' lang='lat' dir='ltr'><strong>manifestet;</strong></span> <span class='ocrx_word' id='word_1_501' title='bbox 1460 3233 1552 3288; x_wconf 88' lang='lat' dir='ltr'><strong>sed</strong></span> <span class='ocrx_word' id='word_1_502' title='bbox 1581 3232 1825 3301; x_wconf 88' lang='lat' dir='ltr'><strong>corporis</strong></span> <span class='ocrx_word' id='word_1_503' title='bbox 1849 3246 1997 3285; x_wconf 88' lang='lat' dir='ltr'><strong>mor-</strong></span> 
     </span>
    </p>
   </div>
   <div class='ocr_carea' id='block_1_68' title="bbox 414 3323 1997 3398">
    <p class='ocr_par' dir='ltr' id='par_1_68' title="bbox 414 3323 1997 3398">
     <span class='ocr_line' id='line_1_68' title="bbox 414 3323 1997 3398; baseline -0.003 -17"><span class='ocrx_word' id='word_1_504' title='bbox 414 3337 522 3382; x_wconf 89' lang='lat' dir='ltr'><strong>tem</strong></span> <span class='ocrx_word' id='word_1_505' title='bbox 553 3327 821 3398; x_wconf 79' lang='lat' dir='ltr'><strong>signiﬁcet</strong></span> <span class='ocrx_word' id='word_1_506' title='bbox 855 3343 1019 3382; x_wconf 92' lang='lat' dir='ltr'><strong>:cum</strong></span> <span class='ocrx_word' id='word_1_507' title='bbox 1059 3327 1234 3382; x_wconf 89' lang='lat' dir='ltr'><strong>deitas</strong></span> <span class='ocrx_word' id='word_1_508' title='bbox 1272 3341 1449 3395; x_wconf 87' lang='lat' dir='ltr'><strong>neque</strong></span> <span class='ocrx_word' id='word_1_509' title='bbox 1492 3340 1690 3394; x_wconf 91' lang='lat' dir='ltr'><strong>corpus</strong></span> <span class='ocrx_word' id='word_1_510' title='bbox 1731 3325 1784 3378; x_wconf 92' lang='lat' dir='ltr'><strong>in</strong></span> <span class='ocrx_word' id='word_1_511' title='bbox 1816 3323 1997 3393; x_wconf 91' lang='lat' dir='ltr'><strong>sepul-</strong></span> 
     </span>
    </p>
   </div>
   <div class='ocr_carea' id='block_1_69' title="bbox 414 3414 1991 3486">
    <p class='ocr_par' dir='ltr' id='par_1_69' title="bbox 414 3414 1991 3486">
     <span class='ocr_line' id='line_1_69' title="bbox 414 3414 1991 3486; baseline -0.004 -14"><span class='ocrx_word' id='word_1_512' title='bbox 414 3433 510 3472; x_wconf 90' lang='lat' dir='ltr'><strong>cro</strong></span> <span class='ocrx_word' id='word_1_513' title='bbox 543 3419 838 3483; x_wconf 90' lang='lat' dir='ltr'><strong>desereret,</strong></span> <span class='ocrx_word' id='word_1_514' title='bbox 873 3432 1050 3486; x_wconf 87' lang='lat' dir='ltr'><strong>neque</strong></span> <span class='ocrx_word' id='word_1_515' title='bbox 1088 3417 1156 3471; x_wconf 85' lang='lat' dir='ltr'><strong>ab</strong></span> <span class='ocrx_word' id='word_1_516' title='bbox 1193 3415 1376 3470; x_wconf 87' lang='lat' dir='ltr'><strong>anima</strong></span> <span class='ocrx_word' id='word_1_517' title='bbox 1409 3415 1462 3469; x_wconf 90' lang='lat' dir='ltr'><strong>in</strong></span> <span class='ocrx_word' id='word_1_518' title='bbox 1490 3414 1682 3468; x_wconf 83' lang='lat' dir='ltr'><strong>inferis</strong></span> <span class='ocrx_word' id='word_1_519' title='bbox 1709 3428 1991 3482; x_wconf 84' lang='lat' dir='ltr'><strong>separare-</strong></span> 
     </span>
    </p>
   </div>
   <div class='ocr_carea' id='block_1_70' title="bbox 413 3505 1991 3578">
    <p class='ocr_par' dir='ltr' id='par_1_70' title="bbox 413 3505 1991 3578">
     <span class='ocr_line' id='line_1_70' title="bbox 413 3505 1991 3578; baseline -0.004 -15"><span class='ocrx_word' id='word_1_520' title='bbox 413 3521 526 3563; x_wconf 87' lang='lat' dir='ltr'><strong>tur.</strong></span> <span class='ocrx_word' id='word_1_521' title='bbox 560 3509 696 3562; x_wconf 80' lang='lat' dir='ltr'><strong>lilud</strong></span> <span class='ocrx_word' id='word_1_522' title='bbox 725 3508 871 3563; x_wconf 89' lang='lat' dir='ltr'><strong>enim</strong></span> <span class='ocrx_word' id='word_1_523' title='bbox 898 3519 980 3563; x_wconf 88' lang='lat' dir='ltr'><strong>est</strong></span> <span class='ocrx_word' id='word_1_524' title='bbox 1004 3508 1150 3578; x_wconf 90' lang='lat' dir='ltr'><strong>quod</strong></span> <span class='ocrx_word' id='word_1_525' title='bbox 1186 3509 1391 3563; x_wconf 83' lang='lat' dir='ltr'><strong>dietum</strong></span> <span class='ocrx_word' id='word_1_526' title='bbox 1419 3515 1504 3562; x_wconf 90' lang='lat' dir='ltr'><strong>est</strong></span> <span class='ocrx_word' id='word_1_527' title='bbox 1532 3521 1628 3576; x_wconf 91' lang='lat' dir='ltr'><strong>per</strong></span> <span class='ocrx_word' id='word_1_528' title='bbox 1652 3505 1945 3576; x_wconf 87' lang='lat' dir='ltr'><strong>prophetas</strong></span> <span class='ocrx_word' id='word_1_529' title='bbox 1979 3523 1991 3558; x_wconf 93' lang='lat'>:</span> 
     </span>
    </p>
   </div>
   <div class='ocr_carea' id='block_1_71' title="bbox 418 3599 1995 3673">
    <p class='ocr_par' dir='ltr' id='par_1_71' title="bbox 418 3599 1995 3673">
     <span class='ocr_line' id='line_1_71' title="bbox 418 3599 1995 3673; baseline -0.007 -13"><span class='ocrx_word' id='word_1_530' title='bbox 418 3604 542 3660; x_wconf 89' lang='lat' dir='ltr'><strong>Non</strong></span> <span class='ocrx_word' id='word_1_531' title='bbox 603 3604 928 3673; x_wconf 84' lang='lat' dir='ltr'><strong>derelinques</strong></span> <span class='ocrx_word' id='word_1_532' title='bbox 991 3603 1225 3655; x_wconf 90' lang='lat' dir='ltr'><strong>animam</strong></span> <span class='ocrx_word' id='word_1_533' title='bbox 1275 3615 1448 3654; x_wconf 82' lang='lat' dir='ltr'><strong>meant</strong></span> <span class='ocrx_word' id='word_1_534' title='bbox 1491 3599 1546 3652; x_wconf 91' lang='lat' dir='ltr'><strong>in</strong></span> <span class='ocrx_word' id='word_1_535' title='bbox 1597 3599 1846 3667; x_wconf 77' lang='lat' dir='ltr'><strong>inferno,</strong></span> <span class='ocrx_word' id='word_1_536' title='bbox 1904 3613 1995 3649; x_wconf 86' lang='lat' dir='ltr'><strong>nec</strong></span> 
     </span>
    </p>
   </div>
   <div class='ocr_carea' id='block_1_72' title="bbox 416 3689 1994 3762">
    <p class='ocr_par' dir='ltr' id='par_1_72' title="bbox 416 3689 1994 3762">
     <span class='ocr_line' id='line_1_72' title="bbox 416 3689 1994 3762; baseline -0.005 -10"><span class='ocrx_word' id='word_1_537' title='bbox 416 3698 570 3752; x_wconf 88' lang='lat' dir='ltr'><strong>dabis</strong></span> <span class='ocrx_word' id='word_1_538' title='bbox 618 3707 860 3751; x_wconf 86' lang='lat' dir='ltr'><strong>sanctum</strong></span> <span class='ocrx_word' id='word_1_539' title='bbox 905 3705 1053 3750; x_wconf 87' lang='lat' dir='ltr'><strong>tuum</strong></span> <span class='ocrx_word' id='word_1_540' title='bbox 1099 3695 1272 3750; x_wconf 84' lang='lat' dir='ltr'><strong>videre</strong></span> <span class='ocrx_word' id='word_1_541' title='bbox 1325 3691 1720 3762; x_wconf 85' lang='lat' dir='ltr'><strong>corruptionem</strong></span> <span class='ocrx_word' id='word_1_542' title='bbox 1760 3692 1826 3743; x_wconf 79' lang='lat'><strong>”.</strong></span> <span class='ocrx_word' id='word_1_543' title='bbox 1866 3689 1994 3744; x_wconf 88' lang='lat' dir='ltr'><strong>Ideo</strong></span> 
     </span>
    </p>
   </div>
   <div class='ocr_carea' id='block_1_73' title="bbox 414 3784 1992 3848">
    <p class='ocr_par' dir='ltr' id='par_1_73' title="bbox 414 3784 1992 3848">
     <span class='ocr_line' id='line_1_73' title="bbox 414 3784 1992 3848; baseline -0.006 -2"><span class='ocrx_word' id='word_1_544' title='bbox 414 3803 471 3846; x_wconf 90' lang='lat' dir='ltr'><strong>et</strong></span> <span class='ocrx_word' id='word_1_545' title='bbox 518 3790 782 3846; x_wconf 80' lang='lat' dir='ltr'><strong>Dominus</strong></span> <span class='ocrx_word' id='word_1_546' title='bbox 828 3791 1056 3844; x_wconf 88' lang='lat' dir='ltr'><strong>aiebat:</strong></span> <span class='ocrx_word' id='word_1_547' title='bbox 1112 3786 1280 3842; x_wconf 88' lang='lat' dir='ltr'><strong><em>Nemo</em></strong></span> <span class='ocrx_word' id='word_1_548' title='bbox 1335 3786 1474 3840; x_wconf 84' lang='lat' dir='ltr'><strong>tollit</strong></span> <span class='ocrx_word' id='word_1_549' title='bbox 1524 3802 1641 3839; x_wconf 88' lang='lat' dir='ltr'><strong>eam</strong></span> <span class='ocrx_word' id='word_1_550' title='bbox 1686 3801 1720 3838; x_wconf 85' lang='grc' dir='ltr'><strong>α</strong></span> <span class='ocrx_word' id='word_1_551' title='bbox 1754 3801 1854 3848; x_wconf 90' lang='lat' dir='ltr'><strong>me,</strong></span> <span class='ocrx_word' id='word_1_552' title='bbox 1902 3784 1992 3837; x_wconf 81' lang='lat' dir='ltr'><strong>sed</strong></span> 
     </span>
    </p>
   </div>
   <div class='ocr_carea' id='block_1_74' title="bbox 415 3878 1992 3954">
    <p class='ocr_par' dir='ltr' id='par_1_74' title="bbox 415 3878 1992 3954">
     <span class='ocr_line' id='line_1_74' title="bbox 415 3878 1992 3954; baseline -0.004 -16"><span class='ocrx_word' id='word_1_553' title='bbox 415 3900 508 3954; x_wconf 85' lang='lat' dir='ltr'><strong><em>ego</em></strong></span> <span class='ocrx_word' id='word_1_554' title='bbox 556 3900 693 3952; x_wconf 87' lang='lat' dir='ltr'><strong>pono</strong></span> <span class='ocrx_word' id='word_1_555' title='bbox 733 3899 847 3938; x_wconf 87' lang='lat' dir='ltr'><strong><em>eam</em></strong></span> <span class='ocrx_word' id='word_1_556' title='bbox 895 3899 928 3936; x_wconf 90' lang='lat' dir='ltr'><strong>a</strong></span> <span class='ocrx_word' id='word_1_557' title='bbox 979 3882 1175 3952; x_wconf 87' lang='lat' dir='ltr'><strong>meipso</strong></span> <span class='ocrx_word' id='word_1_558' title='bbox 1216 3881 1284 3949; x_wconf 86' lang='grc'><strong>³⁰,</strong></span> <span class='ocrx_word' id='word_1_559' title='bbox 1316 3881 1370 3936; x_wconf 89' lang='lat' dir='ltr'><strong>id</strong></span> <span class='ocrx_word' id='word_1_560' title='bbox 1411 3888 1526 3945; x_wconf 88' lang='lat' dir='ltr'><strong>est,</strong></span> <span class='ocrx_word' id='word_1_561' title='bbox 1580 3893 1820 3949; x_wconf 65' lang='lat' dir='ltr'><strong>praesens</strong></span> <span class='ocrx_word' id='word_1_562' title='bbox 1861 3878 1992 3932; x_wconf 84' lang='lat' dir='ltr'><strong>illud</strong></span> 
     </span>
    </p>
   </div>
   <div class='ocr_carea' id='block_1_75' title="bbox 416 3974 656 4030">
    <p class='ocr_par' dir='ltr' id='par_1_75' title="bbox 416 3974 656 4030">
     <span class='ocr_line' id='line_1_75' title="bbox 416 3974 656 4030; baseline -0.008 0"><span class='ocrx_word' id='word_1_563' title='bbox 416 3974 656 4030; x_wconf 79' lang='lat' dir='ltr'><strong>declare.</strong></span> 
     </span>
    </p>
   </div>
   <div class='ocr_carea' id='block_1_76' title="bbox 488 4145 1990 4219">
    <p class='ocr_par' dir='ltr' id='par_1_76' title="bbox 488 4145 1990 4219">
     <span class='ocr_line' id='line_1_76' title="bbox 488 4145 1990 4219; baseline -0.005 -13"><span class='ocrx_word' id='word_1_564' title='bbox 488 4152 575 4208; x_wconf 82' lang='grc'>15.</span> <span class='ocrx_word' id='word_1_565' title='bbox 604 4150 811 4206; x_wconf 82' lang='lat' dir='ltr'><strong>Idcirco</strong></span> <span class='ocrx_word' id='word_1_566' title='bbox 843 4150 896 4204; x_wconf 91' lang='lat' dir='ltr'><strong>in</strong></span> <span class='ocrx_word' id='word_1_567' title='bbox 926 4150 1104 4204; x_wconf 86' lang='lat' dir='ltr'><strong>anima</strong></span> <span class='ocrx_word' id='word_1_568' title='bbox 1135 4149 1355 4219; x_wconf 89' lang='lat' dir='ltr'><strong>quidem</strong></span> <span class='ocrx_word' id='word_1_569' title='bbox 1375 4146 1577 4203; x_wconf 87' lang='lat' dir='ltr'><strong>Christi</strong></span> <span class='ocrx_word' id='word_1_570' title='bbox 1602 4145 1795 4200; x_wconf 91' lang='lat' dir='ltr'><strong>mortis</strong></span> <span class='ocrx_word' id='word_1_571' title='bbox 1817 4145 1990 4215; x_wconf 88' lang='lat' dir='ltr'><strong>impe-</strong></span> 
     </span>
    </p>
   </div>
   <div class='ocr_carea' id='block_1_77' title="bbox 2099 3235 3686 3306">
    <p class='ocr_par' dir='ltr' id='par_1_77' title="bbox 2099 3235 3686 3306">
     <span class='ocr_line' id='line_1_77' title="bbox 2099 3235 3686 3306; baseline -0.001 -17"><span class='ocrx_word' id='word_1_572' title='bbox 2099 3253 2199 3306; x_wconf 92' lang='grc' dir='ltr'><strong>νης</strong></span> <span class='ocrx_word' id='word_1_573' title='bbox 2244 3236 2378 3306; x_wconf 85' lang='grc'>(10),</span> <span class='ocrx_word' id='word_1_574' title='bbox 2426 3237 2487 3288; x_wconf 82' lang='grc' dir='ltr'><strong>οὐ</strong></span> <span class='ocrx_word' id='word_1_575' title='bbox 2538 3235 2816 3306; x_wconf 87' lang='grc' dir='ltr'>χωρισμὸν</span> <span class='ocrx_word' id='word_1_576' title='bbox 2870 3235 3122 3304; x_wconf 84' lang='grc' dir='ltr'>θεότητος</span> <span class='ocrx_word' id='word_1_577' title='bbox 3177 3235 3490 3306; x_wconf 84' lang='grc' dir='ltr'>δηλούσης,</span> <span class='ocrx_word' id='word_1_578' title='bbox 3551 3237 3686 3290; x_wconf 61' lang='grc' dir='ltr'>ἀλλὰ</span> 
     </span>
    </p>
   </div>
   <div class='ocr_carea' id='block_1_78' title="bbox 2097 3326 3688 3399">
    <p class='ocr_par' dir='ltr' id='par_1_78' title="bbox 2097 3326 3688 3399">
     <span class='ocr_line' id='line_1_78' title="bbox 2097 3326 3688 3399; baseline 0.001 -19"><span class='ocrx_word' id='word_1_579' title='bbox 2097 3328 2362 3399; x_wconf 80' lang='grc' dir='ltr'>νέκρωσιν</span> <span class='ocrx_word' id='word_1_580' title='bbox 2392 3326 2644 3398; x_wconf 87' lang='grc' dir='ltr'>σώματος</span> <span class='ocrx_word' id='word_1_581' title='bbox 2678 3326 3074 3397; x_wconf 77' lang='grc' dir='ltr'>σημαινούσης,</span> <span class='ocrx_word' id='word_1_582' title='bbox 3112 3329 3248 3398; x_wconf 82' lang='grc' dir='ltr'>μήτε</span> <span class='ocrx_word' id='word_1_583' title='bbox 3290 3328 3392 3398; x_wconf 81' lang='grc' dir='ltr'><strong>τῆς</strong></span> <span class='ocrx_word' id='word_1_584' title='bbox 3432 3329 3688 3398; x_wconf 81' lang='grc' dir='ltr'>θεότητος</span> 
     </span>
    </p>
   </div>
   <div class='ocr_carea' id='block_1_79' title="bbox 2096 3419 3682 3492">
    <p class='ocr_par' dir='ltr' id='par_1_79' title="bbox 2096 3419 3682 3492">
     <span class='ocr_line' id='line_1_79' title="bbox 2096 3419 3682 3492; baseline 0.002 -20"><span class='ocrx_word' id='word_1_585' title='bbox 2096 3420 2191 3472; x_wconf 84' lang='grc' dir='ltr'><strong>τοῦ</strong></span> <span class='ocrx_word' id='word_1_586' title='bbox 2230 3419 2480 3490; x_wconf 85' lang='grc' dir='ltr'>σώματος</span> <span class='ocrx_word' id='word_1_587' title='bbox 2514 3422 2572 3472; x_wconf 85' lang='grc' dir='ltr'>ὲν</span> <span class='ocrx_word' id='word_1_588' title='bbox 2619 3419 2696 3489; x_wconf 84' lang='grc' dir='ltr'>τῷ</span> <span class='ocrx_word' id='word_1_589' title='bbox 2742 3419 2898 3490; x_wconf 80' lang='grc' dir='ltr'>τάφῳ</span> <span class='ocrx_word' id='word_1_590' title='bbox 2942 3419 3472 3492; x_wconf 81' lang='grc' dir='ltr'>ἀπολιμπανομένης</span> <span class='ocrx_word' id='word_1_591' title='bbox 3527 3424 3642 3491; x_wconf 84' lang='grc'>(11)</span> <span class='ocrx_word' id='word_1_592' title='bbox 3669 3461 3682 3481; x_wconf 82' lang='lat'><strong>.</strong></span> 
     </span>
    </p>
   </div>
   <div class='ocr_carea' id='block_1_80' title="bbox 2102 3511 3686 3584">
    <p class='ocr_par' dir='ltr' id='par_1_80' title="bbox 2102 3511 3686 3584">
     <span class='ocr_line' id='line_1_80' title="bbox 2102 3511 3686 3584; baseline 0.003 -21"><span class='ocrx_word' id='word_1_593' title='bbox 2102 3511 2240 3580; x_wconf 84' lang='grc' dir='ltr'>μήτε</span> <span class='ocrx_word' id='word_1_594' title='bbox 2268 3512 2367 3580; x_wconf 82' lang='grc' dir='ltr'>τῆς</span> <span class='ocrx_word' id='word_1_595' title='bbox 2400 3511 2581 3581; x_wconf 72' lang='grc' dir='ltr'>ψυχῆς</span> <span class='ocrx_word' id='word_1_596' title='bbox 2609 3514 2665 3564; x_wconf 82' lang='grc' dir='ltr'><strong>ὲν</strong></span> <span class='ocrx_word' id='word_1_597' title='bbox 2701 3511 2778 3582; x_wconf 85' lang='grc' dir='ltr'>τῷ</span> <span class='ocrx_word' id='word_1_598' title='bbox 2807 3511 2908 3582; x_wconf 76' lang='grc' dir='ltr'>ᾄδῃ</span> <span class='ocrx_word' id='word_1_599' title='bbox 2948 3513 3343 3584; x_wconf 79' lang='grc' dir='ltr'>χωριζομένης.</span> <span class='ocrx_word' id='word_1_600' title='bbox 3378 3514 3557 3567; x_wconf 90' lang='grc' dir='ltr'>Τοῦτο</span> <span class='ocrx_word' id='word_1_601' title='bbox 3583 3517 3686 3584; x_wconf 79' lang='grc' dir='ltr'><strong>γάρ</strong></span> 
     </span>
    </p>
   </div>
   <div class='ocr_carea' id='block_1_81' title="bbox 2098 3602 3683 3674">
    <p class='ocr_par' dir='ltr' id='par_1_81' title="bbox 2098 3602 3683 3674">
     <span class='ocr_line' id='line_1_81' title="bbox 2098 3602 3683 3674; baseline 0.003 -20"><span class='ocrx_word' id='word_1_602' title='bbox 2098 3603 2215 3654; x_wconf 78' lang='grc' dir='ltr'>ἐστι</span> <span class='ocrx_word' id='word_1_603' title='bbox 2250 3603 2310 3655; x_wconf 84' lang='grc' dir='ltr'><strong>τὸ</strong></span> <span class='ocrx_word' id='word_1_604' title='bbox 2343 3602 2505 3673; x_wconf 78' lang='grc' dir='ltr'>ῥηθὲν</span> <span class='ocrx_word' id='word_1_605' title='bbox 2540 3603 2628 3657; x_wconf 83' lang='grc' dir='ltr'>διὰ</span> <span class='ocrx_word' id='word_1_606' title='bbox 2667 3603 2775 3656; x_wconf 85' lang='grc' dir='ltr'><strong>τῶν</strong></span> <span class='ocrx_word' id='word_1_607' title='bbox 2820 3604 3150 3674; x_wconf 80' lang='grc' dir='ltr'>προφητῶν·</span> <span class='ocrx_word' id='word_1_608' title='bbox 3185 3607 3306 3658; x_wconf 87' lang='grc' dir='ltr'><strong>Οὐκ</strong></span> <span class='ocrx_word' id='word_1_609' title='bbox 3335 3605 3683 3674; x_wconf 77' lang='grc' dir='ltr'>ἐγκαταλεί-</span> 
     </span>
    </p>
   </div>
   <div class='ocr_carea' id='block_1_82' title="bbox 2096 3691 3685 3764">
    <p class='ocr_par' dir='ltr' id='par_1_82' title="bbox 2096 3691 3685 3764">
     <span class='ocr_line' id='line_1_82' title="bbox 2096 3691 3685 3764; baseline 0.003 -19"><span class='ocrx_word' id='word_1_610' title='bbox 2096 3697 2234 3761; x_wconf 67' lang='grc' dir='ltr'>ψεις</span> <span class='ocrx_word' id='word_1_611' title='bbox 2266 3691 2381 3760; x_wconf 83' lang='grc' dir='ltr'><strong>τὴν</strong></span> <span class='ocrx_word' id='word_1_612' title='bbox 2401 3693 2615 3761; x_wconf 69' lang='grc' dir='ltr'><strong>ψυχήν</strong></span> <span class='ocrx_word' id='word_1_613' title='bbox 2639 3710 2756 3761; x_wconf 86' lang='grc' dir='ltr'><strong>μου</strong></span> <span class='ocrx_word' id='word_1_614' title='bbox 2800 3696 2888 3759; x_wconf 73' lang='grc' dir='ltr'>εἰς</span> <span class='ocrx_word' id='word_1_615' title='bbox 2936 3693 3113 3762; x_wconf 77' lang='grc' dir='ltr'>ᾅδην,</span> <span class='ocrx_word' id='word_1_616' title='bbox 3152 3696 3296 3750; x_wconf 84' lang='grc' dir='ltr'><strong>οὐδὲ</strong></span> <span class='ocrx_word' id='word_1_617' title='bbox 3329 3697 3551 3764; x_wconf 83' lang='grc' dir='ltr'>δώσεις</span> <span class='ocrx_word' id='word_1_618' title='bbox 3586 3699 3685 3752; x_wconf 72' lang='grc' dir='ltr'><strong>τὸν</strong></span> 
     </span>
    </p>
   </div>
   <div class='ocr_carea' id='block_1_83' title="bbox 2101 3784 3682 3860">
    <p class='ocr_par' dir='ltr' id='par_1_83' title="bbox 2101 3784 3682 3860">
     <span class='ocr_line' id='line_1_83' title="bbox 2101 3784 3682 3860; baseline 0.003 -23"><span class='ocrx_word' id='word_1_619' title='bbox 2101 3784 2274 3838; x_wconf 84' lang='grc' dir='ltr'>ὅσιόν</span> <span class='ocrx_word' id='word_1_620' title='bbox 2295 3799 2412 3838; x_wconf 87' lang='grc' dir='ltr'><strong>σου</strong></span> <span class='ocrx_word' id='word_1_621' title='bbox 2453 3784 2602 3838; x_wconf 79' lang='grc' dir='ltr'><strong>ὶδεῖν</strong></span> <span class='ocrx_word' id='word_1_622' title='bbox 2625 3784 2974 3854; x_wconf 65' lang='grc' dir='ltr'>διαφθοράν.</span> <span class='ocrx_word' id='word_1_623' title='bbox 3013 3788 3103 3840; x_wconf 85' lang='grc' dir='ltr'><strong>Διὸ</strong></span> <span class='ocrx_word' id='word_1_624' title='bbox 3134 3790 3228 3840; x_wconf 76' lang='grc' dir='ltr'>καὶ</span> <span class='ocrx_word' id='word_1_625' title='bbox 3259 3791 3288 3842; x_wconf 87' lang='grc' dir='ltr'><strong>ό</strong></span> <span class='ocrx_word' id='word_1_626' title='bbox 3321 3789 3530 3860; x_wconf 85' lang='grc' dir='ltr'>Κύριος</span> <span class='ocrx_word' id='word_1_627' title='bbox 3572 3792 3682 3844; x_wconf 81' lang='grc' dir='ltr'>ἕλε-</span> 
     </span>
    </p>
   </div>
   <div class='ocr_carea' id='block_1_84' title="bbox 2100 3877 3682 3952">
    <p class='ocr_par' dir='ltr' id='par_1_84' title="bbox 2100 3877 3682 3952">
     <span class='ocr_line' id='line_1_84' title="bbox 2100 3877 3682 3952; baseline 0.004 -24"><span class='ocrx_word' id='word_1_628' title='bbox 2100 3893 2196 3944; x_wconf 88' lang='grc' dir='ltr'><strong>γεν</strong></span> <span class='ocrx_word' id='word_1_629' title='bbox 2217 3893 2230 3907; x_wconf 78' lang='grc' dir='ltr'>ο</span> <span class='ocrx_word' id='word_1_630' title='bbox 2261 3877 2474 3944; x_wconf 77' lang='grc' dir='ltr'>Οὐδεὶς</span> <span class='ocrx_word' id='word_1_631' title='bbox 2497 3877 2648 3944; x_wconf 73' lang='grc' dir='ltr'>αἴρει</span> <span class='ocrx_word' id='word_1_632' title='bbox 2671 3877 2865 3947; x_wconf 77' lang='grc' dir='ltr'>αὐτὴν</span> <span class='ocrx_word' id='word_1_633' title='bbox 2902 3879 3002 3931; x_wconf 81' lang='grc' dir='ltr'>ἀπ’</span> <span class='ocrx_word' id='word_1_634' title='bbox 3028 3880 3174 3950; x_wconf 83' lang='grc' dir='ltr'>ἐμοῦ</span> <span class='ocrx_word' id='word_1_635' title='bbox 3197 3899 3213 3913; x_wconf 78' lang='grc' dir='ltr'>ο</span> <span class='ocrx_word' id='word_1_636' title='bbox 3258 3882 3393 3936; x_wconf 70' lang='grc' dir='ltr'><strong>ἀλλ’</strong></span> <span class='ocrx_word' id='word_1_637' title='bbox 3439 3883 3559 3952; x_wconf 66' lang='grc' dir='ltr'>ἐγὼ</span> <span class='ocrx_word' id='word_1_638' title='bbox 3587 3884 3682 3936; x_wconf 76' lang='grc' dir='ltr'>ἀπ’</span> 
     </span>
    </p>
   </div>
   <div class='ocr_carea' id='block_1_85' title="bbox 2099 3966 3681 4044">
    <p class='ocr_par' dir='ltr' id='par_1_85' title="bbox 2099 3966 3681 4044">
     <span class='ocr_line' id='line_1_85' title="bbox 2099 3966 3681 4044; baseline 0.004 -26"><span class='ocrx_word' id='word_1_639' title='bbox 2099 3966 2361 4034; x_wconf 84' lang='grc' dir='ltr'>ἐμαυτοῦ</span> <span class='ocrx_word' id='word_1_640' title='bbox 2388 3969 2584 4037; x_wconf 85' lang='grc' dir='ltr'>τίθημι</span> <span class='ocrx_word' id='word_1_641' title='bbox 2610 3967 2805 4038; x_wconf 79' lang='grc' dir='ltr'>αὐτήν</span> <span class='ocrx_word' id='word_1_642' title='bbox 2830 3986 2844 4000; x_wconf 73' lang='grc' dir='ltr'>ο</span> <span class='ocrx_word' id='word_1_643' title='bbox 2877 3971 3146 4036; x_wconf 85' lang='grc' dir='ltr'>τουτέστι,</span> <span class='ocrx_word' id='word_1_644' title='bbox 3177 3971 3367 4044; x_wconf 87' lang='grc' dir='ltr'>παρὼν</span> <span class='ocrx_word' id='word_1_645' title='bbox 3399 3973 3515 4042; x_wconf 73' lang='grc'>(12)</span> <span class='ocrx_word' id='word_1_646' title='bbox 3567 3976 3681 4026; x_wconf 81' lang='grc' dir='ltr'>ἐπι-</span> 
     </span>
    </p>
   </div>
   <div class='ocr_carea' id='block_1_86' title="bbox 2099 4059 2372 4130">
    <p class='ocr_par' dir='ltr' id='par_1_86' title="bbox 2099 4059 2372 4130">
     <span class='ocr_line' id='line_1_86' title="bbox 2099 4059 2372 4130; baseline 0 -18"><span class='ocrx_word' id='word_1_647' title='bbox 2099 4059 2372 4130; x_wconf 81' lang='grc' dir='ltr'>δείκνυμι.</span> 
     </span>
    </p>
   </div>
   <div class='ocr_carea' id='block_1_87' title="bbox 2172 4150 3680 4229">
    <p class='ocr_par' dir='ltr' id='par_1_87' title="bbox 2172 4150 3680 4229">
     <span class='ocr_line' id='line_1_87' title="bbox 2172 4150 3680 4229; baseline 0.005 -26"><span class='ocrx_word' id='word_1_648' title='bbox 2172 4151 2258 4204; x_wconf 83' lang='grc'>15.</span> <span class='ocrx_word' id='word_1_649' title='bbox 2291 4151 2388 4205; x_wconf 88' lang='grc' dir='ltr'>Διά</span> <span class='ocrx_word' id='word_1_650' title='bbox 2410 4150 2568 4204; x_wconf 89' lang='grc' dir='ltr'>τοῦτο</span> <span class='ocrx_word' id='word_1_651' title='bbox 2587 4154 2642 4205; x_wconf 82' lang='grc' dir='ltr'>ὲν</span> <span class='ocrx_word' id='word_1_652' title='bbox 2670 4153 2768 4224; x_wconf 85' lang='grc' dir='ltr'>μὲν</span> <span class='ocrx_word' id='word_1_653' title='bbox 2786 4153 2927 4226; x_wconf 81' lang='grc' dir='ltr'>ψυχῇ</span> <span class='ocrx_word' id='word_1_654' title='bbox 2949 4155 3084 4210; x_wconf 90' lang='grc' dir='ltr'>Θεοῦ</span> <span class='ocrx_word' id='word_1_655' title='bbox 3109 4159 3142 4228; x_wconf 78' lang='grc' dir='ltr'>ἡ</span> <span class='ocrx_word' id='word_1_656' title='bbox 3171 4157 3436 4229; x_wconf 86' lang='grc' dir='ltr'>κράτησις</span> <span class='ocrx_word' id='word_1_657' title='bbox 3468 4157 3564 4211; x_wconf 86' lang='grc' dir='ltr'>τοῦ</span> <span class='ocrx_word' id='word_1_658' title='bbox 3593 4159 3680 4211; x_wconf 83' lang='grc' dir='ltr'>θα-</span> 
     </span>
    </p>
   </div>
   <div class='ocr_carea' id='block_1_88' title="bbox 417 4236 1988 4317">
    <p class='ocr_par' dir='ltr' id='par_1_88' title="bbox 417 4236 1988 4308">
     <span class='ocr_line' id='line_1_88' title="bbox 417 4236 1988 4308; baseline -0.005 -8"><span class='ocrx_word' id='word_1_659' title='bbox 417 4246 559 4301; x_wconf 88' lang='lat' dir='ltr'><strong>rium</strong></span> <span class='ocrx_word' id='word_1_660' title='bbox 608 4245 979 4308; x_wconf 88' lang='lat' dir='ltr'><strong>destructum,</strong></span> <span class='ocrx_word' id='word_1_661' title='bbox 1019 4242 1347 4297; x_wconf 90' lang='lat' dir='ltr'><strong>resurrectio</strong></span> <span class='ocrx_word' id='word_1_662' title='bbox 1382 4239 1524 4296; x_wconf 79' lang='lat' dir='ltr'><strong>facta</strong></span> <span class='ocrx_word' id='word_1_663' title='bbox 1563 4253 1630 4294; x_wconf 82' lang='lat' dir='ltr'><strong>ex</strong></span> <span class='ocrx_word' id='word_1_664' title='bbox 1665 4236 1905 4300; x_wconf 81' lang='lat' dir='ltr'><strong>inferno,</strong></span> <span class='ocrx_word' id='word_1_665' title='bbox 1936 4246 1988 4292; x_wconf 90' lang='lat' dir='ltr'><strong>et</strong></span> 
     </span>
    </p>
   </div>
   <div class='ocr_carea' id='block_1_89' title="bbox 2128 4236 3679 4317">
    <p class='ocr_par' dir='ltr' id='par_1_89' title="bbox 2129 4241 3679 4317">
     <span class='ocr_line' id='line_1_89' title="bbox 2129 4241 3679 4317; baseline 0.003 -21"><span class='ocrx_word' id='word_1_666' title='bbox 2129 4243 2256 4296; x_wconf 86' lang='grc' dir='ltr'>ἀτου</span> <span class='ocrx_word' id='word_1_667' title='bbox 2285 4241 2489 4307; x_wconf 82' lang='grc' dir='ltr'>ἐλύετο,</span> <span class='ocrx_word' id='word_1_668' title='bbox 2516 4245 2609 4297; x_wconf 76' lang='grc' dir='ltr'><strong>καὶ</strong></span> <span class='ocrx_word' id='word_1_669' title='bbox 2637 4245 2670 4314; x_wconf 83' lang='grc' dir='ltr'>ἡ</span> <span class='ocrx_word' id='word_1_670' title='bbox 2705 4244 2762 4311; x_wconf 75' lang='grc' dir='ltr'><strong>ἐξ</strong></span> <span class='ocrx_word' id='word_1_671' title='bbox 2799 4245 2924 4316; x_wconf 60' lang='grc' dir='ltr'>ᾅδου</span> <span class='ocrx_word' id='word_1_672' title='bbox 2948 4247 3243 4311; x_wconf 86' lang='grc' dir='ltr'>ἀνάστασις</span> <span class='ocrx_word' id='word_1_673' title='bbox 3292 4250 3502 4317; x_wconf 76' lang='grc' dir='ltr'>ἐγίνετο</span> <span class='ocrx_word' id='word_1_674' title='bbox 3522 4291 3538 4314; x_wconf 93' lang='grc'><strong>,</strong></span> <span class='ocrx_word' id='word_1_675' title='bbox 3593 4251 3679 4302; x_wconf 68' lang='grc' dir='ltr'>καὶ</span> 
     </span>
    </p>
   </div>
   <div class='ocr_carea' id='block_1_90' title="bbox 489 4397 1988 4475">
    <p class='ocr_par' dir='ltr' id='par_1_90' title="bbox 489 4397 1988 4475">
     <span class='ocr_line' id='line_1_90' title="bbox 489 4397 1988 4475; baseline 0.009 -19"><span class='ocrx_word' id='word_1_676' title='bbox 489 4405 534 4475; x_wconf 54' lang='grc' dir='ltr'><strong>ῗ³</strong></span> <span class='ocrx_word' id='word_1_677' title='bbox 573 4403 678 4460; x_wconf 85' lang='lat' dir='ltr'><strong>lsa.</strong></span> <span class='ocrx_word' id='word_1_678' title='bbox 711 4420 830 4468; x_wconf 83' lang='lat' dir='ltr'><strong>Lm,</strong></span> <span class='ocrx_word' id='word_1_679' title='bbox 866 4404 922 4459; x_wconf 79' lang='grc'>5.</span> <span class='ocrx_word' id='word_1_680' title='bbox 992 4403 1039 4475; x_wconf 53' lang='lat' dir='ltr'><strong>f‘</strong></span> <span class='ocrx_word' id='word_1_681' title='bbox 1077 4401 1178 4475; x_wconf 68' lang='lat' dir='ltr'><strong>isa.</strong></span> <span class='ocrx_word' id='word_1_682' title='bbox 1206 4417 1326 4455; x_wconf 86' lang='lat' dir='ltr'><strong>vm.</strong></span> <span class='ocrx_word' id='word_1_683' title='bbox 1363 4400 1418 4475; x_wconf 60' lang='grc' dir='ltr'><strong>1Σ</strong></span> <span class='ocrx_word' id='word_1_684' title='bbox 1492 4400 1538 4431; x_wconf 81' lang='grc'><strong>’⁸</strong></span> <span class='ocrx_word' id='word_1_685' title='bbox 1576 4397 1766 4454; x_wconf 77' lang='grc' dir='ltr'><strong>ΙΤίιῐι·</strong></span> <span class='ocrx_word' id='word_1_686' title='bbox 1798 4418 1856 4468; x_wconf 72' lang='grc' dir='ltr'><strong>ιι,</strong></span> <span class='ocrx_word' id='word_1_687' title='bbox 1882 4402 1936 4469; x_wconf 73' lang='grc'><strong>5,</strong></span> <span class='ocrx_word' id='word_1_688' title='bbox 1973 4403 1988 4456; x_wconf 66' lang='grc'><strong>1</strong></span> 
     </span>
    </p>
   </div>
   <div class='ocr_carea' id='block_1_91' title="bbox 2128 4397 3670 4475">
    <p class='ocr_par' dir='ltr' id='par_1_91' title="bbox 2129 4403 3670 4475">
     <span class='ocr_line' id='line_1_91' title="bbox 2129 4403 3670 4475; baseline 0.004 -18"><span class='ocrx_word' id='word_1_689' title='bbox 2129 4405 2148 4436; x_wconf 77' lang='grc'>⁸</span> <span class='ocrx_word' id='word_1_690' title='bbox 2188 4403 2354 4460; x_wconf 86' lang='lat' dir='ltr'><strong>Hebr.</strong></span> <span class='ocrx_word' id='word_1_691' title='bbox 2387 4421 2460 4470; x_wconf 81' lang='lat' dir='ltr'><strong>tv,</strong></span> <span class='ocrx_word' id='word_1_692' title='bbox 2499 4407 2586 4460; x_wconf 75' lang='lat' dir='ltr'><strong>i2.</strong></span> <span class='ocrx_word' id='word_1_693' title='bbox 2663 4407 2707 4438; x_wconf 78' lang='grc'><strong>’⁷</strong></span> <span class='ocrx_word' id='word_1_694' title='bbox 2747 4405 2905 4462; x_wconf 91' lang='lat' dir='ltr'><strong>Joan.</strong></span> <span class='ocrx_word' id='word_1_695' title='bbox 2931 4423 2987 4474; x_wconf 70' lang='grc' dir='ltr'>χ,</span> <span class='ocrx_word' id='word_1_696' title='bbox 3015 4407 3105 4464; x_wconf 81' lang='grc'>50.</span> <span class='ocrx_word' id='word_1_697' title='bbox 3179 4409 3225 4440; x_wconf 75' lang='grc'><strong>³⁸</strong></span> <span class='ocrx_word' id='word_1_698' title='bbox 3263 4408 3455 4464; x_wconf 83' lang='lat' dir='ltr'><strong>Matth.</strong></span> <span class='ocrx_word' id='word_1_699' title='bbox 3490 4413 3670 4475; x_wconf 71' lang='lat' dir='ltr'><strong>xi,21.</strong></span> 
     </span>
    </p>
   </div>
   <div class='ocr_carea' id='block_1_92' title="bbox 417 4471 1445 4541">
    <p class='ocr_par' dir='ltr' id='par_1_92' title="bbox 417 4471 1445 4541">
     <span class='ocr_line' id='line_1_92' title="bbox 417 4471 1445 4541; baseline -0.002 -13"><span class='ocrx_word' id='word_1_700' title='bbox 417 4476 464 4508; x_wconf 82' lang='lat'><strong>&quot;</strong></span> <span class='ocrx_word' id='word_1_701' title='bbox 501 4474 646 4531; x_wconf 83' lang='lat' dir='ltr'><strong>Psal.</strong></span> <span class='ocrx_word' id='word_1_702' title='bbox 697 4492 786 4541; x_wconf 83' lang='lat' dir='ltr'><strong>xv,</strong></span> <span class='ocrx_word' id='word_1_703' title='bbox 821 4475 906 4528; x_wconf 90' lang='grc'>10.</span> <span class='ocrx_word' id='word_1_704' title='bbox 989 4473 1035 4505; x_wconf 76' lang='grc' dir='ltr'><strong>³ο</strong></span> <span class='ocrx_word' id='word_1_705' title='bbox 1072 4471 1232 4527; x_wconf 88' lang='lat' dir='ltr'><strong>Joan.</strong></span> <span class='ocrx_word' id='word_1_706' title='bbox 1265 4489 1320 4537; x_wconf 73' lang='grc' dir='ltr'>ι,</span> <span class='ocrx_word' id='word_1_707' title='bbox 1359 4472 1445 4526; x_wconf 86' lang='grc'>18.</span> 
     </span>
    </p>
   </div>
   <div class='ocr_carea' id='block_1_93' title="bbox 487 4634 1986 4707">
    <p class='ocr_par' dir='ltr' id='par_1_93' title="bbox 487 4634 1986 4707">
     <span class='ocr_line' id='line_1_93' title="bbox 487 4634 1986 4707; baseline 0.002 -18"><span class='ocrx_word' id='word_1_708' title='bbox 487 4635 564 4707; x_wconf 86' lang='grc'><strong>(6)</strong></span> <span class='ocrx_word' id='word_1_709' title='bbox 605 4634 761 4690; x_wconf 85' lang='lat' dir='ltr'><strong>Gobl.</strong></span> <span class='ocrx_word' id='word_1_710' title='bbox 791 4645 846 4690; x_wconf 87' lang='lat' dir='ltr'><strong>et</strong></span> <span class='ocrx_word' id='word_1_711' title='bbox 878 4635 1059 4691; x_wconf 73' lang='lat' dir='ltr'><strong>Felck.</strong></span> <span class='ocrx_word' id='word_1_712' title='bbox 1093 4636 1145 4700; x_wconf 92' lang='grc'><strong>1,</strong></span> <span class='ocrx_word' id='word_1_713' title='bbox 1170 4637 1323 4707; x_wconf 85' lang='grc' dir='ltr'>τόμῳ</span> <span class='ocrx_word' id='word_1_714' title='bbox 1345 4636 1520 4690; x_wconf 85' lang='grc' dir='ltr'>τοῦτο.</span> <span class='ocrx_word' id='word_1_715' title='bbox 1547 4635 1666 4690; x_wconf 77' lang='grc' dir='ltr'><strong>ΜοΧ</strong></span> <span class='ocrx_word' id='word_1_716' title='bbox 1695 4637 1748 4690; x_wconf 90' lang='lat' dir='ltr'><strong>in</strong></span> <span class='ocrx_word' id='word_1_717' title='bbox 1773 4636 1986 4702; x_wconf 88' lang='lat' dir='ltr'><strong>iisdem,</strong></span> 
     </span>
    </p>
   </div>
   <div class='ocr_carea' id='block_1_94' title="bbox 416 4705 879 4774">
    <p class='ocr_par' dir='ltr' id='par_1_94' title="bbox 416 4705 879 4774">
     <span class='ocr_line' id='line_1_94' title="bbox 416 4705 879 4774; baseline -0.002 -14"><span class='ocrx_word' id='word_1_718' title='bbox 416 4707 475 4760; x_wconf 82' lang='grc' dir='ltr'>δὲ</span> <span class='ocrx_word' id='word_1_719' title='bbox 505 4705 676 4774; x_wconf 86' lang='grc' dir='ltr'>λέγει,</span> <span class='ocrx_word' id='word_1_720' title='bbox 711 4707 879 4759; x_wconf 85' lang='lat' dir='ltr'><strong>deest.</strong></span> 
     </span>
    </p>
   </div>
   <div class='ocr_carea' id='block_1_95' title="bbox 512 4775 1988 4846">
    <p class='ocr_par' dir='ltr' id='par_1_95' title="bbox 512 4775 1988 4846">
     <span class='ocr_line' id='line_1_95' title="bbox 512 4775 1988 4846; baseline 0.002 -18"><span class='ocrx_word' id='word_1_721' title='bbox 512 4775 562 4846; x_wconf 86' lang='lat'><strong>7)</strong></span> <span class='ocrx_word' id='word_1_722' title='bbox 604 4776 760 4830; x_wconf 87' lang='lat' dir='ltr'><strong>Gobl.</strong></span> <span class='ocrx_word' id='word_1_723' title='bbox 786 4775 1024 4831; x_wconf 81' lang='lat' dir='ltr'><strong>Felckm.</strong></span> <span class='ocrx_word' id='word_1_724' title='bbox 1059 4777 1111 4841; x_wconf 89' lang='grc'><strong>1,</strong></span> <span class='ocrx_word' id='word_1_725' title='bbox 1145 4778 1274 4832; x_wconf 88' lang='lat' dir='ltr'><strong>edit.</strong></span> <span class='ocrx_word' id='word_1_726' title='bbox 1311 4777 1508 4844; x_wconf 86' lang='lat' dir='ltr'><strong>Paris.,</strong></span> <span class='ocrx_word' id='word_1_727' title='bbox 1533 4777 1624 4830; x_wconf 82' lang='grc' dir='ltr'>τὸν</span> <span class='ocrx_word' id='word_1_728' title='bbox 1650 4777 1776 4830; x_wconf 80' lang='grc' dir='ltr'>Υἱὸν</span> <span class='ocrx_word' id='word_1_729' title='bbox 1799 4777 1988 4842; x_wconf 79' lang='grc' dir='ltr'>αὐτοῦ,</span> 
     </span>
    </p>
   </div>
   <div class='ocr_carea' id='block_1_96' title="bbox 418 4847 1988 4910">
    <p class='ocr_par' dir='ltr' id='par_1_96' title="bbox 418 4847 1988 4910">
     <span class='ocr_line' id='line_1_96' title="bbox 418 4847 1988 4910; baseline 0 -8"><span class='ocrx_word' id='word_1_730' title='bbox 418 4847 511 4902; x_wconf 92' lang='lat' dir='ltr'><strong>sed</strong></span> <span class='ocrx_word' id='word_1_731' title='bbox 539 4847 724 4910; x_wconf 86' lang='grc' dir='ltr'>αὑτοῦ,</span> <span class='ocrx_word' id='word_1_732' title='bbox 757 4848 910 4901; x_wconf 89' lang='lat' dir='ltr'><strong>deest</strong></span> <span class='ocrx_word' id='word_1_733' title='bbox 938 4851 989 4900; x_wconf 91' lang='lat' dir='ltr'><strong>in</strong></span> <span class='ocrx_word' id='word_1_734' title='bbox 1023 4851 1154 4902; x_wconf 85' lang='lat' dir='ltr'><strong>edit.</strong></span> <span class='ocrx_word' id='word_1_735' title='bbox 1187 4848 1401 4900; x_wconf 79' lang='lat' dir='ltr'><strong>Comm.</strong></span> <span class='ocrx_word' id='word_1_736' title='bbox 1439 4857 1492 4900; x_wconf 87' lang='lat' dir='ltr'><strong>et</strong></span> <span class='ocrx_word' id='word_1_737' title='bbox 1541 4850 1593 4900; x_wconf 92' lang='lat' dir='ltr'><strong>in</strong></span> <span class='ocrx_word' id='word_1_738' title='bbox 1640 4849 1761 4902; x_wconf 86' lang='lat' dir='ltr'><strong>aliis</strong></span> <span class='ocrx_word' id='word_1_739' title='bbox 1792 4866 1988 4902; x_wconf 88' lang='lat' dir='ltr'><strong>manu-</strong></span> 
     </span>
    </p>
   </div>
   <div class='ocr_carea' id='block_1_97' title="bbox 417 4914 1985 4990">
    <p class='ocr_par' dir='ltr' id='par_1_97' title="bbox 417 4914 1985 4990">
     <span class='ocr_line' id='line_1_97' title="bbox 417 4914 1985 4990; baseline 0.001 -19"><span class='ocrx_word' id='word_1_740' title='bbox 417 4919 818 4990; x_wconf 72' lang='lat' dir='ltr'><strong>scriptis_recte.</strong></span> <span class='ocrx_word' id='word_1_741' title='bbox 852 4916 970 4990; x_wconf 52' lang='lat' dir='ltr'><strong>hin;</strong></span> <span class='ocrx_word' id='word_1_742' title='bbox 994 4918 1255 4990; x_wconf 65' lang='lat' dir='ltr'><strong>_Seguer.,</strong></span> <span class='ocrx_word' id='word_1_743' title='bbox 1287 4914 1422 4987; x_wconf 78' lang='grc' dir='ltr'>αἷμα</span> <span class='ocrx_word' id='word_1_744' title='bbox 1447 4917 1581 4970; x_wconf 87' lang='grc' dir='ltr'>Θεοῦ</span> <span class='ocrx_word' id='word_1_745' title='bbox 1610 4919 1739 4990; x_wconf 73' lang='grc' dir='ltr'>δίχα</span> <span class='ocrx_word' id='word_1_746' title='bbox 1766 4921 1985 4990; x_wconf 83' lang='grc' dir='ltr'>σαρκός.</span> 
     </span>
    </p>
   </div>
   <div class='ocr_carea' id='block_1_98' title="bbox 416 4981 1992 5057">
    <p class='ocr_par' dir='ltr' id='par_1_98' title="bbox 416 4981 1992 5057">
     <span class='ocr_line' id='line_1_98' title="bbox 416 4981 1992 5057; baseline 0.001 -17"><span class='ocrx_word' id='word_1_747' title='bbox 416 4981 578 5052; x_wconf 72' lang='grc' dir='ltr'><strong>Εειὶίί,</strong></span> <span class='ocrx_word' id='word_1_748' title='bbox 603 4981 738 5056; x_wconf 80' lang='grc' dir='ltr'>αἷμα</span> <span class='ocrx_word' id='word_1_749' title='bbox 767 4987 900 5039; x_wconf 85' lang='grc' dir='ltr'>Θεοῦ</span> <span class='ocrx_word' id='word_1_750' title='bbox 930 4988 1016 5039; x_wconf 77' lang='grc' dir='ltr'><strong>διὰ</strong></span> <span class='ocrx_word' id='word_1_751' title='bbox 1051 4981 1269 5057; x_wconf 76' lang='grc' dir='ltr'>σαρκός,</span> <span class='ocrx_word' id='word_1_752' title='bbox 1294 4981 1474 5040; x_wconf 82' lang='lat' dir='ltr'><strong>minus</strong></span> <span class='ocrx_word' id='word_1_753' title='bbox 1505 4981 1815 5042; x_wconf 59' lang='lat' dir='ltr'><strong>recte.&quot;Mox</strong></span> <span class='ocrx_word' id='word_1_754' title='bbox 1839 4981 1992 5042; x_wconf 66' lang='lat' dir='ltr'><strong>Nan-</strong></span> 
     </span>
    </p>
   </div>
   <div class='ocr_carea' id='block_1_99' title="bbox 416 5057 1988 5128">
    <p class='ocr_par' dir='ltr' id='par_1_99' title="bbox 416 5057 1988 5128">
     <span class='ocr_line' id='line_1_99' title="bbox 416 5057 1988 5128; baseline 0.001 -18"><span class='ocrx_word' id='word_1_755' title='bbox 416 5059 540 5112; x_wconf 88' lang='lat' dir='ltr'><strong>nius</strong></span> <span class='ocrx_word' id='word_1_756' title='bbox 564 5059 706 5124; x_wconf 65' lang='lat' dir='ltr'><strong>legit,</strong></span> <span class='ocrx_word' id='word_1_757' title='bbox 738 5058 770 5128; x_wconf 84' lang='grc' dir='ltr'>ἢ</span> <span class='ocrx_word' id='word_1_758' title='bbox 809 5057 939 5109; x_wconf 84' lang='grc' dir='ltr'>Θεὸν</span> <span class='ocrx_word' id='word_1_759' title='bbox 973 5058 1093 5128; x_wconf 84' lang='grc' dir='ltr'>δίχα</span> <span class='ocrx_word' id='word_1_760' title='bbox 1124 5057 1324 5128; x_wconf 83' lang='grc' dir='ltr'>σαρκὸς</span> <span class='ocrx_word' id='word_1_761' title='bbox 1348 5057 1604 5120; x_wconf 84' lang='grc' dir='ltr'>παθόντα,</span> <span class='ocrx_word' id='word_1_762' title='bbox 1627 5061 1787 5112; x_wconf 87' lang='lat' dir='ltr'><strong>vertit</strong></span> <span class='ocrx_word' id='word_1_763' title='bbox 1819 5061 1988 5123; x_wconf 90' lang='lat' dir='ltr'><strong>enim,</strong></span> 
     </span>
    </p>
   </div>
   <div class='ocr_carea' id='block_1_100' title="bbox 414 5130 1988 5199">
    <p class='ocr_par' dir='ltr' id='par_1_100' title="bbox 414 5130 1988 5199">
     <span class='ocr_line' id='line_1_100' title="bbox 414 5130 1988 5199; baseline 0.001 -18"><span class='ocrx_word' id='word_1_764' title='bbox 414 5131 491 5182; x_wconf 81' lang='lat' dir='ltr'><strong>vel</strong></span> <span class='ocrx_word' id='word_1_765' title='bbox 512 5131 673 5181; x_wconf 84' lang='lat' dir='ltr'><strong><em>Deum</em></strong></span> <span class='ocrx_word' id='word_1_766' title='bbox 695 5131 830 5199; x_wconf 69' lang='lat' dir='ltr'><strong>citra</strong></span> <span class='ocrx_word' id='word_1_767' title='bbox 855 5145 1064 5181; x_wconf 86' lang='lat' dir='ltr'><strong>carnem</strong></span> <span class='ocrx_word' id='word_1_768' title='bbox 1087 5134 1390 5197; x_wconf 84' lang='lat' dir='ltr'><strong>patientem,</strong></span> <span class='ocrx_word' id='word_1_769' title='bbox 1416 5145 1536 5197; x_wconf 67' lang='lat' dir='ltr'><strong>qua:</strong></span> <span class='ocrx_word' id='word_1_770' title='bbox 1553 5130 1710 5182; x_wconf 89' lang='lat' dir='ltr'><strong>lectio</strong></span> <span class='ocrx_word' id='word_1_771' title='bbox 1731 5145 1988 5199; x_wconf 85' lang='lat' dir='ltr'><strong>germana</strong></span> 
     </span>
    </p>
   </div>
   <div class='ocr_carea' id='block_1_101' title="bbox 415 5197 1986 5268">
    <p class='ocr_par' dir='ltr' id='par_1_101' title="bbox 415 5197 1986 5268">
     <span class='ocr_line' id='line_1_101' title="bbox 415 5197 1986 5268; baseline 0.001 -18"><span class='ocrx_word' id='word_1_772' title='bbox 415 5202 664 5252; x_wconf 74' lang='lat' dir='ltr'><strong>fortasse.</strong></span> <span class='ocrx_word' id='word_1_773' title='bbox 709 5197 891 5252; x_wconf 85' lang='lat' dir='ltr'><strong>Potest</strong></span> <span class='ocrx_word' id='word_1_774' title='bbox 922 5208 1098 5252; x_wconf 79' lang='lat' dir='ltr'><strong>tamen</strong></span> <span class='ocrx_word' id='word_1_775' title='bbox 1129 5215 1190 5253; x_wconf 86' lang='lat' dir='ltr'><strong>ea</strong></span> <span class='ocrx_word' id='word_1_776' title='bbox 1223 5215 1344 5268; x_wconf 76' lang='lat' dir='ltr'><strong>quae</strong></span> <span class='ocrx_word' id='word_1_777' title='bbox 1373 5201 1486 5268; x_wconf 85' lang='lat' dir='ltr'><strong>jam</strong></span> <span class='ocrx_word' id='word_1_778' title='bbox 1521 5209 1700 5254; x_wconf 77' lang='lat' dir='ltr'><strong>exstat</strong></span> <span class='ocrx_word' id='word_1_779' title='bbox 1741 5197 1986 5261; x_wconf 82' lang='lat' dir='ltr'><strong>retineri.</strong></span> 
     </span>
    </p>
   </div>
   <div class='ocr_carea' id='block_1_102' title="bbox 416 5270 1988 5338">
    <p class='ocr_par' dir='ltr' id='par_1_102' title="bbox 416 5270 1988 5338">
     <span class='ocr_line' id='line_1_102' title="bbox 416 5270 1988 5338; baseline 0.002 -17"><span class='ocrx_word' id='word_1_780' title='bbox 416 5279 575 5337; x_wconf 76' lang='lat' dir='ltr'><strong>atque</strong></span> <span class='ocrx_word' id='word_1_781' title='bbox 609 5279 750 5321; x_wconf 80' lang='lat' dir='ltr'><strong>recte</strong></span> <span class='ocrx_word' id='word_1_782' title='bbox 779 5270 846 5338; x_wconf 84' lang='lat' dir='ltr'><strong>ad</strong></span> <span class='ocrx_word' id='word_1_783' title='bbox 870 5284 1095 5338; x_wconf 87' lang='lat' dir='ltr'><strong>scopum</strong></span> <span class='ocrx_word' id='word_1_784' title='bbox 1119 5271 1423 5332; x_wconf 80' lang='lat' dir='ltr'><strong>Athanasii,</strong></span> <span class='ocrx_word' id='word_1_785' title='bbox 1449 5284 1568 5322; x_wconf 90' lang='lat' dir='ltr'><strong>eam</strong></span> <span class='ocrx_word' id='word_1_786' title='bbox 1591 5271 1735 5323; x_wconf 90' lang='lat' dir='ltr'><strong>enim</strong></span> <span class='ocrx_word' id='word_1_787' title='bbox 1771 5283 1988 5324; x_wconf 89' lang='lat' dir='ltr'><strong>senten-</strong></span> 
     </span>
    </p>
   </div>
   <div class='ocr_carea' id='block_1_103' title="bbox 415 5337 1982 5409">
    <p class='ocr_par' dir='ltr' id='par_1_103' title="bbox 415 5337 1982 5409">
     <span class='ocr_line' id='line_1_103' title="bbox 415 5337 1982 5409; baseline 0.003 -19"><span class='ocrx_word' id='word_1_788' title='bbox 415 5340 566 5402; x_wconf 87' lang='lat' dir='ltr'><strong>tiam,</strong></span> <span class='ocrx_word' id='word_1_789' title='bbox 592 5338 724 5391; x_wconf 82' lang='grc' dir='ltr'>Θεὸν</span> <span class='ocrx_word' id='word_1_790' title='bbox 749 5337 834 5392; x_wconf 84' lang='grc' dir='ltr'>διὰ</span> <span class='ocrx_word' id='word_1_791' title='bbox 863 5337 1064 5409; x_wconf 75' lang='grc' dir='ltr'>σαρκὸς</span> <span class='ocrx_word' id='word_1_792' title='bbox 1097 5340 1358 5404; x_wconf 76' lang='grc' dir='ltr'>παθόντα,</span> <span class='ocrx_word' id='word_1_793' title='bbox 1391 5341 1660 5408; x_wconf 84' lang='lat' dir='ltr'><strong>improbat</strong></span> <span class='ocrx_word' id='word_1_794' title='bbox 1693 5343 1853 5408; x_wconf 86' lang='lat' dir='ltr'><strong>paulo</strong></span> <span class='ocrx_word' id='word_1_795' title='bbox 1885 5358 1982 5394; x_wconf 72' lang='lat' dir='ltr'><strong>an-</strong></span> 
     </span>
    </p>
   </div>
   <div class='ocr_carea' id='block_1_104' title="bbox 2097 4637 3678 4762">
    <p class='ocr_par' dir='ltr' id='par_1_104' title="bbox 2097 4637 3678 4762">
     <span class='ocr_line' id='line_1_104' title="bbox 2097 4637 3678 4762; baseline 0.008 -72"><span class='ocrx_word' id='word_1_796' title='bbox 2097 4655 2194 4708; x_wconf 82' lang='grc' dir='ltr'><strong>νης</strong></span> <span class='ocrx_word' id='word_1_797' title='bbox 2229 4640 2298 4762; x_wconf 56' lang='lat' dir='ltr'><strong>in;</strong></span> <span class='ocrx_word' id='word_1_798' title='bbox 2319 4637 2545 4708; x_wconf 87' lang='grc' dir='ltr'>νεκρῶν.</span> <span class='ocrx_word' id='word_1_799' title='bbox 2582 4637 2723 4693; x_wconf 85' lang='lat' dir='ltr'><strong>Editi</strong></span> <span class='ocrx_word' id='word_1_800' title='bbox 2763 4650 2818 4695; x_wconf 89' lang='lat' dir='ltr'><strong>et</strong></span> <span class='ocrx_word' id='word_1_801' title='bbox 2867 4639 2979 4704; x_wconf 85' lang='lat' dir='ltr'><strong>alii,</strong></span> <span class='ocrx_word' id='word_1_802' title='bbox 3007 4640 3302 4696; x_wconf 83' lang='grc' dir='ltr'>ἀνάστασιν</span> <span class='ocrx_word' id='word_1_803' title='bbox 3352 4646 3416 4698; x_wconf 82' lang='grc' dir='ltr'>ἐκ</span> <span class='ocrx_word' id='word_1_804' title='bbox 3473 4646 3678 4719; x_wconf 80' lang='grc' dir='ltr'>νεκρῶν</span> 
     </span>
     <span class='ocr_line' id='line_1_105' title="bbox 2097 4725 2420 4762; baseline -0.003 0"><span class='ocrx_word' id='word_1_805' title='bbox 2097 4725 2266 4762; x_wconf 86' lang='grc' dir='ltr'>γενου.</span> <span class='ocrx_word' id='word_1_806' title='bbox 2304 4726 2420 4762; x_wconf 76' lang='grc' dir='ltr'>νην.</span> 
     </span>
    </p>
   </div>
   <div class='ocr_carea' id='block_1_105' title="bbox 2097 4725 2420 4777">
    <p class='ocr_par' dir='ltr' id='par_1_105' title="bbox 2097 4725 2420 4777">
     <span class='ocr_line' id='line_1_106' title="bbox 2097 4725 2420 4777; baseline 0 -16"><span class='ocrx_word' id='word_1_807' title='bbox 2097 4725 2420 4777; x_wconf 78' lang='grc' dir='ltr'>γενομένην.</span> 
     </span>
    </p>
   </div>
   <div class='ocr_carea' id='block_1_106' title="bbox 2170 4727 3673 4856">
    <p class='ocr_par' dir='ltr' id='par_1_106' title="bbox 2170 4727 3673 4856">
     <span class='ocr_line' id='line_1_107' title="bbox 2170 4727 3673 4856; baseline 0.005 -7"><span class='ocrx_word' id='word_1_808' title='bbox 2170 4727 2751 4856; x_wconf 57' lang='grc' dir='ltr'><strong>ἵὸῗῗίῧῨὲψερσμένα</strong></span> <span class='ocrx_word' id='word_1_809' title='bbox 2798 4782 2970 4856; x_wconf 57' lang='grc' dir='ltr'><strong>ᾧμξῦξῖ</strong></span> <span class='ocrx_word' id='word_1_810' title='bbox 3004 4784 3272 4856; x_wconf 62' lang='grc' dir='ltr'><strong>εὐφημίᾳ</strong></span> <span class='ocrx_word' id='word_1_811' title='bbox 3300 4784 3673 4856; x_wconf 62' lang='grc' dir='ltr'>ἀρνούμενοι.</span> 
     </span>
    </p>
   </div>
   <div class='ocr_carea' id='block_1_107' title="bbox 2099 4847 3672 4924">
    <p class='ocr_par' dir='ltr' id='par_1_107' title="bbox 2099 4847 3672 4924">
     <span class='ocr_line' id='line_1_108' title="bbox 2099 4847 3672 4924; baseline 0.008 -23"><span class='ocrx_word' id='word_1_812' title='bbox 2099 4847 2221 4915; x_wconf 68' lang='lat' dir='ltr'><strong>Seg.</strong></span> <span class='ocrx_word' id='word_1_813' title='bbox 2250 4850 2404 4924; x_wconf 83' lang='lat' dir='ltr'><strong>Gubl.</strong></span> <span class='ocrx_word' id='word_1_814' title='bbox 2440 4859 2501 4924; x_wconf 77' lang='lat' dir='ltr'><strong>et</strong></span> <span class='ocrx_word' id='word_1_815' title='bbox 2525 4849 2760 4924; x_wconf 62' lang='lat' dir='ltr'><strong>Feb-km.</strong></span> <span class='ocrx_word' id='word_1_816' title='bbox 2791 4847 2851 4904; x_wconf 70' lang='grc'>1.’</span> <span class='ocrx_word' id='word_1_817' title='bbox 2877 4852 3018 4905; x_wconf 87' lang='lat' dir='ltr'><strong>Editi</strong></span> <span class='ocrx_word' id='word_1_818' title='bbox 3051 4847 3180 4905; x_wconf 73' lang='lat' dir='ltr'><strong>vero</strong></span> <span class='ocrx_word' id='word_1_819' title='bbox 3207 4847 3259 4906; x_wconf 85' lang='lat' dir='ltr'><strong>et</strong></span> <span class='ocrx_word' id='word_1_820' title='bbox 3293 4847 3672 4924; x_wconf 45' lang='lat' dir='ltr'><strong>caeteri-mss”</strong></span> 
     </span>
    </p>
   </div>
   <div class='ocr_carea' id='block_1_108' title="bbox 2097 4920 3508 4995">
    <p class='ocr_par' dir='ltr' id='par_1_108' title="bbox 2097 4920 3508 4995">
     <span class='ocr_line' id='line_1_109' title="bbox 2097 4920 3508 4995; baseline 0.006 -23"><span class='ocrx_word' id='word_1_821' title='bbox 2097 4921 2511 4995; x_wconf 53' lang='lat' dir='ltr'><strong>xaxptoapévnf.</strong></span> <span class='ocrx_word' id='word_1_822' title='bbox 2521 4920 2749 4995; x_wconf 66' lang='grc' dir='ltr'>πιπλαῖᾳ.</span> <span class='ocrx_word' id='word_1_823' title='bbox 2782 4924 2918 4995; x_wconf 51' lang='lat' dir='ltr'><strong>eum“.</strong></span> <span class='ocrx_word' id='word_1_824' title='bbox 2930 4924 3067 4995; x_wconf 71' lang='grc' dir='ltr'>μιᾳ,</span> <span class='ocrx_word' id='word_1_825' title='bbox 3083 4924 3326 4995; x_wconf 69' lang='grc' dir='ltr'>ἀπαρνού</span> <span class='ocrx_word' id='word_1_826' title='bbox 3337 4943 3508 4994; x_wconf 88' lang='grc' dir='ltr'>μενοι.</span> 
     </span>
    </p>
   </div>
   <div class='ocr_carea' id='block_1_109' title="bbox 2166 4988 3670 5070">
    <p class='ocr_par' dir='ltr' id='par_1_109' title="bbox 2166 4988 3670 5070">
     <span class='ocr_line' id='line_1_110' title="bbox 2166 4988 3670 5070; baseline 0.009 -30"><span class='ocrx_word' id='word_1_827' title='bbox 2166 4988 2276 5058; x_wconf 87' lang='grc'>(10)</span> <span class='ocrx_word' id='word_1_828' title='bbox 2317 4988 2489 5070; x_wconf 59' lang='grc' dir='ltr'><strong>φωκῆ</strong></span> <span class='ocrx_word' id='word_1_829' title='bbox 2497 5011 2527 5055; x_wconf 85' lang='grc' dir='ltr'><strong>ς</strong></span> <span class='ocrx_word' id='word_1_830' title='bbox 2543 4991 2613 5043; x_wconf 78' lang='grc' dir='ltr'>δὲ</span> <span class='ocrx_word' id='word_1_831' title='bbox 2627 4988 2954 5070; x_wconf 50' lang='grc' dir='ltr'>γενομέιξήξ</span> <span class='ocrx_word' id='word_1_832' title='bbox 2968 4988 3074 5070; x_wconf 33' lang='grc' dir='ltr'>’καὶ</span> <span class='ocrx_word' id='word_1_833' title='bbox 3096 4988 3670 5070; x_wconf 27' lang='grc' dir='ltr'><strong>ψυρςῆςκάημαινομέο</strong></span> 
     </span>
    </p>
   </div>
   <div class='ocr_carea' id='block_1_110' title="bbox 2097 5062 3667 5135">
    <p class='ocr_par' dir='ltr' id='par_1_110' title="bbox 2097 5062 3667 5135">
     <span class='ocr_line' id='line_1_111' title="bbox 2097 5062 3667 5135; baseline 0.005 -24"><span class='ocrx_word' id='word_1_834' title='bbox 2097 5076 2232 5135; x_wconf 45' lang='lat' dir='ltr'><strong>ﬁne,</strong></span> <span class='ocrx_word' id='word_1_835' title='bbox 2269 5063 2341 5112; x_wconf 87' lang='grc' dir='ltr'><strong>οὐ</strong></span> <span class='ocrx_word' id='word_1_836' title='bbox 2373 5063 2694 5130; x_wconf 78' lang='grc' dir='ltr'>χωρισμόν.</span> <span class='ocrx_word' id='word_1_837' title='bbox 2730 5062 2820 5115; x_wconf 90' lang='lat' dir='ltr'><strong>Sic</strong></span> <span class='ocrx_word' id='word_1_838' title='bbox 2847 5062 3178 5129; x_wconf 69' lang='lat' dir='ltr'><strong>Anglicanus</strong></span> <span class='ocrx_word' id='word_1_839' title='bbox 3193 5076 3246 5117; x_wconf 90' lang='lat' dir='ltr'><strong>et</strong></span> <span class='ocrx_word' id='word_1_840' title='bbox 3288 5062 3667 5135; x_wconf 72' lang='lat' dir='ltr'><strong>Seguerimius.</strong></span> 
     </span>
    </p>
   </div>
   <div class='ocr_carea' id='block_1_111' title="bbox 2095 5128 3671 5210">
    <p class='ocr_par' dir='ltr' id='par_1_111' title="bbox 2095 5128 3671 5210">
     <span class='ocr_line' id='line_1_112' title="bbox 2095 5128 3671 5210; baseline 0.003 -30"><span class='ocrx_word' id='word_1_841' title='bbox 2095 5128 2235 5182; x_wconf 82' lang='lat' dir='ltr'><strong>Editi</strong></span> <span class='ocrx_word' id='word_1_842' title='bbox 2262 5145 2396 5210; x_wconf 75' lang='lat' dir='ltr'><strong>vero</strong></span> <span class='ocrx_word' id='word_1_843' title='bbox 2406 5141 2459 5183; x_wconf 88' lang='lat' dir='ltr'><strong>et</strong></span> <span class='ocrx_word' id='word_1_844' title='bbox 2477 5128 2696 5210; x_wconf 69' lang='lat' dir='ltr'><strong>quidam</strong></span> <span class='ocrx_word' id='word_1_845' title='bbox 2717 5128 3068 5210; x_wconf 51' lang='lat' dir='ltr'><strong>dianuseripli</strong></span> <span class='ocrx_word' id='word_1_846' title='bbox 3093 5128 3490 5210; x_wconf 58' lang='lat' dir='ltr'><strong>_oi_nittuut,:xg.t</strong></span> <span class='ocrx_word' id='word_1_847' title='bbox 3505 5137 3671 5210; x_wconf 66' lang='grc' dir='ltr'>ψυχῆς</span> 
     </span>
    </p>
   </div>
   <div class='ocr_carea' id='block_1_112' title="bbox 2094 5200 3672 5281">
    <p class='ocr_par' dir='ltr' id='par_1_112' title="bbox 2094 5200 3672 5281">
     <span class='ocr_line' id='line_1_113' title="bbox 2094 5200 3672 5281; baseline 0.006 -31"><span class='ocrx_word' id='word_1_848' title='bbox 2094 5215 2159 5269; x_wconf 83' lang='grc' dir='ltr'><strong>ση</strong></span> <span class='ocrx_word' id='word_1_849' title='bbox 2170 5200 2517 5281; x_wconf 70' lang='grc' dir='ltr'>μαινομένης.</span> <span class='ocrx_word' id='word_1_850' title='bbox 2540 5200 2741 5280; x_wconf 80' lang='lat' dir='ltr'><strong>Ibidem</strong></span> <span class='ocrx_word' id='word_1_851' title='bbox 2758 5203 2916 5281; x_wconf 63' lang='grc' dir='ltr'>βοω.</span> <span class='ocrx_word' id='word_1_852' title='bbox 2936 5213 2989 5257; x_wconf 89' lang='lat' dir='ltr'><strong>et</strong></span> <span class='ocrx_word' id='word_1_853' title='bbox 3001 5200 3252 5281; x_wconf 76' lang='lat' dir='ltr'><strong>elckm.</strong></span> <span class='ocrx_word' id='word_1_854' title='bbox 3291 5207 3339 5269; x_wconf 90' lang='grc'><strong>1,</strong></span> <span class='ocrx_word' id='word_1_855' title='bbox 3355 5200 3672 5281; x_wconf 60' lang='grc' dir='ltr'>βεϐαιουμὲὲ</span> 
     </span>
    </p>
   </div>
   <div class='ocr_carea' id='block_1_113' title="bbox 2089 5270 3126 5354">
    <p class='ocr_par' dir='ltr' id='par_1_113' title="bbox 2089 5270 3126 5354">
     <span class='ocr_line' id='line_1_114' title="bbox 2089 5270 3126 5354; baseline 0.005 -33"><span class='ocrx_word' id='word_1_856' title='bbox 2089 5270 2636 5354; x_wconf 42' lang='grc' dir='ltr'>νηςικαὶιχωρισμόχ,</span> <span class='ocrx_word' id='word_1_857' title='bbox 2661 5273 2886 5354; x_wconf 62' lang='lat' dir='ltr'><strong>omissis</strong></span> <span class='ocrx_word' id='word_1_858' title='bbox 2915 5275 3126 5354; x_wconf 75' lang='lat' dir='ltr'><strong>mediis.</strong></span> 
     </span>
    </p>
   </div>
   <div class='ocr_carea' id='block_1_114' title="bbox 2163 5340 3664 5418">
    <p class='ocr_par' dir='ltr' id='par_1_114' title="bbox 2163 5340 3664 5418">
     <span class='ocr_line' id='line_1_115' title="bbox 2163 5340 3664 5418; baseline 0.005 -27"><span class='ocrx_word' id='word_1_859' title='bbox 2163 5340 2272 5409; x_wconf 88' lang='grc'>(11)</span> <span class='ocrx_word' id='word_1_860' title='bbox 2317 5340 2540 5408; x_wconf 75' lang='lat' dir='ltr'><strong>Seguer.</strong></span> <span class='ocrx_word' id='word_1_861' title='bbox 2577 5341 2735 5418; x_wconf 61' lang='lat' dir='ltr'><strong>Gobl.</strong></span> <span class='ocrx_word' id='word_1_862' title='bbox 2766 5353 2820 5418; x_wconf 81' lang='lat' dir='ltr'><strong>et</strong></span> <span class='ocrx_word' id='word_1_863' title='bbox 2848 5342 3087 5418; x_wconf 76' lang='lat' dir='ltr'><strong>Feickm.</strong></span> <span class='ocrx_word' id='word_1_864' title='bbox 3121 5343 3664 5418; x_wconf 57' lang='grc' dir='ltr'>1,⁸-ἀπολειπομένης.</span> 
     </span>
    </p>
   </div>
   <div class='ocr_carea' id='block_1_115' title="bbox 415 5409 3616 5490">
    <p class='ocr_par' dir='ltr' id='par_1_115' title="bbox 415 5409 3616 5490">
     <span class='ocr_line' id='line_1_116' title="bbox 415 5409 3616 5490; baseline 0.003 -30"><span class='ocrx_word' id='word_1_865' title='bbox 415 5416 661 5490; x_wconf 42' lang='grc' dir='ltr'>ξςαηιιοη</span> <span class='ocrx_word' id='word_1_866' title='bbox 713 5423 823 5477; x_wconf 91' lang='lat' dir='ltr'><strong>quo</strong></span> <span class='ocrx_word' id='word_1_867' title='bbox 871 5419 1029 5478; x_wconf 78' lang='lat' dir='ltr'><strong>neget</strong></span> <span class='ocrx_word' id='word_1_868' title='bbox 1067 5411 1246 5490; x_wconf 80' lang='lat' dir='ltr'><strong>ipsum</strong></span> <span class='ocrx_word' id='word_1_869' title='bbox 1285 5411 1540 5490; x_wconf 65' lang='lat' dir='ltr'><strong>Verbum.</strong></span> <span class='ocrx_word' id='word_1_870' title='bbox 1574 5426 1667 5490; x_wconf 73' lang='lat' dir='ltr'><strong>seu</strong></span> <span class='ocrx_word' id='word_1_871' title='bbox 1701 5427 1985 5478; x_wconf 55' lang='lat' dir='ltr'><strong>pel-sonam</strong></span> <span class='ocrx_word' id='word_1_872' title='bbox 2092 5409 2211 5490; x_wconf 40' lang='lat' dir='ltr'><strong>Mus</strong></span> <span class='ocrx_word' id='word_1_873' title='bbox 2231 5426 2430 5490; x_wconf 42' lang='lat' dir='ltr'><strong>omnes</strong></span> <span class='ocrx_word' id='word_1_874' title='bbox 2448 5413 2836 5490; x_wconf 70' lang='lat' dir='ltr'><strong>_manus_cripti,</strong></span> <span class='ocrx_word' id='word_1_875' title='bbox 2869 5415 2977 5484; x_wconf 87' lang='grc' dir='ltr'><strong>γάρ</strong></span> <span class='ocrx_word' id='word_1_876' title='bbox 3009 5415 3152 5490; x_wconf 33' lang='grc' dir='ltr'>ἐστι..</span> <span class='ocrx_word' id='word_1_877' title='bbox 3183 5413 3346 5490; x_wconf 79' lang='lat' dir='ltr'><strong>Editi,</strong></span> <span class='ocrx_word' id='word_1_878' title='bbox 3377 5409 3495 5490; x_wconf 70' lang='grc' dir='ltr'>γάρ’</span> <span class='ocrx_word' id='word_1_879' title='bbox 3517 5409 3616 5473; x_wconf 58' lang='grc' dir='ltr'>ἔτι.</span> 
     </span>
    </p>
   </div>
   <div class='ocr_carea' id='block_1_116' title="bbox 414 5475 1990 5548">
    <p class='ocr_par' dir='ltr' id='par_1_116' title="bbox 414 5475 1990 5548">
     <span class='ocr_line' id='line_1_117' title="bbox 414 5475 1990 5548; baseline -0.001 -18"><span class='ocrx_word' id='word_1_880' title='bbox 414 5475 598 5540; x_wconf 81' lang='lat' dir='ltr'><strong>Verbi,</strong></span> <span class='ocrx_word' id='word_1_881' title='bbox 631 5475 848 5546; x_wconf 79' lang='lat' dir='ltr'><strong>passam</strong></span> <span class='ocrx_word' id='word_1_882' title='bbox 876 5475 1017 5541; x_wconf 79' lang='lat' dir='ltr'><strong>esse,</strong></span> <span class='ocrx_word' id='word_1_883' title='bbox 1049 5475 1142 5533; x_wconf 83' lang='lat' dir='ltr'><strong>sed</strong></span> <span class='ocrx_word' id='word_1_884' title='bbox 1173 5495 1282 5548; x_wconf 91' lang='lat' dir='ltr'><strong>quo</strong></span> <span class='ocrx_word' id='word_1_885' title='bbox 1310 5475 1817 5547; x_wconf 74' lang='lat' dir='ltr'><strong>Aponium-istarum</strong></span> <span class='ocrx_word' id='word_1_886' title='bbox 1842 5497 1990 5532; x_wconf 71' lang='lat' dir='ltr'><strong>erro-</strong></span> 
     </span>
    </p>
   </div>
   <div class='ocr_carea' id='block_1_117' title="bbox 414 5549 1988 5627">
    <p class='ocr_par' dir='ltr' id='par_1_117' title="bbox 414 5549 1988 5627">
     <span class='ocr_line' id='line_1_118' title="bbox 414 5549 1988 5627; baseline 0.003 -29"><span class='ocrx_word' id='word_1_887' title='bbox 414 5549 482 5627; x_wconf 81' lang='lat' dir='ltr'><strong>ri,</strong></span> <span class='ocrx_word' id='word_1_888' title='bbox 509 5550 603 5614; x_wconf 90' lang='lat' dir='ltr'><strong>qui</strong></span> <span class='ocrx_word' id='word_1_889' title='bbox 651 5551 822 5618; x_wconf 87' lang='lat' dir='ltr'><strong>ipsam</strong></span> <span class='ocrx_word' id='word_1_890' title='bbox 865 5552 1128 5616; x_wconf 88' lang='lat' dir='ltr'><strong>putabant</strong></span> <span class='ocrx_word' id='word_1_891' title='bbox 1157 5550 1411 5602; x_wconf 78' lang='lat' dir='ltr'><strong>deitatem</strong></span> <span class='ocrx_word' id='word_1_892' title='bbox 1449 5565 1569 5603; x_wconf 83' lang='lat' dir='ltr'><strong>esse</strong></span> <span class='ocrx_word' id='word_1_893' title='bbox 1601 5566 1838 5618; x_wconf 83' lang='lat' dir='ltr'><strong>passam,</strong></span> <span class='ocrx_word' id='word_1_894' title='bbox 1873 5550 1988 5602; x_wconf 83' lang='lat' dir='ltr'><strong>olli-</strong></span> 
     </span>
    </p>
   </div>
   <div class='ocr_carea' id='block_1_118' title="bbox 408 5627 1990 5760">
    <p class='ocr_par' dir='ltr' id='par_1_118' title="bbox 408 5627 1990 5760">
     <span class='ocr_line' id='line_1_119' title="bbox 408 5627 1990 5760; baseline 0 -19"><span class='ocrx_word' id='word_1_895' title='bbox 604 5686 724 5757; x_wconf 78' lang='lat' dir='ltr'><strong>Seg.</strong></span> <span class='ocrx_word' id='word_1_896' title='bbox 759 5686 916 5741; x_wconf 67' lang='lat' dir='ltr'><strong>Galil.</strong></span> <span class='ocrx_word' id='word_1_897' title='bbox 948 5697 1001 5745; x_wconf 81' lang='lat' dir='ltr'><strong>et</strong></span> <span class='ocrx_word' id='word_1_898' title='bbox 1031 5687 1264 5741; x_wconf 77' lang='lat' dir='ltr'><strong>Felckm.</strong></span> <span class='ocrx_word' id='word_1_899' title='bbox 1307 5690 1356 5756; x_wconf 77' lang='lat' dir='ltr'><strong>i,</strong></span> <span class='ocrx_word' id='word_1_900' title='bbox 1389 5689 1735 5753; x_wconf 70' lang='grc' dir='ltr'>ἀναστάσεως</span> <span class='ocrx_word' id='word_1_901' title='bbox 1765 5689 1990 5760; x_wconf 83' lang='grc' dir='ltr'>γενομέ-</span> 
     </span>
    </p>
   </div>
   <div class='ocr_carea' id='block_1_119' title="bbox 2166 5479 3664 5550">
    <p class='ocr_par' dir='ltr' id='par_1_119' title="bbox 2166 5479 3664 5550">
     <span class='ocr_line' id='line_1_120' title="bbox 2166 5479 3664 5550; baseline 0.007 -20"><span class='ocrx_word' id='word_1_902' title='bbox 2166 5480 2277 5548; x_wconf 71' lang='lat'><strong>(12)</strong></span> <span class='ocrx_word' id='word_1_903' title='bbox 2321 5479 2413 5533; x_wconf 91' lang='lat' dir='ltr'><strong>Sic</strong></span> <span class='ocrx_word' id='word_1_904' title='bbox 2447 5479 2816 5550; x_wconf 71' lang='lat' dir='ltr'><strong>Seguerianus</strong></span> <span class='ocrx_word' id='word_1_905' title='bbox 2849 5479 3019 5546; x_wconf 84' lang='lat' dir='ltr'><strong>recie,</strong></span> <span class='ocrx_word' id='word_1_906' title='bbox 3052 5495 3107 5536; x_wconf 90' lang='lat' dir='ltr'><strong>et</strong></span> <span class='ocrx_word' id='word_1_907' title='bbox 3141 5486 3212 5538; x_wconf 86' lang='lat' dir='ltr'><strong>ita</strong></span> <span class='ocrx_word' id='word_1_908' title='bbox 3243 5479 3664 5550; x_wconf 54' lang='lat' dir='ltr'><strong>legit&#39;Nannius.</strong></span> 
     </span>
    </p>
   </div>
   <div class='ocr_carea' id='block_1_120' title="bbox 2095 5544 3663 5627">
    <p class='ocr_par' dir='ltr' id='par_1_120' title="bbox 2095 5544 3663 5627">
     <span class='ocr_line' id='line_1_121' title="bbox 2095 5544 3663 5627; baseline 0.007 -28"><span class='ocrx_word' id='word_1_909' title='bbox 2095 5544 2268 5627; x_wconf 45' lang='lat' dir='ltr'><strong>idditi,</strong></span> <span class='ocrx_word' id='word_1_910' title='bbox 2288 5551 2415 5620; x_wconf 80' lang='grc' dir='ltr'>παρ’</span> <span class='ocrx_word' id='word_1_911' title='bbox 2449 5544 2549 5627; x_wconf 76' lang='grc' dir='ltr'><strong>ᾦνῖ</strong></span> <span class='ocrx_word' id='word_1_912' title='bbox 2583 5551 2816 5627; x_wconf 58' lang='lat' dir='ltr'><strong>ibidem,</strong></span> <span class='ocrx_word' id='word_1_913' title='bbox 2859 5544 3223 5627; x_wconf 69' lang='grc' dir='ltr'>ἐπιδείκνυμι.</span> <span class='ocrx_word' id='word_1_914' title='bbox 3274 5544 3431 5611; x_wconf 61' lang='grc' dir='ltr'>(ξομι.</span> <span class='ocrx_word' id='word_1_915' title='bbox 3463 5560 3585 5627; x_wconf 60' lang='lat' dir='ltr'><strong>Sag.</strong></span> <span class='ocrx_word' id='word_1_916' title='bbox 3615 5564 3663 5610; x_wconf 80' lang='lat' dir='ltr'><strong>et</strong></span> 
     </span>
    </p>
   </div>
   <div class='ocr_carea' id='block_1_121' title="bbox 2092 5619 3657 5700">
    <p class='ocr_par' dir='ltr' id='par_1_121' title="bbox 2092 5619 3657 5700">
     <span class='ocr_line' id='line_1_122' title="bbox 2092 5619 3657 5700; baseline 0.008 -32"><span class='ocrx_word' id='word_1_917' title='bbox 2092 5619 2327 5700; x_wconf 43' lang='lat' dir='ltr'><strong>[cicini].</strong></span> <span class='ocrx_word' id='word_1_918' title='bbox 2361 5619 2410 5674; x_wconf 79' lang='grc'><strong>1.</strong></span> <span class='ocrx_word' id='word_1_919' title='bbox 2455 5621 2525 5700; x_wconf 74' lang='lat' dir='ltr'><strong>At</strong></span> <span class='ocrx_word' id='word_1_920' title='bbox 2580 5621 2746 5700; x_wconf 78' lang='lat' dir='ltr'><strong>B_as_il.</strong></span> <span class='ocrx_word' id='word_1_921' title='bbox 2777 5632 2832 5675; x_wconf 89' lang='lat' dir='ltr'><strong>et</strong></span> <span class='ocrx_word' id='word_1_922' title='bbox 2878 5619 3227 5700; x_wconf 67' lang='lat' dir='ltr'><strong>Anglicanus,</strong></span> <span class='ocrx_word' id='word_1_923' title='bbox 3253 5619 3657 5700; x_wconf 16' lang='grc' dir='ltr'>νὲπιδείκνύέιπ.</span> 
     </span>
    </p>
   </div>
   <div class='ocr_carea' id='block_1_122' title="bbox 2096 5689 3298 5757">
    <p class='ocr_par' dir='ltr' id='par_1_122' title="bbox 2096 5689 3298 5757">
     <span class='ocr_line' id='line_1_123' title="bbox 2096 5689 3298 5757; baseline 0.008 -17"><span class='ocrx_word' id='word_1_924' title='bbox 2096 5689 2233 5742; x_wconf 76' lang='lat' dir='ltr'><strong>Editi</strong></span> <span class='ocrx_word' id='word_1_925' title='bbox 2268 5700 2472 5756; x_wconf 88' lang='lat' dir='ltr'><strong>autem,</strong></span> <span class='ocrx_word' id='word_1_926' title='bbox 2509 5691 2896 5757; x_wconf 75' lang='grc' dir='ltr'>ἐπιδείκνυται,</span> <span class='ocrx_word' id='word_1_927' title='bbox 2938 5689 3100 5748; x_wconf 71' lang='lat' dir='ltr'><strong>dubia</strong></span> <span class='ocrx_word' id='word_1_928' title='bbox 3143 5699 3298 5750; x_wconf 77' lang='lat' dir='ltr'><strong>lectio</strong></span> 
     </span>
    </p>
   </div>
  </div>
