3810 6228
114 309 155 362 1
176 307 268 366 151

998 292 1276 351 CONTRA
1321 284 1835 346 APOLLINARIUM
1871 281 2075 336 LIBER
2117 273 2507 333 SECUNDUS.

3252 260 3388 320 1158

110 424 254 484 ταῖς
276 417 477 488 ψυχαῖς
497 410 877 486 εὐηγγελίζετο
894 427 907 439 ·
942 410 1000 462 ἐν
1021 408 1079 461 δὲ
1111 406 1322 472 σώματι
1341 400 1577 476 Χριστοῦ
1592 400 1705 472 (15)
1736 409 1782 466 Α
1808 413 1815 450 ε

1846 395 2097 452 nimahus
2130 390 2633 463 praedicatum-est;
2666 383 2719 438 in
2754 396 2986 453 corpore
3022 388 3201 436 autem
3229 378 3390 436 Chri-

114 517 170 585 ἡ
196 510 377 583 φθορὰ
407 510 754 579 κατηργεῖτο,
776 503 868 557 καὶ
891 503 925 572 ὴ
952 498 1229 570 ἀφθαρσία
1281 499 1346 551 ἐκ
1374 495 1545 563 τάφου
1574 490 1711 544 ἐδεί-

117 580 321 659 aevum.
354 601 514 653 Ὥστε
566 597 667 650 οὐκ
697 593 981 667 ἄνθρωπος
1028 589 1162 643 Θεοῦ
1220 583 1530 659 ἐχωρίζετο,
1589 580 1712 634 οὔτε

119 696 270 760 Θεὸς
298 693 437 765 πρὸς
462 689 744 761 ἄνθρωπον
791 681 1174 754 ἐγκατάλειψιν
1217 680 1484 750 διηγεῖτο,
1530 673 1711 765 οῦτεη

120 762 406 856 νέκρωσις
443 781 536 834 καὶ
555 777 648 832 τοῦ
677 776 990 847 πνεύματος
1032 770 1381 842 ἀποχώρησις
1422 765 1533 839 (14)
1578 762 1713 818 Θεοῦ

120 855 249 931 ἀπο
268 874 521 945 σώματος
550 866 617 942 ἧν
649 870 996 940 μετάστασις,
1020 863 1154 917 ἀλλὰ
1174 861 1350 932 ψυχῆς
1374 857 1482 912 ἀπὸ
1532 855 1717 926 σώμα-

120 985 230 1033 τος
254 964 563 1039 χωρισμός’
596 960 626 1011 ὁ
671 958 780 1032 γὰρ
816 956 1081 1029 ἡμέτερος
1113 955 1228 1006 ἐκεῖ
1271 949 1591 1021 διεγράφετο
1624 946 1720 1039 θά-

342 1036 416 1110 νΕί
445 1055 501 1108 δὲ
531 1055 560 1108 6
584 1052 716 1115 Θεὸς
745 1047 1016 1121 ἐχωρίσθη
1046 1044 1140 1099 τοῦ
1173 1042 1422 1114 σώματος
1440 1081 1456 1104 ,
1490 1039 1584 1093 καὶ
1626 1036 1718 1090 οὓ-

122 1168 250 1215 τως
287 1147 399 1220 (15)
426 1147 459 1216 ἡ
484 1144 748 1215 νέκρωσις
772 1139 1066 1200 ἐδείκνυτο,
1089 1135 1206 1198 πῶς
1233 1133 1295 1187 τὸ
1330 1132 1486 1202 σῶμα
1510 1169 1525 1194 ,
1554 1146 1721 1200 χωρι-

128 1243 271 1297 σθὲν
302 1238 398 1294 τοῦ
425 1237 701 1308 ἀφθάρτου
725 1229 881 1296 Θεοῦ,
899 1231 999 1301 τὴν
1017 1225 1323 1299 ἀφθαρσίαν
1341 1222 1683 1277 ἐπεδείκνυτο
1704 1236 1719 1286 ;

130 1334 264 1397 πῶς
288 1332 348 1385 δὲ
379 1330 474 1385 καὶ
500 1331 529 1383 6
557 1328 726 1396 Λόγος
748 1325 844 1395 τὴν
867 1324 947 1385 εἰς
975 1321 1100 1393 ᾅδου
1123 1318 1372 1373 ἐπίϐασιν
1395 1316 1720 1387 ἐποιήσατο;

131 1428 177 1497 ἢ
213 1424 336 1487 πῶς
363 1422 462 1493 τὴν
494 1419 554 1485 ἐξ
576 1418 703 1490 ᾅδου
764 1415 1059 1470 ἀνάστασιν
1110 1409 1485 1472 ἐπεδείκνυτο;
1530 1408 1724 1477 μήτιγε

132 1495 309 1576 άύτὺς
332 1512 453 1566 ἀντὶ
477 1510 577 1579 τῆς
603 1505 877 1578 ἡμετέρας
899 1503 1075 1574 ψυχῆς
1095 1501 1344 1555 ἀνίστατο
1363 1496 1497 1569 (16).
1524 1496 1610 1549 ἵνα
1629 1495 1725 1565 τῆς

132 1605 428 1677 ἡμετερας
480 1598 829 1661 ἀναστάσεως
859 1596 957 1666 τὴν
1010 1593 1193 1646 εἰκόνα
1225 1591 1569 1663 ἁρμόσηται;
1615 1587 1727 1639 Καὶ

134 1697 267 1761 πῶς
289 1690 401 1750 οἷόν
438 1711 497 1747 τε
529 1691 658 1763 περ).
682 1688 816 1743 Θεοῦ
852 1685 1025 1740 ταῦτα
1069 1686 1301 1751 ἐννοεῖν;
1371 1680 1726 1752 Ἀσύμφωνος

1814 484 1905 547 sti,
1938 480 2212 550 corruptio
2231 479 2431 534 abolita
2464 485 2566 541 est,
2596 482 2651 529 et
2671 473 3009 541 incorruptio
3047 486 3113 525 ex
3154 471 3276 540 ipso
3305 484 3393 525 sc-

1813 573 2003 645 pulcro
2024 571 2266 626 emicuit.
2299 569 2509 639 Itaque,
2543 583 2644 622 nec
2680 567 2844 621 homo
2871 582 2901 619 a
2929 565 3041 621 Deo
3069 565 3393 635 segregaba-

1815 672 1921 725 tur,
1957 677 2060 716 nec
2103 660 2246 717 Deus
2282 659 2514 723 homini,
2555 673 2614 711 se
2636 672 2763 711 eum
2799 658 3139 710 deserturum
3175 671 3394 711 annun-

1817 754 2006 817 tiabat,
2038 766 2214 821 neque
2255 750 2460 814 obitus,
2512 749 2847 818 spiritusque
2876 747 3160 813 discessio,
3215 756 3397 802 trans-

1818 844 1926 900 itus
1955 854 2071 898 erat
2100 841 2196 896 Dei
2227 856 2256 895 a
2276 855 2542 910 corpore;
2574 838 2670 894 sed
2702 838 2897 892 animae
2922 854 2950 891 a
2976 853 3203 906 corpore
3232 825 3393 908 sepa-

1817 939 1960 992 ratio
1986 953 1999 988 :
2035 946 2224 991 nostra
2247 934 2393 988 enim
2421 934 2494 988 ibi
2525 948 2674 987 mors
2701 930 2973 1000 deécripta
3003 931 3126 986 fuit.
3153 930 3309 997 Quod
3346 930 3397 986 si

1822 1028 1965 1083 Deus
1993 1043 2025 1083 a
2055 1041 2285 1097 corpore
2335 1032 2622 1095 separatus
2671 1034 2775 1086 est,
2826 1036 3001 1092 eoque
3054 1022 3216 1076 modo
3243 1036 3396 1077 mors

1821 1121 2067 1191 contigit,
2092 1118 2366 1189 quomodo
2395 1131 2598 1185 corpus
2614 1114 2682 1169 ab
2716 1114 3118 1184 incorruptibili
3159 1113 3268 1168 Deo
3305 1128 3396 1169 se-

1822 1221 2125 1284 gregatum,
2154 1208 2569 1278 incorruptibile
2593 1207 2877 1278 apparuit?
2928 1205 3201 1276 quomodo
3232 1205 3396 1261 etiam

1823 1304 2062 1359 Verbum
2097 1304 2421 1358 descensum
2477 1316 2639 1356 suum
2692 1301 2760 1356 ad
2801 1298 3001 1354 inferos
3034 1298 3277 1368 peregit?
3307 1307 3402 1352 aut

1825 1412 1935 1467 quo
1961 1404 2120 1466 pacto
2148 1395 2216 1448 ab
2243 1394 2435 1449 inferis
2463 1393 2919 1448 resurrectionem
2954 1390 3238 1446 exhibuit?
3258 1388 3405 1443 Nun-

1826 1485 1958 1554 quid
1993 1485 2108 1554 ipse
2130 1484 2245 1537 vice
2270 1483 2466 1537 anima:
2490 1490 2692 1536 nostrae
2720 1483 3040 1544 resurrexit,
3092 1488 3153 1533 ut
3203 1486 3405 1532 nostrae

1826 1575 2247 1632 resurrectionis
2301 1573 2594 1643 imaginem
2625 1570 3027 1627 concinnaret?
3053 1570 3125 1623 At
3158 1570 3257 1639 qui
3285 1566 3406 1622 ﬁeri

1828 1676 2026 1739 potest,
2045 1676 2104 1722 ut
2133 1667 2259 1720 talia
2289 1666 2355 1720 de
2384 1665 2491 1719 Deo
2524 1664 2864 1733 cogitemus?
2897 1661 3089 1717 Vestra
3113 1662 3280 1732 igitur
3305 1661 3406 1715 de-

132 1749 328 1845 τοίῦυν
351 1788 468 1849 ταῖς
496 1749 680 1854 ἀγίάις
705 1781 951 1851 Γραφαῖς
985 1780 1013 1832 ὁ
1048 1778 1173 1849 ὅρος
1215 1749 1388 1846 ὑμῶν,
1424 1749 1519 1826 καί
1556 1770 1725 1840 ἀνάρ⁴·
1757 1749 1799 1803 Β

1846 1758 2002 1813 initio
2030 1772 2061 1812 a
2082 1757 2252 1812 sacris
2280 1754 2578 1824 Scripturis
2599 1755 2775 1808 aliena
2797 1762 2880 1807 est
2912 1771 2927 1807 :
2957 1761 3250 1822 vestraque
3276 1766 3404 1815 sen—

133 1896 350 1952 μοστος
370 1878 471 1948 τῆς
510 1872 889 1946 πληρωθείσης
927 1868 1238 1939 οἰκονομίας
1259 1869 1293 1939 ἡ
1322 1862 1514 1935 γνώμη
1549 1861 1723 1932 ὑμῶν.

133 1974 262 2029 Καὶ
313 1972 377 2025 τὸ
400 2009 416 2035 ,
473 1969 673 2025 Κάθου
740 1967 810 2021 ἐκ
862 1963 1078 2026 δεξιῶν
1119 1979 1238 2032 μου
1275 2000 1292 2025 ,
1352 1959 1453 2013 οὐκ
1516 1953 1728 2027 ἀνθρώ-

136 2082 255 2119 mu
295 2063 393 2135 μὲν
423 2061 486 2115 τὸ
522 2060 756 2131 ἀξίωμα,
786 2055 923 2111 ἀλλά
947 2053 1102 2108 Θεοῦ.
1156 2050 1293 2104 Ἀλλ’
1320 2047 1506 2119 ἐπειδὴ
1542 2046 1604 2099 τὸ
1634 2044 1727 2098 τοῦ

137 2156 288 2212 Θεοῦ
319 2155 535 2225 ἀξίωμα
563 2149 850 2223 ἀνθρώπου
880 2146 1097 2218 ἀξίωμα
1122 2144 1343 2214 γέγονεν
1368 2181 1385 2206 ,
1422 2141 1509 2194 ἵνα
1549 2139 1612 2192 τὸ
1634 2136 1729 2191 τοῦ

140 2246 443 2320 ἀνθρώπου
481 2243 695 2315 ἀξίωμα
715 2240 848 2295 Θεοῦ
880 2239 1097 2310 ἀξίωμα
1122 2233 1383 2306 πιστευθῇ
1413 2232 1547 2305 (17),
1575 2232 1731 2304 εἴρη-

140 2356 242 2395 ται
261 2354 277 2370 ⁸
305 2337 504 2392 Κάθου
535 2334 604 2389 ἐκ
625 2331 840 2398 δεξιῶν
858 2348 1000 2401 μου,
1040 2328 1154 2392 καὶ,
1181 2327 1455 2393 Δόξασόν
1474 2341 1551 2394 με
1569 2364 1584 2389 ,
1611 2322 1732 2377 Πά-

143 2447 276 2500 τερ,
302 2426 380 2497 τῇ
406 2426 574 2492 ἀϊδίῳ
600 2426 772 2495 δόξῃ.
812 2425 887 2479 Οὐ
918 2423 1207 2495 χωρισθεὶς
1237 2422 1337 2494 τῆς
1389 2420 1548 2490 δόξης
1577 2417 1734 2472 τοῦτο

144 2521 327 2590 λέγει,
353 2518 466 2573 ἀλλ’
496 2519 554 2571 ἐν
602 2516 773 2588 ἀδόξῳ
822 2515 1032 2588 σώματι
1061 2512 1321 2584 γεγονὼς,
1358 2513 1444 2566 ἵνα
1498 2510 1646 2584 δείξῃ
1671 2510 1733 2563 οὐ

148 2611 536 2685 χωριζομένην
561 2610 663 2681 τῆς
701 2609 888 2681 θεῖκῆς
915 2607 1071 2680 δόξης
1106 2607 1206 2679 τὴν
1239 2606 1333 2660 τοῦ
1366 2604 1551 2658 δούλου
1600 2619 1735 2674 μορ-

150 2704 289 2775 φὴν,
315 2701 453 2756 ἀλλὰ
499 2700 703 2773 ταύτην
755 2698 1222 2770 ἐπιδεικνυμένην.
1263 2697 1355 2750 Διὸ
1400 2695 1576 2764 λέγει’
1627 2692 1735 2748 Καὶ

152 2793 450 2859 ἐδόξασα,
484 2791 584 2846 καὶ
621 2790 808 2846 πάλιν
842 2789 1100 2856 δοξάσω,
1128 2789 1255 2861 μίαν
1283 2790 1381 2860 τὴν
1413 2787 1519 2859 πρὸ
1554 2785 1739 2856 σώμα-

156 2904 255 2951 τος
277 2887 371 2940 καὶ
401 2887 459 2938 ἐν
484 2883 695 2956 σώματι
736 2883 893 2950 δόξαν
936 2882 1177 2944 δεικνὺς,
1209 2879 1284 2943 ὥς
1313 2894 1474 2951 φησιν
1501 2879 1529 2931 6
1576 2876 1739 2930 Ἀπό-

159 2979 353 3042 male;
375 2996 388 3008 ·
417 2977 692 3044 Τοσούτῳ
713 2975 824 3047 (18)
852 2974 1132 3043 κρείττων
1156 2972 1473 3042 πνόωνος
1495 2968 1612 3051 τῶν
1639 2967 1742 3037 άτ-

1830 1851 1997 1907 tentia
2025 1866 2149 1906 cum
2172 1856 2389 1919 peracta
2419 1849 2474 1901 in
2511 1845 2734 1902 Christo
2766 1846 3075 1900 oeconomia
3113 1860 3225 1898 non
3266 1857 3404 1898 con-

1829 1930 2014 2001 sentit.
2042 1942 2109 1996 Et
2137 1941 2271 1996 illud
2301 1956 2314 1991 :
2353 1937 2485 1995 Sede
2524 1955 2556 1993 α
2587 1938 2789 1992 dextris
2828 1941 2954 1991 meis
2986 1937 3055 2004 εί,
3089 1951 3201 1991 non
3231 1936 3409 1991 homi-

1829 2037 1917 2092 nis
1944 2035 2181 2106 dignitas
2201 2041 2303 2099 est,
2337 2032 2429 2087 sed
2463 2030 2576 2085 Dei.
2620 2030 2689 2084 At
2715 2028 3154 2099 quandoquidem
3201 2026 3295 2083 hei
3325 2028 3410 2083 di-

1831 2125 2032 2197 gnitas,
2075 2123 2313 2178 hominis
2340 2118 2578 2190 dignitas
2604 2116 2745 2171 facta
2772 2126 2896 2185 est;
2944 2128 3001 2171 ut
3038 2115 3274 2170 hominis
3326 2114 3413 2169 di-

1830 2218 2011 2289 gnitas
2043 2215 2136 2269 Dei
2159 2214 2395 2285 dignitas
2431 2211 2762 2289 crederetur,
2797 2210 3002 2264 dictum
3045 2216 3129 2264 est
3158 2223 3171 2259 :
3208 2205 3341 2261 Sede
3378 2223 3412 2259 a

1832 2288 2034 2363 dextris
2070 2305 2237 2359 meis:
2272 2310 2328 2359 ct
2355 2319 2371 2356 :
2414 2288 2669 2371 Gloriﬁca
2717 2318 2820 2365 me,
2852 2299 3036 2364 Pater,
3068 2309 3265 2353 wterna
3294 2296 3413 2368 glo-

1833 2400 1921 2453 ria
1951 2399 2017 2453 ³¹.
2046 2395 2156 2453 Nec
2177 2398 2283 2452 hoc
2304 2396 2458 2460 dicit,
2483 2394 2629 2465 quod
2675 2393 2846 2465 gloria
2890 2391 3136 2463 privatus
3180 2391 3280 2455 sit;
3316 2389 3412 2443 sed

1835 2492 1982 2563 quod
2008 2491 2063 2546 in
2096 2489 2333 2560 inglorio
2356 2502 2587 2557 corpore
2612 2486 2829 2555 degeret
2856 2501 2873 2551 ;
2907 2491 2968 2538 ut
2997 2482 3179 2552 palam
3210 2480 3415 2535 faceret

1835 2598 1947 2638 non
1969 2590 2272 2652 separatam
2300 2595 2331 2634 a
2369 2577 2554 2633 divina
2603 2575 2777 2648 gloria
2807 2590 2929 2631 esse
2967 2574 3107 2629 servi
3149 2570 3415 2634 formam,

1837 2674 1933 2729 sed
1960 2672 2207 2728 eamdem
2246 2669 2475 2741 gloriam
2511 2683 2622 2738 pra:
2655 2681 2713 2721 se
2735 2665 2896 2720 ferre.
2917 2663 3259 2731 Quapropter
3290 2662 3368 2715 ait
3395 2679 3413 2712 :

1839 2765 1910 2820 Et
1937 2763 2250 2837 gloriﬁcaui,
2271 2773 2318 2816 et
2340 2776 2551 2815 rursum
2574 2755 2887 2830 gloriﬁcabo
2921 2754 2988 2806 ³⁸.
3023 2752 3222 2823 Sicque
3251 2768 3417 2806 unam

1838 2861 2217 2930 eamdemque,
2239 2865 2293 2913 et
2308 2864 2433 2912 ante
2448 2869 2648 2924 corpus
2669 2859 3033 2921 assumptum,
3052 2859 3106 2904 et
3125 2849 3177 2902 in
3191 2861 3422 2916 corpore

1842 2953 2069 3024 gloriam
2102 2949 2273 3005 fuisse
2295 2946 2554 3010 ostendit,
2578 2953 2640 2999 ut
2660 2943 2738 2999 ait
2755 2942 3050 3013 Apostolus
3077 2958 3091 2993 :
3128 2939 3298 2994 Tanto
3316 2954 3423 2992 me-

421 3031 574 3121 δσον
600 3031 1031 3137 διαςρορώτῖερον
1075 3031 1211 3130 παρ’
1256 3031 1478 3126 αὖτοὺς
1499 3044 1504 3051 ’
1522 3031 1736 3125 κεκλή.
1767 3085 1809 3145 C

1846 3046 1948 3100 lior
1976 3042 2175 3114 angelis
2198 3041 2434 3111 eﬂ'ectus,
2458 3046 2654 3109 quanto
2692 3035 3029 3090 excellentius
3055 3049 3165 3103 prae
3193 3031 3300 3086 illis
3322 3048 3422 3085 nu-

1999 3137 2011 3145 .
2287 3135 2322 3145 ..
2385 3130 2480 3145 η.
2590 3130 2602 3141 .
2886 3124 3159 3145 μημηη-
3220 3123 3392 3145 ,ΗΑΛ

149 3157 499 3227 ρονόμηκεν
535 3155 744 3225 ὄνομα.
779 3155 901 3207 Τίνι
930 3152 1041 3222 γὰρ
1064 3147 1194 3206 εἶπέ
1227 3162 1373 3203 ποτε
1413 3147 1532 3201 τῶν
1568 3145 1741 3217 ἀγγέ-

156 3252 321 3304 λωνο
357 3246 555 3302 Κάθου
580 3247 651 3300 ἐκ
685 3244 899 3309 δεξιῶν
916 3261 1036 3314 μου
1052 3259 1072 3308 ;
1097 3243 1171 3296 Οὐ
1196 3241 1411 3303 πάντως
1459 3240 1488 3291 6
1516 3237 1743 3309 ποιητὴς

157 3338 276 3392 τῶν
336 3335 584 3406 ἀγγέλων
634 3334 807 3403 Λόγος
840 3332 1103 3405 κρείττων
1156 3331 1397 3401 γέγονεν,
1434 3328 1510 3391 ὡς
1565 3328 1743 3397 ἥττων

159 3430 242 3485 ὢν
271 3427 382 3500 (19)
403 3445 417 3459 ’
448 3426 585 3481 ἀλλὰ
615 3425 712 3498 τὴν
743 3427 802 3478 ἐν
847 3423 995 3494 αὺτῷ
1033 3422 1388 3477 ἁνατείλασαν
1421 3418 1513 3472 τοῦ
1557 3416 1744 3470 δούλου

160 3519 386 3593 μορφὴν
415 3516 723 3591 ⁵κρείττονα
776 3515 884 3571 τῶν
931 3513 1196 3583 ἀγγέλων,
1229 3512 1263 3585 ἢ
1294 3511 1390 3565 καὶ⁹
1421 3509 1603 3581 πάσης
1647 3508 1747 3579 τῆς

162 3612 400 3674 κτίσεως
436 3608 879 3679 ἐπιδειξάμενος*
934 3605 1253 3677 ἐπειδήπερ,
1311 3601 1472 3657 εἰκὼν
1524 3600 1599 3654 ὢν
1652 3598 1744 3652 τοῦ

164 3697 307 3753 Θεοῦ
360 3697 454 3751 τοῦ
492 3697 745 3769 ἀοράτου,
784 3696 877 3750 καὶ
911 3694 1252 3768 πρωτότοκος
1282 3694 1462 3762 πάσης
1499 3692 1596 3762 τῆς
1628 3690 1747 3744 κτί-

166 3808 312 3854 σεως
359 3790 580 3859 γέγονεν
605 3827 620 3853 ,
654 3789 729 3852 ὡς
775 3787 1083 3858 γέγραπται
1131 3785 1226 3841 καὶ
1255 3787 1313 3839 ἐν
1360 3783 1708 3852 Εὐαγγελίοις
1731 3798 1746 3813 ο

166 3883 325 3948 Ἕως
357 3876 430 3936 οὗ
464 3879 631 3935 ἔτεκε
663 3879 772 3934 τὸν
809 3880 945 3932 Υιόν
971 3877 1162 3947 αὐτῆς
1206 3876 1314 3931 τὸν
1353 3875 1747 3943 πρωτότοκον.

167 3974 267 4027 Διὸ
299 3976 394 4027 καὶ
425 3975 483 4026 ἐν
510 3971 660 4044 αὐτῷ
684 3971 906 4042 ἐκτίσθη
931 3970 1001 4024 τὰ
1034 3969 1240 4032 πάντα,
1287 3968 1381 4021 καὶ
1414 3970 1471 4020 ἐν
1498 3965 1644 4036 αὐτῷ
1691 3965 1752 4019 τὸ

168 4064 349 4129 πάθος
369 4065 580 4133 γέγονε,
611 4066 707 4117 καὶ
729 4063 889 4127 αὐτός
918 4065 1064 4115 ἐστιν
1086 4064 1115 4114 6
1143 4060 1510 4131 ἐλευθερωτὴς
1530 4057 1620 4111 τοῦ
1649 4057 1755 4111 πά-

168 4158 301 4223 θους
328 4158 424 4211 καὶ
446 4156 541 4211 τοῦ
571 4156 824 4219 θανάτου,
850 4156 945 4210 καὶ
964 4155 1031 4209 δι’
1055 4153 1220 4208 αὐτοῦ
1239 4153 1307 4207 τὰ
1335 4153 1512 4207 πάντα
1538 4153 1751 4220 γέγονε,

170 4249 273 4304 κα)⁵
304 4249 467 4312 αὐτός
494 4249 640 4302 ἐστιν
670 4250 704 4319 ἡ
729 4247 940 4317 κεφαλὴ
977 4244 1072 4299 τοῦ
1104 4243 1356 4315 σώματος
1386 4244 1487 4315 τῆς
1530 4242 1755 4315 Ἐκκλη-

171 4342 321 4406 σίας,
360 4340 419 4403 ὅς
452 4341 568 4393 ἐστι
598 4340 939 4412 πρωτότοκος
965 4339 1032 4392 ἐκ
1059 4338 1302 4410 νεκρῶν,
1337 4338 1440 4391 ἵνα
1485 4335 1749 4408 γένηται,

170 4433 365 4505 φησιν,
394 4433 465 4487 ἐν
501 4431 690 4488 πᾶσιν
721 4431 903 4497 αὐτὸς
930 4431 1253 4499 πρωτεύων.

250 4524 337 4579 16.
361 4524 485 4588 Πῶς
506 4520 600 4579 οῦν
629 4524 721 4578 τὸν
744 4523 1073 4595 δημιουργὸν
1109 4522 1216 4576 τῶν
1262 4519 1494 4591 λογικῶν
1535 4519 1749 4589 φύσεων

174 4617 351 4687 Λόγον
378 4618 586 4687 λέγετε,
623 4617 802 4690 σάρκα
835 4615 1013 4687 ἐαυτῷ
1050 4616 1486 4687 συγκεράσαντα,
1536 4610 1753 4679 λογικὸν

173 4709 460 4781 ἄνθρωπον
488 4710 799 4780 γεγονέναι;
850 4709 946 4763 καὶ
976 4708 1094 4771 πῶς
1125 4692 1393 4780 ἄτρεπτος
1448 4706 1543 4760 καὶ
1589 4704 1754 4760 ἀναλ-

250 4851 293 4884 ³¹
332 4851 479 4907 Psal.
506 4867 619 4917 cxx,
656 4851 710 4906 1.
787 4851 831 4883 ³³
869 4849 1027 4905 Joan.
1064 4864 1197 4913 xvn,
1227 4847 1279 4902 5.
1374 4847 1419 4878 ³³
1451 4843 1609 4901 Joan.
1647 4860 1749 4911 xu,
1774 4845 1815 4900 2‘

1853 4887 1867 4900 .
1945 4845 1991 4878 “
2031 4843 2195 4899 Hebr.
2237 4859 2276 4910 I,
2306 4843 2361 4905 4,
2397 4842 2450 4897 5.

177 4936 222 4989 ι,
254 4923 342 4978 18.

256 5012 366 5083 (15)
407 5012 530 5083 Seg.
564 5012 850 5081 Anglican.
881 5010 1198 5083 et_Felckm.
1235 5008 1286 5073 1,
1314 5007 1471 5083 Θεοῦ.
1499 5006 1646 5083 Editi
1667 5022 1753 5061 ve-

182 5076 426 5155 ro,'et'c.,
460 5076 713 5155 Χριστοῦ.
748 5083 887 5136 Intra
919 5081 1303 5155 Segtierian_tts,
1336 5089 1397 5155 ut
1422 5077 1569 5155 legit
1603 5076 1751 5155 {{an:

185 5147 834 5226 ιιὶιιε,γπρδς’ᾰνθρωπον,
859 5161 915 5207 et
939 5147 1015 5206 ita
1038 5151 1324 5222 legendum
1351 5148 1579 5203 videtur.
1615 5147 1753 5201 Editi

182 5232 239 5279 et
269 5225 382 5296 alii,
412 5224 548 5296 πρὸς
578 5224 731 5296 Θεόν.

260 5294 369 5364 (14)
412 5287 560 5347 Οὔτε
576 5295 614 5363 ἠ
626 5295 915 5361 νέκρωσις
932 5290 1146 5360 κάὶιτοῦ
1160 5289 1496 5364 πνεύματος
1519 5287 1754 5364 ἀετοχώ-

179 5360 362 5432 ρηο-ιῤ
393 5365 540 5419 Θεοῦ
572 5360 691 5419 άπὸ
717 5360 1012 5433 ὀώματος,
1055 5372 1160 5416 etc.
1196 5362 1286 5415 Sic
1308 5362 1432 5426 Seg.
1462 5360 1750 5429 Anglican.

185 5432 405 5487 Gobler.
432 5446 485 5489 et
517 5435 751 5489 Fclckm.
791 5437 841 5488 1.
886 5434 1025 5486 Editi
1059 5447 1203 5493 vero,
1235 5429 1354 5483 οὔτε
1405 5431 1436 5499 ἡ
1488 5429 1757 5499 νέκρωσις

190 5446 405 5487 lioDIt-r.
432 5446 485 5489 et
517 5446 751 5489 Fclckm.
791 5446 841 5488 1.
886 5446 1025 5486 mnu
1059 5447 1203 5493 vero,
1235 5446 1354 5483 ουτε
1405 5446 1436 5499 η
1488 5446 1755 5500 νεκρωσις

190 5503 536 5577 ἀποχωρησις
581 5504 738 5570 Θεοῦ,
777 5505 810 5573 ἢ
858 5503 986 5569 ἀπό,
1019 5513 1126 5558 etc.
1172 5500 1489 5556 Basiliensis
1534 5501 1755 5563 ibidem,

189 5571 542 5645 ἁποῇζώρισις.

221 5712 234 5725 ,
265 5638 648 5725 (ἱξὶγιιςιίδεε.
680 5644 887 5725 Anglic.
926 5643 1098 5725 (inhi:
1114 5652 1166 5695 et
1199 5640 1436 5725 Fclckm.
1475 5641 1524 5694 1.
1557 5640 1615 5695 ln
1644 5638 1760 5694 edi-

192 5712 342 5768 tis‘et
368 5720 578 5772 caeteris
602 5712 1017 5786 manuscriptis,
1043 5712 1214 5775 οὕτως
1242 5713 1410 5767 deest.

1778 4440 1833 4500 Β

1843 3153 1960 3191 men
1989 3135 2345 3190 hcereditavit.
2380 3130 2480 3185 Cui
2518 3130 2656 3182 enim
2694 3122 2830 3181 didit
2873 3124 3163 3195 aliquando
3211 3123 3427 3194 angelo-

1843 3246 1964 3284 rum
1990 3243 2010 3281 :
2063 3225 2194 3281 Sede
2239 3243 2272 3279 a
2308 3224 2511 3278 dextris
2546 3223 2674 3275 meis
2699 3220 2784 3272 “?
2812 3217 2922 3274 Nec
2951 3234 3083 3274 sane
3105 3218 3422 3288 angelorum

1845 3317 2027 3390 opifex
2058 3315 2320 3379 Verbum,
2384 3314 2580 3368 melius
2606 3311 2809 3366 factum
2833 3319 2939 3375 est,
2987 3310 3143 3380 quasi
3194 3308 3425 3363 inferius

1845 3422 1972 3466 ante
2001 3409 2195 3465 fuisset
2226 3425 2239 3461 :
2273 3406 2368 3462 sed
2403 3406 2457 3459 in
2495 3419 2554 3460 se
2590 3413 2767 3458 ortam
2801 3403 2944 3458 servi
2984 3401 3217 3456 formam
3253 3417 3424 3469 ange-

1846 3504 1938 3568 lis,
1971 3503 2063 3558 sed
2090 3502 2294 3571 potius,
2329 3498 2481 3554 omni
2518 3506 2770 3552 creatura
2803 3494 3239 3566 praestantiorem
3264 3494 3425 3548 exhi-

1848 3593 1968 3649 buit
1998 3612 2012 3648 :
2044 3589 2484 3662 quandoquidem
2513 3603 2638 3642 cum
2673 3588 2856 3656 imago
2889 3595 3035 3641 esset
3053 3584 3148 3639 Dei
3180 3585 3427 3640 invisibi-

1847 3683 1939 3749 lis,
1976 3680 2377 3752 primOgenitus
2424 3680 2607 3733 omnis
2658 3684 2923 3732 creaturae
2955 3675 3160 3732 factum
3216 3683 3338 3740 est,
3368 3683 3430 3729 ut

1849 3776 2111 3845 scriptum
2142 3772 2307 3843 760
2330 3780 2413 3826 est
2438 3770 2492 3824 in
2523 3768 2830 3839 Evangeliis
2857 3784 2872 3820 :
2909 3769 3081 3822 Donec
3106 3769 3303 3836 peperit
3329 3765 3430 3820 Fi-

1852 3867 1984 3921 lium
2012 3879 2165 3919 suum
2185 3861 2593 3934 primogenitum
2618 3859 2683 3913 ³⁸.
2713 3858 2838 3913 Ideo
2865 3859 2919 3912 in
2947 3858 3065 3927 ipso
3091 3866 3273 3912 creata
3300 3865 3430 3911 sunt

1852 3958 2056 4019 omnia,
2086 3955 2143 4010 in
2167 3954 2285 4025 ipso
2334 3952 2520 4023 passio
2571 3952 2750 4006 locum
2808 3950 3043 4004 habuit:
3095 3949 3319 4018 ipseque
3344 3958 3431 4001 est

1853 4049 1947 4121 qui
1975 4064 2005 4103 a
2033 4046 2289 4119 passione
2318 4054 2372 4099 et
2395 4052 2572 4100 morte
2602 4043 2818 4098 liberat.
2869 4040 3064 4095 Omnia
3119 4055 3215 4110 per
3246 4041 3426 4109 ipsum

1854 4139 1995 4196 facta
2029 4148 2177 4205 sunt,
2203 4145 2258 4194 et
2283 4137 2399 4205 ipse
2426 4145 2511 4192 est
2543 4145 2708 4205 caput
2735 4135 2987 4205 corporis
3015 4132 3291 4198 Ecclesiae,
3331 4132 3429 4202 qui

1854 4238 1938 4287 est
1968 4229 2365 4302 pritnogenitus
2396 4244 2464 4284 ex
2485 4227 2737 4293 mbrtuis,
2759 4238 2819 4282 ut
2846 4227 2914 4280 sil
2945 4227 3001 4279 in
3029 4224 3272 4279 omnibus
3294 4265 3311 4291 ,
3346 4224 3431 4279 in—

1854 4323 1993 4395 quit,
2026 4324 2136 4394 ipse
2156 4324 2444 4394 primatum
2470 4329 2648 4376 tenens
2679 4319 2748 4378 ³⁸.

1930 4523 2018 4579 16.
2052 4522 2164 4578 Cur
2186 4522 2368 4593 itaque
2390 4522 2737 4577 rationalium
2779 4530 3096 4575 naturarum
3131 4528 3431 4576 creatorem

1860 4613 2119 4676 Verbum,
2153 4614 2332 4668 dicitis
2358 4627 2576 4668 carnem
2625 4613 2726 4667 sibi
2777 4613 2878 4681 ipsi
2908 4611 3345 4677 commiscnisse,
3376 4621 3433 4664 et

1861 4707 2183 4763 rationalem
2237 4707 2516 4762 hominem
2569 4703 2772 4761 factum
2830 4704 2992 4760 esse?
3045 4713 3101 4760 et
3156 4705 3434 4774 quomodo

2556 4841 2600 4874 ³⁵
2638 4841 2828 4895 Matth.
2866 4856 2905 4904 ι,
2938 4842 3032 4896 9.5.
3134 4839 3180 4871 ³⁸
3217 4840 3432 4901 Coloss.

1931 5006 2042 5076 (16)
2083 5005 2470 5076 chucrianus,
2495 5005 2799 5059 ἀνίσταται.

1932 5071 2043 5147 (17)
2085 5071 2182 5130 1ιεῖ
2206 5076 2430 5146 διιευθν.
2462 5076 2745 5147 Anglican».
2781 5073 2998 5147 Golilcr.
3031 5082 3089 5147 et
3116 5071 3351 5147 Felckm.
3382 5073 3434 5128 1.

1860 5141 2000 5201 Editi
2028 5141 2100 5201 ἐι
2146 5141 2323 5201 ozctci‘i
2374 5141 2756 5214 mzinitsCI-ipti,
2786 5144 2872 5195 ἵνα
2903 5143 2963 5195 τὸ
2999 5143 3092 5194 τοῦ
3145 5141 3437 5214 ἀνθρώπου

1861 5218 2078 5286 ἀξίωμα
2105 5216 2350 5286 πιστωθῇ

1933 5268 2240 5359 (111)(ἶοιιι.
2278 5268 2596 5339 υίίῗοιριεηι.
2630 5284 2680 5347 1,
2723 5282 2998 5359 τοσοῦτον.
3041 5282 3431 5359 Μοχ-ξοςιιθη.

1862 5353 1986 5413 cuin
2004 5356 2194 5413 Graeco
2214 5359 2506 5424 Scriptura:
2533 5364 2699 5416 textu,
2720 5355 2829 5425 ὅσῳ
2854 5353 3102 5425 (δοςιιεικ
3129 5354 3296 5415 addit,
3322 5353 3440 5425 καί)

1862 5427 2277 5499 διαφορώτερον.
2297 5421 2473 5499 Editi,
2502 5421 3065 5499 650v6tazpo'ptbjcspov.

1936 5492 2046 5569 (19)
2088 5492 2475 5569 Seguerianus,
2525 5492 2818 5569 κρείττων⁷
2837 5492 3081 5569 γέγονεν,
3135 5492 3211 5556 ὡς
3260 5493 3443 5569 ἥττων

1864 5563 1960 5631 ὧν,
1989 5563 2041 5622 et
2090 5563 2184 5622 sic'
2229 5568 2356 5636 legit
2405 5563 2667 5621 Nannius.
2715 5565 2877 5630 Editi,
2905 5564 3171 5636 κρείττων
3203 5563 3443 5633 γεγονὼς

1866 5641 2124 5711 ἡττόνων,
2158 5642 2434 5693 mendose.
