3810 6228
123 329 268 388 H31

981 327 1259 386 CONTRA
1294 321 1805 384 APOLLINARIUM
1838 309 2043 383 LIBER
2095 306 2471 416 sncuunﬁs.

3217 332 3354 411 “se

172 420 288 505 '17.
327 451 387 504 se
416 450 475 504 δὲ
504 448 675 503 ταῦτα
698 450 729 501 ὁ
757 447 926 516 Λόγος
957 446 1212 513 πέπονθε,
1241 449 1333 502 και
1367 447 1469 499 ποῦ
1497 445 1608 518 (es)
1631 442 1690 497 τι

1870 443 1954 497 l7.
1990 444 2142 511 Quod
2173 444 2220 499 si
2255 446 2369 502 haec
2398 446 2511 517 ipsa
2538 444 3074 515 Verbumsustinuit,
3110 452 3353 520 ubinam,

117 543 398 612 ἄτρεπτον
435 539 531 593 καὶ
560 536 911 593 ἀναλλοίωτον
941 536 1034 590 τοῦ
1076 538 1279 606 Δόγου;
1328 536 1451 600 Πῶς
1498 536 1554 589 δέ
1601 534 1695 588 καὶ

118 631 606 705 ἀπαρακαλύπτως
633 629 818 699 ὀφθεὶς
841 632 869 683 6
905 629 1075 698 Λόγος
1103 631 1160 683 ἐν
1187 628 1265 700 τῷ
1296 629 1396 700 ᾄδῃ
1442 626 1697 697 ἐνομίσθη

119 727 179 778 ἐν
210 723 299 795 τῷ
333 724 545 793 θανάτῳ
591 722 666 785 ὡς
700 721 1009 794 ἀνθρωπος;
1035 720 1159 783 Πῶς
1188 721 1244 775 δὲ
1272 721 1367 774 καὶ
1412 723 1524 783 τοῖς
1569 720 1701 771 Ἰου-

118 815 298 877 δαίοις
324 814 508 882 ἔλεγεν
525 813 554 865 6
580 811 781 882 Κύριος
800 829 813 842 ⁸
864 811 1003 880 Ἐγὼ
1018 811 1196 882 ἐγερῶ
1211 810 1417 875 αὐτὸν,
1445 810 1538 862 καὶ
1553 808 1694 877 οὐχ),

131 906 282 975 Ἐγὼ
312 906 370 972 ἐξ
402 905 528 977 ᾅδου
556 905 846 974 ἀνίσταμαι
872 921 886 967 ;
920 905 983 957 El
1005 903 1114 975 γάρ
1140 906 1168 957 6
1193 902 1383 970 Λόγος,
1408 903 1466 954 ἐν
1485 901 1698 970 θανάτῳ

119 997 390 1067 γεγονὼς,
422 996 610 1066 χρείαν
661 990 775 1065 εἶχε
806 994 915 1064 (‘29)
951 993 1047 1047 τοῦ
1091 994 1391 1063 ἐγείροντος
1430 991 1592 1044 αὐτὸν
1634 992 1698 1042 ἐκ

121 1087 386 1151 θανάτου,
419 1087 518 1141 οὐκ
544 1086 708 1139 αὐτοῦ
738 1085 890 1139 ἔσται
918 1088 951 1156 ἡ
987 1085 1133 1154 νίκη,
1163 1082 1297 1137 ἀλλὰ
1325 1081 1419 1135 τοῦ
1463 1082 1699 1151 ἐγείρον-

118 1197 214 1245 τος
243 1180 435 1235 αὐτόν.
469 1178 592 1242 Πῶς
614 1178 672 1231 δὲ
695 1177 789 1231 καὶ
811 1177 899 1230 διὰ
913 1175 1022 1231 τῶν
1048 1174 1342 1246 προφητῶν
1365 1172 1700 1245 προεσημαί-

119 1286 246 1325 νετο
290 1270 422 1338 περὶ
464 1267 564 1337 τῆς
602 1266 777 1337 ψυχῆς
813 1266 1016 1329 αὐτοῦς
1046 1265 1170 1328 Πῶς
1203 1264 1392 1337 παρὼν
1426 1267 1455 1317 6
1496 1262 1699 1336 Κύριος

122 1359 280 1428 ἔλεγε
316 1356 538 1429 πληρῶν
567 1357 665 1425 τὴν
693 1354 1020 1424 ἐπαγγελίαν
1040 1371 1053 1385 ο
1090 1354 1208 1422 Τὴν
1234 1353 1446 1423 ψυχήν
1464 1371 1584 1423 μου
1609 1353 1695 1406 τί·

121 1454 264 1520 θημι
291 1448 447 1517 ὑπὲρ
478 1446 595 1502 τῶν
616 1446 922 1515 προϐάτων
942 1445 1058 1500 τῶν
1083 1443 1242 1514 ἐμῶν
1255 1462 1275 1510 ;
1305 1446 1494 1516 ἥντινα
1519 1444 1697 1515 ψυχὴν

122 1541 344 1611 πνεῦμα
387 1535 550 1594 οὖσαν
605 1538 792 1608 σαφῶς
841 1540 895 1591 αἱ
923 1537 1076 1605 ἅγιαι
1102 1537 1315 1609 Γραφα)⁸
1353 1538 1691 1592 διδάσκουσι·

120 1634 218 1687 κα)⁸
243 1635 274 1685 ὁ
312 1630 518 1701 Κύριος
546 1630 604 1683 δὲ
624 1628 859 1702 εἰρηκώς
879 1643 893 1658 ’
935 1629 1009 1681 Τὸ
1042 1630 1139 1700 μὲν
1171 1629 1329 1700 σῶμα
1357 1630 1462 1683 ὑπὸ
1489 1628 1697 1700 ἀνθρώ-

122 1741 241 1776 πων
293 1721 768 1792 ἀποκτεινόμενον,
819 1725 918 1790 τὴν
948 1720 1003 1773 δὲ
1038 1720 1212 1792 ψυχὴν
1263 1720 1339 1793 μὴ
1383 1721 1696 1791 δυναμένων

1802 550 2007 603 quaeso,
2041 535 2203 592 Verbi
2257 538 2685 605 immutabilitas,
2735 548 2790 594 et
2839 537 3277 601 invariahilitas?
3294 545 3362 602 Et

1801 625 2073 693 quomodo
2100 625 2335 683 Verbum
2371 629 2546 698 palam
2572 631 2625 684 in
2649 630 2861 687 inferno
2881 633 3083 700 visum,
3102 635 3155 690 in
3184 647 3363 694 morte

1800 732 1899 771 sua
1933 718 2095 772 homo
2123 728 2428 789 reputatum
2454 721 2584 778 est?
2618 721 2731 777 Cur
2758 720 2960 781 ludatis
3009 725 3227 784 dicebat
3256 728 3363 784 Do-

1800 809 1980 863 minus
2007 824 2021 859 :
2052 807 2161 879 Ego
2189 811 2454 865 suscitabo
2486 829 2606 866 eum
2646 813 2713 878 ¹⁶²,
2739 823 2794 870 et
2831 830 2940 871 non
2968 837 2982 871 :
3019 806 3134 890 Εςο
3165 834 3232 875 ex
3275 821 3362 875 ἰηπ-

1798 896 1952 953 ferno
1967 900 2225 969 resurgo?
2252 899 2310 955 Si
2335 902 2477 956 enim
2494 902 2755 968 Verbum,
2777 915 3064 977 postquam
3082 896 3362 967 mortuum

1798 1001 1901 1056 est,
1937 991 2235 1047 suscitante
2259 1008 2318 1047 se
2360 1009 2392 1047 a
2422 1000 2599 1049 morte
2629 995 2784 1067 761
2822 1012 2958 1067 opus
2994 999 3217 1065 habuit,
3249 1017 3363 1056 non

1804 1079 1963 1135 Verbi
1997 1082 2222 1136 victoria
2251 1083 2376 1147 erit,
2433 1083 2528 1139 sed
2554 1084 2674 1153 ejus
2699 1086 2792 1155 qui
2824 1085 3000 1156 ipsum
3053 1089 3358 1147 suscitavit.

1798 1170 1910 1226 Cur
1936 1181 2115 1226 autem
2140 1187 2237 1242 per
2268 1174 2559 1243 praphetas
2602 1175 2733 1230 illud
2763 1176 2829 1231 de
2861 1177 3041 1233 anima
3061 1179 3181 1249 ejus
3218 1195 3362 1248 prai-

1801 1265 2111 1320 nnntiatum
2143 1266 2266 1321 est?
2297 1265 2409 1322 Cur
2459 1267 2575 1336 ipse
2607 1265 2901 1333 Dominus,
2931 1285 3054 1326 cum
3077 1271 3192 1340 jam
3224 1288 3364 1341 pra:-

1799 1370 1925 1412 sens
1970 1357 2301 1426 promissum
2343 1358 2611 1428 impleret,
2656 1360 2835 1417 aiebat
2866 1379 2878 1414 :
2908 1362 3155 1418 Animam
3191 1379 3363 1419 meam

1797 1461 1932 1514 pono
1978 1463 2074 1516 pro
2107 1448 2286 1502 ovibus
2328 1449 2455 1503 meis
2494 1448 2578 1503 ⁸³⁸9
2610 1465 2773 1520 quam
2818 1452 3055 1507 animam
3112 1454 3365 1522 spiritum

1796 1553 1919 1594 esse
1974 1553 2143 1594 sacrae
2182 1538 2474 1609 Scripturae
2529 1550 2713 1610 aperte
2743 1541 2978 1598 docent:
3013 1553 3066 1598 et
3104 1544 3369 1602 Dominus

1797 1629 1911 1699 ipse
1939 1630 2032 1699 qui
2056 1629 2194 1685 dixit
2218 1646 2231 1681 :
2264 1630 2475 1700 Corpus
2494 1632 2710 1702 quidem
2738 1632 2808 1688 ab
2832 1634 3146 1691 hominibus
3168 1636 3365 1698 occidi.

1798 1718 1892 1788 qui
1926 1719 2164 1774 animam
2216 1731 2397 1776 tamen
2446 1739 2555 1779 non
2585 1732 2815 1794 possunt
2860 1725 3129 1791 occidere,
3165 1727 3367 1798 quippe

121 1813 466 1877 ἀποκτεῖναι,
501 1809 595 1863 ἆτε
633 1809 695 1880 δὴ
730 1810 945 1879 πνεῦμα
969 1804 1152 1862 οὖσαν.
1190 1808 1375 1875 Τούτῳ
1410 1808 1490 1880 τῷ
1531 1811 1702 1864 Πνεύ-

1806 1825 1927 1879 quae
1954 1813 2183 1882 spiritus
2216 1814 2304 1867 sit.
2341 1811 2453 1868 Hoc
2483 1813 2603 1884 ipso
2637 1814 2842 1885 Spiritu
2872 1817 3122 1873 turbatus
3162 1828 3247 1875 est
3274 1817 3366 1875 Je-

126 1921 257 1974 ματι
287 1901 565 1974 ἐταράχθη
603 1904 632 1956 6
665 1901 901 1971 Ἰησοῦςο
927 1900 1114 1955 τούτου
1164 1899 1259 1953 τοῦ
1301 1900 1613 1971 Πνεύματος
1664 1904 1699 1971 ἡ

123 1993 480 2065 ἀποχώρησις
518 1992 628 2065 (50)
655 1993 875 2061 γέγονεν
898 1993 1006 2046 ἀπὸ
1040 1992 1133 2045 τοῦ
1167 1990 1413 2063 σώματος
1468 1994 1561 2045 ἐπὶ
1602 1993 1697 2046 τοῦ

126 2083 388 2155 σταυροῦ.
426 2085 536 2138 Kal.
562 2083 732 2147 οὕτως
760 2082 1046 2155 ἐνεκροῦτο
1074 2084 1137 2136 τὸ
1177 2083 1365 2153 σῶμα,
1402 2085 1495 2137 καὶ
1534 2083 1697 2137 αὐτοῦ

125 2177 355 2245 γέγονεν
389 2177 424 2246 ἡ
444 2175 617 2241 λύσις,
640 2174 772 2229 Θεοῦ
796 2173 891 2228 τοῦ
911 2175 1086 2243 Λόγου
1115 2174 1461 2245 ἀμεταθέτως
1485 2175 1700 2246 ἔχοντος

127 2269 264 2342 πρός
289 2287 357 2325 τε
382 2269 445 2322 τὸ
466 2267 645 2339 σῶμα,
679 2267 814 2338 πρός
841 2284 901 2321 τε
922 2266 1018 2338 τὴν
1032 2266 1230 2338 ψυχὴν,
1257 2267 1392 2339 πρός
1417 2284 1478 2319 τε
1510 2267 1700 2320 ἑαυτὸν

127 2360 252 2416 ὅντα
286 2363 370 2424 είς
400 2360 493 2414 τὸν
549 2360 744 2414 κόλπον
790 2359 884 2413 τοῦ
921 2356 1132 2430 Πατρὸς
1178 2360 1290 2428 (51)
1338 2362 1396 2413 ἐν
1447 2359 1698 2425 ἐπιδείξει

129 2452 549 2525 ἀτρεπτότητος.
587 2452 674 2505 Ἐν
704 2451 761 2505 δὲ
779 2453 844 2522 τῇ
864 2452 982 2503 καθ’
1012 2452 1161 2521 ἡμᾶς
1193 2452 1456 2523 γενομένῃ
1478 2453 1534 2506 ἐν
1550 2452 1698 2521 αὐτῷ

133 2545 316 2614 μορφῇ
350 2541 440 2595 τὸν
488 2541 753 2611 ἡμέτερον
788 2540 904 2593 ἐκεῖ
927 2539 1185 2610 διέγραφε
1220 2539 1480 2594 θάνατον’
1526 2542 1612 2595 ἵνα
1641 2545 1698 2595 ἐν

130 2632 263 2705 αὐτῇ
298 2634 400 2686 καὶ
428 2632 526 2703 τὴν
552 2621 689 2703 ὑπὲρ
733 2631 889 2702 ἡμῶν
926 2632 1233 2703 ἁρμόσηται
1272 2631 1593 2698 ἀνάστασιν,
1642 2634 1701 2697 ἐξ

131 2723 252 2795 ᾅδου
278 2723 384 2794 μὲν
412 2722 509 2794 τὴν
535 2723 736 2794 ψυχὴν,
761 2724 826 2777 ἐκ
844 2723 1014 2792 τάφου
1039 2723 1097 2777 δὲ
1121 2725 1182 2777 τὸ
1216 2724 1375 2795 σῶμα
1405 2724 1701 2779 ἐπιδεικνύ-

136 2833 289 2886 μενος
310 2834 328 2848 ο
358 2817 505 2880 ὅπως
533 2818 591 2869 ἐν
623 2815 836 2888 θανάτῳ
877 2816 1158 2889 καταλύσῃ
1197 2816 1307 2887 (52)
1345 2816 1436 2871 τὸν
1474 2816 1699 2872 θάνατον

130 2910 189 2964 ἐν
232 2907 494 2972 ἐπιδείξει
536 2908 743 2979 ψυχῆς,
776 2910 833 2962 ἐν
856 2907 913 2962 δέ
940 2907 1018 2979 τῷ
1045 2909 1202 2979 τάφῳ
1252 2909 1570 2981 καταργήσῃ
1602 2909 1701 2980 τὴν

133 3000 341 3072 φθορὰν
363 3002 421 3053 ἐν
448 3001 592 3070 ταφῇ
625 2998 873 3070 σώματος
891 3014 905 3029 ·
936 2998 996 3065 ἐξ
1021 3000 1146 3070 ᾅδου
1182 2999 1275 3053 καὶ
1298 3001 1363 3053 ἐκ
1391 3000 1562 3069 τάφου
1586 2998 1701 3071 (55)

132 3092 227 3161 τὴν
254 3091 553 3146 ἀθανασίαν
581 3090 675 3145 καὶ
696 3091 795 3163 τὴν
821 3090 1126 3162 ἀφθαρσίαν
1152 3089 1608 3162 ἐπιδεικνύμενος,
1643 3093 1701 3144 ἐν

139 3186 318 3255 μορφῇ
352 3186 418 3253 τῇ
453 3183 572 3237 καθ’
596 3184 744 3254 ἡμᾶς
774 3182 870 3255 τὴν
893 3183 1165 3254 ἡμετέραν
1184 3182 1406 3246 ὁδεύσας
1436 3181 1571 3247 ὁδὸν,
1607 3184 1698 3236 καὶ

134 3275 228 3348 τὴν
253 3276 380 3329 καθ’
420 3274 577 3347 ἡμῶν
610 3276 906 3346 γενομένην
939 3274 1172 3345 κατοχὴν
1192 3274 1380 3338 λύσας.
1410 3274 1519 3327 Καὶ
1546 3273 1703 3327 τοῦτο

134 3364 200 3439 ἦν
225 3368 285 3422 τὸ
320 3368 663 3440 θαυμαστόν*
696 3367 835 3438 αῦτη
862 3367 969 3438 γὰρ
990 3367 1211 3437 γέγονεν
1240 3369 1274 3438 ἡ
1296 3366 1477 3438 χάρις.
1514 3367 1703 3437 Ὑμεῖς

136 3458 217 3523 δὲ,
259 3459 444 3530 σάρκα
491 3460 658 3530 μόνην
698 3456 1223 3530 προσομολογοῦντες
1274 3456 1407 3527 (54),
1442 3455 1566 3510 οὔτε
1601 3456 1704 3526 τῆς

138 3549 412 3621 ἁμαρτίας
438 3551 536 3623 τὴν
566 3550 886 3621 κατάκρισιν
939 3548 1108 3614 δεῖξαι
1139 3546 1388 3612 δύνασθε,
1442 3546 1565 3602 οὔτε
1608 3546 1703 3602 τοῦ

81 3690 89 3699 .
140 3640 372 3697 θανάτου
398 3643 496 3714 τὴν
512 3642 822 3708 κατάλυσιν,
850 3641 972 3697 οὔτε
994 3643 1092 3714 τῆς
1115 3639 1463 3705 ἀναστάσεως
1493 3640 1592 3711 τὴν
1612 3657 1704 3694 τε-

138 3730 377 3796 λείωσιν,
427 3732 549 3788 οὒτε
588 3733 683 3786 τοῦ
719 3733 893 3802 Λόγου
918 3733 1017 3802 τὴν
1052 3731 1425 3804 ἀτρεπτότητα
1450 3747 1465 3761 ’
1518 3730 1703 3801 ἐπειδὴ

141 3822 240 3890 ἔξω
261 3824 376 3878 τῶν
404 3825 574 3890 ἁγίων
616 3825 846 3897 Γραφῶν
893 3825 1178 3896 βεϐήκατε,
1210 3823 1493 3886 λαλοῦντες
1526 3822 1636 3894 (55)
1668 3822 1707 3876 δι

154 3916 421 3988 ’Δρειανοὶ
450 3916 776 3985 σοφίζονται,
802 3915 1034 3987 φανεροῦ
1064 3912 1215 3978 ὄντος
1240 3914 1336 3968 τοῦ
1371 3915 1498 3985 περὶ
1529 3912 1705 3984 ψυχῆς

141 4006 296 4079 λόγου
325 4010 387 4061 ἐν
410 4009 450 4061 Γ
455 4012 652 4080 ραφαίς
678 4010 880 4078 ἁγίαις,
910 4009 1004 4062 καὶ
1028 4006 1408 4079 πληρωθείσης
1431 4006 1532 4076 τῆς
1563 4007 1706 4059 οἰκο-

142 4101 333 4171 νομίας
356 4102 414 4153 ἐν
431 4100 681 4166 ἐπιδείξει
703 4101 881 4171 πάσης
916 4097 1244 4170 πληρώσεώς
1280 4113 1339 4149 τε
1367 4096 1462 4148 καὶ
1492 4095 1706 4149 τελειῶ-

146 4210 279 4258 σεως
307 4194 445 4264 (56).
1311 4229 1320 4238 .

214 4283 300 4337 18.
357 4282 494 4335 Ἀλλ’
525 4297 574 4336 οι
599 4285 694 4353 μὲν
714 4299 822 4334 των
852 4298 1159 4353 αιρετικων,
1176 4281 1268 4334 τὸν
1295 4278 1561 4351 ὁραθέντα
1587 4280 1708 4348 ὁμο-

143 4370 445 4440 λογοῦντες.
472 4371 787 4425 ἀπιστοῦσιν
831 4370 995 4426 αὐτοῦ
1020 4373 1085 4440 τῇ
1119 4369 1331 4441 θεότητι
1357 4383 1371 4398 ·
1421 4370 1471 4422 οἱ
1496 4369 1554 4422 δὲ
1579 4371 1707 4439 ὁμο-

1800 1918 1931 1957 sus:
1967 1902 2130 1971 hujus
2182 1903 2417 1972 Spiritus
2465 1905 2726 1962 discessio
2775 1921 2806 1961 a
2836 1923 3062 1977 corpore
3095 1910 3149 1963 in
3203 1926 3367 1977 cruce

1799 1991 1941 2047 facta
1981 2002 2083 2048 est.
2136 1994 2202 2049 Et
2253 1996 2334 2052 sic
2356 1996 2684 2053 exstinctum
2716 2009 2801 2054 est
2832 2014 3053 2069 corpus,
3099 2009 3263 2071 atque
3289 2002 3365 2058 ita

1798 2083 2023 2153 contigit
2045 2084 2351 2152 dissolutio,
2390 2086 2498 2145 Deo
2530 2086 2701 2144 Verbo
2724 2088 3010 2146 immutata
3025 2102 3361 2157 remanente,

1799 2181 1909 2228 tam
1940 2173 1995 2228 in
2048 2190 2297 2244 corpore,
2331 2192 2496 2248 quam
2530 2174 2819 2246 in’anima,
2862 2188 3028 2251 atque
3069 2182 3127 2237 in
3157 2184 3360 2254 seipso,

1798 2265 1892 2334 qui
1925 2265 1978 2319 in
2013 2266 2138 2322 sinu
2164 2266 2340 2323 Patris
2368 2270 2683 2334 exsistebat,
2708 2271 2777 2326 ad
2801 2274 3077 2341 specimen
3106 2275 3365 2331 immuta-

1798 2352 2043 2412 bililatis.
2080 2356 2149 2411 Et
2184 2360 2236 2413 in
2267 2375 2366 2414 sua
2411 2360 2477 2416 ad
2508 2362 2679 2416 nostri
2714 2363 3130 2420 similitudinem
3160 2365 3363 2434 forma,

1798 2455 2043 2502 nostram
2071 2447 2182 2503 illic
2210 2449 2501 2520 descripsit
2532 2461 2799 2520 mortem;
2826 2462 2885 2509 ut
2909 2455 2966 2509 in
2996 2455 3089 2510 illa
3117 2466 3368 2515 resurre-

1798 2540 2032 2595 ctionem
2060 2555 2161 2611 pro
2191 2541 2350 2597 nobis
2388 2544 2779 2611 concinnaret,
2813 2561 2879 2602 ex
2902 2546 3116 2604 inferno
3140 2549 3365 2620 quidem

1799 2632 2059 2699 animam,
2083 2648 2151 2688 ex
2182 2635 2433 2704 sepulcro
2456 2644 2637 2692 autem
2665 2652 2866 2708 corpus
2886 2639 3190 2697 reducens:
3222 2650 3282 2697 ut
3306 2643 3363 2698 in

1800 2729 1974 2777 morte
2004 2737 2100 2791 per
2130 2722 2519 2780 exhibitionem
2541 2726 2738 2783 anima:
2757 2734 2987 2783 mortem
3016 2727 3321 2787 destrueret
3343 2768 3366 2794 .

1802 2811 1856 2867 in
1885 2812 2137 2882 sepulcro
2175 2827 2273 2883 per
2306 2814 2642 2883 sepulturam
2685 2816 2930 2885 corporis
2960 2817 3368 2889 corruptionem

1801 2902 2070 2968 aboleret,
2105 2905 2294 2974 sicque
2323 2919 2390 2960 ex
2411 2903 2624 2961 inferno
2645 2913 2702 2961 et
2750 2921 2817 2961 ex
2852 2906 3102 2976 sepulcro
3141 2909 3372 2967 immor-

1802 2994 2065 3049 talitatem
2091 3003 2147 3050 et
2194 2996 2758 3066 incorruptibilitatem
2799 3000 3113 3065 exhiberet,
3154 3015 3277 3057 cum
3310 3002 3371 3056 in

1804 3084 1976 3140 forma
2001 3086 2161 3142 nobis
2176 3088 2449 3144 consimili
2471 3098 2713 3145 nostram
2738 3091 2878 3145 viam
2913 3106 3172 3148 emensus
3198 3100 3366 3160 esset,

1803 3185 2155 3247 nostramque
2190 3177 2555 3234 detentionem
2584 3180 2852 3236 solvisset.
2895 3180 3052 3247 Quod
3099 3197 3234 3239 sane
3271 3184 3370 3239 ad-

1803 3267 2091 3323 miratione
2119 3267 2343 3338 dignum
2386 3270 2593 3327 exstitit
2624 3290 2637 3325 :
2663 3286 2792 3326 nam
2821 3272 2876 3326 in
2919 3271 3025 3328 hoc
3060 3273 3235 3343 gratia
3262 3274 3371 3331 sita

1803 3357 1927 3413 fuit.
1962 3357 2072 3415 Vos
2104 3374 2233 3413 vero
2259 3360 2388 3414 dum
2421 3376 2641 3416 carnem
2670 3362 2842 3416 solam
2872 3363 3226 3432 conﬁtemini,
3266 3381 3368 3421 ne—

1803 3465 1909 3520 que
1934 3451 2142 3521 peccati
2170 3452 2596 3517 damnationem,
2631 3468 2808 3524 neque
2828 3456 3023 3511 mortis
3047 3455 3368 3514 dissolutio-

1806 3560 1950 3609 nem,
1972 3530 2160 3614 ‘neque
2188 3545 2601 3602 resurrectionis
2621 3548 3167 3613 consummationem,
3191 3563 3371 3620 neque

1809 3636 1966 3692 Verbi
2022 3636 2515 3691 immutabilitatem
2584 3637 2960 3693 demonstrare
3025 3639 3217 3697 valetis
3233 3664 3262 3707 ,ι
3299 3656 3368 3696 eo

1804 3728 1948 3796 quod
1977 3738 2134 3783 extra
2161 3743 2347 3785 sacras
2369 3728 2680 3798 Scripturas
2703 3731 3028 3802 evagamini,
3056 3747 3121 3788 ea
3140 3732 3370 3804 loquen-

1809 3829 1888 3875 tes
1920 3834 2041 3888 qua
2068 3820 2259 3876 Ariani
2290 3820 2613 3877 cavillantur
2643 3840 2657 3876 :
2696 3838 2821 3879 cum
2862 3831 3043 3880 tamen
3070 3826 3138 3881 de
3182 3826 3367 3881 anima

1806 3920 1990 3981 aperte
2010 3912 2066 3966 in
2085 3913 2256 3969 sacris
2279 3911 2575 3983 Scripturis
2597 3929 2780 3970 sermo
2801 3916 3063 3971 habeatur
3096 3932 3109 3968 :
3150 3925 3205 3972 et
3222 3932 3368 3973 uaco-

1806 4004 1990 4059 nomia
2017 4015 2398 4060 consummata
2431 4005 2521 4071 sit,
2552 4006 2808 4063 exhibitis
2834 4006 3093 4064 omnibus
3116 4020 3369 4065 consum.

1806 4096 2065 4152 mationis
2094 4095 2333 4174 indiciis.

1878 4275 1965 4331 18.
2019 4274 2191 4332 Porro
2235 4277 2609 4331 naereticorum
2655 4276 2767 4340 alii,
2811 4292 2943 4332 eum
2969 4278 3062 4347 qui
3094 4279 3249 4336 visus
3286 4287 3373 4336 es:

1807 4367 2146 4432 conﬁtentes,
2174 4368 2292 4437 ejus
2318 4367 2588 4422 divinitati
2617 4383 2726 4422 non
2771 4368 3001 4423 credunt
3031 4385 3044 4420 :
3096 4370 3189 4425 alii
3236 4386 3370 4425 vero

144 4462 424 4533 λογοῦντες
443 4463 595 4526 Θεὸν,
611 4462 896 4535 ἀρνοῦνται
922 4461 1084 4516 αὐτοῦ
1110 4465 1209 4533 τῆς
1240 4462 1442 4532 σαρκὸς
1468 4460 1566 4532 τὴν
1583 4460 1704 4529 γέν-

1807 4458 1901 4528 qui
1948 4456 2119 4512 Deum
2173 4459 2537 4523 conﬁtentur,
2574 4458 2755 4513 carnis
2797 4458 2917 4526 ejus
2965 4461 3369 4530 generationem

214 4582 259 4612 ’δ’
295 4577 457 4633 Joan.
484 4594 558 4644 vr,
590 4577 679 4631 40.
776 4576 823 4608 ⁸³
859 4574 1017 4630 Joan.
1050 4591 1082 4628 κ
1104 4614 1118 4638 ,
1151 4573 1239 4626 45.

234 4740 327 4809 28)
369 4737 518 4807 Seg.,
545 4739 640 4792 zeal.
666 4739 792 4793 ποῦ.
819 4737 874 4791 In
904 4735 1072 4809 editis
1086 4736 1181 4809 καί
1213 4736 1382 4809 deest.

234 4741 327 4809 28)
369 4741 518 4807 Seg.,
545 4741 640 4792 καὶ
666 4741 792 4793 ποῦ.
819 4741 874 4791 In
904 4741 1072 4792 editis
1086 4741 1181 4790 καί
1213 4741 1382 4789 deest.

213 4741 326 4879 $29)
367 4810 517 4879 Seg..
550 4809 692 4931 εἶχε..
713 4808 934 4890 .Ibidem
974 4804 1098 4886 Seg.
1130 4805 1285 4860 Gobl.
1307 4804 1555 4912 .l’t‘elckm;
1592 4803 1619 4856 1
1652 4811 1704 4911 et

222 4881 547 4931 ἐγείραντος.
609 4881 729 4931 ⁴ιΙιῐι
763 4890 816 4931 et
844 4886 1019 4931 caeteri
1064 4884 1436 4931 manuscrmll.
1468 4872 1675 4931 éY-ipov

146 4878 200 4943 5,
222 4872 547 4951 ἐγείραντος.
590 4872 729 4951 Editi
763 4890 816 4934 et
844 4877 1019 4951 caeteri
1050 4872 1703 4951 'manuscriptiLéysipov-

60 4990 67 4999 κ
145 4944 512 5013 τος.Ἰιὶἰάθηι,
567 4948 728 5002 αὐτόν
760 4951 911 5004 deest
955 4947 1008 4999 in
1060 4945 1376 5013 Anglicano.
1415 4944 1539 4998 Mox
1575 4944 1697 5010 Seg.

148 5012 303 5075 Gobl.
336 5029 391 5075 et
419 5017 662 5091 Felckm.
697 5018 749 5091 1,
776 5017 1123 5091 προεσήμανε
1152 5012 1245 5069 ίτό.
1484 5027 1615 5091 vero
1627 5020 1702 5090 ‘et

148 5091 325 5167 cgeteri
390 5089 767 5167 manuscl'ipti,
814 5084 1263 5167 προεσήμαρετο..
1311 5084 1488 5167 dubia“
1520 5084 1697 5167 lectio.

149 5158 591 5239 Mox-Anglican.
608 5153 829 5239 Se'guer.
858 5153 1017 5239 Gobl.
1030 5153 1092 5210 et
1114 5153 1430 5239 Fcis-kind:
1463 5154 1600 5223 ὅπερ

148 5230 354 5304 παρῴν.
374 5229 636 5304 _Uhi_editi
668 5224 720 5304 et
747 5228 927 5304 caeteri
952 5225 1328 5304 manuscripti,
1346 5224 1470 5287 Πῶς
1490 5224 1700 5304 (raptim.

217 5293 327 5369 (50)
368 5301 530 5354 Basil.
553 5340 568 5364 ,
609 5302 642 5370 ἡ
674 5298 1025 5391 ὰποχώρισις.
1058 5293 1201 5348 Infra
1230 5293 1453 5379 Seguer:
1490 5293 1702 5362 Anglic.

148 5366 436 5443 Gobler._el
476 5368 671 5443 Felek.
693 5372 717 5424 1
743 5411 758 5435 ,
796 5386 891 5423 και
912 5383 1055 5443 αῦτη
1084 5364 1306 5443 γέγονεν
1333 5364 1545 5443 πλύσις
1579 5361 1707 5443 (δεῖ

148 5454 322 5521 gnen,
357 5440 677 5511 λῦσις).Αιὶἰ
710 5433 833 5495 cum
862 5433 1059 5500 editis,
1094 5436 1188 5487 καὶ
1226 5433 1388 5488 αὑτοῦ
1418 5434 1637 5503 γέγονεν
1671 5433 1705 5501 ἡ

150 5522 327 5654 fug?)
350 5578 511 5654 llaec,
538 5579 671 5654 ᾃντα
688 5581 768 5643 εἰς
799 5578 898 5654 τὴν⁸
918 5576 1115 5654 κόλπον
1139 5573 1233 5626 τοῦ
1247 5564 1704 5654 ,ΙΙατρόςἏὰεεμηι

150 5646 201 5697 in
223 5641 427 5716 editis,
466 5641 559 5703 sed
589 5641 854 5704 habentur
885 5647 938 5700 in
969 5644 1192 5716 Segu‘er.
1232 5641 1440 5716 Anglic.
1483 5641 1699 5696 Gobler.

149 5724 201 5767 ct
232 5712 491 5783 Fclckﬂ;
522 5720 613 5774 sed
642 5720 696 5773 in
730 5718 938 5787 Anglic.
961 5712 1090 5769 ὄντα
1117 5716 1282 5769 deest.
1313 5712 1537 5783 Seguer.
1573 5723 1702 5765 vero

465 5812 737 5873 PATROL.
769 5809 887 5867 Gn.
916 5806 1145 5867 XXVI.

1804 4740 1859 4784 et
1887 4729 2104 4801 Gobler.
2134 4727 2384 4801 .habent,
2429 4728 2563 4801 ὄντα
2598 4727 2708 4781 καί.
2730 4727 2872 4801 ᾏΜοκ
2906 4728 3054 4801 haec,
3091 4728 3191 4801 Ἑν
3212 4729 3270 4782 δὲ
3300 4733 3375 4801 τῇ

1806 4798 1949 4863 καθ’,
1991 4797 2294 4869 auLeontio
2346 4798 2655 4869 Byzantium,
2686 4796 2985 4852 afferuntur
3033 4798 3088 4869 in
3137 4799 3279 4853 libro
3330 4796 3369 4852 ii

1804 4878 1992 4925 contra
2035 4866 2747 4939 Nestorium_ét__Eutychen
2795 4883 2921 4924 cum
2963 4868 3112 4922 nulla
3160 4869 3373 4924 discreé

1803 4938 1985 5008 pantia
2014 4955 2026 4991 :
2061 4936 2396 5008 ibidem__hi_c
2440 4936 2593 5008 liber
2614 4948 2841 5008 vocatur
2874 4940 3147 5008 secundus
3180 4947 3373 4993 contra

1803 5004 2215 5079 Apollinarium.
2258 5004 2483 5068 Ibidem,
2533 5006 3269 5079 Seguer.iAnglic.j_Gobler.
3318 5018 3374 5062 et

1803 5076 1982 5133 Félck.
2012 5080 2076 5148 1,
2108 5076 2204 5128 Ἔν
2252 5092 2311 5129 τε
2353 5078 2420 5147 τῇ
2467 5076 2628 5132 καθἾ
2646 5076 2815 5132 Paulo
2846 5076 2968 5148 post
3013 5077 3209 5143 iidem,
3257 5079 3374 5131 ἐκεῖ

1803 5148 2081 5203 διέγραψε.
2705 5197 2709 5203 .

1876 5147 2238 5289 ἆὲῗψξὸυιεν.
2262 5226 2315 5269 et
2339 5213 2534 5289 Fe_lc_k._
2555 5216 2604 5279 ι,
2638 5197 2793 5288 λύσῃ.

1876 5284 1990 5358 (55)
2028 5287 2106 5342 ita
2134 5284 2357 5357 Seguer.
2397 5284 2535 5340 Editi
2566 5301 2692 5342 vero
2711 5284 2854 5353 ,καὶ
2885 5287 3081 5356 τάφου,
3111 5302 3235 5342 cum
3270 5301 3379 5342 rma

1807 5360 2100 5413 teris-mss.

1880 5428 1991 5497 (54)
2030 5425 2247 5482 Gobler.
2270 5433 2324 5497 et
2344 5423 2534 5497 Felck.
2572 5426 2622 5492 l,
2651 5424 3053 5496 ὁμολογοῦντες.

1880 5429 1970 5497 (54
2030 5428 2247 5482 Gobler.
2270 5433 2324 5480 et
2353 5428 2534 5481 Felck.

1879 5428 1995 5565 (55)
2032 5497 2264 5565 Anglia,
2299 5494 2561 5564 λέγοντες.

1881 5563 1994 5640 (56)
2020 5569 2097 5640 Ita
2124 5563 2374 5640 segnem,
2398 5580 2560 5634 quem
2581 5566 2733 5636 sequi
2753 5566 2928 5619 visum
2951 5574 3051 5622 est.
3079 5563 3220 5622 Editi
3246 5581 3379 5623 vero

1806 5646 1861 5693 et
1892 5634 2091 5704 cmleri,
2123 5634 2471 5706 τελειότητος.

2980 5797 3055 5854 37
