3794 6226
415 334 555 396 1163

987 330 1046 387 S.
1083 329 1452 386 ATHANASII
1491 330 1642 388 OPP.
1685 330 1865 387 PARS
1903 331 1943 386 l.
1986 361 2056 372 —
2091 329 2465 387 HlSTORlCA
2498 329 2586 385 ET
2622 328 3049 387 DOGMATICA.

3500 330 3663 388 1164

414 456 653 519 negant:
681 445 773 501 alii
799 444 892 516 qui
918 460 1136 502 carnem
1165 463 1291 503 cum
1317 447 1599 503 divinitate
1620 450 1954 518 conﬁtentur,

2074 470 2226 524 νησιν
2249 470 2264 483 ·
2293 454 2340 506 οἱ
2357 452 2412 505 δὲ
2436 442 2613 522 σάρκα
2628 446 3153 521 προσομολογοῦντες
3167 446 3461 518 ἀρνοῦνται
3477 449 3651 504 αὐτοῦ

413 546 615 609 negant
643 538 880 592 animam
909 537 1031 607 ejus
1059 538 1371 605 exstitisse,
1404 538 1720 609 similesque
1751 540 1974 598 furiosis

413 628 632 682 Arianis
671 627 926 693 evadunt,
949 626 1042 695 qui
1072 635 1405 683 connectunt
1447 636 1723 683 tortuosas
1751 638 1805 684 et
1831 630 1972 684 obli-

412 734 550 789 quas
578 717 999 788 propositiones,
1029 724 1089 771 ut
1114 718 1181 773 de
1210 718 1318 773 illis
1350 720 1681 789 quastiones
1716 720 1973 789 agitando

315 818 321 826 '
412 809 773 879 simpliciores
796 809 852 862 in
870 809 1260 866 dubitatiOnem
1293 811 1557 880 injiciant,
1592 812 1720 867 dum
1753 814 1855 883 ipsi
1884 814 1972 867 in-

411 904 571 958 terim
600 903 654 958 in
688 902 792 958 ﬁde
818 903 1089 958 basitant.
1115 902 1303 958 ltidem
1336 913 1390 958 et
1416 905 1519 975 ipsi
1548 905 1621 959 ita
1652 906 1801 973 loqui
1835 906 1975 961 didi-

410 1010 566 1050 cere:
599 995 931 1066 Ecquisnam
963 996 1054 1050 ille
1079 995 1173 1064 qui
1197 1005 1357 1051 natus
1376 1006 1460 1051 est
1482 1011 1547 1050 ex
1575 996 1783 1051 Maria?
1804 996 1974 1052 Deus-

410 1100 499 1148 ne,
531 1101 598 1139 an
622 1086 824 1140 homo?
846 1093 925 1150 ut,
954 1086 1000 1140 si
1024 1084 1240 1155 quidem
1257 1086 1486 1154 dixeris,
1519 1085 1721 1153 llomo,
1745 1089 1863 1158 ejus
1887 1088 1971 1143 di-

411 1179 623 1233 vinitati
648 1178 806 1233 ﬁdem
840 1192 947 1231 non
978 1177 1204 1241 habeat,
1247 1177 1304 1231 in
1330 1178 1434 1232 hoc
1464 1180 1810 1234 consentiens
1865 1181 1973 1234 ha-

413 1270 622 1333 reticis,
643 1270 737 1340 qui
761 1269 934 1324 eidem
977 1267 1133 1322 [idem
1164 1282 1275 1321 non
1305 1268 1544 1323 habuere
1573 1288 1585 1321 :
1612 1270 1756 1339 quod
1793 1270 1840 1325 si
1882 1270 1969 1324 di-

409 1365 576 1430 xeris,
605 1363 767 1429 Deus,
787 1363 907 1431 ejus
926 1361 1105 1416 carnis
1127 1361 1529 1430 generationem
1559 1372 1740 1432 neget,
1771 1371 1825 1418 et
1846 1377 1968 1418 cum

410 1456 676 1512 haereticis
697 1455 790 1525 qui
808 1455 952 1509 illam
976 1463 1174 1522 negant
1190 1454 1511 1509 ahducatur.
1542 1453 1679 1510 Hinc
1710 1471 1929 1510 rursum
1952 1474 1975 1510 τ

409 1545 544 1611 Quis
574 1553 658 1600 est
687 1546 781 1612 qui
834 1560 1030 1614 passus
1083 1546 1198 1600 est?
1234 1545 1484 1613 quisnam
1529 1546 1818 1601 cruciﬁxus
1845 1546 1973 1601 est?

409 1635 643 1698 Deusne,
675 1650 745 1688 an
778 1634 982 1689 homo?
1012 1642 1090 1700 ut,
1129 1634 1176 1688 si
1205 1634 1422 1703 quidem
1456 1635 1626 1701 dicas,
1661 1634 1825 1702 Deus,
1856 1636 1973 1690 bla-

2072 546 2170 615 τῆς
2184 544 2361 615 ψυχῆς
2375 542 2472 614 τὴν
2488 541 2761 606 ἐπίδειξιν·
2785 543 2879 595 καὶ
2900 539 3156 610 γεγόνασι
3183 539 3323 592 κατά
3343 540 3473 603 τοὺς
3489 558 3657 611 μανι-

2073 636 2201 698 κοὺς
2214 635 2403 695 παῖδας
2416 636 2431 698 (
2439 634 2527 702 57)
2538 632 2644 685 τῶν
2658 631 2968 703 ’Δρειανῶν,
2990 632 3097 684 τῶν
3114 629 3536 701 συμπλεκόντων
3551 628 3653 693 τάς

2074 724 2526 797 στραγγαλιώδεις
2553 726 2646 779 καὶ
2673 724 2889 788 σκολιὰς
2926 724 3246 794 προτάσεις,
3287 722 3374 775 ἵνα
3417 721 3655 785 ταύταις

2072 816 2489 887 ὲπαποροῦντες,
2518 816 2811 887 εὑρίσκωσι
2839 814 2967 876 τοὺς
2989 813 3299 884 ἀκεραίους,
3326 813 3485 865 αὐτοὶ
3512 813 3653 866 ἄπο-

2074 926 2155 980 ροι
2178 908 2328 971 ὅντες
2352 908 2448 977 τῆς
2474 907 2729 970 πίστεως.
2775 905 3006 976 Ὀμοίως
3034 905 3129 958 καὶ
3143 905 3298 958 at’rcol
3330 903 3515 971 λέγειν
3546 920 3649 973 με-

2076 998 2351 1068 μαθήκασι
2369 1014 2380 1025 ·
2405 997 2469 1049 Τί
2493 996 2814 1066 ὁγεννηθεὶς
2835 997 2899 1048 ὲκ
2931 996 3184 1067 Μαρίαςς
3209 994 3362 1058 Θεὸς,
3386 996 3419 1066 ἢ
3444 994 3651 1066 ἀνθρω-

2074 1106 2205 1155 πος;
2239 1085 2373 1143 Εἶτα
2403 1090 2495 1142 ὲάν
2519 1090 2616 1161 μὲν
2644 1089 2921 1161 εἴπῃ(58),
2957 1088 3273 1160 ¹Ἀνθρωπος
3295 1126 3310 1150 ,
3351 1088 3646 1158 ἀπιστήσει

2073 1180 2236 1235 αὐτοῦ
2273 1184 2339 1251 τῇ
2382 1180 2616 1253 θεότητι,
2671 1181 2959 1251 σύμφωνος
3013 1181 3294 1251 γινόμενος
3333 1182 3450 1243 τοῖς
3473 1180 3647 1249 ταύτῃ

2071 1271 2431 1341 ἀπιστήσασιν
2458 1273 2782 1341 αἱρετικοῖς·
2816 1271 2911 1323 ἐὰν
2941 1270 2997 1322 δὲ
3034 1269 3163 1341 εἴπῃ
3195 1268 3327 1339 (39),
3358 1269 3515 1332 Θεὸς,
3545 1269 3646 1339 ἀρ-

2071 1362 2288 1431 νήσεται
2318 1362 2479 1413 αὑτοῦ
2499 1361 2596 1431 τῆς
2622 1361 2823 1432 σαρκὸς
2838 1362 2938 1430 τὴν
2952 1360 3221 1429 γέννησιν,
3245 1359 3341 1413 καὶ
3372 1359 3646 1429 συναχθή-

2073 1466 2225 1503 σεται
2252 1452 2364 1514 τοῖς
2387 1449 2586 1521 ταύτην
2619 1451 3053 1522 ἀπαρνουμένοις
3083 1451 3401 1519 αἱρετικοῖς.
3444 1446 3580 1503 Εἶτα
3599 1449 3642 1502 δ’

2071 1538 2138 1595 αὖ
2165 1542 2324 1595 πάλιν
2344 1559 2357 1573 ·
2389 1542 2485 1605 Τίς
2517 1546 2545 1595 ὁ
2573 1541 2790 1607 παθών;
2830 1542 2915 1605 τίς
2945 1545 2973 1595 ὁ
3001 1541 3369 1613 σταυρωθείςς
3421 1540 3581 1603 Θεὸς,
3609 1540 3643 1610 ἢ

2070 1634 2388 1705 ἄνθρωπος;
2420 1635 2526 1697 ἵνα,
2555 1634 2649 1686 ἐὰν
2686 1634 2782 1703 μὲν
2807 1633 2936 1706 εἴπῃ
2962 1633 3095 1703 (40),
3135 1632 3285 1695 Θεὸς,
3319 1630 3648 1701 βλάσφημον

408 1729 692 1798 sphemum
745 1727 876 1797 quid
934 1727 1180 1796 proferat
1222 1742 1289 1781 ex
1353 1728 1619 1782 sententia
1676 1728 1954 1797 impiorum

2073 1727 2302 1798 πρόηται
2333 1728 2480 1797 ῥῆμα
2506 1725 2646 1779 κατά
2670 1727 2794 1788 τοὺς
2812 1724 3140 1787 ἀσεϐοῦντας
3173 1722 3490 1795 ’Ᾱρειανούς
3507 1741 3519 1751 -
3548 1722 3645 1775 ἐὰν

337 1884 346 1893 _
402 1817 768 1882 Arianorum;
822 1817 907 1872 sin
942 1826 1124 1871 autem
1153 1816 1325 1881 dicas,
1376 1814 1571 1882 llomo,
1618 1831 1684 1870 ex
1739 1814 1954 1871 Iudaica

2068 1820 2126 1873 δὲ
2150 1820 2298 1892 εἴπῃ,
2322 1818 2656 1890 Ἀνθρωπος,
2698 1816 2962 1886 Ἰουδαϊκῇ
2993 1816 3154 1869 πάλιν
3181 1814 3479 1883 φθέγξηται
3507 1814 3647 1865 ὑπο-

403 1907 670 1963 sententia
691 1908 966 1977 loquatur.
1009 1905 1085 1960 Ea
1115 1906 1183 1960 de
1221 1920 1386 1959 causa
1409 1913 1609 1959 sancta
1648 1904 1960 1975 Scriptura,

404 2005 643 2059 Verbum
665 1998 1009 2054 ineﬂ‘abiliter
1040 2013 1107 2051 ex
1133 1995 1293 2051 Patre
1332 1996 1499 2051 Deum
1525 2011 1666 2060 esse,
1700 2005 1752 2050 et
1786 1997 1961 2065 ipsum

402 2094 662 2152 estremis
696 2088 1027 2159 temporibus
1056 2104 1122 2143 ex
1154 2087 1371 2158 Virgine
1400 2088 1673 2143 hominem
1719 2088 1960 2157 genitum

400 2201 523 2244 esse
551 2183 847 2255 pradicant
872 2197 885 2233 :
917 2191 975 2234 ut
995 2194 1173 2250 neque
1202 2180 1345 2236 Deus
1368 2196 1478 2234 non
1501 2179 1832 2243 crederetur,
1864 2195 1960 2235 ne-

400 2292 507 2347 que
533 2273 714 2330 carnis
748 2271 1026 2342 generatio
1055 2279 1361 2341 negaretur.
1395 2268 1495 2323 Ubi
1525 2276 1705 2324 autem
1724 2277 1821 2324 'est
1842 2284 1963 2323 car-

399 2367 488 2423 nis
533 2380 752 2431 nomen,
801 2363 962 2433 762
996 2362 1194 2417 ibidem
1249 2363 1421 2417 totius
1469 2362 1623 2417 adest
1672 2361 1960 2431 compositi

398 2472 685 2527 compago,
724 2463 949 2523 excepto
1001 2462 1242 2523 peccato.
1276 2452 1344 2507 Et
1379 2454 1445 2508 ad
1494 2468 1693 2509 nomen
1742 2453 1960 2523 quidem

399 2546 657 2608 hominis,
715 2544 1025 2613 passionem
1082 2543 1373 2612 applicant,
1425 2557 1527 2598 nec
1563 2544 1703 2597 ultra
1733 2557 1958 2613 progre-

396 2636 642 2699 diuntur,
672 2643 732 2689 ut
760 2625 963 2702 ubique
989 2633 1251 2702 scriptum
1287 2644 1370 2688 est
1408 2633 1463 2687 in
1503 2634 1675 2688 sacris
1717 2631 1954 2687 Litteris.

397 2728 474 2781 De
503 2725 784 2780 divinitate
813 2731 992 2778 autem
1018 2722 1203 2791 Verbi,
1228 2724 1716 2778 inmutabilitatem
1739 2735 1791 2777 et
1822 2722 1959 2777 inef-

395 2814 718 2870 fabilitatem
765 2814 1109 2869 conﬁtentur.
1145 2814 1381 2883 Ideoque
1422 2814 1490 2869 de
1526 2812 1706 2869 Verbo
1735 2814 1955 2884 quidem

398 2913 459 2962 ut
496 2907 564 2961 de
612 2905 720 2960 Deo
758 2905 1057 2975 loquuntur
1088 2920 1103 2956 :
1138 2905 1379 2972 ejusdem
1432 2920 1561 2958 vero
1618 2913 1677 2958 ut
1717 2906 1956 2962 hominis

394 2998 798 3071 generationem
822 3004 1108 3061 enarrant,
1135 3006 1198 3050 ut
1224 2996 1365 3050 idem
1396 2996 1513 3067 ipse
1538 2997 1857 3052 naturaliter
1902 3007 1957 3054 et

2069 1911 2247 1982 λήψει.
2277 1910 2376 1963 Διά
2403 1908 2560 1963 τοῦτο
2583 1910 2637 1961 al
2665 1910 2816 1977 ἅγιαι
2845 1908 3057 1979 Γραφαὶ
3093 1905 3224 1959 Θεὸν
3257 1905 3556 1975 ἀφράστως
3578 1906 3649 1957 ἐκ

2070 2001 2278 2071 Πατρὸς
2320 2001 2645 2073 κηρύττουσι
2691 2000 2783 2054 τὸν
2829 2001 3030 2068 Λόγον,
3063 2001 3157 2053 καὶ
3184 1999 3371 2052 τοῦτον
3403 1999 3520 2066 (ﬂ)
3553 2000 3643 2051 ἐπ’

2068 2095 2311 2164 ἐσχάτων
2369 2096 2433 2147 ἐκ
2473 2093 2750 2164 Παρθένου
2801 2092 3083 2164 ἄνθρωπον
3131 2091 3501 2161 γεννηθέντα·
3555 2090 3645 2143 ἵνα

2074 2186 2209 2257 μήτε
2238 2184 2369 2247 Θεὸς
2401 2183 2694 2255 ἀπιπηθῇ,
2725 2184 2860 2254 μήτε
2888 2183 3085 2255 σαρκὸς
3124 2183 3372 2251 γέννησις
3401 2180 3643 2251 ἀρνηθῇ.

2072 2278 2242 2330 Ὅπου
2269 2276 2325 2330 δὲ
2364 2276 2562 2348 σαρκὸς
2601 2276 2660 2329 τὸ
2685 2275 2853 2345 ὄνομα
2877 2316 2891 2340 ,
2932 2278 3048 2328 ἐκεῖ
3075 2275 3252 2343 πάσης
3293 2275 3392 2344 τῆς
3442 2274 3649 2327 συστά-

2068 2385 2204 2431 σεως
2239 2371 2272 2439 ή
2319 2368 2548 2439 ἁρμονία
2584 2368 2751 2441 χωρὶς
2797 2368 3088 2438 ἁμαρτίας.
3129 2368 3237 2421 Kal
3275 2367 3365 2421 ἐπὶ
3394 2365 3497 2435 μὲν
3542 2364 3646 2417 τοῦ

2065 2462 2321 2529 ὀνόματος
2362 2458 2455 2512 τοῦ
2489 2459 2773 2531 ἀνθρώπου
2802 2460 2864 2513 τὸ
2906 2458 3074 2522 πάθος
3127 2457 3333 2519 ίστῶσι,
3392 2457 3490 2509 καὶ⁵
3539 2456 3643 2525 οὐχ

2065 2551 2499 2622 ὑπερϐαίνουσιν,
2533 2551 2607 2615 ὡς
2632 2553 2940 2623 γέγραπται
2983 2551 3041 2605 ὲν
3088 2553 3206 2611 ταῖς
3254 2547 3442 2615 ἀγίαις
3496 2547 3643 2619 Γρα-

2065 2645 2190 2713 φαῖς
2213 2642 2322 2712 (42)
2345 2660 2360 2673 σ
2398 2644 2524 2714 περὶ
2555 2643 2611 2696 δὲ
2642 2644 2738 2714 τῆς
2760 2642 3010 2714 θεότητος
3037 2641 3132 2694 τοῦ
3154 2642 3325 2709 Λόγου
3345 2642 3447 2707 τὴν
3475 2641 3642 2708 ἀτρε-

2064 2732 2300 2803 πτότητα
2332 2733 2425 2787 καὶ
2450 2734 2547 2804 τὴν
2578 2734 2961 2804 ἀφραστότητα
2983 2730 3299 2803 ὁμολογοῦσι
3318 2747 3332 2759 ·
3362 2729 3451 2782 διὰ
3473 2729 3646 2782 τοῦτο

2064 2823 2390 2892 θεολογεῖται
2442 2826 2537 2895 μὲν
2591 2828 2620 2879 ό
2670 2826 2860 2893 Λόγος,
2892 2826 3293 2894 γενεαλογεῖται
3331 2822 3390 2875 δὲ
3418 2820 3641 2893 ἀνθρωσ

2063 2933 2162 2979 πος
2190 2917 2321 2979 (45),
2362 2919 2447 2970 ἴνα
2473 2918 2609 2989 πρὸς
2646 2918 2878 2988 ἑκάτερα
2981 2919 3009 2969 ό
3038 2915 3199 2979 αὐτὸς
3240 2914 3489 2984 φυσικῶς
3535 2913 3642 2967 καὶ

2060 3006 2326 3077 ἀληθινῶς
2345 3026 2359 3039 ·
2392 3008 2522 3072 Θεὸς
2558 3010 2655 3079 μὲν
2686 3010 2823 3082 πρὸς
2841 3012 2907 3079 τῇ
2933 3010 3194 3079 άῖδιότητι
3235 3008 3334 3076 τῆς
3374 3007 3643 3076 θεότητος

391 3105 521 3145 vere
541 3098 834 3159 utrumque
850 3090 952 3145 sit:
972 3087 1113 3145 Deus
1144 3088 1384 3160 quidem,
1412 3089 1589 3159 quoad
1604 3091 1954 3146 aternitatem

2064 3098 2153 3149 καὶ
2196 3100 2262 3168 τῇ
2305 3098 2630 3170 δημιουργίᾳ
2657 3101 2754 3171 τῆς
2785 3099 3011 3164 κτίσεως
3037 3117 3050 3131 ο
3080 3100 3360 3173 ἄνθρωπος
3384 3098 3443 3151 δὲ
3492 3099 3643 3171 πρὸς

392 3180 611 3236 deitatis
639 3188 693 3235 et
720 3154 903 3235 rerum
931 3154 1266 3236 creationem
1300 3199 1312 3236 :
1346 3154 1512 3237 homo
1541 3190 1744 3250 autem,
1774 3183 1952 3253 quoad

2064 3190 2123 3260 τῇ
2421 3154 2574 3264 τῇ
2599 3154 2871 3263 γυνάικὸς,
3032 3199 3095 3267 τῇ
3129 3154 3352 3267 αόξήσει
3384 3196 3484 3267 τῆς
3516 3154 3641 3265 +5“:

394 3272 801 3343 generationem
838 3287 904 3326 ex
932 3272 1180 3337 muliere,
1213 3281 1269 3327 et
1292 3273 1687 3327 incrementum
1733 3284 1955 3329 statura

391 3371 556 3433 atque
577 3362 783 3418 atatis:
814 3361 954 3418 Deus
977 3377 1195 3433 quoque
1219 3378 1316 3432 pro
1348 3362 1626 3417 beneﬁciis
1655 3364 1821 3419 vitam
1854 3366 1955 3419 tri-

390 3455 702 3517 buentibus,
756 3463 811 3509 et
855 3459 1045 3524 potens
1095 3454 1150 3507 in
1198 3454 1479 3509 miraculis
1529 3458 1952 3525 perpetrandis:

391 3548 555 3603 homo
599 3559 748 3612 vero,
782 3544 963 3615 quoad
1009 3545 1291 3614 passiones
1347 3554 1592 3600 nostrum
1634 3548 1828 3605 similis
1854 3590 1870 3615 ,
1904 3557 1956 3604 et

389 3637 568 3707 quoad
602 3645 817 3690 nostras
874 3633 1238 3689 inﬁrmitates.
1292 3632 1371 3689 Ac
1401 3632 1541 3689 Deus
1565 3634 1690 3690 item
1719 3645 1801 3692 est
1832 3637 1956 3692 Ver-

386 3730 540 3793 bum,
573 3729 619 3784 si
645 3736 917 3799 spectetur
949 3727 1168 3797 quidem
1203 3726 1611 3795 immortalitas,
1634 3730 1956 3801 incorrupti-

386 3821 567 3876 bilitas
599 3831 652 3875 et
685 3818 1096 3874 immutabilitas
1130 3837 1143 3873 :
1181 3828 1236 3874 et
1263 3819 1449 3883 homo,
1497 3822 1543 3876 si
1573 3822 1953 3878 consideretur

386 3911 442 3965 in
469 3924 629 3965 cruce
653 3908 940 3979 suspensio
972 3917 1027 3963 et
1059 3910 1342 3981 sanguinis
1375 3910 1629 3978 elllutus,
1666 3928 1730 3968 ac
1756 3929 1953 3984 cnrpo—

384 4002 464 4056 ris
487 4002 787 4072 sepultura,
814 4015 1027 4056 necnon
1057 3987 1355 4058 descensus
1377 4004 1446 4058 ad
1496 4004 1731 4070 inferos,
1790 4016 1952 4076 atque

2061 3283 2203 3346 κίας.
2240 3285 2349 3336 Kal
2370 3284 2497 3347 Θεὸς
2526 3286 2622 3355 μὲν
2651 3286 2787 3357 πρὸς
2817 3289 2936 3350 ταῖς
2972 3287 3226 3351 ξωτικαῖς
3264 3289 3635 3359 εὐεργεσίαις,

2061 3374 2153 3425 καὶ
2172 3373 2393 3435 δυνατὸς
2415 3378 2534 3437 ταῖς
2559 3374 3020 3448 θαυματουργίαις
3043 3395 3058 3409 '
3087 3379 3373 3450 ἄνθρωπος
3400 3380 3459 3433 δὲ
3491 3382 3637 3451 πρὸς

2060 3466 2178 3527 ταῖς
2203 3466 2573 3535 ὁμοιοτρόπως
2612 3469 2974 3537 συμπαθείαις
2996 3508 3011 3533 ,
3041 3472 3134 3523 καὶ
3166 3474 3282 3532 ταῖς
3310 3471 3434 3525 καθ’
3481 3473 3637 3543 ὑμᾶς

2062 3552 2383 3617 ἀσθενείαις.
2407 3555 2516 3608 Kal
2542 3556 2674 3620 Θεός
2705 3559 2801 3629 μὲν
2826 3560 2995 3629 Λόγος
3026 3561 3084 3613 ὲν
3108 3560 3360 3625 ἐπιδείξει
3385 3562 3499 3633 (ﬂ)
3526 3564 3635 3634 τῆς

2060 3643 2354 3709 ἀθανασίας
2377 3688 2392 3713 ,
2431 3647 2524 3701 καὶ
2553 3649 2876 3721 ἀφθαρσίας,
2924 3651 3019 3704 καὶ
3054 3652 3450 3723 ἀτρεπτότητος
3472 3670 3487 3683 °
3543 3656 3637 3708 ἄν-

2060 3735 2276 3808 θρωπος
2300 3738 2357 3791 δὲ
2402 3742 2467 3810 τῇ
2496 3740 2834 3811 προσηλώσει
2860 3741 2954 3795 τοῦ
2990 3743 3238 3814 σταυροῦ,
3268 3746 3364 3797 καὶ
3390 3744 3632 3815 αἵματος

2062 3828 2234 3897 ῥύσει,
2271 3830 2363 3883 καὶ
2391 3833 2533 3901 ταφῇ
2563 3832 2830 3902 σώματος,
2877 3834 2970 3887 καὶ
3018 3834 3314 3888 καταϐάσει
3352 3835 3434 3898 είς
3470 3835 3627 3906 ᾅδου,

2060 3921 2153 3973 καὶ
2177 3922 2464 3977 ἀναστάσει
2493 3927 2556 3995 τῇ
2595 3927 2657 3978 ἑκ
2702 3926 2929 3998 νεκρῶν.
2965 3926 3151 3992 Οὕτως
3201 3928 3231 3980 ό
3264 3928 3501 4000 Χριστὸς
3545 3930 3630 3983 ’ἐκ

2057 4012 2262 4084 νεκρῶν
2286 4015 2597 4087 ἐγήγερται,
2623 4018 2717 4070 καὶ
2747 4018 2876 4082 Θεὸς
2901 4018 2975 4072 ὢν
3004 4020 3202 4091 ἐγείρει
3225 4022 3351 4085 τοὺς
3370 4020 3623 4093 νεκρούς.

386 4094 710 4152 resurrectio
739 4110 769 4150 a
793 4094 1044 4150 mortuis.
1089 4092 1181 4149 Sic
1211 4095 1465 4150 Christus
1498 4109 1563 4149 ex
1595 4097 1829 4152 mortuis
1859 4099 2127 4156 excitatus
2149 4112 2249 4165 est.
2285 4114 2337 4158 et
2382 4105 2522 4160 Dens
2554 4123 2679 4161 cum
2704 4108 2795 4167 sit.
2832 4122 3076 4165 mortuos
3099 4110 3320 4166 excitat.

453 4401 801 4513 ςὸςῖγῌαξδας.
838 4416 1074 4513 ἀοοεῄο
1117 4428 1483 4500 Segueriano,
1534 4409 1862 4513 Gbllleriano
1896 4442 1948 4513 et

2064 4456 2162 4513 σιν.
2193 4400 2336 4513 klbid.
2378 4439 2624 4513 Sumen,
2653 4442 2967 4513 φθέγξηται.
3003 4441 3220 4498 Gohler.
3257 4454 3311 4499 et
3346 4444 3532 4504 Felclt.
3564 4449 3618 4513 1,

379 4494 560 4568 Felck.
593 4499 642 4551 1.
674 4498 841 4555 Paulo
878 4508 1002 4568 post
1050 4494 1240 4555 clunes
1285 4494 1639 4566 manuscripti
1691 4511 1745 4555 et
1780 4504 1947 4557 editio

377 4567 807 4640 Commeliniana
830 4609 845 4630 ,
879 4567 1095 4633 σκολιὰς
1122 4570 1428 4640 προτάσεις.
1460 4570 1602 4624 Edit.
1633 4586 1762 4625 vero
1799 4571 1946 4627 Pari-

376 4638 596 4717 siensis.
632 4638 849 4703 σκολιὰς
886 4638 1203 4710 προφάσεις,
1233 4641 1435 4695 nullius
1465 4643 1819 4712 manuscriptl
1847 4659 1945 4697 au-

373 4714 642 4762 ctnritate.

446 4776 561 4851 (58λ
582 4776 807 4851 δςξκιιοιδζ
830 4779 937 4851 ἵνα,
967 4778 1062 4834 ἐὰν
1087 4779 1185 4851 μὲν
1206 4777 1356 4850 εἴπῃ.
1375 4779 1668 4851 ϐᾳὶιιοτηρι
1691 4779 1868 4834 Felck.
1887 4783 1938 4846 l,

376 4845 484 4904 ἶνα.
518 4848 566 4898 εἰ
594 4848 742 4918 εῐπῃ.
774 4849 912 4903 Editi
940 4865 1067 4923 _vero
1087 4845 1149 4904 ὀι
1173 4845 1654 4923 οιεᾼιθὶίιλεῖτα-ὲάν
1674 4851 1771 4921 μὲν
1788 4852 1938 4923 εἴπῃ,

370 4931 493 4989 qua
525 4917 777 4989 peraque
810 4920 1083 4989 quadrant
1113 4920 1316 4973 omnia.
1359 4917 1479 4972 Mox
1526 4917 1775 4989 Segner.,
1811 4917 1942 4975 aut-

372 4988 561 5061 στήσῃ.
596 4986 722 5061 {los
747 4986 971 5061 Seguet:
1001 4988 1216 5061 Gobler.
1251 5000 1302 5061 et
1325 4989 1503 5061 Felck.
1541 4986 1934 5061 1,:Tev6pevog.

442 5055 553 5127 (59)
590 5055 894 5131 Goblerfct
933 5057 1111 5131 lielcla
1142 5059 1207 5131 1,
1250 5060 1297 5112 εἰ
1340 5060 1395 5112 δὲ
1427 5055 1777 5131 armemus
1815 5070 1939 5129 post

369 5124 591 5210 Seguer.
623 5126 848 5210 pobler.
870 5137 925 5183 et
948 5128 1126 5210 Felelf.
1161 5124 1212 5193 l,
1360 5124 1936 5210 συνενεῇιθήσεταιῖτοῖς

364 5198 577 5283 ταύτην,
613 5198 985 5270 ἀρνουμένοις.
1053 5198 1177 5253 Mox
1239 5199 1455 5254 Gobler.
1523 5198 1578 5255 et
1634 5198 1814 5254 Fclck.
1864 5201 1932 5266 1,

285 5291 292 5298 ·
364 5262 484 5319 εἶτα
513 5262 599 5321 αὖ.

436 5334 545 5409 (49)
578 5333 905 5409 Seguerian.
934 5338 1054 5409 ἵνα,
1086 5338 1316 5409 ὲὰνίμὲν
1348 5340 1497 5409 εἴπῃ.
1528 5336 1840 5392 Goblerian.
1877 5350 1932 5394 et

363 5404 543 5476 qulck.
569 5407 620 5471 1,
645 5404 749 5471 ἵνα,
774 5407 821 5458 εί
855 5407 952 5476 μὲν
981 5407 1130 5476 εῐπῃ.
1168 5404 1305 5462 Editi
1337 5418 1390 5461 ct
1418 5404 1598 5461 cateri
1631 5423 1787 5472 mss.,
1819 5409 1925 5471 ἵνα,

488 5466 866 5549 ’μὲνεῖπωσιδ
892 5466 1286 5549 MQXWS'eguer.
1343 5478 1594 5549 πρόηται.
1624 5466 1839 5532 Gobler.
1875 5466 1929 5534 et

352 5544 543 5622 Eelclt.
669 5548 933 5622 προεῖται.
959 5546 1097 5622 Editi
1129 5544 1259 5622 {ero
1285 5556 1339 5622 et
1366 5544 1547 5622 galeri
1592 5562 1752 5622 m_ss.,
1795 5551 1927 5619 πρό-

360 5613 546 5686 ῒρνται.
580 5613 956 5686 Μυχδοςέιιον.
992 5618 1209 5686 iterum,
1245 5618 1338 5670 ὲέιν
1360 5617 1417 5669 δὲ
1449 5616 1595 5686 εἴπῃ.
1621 5613 1851 5671 ϐοΜοι-.’
1871 5628 1925 5673 et

359 5679 543 5740 Felck.
574 5683 625 5749 1,
649 5685 696 5736 εἰ
730 5685 777 5737 δ’
804 5679 953 5755 eam.
980 5684 1171 5745 Cateri
1195 5679 1318 5741 cum
1346 5688 1522 5755 editis,
1550 5679 1643 5739 ἐὰν
1670 5687 1725 5739 δὲ
1752 5689 1919 5742 εἴπω-

2048 4510 2356 4583 φθέγξεται.
2387 4510 2524 4564 Etliti
2559 4521 2613 4564 et
2634 4510 2856 4583 caeteri,
2878 4513 3232 4583 φθέγξωνται.

2118 4580 2229 4655 (4.1)
2271 4580 2516 4655 seguer.,
2562 4581 2657 4655 καὶ
2694 4580 2901 4655 τοῦτον.
2957 4583 3092 4637 Editi
3118 4625 3132 4647 ,
3166 4584 3277 4655 ,καὶ
3323 4587 3432 4640 τόν.
3475 4587 3615 4655 Ibid.

2044 4648 2279 4725 ﬁnglicp
2326 4652 2411 4702 ἐπ’
2457 4650 2706 4725 ἐσχάτου.
2741 4651 2907 4725 lbid.,
2940 4656 3002 4725 εκ
3033 4654 3321 4725 Παρθένου
3358 4657 3510 4712 deest
3559 4648 3616 4714 in

2044 4717 2353 4793 Goblerian.
2382 4732 2436 4774 ct
2463 4717 2640 4793 Fulck.
2661 4722 2726 4793 1.
2758 4721 2890 4793 Mox
2932 4717 3252 4793 Seguerian.
3297 4724 3611 4784 Goblerian.

2043 4796 2095 4870 et
2118 4787 2302 4870 Felck.
2334 4791 2383 4853 1,
2409 4790 2555 4870 μηδὲ
2576 4791 2714 4870 ,Θεὸς
2742 4787 3044 4865 ἀπιστηθῆ,
3081 4795 3239 4864 μηδέ.
3280 4794 3442 4862 Editi,
3473 4802 3614 4870 μήτε

2041 4857 2494 4932 Θεὸςᾼὰπιστηθῇ,
2522 4862 2680 4932 μήτε.

2113 4928 2222 5004 {42)
2264 4928 2489 5004 Seguer.
2517 4928 2736 4985 Gobler.
2772 4942 2828 4986 et
2855 4931 3036 4988 Felck.
3067 4934 3299 5004 primus,
3318 4937 3377 4988 ὲν
3405 4938 3613 5004 πάσαις

2037 5000 2155 5071 ταῖς
2166 4999 2367 5071 -άγίαις
2395 5000 2433 5050 Γ
2438 5004 2658 5071 ραφαίς.

2110 5063 2626 5146 (43)'Seguer.,'6s
2649 5072 2685 5146 ό
2715 5072 2877 5146 αυτὸς
2906 5074 3210 5146 ἄνθρωπος.
3243 5075 3387 5141 Mox,
3439 5075 3612 5134 Basil.

2038 5136 2524 5216 Seguer.AG'ol.tler._
2550 5149 2620 5216 _et
2646 5140 2825 5197 Felck.
2859 5136 2921 5216 1,
2945 5136 3048 5216 ,καὶ
3091 5136 3384 5216 ἀληθινῶςξ
3426 5146 3573 5202 Editi
3593 5189 3611 5213 ,

2034 5209 2127 5260 καὶ
2167 5208 2438 5289 ἀληθινός.
2488 5209 2655 5265 Iidem
2702 5228 2836 5268 mss.
2878 5214 3052 5279 inl‘ra,
3101 5208 3470 5287 τῇ’γεννήσει
3507 5208 3611 5289 τῆξ

2072 5280 2309 5343 υναικός.

2033 5296 2512 5426 γυῖιῗέῖοὲὸειιθτη
2546 5350 2676 5426 Θεὸς
2708 5352 2805 5423 μὲν
2834 5352 2970 5426 πρὸς
3002 5356 3068 5426 τῇ
3112 5356 3387 5420 ἐπιδείξει.
3434 5355 3610 5414 Paulo

2031 5420 2547 5507 P.9ﬁ‘._if'e'.'3'~..’??.b;
2569 5423 2649 5507 ,τῇ
2672 5420 3067 5507 amissa?
3104 5426 3604 5507 quenum-r-

2028 5487 2326 5567 Gohlerget
2350 5487 2532 5567 Fclck.
2565 5487 2867 5567 ligatis-et.-
2896 5491 3079 5567 Editi,
3110 5495 3284 5567 ῥύσει.
3321 5487 3478 5561 Mox:
3504 5495 3597 5552 Se-

2026 5574 2178 5638 guer.
2228 5557 2444 5615 Gobler.
2491 5569 2545 5616 et
2586 5557 2768 5618 Felclt.
2806 5564 2856 5632 1,
2899 5565 2981 5628 εἰς
3208 5568 3262 5621 In
3296 5557 3477 5634 editis,
3523 5570 3607 5631 εἰς

2026 5628 2195 5682 deest.
