3794 6226
154 340 309 398 “(ib

1050 338 1387 395 EPISTULA
1423 338 1516 427 AD
1551 336 1790 393 JOANN.
1834 337 1919 394 ET
1947 336 2278 395 ANTIOCH.-
2311 339 2559 403 ΡΒΕΞΒ.

3253 349 3390 406 Ηθϐ

229 456 327 512 19.
352 456 585 511 Μάταιοι
612 448 704 511 οὗν
731 457 779 510 οἱ
805 459 872 528 τῇ
907 457 1118 529 θεότητι
1156 457 1319 511 αὑτοῦ
1357 457 1526 523 πάθος
1559 476 1727 531 προσ·
1756 498 1766 523 λ

1900 461 1985 516 i9.
2020 461 2155 517 Vani
2191 464 2356 534 igitur
2387 474 2535 529 sunt,
2569 465 2663 534 qui
2699 474 2795 520 aut
2820 465 3088 524 divinitati
3115 469 3236 536 ejus
3265 486 3392 541 pas-

155 550 412 615 άγοντες,
437 548 470 621 ἢ
492 553 564 620 στῇ
596 547 1004 620 ὲνανθρωπήσει
1033 548 1140 619 (45)
1167 548 1329 602 αὑτοῦ
1358 548 1729 614 ἀπιστοῦντες,

157 638 193 708 ἦ
218 638 316 692 τὸν
350 639 444 692 ἕνα
470 639 564 693 δύο
585 638 833 708 λέγοντες
853 680 868 703 ,
897 638 930 709 ἢ
963 639 1062 709 τῆς
1089 639 1285 710 σαρκὸς
1308 638 1471 693 αὑτοῦ
1494 641 1594 711 τὴν
1618 640 1735 693 δια-

163 729 435 802 μέτρησιν
483 730 752 785 ποιεῖσθαι
794 729 1211 801 ἐπιχειροῦντες,
1239 732 1423 784 καὶτὸ
1466 732 1652 794 πόσον,
1698 730 1731 801 ἢ

162 822 307 886 πῶς,
340 821 493 894 παρὰ
511 823 611 885 τὰς
637 820 856 894 Γραφάς
888 820 1064 889 λέγειν
1093 820 1417 892 τολμῶντες.
1448 821 1734 885 Τοιαύταις

162 914 276 986 γὰρ
327 914 603 976 ὑπονοίαις
654 912 922 983 ὠλίσθησε
956 913 1064 966 τῶν
1113 913 1401 984 αἱρετικῶν
1431 916 1463 985 ή
1493 914 1730 968 διάνοια·

163 1004 497 1074 Μαρκίωνος
520 1003 616 1072 μὲν
648 1001 715 1055 δι’
745 1001 1044 1073 ὑπερϐολὴν
1087 1001 1428 1072 βλασφημίας
1454 1003 1734 1055 ἐκκλίναν-

162 1113 258 1159 τος
291 1096 405 1166 (46)
429 1113 442 1127 ·
475 1095 773 1165 Μανιχαίου
794 1095 849 1148 δὲ
876 1096 941 1148 δι’
967 1095 1218 1149 ὑπόνοιαν
1252 1094 1522 1166 ἁμαρτίας
1542 1097 1735 1167 ἐκτρα-

166 1186 392 1249 πέντος·
430 1184 782 1239 Οὐαλεντίνου
813 1185 869 1239 δὲ
894 1186 981 1239 διὰ
1004 1187 1272 1257 πρόφασιν
1320 1185 1573 1253 γνώσεως
1624 1187 1734 1259 (47)

167 1277 563 1349 πλανηθέντος⁴
595 1278 686 1330 τοῦ
734 1277 791 1330 δὲ
828 1278 1186 1348 Σαμοσατέως
1218 1277 1463 1343 Παύλου,
1514 1278 1606 1333 καὶ
1639 1276 1733 1330 τοῦ

165 1368 464 1440 λεγομένου
501 1368 763 1422 Φωτεινοῦ
783 1407 798 1431 ,
844 1370 938 1422 καὶ
964 1368 1070 1421 τῶν
1100 1371 1219 1421 κατ’
1244 1369 1470 1431 αὑτοὺς,
1504 1366 1570 1421 δι’
1611 1369 1738 1421 ἀπι-

169 1461 325 1511 στίαν
364 1456 615 1527 θεότητος
644 1457 981 1510 ἐκπεσόντων
1007 1474 1019 1486 ·
1065 1456 1273 1529 Ἀρείου
1311 1456 1367 1508 δὲ
1413 1457 1500 1510 διὰ
1544 1456 1735 1528 μανίαν

171 1548 682 1621 βλασφημήσαντος.
711 1551 820 1602 Καὶ
857 1550 1012 1619 ὑμεῖς
1030 1590 1045 1613 ,
1074 1552 1190 1613 ταῖς
1228 1548 1440 1620 ὁμοίαις
1467 1549 1737 1622 χρώμενοι

169 1642 554 1713 παρατριὼῖς,
584 1640 791 1694 λαλεῖτε
823 1640 893 1694 τὰ
924 1640 999 1710 μὴ
1027 1642 1384 1712 γεγραμμένα
1403 1681 1417 1704 ,
1442 1641 1739 1711 ἐκτρέπονο

1833 551 2043 607 sionem
2093 554 2391 618 ascribunt,
2439 563 2533 609 aut
2567 555 2892 611 humanitati
2935 558 3055 627 ejus
3083 558 3247 615 ﬁdem
3279 576 3390 616 non

1833 643 2053 711 habent,
2101 655 2195 700 aut
2217 646 2309 714 qui
2339 663 2507 701 unum
2548 648 2687 702 duos
2717 663 2839 704 esse
2871 649 3061 705 dicunt
3089 670 3108 705 ε
3134 653 3253 708 sive
3295 656 3389 724 qui

1832 734 2012 789 carnis
2042 734 2161 804 ejus
2180 736 2575 791 dimensioncm
2623 736 2800 793 facere
2837 750 3144 796 conantur:
3193 750 3250 798 et
3295 746 3391 814 qui

1832 836 2093 895 quantum
2121 835 2175 881 et
2202 829 2501 897 quomodo,
2536 838 2733 899 praeter
2765 830 3171 902 Scripturarum
3200 846 3391 892 aucto-

1832 918 2046 973 ritatem
2071 918 2316 988 proferre
2338 922 2561 975 audent.
2590 920 2912 992 Hujusmodi
2934 926 3079 981 enim
3117 929 3391 997 opinioni-

1833 1008 1936 1064 bus
1985 1009 2364 1066 hareticorum
2420 1028 2575 1069 mens
2626 1016 2878 1086 prolapsa
2921 1026 3052 1072 est:
3118 1020 3392 1078 Marciane

1833 1107 2051 1169 propter
2136 1100 2552 1159 immoderatam
2631 1105 3022 1175 blasphemiam
3079 1124 3110 1163 a
3166 1111 3393 1166 veritate

1833 1190 2138 1246 declinante
2172 1210 2184 1243 :
2216 1191 2537 1259 Manichaeo,
2563 1195 2632 1250 ob
2660 1199 2866 1265 peccati
2899 1198 3208 1267 opinionem
3230 1201 3393 1256 sedu-

1835 1287 1923 1333 cto
1956 1298 1971 1334 :
2010 1280 2319 1346 Valentino,
2348 1298 2381 1337 a
2428 1284 2676 1348 scientia,
2719 1287 2796 1340 uti
2829 1289 3189 1356 causabatur,
3232 1292 3396 1347 sedu-

1835 1380 1923 1426 cto
1950 1391 1964 1426 :
2003 1371 2174 1428 Paulo
2200 1372 2592 1442 Samosatensi,
2623 1393 2748 1433 cum
2779 1393 2846 1433 eo
2872 1380 2966 1448 qui
2999 1379 3266 1438 Photinus
3298 1396 3395 1436 vo-

1835 1473 2011 1529 catur,
2050 1480 2115 1518 ac
2146 1480 2336 1520 eorum
2370 1469 2698 1536 sequacibus
2722 1510 2740 1534 ,
2779 1471 2850 1524 ob
2898 1471 3331 1528 incredulitatem
3364 1489 3397 1527 a

1834 1557 2032 1613 deitate
2057 1557 2434 1615 deﬁcientibus
2468 1578 2482 1614 :
2516 1559 2666 1625 Ario,
2694 1576 2793 1631 pro
2820 1561 3002 1617 lurore
3023 1579 3124 1619 suo
3149 1566 3399 1636 blasphe-

1836 1660 2038 1704 mante.
2092 1649 2204 1705 Vos
2261 1660 2442 1705 autem
2483 1652 2754 1708 similibus
2802 1653 2890 1708 usi
2937 1656 3397 1724 cavillationibus,

169 1749 264 1796 τες
289 1734 417 1796 τοὺς
443 1733 821 1803 ἀστηρίκτους.
861 1732 1044 1800 Ἀρκεῖ
1070 1730 1124 1783 δὲ
1168 1730 1452 1784 πιστεῦσαι
1488 1734 1598 1795 τοῖς
1639 1748 1734 1799 γε-

1843 1752 1958 1806 [ιιιεε
1987 1737 2186 1807 scripta
2212 1753 2319 1792 non
2346 1746 2474 1793 sunt
2502 1739 2812 1809 loquimini,
2844 1756 3017 1812 eoque
3045 1745 3208 1800 modo
3230 1746 3400 1801 imbe-

171 1822 510 1893 γραμμένοις
539 1823 632 1875 καὶ
647 1822 975 1891 γενομένοις,
996 1819 1072 1882 ὥς
1095 1822 1256 1891 φησιν
1282 1821 1310 1874 ό
1332 1818 1541 1883 Παῦλος
1562 1837 1573 1850 ·
1594 1823 1733 1874 Καθ’

1843 1805 1992 1885 cillos
2015 1805 2277 1886 evertitis.
2301 1828 2507 1886 SuiIicit
2525 1805 2668 1886 enim
2693 1833 2762 1888 iis
2792 1805 3144 1905 qumscripta
3170 1845 3227 1892 et
3248 1845 3398 1907 gesta

173 1913 489 1982 ὁμοιότητα
505 1913 651 1966 κατὰ
680 1912 895 1976 πάντα,
922 1910 1098 1981 χωρὶς
1118 1912 1405 1981 ἁμαρτίας
1425 1930 1436 1943 ·
1467 1911 1602 1965 καὶὸ
1628 1911 1732 1965 Πέ-

172 2020 300 2074 τρος
317 2003 375 2057 δέ
398 2021 410 2034 ·
434 2004 687 2073 Χριστοῦ
703 2000 816 2059 οὖν
843 2007 1138 2067 παθόντος
1169 2003 1315 2071 ὑπὲρ
1339 2001 1506 2071 ἡμῶν
1535 2004 1735 2071 σαρκὶ,

174 2095 275 2149 καὶ
320 2094 488 2164 ὑμεῖς
516 2095 632 2163 τὴν
685 2094 880 2164 αὐτὴν
915 2096 1157 2150 ἔννοιαν
1206 2096 1607 2159 ὁπλίσασθαι,
1648 2097 1741 2150 καὶ

178 2186 254 2256 μὴ
326 2187 632 2258 περαιτέρω
694 2187 805 2258 (48)
868 2187 1272 2259 ἐκτεινομένους
1338 2186 1548 2241 ἀθετεῖν
1608 2187 1741 2258 ἀλή-

176 2271 349 2330 θειαν.

248 2427 295 2459 ⁸⁸
329 2425 493 2482 Hebr.
528 2440 600 2491 Iv.
632 2428 716 2484 15.
792 2430 838 2461 “
876 2430 893 2484 Ι
925 2430 1068 2485 Potr.
1098 2448 1169 2498 Iv,
1206 2433 1252 2486 l.

247 2557 362 2634 (45)
402 2559 650 2634 _Seguer.,
682 2564 747 2633 τῇ
782 2562 1176 2634 ἀνθρωπότητι.
1220 2563 1326 2618 Alii
1377 2579 1501 2619 cum
1547 2563 1726 2628 editis,

175 2630 690 2702 sabaia-micat-

248 2695 633 2775 (46)_S'egue'r._
658 2700 874 2757 Gobler.
920 2713 975 2758 et
1015 2702 1195 2758 Felck.
1236 2695 1402 2769 Ι,’δι’
1432 2701 1736 2775 ὑπερϐολὴν

176 2769 313 2839 εὔφη
323 2769 450 2839 μίας
480 2770 833 2835 ἐκκλίνοντος.

247 2813 868 2910 "iniiié,
941 2842 1211 2914 πρόφασιν
1272 2813 1536 2906 ὲνώσεως.
1596 2843 1737 2898 lnl'ra

1838 1933 1966 1979 sunt
1994 1925 2235 1989 credere,
2277 1935 2337 1978 ut
2385 1925 2461 1979 ait
2492 1923 2735 1980 Paulus:
2767 1924 2876 1980 Pro
2915 1927 3263 1982 similitudine
3309 1944 3398 1997 per

1838 2019 2016 2071 omnia
2043 2059 2058 2082 ,
2099 2017 2292 2087 absque
2337 2026 2549 2084 peccato
2580 2016 2644 2070 “.
2680 2016 2874 2073 Petrus
2897 2028 3079 2074 autem
3117 2037 3132 2074 :
3187 2019 3398 2074 Christo

1835 2110 2000 2180 igitur
2024 2125 2120 2179 pro
2147 2111 2294 2163 nobis
2321 2126 2477 2179 passo
2496 2110 2552 2163 in
2575 2126 2765 2177 carne,
2794 2120 2845 2165 et
2879 2127 2967 2167 vos
2994 2111 3177 2166 eadem
3198 2113 3398 2184 cogita-

1834 2205 1972 2258 tione
1993 2204 2277 2257 armamini
2297 2203 2365 2269 η,
2392 2211 2445 2257 et
2481 2216 2550 2257 ne
2582 2202 2817 2259 ulterius
2848 2202 3187 2274 inquirentes
3212 2246 3227 2271 ,
3257 2196 3397 2259 veri~

1836 2306 1998 2351 tatem
2026 2294 2316 2365 respuatis.

1836 2563 1997 2634 idem,
2018 2562 2114 2617 καὶ
2144 2562 2247 2634 τοῦ
2275 2562 2345 2634 δὴ,
2371 2562 2661 2633 λεγομένου
2687 2561 2972 2634 Φιιπείνου.
2995 2559 3147 2634 Mox,
3174 2560 3402 2634 Seguer.

1841 2633 2056 2689 Gobler.
2088 2644 2141 2687 et
2173 2631 2354 2688 Felclt.
2380 2631 2520 2697 ηδε
2551 2632 2808 2687 ἀπιστίαν
2834 2632 3103 2684 πεσόντων
3129 2631 3399 2703 θεότητος.

1841 2703 2029 2767 Iidem,
2056 2703 2144 2756 διὰ
2178 2703 2372 2772 μανίαν
2404 2704 2563 2758 ἰδίαν.

1912 2774 2025 2844 (48)
2066 2772 2144 2827 lta
2177 2770 2396 2845 Seguer.
2446 2773 2612 2829 Basil.
2665 2770 2876 2845 Anglic.
2919 2770 3062 2827 Editi
3106 2787 3234 2826 vero
3276 2786 3400 2828 cum

1842 2844 1984 2908 aliis,
2017 2858 2158 2914 παρα
2168 2843 2339 2914 ιτὲρω

896 3034 3393 3063 MM

882 3200 964 3260 IN
1003 3197 1211 3261 DUAS
1253 3199 1716 3277 SEQUENTES
1765 3198 2201 3262 EPISTO'LAS
2256 3195 2668 3258 MONITUM.

252 3537 446 3617 Eodem
469 3535 631 3613 ferme
663 3554 908 3613 tempore,
940 3543 995 3597 id
1020 3554 1119 3609 est,
1157 3543 1235 3598 vel
1257 3542 1354 3597 sub
1397 3544 1553 3612 ﬁnem
1603 3542 1733 3595 anni
1766 3540 1894 3604 571,
1926 3538 2004 3593 vel
2032 3539 2244 3592 ineunte
2273 3536 2398 3601 57%,
2429 3525 2653 3604 scriptas
2691 3530 3019 3585 arbitramur
3058 3518 3308 3598 epistolas
3334 3529 3408 3581 ad

175 3628 436 3690 Joannem
461 3645 512 3689 et
534 3635 850 3689 Antiochum
877 3645 927 3688 et
953 3638 1021 3689 ad
1066 3634 1375 3690 Palladium
1407 3652 1425 3688 :
1479 3636 1596 3701 hac,
1621 3642 1679 3688 ut
1721 3633 1975 3701 augurari
2008 3631 2154 3696 licet,
2182 3628 2473 3682 occasione.
2501 3626 2736 3681 Basilius
2754 3666 2771 3694 ,
2808 3635 2866 3680 ut
2890 3624 3181 3679 conditioni
3208 3633 3403 3694 tempo-

178 3743 295 3782 rum
313 3742 423 3781 scse
438 3726 874 3790 accommodaret,
902 3724 1002 3777 etsi
1041 3722 1268 3793 Spiritui
1294 3731 1476 3778 sancto
1507 3739 1568 3776 ea
1594 3723 1770 3777 omnia
1788 3736 1904 3791 qua!
1932 3719 2041 3773 Deo
2059 3719 2326 3773 convenire
2341 3725 2559 3787 possunt
2589 3716 2899 3780 ascriberet,
2923 3733 2956 3768 a
2984 3715 3077 3769 Dei
3103 3724 3277 3769 tamen
3310 3730 3405 3768 no-

179 3824 317 3877 mine
350 3821 683 3887 abstinebat,
716 3837 778 3875 ne
823 3820 1153 3874 auditoribus
1190 3818 1559 3889 appellationis
1581 3819 1693 3886 ejus
1716 3818 1937 3872 insuetis
1963 3815 2239 3885 offensioni
2266 3815 2421 3884 foret.
2467 3812 2540 3865 'Id
2587 3828 2705 3866 eum
2750 3827 2884 3882 (egre
2939 3812 3135 3879 ferrent
3167 3812 3406 3865 monac/ii

178 3919 437 3980 nonnulli,
475 3915 534 3973 S.
568 3917 846 3971 Doctorem
868 3932 927 3969 eo
949 3912 1159 3966 nomine
1180 3911 1370 3981 ubique
1395 3909 1757 3971 traducebant,
1781 3923 2002 3980 quorum
2027 3907 2079 3959 in
2100 3907 2271 3976 prima
2297 3904 2520 3975 epistola
2541 3904 2820 3957 audaciam
2842 3904 3146 3973 gravissime
3174 3903 3406 3959 retundit

177 4000 524 4064 Athanasius.
550 4005 617 4060 In
647 4007 877 4060 secunda
906 4020 1023 4059 vero
1047 4000 1352 4055 Palladium
1376 4010 1573 4065 monet,
1594 4009 1651 4053 ut
1677 3999 1943 4055 monac/tis
1970 3998 2059 4068 qui
2086 4014 2171 4064 ea,
2203 4013 2360 4068 quam
2389 4012 2551 4064 supra
2578 3997 2834 4062 diximus,
2871 3998 2935 4051 de
2962 4015 3124 4051 causa
3156 4014 3274 4052 cum
3298 3996 3407 4052 Bat-

180 4088 302 4160 siiio
324 4102 713 4171 disceptabant,
746 4098 1153 4155 reconcilianda:
1192 4096 1339 4166 pacis
1391 4107 1578 4150 auctor
1604 4104 1738 4150 esset
1767 4112 1785 4150 :
1821 4104 2140 4163 testaturque
2175 4110 2229 4147 se
2262 4092 2547 4147 admodum
2575 4093 2797 4161 probare
2828 4093 2975 4160 piam
3010 4091 3162 4146 illam
3209 4082 3413 4147 Basilii

178 4197 589 4261 simulationem,
612 4196 704 4266 qui
730 4211 826 4264 pro
853 4194 1184 4263 inﬁrmorum
1216 4190 1467 4252 utilitate,
1502 4189 1744 4257 infirmus
1764 4197 1813 4241 et
1843 4190 1951 4256 ipse
1974 4186 2270 4256 efﬁceretur
2292 4202 2311 4239 ε
2342 4195 2595 4239 memorat
2621 4187 2744 4241 item
2774 4188 3052 4259 epistolam
3087 4187 3155 4241 ad
3193 4188 3336 4257 ipsos
3376 4208 3413 4243 a

178 4304 234 4342 se
271 4289 526 4357 scriptam
549 4287 852 4350 monac/tos,
892 4300 1010 4355 qua:
1046 4282 1164 4351 jam
1205 4290 1493 4350 temporum
1515 4279 1715 4348 injuria
1744 4293 2004 4348 nusquam
2033 4286 2229 4331 exstat.
2272 4275 2443 4331 Porro
2476 4277 2566 4346 qui
2607 4277 2712 4331 sint
2741 4277 2973 4333 Joannes
3019 4287 3071 4327 et
3098 4271 3408 4343 Antioclius,

178 4382 459 4438 Palladius
490 4383 637 4448 item,
670 4380 1006 4435 Innocentius
1034 4388 1084 4431 et
1114 4377 1338 4430 Dianius
1363 4376 1445 4429 hic
1476 4375 1772 4436 memorati,
1802 4375 1854 4427 in
1891 4372 2011 4428 Vita
2034 4373 2338 4440 Athanasii,
2371 4384 2429 4428 ut
2458 4374 2686 4442 facultas
2719 4376 2839 4443 fert,
2866 4375 3102 4431 eruitur..

182 4563 301 4620 Τοῦ
322 4562 394 4616 ἐν
417 4562 606 4630 ἁγίοις
649 4559 876 4629 Πατρός
907 4556 1079 4627 ἡμῶν
1112 4555 1519 4630 ᾼΘΑΝᾼΣΙΟΥ
1537 4554 1750 4630 ,ἀρχῷ

2048 4551 2232 4630 Sancti
2261 4549 2441 4630 Patris
2478 4552 2646 4630 nostri
2683 4545 3410 4630 ΑςΓΠΑέΝᾼξΠ,ρ-νΞΙίίὲρί-
3434 4536 3445 4545 γ’

248 4622 595 4686 summitati
614 4622 1077 4696 Ἀλεξανδρέως.
1104 4624 1749 4696 ἐπιστολὴ-πρὸςΙΩᾼΝ-

1918 4623 2100 4696 srop_i_
2121 4622 2458 4696 filez’gandrin:
2483 4662 2496 4683 τ
2530 4624 2778 4696 _epislola
2828 4626 2901 4676 ad
2938 4622 3303 4679 JOANNEM
3325 4622 3333 4625 ⁷
3358 4635 3411 4679 et

247 4704 404 4757 ΝΗΝ
435 4701 532 4755 καὶ
564 4688 921 4756 ΑΝΤΙόΧΟΙῨ
952 4688 1095 4763 τοῦς
1119 4688 1556 4764 πρεσϐυτέρους
1608 4691 1743 4763 (49).

1916 4694 1958 4744 Λ
1968 4690 2017 4743 Ν
2026 4688 2100 4743 TI
2108 4690 2195 4746 OC
2201 4690 2251 4744 Η
2261 4688 2363 4744 ΠΜ
2403 4688 2747 4761 presbyteros.

257 4827 570 4892 Ἀθανάσιος
606 4827 830 4897 Ἰωάννῃ
853 4825 948 4880 κα).
962 4823 1235 4895 Ἀντιόχῳ,
1259 4824 1369 4886 τοῖς
1393 4821 1503 4894 (50)
1529 4823 1748 4892 ἀγαπη-

171 4923 287 4985 τοῖς
324 4921 459 4984 υἱοῖς
484 4937 578 4974 και
603 4916 1125 4991 συμπρεσὸυτέροις,
1158 4918 1215 4969 ὲν
1247 4914 1434 4986 Κυρίῳ
1461 4914 1690 4985 χαίρειν.

243 5014 303 5068 1.
334 5012 567 5084 Ἔχάρην
593 5009 880 5081 δεξάμενος
900 5008 1053 5080 ὑμῶν
1083 5007 1185 5062 κα).
1200 5005 1295 5060 νῦν
1321 5005 1629 5077 ἐπιστολὴν,
1658 5004 1740 5057 ὅτι

1916 4825 2247 4880 Athanasius
2274 4823 2471 4879 Joanni
2499 4833 2553 4879 et
2602 4824 2905 4892 Antiocho,
2930 4825 3138 4882 dilectis
3188 4826 3324 4882 {illis
3358 4837 3415 4883 et
3492 4898 3499 4906 .

1829 4916 2320 4987 ‘compresbyteris,
2351 4916 2406 4970 in
2437 4914 2668 4969 Domino
2695 4917 2941 4971 salutem.

1920 5006 2212 5076 “Missam
2234 5008 2394 5062 etiam
2418 5023 2565 5062 nunc
2593 5023 2624 5061 a
2647 5008 2807 5063 vobis
2828 5007 3107 5077 epistolam
3134 5007 3295 5063 latus
3317 5022 3411 5062 ac-

169 5104 409 5179 μάλιστα
434 5102 541 5157 ἀπὸ
569 5100 954 5172 Ἱεροσολύμων
976 5099 1279 5172 ἐγράψατε’
1311 5099 1404 5152 καὶ
1430 5097 1589 5168 χάριν
1612 5095 1741 5166 ὑμῖν

165 5192 305 5265 ἔχω,
325 5191 405 5244 ὅτι
426 5188 731 5260 ἐδηλώσατε
752 5190 879 5262 περὶ
904 5189 1014 5243 τῶν
1033 5187 1298 5257 ἀδελφῶν,
1320 5186 1427 5241 τῶν
1450 5188 1567 5239 ἐκεῖ
1595 5201 1732 5239 συν-

163 5281 473 5353 ἀγομένων,
505 5280 601 5334 καὶ
631 5281 759 5351 περὶ
788 5279 895 5333 τῶν
921 5279 1251 5351 βουλομένων
1274 5277 1538 5350 προφάσει
1570 5276 1736 5348 ζητη-

134 5448 141 5455 .
166 5374 361 5448 μάτων
380 5373 667 5445 ταράττειν
683 5371 809 5435 τοὺς
825 5370 1136 5442 ἀκεραίους.
1178 5369 1335 5424 Ἀλλά
1360 5370 1487 5441 περὶ
1508 5369 1608 5440 μὲν
1627 5367 1745 5423 τοὺ-

160 5478 285 5518 των
314 5461 737 5536 παραγγελλέτω
755 5463 785 5514 ὁ
813 5461 1161 5528 Ἀπόστολος,
1193 5460 1292 5532 Μὴ.
1321 5460 1601 5531 προσέχειν
1629 5462 1742 5524 τοῖς

238 5659 354 5736 (έθ)
377 5661 516 5736 Ι[οὓς
538 5662 946 5736 πρεσϐυτέρους
965 5659 1199 5736 dcestjn
1226 5658 1398 5736 Regio
1427 5669 1479 5736 et
1511 5659 1692 5736 Felck,
1717 5660 1813 5715 ὅδ’

1848 5099 1987 5169 cepi,
2020 5099 2254 5154 maxime
2286 5100 2413 5169 quia
2443 5088 2832 5171 Hierosolymis
2865 5090 3182 5169 scripsistis,
3206 5103 3265 5154 et;
3285 5114 3413 5169 gra-

1849 5189 1979 5244 tiam
2023 5190 2228 5254 habeo,
2291 5190 2440 5260 quod
2485 5191 2552 5246 de
2596 5188 2858 5247 fratribus
2900 5191 3022 5247 istic
3069 5192 3413 5261 congregatis

1847 5280 2130 5334 certiorem
2161 5294 2246 5334 me
2276 5280 2503 5345 fecistis,
2525 5294 2735 5337 necnon
2756 5280 2822 5335 de
2842 5281 2908 5334 iis
2929 5282 3021 5351 qui
3050 5281 3411 5351 quaestionum

1846 5371 2234 5425 movendarum
2281 5371 2525 5441 obtentu,
2559 5372 2918 5443 simpliciores
2974 5373 3193 5428 turbare
3223 5372 3413 5426 nitun-

1846 5470 1963 5515 turs
2013 5461 2119 5517 Sed
2167 5461 2236 5519 de
2282 5463 2351 5520 iis
2390 5465 2665 5537 praecipiat
2696 5466 3031 5538 Apostolus:
3065 5464 3186 5523 Non
3234 5471 3422 5522 atten-

126 5740 134 5750 ‘
240 5728 356 5801 (50)
389 5732 512 5797 Τοῖς
543 5728 693 5789 deest
724 5735 777 5791 in
806 5733 987 5790 Felck.
1020 5734 1072 5788 3.
1100 5731 1220 5785 Mox
1242 5771 1257 5797 ,
1287 5728 1421 5794 υῖοίς
1451 5731 1645 5800 legitur
1672 5732 1727 5785 in
1761 5730 1878 5787 solo
1907 5728 2098 5799 Regio.
