3794 6226
441 269 574 326 H67

1021 268 1077 322 s.
1115 265 1485 321 ATHANASII
1522 264 1671 321 orr.
1713 262 1893 318 PARS
1937 263 1980 315 ι.
2022 291 2092 302 --
2126 261 2491 320 HISTORICA
2530 262 2617 318 ET
2657 224 3072 319 nocituros.

3522 264 3662 321 illis

435 386 670 441 dendum
695 380 1076 444 contentiosis,
1113 395 1212 435 nec
1247 381 1314 435 iis
1355 380 1449 449 qui
1491 378 1628 432 nihil
1668 377 1813 432 aliud
1843 391 1967 447 quae

2090 375 2447 447 λογομαχοῦσι
2474 418 2488 440 ,
2523 380 2615 431 καὶ
2646 378 2810 448 μηδὲν
2838 378 3022 450 ἓτερον
3053 377 3304 449 ζητοῦσιν
3330 378 3364 449 ἢ
3393 378 3578 447 λέγειν
3608 396 3663 432 τι

435 484 596 541 runt,
626 488 789 545 quam
832 472 956 528 novi
989 472 1266 543 quidpiam
1310 471 1395 526 vel
1438 469 1623 525 dicere
1664 469 1748 525 vel
1779 468 1983 524 audire.

433 566 544 623 Vos
566 573 746 621 autem
777 565 873 634 qui
901 563 1119 618 ﬁrmum
1146 562 1356 617 habetis
1385 559 1818 623 fundamentum,
1842 557 1987 627 quod

431 664 515 712 est
540 655 790 711 Christus
816 653 1078 709 Dominus
1109 663 1317 720 noster,
1347 667 1377 707 a
1405 651 1765 720 Patrlbusque
1785 648 1987 704 verita-.

432 744 501 798 tis
552 742 947 800 confessionem
998 742 1317 812 accepistis.
1366 739 1694 796 aversamini
1748 753 1844 794 eos
1891 738 1985 807 qui

428 838 550 906 plus
580 837 829 890 minusve
854 849 1020 905 quam
1054 834 1144 888 illa
1174 834 1369 888 habeat
1400 832 1548 902 loqui
1581 829 1851 885 voluerint
1884 845 1898 882 :
1932 836 1988 882 et

427 923 630 993 majore
652 937 815 993 opera
862 922 1087 977 fratrum
1131 923 1417 977 utilitatem
1445 929 1665 985 curate,
1707 926 1768 974 ut
1814 917 1984 974 Deum

426 1016 501 1070 illi
534 1016 797 1080 timeant,
833 1024 1097 1085 praecepta
1134 1013 1477 1081 custodiant;
1531 1020 1591 1066 ut
1626 1026 1751 1068 cum
1788 1026 1859 1066 ex
1887 1010 1985 1065 do-

424 1110 597 1164 ctrina
624 1107 871 1175 Patrum,
903 1116 1016 1163 tum
1045 1123 1112 1163 ex
1152 1106 1531 1162 observatione
1565 1111 1979 1175 praeceptorum,

423 1202 561 1273 grati
582 1201 813 1256 Domino
848 1203 903 1255 in
929 1201 1017 1256 die
1046 1199 1237 1270 judicii
1261 1214 1320 1256 se
1344 1199 1536 1254 sistere
1558 1196 1786 1267 possint.
1813 1194 1983 1249 Valde

423 1302 604 1349 autem
633 1293 802 1348 miror
827 1293 1106 1347 audaciam
1143 1306 1371 1356 eorum,
1414 1288 1509 1359 qui
1552 1287 1689 1341 nihil
1735 1285 1981 1342 reformi-

422 1386 553 1440 dant
576 1384 878 1439 obtrectare
916 1383 1112 1439 dilecto
1152 1389 1207 1436 et
1247 1395 1373 1435 vere
1400 1378 1496 1434 Dei
1541 1376 1747 1433 famulo
1778 1375 1980 1431 Basilio

422 1476 694 1546 episcopo.
722 1474 802 1530 Ex
830 1473 1142 1544 huiusmodi
1172 1473 1315 1528 enim
1359 1470 1501 1526 futili
1529 1471 1855 1542 loquacitate
1885 1469 1979 1523 de-

420 1568 680 1638 prehendi
712 1566 927 1637 poterit,
963 1580 1058 1621 eos
1081 1579 1149 1620 ne
1174 1562 1395 1618 Patrum
1427 1562 1644 1633 quidem
1671 1559 1976 1617 confessio-

421 1674 545 1713 nem
595 1657 835 1729 diligere.
874 1655 1118 1712 Salutate
1166 1654 1379 1710 fratres.
1450 1653 1697 1709 Salutant
1744 1668 1839 1709 vos
1881 1651 1974 1722 qui

420 1763 633 1805 mecum
667 1756 815 1804 sunt.
861 1746 1001 1817 Opto
1032 1762 1128 1802 vos
1175 1746 1450 1802 valerein
1488 1745 1718 1800 Domino
1742 1785 1757 1812 ,
1795 1745 1973 1800 dilecti

420 1839 851 1911 optatissimique
887 1837 1005 1894 ﬁlii.

421 2039 605 2095 Sancta
655 2036 832 2091 Patris
881 2043 1049 2089 nostri
1098 2031 1539 2096 ATHANASII,
1582 2032 1971 2101 ⁸αιτίιίιιρὶεεορι

492 2108 837 2163 Alexandrini
861 2145 877 2170 ,
917 2105 1137 2175 epistola
1178 2104 1246 2158 ad
1286 2099 1716 2156 PALLADIUM
1759 2099 1973 2170 presby-

493 2189 678 2233 terum.

492 2291 694 2346 Dilecto
722 2289 833 2345 ﬁlio
858 2288 1097 2346 Palladio
1125 2286 1459 2357 presbytero,
1485 2283 1815 2339 Athanasius
1853 2284 1971 2354 epi-

419 2398 640 2454 scopus,
665 2382 719 2435 in
742 2380 973 2436 Domino
1000 2379 1251 2434 salutem.

490 2474 542 2529 l.
563 2472 855 2543 Epistolam
874 2484 1090 2540 quoque
1104 2484 1134 2522 a
1156 2479 1206 2523 te
1228 2482 1333 2520 uno
1344 2465 1596 2534 scriptam
1615 2463 1972 2519 libentissime

420 2565 622 2634 accepi,
655 2562 994 2631 potissimum
1022 2559 1148 2628 quia
1187 2557 1344 2612 solito
1376 2570 1528 2611 more
1559 2562 1763 2610 rectam
1796 2553 1970 2623 spiras

417 2656 598 2711 ﬁdem.
625 2651 767 2719 Quid
798 2662 981 2706 causa:
1012 2648 1081 2703 sit
1109 2657 1289 2702 autem
1316 2645 1460 2716 quod
1490 2660 1612 2699 cum
1645 2643 1841 2699 dilecto
1872 2657 1970 2698 no-

417 2757 535 2804 stro
559 2744 868 2821 Innocentio
893 2741 1074 2808 degas,
1108 2756 1215 2794 non
1250 2754 1395 2793 nunc
1421 2737 1676 2807 primum,
1708 2737 1801 2793 sed
1828 2736 1970 2806 jam-

417 2839 509 2892 diu
538 2835 737 2899 didici,
780 2834 1135 2903 pietatemque
1176 2829 1397 2900 probavi
1445 2839 1612 2883 tuam.
1643 2829 1778 2883 Cum
1808 2828 1970 2900 igitur

418 2929 521 2983 hoc
561 2928 809 2983 instituto
848 2924 1049 2989 utaris,
1094 2922 1365 2985 rescribe,
1396 2921 1662 2991 nobisque
1692 2920 1966 2991 signiﬁca,

2091 468 2273 520 καινὸν
2303 469 2395 521 καὶ
2420 468 2655 522 ἀκούειν.
2714 469 2901 538 Ὑμεῖς
2928 470 2984 522 δὲ
3006 508 3021 533 ,
3051 469 3264 539 ἔχοντες
3286 471 3378 522 τὸν
3405 468 3664 539 θε’μέλιον

2086 559 2320 629 ἀσφαλῆ,
2348 561 2406 623 ὃς
2430 561 2575 613 ἐστιν
2622 558 2825 631 Ἰησοῦς
2846 562 2875 613 ὁ
2898 561 3156 631 Χριστὸς,
3184 562 3213 613 ὁ
3240 559 3446 631 Κύριος
3473 561 3661 631 ἡμῶν,

2087 650 2181 701 καὶ
2211 650 2309 721 τὴν
2342 649 2450 702 τῶν
2496 650 2751 722 Πατέρων
2779 650 2905 722 περὶ
2936 651 3034 721 τῆς
3068 650 3323 721 ἀληθείας
3346 651 3659 721 ὁμολογίαν,

2084 736 2208 799 τοὺς
2241 736 2398 791 πλέον
2423 755 2475 791 τι
2502 738 2700 808 ταύτης
2724 738 2756 809 ἦ
2790 738 3007 793 ἔλαττον
3033 738 3211 793 λαλεῖν
3237 739 3489 804 θέλοντας
3517 742 3659 795 ἀπο-

2087 826 2382 897 στρέφεσθε
2407 829 2515 898 (51)
2541 870 2555 893 ,
2595 831 2687 883 καὶ
2719 830 2917 899 μᾶλλον
2954 831 3053 900 τῆς
3100 831 3205 884 τῶν
3236 831 3479 901 ἀδελφῶν
3507 833 3656 901 ὠφε-

2084 918 2228 983 λείας
2252 920 2483 988 γίνεσθε,
2505 924 2584 985 είς
2609 922 2667 975 τὸ
2689 922 2968 991 φοϐεῖσθαι
2989 924 3079 976 τὸν
3101 922 3254 988 Θεὸν,
3276 924 3371 977 καὶ
3389 923 3491 987 τὰς
3512 927 3656 977 ἐντο-

2083 1009 2179 1074 λάς
2199 1014 2382 1082 τηρεῖν
2397 1028 2410 1041 ·
2441 1013 2524 1065 ἵνα
2550 1014 2644 1065 καὶ
2670 1016 2733 1066 ὲκ
2753 1015 2851 1085 τῆς
2870 1014 3214 1077 διδασκαλίας
3236 1013 3342 1066 τῶν
3365 1015 3653 1085 Πατέρων,

2083 1103 2177 1156 καὶ
2203 1106 2265 1157 ὲκ
2292 1104 2391 1176 τῆς
2411 1103 2520 1158 τῶν
2554 1105 2780 1158 ἐντολῶν
2814 1105 3099 1176 τηρήσεως
3124 1102 3424 1175 δυνηθῶσιν
3451 1106 3649 1176 abripe-

2084 1210 2195 1246 στοι
2242 1194 2319 1264 τῷ
2359 1196 2546 1267 Κυρίῳ
2590 1196 2823 1265 φανῆναι
2860 1198 2916 1250 ὲν
2954 1198 3022 1266 τῇ
3055 1195 3237 1267 ήμέρᾳ
3264 1195 3363 1265 τῆς
3390 1197 3647 1266 κρίσεως.

2080 1284 2225 1337 Πάνυ
2269 1285 2326 1338 δὲ
2358 1285 2676 1357 τεθαύμακα
2712 1286 2808 1359 τήν
2835 1287 3147 1359 θρασύτητα
3185 1288 3294 1342 τῶν
3323 1289 3649 1361 τολμώντων

2080 1373 2256 1429 λαλεῖν
2289 1376 2427 1429 κατά
2456 1377 2548 1430 τοῦ
2592 1378 2875 1449 ἀγαπητοῦ
2923 1378 3075 1450 ήμῶν
3093 1418 3108 1442 ,
3138 1379 3231 1433 τοῦ
3259 1381 3476 1452 ἀληθῶς
3511 1383 3647 1436 Θεοῦ

2077 1464 2262 1518 δούλου
2296 1466 2570 1520 Βασιλείου
2598 1469 2689 1521 τοῦ
2722 1470 3040 1524 ἐπισκόπου.
3078 1472 3173 1525 Ἐκ
3198 1472 3307 1543 γὰρ
3332 1472 3436 1542 τῆς
3464 1473 3646 1527 rotati-

2077 1573 2177 1626 της
2210 1558 2476 1628 φλυαρίας
2520 1559 2832 1629 ἐλέγχεσθαι
2878 1560 3225 1633 δυνήσονται,
3271 1563 3346 1625 ὡς
3374 1564 3495 1617 οὐδὲ
3538 1564 3647 1617 τῶν

2077 1648 2331 1721 Πατέρων
2363 1650 2679 1717 ἀγαπῶντες
2716 1653 2814 1723 τὴν
2842 1653 3144 1723 ὁμολογίαν.
3202 1656 3645 1728 Προσαγορεύετε

2077 1741 2200 1803 τοὺς
2246 1740 2523 1811 ἀδελφούς.
2573 1743 3071 1816 Προσαγορεύουσιν
3113 1747 3256 1818 ὑμᾶς
3286 1750 3334 1801 oi
3370 1750 3472 1801 σὺν
3499 1753 3642 1821 ἐμοί.

2092 1827 2388 1899 Ἐῤῥῶσθαι
2417 1830 2559 1901 ὑμᾶς
2587 1833 2644 1884 ὲν
2678 1832 2863 1903 Κυρίῳ
2895 1832 3122 1904 εὔχομαι
3143 1872 3158 1898 ,
3215 1835 3496 1906 ἀγαπητοὶ
3552 1838 3646 1891 καὶ

2078 1915 2437 1973 ποθεινότατοι
2471 1919 2574 1972 υἱοί
2601 1918 2731 1993 (52).

2082 2048 2188 2101 Τοῦ
2220 2050 2290 2102 ἐν
2318 2051 2505 2129 ἀγίοις
2524 2053 2761 2129 ’Πατρός
2786 2054 2979 2129 Δ’ἡμῶν
3005 2059 3427 2129 ΑΘΑΝΑΣΙΟΥ,
3479 2063 3642 2129 ἀρχι-

2145 2121 2471 2195 επισκρξτου
2524 2121 2969 2195 Ἀλεξανδρείας
2993 2165 3008 2187 ,
3040 2128 3188 2195 πρὸς
3219 2121 3647 2184 ΠΑΛΑἈΔΪὸΝ

2145 2191 2545 2258 πρεσϐύτερον
2571 2193 2862 2263 ἐπιστολή
2891 2195 3022 2264 (55).

2155 2301 2443 2372 Ἀγατπιτῷ
2475 2301 2575 2373 υίῷ
2608 2303 2884 2376 Παλλαδίῳ
2915 2306 3265 2379 πρεσϐυτέρῳ
3323 2308 3641 2373 Ἀθανάσιος

2072 2392 2100 2444 δ
2128 2391 2438 2456 ἐπίσκοπος,
2470 2395 2525 2445 ὲν
2560 2394 2745 2463 Κυρίῳ
2777 2393 3004 2463 χαίρειν.

2142 2482 2194 2534 1.
2222 2484 2331 2536 Καὶ
2362 2484 2458 2553 τήν
2498 2484 2647 2556 παρά
2694 2484 2784 2538 σοῦ
2830 2485 2989 2557 μόνου
3021 2490 3319 2557 γραφεῖσαν
3345 2489 3641 2560 ἐπιστολὴν

2070 2575 2380 2646 δεξάμενος,
2421 2576 2640 2647 ἐχάρην,
2674 2576 2905 2647 μάλιστα
2933 2579 3013 2632 ὃτι
3052 2578 3294 2650 συνήθως
3323 2579 3518 2644 ἔπνεες
3542 2583 3639 2651 ἑρ-

2072 2664 2329 2732 θοδοξίας.
2391 2667 2500 2721 Καὶ
2529 2668 2627 2737 τὴν
2654 2668 2828 2722 αἰτίαν
2852 2668 2909 2722 δὲ
2950 2670 3015 2741 ῆν
3049 2670 3187 2741 μετά
3224 2671 3317 2724 τοῦ
3343 2674 3635 2744 ἀγαπητοῦ

2070 2756 2224 2828 ἡμῶν
2260 2757 2567 2811 Ἰνοκεντίου
2591 2758 2699 2830 (54)
2730 2759 2968 2827 διάγεις,
2994 2760 3054 2813 ού
3101 2760 3314 2832 πρῶτον
3349 2762 3445 2815 νῦν
3465 2804 3482 2829 ,
3515 2764 3634 2818 ἀλλ’

2069 2848 2299 2903 ἔκπαλαι
2332 2848 2537 2919 μαθὼν,
2560 2849 2902 2921 ἀπεδεξάμην
2931 2868 3022 2904 σου
3053 2853 3151 2922 τὴν
3187 2853 3495 2909 εὐλάϐειαν.
3528 2856 3636 2909 θῦ-

2068 2960 2145 2996 τω
2180 2942 2356 2995 τοίνυν
2409 2942 2680 3013 πράττων,
2714 2942 2891 3014 γράφε
2924 2943 3017 2996 καὶ
3044 2942 3275 3013 γνώριζε
3295 2946 3430 3016 ἡμῖν
3453 2987 3469 3013 ,
3511 2948 3635 3012 πῶς

418 3022 546 3093 quid
575 3021 769 3076 fratres
796 3018 893 3090 qui
921 3018 1044 3072 istic
1068 3023 1378 3077 versantur,
1415 3014 1544 3083 quid
1580 3015 1822 3069 veritatis
1864 3014 1967 3068 ini-

2073 3037 2184 3088 ἐκεῖ
2208 3036 2257 3088 οί
2285 3034 2501 3104 ἀδελφοὶ
2525 3035 2657 3105 (55),
2688 3037 2781 3089 καὶ
2809 3036 2927 3100 πῶς
2958 3036 3007 3088 οί
3034 3036 3215 3108 ἐχθροὶ
3242 3014 3347 3108 τῆς
3366 3037 3634 3108 ἀληθείας

418 3112 543 3167 inici
571 3113 638 3167 de
665 3110 821 3165 nobis
847 3106 1100 3177 cogitent.
1128 3103 1283 3171 Quod
1311 3110 1493 3159 autem
1525 3103 1593 3157 de
1613 3101 1965 3160 Caesariensi-

413 3204 516 3259 bus
543 3199 823 3257 monachis
857 3195 1193 3269 signiﬁcasti,
1226 3194 1457 3264 idipsum
1489 3198 1520 3249 a
1545 3193 1741 3250 dilecto
1778 3204 1965 3250 nostro

416 3294 608 3351 Dianio
653 3292 835 3361 accepi
854 3306 879 3344 -:
908 3290 1149 3346 infensos
1192 3286 1397 3343 scilicet
1457 3287 1604 3358 ipsos
1641 3302 1763 3343 esse
1803 3295 1966 3357 atque

413 3386 677 3442 obsistere
720 3383 914 3439 dilecto
953 3373 1118 3435 nobis
1136 3376 1335 3432 Basilio
1361 3377 1635 3448 episcopo.
1670 3377 1791 3433 Tibi
1819 3385 1964 3433 certe

410 3474 504 3546 qui
545 3489 657 3530 rem
696 3471 947 3528 indicasti
989 3468 1217 3540 gratiam
1259 3467 1461 3535 habw;
1503 3467 1612 3522 illis
1641 3481 1801 3532 vero,
1843 3482 1965 3538 quae

409 3565 607 3633 decuit,
637 3563 863 3633 scripsi,
891 3572 951 3615 ut
979 3560 1125 3614 velut
1152 3558 1247 3613 ﬁlii
1277 3557 1416 3628 patri
1448 3559 1836 3628 obsequantur,
1866 3572 1963 3613 nec

407 3664 708 3729 repugnent
732 3655 800 3710 iis
827 3668 947 3724 quae
975 3650 1237 3721 approbat
1264 3650 1375 3704 ille.
1409 3647 1544 3705 Nam
1572 3651 1616 3706 si
1646 3651 1789 3705 circa
1818 3649 1961 3704 veri-

408 3759 571 3806 tatem
614 3754 895 3819 suspectus
943 3744 1033 3798 ille
1076 3752 1247 3808 esset,
1302 3753 1448 3798 recte
1489 3753 1824 3814 pugnarent;
1876 3742 1959 3797 sin

406 3841 716 3906 conﬁdunt,
751 3850 811 3894 ut
840 3852 940 3893 nos
968 3833 1310 3901 conﬁdimus,
1334 3849 1455 3892 esse
1484 3835 1634 3890 illum
1670 3832 1833 3905 764
1860 3832 1961 3888 Ec-

406 3935 584 3990 clesite
611 3932 835 4004 gloriam
862 3974 877 3999 ,
905 3930 994 4001 qui
1024 3930 1185 3985 etiam
1213 3944 1312 3999 pro
1344 3929 1568 3984 veritate
1592 3928 1833 3993 dimicat,
1863 3926 1961 3982 do-

407 4038 595 4101 cetque
624 4028 747 4083 illos
784 4026 876 4096 qui
907 4026 1155 4081 doctrina
1194 4022 1440 4096 indigent
1468 4040 1486 4090 ;
1530 4038 1653 4078 cum
1685 4022 1955 4092 ejusmodi

405 4135 537 4177 sane
581 4119 798 4176 homine
837 4117 988 4173 nefas
1030 4125 1113 4173 est
1155 4131 1430 4188 pugnare,
1474 4115 1583 4170 imo
1621 4115 1803 4186 probae
1846 4129 1958 4169 sua:

405 4209 747 4265 conscientia:
778 4222 962 4264 causa
1004 4205 1415 4276 acceptissimus
1453 4220 1575 4261 csse
1600 4204 1777 4259 debet.
1817 4202 1957 4259 Sane

402 4302 559 4357 exiis
589 4316 711 4372 qua:
730 4300 969 4356 narravit
994 4300 1221 4354 dilectus
1249 4298 1492 4363 Dianius,
1529 4296 1675 4351 nulla
1698 4296 1765 4352 de
1788 4312 1953 4351 causa

2067 3126 2193 3196 περὶ
2225 3129 2257 3196 ή
2267 3125 2381 3197 μῶν
2401 3125 2748 3180 διανοοῦνται.
2795 3125 3006 3197 Ἐπειδὴ
3034 3127 3091 3179 δὲ
3127 3128 3221 3180 καὶ
3249 3129 3375 3199 περὶ
3398 3130 3509 3183 τῶν
3534 3149 3635 3202 μο-

2064 3216 2328 3282 ναζόντων
2374 3219 2481 3271 τῶν
2526 3220 2583 3271 ὲν
2629 3219 2930 3290 Καισαρείᾳ
2978 3218 3278 3290 ἐδήλωσας·
3332 3218 3539 3290 ἔμαθον
3572 3221 3633 3275 δὲ

2063 3304 2212 3375 παρὰ
2231 3303 2323 3358 τοῦ
2346 3305 2626 3377 ἀγαπητοῦ
2646 3306 2799 3376 ήμῶν
2815 3307 3045 3370 Διανίου,
3066 3306 3140 3371 ὡς
3155 3308 3513 3379 λυπουμένων
3533 3313 3631 3364 καὶ

2062 3394 2464 3464 ἀνθισταμένων
2483 3394 2658 3449 αὐτῶν
2679 3396 2757 3466 τῷ
2782 3397 3047 3468 ἀγαπητῷ
3076 3397 3232 3469 ἡμῶν
3253 3399 3522 3473 Βασιλείῳ
3548 3404 3629 3474 τῷ

2061 3484 2339 3553 ἐπισκόπῳ
2358 3501 2372 3514 ⁸
2407 3484 2465 3538 σὲ
2500 3485 2598 3555 μὲν
2629 3484 2971 3556 ἀπεδεξάμην
2995 3486 3327 3556 ἃηλώσαντα,
3354 3491 3547 3556 αὐτοῖς
3568 3494 3627 3546 δὲ

2059 3573 2128 3626 τά
2157 3573 2427 3643 πρέποντα
2457 3575 2727 3645 δεδήλωκα
2748 3592 2762 3607 ·
2796 3576 2960 3641 ἵν”ὡς
2989 3578 3152 3631 τέκνα
3179 3579 3499 3637 ὑπακούωσι
3524 3603 3628 3637 πα-

2058 3664 2165 3733 τρὶ,
2185 3666 2278 3715 καὶ
2307 3663 2379 3735 μὴ
2400 3665 2765 3733 ἀντιλέγωσιν,
2794 3660 2875 3729 οἷς
2904 3668 3066 3731 αὐτὸς
3092 3669 3393 3741 δοκιμάζει.
3428 3674 3492 3725 Ei
3526 3676 3626 3745 μὲν

2059 3755 2165 3822 γὰρ
2186 3753 2422 3818 ὕποπτος
2447 3750 2515 3826 ἦν
2538 3756 2663 3827 περὶ
2688 3756 2784 3828 τὴν
2808 3758 3084 3828 ἀλήθειαν,
3115 3760 3293 3825 καλῶς
3315 3764 3587 3834 ἐμάχοντο
3604 3783 3619 3796 ’

2059 3848 2108 3898 εἰ
2128 3847 2184 3899 δὲ
2203 3846 2588 3918 τεθαρῤήκασι,
2610 3847 3022 3921 τεθαρρήκαμεν
3038 3852 3093 3905 δὲ
3108 3854 3200 3907 καὶ
3218 3853 3418 3918 πάντες
3437 3858 3620 3927 ἡμεῖς,

2058 3938 2132 4000 ὡς
2156 3938 2409 4011 καύχημα
2428 3939 2526 4009 τῆς
2541 3939 2857 4011 Έκκλησίας
2877 3941 3042 4007 ἐστὶν,
3069 3944 3466 4016 ἀγωνιζόμενος
3490 3948 3624 4017 μα’λ·

2057 4025 2145 4078 λον
2167 4028 2305 4099 ὑπὲρ
2325 4028 2426 4098 τῆς
2447 4027 2721 4098 ἀληθείας,
2750 4030 2843 4083 καὶ
2865 4030 3127 4086 διδάσκων
3149 4035 3272 4098 τοὺς
3297 4035 3587 4106 δεομένους
3603 4057 3616 4070 -

2057 4121 2117 4172 ού
2144 4120 2247 4192 χρὴ
2277 4120 2412 4191 πρὸς
2437 4121 2528 4174 τὸν
2559 4121 2795 4174 τοιοῦτον
2825 4121 3109 4192 μάχεσθαι,
3140 4124 3272 4179 ἀλλὰ
3297 4127 3392 4179 καὶ
3416 4128 3621 4197 μᾶλλον

2057 4210 2407 4281 ἀποδέχεσθαι
2439 4211 2536 4281 τὴν
2577 4211 2784 4283 ἀγαθὴν
2823 4213 2986 4267 αὐτοῦ
3031 4214 3349 4286 συνείδησιν.
3421 4219 3513 4284 Ἐξ
3542 4213 3620 4272 ὧν

2058 4301 2164 4372 γὰρ
2190 4302 2480 4373 διηγήσατο
2506 4305 2534 4355 ὀ
2556 4304 2835 4375 ἀγαπητὸς
2853 4303 3062 4369 Διάνιος
3078 4346 3093 4370 ,
3132 4308 3305 4378 μάτην
3334 4308 3617 4376 φαίνονται

401 4396 652 4452 videntur
677 4392 964 4463 indignari.
992 4390 1087 4446 Ille
1111 4405 1346 4460 namque
1367 4430 1382 4457 ,
1410 4397 1469 4444 ut
1497 4388 1770 4455 existimo,
1803 4388 1954 4443 inﬁr-

2073 4392 2397 4463 ιυπούμενοι.
2465 4394 2635 4458 Αὐτὸς
2691 4395 2788 4466 μὲν
2826 4396 2964 4468 γὰρ,
2997 4397 3072 4461 ὡς
3100 4397 3413 4470 τεθάῤῥηκα
3438 4441 3453 4465 ,
3502 4406 3618 4467 τοῖς

402 4488 507 4540 mis
535 4483 784 4539 inﬁrmus
822 4481 1081 4547 eﬁicitur,
1124 4490 1183 4536 ut
1224 4479 1471 4535 inﬁrmos
1501 4479 1740 4535 lucretur
1761 4480 1806 4512 ⁸⁸
1836 4498 1849 4534 :
1880 4481 1956 4534 di-

399 4578 524 4633 lecti
566 4591 696 4632 vero
741 4574 914 4630 nostri
951 4573 1345 4643 conspicientes
1401 4572 1521 4642 ejus
1561 4572 1628 4626 ad
1673 4573 1953 4626 veritatem

403 4683 626 4738 scopum
647 4709 663 4735 ,
695 4677 855 4736 atque
880 4665 1236 4720 oeconomiam
1260 4705 1275 4729 ,
1306 4662 1543 4718 referant
1585 4662 1815 4718 Domino
1841 4664 1954 4734 glo-

396 4762 535 4816 riam
555 4800 569 4827 ,
594 4760 689 4831 qui
721 4756 1074 4829 Cappadociae
1101 4756 1411 4826 episcopum
1438 4756 1584 4811 dedit
1616 4756 1950 4825 hujusmodi,

398 4850 612 4921 qualem
640 4863 775 4904 sane
803 4847 951 4902 nulla
986 4861 1093 4901 non
1121 4845 1267 4915 regio
1297 4846 1400 4900 sibi
1445 4853 1711 4916 peroptat.
1740 4844 1822 4899 Tu
1855 4847 1953 4900 ita-

398 4957 522 5012 que,
551 4940 762 5004 dilecte.
789 4940 842 4994 id
872 4939 1000 5003 illis,
1028 4950 1233 5007 quaeso,
1261 4940 1507 4992 renuntia
1531 4955 1544 5004 ;
1583 4948 1663 5004 ut,
1695 4922 1971 5008 quemad-~

399 5031 617 5085 modum
662 5029 874 5100 scripsi,
923 5042 1127 5082 morem
1158 5026 1233 5081 illi
1262 5034 1468 5096 gerant.
1506 5026 1634 5081 Illud
1683 5028 1825 5080 enim
1858 5042 1952 5082 eos

396 5135 523 5190 erga
581 5126 787 5188 patrem
844 5129 1002 5171 suum
1049 5114 1337 5169 benevolos
1381 5112 1600 5178 elIicict,
1653 5129 1950 5185 pacemque

365 5296 377 5319 ο
468 5275 525 5306 δι
553 5272 572 5326 I
598 5273 724 5328 Cor.
762 5288 838 5337 ιι,
864 5269 955 5325 22.

467 5420 578 5489 (51)
616 5419 794 5475 Felck.
828 5421 882 5482 ’5,
917 5416 1367 5489 ἀποστρέφεσθαι.

488 5486 575 5557 52)
616 5490 732 5542 Υἱοί
763 5489 913 5544 deest
941 5490 997 5543 in
1028 5486 1208 5541 Felrk.
1244 5486 1299 5557 '5.

467 5554 579 5629 (55)
619 5559 759 5622 Haec,
789 5558 925 5629 πρὸς
949 5557 1244 5629 Παλλάδιον
1273 5554 1636 5629 πρεσϐύτερον
1663 5556 1940 5629 ἐπιστολή,

394 5624 590 5683 absunt
617 5644 647 5682 a
675 5624 861 5695 Regio,
892 5626 1054 5683 Basil.
1079 5636 1132 5679 ct
1160 5624 1334 5680 Felck'.
1371 5627 1422 5689 5,
1466 5624 1559 5680 sed
1590 5625 1857 5681 habentur
1888 5624 1941 5681 iii

2055 4483 2368 4538 ἀσθενοῦσιν
2402 4483 2626 4556 ἀσθενὴς
2656 4486 2896 4554 γίνεται,
2937 4487 3021 4540 ἵνα
3048 4490 3173 4551 τοὺς
3204 4489 3451 4554 ἀσθενεῖς
3483 4511 3613 4565 κερ-

2053 4573 2224 4646 δήσῃο
2254 4575 2304 4625 οί
2330 4574 2386 4627 δὲ
2418 4574 2686 4646 ἀγαπητοὶ
2727 4575 2911 4647 ήμῶν,
2967 4577 3362 4642 ἀποὸλέποντες
3398 4583 3477 4644 είς
3524 4583 3618 4637 τὸν

2056 4664 2254 4718 σκοπὸν
2284 4665 2379 4737 τῆς
2408 4665 2661 4736 ἀληθείας
2691 4665 2874 4730 αὑτοῦ,
2902 4668 2995 4719 καὶ
3026 4668 3122 4738 τὴν
3147 4670 3454 4740 οἰκονομίαν
3473 4713 3488 4736 ,
3524 4674 3615 4727 δο-

2054 4755 2357 4823 ξαζέτωσαν
2381 4756 2471 4810 τὸν
2496 4756 2717 4828 Κύριον,
2754 4756 2844 4811 τὸν
2861 4757 3126 4813 δεδωκότα
3149 4763 3215 4831 τῇ
3246 4755 3616 4837 Καππαδοκία

2052 4845 2286 4902 τοιοῦτον
2312 4848 2626 4912 ἐπίσκοπον,
2647 4842 2756 4901 οἷον
2778 4848 2873 4902 καὶ
2897 4850 3100 4919 ἑκάστη
3127 4849 3276 4921 χώρα
3297 4850 3440 4921 ἔχειν
3464 4852 3616 4923 εὔχε-

2051 4955 2155 4993 ται.
2188 4939 2297 4992 Καὶ
2321 4940 2384 4992 σὺ
2411 4934 2502 4993 οὖν
2520 4980 2534 5003 ,
2569 4940 2814 5012 ἀγαπητὲ
2831 4984 2848 5009 ,
2897 4940 3119 5011 θέλησον
3143 4942 3323 5005 αὐτοῖς
3346 4943 3612 5014 δηλῶσαι,

2052 5028 2170 5092 ἴνα,
2202 5029 2276 5093 ὡς
2306 5029 2545 5100 ἔγραψα,
2578 5030 2858 5083 πεισθῶσι.
2916 5031 3087 5086 Τοῦτο
3128 5033 3237 5103 γὰρ
3280 5034 3373 5087 καὶ
3413 5035 3613 5100 αὐτοὺς

2053 5118 2358 5190 συνίστησιν
2390 5120 2729 5192 εὐγνώμονας
2756 5121 2893 5192 πρὸς
2924 5123 3133 5194 πατέρα
3151 5140 3163 5154 ο
3210 5124 3366 5178 τοῦτο
3386 5127 3482 5179 καὶ
3506 5128 3613 5199 τὴν

2049 5432 2227 5487 Εειυιί.
2257 5431 2308 5492 7,
2336 5438 2389 5482 rt
2416 5429 2470 5481 in
2500 5427 2752 5482 omnibus
2779 5429 2957 5483 editis.

2116 5501 2228 5567 (54)
2267 5497 2574 5552 Felckman.
2605 5499 2660 5563 5,
2698 5498 3064 5552 Ἰνοκουστίου.

2118 5565 2228 5642 (55)
2268 5568 2574 5625 Felckman.
2603 5567 2658 5633 5,
2692 5567 2809 5631 πῶς
2835 5569 3030 5622 ἐκεῖνοι
3054 5571 3102 5622 οἱ
3127 5565 3367 5640 ἀδελφοί.
