3794 6226
150 276 310 333 M69
1187 266 1524 339 EPISTOLA
1558 282 1648 336 AD
1687 281 1982 339 AMUNEM
2020 279 2428 339 MONACHUM.
3266 282 3403 341 1170

150 399 394 470 εἰρήνην
418 402 537 462 ταῖς
577 401 1052 474 Ἐκκλησίαιςβδ)
1076 403 1409 473 διαφυλάξει.
1448 402 1648 475 Ἐρῤὦσ

1905 403 2214 458 cclesiarum
2258 401 2511 457 servabit.
2553 402 2691 472 Opto
2730 410 2784 459 te
2824 402 2878 460 in
2929 402 3159 460 Domino
3196 403 3403 472 valere,

154 503 221 539 σε
252 489 319 542 ἐν
351 488 542 560 Κυρίῳ
572 487 822 562 εὔχομαι,
855 491 1102 563 ἀγαπητὲ
1131 493 1233 545 υἱέ.

662 508 822 562 εομαι,
855 491 1102 563 ἀγαπητὲ
1131 493 1233 545 υἱέ.
1721 506 1726 510 ·
1847 492 2037 547 dilecte
2071 491 2160 547 ﬁli.

185 684 3392 714 NW

801 815 882 876 IN
935 816 1138 877 TRES
1194 816 1799 890 SUBSEQUENTES
1851 816 2280 877 EPISTOLAS
2324 817 2803 879 ADMONITIO.

233 998 279 1053 l.
305 998 510 1053 Prteter
534 1015 593 1053 ea
619 1016 735 1071 qua:
755 1000 809 1054 in
838 998 1148 1070 prtefatione
1173 998 1403 1071 generali
1426 999 1508 1053 his
1532 999 1596 1054 de
1618 1002 1854 1072 epistolis
1874 1002 2275 1069 adnotavimus,
2300 1003 2565 1057 eruditum
2594 1002 2836 1059 lectorem
2860 1005 3116 1061 monitum
3140 1005 3400 1073 uolumus.

161 1097 316 1150 nobis
342 1096 547 1150 nullam
567 1096 650 1150 hic
673 1096 834 1167 fuisse
865 1098 1111 1167 temporis
1144 1099 1422 1162 rationem,
1446 1108 1600 1168 atque
1628 1100 1745 1154 ideo
1767 1101 1837 1154 ad
1870 1100 2066 1154 calcem
2092 1098 2217 1153 illa’s
2241 1098 2616 1163 transmisisse,
2643 1108 2701 1153 ut
2725 1113 2825 1169 quo
2848 1098 3027 1153 ordine
3054 1097 3108 1151 in
3130 1097 3404 1153 Canonum

163 1185 563 1242 collectionibus
594 1194 823 1253 exstant,
850 1188 1028 1243 eodem
1056 1190 1138 1243 hic
1163 1188 1464 1243 locarentur
1485 1206 1504 1243 :
1530 1190 1583 1243 in
1617 1176 1746 1245 solis
1775 1193 1963 1262 quippe
1997 1190 2270 1250 Canonum
2306 1190 2572 1243 codicibus
2600 1197 2895 1258 comparent
2923 1187 3053 1256 illas,
3080 1188 3221 1243 haud
3255 1203 3405 1243 secus

161 1283 261 1336 hoc
291 1284 351 1337 in
382 1292 519 1338 tomo
547 1284 822 1339 ordinatae.
856 1282 1129 1356 Editteque
1152 1294 1271 1340 sunt
1303 1287 1444 1354 apud
1467 1276 1793 1340 Theodorum
1822 1286 2213 1351 Balsamonem,
2239 1300 2356 1337 cum
2386 1284 2599 1340 scholiis
2623 1283 2854 1354 ejusdem
2876 1281 3225 1337 Balsamonis.
3250 1280 3405 1335 (Iuste

165 1374 293 1428 item
311 1384 434 1428 sunt
459 1376 514 1428 in
540 1374 864 1431 Collectione
889 1377 1173 1435 Canouum
1202 1380 1519 1445 Oxoniensi,
1548 1390 1673 1437 tom.
1700 1381 1765 1449 ll,
1787 1397 1842 1450 p.
1870 1381 1961 1448 56,
1997 1396 2116 1435 cum
2144 1379 2351 1433 scholiis
2382 1378 2609 1435 Zonaras
2628 1389 2676 1433 et
2695 1377 3047 1433 Balsamonist
3079 1374 3156 1430 De
3181 1374 3402 1445 singulis

165 1471 414 1538 quredam
438 1470 522 1524 hic
554 1473 776 1542 agenda.

238 1566 302 1619 ΙΙ.
334 1564 597 1623 Eptsrou
618 1585 681 1623 AD
701 1570 929 1625 Αιιυιιειι
959 1571 1091 1627 nihil
1115 1572 1267 1627 habet
1295 1572 1432 1643 quod
1448 1572 1794 1627 Athanasium
1820 1584 2083 1627 auctorem
2107 1589 2212 1626 non
2243 1571 2524 1640 prazferat;
2552 1568 2607 1622 id
2632 1565 2798 1635 stylus
2825 1562 3031 1628 suadet,
3049 1574 3246 1615 necnon
3273 1574 3400 1620 Ora-

163 1661 323 1714 tionis
352 1674 873 1734 argumentorumque
906 1665 1173 1738 ὲνέργεια,
1218 1683 1402 1722 nomen
1428 1668 1647 1738 denique
1676 1669 1894 1723 Amunis
1919 1668 2160 1722 monachi
2189 1668 2479 1723 Athanasio
2493 1663 2773 1729 notissimi,
2791 1661 2853 1716 de
2881 1676 2983 1731 quo
3002 1674 3160 1729 supra
3185 1673 3239 1727 p.
3274 1655 3397 1710 672-

166 1755 486 1822 Qutzstionis
517 1767 690 1811 autem
712 1757 990 1822 cujusdam
1026 1762 1167 1831 apud
1197 1762 1475 1816 monachos
1508 1764 1753 1817 excitatae
1784 1763 2055 1818 occasione
2088 1763 2214 1816 data
2244 1762 2353 1816 hwc
2385 1760 2606 1828 epistola
2631 1766 2727 1813 est.
2759 1755 3015 1811 Nonnulli
3041 1755 3226 1826 quippe
3250 1761 3402 1809 erant

163 1844 255 1911 qui
281 1854 570 1899 nocturnas
596 1843 867 1899 illusiones
895 1846 1060 1901 animi
1089 1849 1424 1918 corporisque
1449 1850 1733 1918 puritatem
1757 1855 2006 1901 temerare
2032 1846 2413 1912 contenderent,
2437 1862 2540 1916 qua
2563 1845 2626 1899 de
2647 1863 2700 1901 re
2721 1847 2785 1901 ab
2811 1851 3009 1902 Amune
3029 1855 3399 1901 monachorum

164 1932 332 1988 Patre
364 1944 575 2005 rogatus
596 1935 936 2004 Athanasius,
973 1938 1162 1993 ualidis
1184 1939 1273 1993 ille
1297 1948 1493 2010 pugnat
1523 1939 1863 2011 argumentis,
1895 1954 1998 1992 non
2024 1938 2140 2007 plus
2167 1940 2366 2008 peccati
2380 1939 2499 1992 huic
2534 1940 2697 1995 inesse
2729 1941 2825 2006 rei,
2849 1940 2974 1994 dum
3002 1939 3136 1993 absit
3165 1939 3400 2008 proposi-

168 2035 301 2092 tum,
334 2045 492 2098 quam
519 2032 783 2099 egerendis
809 2032 1124 2101 quibuslibet
1160 2035 1392 2103 corporis
1426 2034 1785 2090 excrementis.
1818 2033 1988 2087 Porro
2020 2049 2135 2087 cum
2157 2032 2331 2087 Amun
2361 2044 2481 2088 ante
2511 2033 2796 2088 Antonium
2833 2032 2941 2086 vita
2976 2031 3183 2101 functus
3213 2032 3303 2095 sit,
3338 2039 3397 2084 ut

165 2138 221 2190 p.
245 2122 352 2177 672
378 2123 594 2190 dicitur,
621 2125 906 2195 obieritque
924 2125 1187 2181 Antonius
1215 2128 1423 2182 ineunte
1460 2143 1597 2182 anno
1630 2126 1755 2192 556,
1789 2142 1994 2181 necesse
2024 2136 2099 2180 est
2132 2137 2253 2182 ante
2284 2145 2482 2182 annum
2518 2128 2671 2182 illum
2700 2127 2885 2181 datam
2907 2126 3184 2197 epistolam
3213 2126 3396 2195 fuisse,

166 2215 259 2269 sed
288 2231 391 2286 quo
424 2231 622 2285 revera,
656 2217 948 2286 conjectare
969 2221 1260 2290 nequimus.

236 2308 325 2364 Ill.
358 2309 630 2366 EPISTOLA
656 2326 929 2376 rusnus,
956 2310 1109 2364 initio
1138 2309 1349 2376 mutila,
1378 2317 1435 2363 ut
1476 2309 1659 2379 cuique
1686 2307 1865 2378 palam
1901 2318 1998 2375 est,
2022 2325 2086 2363 ex
2124 2325 2340 2364 numero
2379 2325 2489 2364 esse
2516 2311 2720 2365 videtur
2749 2311 3088 2381 epistolarum
3122 2309 3398 2366 Athanasii

171 2406 446 2475 {estalium
474 2407 538 2462 ab
571 2406 894 2478 Hieronymo
924 2416 1354 2473 memoratarum,
1376 2404 1470 2459 lib.
1495 2403 1570 2459 De
1599 2404 1960 2474 scriptoribus
1991 2404 2399 2473 ecclesiasticis,
2426 2406 2483 2459 in
2503 2423 2606 2476 qua
2647 2415 2817 2460 tamen
2857 2404 3112 2461 nonnulla
3143 2405 3276 2475 forte
3305 2419 3398 2459 oc-

167 2509 352 2553 currat
386 2500 605 2554 adversa
634 2500 882 2569 suspicio.
918 2496 1063 2552 Nam
1084 2498 1209 2551 dum
1238 2497 1516 2551 canonicos
1546 2504 1771 2549 recenset
1802 2495 1962 2549 libros
1989 2495 2336 2561 Athanasius,
2362 2496 2574 2551 minime
2598 2497 2752 2566 aﬂ'ert
2783 2498 2957 2551 varias
2996 2496 3058 2550 de
3088 2497 3400 2549 auctoritate

167 2590 517 2658 quorumdam
567 2589 858 2661 Scriptura:
902 2589 1158 2643 librorum
1207 2588 1526 2647 sententias:
1556 2588 1772 2659 plurimi
1805 2603 2026 2657 namque
2064 2585 2156 2641 illo
2188 2603 2295 2642 (evo
2323 2594 2611 2657 postremas
2638 2588 2772 2642 duas
2795 2586 3019 2642 Joannis
3046 2582 3311 2657 Epistolas
3343 2587 3402 2639 in

168 2686 577 2741 controversiam
606 2687 880 2751 vocabant,
912 2701 1109 2739 necnon
1141 2685 1276 2739 alias
1305 2684 1584 2755 quasdam,
1612 2684 1936 2754 maximeque
1957 2684 2186 2737 omnium
2212 2683 2560 2754 Apocalypsin
2580 2681 2803 2739 Joannis
2827 2699 2844 2737 :
2869 2699 2973 2755 qua
2993 2687 3055 2737 de
3080 2681 3400 2753 relegendus

169 2779 447 2850 Eusebius,
482 2782 573 2837 lib.
600 2798 660 2837 ιιι
710 2780 918 2838 Eccles.
947 2780 1098 2847 hist.,
1127 2797 1180 2850 p.
1213 2780 1304 2848 97,
1325 2789 1376 2834 et
1406 2778 1619 2848 Gregor.
1643 2778 1907 2834 Nazianz.
1934 2778 2117 2834 Carm.
2143 2797 2194 2850 p.
2213 2779 2280 2835 98
2301 2789 2351 2834 et
2376 2778 2496 2835 194.
2537 2778 2726 2834 Verum
2753 2788 2928 2834 nostra
2953 2780 3158 2850 quidem
3177 2778 3399 2849 judicio,

168 2876 304 2930 nihil
333 2886 411 2932 est
435 2885 497 2931 ut
519 2893 582 2932 ea
607 2878 672 2932 de
703 2893 866 2931 causa
911 2884 1221 2931 haereamus.
1262 2874 1405 2930 Nam
1441 2877 1609 2944 potuit
1649 2875 1969 2929 Athanasius
2019 2891 2175 2929 suam
2203 2859 2552 2945 oerioremque
2576 2875 2887 2929 sententiam
2929 2872 3135 2945 populis
3177 2872 3400 2942 aperire,

166 2967 294 3037 quin
312 2966 488 3020 uarias
511 2981 573 3021 ea
594 2964 658 3021 de
679 2982 733 3020 re
752 2965 1150 3034 disceptationes
1165 2963 1304 3035 vulgi
1319 2976 1531 3034 captum
1552 2972 1852 3034 superantes
1873 2964 1928 3017 in
1949 2965 2173 3019 ntedium
2188 2967 2417 3035 afferret.
2439 2964 2611 3030 Quare
2632 2965 2907 3021 Athanasii
2924 2981 3097 3019 verum
3116 2980 3224 3020 esse
3242 2964 3403 3033 fetum

169 3060 515 3116 arbitramur.

242 3156 333 3213 IV.
369 3156 437 3212 In
468 3173 728 3214 npts'rou
756 3175 824 3213 Αι)
855 3156 1194 3212 Rurmunuu
1216 3156 1349 3210 nihil
1370 3172 1472 3210 non
1502 3129 2182 3221 occurri;Athanasianum,
2207 3173 2298 3212 nec
2320 3159 2605 3229 quidquam
2635 3157 2996 3214 controversia:
3020 3156 3084 3209 de
3108 3154 3203 3208 illa
3227 3165 3400 3239 ortum

172 3248 276 3318 fuit
305 3251 531 3320 uspiam.
571 3249 796 3320 Scripsit
821 3261 994 3305 autem
1022 3250 1192 3317 illam,
1222 3260 1280 3304 ut
1322 3249 1604 3319 Ruﬁniano
1652 3250 2003 3320 responderet,
2040 3254 2294 3321 quaerenti
2331 3270 2433 3322 qua
2475 3254 2771 3310 conditione
2814 3253 3124 3307 admittendi
3167 3244 3399 3306 lueretic’

171 3352 315 3413 sunt,
340 3361 459 3399 cum
492 3346 561 3399 ad
588 3362 773 3400 sanam
805 3346 1167 3417 regrediuntur
1190 3347 1365 3416 ﬁdem.
1395 3347 1477 3401 Ad
1497 3346 1606 3402 ha’c
1634 3346 1708 3399 ait
1730 3345 2077 3413 Athanasius,
2102 3348 2170 3402 iis
2210 3350 2297 3418 qui
2340 3361 2687 3417 revertuntur,
2724 3352 2770 3405 si
2816 3350 3022 3413 hteresi,
3057 3364 3157 3403 sua
3194 3357 3396 3416 sponte,

171 3435 491 3505 putrocinati
518 3438 734 3507 fuerint,
765 3438 1161 3493 condonaudum
1204 3439 1433 3509 quidem,
1458 3440 1547 3495 sed
1576 3440 1633 3493 in
1660 3439 1855 3494 clerum
1876 3441 2013 3510 ipsos
2054 3442 2264 3496 minime
2298 3443 2647 3499 admittendos
2689 3454 2960 3513 oportere:
2988 3443 3091 3507 sin,
3125 3442 3173 3494 vi
3207 3438 3395 3502 coacti,

170 3544 292 3584 cum
315 3530 569 3586 htereticis
603 3535 972 3598 consenserint,
1003 3550 1104 3587 non
1123 3533 1236 3587 loco
1265 3533 1406 3602 ipsos
1438 3550 1527 3588 nec
1560 3533 1731 3604 gradu
1755 3536 2025 3590 movendos
2046 3554 2175 3592 esse.
2219 3538 2576 3611 Memoratque
2621 3542 2843 3611 carptim
2881 3539 3137 3610 synodum
3164 3537 3400 3593 Alexan—

172 3612 315 3681 drice"
333 3628 567 3684 habitam
596 3642 732 3684 anno
752 3629 875 3694 562,
900 3647 1058 3701 quam
1099 3631 1193 3685 diu
1235 3640 1353 3690 ante
1401 3630 1711 3685 celebratam
1744 3631 1915 3685 innuit
1941 3648 1958 3685 :
1981 3648 2045 3686 ea:
2081 3650 2183 3704 quo
2225 3636 2430 3690 videtur
2461 3639 2735 3706 postremis
2775 3636 3055 3691 Athanasii
3091 3636 3212 3691 vita:
3239 3633 3396 3688 annis

173 3722 300 3776 d'ata
332 3725 442 3778 haec
460 3726 698 3794 epistola.
724 3723 893 3779 Porro
920 3726 1097 3780 eadem
1127 3725 1287 3795 ferme
1317 3725 1567 3796 delapsis
1596 3725 1665 3779 ad
1695 3724 1961 3780 Basiliam
1993 3731 2203 3800 scripsit
2233 3732 2575 3799 Athanasius,
2601 3750 2717 3803 qua:
2749 3734 2818 3786 ad
2855 3732 3212 3802 Ruﬁnianum,
3238 3740 3294 3785 ut
3327 3731 3400 3786 vi-

172 3816 292 3868 dere
320 3825 396 3870 est
425 3816 479 3869 in
510 3815 728 3886 epistola
752 3816 944 3871 Basilii
965 3817 1050 3871 75.
2208 3838 2209 3841 ‘

182 3991 290 4045 Τοῦ
318 3991 386 4043 ἐν
412 3990 600 4078 curiose
631 3990 857 4078 Ιζςιξρρς
1093 3995 1530 4078 ΑθΑζνΑΣιο-Υ,
1584 3998 1680 4067 dp;

1901 4000 2000 4074 65
2035 4002 2218 4078 Sancti
2254 4003 2431 4078 Patris
2477 4005 2654 4078 nostri
2678 4003 2866 4078 ΑΤΗΑ
3137 4007 3399 4078 archiepi-

255 4053 643 4144 eatqudffo’um
666 4053 1105 4144 Ἀλεξανδρείας
1128 4103 1143 4128 ,
1224 4053 1529 4143 ἐπιστολῆ
1571 4053 1737 4137 ,σὲρῖδς

1902 4053 2066 4142 ῗῖὄρῖ
2076 4053 2430 4139 uisendus;
2469 4053 2813 4144 ssiazs‘szi
2829 4053 3192 4131 ’ἏᾲιῖῦΝὲιιῖ
3209 4053 3400 4133 3523543-

249 4131 507 4185 ΑΜΟΥΝ
538 4130 650 4203 (57)
678 4131 1028 4201 μονάζοντα.
1492 4130 1512 4143 ”
1627 4130 1645 4137 ⁷
1712 4130 1728 4135 ⁷

584 4130 650 4203 ἱ7)
678 4131 1028 4201 μονάζοντα.
1492 4130 1512 4143 ’⁷
1627 4130 1645 4137 ⁷
1712 4130 1728 4135 ⁷
1911 4130 2082 4199 chum.

246 4244 430 4299 Πάντα
453 4244 549 4315 μὲν
568 4243 706 4298 καλὰ
728 4247 821 4299 καὶ
841 4245 1055 4317 καθαρὰ
1076 4246 1144 4301 τὰ
1161 4246 1254 4299 τοῦ
1274 4245 1408 4300 Θεοῦ
1431 4251 1708 4321 ποιήματα
1723 4268 1736 4281 ’

1909 4255 2131 4328 Opiﬂcia
2184 4255 2278 4313 Dei
2320 4259 2501 4315 omnia
2548 4259 2688 4315 bona
2729 4275 2972 4331 puraque
3014 4270 3178 4329 sunt;
3210 4262 3400 4320 inutile

176 4336 326 4391 οὐδὲν
346 4335 455 4409 γὰρ
483 4337 803 4410 ἄχρηστονῆ
831 4337 1135 4410 ἀκάθαρτον
1167 4341 1197 4392 ὁ
1227 4338 1321 4392 τοῦ
1344 4338 1479 4393 Θεοῦ
1510 4343 1672 4398 πεποί

1898 4352 2039 4422 lippe
2089 4353 2223 4407 nihil
2267 4362 2361 4408 aut
2401 4354 2670 4424 impurum
2719 4352 2813 4410 Dei
2863 4353 3097 4410 Verbum
3138 4356 3396 4413 condidit.

178 4434 243 4483 κε
289 4429 402 4499 (58)
427 4431 615 4500 Λόγος·
643 4431 899 4499 Χριστοῦ
950 4432 1059 4503 γὰρ
1085 4431 1300 4486 εὐωδία
1325 4432 1511 4502 ἐσμὲν
1530 4433 1598 4486 ὲν
1620 4452 1676 4488 te

1899 4460 1974 4498 am
2006 4444 2205 4501 Christi
2236 4445 2397 4500 bonus
2423 4449 2552 4500 odor
2579 4463 2759 4500 sumus
2789 4447 2846 4500 in
2880 4449 2946 4501 iis
2974 4448 3062 4518 qui
3085 4447 3217 4503 salvi
3243 4448 3397 4518 ﬁunt,

176 4518 553 4589 σωζομένοις,
584 4522 723 4574 κατὰ
750 4521 842 4574 τὸν
868 4522 1186 4576 Ἀπόστολον
1204 4541 1217 4554 ο
1238 4523 1422 4594 ὲπειδὴ
1448 4524 1504 4577 δὲ
1529 4526 1674 4579 ποικί

1919 4537 1996 4592 ait
2019 4538 2388 4607 Apostolus".
2413 4538 2547 4592 Cum
2582 4547 2760 4593 autem
2789 4540 2939 4593 varia
2970 4539 3268 4611 callidaque
3291 4539 3402 4597 sint

176 4612 273 4666 καὶ
304 4610 616 4684 πολύτροπα
648 4612 715 4667 τὰ
741 4612 831 4667 τοῦ
863 4613 1109 4667 διαϐόλου
1139 4615 1265 4687 βέλη
1287 4654 1302 4678 ,
1334 4616 1426 4668 καὶ
1456 4617 1579 4680 τοὺς
1610 4619 1674 4671 dtu

1899 4629 2043 4687 aboli
2072 4630 2198 4693 tela,
2227 4630 2321 4699 qui
2356 4631 2408 4686 id
2443 4639 2618 4698 curat,
2649 4639 2709 4685 ut
2740 4631 3097 4701 simpliciores
3125 4610 3308 4687 animo
3343 4633 3397 4686 in

183 4702 487 4774 ραιοτέρους
510 4705 575 4774 τῇ
596 4703 787 4774 γνώμῃ
809 4705 1207 4776 παρασκευάζει
1229 4705 1610 4778 ταράττεσθαι,
1626 4724 1681 4759 ut

1901 4723 2298 4777 :rturbationem
2366 4723 2655 4792 conjiciat,
2702 4722 3005 4794 fratresque
3047 4742 3079 4781 a
3125 4726 3399 4782 consuetis

176 4793 295 4846 λύει
315 4810 374 4846 τε
406 4794 504 4864 τῆς
537 4794 795 4865 συνήθους
819 4793 1124 4867 γυμνασίας
1150 4800 1273 4861 τοὺς
1296 4797 1573 4867 ἀδελφοὺς,
1609 4799 1674 4851 ὑπ

1903 4814 2114 4869 ercitiis
2143 4815 2430 4882 deterreat,
2464 4814 2592 4869 dum
2624 4816 2866 4885 impurus
2893 4816 3085 4872 inserit
3110 4818 3401 4873 obscenas-

177 4884 417 4954 σπείρων
436 4886 616 4949 αὐτοῖς
643 4885 932 4958 λογισμοὺς
953 4888 1289 4961 ἀκαθαρσίας
1315 4892 1406 4943 καὶ
1432 4890 1673 4961 μολυσμο

1903 4920 1947 4959 Ie
1981 4905 2358 4974 cogitationes,
2389 4921 2507 4976 age,
2538 4884 2728 4975 paucis
2756 4908 2976 4978 maligni
3012 4907 3267 4973 fraudes,
3304 4923 3401 4979 per

177 4975 335 5044 φέρε,
366 4973 452 5028 διὰ
482 4974 726 5047 βραχέων
756 4977 849 5029 καὶ
867 4978 966 5049 τὴν
986 4977 1078 5030 τοῦ
1106 4979 1342 5051 πονηροῦ
1377 4979 1584 5052 πλάνην
1634 4982 1675 5033 ἀλ

1898 4973 2141 5052 ιινοιοιὶε
2183 4997 2354 5051 nostri
2401 4973 2652 5067 gratiam,
2699 4973 3052 5066 depellamus,
3100 4973 3396 5070 simplicio—

174 5064 457 5133 ελάσωμεν
489 5068 555 5136 τῇ
584 5065 674 5118 τοῦ
705 5066 955 5137 Σωτῆρος
976 5068 1128 5139 ἡμῶν
1163 5071 1362 5139 χάριτι,
1391 5072 1484 5125 καὶ
1511 5072 1608 5142 τὴν
1633 5087 1672 5123 τι

1902 5104 2070 5158 .mque
2087 5098 2322 5144 mentem
2340 5090 2479 5144 conti
2489 5105 2742 5147 rmemus.
2767 5090 2958 5145 Omnia
2975 5092 3190 5161 quidem
3203 5094 3400 5148 munda

176 5155 559 5228 ἁπλουστέρων
594 5156 817 5229 γνώμην
846 5159 1182 5232 στηρίξωμεν
1212 5158 1346 5231 (59).
1411 5161 1611 5217 Πάντα
1642 5181 1674 5234 μ

1900 5180 2113 5234 undis“
2153 5198 2165 5233 :
2205 5181 2297 5235 sed
2330 5181 2666 5249 impurorum
2709 5192 2823 5237 tum
2880 5183 3248 5248 conscientia,
3286 5194 3398 5238 tum

261 5268 296 5298 "'
336 5266 376 5320 ll
402 5268 526 5322 Cor.
557 5284 617 5331 ιι,
651 5268 734 5322 15.
810 5269 856 5300 δε
895 5267 997 5323 Tit.
1026 5284 1065 5333 ι,
1104 5268 1186 5323 l5.

254 5378 361 5453 (56)
407 5378 640 5449 Regius,
678 5380 776 5451 τῆς
826 5380 1164 5450 Ἑκκλησίας.
1203 5378 1325 5435 Mox
1364 5379 1739 5453 Rt-gius,'6ta.-

1383 5381 1561 5453 Regius
1581 5382 1739 5447 ,·δια-
1771 5354 1811 5408 Β
1847 5377 2024 5453 ζοντα,
2055 5377 2219 5453 addit,
2254 5378 2378 5453 napi
2403 5378 2881 5453 ξνυπνιαζομένων,

180 5444 455 5518 φυλάττει.
486 5444 511 5449 ⁷
626 5444 634 5446 ἡ
733 5444 744 5451 ’
1009 5444 1021 5450 ⁷
1445 5444 1472 5453 ⁷
1582 5444 1590 5447 ’

1916 5447 2028 5518 (58)
2072 5448 2266 5518 Regius
2302 5444 2355 5511 ὅ,
2402 5449 2643 5517 ἐποίησε.
2680 5444 2820 5502 lnlra
2847 5449 3080 5503 Colltet't.
3107 5449 3164 5515 2,
3195 5452 3316 5505 ἐπεὶ
3344 5450 3403 5506 δὲ

260 5517 503 5590 (57)βί(3
551 5519 784 5573 maxima
842 5536 966 5590 pars
1021 5520 1534 5589 manuscriptorum.
1576 5520 1736 5585 Editi,

1849 5516 2083 5590 ποιξιζλαἶ
2115 5517 2235 5570 Mox
2261 5527 2495 5590 quatuor
2525 5516 3243 5590 manuscripti,_dxspaloug.

182 5604 311 5641 cum
343 5588 515 5665 tribus
549 5587 1313 5665 manuscriptisdgpofivlscd
1344 5608 1465 5665 cum
1501 5590 1660 5643 unico
1697 5610 1741 5665 p.
1892 5587 2030 5665 .559)
2074 5588 2362 5665 lta__omncs
2409 5587 2574 5665 let'me
2603 5604 2876 5665 manuscr.
2914 5587 3055 5643 Editi
3086 5606 3213 5645 vero
3269 5607 3402 5665 στιν

185 5658 493 5726 legendum,
534 5672 592 5712 ιιι
614 5674 774 5729 supra
809 5656 929 5730 pag.
954 5656 1073 5715 672.
1093 5660 1323 5716 Colbert.
1352 5661 1405 5723 ‘2,
1437 5670 1554 5730 post
1585 5678 1679 5730 μον

1721 5689 1741 5698 -
1851 5657 2106 5730 ρίςωμεν.
2140 5656 2254 5711 Mox
2284 5658 2395 5729 ,γάρ
2430 5659 2579 5713 deest
2603 5660 2653 5712 in
2681 5667 2913 5727 quatuor
2944 5675 3219 5719 manuscr.
