3794 6226
372 266 506 327 Ii?!

972 269 1034 326 S.
1076 269 1453 328 ΑἸἩΑΝΑΒΙΙ
1492 270 1647 328 ΟΡΡ.
1669 269 1851 327 PARS
1881 272 1925 327 l.

2054 269 2430 327 HISTORICA
2467 268 2558 325 ET
2598 252 3024 325 DOGMATICA.

3463 268 3647 326 1173

373 392 570 442 cetera
595 385 777 450 omnia
816 383 1099 451 immunda
1139 392 1286 442 sunt.
1328 383 1496 449 Miror
1522 395 1702 443 autem
1733 385 1929 443 diaboli

2048 384 2139 455 γὰρ
2174 382 2399 451 καθαρὰ
2434 382 2555 447 τοῖς
2586 379 2892 449 καθαροῖςο
2917 379 3025 434 τῶν
3052 376 3111 433 δὲ
3152 379 3489 452 ἀκαθάρτων
3525 382 3651 435 καὶ

374 472 666 543 vafritiem,
693 475 785 545 qui
814 477 1030 531 tametsi
1055 476 1332 546 corruptio
1359 477 1583 547 luesque
1601 486 1704 543 est,
1725 478 1932 548 cogitar

2048 479 2063 547 ιλ
2097 474 2397 544 συνείδησις
2429 476 2521 528 καὶ
2548 472 2617 528 τὰ
2653 474 2830 527 πάντα
2862 472 3206 543 μεμόλυνται.
3262 474 3530 543 ’Δγαμαι
3572 473 3645 526 δι

369 569 549 624 tiones
576 568 812 639 suggerit
839 569 1017 637 specie
1047 568 1264 638 quidem
1290 570 1520 639 puritate
1544 570 1751 639 plenas.
1775 568 1927 635 Quod

2048 567 2124 621 τοῦ
2149 567 2393 620 διαϐόλου
2424 567 2486 620 τὸ
2518 567 2757 636 σόφισμα
2784 607 2799 630 ,
2847 565 3034 635 ὅτιπερ
3060 604 3074 627 ,
3125 564 3301 636 φθορά
3330 567 3429 618 καὶ
3462 564 3641 634 λύμη

369 661 483 731 agit
521 660 613 715 ille
657 660 981 714 insidiarum
1027 661 1209 730 potius
1257 676 1459 727 causa,
1510 678 1674 731 quam
1722 662 1932 732 experi-

367 751 558 805 menti.
590 749 710 815 Quo
743 750 909 817 enim,
936 761 995 805 ut
1021 766 1183 821 supra
1211 752 1342 817 dixi,
1376 762 1585 808 ascetas
1611 769 1638 807 ο
1670 762 1930 808 consueta

367 850 425 894 et
453 839 675 895 salutari
703 839 1053 895 meditatione
1081 850 1309 903 avertat,
1339 850 1499 911 atque
1540 841 1641 895 hac
1665 841 1719 894 in
1745 855 1803 895 re
1835 856 1930 894 su-

368 932 551 1002 perior
577 931 799 995 evadat,
832 932 1146 1002 hujusmodi
1176 933 1421 1003 quaedam
1453 934 1779 997 insusurrat,
1811 947 1932 1001 qua:

367 1022 505 1077 nihil
526 1023 650 1078 vitae
674 1023 947 1078 commodi
978 1023 1212 1078 afferunt
1238 1041 1252 1078 :
1286 1025 1379 1079 sed
1407 1038 1577 1078 vanas
1606 1022 1930 1092 quaestiones

366 1123 424 1169 et
454 1128 726 1185 nugas,‘a
766 1115 925 1170 nobis
975 1130 1106 1169 sane
1149 1114 1528 1186 repudiandas.
1579 1114 1719 1181 Quid
1752 1115 1930 1181 enim,

367 1220 576 1275 quaeso,
609 1206 803 1261 dilecte
827 1222 891 1261 ac
919 1207 1182 1277 piissime,
1232 1207 1436 1275 peccati
1483 1215 1574 1261 aut
1604 1207 1813 1276 impuri
1834 1221 1929 1260 na-

368 1296 531 1350 turali
565 1295 706 1351 inest
735 1299 1120 1353 excremento?
1151 1297 1348 1367 Ecquis
1381 1298 1514 1351 vitio
1556 1305 1762 1351 vertere
1810 1297 1933 1350 velit

366 1400 649 1441 mucorem
676 1400 707 1457 ᾳ
744 1386 973 1441 naribus
1000 1387 1251 1456 ejectum,
1281 1387 1363 1440 vel
1392 1396 1547 1456 sputa
1578 1402 1673 1441 ore
1696 1385 1932 1441 emissa?

373 1477 575 1547 quibus
600 1478 832 1547 plurima
878 1493 1165 1548 possemus
1191 1479 1406 1544 addere,
1446 1481 1651 1534 ventris
1675 1480 1929 1533 nimirum

369 1582 733 1636 excrementa,
770 1586 892 1641 quae
915 1571 1135 1626 animali
1159 1571 1225 1626 ad
1253 1573 1419 1625 vitam
1451 1571 1753 1626 necessaria
1782 1579 1929 1625 sunt.

367 1660 449 1716 Ad
480 1661 615 1726 haec,
642 1661 687 1715 si
723 1660 995 1716 hominem
1026 1675 1144 1715 esse
1169 1675 1428 1713 manuum
1462 1658 1554 1712 Dei
1579 1674 1714 1728 opus
1739 1675 1930 1714 secun-

366 1753 498 1808 dum
525 1751 833 1824 Scripturas
855 1755 1149 1816 credimus,
1177 1753 1450 1823 quomodo
1478 1768 1543 1806 ex
1576 1768 1709 1821 pura
1740 1761 1931 1821 poten-

366 1845 444 1899 tia
470 1860 609 1914 opus
650 1846 1076 1899 contaminatum
1107 1844 1323 1914 prodire
1353 1841 1646 1896 valuit?.Et
1674 1842 1748 1908 si,
1784 1851 1841 1896 ut
1875 1844 1929 1896 in

365 1935 591 1991 Actibus
618 1937 994 2005 apostolorum
1034 1937 1251 2007 legitur,
1307 1951 1480 2004 genus
1518 1932 1613 1989 Dei
1659 1934 1928 1996 sumus",

365 2027 499 2082 nihil
531 2043 661 2083 sane
690 2030 745 2083 in
772 2029 928 2085 nobis
955 2030 1227 2099 impurum
1270 2029 1552 2084 habemus.
1597 2026 1749 2081 Tunc
1787 2026 1930 2081 enim

366 2119 543 2175 solum
572 2120 942 2190 inquinamur,
986 2137 1111 2177 cum
1141 2123 1360 2192 pessimi
1392 2122 1578 2176 odoris
1606 2136 1741 2190 Opus
1762 2159 1776 2178 .
1807 2135 1932 2189 pec-

365 2214 546 2260 catum
579 2208 822 2273 scilicet,
857 2223 1169 2277 operamur.
1204 2210 1271 2264 At
1304 2226 1426 2265 cum
1462 2219 1652 2279 prazter
1690 2209 1935 2263 volunta-

366 2302 474 2349 tem
535 2295 782 2351 naturale
826 2298 1117 2367 quodpiam
1176 2309 1577 2354 excrementum
1644 2300 1926 2359 emittitur,

366 2390 498 2440 tunc
542 2394 753 2441 natum
791 2390 1153 2455 necessitate,
1200 2399 1261 2445 ut
1301 2406 1464 2460 supra
1513 2391 1782 2455 diximus,
1819 2390 1933 2445 inec

365 2492 489 2539 cum
523 2481 732 2535 caeteris
780 2480 1095 2537 toleramus.
1154 2480 1258 2537 Sed
1292 2484 1417 2553 quia
1462 2485 1529 2549 ii,
1577 2484 1776 2553 quibus
1824 2496 1932 2536 una

365 2569 536 2637 probe
583 2570 764 2637 dictis,
798 2572 909 2626 imo
952 2588 984 2627 a
1031 2572 1143 2629 Deo
1186 2575 1353 2645 gestis
1398 2574 1563 2630 rebus
1598 2573 1932 2644 repugnandi

367 2663 510 2731 inest
537 2678 702 2735 cura,
737 2665 940 2721 dictum
986 2666 1117 2721 illud
1157 2667 1525 2737 evangelicum
1560 2669 1882 2734 detorquent
1917 2685 1930 2721 :

366 2747 487 2815 Non
516 2767 637 2832 qua:
666 2753 1060 2824 ingrediuntur,
1104 2757 1199 2811 sed
1246 2772 1367 2826 quae
1406 2757 1755 2825 egrediuntur
1784 2756 1934 2811 coin-

367 2845 597 2913 quinant
647 2848 1022 2916 hominem“;
1075 2849 1215 2904 hanc
1271 2864 1460 2905 eorum
1515 2849 1814 2913 insaniam,
1866 2865 1935 2905 ne

367 2938 544 2992 dicam
611 2939 1008 3009 quaestionem,
1062 2939 1423 2997 confutemus.
1489 2938 1731 2994 Primum
1787 2942 1929 2995 enim

2032 660 2308 730 ὑπάρχων,
2341 658 2631 728 λογισμοὺς
2662 658 2949 712 ὑποϐάλλει
2981 658 3059 728 τῷ
3088 658 3262 711 δοκεῖν
3298 657 3400 728 μὲν
3432 658 3641 710 καθα-

2035 752 2271 822 ρότητος
2312 749 2501 803 ἔστιδὲ
2532 751 2591 802 τὸ
2617 751 2931 821 γιγνόμενον
2963 750 3150 819 ἐνέδρα
3178 750 3377 819 μᾶλλον
3401 749 3436 819 ἢ
3468 749 3639 801 δοκι-

2034 843 2219 912 μασία.
2250 844 2367 896 Ἵνα
2392 843 2517 910 γὰρ,
2552 842 2627 905 ὡς
2652 846 2927 914 προεῖπον,
2953 840 3305 913 ἀπασχολὴσῃ
3332 841 3449 912 (60)
3483 842 3636 904 τοὺς

2032 933 2272 1004 ἀσκητάς
2299 934 2399 1002 τῆς
2431 934 2619 1003 ὲθίμου
2654 934 2748 986 καὶ
2779 932 3148 1004 σωτηριώδους
3189 933 3457 1003 μελέτης,
3518 934 3633 992 καὶ

2030 1024 2156 1097 δόξῃ
2184 1027 2403 1094 κρατεῖν
2423 1041 2437 1055 ·
2468 1024 2607 1077 κατά
2637 1023 2792 1077 τοῦτο
2822 1024 3044 1077 τοιαῦτά
3067 1041 3189 1077 τινα
3216 1027 3358 1081 κινεῖ
3393 1023 3629 1094 $011.66-

2032 1133 2125 1168 κια
2146 1157 2159 1178 ,
2200 1116 2355 1170 ἅτινα
2381 1115 2533 1188 φέρει
2568 1115 2663 1186 μὲν
2695 1115 2844 1168 οὐδὲν
2872 1115 2947 1186 τῷ
2976 1115 3075 1185 βίῳ
3106 1116 3374 1187 χρήσιμον
3395 1155 3410 1177 ,
3439 1115 3629 1176 κενὰς

2030 1205 2086 1258 δὲ
2103 1204 2357 1277 ζητήσεις
2373 1205 2464 1259 καὶ
2481 1202 2764 1276 φλυαρίας,
2784 1204 2847 1268 ἃς
2865 1205 2943 1257 δεῖ
2961 1204 3362 1276 παραιτεῖσθαι.
3383 1205 3450 1256 Τί
3473 1205 3623 1276 γάρ,

2032 1298 2152 1352 είπέ
2191 1314 2299 1367 μοι,
2330 1292 2374 1350 ὦ
2413 1298 2660 1367 ἀγαπητὲ
2688 1298 2781 1351 καὶ
2808 1297 3185 1359 εύλαδὲστατε,
3211 1296 3316 1367 ἔχει
3347 1298 3624 1367 ἁμάρτη-

2036 1406 2111 1459 μα
2138 1388 2171 1458 ἢ
2209 1387 2513 1459 ἀκάθαρτον
2544 1391 2742 1459 φυσική
2770 1405 2854 1451 τις
2886 1388 3156 1463 ἑκκρισις;
3189 1388 3264 1452 ὡς
3294 1388 3461 1451 εἴτις
3490 1387 3623 1440 ἐθέ-

2030 1468 2111 1530 λοι
2163 1477 2429 1531 ποιεῖσθαι
2473 1477 2721 1548 ἔγκλημα
2768 1480 2860 1530 καὶ
2888 1477 2983 1540 τὰς
3013 1476 3101 1529 διὰ
3132 1477 3292 1547 ῥινῶν
3320 1479 3453 1530 ἐκπε
3465 1494 3625 1547 μποο-

2035 1570 2201 1641 μένας
2234 1570 2405 1639 μύξας
2439 1571 2531 1623 καὶ
2562 1570 2628 1623 τά
2656 1570 2742 1623 διὰ
2776 1570 3040 1640 στόματος
3073 1570 3399 1640 πτύσματα·
3434 1568 3525 1621 ἔτι
3553 1569 3621 1620 δὲ

2033 1665 2127 1716 καὶ
2153 1664 2352 1716 τούτων
2382 1664 2574 1733 ἔχομεν
2604 1662 2783 1731 λέγειν
2817 1661 3056 1725 πλείονα,
3081 1661 3181 1725 τάς
3204 1660 3290 1713 διά
3313 1661 3622 1731 γαστέρων

2031 1756 2322 1826 ἐκκρίσεις,
2353 1757 2495 1825 ειπερ
2522 1754 2598 1824 τῷ
2621 1754 2742 1823 ζώῳ
2769 1752 2904 1824 πρὸς
2927 1753 2987 1805 τὸ
3013 1754 3109 1822 ζῇν
3138 1753 3409 1819 ἀναγκαῖα
3468 1750 3623 1803 καθ-

2030 1847 2277 1917 ἔστηκεν.
2312 1847 2427 1899 Ἔτι
2454 1863 2511 1899 τε
2549 1846 2680 1913 (61),
2711 1848 2757 1899 εί
2787 1844 2893 1897 τῶν
2916 1844 3006 1897 τοῦ
3043 1843 3174 1896 Θεοῦ
3210 1843 3403 1914 χειρῶν
3436 1841 3621 1912 ἔργον

2031 1935 2166 1990 εἶναι
2197 1937 2520 2007 πιστεύομεν
2550 1938 2640 1990 τὸν
2666 1937 2969 2009 ἄνθρωπον,
2999 1935 3137 1988 κατά
3164 1937 3259 1999 τὰς
3285 1936 3433 1997 θείας
3453 1934 3619 2003 Γρα-

2032 2029 2157 2098 φάς,
2187 2030 2304 2093 πῶς
2335 2030 2561 2099 ἠδύνατο
2589 2031 2652 2082 ἐκ
2682 2029 2924 2100 καθαρᾶς
2947 2029 3226 2099 δυνάμεως
3249 2028 3407 2100 ἔργον
3433 2043 3487 2079 τι
3521 2026 3617 2095 γί-

2031 2124 2214 2179 νεσθαι
2246 2123 2682 2195 μεμολυσμένον;
2712 2122 2821 2175 Καὶ
2853 2123 2900 2174 εί
2938 2122 3091 2189 γένος
3131 2121 3225 2174 τοῦ
3253 2121 3387 2174 Θεοῦ
3421 2122 3620 2191 ὑπάρ-

2032 2234 2196 2288 χομεν
2226 2216 2362 2270 κατά
2391 2216 2489 2292 τὰς
2513 2214 2660 2277 θείας
2682 2214 2791 2267 τῶν
2819 2214 3130 2267 ἀποστόλων
3154 2212 3405 2284 Πράξεις,
3446 2215 3618 2267 οὐδὲν

2030 2310 2224 2380 ἔχομεν
2253 2310 2310 2361 ὲν
2342 2311 2549 2372 ἑαυτοῖς
2578 2307 2904 2377 ἀκάθαρτον.
2935 2306 3063 2358 Τότε
3101 2305 3208 2377 γὰρ
3239 2306 3400 2375 μόνον
3427 2324 3614 2376 μεμο-

2031 2402 2293 2474 λύσμεθα,
2323 2404 2408 2456 ὅτε
2432 2402 2531 2471 τὴν
2557 2401 2962 2470 δυσωδεστάτην
2994 2399 3266 2470 ἁμαρτίαν
3293 2400 3613 2471 ἐργαζόμε-

2032 2495 2117 2548 θα.
2157 2495 2283 2548 Ὅτε
2315 2494 2372 2547 δὲ
2398 2493 2598 2564 φυσική
2630 2509 2713 2556 τις
2748 2491 2992 2562 ἔκκρισις
3037 2490 3343 2561 ἀϐουλήτως
3373 2490 3484 2559 (62)
3519 2491 3615 2557 γί-

2031 2601 2211 2646 νεται,
2243 2584 2363 2636 τότε
2394 2586 2458 2654 τῇ
2486 2585 2584 2653 τῆς
2615 2582 2829 2652 φύσεως
2865 2581 3079 2653 ἀνάγκῃ
3111 2581 3247 2651 μετά
3270 2580 3378 2633 τῶν
3400 2581 3611 2645 ἄλλων,

2032 2675 2108 2738 ὼς
2132 2674 2460 2746 προείπομεν
2476 2714 2490 2739 ,
2531 2676 2624 2728 καὶ
2652 2674 2809 2728 τοῦτο
2834 2674 3192 2744 ὑπομένομεν.
3232 2672 3364 2725 Ἃλλ¹
3387 2673 3617 2744 ἐπειδή-

2032 2783 2138 2837 περ
2171 2768 2220 2820 οἱ
2252 2765 2495 2829 θέλοντες
2528 2766 2683 2836 μόνον
2711 2764 3010 2832 ἀντιλέγειν
3038 2768 3149 2827 τοῖς
3179 2764 3350 2835 ὀρθῶς
3374 2764 3614 2834 λεγομέ-

2032 2876 2142 2921 νοις
2166 2897 2180 2922 ,
2220 2857 2416 2928 μᾶλλον
2444 2857 2503 2910 δὲ
2536 2856 2683 2927 παρά
2725 2856 2861 2910 Θεοῦ
2892 2855 3304 2926 πεποιημένοις,
3353 2856 3612 2927 παραφέ-

2035 2967 2186 3024 ρουσι
2215 2951 2308 3003 καὶ
2326 2948 2435 3019 (65)
2458 2949 2619 3020 ῥητὸν
2642 2947 2991 3017 εὐαγγελικόν
3013 2964 3026 2977 ο
3044 2947 3118 3011 ὼς
3135 2947 3216 3000 ὅτι
3233 2947 3306 3001 Οὐ
3333 2945 3401 2999 τά
3423 2949 3611 3018 εἰσερ-

370 3029 681 3099 Scripturas
707 3045 806 3100 pro
846 3046 943 3086 sua
990 3032 1323 3103 ignorantia,
1373 3033 1651 3088 instabiles
1678 3048 1809 3088 sane
1836 3033 1933 3086 ho-

2048 3044 2236 3113 (όμενα
2270 3046 2436 3096 κοινοῖ
2474 3043 2565 3096 τὸν
2593 3042 2874 3113 ἄνθρωπον
2897 3083 2912 3108 ,
2964 3040 3099 3095 ἀλλά
3138 3040 3204 3093 τὰ
3236 3040 3611 3110 ἐξερχόμενασ

369 3122 545 3177 mines
569 3161 585 3185 ,
615 3123 985 3193 depravant".
1040 3123 1210 3189 Porro
1240 3125 1481 3180 divinum
1531 3126 1812 3181 oraculum
1853 3126 1933 3180 sic

370 3213 533 3268 habet
561 3232 574 3269 :
599 3229 723 3269 cum
759 3215 980 3285 quidam
1015 3217 1159 3271 enim
1187 3257 1203 3283 ,
1233 3216 1690 3287 quemadmodum
1725 3218 1834 3282 isti,
1867 3217 1934 3271 de

368 3304 505 3359 cibis
551 3305 887 3376 ambigerem
909 3348 924 3373 ,
956 3306 1069 3377 ipse
1094 3307 1359 3363 Dominus
1384 3350 1403 3379 ,
1435 3319 1494 3363 ut
1522 3324 1708 3365 eorum
1733 3310 1934 3364 levaret

370 3395 729 3466 ignorantiam
751 3439 766 3464 ,
808 3398 1101 3469 dolumque
1134 3401 1346 3455 cunctis
1376 3410 1654 3470 retegeret,
1687 3401 1786 3468 ait,
1814 3398 1931 3456 Non

367 3504 431 3543 ea
481 3504 602 3560 qua:
647 3490 1023 3561 ingrediuntur
1078 3493 1351 3547 hominem
1403 3493 1784 3563 coinquinare,
1841 3494 1935 3547 sed

369 3598 492 3652 quae
546 3584 916 3653 egrediuntur.
963 3585 1127 3639 Addit
1176 3595 1297 3654 post
1342 3587 1487 3649 haac,
1549 3596 1602 3641 et
1664 3586 1933 3655 undenam

369 3675 721 3746 egrediuntur
755 3692 857 3731 :ex
904 3678 1083 3732 corde.
1152 3678 1306 3744 Quod
1356 3678 1523 3748 probe
1594 3688 1777 3737 nosset
1828 3679 1936 3749 illic

371 3765 721 3835 profanarum
781 3768 1166 3839 cogitationum
1244 3770 1590 3839 aliorumque
1667 3770 1932 3824 scelerum

370 3857 545 3917 malos
588 3859 767 3913 inesse
811 3858 1113 3915 thesauros.
1154 3859 1381 3915 Brevius
1430 3870 1608 3916 autem
1647 3860 1937 3930 Apostolus

370 3952 605 4022 idipsum
629 3952 814 4007 docuit
843 3952 991 4008 hisce
1013 3952 1190 4007 verbis
1215 3969 1227 4003 :
1264 3951 1399 4005 Esca
1427 3968 1529 4005 non
1561 3968 1652 4005 nos
1679 3967 1937 4004 commen-

367 4048 466 4104 dat
493 4050 603 4105 Deo
617 4051 684 4104 ⁵³.
708 4049 826 4104 Jam
856 4050 1052 4119 aliquis
1082 4058 1383 4120 opportune
1411 4048 1609 4103 dixerit
1639 4067 1650 4101 :
1682 4046 1937 4100 Naturale

370 4150 774 4197 excrementum
811 4140 944 4195 nulli
991 4155 1090 4195 nos
1122 4139 1388 4210 supplicio
1422 4139 1586 4209 766
1616 4138 1833 4192 addicit.
1872 4136 1938 4191 Et

371 4231 605 4290 fortasse
638 4234 740 4303 ipsi
768 4233 962 4288 medici
997 4235 1078 4300 (ut
1109 4233 1236 4288 hinc
1264 4231 1511 4286 homines
1543 4231 1619 4284 illi
1648 4230 1732 4284 vel
1756 4230 1824 4285 ab
1849 4245 1939 4285 ex.-

370 4328 576 4382 traneis
619 4327 828 4398 pudore
879 4325 1214 4392 alIiciantur)
1268 4325 1551 4379 nobiscum
1611 4323 1933 4396 defendent,

2035 3136 2346 3204 ἀναγκαίως
2367 3135 2545 3188 αὐτῶν
2574 3135 2667 3187 καὶ
2690 3132 2894 3203 ταύτην
2924 3133 3020 3203 τὴν
3049 3134 3287 3200 ἀλογίαν
3311 3134 3374 3186 οὐ
3406 3134 3517 3203 γὰρ
3539 3132 3608 3186 ἂν

2033 3214 2278 3295 εἴποιμεν
2297 3225 2405 3295 (64)
2424 3226 2666 3295 ζήτησιν,
2688 3223 2993 3294 ὲλέγξομεν.
3018 3225 3237 3295 Πρῶτον
3256 3224 3354 3295 μὲν
3377 3223 3489 3295 γὰρ
3505 3222 3609 3286 τὰς

2035 3316 2254 3387 Γραφὰς
2281 3316 2417 3369 κατὰ
2445 3315 2543 3380 τάς
2574 3314 2707 3378 ἰδίας
2732 3315 2969 3385 ἀμαθίας
2982 3316 3297 3386 ἀστήρικτοι
3321 3314 3475 3377 ὄντες
3493 3314 3610 3385 Bede

2037 3408 2234 3472 ξονται.
2255 3410 2406 3479 Ἔχει
2434 3409 2491 3461 δὲ
2511 3409 2569 3462 τὸ
2591 3407 2733 3460 θεῖον
2763 3406 2903 3460 οὕτω
2924 3409 3102 3473 λόγιον
3124 3426 3137 3439 ο
3169 3407 3340 3461 Τινῶν
3366 3406 3477 3476 γάρ
3498 3408 3607 3461 πά-

2034 3504 2116 3555 λιν
2149 3501 2357 3565 τούτοις
2394 3501 2592 3571 ὁμοίως
2626 3501 2927 3565 ὲνδυαστῶς
2958 3501 3188 3571 ἑχόντων
3221 3498 3348 3569 περὶ
3381 3497 3610 3568 βρωμάφ

2034 3612 2170 3657 των,
2204 3594 2364 3656 αὐτὸς
2407 3595 2435 3645 ὁ
2468 3593 2669 3663 Κύριος
2699 3592 2839 3645 λύων
2879 3591 3057 3645 αὐτῶν
3085 3591 3180 3662 τὴν
3212 3591 3453 3658 ἄγνοιαν,
3483 3590 3521 3660 ἡ
3549 3590 3603 3656 γ’

2036 3679 2126 3738 οὖν
2150 3682 2245 3754 τὴν
2277 3682 2490 3752 ἀπάτην
2522 3680 2860 3754 δημοσιεύων
2879 3721 2894 3745 ,
2935 3681 3102 3752 φησὶ,
3133 3678 3223 3749 Μὴ
3254 3678 3325 3730 τὰ
3356 3678 3609 3749 suam.

2040 3789 2174 3843 μενα
2208 3770 2416 3826 κοινοῦν
2464 3771 2555 3825 τὸν
2588 3770 2905 3842 ἄνθρωπον,
2958 3768 3093 3823 ἀλλά
3131 3768 3201 3821 τὰ
3252 3767 3604 3838 ἐξερχόμενα.

2034 3858 2172 3922 Εἶτα
2198 3864 2410 3933 ἐπάγει,
2440 3861 2713 3915 καὶῖπόθεν
2743 3861 3101 3932 ὲξερχόμεναο
3132 3859 3199 3912 τὰ
3226 3858 3332 3911 ἀπὸ
3355 3857 3601 3930 καρδίας.

2049 3958 2197 4010 Ἐκεῖ
2220 3956 2327 4026 γὰρ
2350 3951 2487 4008 εἶναι
2517 3956 2641 4017 τοὺς
2663 3954 2931 4024 πονηροὺς
2960 3952 3265 4023 θησαυροὺς
3291 3948 3401 4003 τῶν
3446 3949 3607 4020 βεδή-

2036 4050 2142 4105 λων
2164 4049 2437 4119 λογισμῶν
2461 4046 2674 4101 καὶτῶν
2695 4046 2868 4100 ἄλλων
2894 4043 3301 4115 ἁμαρτημάτων
3323 4042 3601 4110 γινώσκει.

2037 4128 2447 4210 Συντομώτερον
2495 4139 2551 4191 δὲ
2597 4140 2625 4190 ὁ
2686 4135 3002 4207 Ἀπόστολος
3052 4134 3181 4188 αὐτὸ
3233 4132 3605 4203 δεδιδαγμένος

2008 4250 2015 4255 -
2040 4231 2170 4301 φησι
2189 4247 2203 4260 ο
2238 4229 2448 4298 Βρῶμα
2472 4227 2539 4281 δέ
2564 4227 2718 4297 ἡμᾶς
2741 4231 2812 4280 οὺ
2838 4225 3209 4296 παραστήσει
3234 4225 3343 4295 (65)
3364 4223 3445 4290 τῷ
3462 4222 3600 4290 Θεῷ.

2037 4321 2173 4390 «ban
2206 4319 2249 4373 δ’
2275 4319 2339 4373 ἄν
2372 4336 2453 4381 τις
2482 4318 2573 4372 καὶ
2598 4318 2691 4370 νῦν
2720 4318 2956 4385 εὐλόγως
2975 4336 2986 4347 ·
3019 4318 3221 4387 Φυσική
3251 4333 3334 4378 τις
3362 4315 3605 4387 ἔκκρισις

294 4467 300 4472 .
371 4418 593 4474 animali
644 4417 800 4490 datos
849 4431 971 4472 esse
1008 4415 1272 4485 quosdam
1314 4414 1653 4469 necessarios
1701 4423 1930 4479 meatus,

2048 4413 2183 4482 ἡμᾶς
2238 4411 2296 4463 ού
2352 4412 2690 4482 παραστήσει
2736 4410 2871 4481 πρὸς
2903 4410 3191 4480 τιμωρίαν.
3229 4409 3381 4478 Τάχα
3424 4407 3481 4460 δὲ
3512 4408 3605 4461 καὶ

370 4509 440 4565 ad
480 4511 734 4564 humores
761 4508 855 4579 qui
894 4507 947 4561 in
985 4506 1213 4576 singulis
1241 4505 1507 4560 habentur
1541 4505 1800 4559 membris
1833 4522 1933 4560 no-

371 4599 501 4656 stris
552 4598 847 4670 egerendos
879 4614 894 4651 :
925 4596 1108 4668 qualia
1157 4606 1284 4651 sunt
1330 4597 1522 4665 capitis
1569 4605 1936 4654 excrementa.

371 4694 463 4764 pili
485 4731 499 4755 ,
531 4690 863 4760 aquositates
893 4704 1014 4759 quae
1044 4704 1110 4743 ex
1135 4688 1311 4754 capite
1343 4688 1665 4742 emittuntur
1694 4705 1707 4739 :
1736 4686 1940 4742 ventris

2044 4503 2226 4567 παῖδες
2255 4503 2473 4574 ἰατρῶν,
2501 4504 2587 4556 ἳνα
2615 4503 2715 4556 κᾶν
2740 4504 2804 4556 ὲκ
2831 4502 2939 4555 τῶν
2971 4501 3166 4566 ἔξωθεν
3194 4500 3601 4571 δυσωπηθῶσιν,

2042 4597 2180 4668 ὑπὲρ
2218 4596 2405 4650 τούτου
2444 4597 2910 4668 ἀπολογήσονται·
2968 4598 3049 4650 ὅτι
3078 4595 3155 4665 τῷ
3203 4594 3327 4666 ζώῳ
3369 4593 3601 4648 δέδονται

2040 4705 2186 4752 τινες
2235 4688 2526 4757 ἀναγκαῖαι
2575 4688 2794 4754 διέξοδοι
2825 4688 2966 4742 κατὰ
3008 4688 3115 4741 τῶν
3147 4689 3204 4740 ἐν
3232 4688 3362 4759 ἡμῖν
3395 4685 3604 4757 ἑκάστῳ

446 4805 492 4841 δ’
528 4806 649 4875 Act.
672 4812 804 4874 XVll,
837 4806 925 4860 28.
966 4805 1012 4836 ⁸ο
1053 4803 1244 4861 Matth.
1270 4820 1359 4870 xw,
1391 4802 1481 4858 20.
1555 4803 1600 4835 ⁸³
1640 4799 1682 4855 ll
1711 4801 1855 4857 Petr.
1892 4808 1974 4866 ut“,
2008 4802 2093 4857 l6.
2171 4803 2217 4836 ⁸³
2253 4801 2275 4856 l
2305 4802 2431 4858 Cor.
2459 4818 2579 4869 vm,
2609 4804 2657 4859 8.

441 4967 554 5040 (60)
593 4965 690 5040 Sic_
703 4974 823 5040 tres
839 4963 1403 5040 [nariuscriptiﬁec‘te
1427 4961 1568 5040 Editi
1591 4962 1793 5040 _et_alii,
1811 4964 1945 5040 ἀπο-

373 5030 794 5151 ῃέὶιήᾷᾨὸἴηοχ
828 5030 982 5092 Colb.
1013 5035 1047 5088 ᾗ
1079 5035 1247 5100 solus,
1282 5030 1535 5104 ἀθλητάς.
1589 5032 1732 5087 Infra
1781 5033 1942 5098 idem,

370 5125 495 5165 τινα
522 5125 680 5161 κινοι.
909 5144 912 5146 ~

443 5180 551 5246 (6|)
593 5175 650 5231 ln
684 5178 838 5233 Colb.
878 5178 914 5230 2
951 5192 1010 5228 τε
1061 5174 1474 5246 deest._lbi_dem
1510 5172 1712 5244 Regius
1740 5173 1795 5238 5,
1826 5172 1948 5225 ἐπεὶ

371 5244 482 5306 τῶν
513 5247 609 5302 τοῦ
638 5248 793 5301 Θεοῦ.
824 5248 1022 5301 Ibidem
1051 5245 1206 5299 Colb.
1240 5244 1294 5307 2,
1329 5244 1523 5313 ἔργων.

446 5320 557 5390 (62)
597 5318 753 5373 Colb.
783 5317 819 5370 2
847 5328 909 5390 et
927 5316 1129 5390 Regius
1159 5316 1212 5379 5,
1244 5314 1569 5390 ἀκολούθως.
1607 5314 1805 5367 Ibidem
1829 5327 1948 5367 om-

375 5384 473 5445 nes
502 5389 615 5443 fere
639 5384 1269 5456 ωθηιιεοτὶριὶξγίνεται.
1298 5384 1459 5456 Editi,
1487 5385 1724 5456 γίνηται.

449 5458 563 5530 (65)
603 5458 678 5513 Ita
711 5454 1046 5530 omnes—[ere
1074 5455 1451 5524 manuscripti.
1487 5454 1627 5530 E_dit_i
1654 5468 1938 5530 vero,_m_-

377 5523 673 5599 paépép'ouoe.
703 5529 760 5581 δὲ
788 5530 902 5583 καί.
934 5526 1083 5599 ΜοιΔ
1103 5536 1213 5599 tres
1255 5523 1636 5599 ‘manuscripti,
1670 5523 1745 5588 ὡς
1775 5524 1837 5599 ορ
1856 5523 1939 5599 .τᾲ

377 5592 750 5670 εἰσερχόμενα,
781 5600 889 5670 duo
910 5598 1024 5670 alii,
1056 5595 1132 5670 ῶς
1157 5596 1278 5670 οὐχ)
1297 5594 1367 5670 τά
1395 5592 1768 5670 είᾷσερχόμενα.
1794 5592 1935 5670 ἰξόίιί

378 5658 506 5724 αιηὶ
530 5658 709 5740 Ἕὶὲεὶο
735 5658 931 5739 primo,
961 5667 1034 5730 ὡς
1083 5666 1164 5718 ὅτι
1214 5658 1271 5717 οὗ
1308 5665 1375 5718 τὰ
1408 5658 1778 5736 εἰσεξὸᾗίόμενα.
1807 5662 1932 5718 Post

2000 4973 2007 4979 '
2047 4964 2182 5025 haec.
2214 4964 2365 5034 Colb.
2401 4966 2425 5020 l
2465 4964 2632 5028 addit,
2660 4966 2717 5017 ὲν
2743 4966 2813 5034 τῇ
2844 4962 3039 5032 κοιλίᾳ.

2119 5036 2231 5104 (64)
2273 5033 2405 5089 Tres
2434 5031 2808 5100 manuscripti,
2834 5031 3062 5103 εἴποιμι.
3090 5031 3212 5104 Mox
3233 5032 3476 5104 quinque
3500 5048 3603 5104 Ina-

2048 5102 2332 5173 nuscripti,
2371 5106 2509 5159 κατὰ
2535 5106 2631 5167 τὰς
2663 5104 2816 5168 ἰδίας.
2851 5104 3014 5167 Editi,
3050 5103 3186 5174 μετὰ
3210 5104 3308 5173 τῆς
3344 5102 3497 5165 ἰδίας.
3524 5102 3603 5174 ln-

2048 5175 2152 5232 fra.
2183 5176 2345 5228 πάλιν
2388 5176 2540 5228 deest
2573 5177 2625 5227 in
2678 5176 2852 5228 tribus
2896 5173 3173 5229 manuscr.
3208 5174 3409 5227 Ibidem
3449 5173 3605 5240 quin-

2049 5261 2155 5314 que
2180 5246 2557 5313 mannscripti,
2580 5244 2919 5308 ἐνδοιαστῶς,
2949 5246 3041 5298 sed
3067 5244 3310 5297 omnium
3347 5243 3603 5313 antiquis-

2051 5316 2175 5369 simi
2205 5325 2257 5370 et
2279 5317 2489 5384 optimi,
2513 5315 2711 5383 Regius
2734 5317 2757 5369 l
2781 5326 2832 5369 et
2857 5316 2911 5368 2.
2932 5317 3131 5369 habent
3157 5330 3279 5367 cum
3310 5314 3492 5384 editis,
3520 5314 3600 5366 ἑν-

2044 5382 2330 5451 δυάστωςί
2347 5385 2471 5440 Mox
2498 5382 2731 5452 quatuor
2753 5385 3127 5454 manuscripti,
3156 5384 3316 5447 αὐτὸς
3336 5386 3364 5437 ὀ
3384 5382 3593 5454 Κύριος.

2045 5456 2103 5511 ln
2133 5458 2293 5526 editis
2323 5466 2377 5510 et
2403 5457 2455 5509 in
2488 5458 2632 5519 aliis,
2656 5457 2685 5509 ὁ
2716 5453 2921 5526 Κύριος
2949 5453 3120 5526 deest.

2113 5526 2243 5595 (65).
2267 5525 2511 5592 Quatuor
2550 5522 2923 5593 manuscripti,
2958 5525 3153 5595 βρῶμα
3183 5526 3332 5596 ἡμᾶς
3375 5522 3434 5577 οὐ
3470 5538 3597 5593 παρι-

2047 5595 2242 5669 ίστησι.
2270 5596 2411 5663 Infra
2442 5597 2624 5664 iidem,
2653 5598 2711 5651 ού
2742 5597 3049 5668 παρίστησι.
