3794 6226
151 270 305 328 1175

1207 264 1541 326 EPISTOLA
1574 268 1668 324 AD
1697 265 1996 324 AMUNEM
2036 262 2445 323 MONACHUM.

3296 266 3438 327 1176

153 385 351 460 μελῶν
369 385 722 458 τρεφομένων
743 385 804 439 τὸ
829 382 1081 456 περιττὸν
1100 383 1448 455 ἀποπέμπειν
1468 381 1577 455 (66)
1597 400 1611 413 ·
1638 377 1739 437 οἷον

1852 381 1979 436 item
2009 394 2276 446 secessus,
2304 378 2507 450 illaque
2535 377 3303 450 spermaticorummeatunm
3338 397 3434 439 su“

150 478 424 549 κιφαλῆς
454 477 866 550 περιττώματα,
898 475 1116 549 τρίχες,
1151 476 1244 530 καὶ
1271 474 1342 530 τὰ
1378 476 1486 529 ἀπὸ
1510 476 1751 548 κεφαλῆς

153 567 417 640 ὑδατώδη
451 568 796 639 πεμπόμενα,
826 565 920 620 καὶ
945 565 1182 637 γαστρὸς
1208 564 1625 636 διαχωρήματα,
1658 568 1752 620 καὶ

150 661 348 716 τοίνυν
395 659 505 714 τῶν
552 658 939 731 σπερματικῶν
984 658 1167 729 πόρων
1198 660 1374 712 ἐκεῖνο
1407 658 1747 728 περίττωμα.

154 753 300 806 Ποία
315 751 507 806 τοίνυν
522 752 638 804 ἐστὶ
654 751 790 822 πρὸς
804 749 962 817 Θεοῦ,
978 744 1024 803 ὦ
1045 750 1327 821 πρεσϐῦτα
1347 750 1748 821 θεοφιλέστατε,

151 843 440 916 ἁμαρτία,
464 842 627 897 αὐτοῦ
649 842 741 897 τοῦ
767 842 1069 906 πλάσαντος
1090 844 1151 895 τὸ
1179 842 1287 907 ζῶν
1313 843 1569 897 δεσπότου
1595 843 1753 915 θελή-

156 950 362 998 σαντος
396 933 496 988 καὶ
523 934 846 1005 ποιήσαντος
863 932 1034 987 ταῦτα
1063 932 1133 987 τὰ
1163 933 1296 1005 μέλη
1328 933 1583 998 τοιαύτας
1605 934 1748 1005 ἔχειν

150 1025 471 1092 διεξόδουςς
504 1026 722 1098 Ἐπειδὴ
751 1026 807 1080 δὲ
832 1026 945 1097 (67)
976 1026 1056 1080 δεῖ
1084 1026 1523 1099 προσλαμϐάνειν
1551 1028 1619 1082 τὰ
1641 1028 1748 1083 τῶν

154 1120 423 1193 πονηρῶν
454 1119 829 1190 ἐναντιώματα
848 1160 863 1185 ,
890 1121 1095 1174 εἴποιεν
1124 1119 1232 1191 γὰρ
1256 1119 1321 1175 ἄν
1344 1138 1357 1151 °
1394 1122 1508 1175 Οὐκ
1531 1116 1623 1175 οὖν
1648 1123 1748 1175 οὐκ

154 1212 306 1266 ἐστιν
347 1212 602 1284 ἁμαρτία
644 1210 764 1264 οὐδὲ
796 1212 828 1282 ἠ
875 1209 1079 1282 ἀληθὴς
1116 1211 1339 1281 χρῆσις,
1372 1211 1513 1264 είτά
1542 1211 1748 1282 ὄργανα

155 1304 315 1375 παρά
344 1303 448 1357 τοῦ
476 1302 819 1374 Δημιουργοῦ
850 1302 1243 1358 διαπέπλασται
1271 1302 1402 1376 (68).
1422 1304 1566 1376 Πρὸς
1591 1304 1747 1359 τοῦτο

153 1393 606 1467 ἐρωτηματικῶς
639 1396 837 1458 αὐτοὺς
866 1393 1166 1465 παύσωμεν
1205 1396 1537 1465 φάσκοντες·
1579 1395 1746 1451 Ποίαν

155 1483 340 1553 λέγεις
359 1483 701 1556 χρῆσιν,τὴν
727 1483 977 1555 ἔννομον,
1004 1484 1071 1556 ἢν
1098 1483 1193 1538 καὶ
1221 1487 1249 1539 ὁ
1274 1484 1405 1549 Θεὸς
1427 1485 1744 1561 ἐπέτρεψεν,

154 1574 519 1642 Δὺξάνεσθε
538 1616 552 1640 ,
584 1575 755 1646 λέγων
774 1616 789 1641 ,
821 1574 921 1629 καὶ
960 1578 1362 1644 πληθύνεσθε,
1396 1576 1495 1632 καὶ
1519 1575 1746 1646 πληρὼ-

157 1685 309 1724 σατε
350 1668 477 1737 τὴν
505 1666 653 1739 τῆν’
703 1669 770 1740 ἣν
801 1670 830 1722 ὁ
865 1669 1185 1732 Ἀπόστολος
1220 1669 1514 1735 ἀπεδέξατο
1541 1669 1742 1726 εἰπών’

1852 470 2152 542 perﬂuitas.
2177 469 2532 541 Ecquodnam
2554 470 2739 527 hacin
2767 487 2828 529 re
2850 481 3133 544 peccatum
3154 474 3209 529 in
3235 472 3431 537 Deum,

1853 575 2018 620 senex
2063 563 2497 634 religiosissime,
2531 578 2657 620 cum
2686 564 2803 635 ipse
2823 564 3091 623 Dominus
3108 567 3200 637 qui
3227 565 3433 622 animal

1851 649 2131 725 condidit,
2179 656 2234 712 id
2279 656 2483 714 curarit
2528 656 2892 728 ell'eceritque,
2942 671 3005 715 ut
3035 658 3154 716 haec
3182 658 3433 715 membra

1848 759 2033 805 essent
2063 749 2334 820 ejusmodi
2371 749 2637 807 meatibus
2671 752 2962 808 instructa.
2999 750 3272 808 Caeterum
3299 751 3429 824 quia
3491 810 3497 817 ,

1848 843 2219 911 praevertenda
2240 850 2370 899 sunt
2391 843 2766 923 improborum
2789 852 3110 916 argumenta
3139 860 3155 897 :
3187 840 3428 900 fortasse
3496 826 3501 832 ’

1848 933 1992 989 enim
2042 930 2322 990 dixerint:
2358 934 2502 1006 Ergo
2556 950 2657 991 nec
2702 928 2867 992 berus
2918 951 3109 992 eorum
3158 950 3294 992 usus
3341 943 3427 991 est

1847 1031 2153 1094 peccatum,
2179 1023 2446 1094 siquidem
2481 1037 2684 1095 organa
2712 1039 2744 1079 a
2769 1024 3049 1082 conditore
3077 1022 3225 1080 facta
3252 1031 3421 1091 sunt;

1849 1111 1922 1166 ita
1971 1108 2320 1181 loqtientibus
2369 1112 2477 1168 illis
2521 1112 2625 1169 hac
2654 1113 3097 1185 ,interrogatione
3147 1112 3421 1170 silentium

1848 1204 2194 1276 imponamus
2221 1224 2234 1260 :
2264 1204 2439 1272 Quem
2463 1202 2603 1264 dicis
2630 1220 2814 1275 usum,
2846 1208 3237 1278 legitimumne,
3254 1222 3417 1279 quem

1846 1294 1992 1352 Deus
2042 1296 2129 1354 bis
2164 1299 2412 1368 permisit
2453 1299 2677 1356 verbis:
2714 1298 2961 1366 Crescite,
3009 1309 3060 1355 et
3092 1299 3417 1371 multiplica-

1846 1391 2010 1455 mini,
2051 1400 2102 1445 et
2146 1392 2337 1462 replete
2384 1395 2638 1450 terram”
2663 1411 2677 1448 :
2707 1410 2870 1465 quem
2922 1404 2978 1451 et
3016 1395 3133 1464 ipse
3169 1393 3421 1464 probavit

1845 1483 2168 1553 Apostolus,
2218 1501 2343 1541 cum
2392 1484 2582 1541 dixit:
2619 1486 2943 1542 Honorabile
2996 1485 3313 1541 connubium
3367 1495 3418 1541 et

1848 1573 2027 1629 thoms
2080 1577 2553 1646 immaculalus”;
2620 1594 2690 1635 an
2756 1570 3037 1651 publicum
3100 1578 3252 1634 illum
3322 1578 3417 1648 qui

1845 1667 2154 1724 clanculum
2195 1678 2249 1725 et
2290 1670 2580 1728 libidinose
2611 1671 2935 1728 exercetur?
2959 1670 3095 1726 Nam
3122 1672 3179 1726 in
3206 1669 3423 1726 caeteris

162 1763 361 1832 Τίμιος
394 1764 433 1816 ὁ
462 1760 651 1832 γάμος
693 1762 793 1815 καὶ
844 1761 884 1829 ἡ
914 1761 1082 1829 κοίτη
1116 1762 1402 1831 ἀμίαντος
1423 1780 1436 1794 ·
1468 1762 1501 1834 ἢ
1528 1762 1625 1835 τὴν
1655 1763 1739 1834 δη-

1848 1774 2085 1831 quoque,
2114 1776 2211 1832 per
2239 1762 2382 1819 hanc
2400 1763 2569 1818 vitam
2600 1763 2688 1836 agi
2723 1763 2918 1828 solitis,
2943 1762 3191 1833 quaedam
3216 1776 3415 1817 occur-

162 1850 312 1925 μώδη
342 1851 470 1924 μὲν,
499 1851 769 1922 λαθραίως
789 1851 846 1904 δὲ
875 1852 968 1905 καὶ
1002 1852 1265 1923 μοιχικῶς
1292 1852 1743 1924 ἐπιτελουμένην;

169 1944 327 1999 Ἐπεὶ
353 1943 581 1998 καὶτῶν
600 1943 797 2008 ἄλλων,
819 1940 927 1996 τῶν
948 1943 1006 1998 ἐν
1029 1941 1107 2013 τῷ
1129 1942 1226 2014 βίῳ
1247 1943 1566 2012 γινομένων,
1589 1944 1748 2016 εὑρή-

161 2051 324 2111 σομεν
350 2036 456 2101 τὰς
489 2036 749 2108 διαφορὰς
777 2035 919 2090 κατά
945 2054 996 2089 τι
1025 2035 1313 2107 γινομένας
1332 2053 1345 2066 ·
1367 2031 1476 2089 οἷον
1503 2036 1745 2105 φονεύειν

160 2130 259 2184 οὐκ
287 2130 527 2195 ἔξεστιν.
560 2128 675 2183 ἀλλ’
703 2131 760 2182 ἐν
777 2128 1033 2200 πολέμοις
1053 2127 1164 2198 (69)
1183 2129 1426 2199 ἀναιρεῖν
1452 2128 1575 2191 τοὺς
1596 2128 1744 2180 ἀντι-

161 2221 363 2288 πάλους
384 2222 487 2277 καὶ
517 2221 739 2292 ἔννομον
762 2221 856 2275 καὶ
883 2219 1104 2274 ἐπαίνου
1127 2218 1295 2286 ἀξιον.
1325 2218 1479 2272 Οῦτω
1497 2217 1625 2287 γοῦν
1650 2218 1788 2308 καὶ)

160 2314 333 2387 τιμῶν
357 2314 616 2387 μεγάλων
630 2316 679 2368 οἱ
697 2313 839 2368 κατά
857 2314 1091 2384 πόλεμον
1107 2310 1528 2384 ἀριστεύσαντες
1545 2310 1746 2377 ἀξιοῦν-

161 2424 248 2463 ται
268 2450 286 2475 ,
333 2409 432 2462 καὶ¹
484 2407 677 2479 στῆλαι
709 2406 913 2460 τούτων
939 2406 1241 2477 ἐγείρονται
1273 2404 1639 2477 κηρύττουσαι
1677 2404 1743 2458 τά

164 2499 591 2573 κατορθώματα.
626 2499 790 2552 Ὥστε
817 2497 879 2551 τὸ
912 2498 1044 2552 αὐτὸ
1076 2498 1218 2552 κατά
1246 2515 1300 2551 τι
1335 2497 1436 2567 μὲν
1478 2499 1572 2551 καὶ
1604 2498 1745 2551 κατά

163 2593 348 2665 καιρὸν
372 2594 478 2647 οὐκ
512 2592 722 2660 ἔξεστι,
752 2590 895 2645 κατά
929 2608 983 2643 τι
1016 2590 1073 2644 δὲ
1105 2590 1199 2643 καὶ
1226 2589 1742 2661 εὐκαίρως-ἀφίεται

166 2684 256 2739 καὶ
302 2683 726 2757 συγκεχώρηται
773 2683 907 2755 (70).
954 2683 1012 2737 '0
1040 2682 1203 2746 αὐτὸς
1239 2682 1420 2735 τοίνυν
1462 2680 1620 2750 λόγος
1652 2683 1744 2735 καὶ

166 2777 288 2848 περὶ
312 2778 415 2849 τῆς
441 2776 669 2848 μίξεως·
693 2776 974 2847 Μακάριος
997 2775 1053 2838 ὃς
1075 2776 1133 2827 ἐν
1161 2773 1393 2845 νεότητι,
1422 2772 1582 2841 ζυγὸν
1606 2772 1742 2843 έχων

169 2868 478 2941 ἐλεύθερον,
515 2872 582 2941 τῇ
626 2868 785 2937 φύσει
826 2869 961 2940 πρὸς
990 2866 1330 2921 παιδοποιίαν
1360 2864 1658 2937 κέχρηται·
1693 2866 1741 2917 εἰ

167 2959 218 3014 δὲ
249 2963 384 3033 πρὸς
416 2962 729 3031 ἀσέλγειαν,
763 2960 997 3033 πόρνους
1048 2961 1141 3013 καὶ
1171 2959 1392 3030 μοιχοὺς
1420 2960 1454 3029 ἡ
1488 2958 1637 3028 παρά
1665 2955 1743 3027 τῷ

1846 1856 1978 1902 runt
2007 1849 2200 1920 agendi
2229 1850 2545 1906 discrimina
2576 1873 2592 1908 :
2627 1850 2789 1921 quale
2816 1851 3067 1907 occidere
3098 1865 3208 1905 non
3247 1850 3409 1914 licet;

1845 1945 1901 1993 at
1926 1936 1982 1991 in
2008 1937 2150 1993 bello
2179 1938 2521 1996 adversarios
2552 1938 2876 2007 interﬁcere,
2904 1950 2959 1996 et
2990 1939 3311 2012 legitimum,
3361 1947 3416 1994 et

1846 2025 2005 2081 laude
2029 2026 2251 2097 dignum
2274 2037 2376 2084 est.
2412 2026 2502 2084 Sic
2523 2028 2736 2100 magnis
2760 2027 3031 2085 donantur
3061 2028 3297 2099 praemiis
3319 2030 3411 2099 qui

1846 2135 1905 2177 se
1937 2120 1992 2175 in
2025 2120 2166 2176 bello
2193 2129 2411 2178 strenue
2435 2128 2653 2192 gerunt,
2679 2120 2930 2191 cippique
2957 2120 3261 2191 eriguntur,
3291 2135 3414 2189 quat

1844 2212 2105 2282 praeclara
2129 2226 2321 2267 eorum
2366 2211 2641 2267 celebrent
2670 2210 2932 2267 facinora.
2963 2210 3146 2280 Itaque
3173 2210 3410 2281 idipsum

1844 2299 2079 2370 quodam
2112 2301 2297 2365 modo,
2325 2309 2381 2355 et
2403 2301 2641 2371 quodam
2674 2310 2916 2370 tempore
2939 2314 3047 2354 non
3075 2300 3237 2354 licet:
3271 2314 3411 2369 qua-

1844 2391 1967 2446 dam
2027 2400 2207 2447 autem
2258 2392 2468 2447 ratione
2515 2399 2570 2447 et
2614 2390 3016 2462 opportunitate
3081 2390 3412 2459 permittitur

1844 2484 2290 2554 concediturque.
2322 2483 2525 2540 Eadem
2570 2484 2737 2555 igitur
2779 2492 2865 2540 est
2905 2484 2974 2539 de
3020 2483 3167 2538 coitu
3214 2482 3354 2538 ratio
3390 2499 3408 2538 :

1844 2575 2042 2632 Beatus
2070 2576 2165 2647 qui
2196 2576 2253 2631 in
2282 2576 2567 2647 juventute
2593 2576 2766 2632 libero
2786 2575 3006 2647 junctus
3039 2575 3410 2642 matrimonio,

1843 2676 2038 2723 natura
2067 2667 2135 2723 ad
2158 2667 2456 2724 liberorum
2481 2666 2912 2739 procreationem
2946 2681 3078 2723 usus
3101 2674 3187 2722 est
3219 2682 3233 2720 :
3263 2664 3414 2735 quod

1843 2759 1891 2814 si
1940 2758 2007 2814 ad
2050 2759 2368 2826 libidinem,
2422 2757 2787 2815 fornicatores
2835 2767 2891 2814 et
2930 2755 3413 2828 mtechos,,quod

1844 2852 1986 2922 apud
2017 2849 2337 2921 Apostolum
2383 2859 2718 2905 memoratur
2740 2890 2757 2916 ,
2789 2848 3116 2919 supplicium
3155 2848 3409 2919 excipiet.

1843 2943 1980 2999 Nam
2013 2942 2208 3013 duplex
2239 2958 2362 2999 cum
2392 2942 2465 2997 sit
2502 2939 2587 2996 via
2622 2941 2676 2996 in
2706 2941 2817 2998 vita
2840 2981 2856 3007 ,
2889 2942 2993 2996 alia
3025 2940 3244 3011 quidem
3274 2938 3413 2996 infe-

181 3032 485 3125 ’Δποστόλῳ
510 3054 781 3124 γραφεῖσα
798 3032 1037 3123 τιμωρία
1062 3051 1334 3117 ἐκδέξεται
1357 3049 1488 3121 (7i).
1510 3048 1615 3102 Δύο
1636 3048 1739 3119 γὰρ

1846 3036 1956 3091 rior
1977 3035 2381 3107 vulgariorque,
2406 3033 2739 3089 matrimonii
2769 3032 3012 3100 scilicet;
3036 3034 3144 3089 alia
3163 3047 3294 3089 vero
3313 3048 3413 3088 an-

169 3142 334 3195 οὐσῶν
362 3144 503 3198 ὁδῶν
528 3146 586 3197 ἐν
606 3142 683 3214 τῷ
705 3142 804 3213 βίῳ
826 3142 952 3213 περὶ
976 3140 1202 3205 τούτων,
1237 3142 1363 3210 μιᾶς
1392 3140 1489 3211 μὲν
1514 3156 1741 3210 μετριω-

170 3231 325 3303 τέρας
362 3235 459 3288 καὶ
495 3232 786 3304 βιωτικῆς,
817 3232 910 3285 τοῦ
940 3230 1117 3300 γάμου
1141 3230 1286 3298 λέγω
1305 3246 1318 3259 ·
1349 3230 1448 3300 τῆς
1473 3228 1528 3281 δὲ
1550 3228 1743 3300 ἐτέρας

170 3322 459 3395 ἀγγελικῆς
496 3323 589 3377 καὶ
622 3320 1048 3392 ἀνυπερϐλήτου,
1077 3319 1179 3391 τῆς
1201 3318 1494 3391 παρθενίας
1519 3335 1531 3347 ·
1564 3319 1611 3370 εἰ
1644 3316 1742 3388 μέν

170 3429 248 3478 τις
272 3414 369 3488 τὴν
393 3415 689 3487 κοσμικὴν,
722 3413 865 3466 τοῦτ’
896 3412 1009 3466 ἐστι
1040 3412 1129 3466 τὸν
1159 3412 1357 3482 γάμον,
1383 3411 1573 3468 ἐλοιτο,
1600 3410 1741 3480 μέμ-

171 3503 257 3573 ψιν
287 3509 384 3576 μὲν
413 3508 520 3561 οὐκ
552 3505 696 3577 ἔχει·
729 3503 965 3559 τοσαῦτα
986 3503 1042 3556 δὲ
1064 3502 1375 3573 χαρίσματα
1407 3502 1466 3555 ού
1489 3501 1737 3573 λήψεται.

174 3596 404 3667 Δήψεται
437 3598 551 3668 γὰρ
573 3638 588 3661 ,
623 3597 852 3668 ἐπείπερ
881 3595 1035 3667 φέρει
1064 3594 1159 3648 καὶ
1202 3595 1364 3658 αὐτὸς
1398 3594 1607 3665 καρπὸν
1634 3594 1740 3646 τῶν

172 3690 457 3758 τριάκοντα
484 3690 618 3761 (72).
654 3690 718 3743 El
748 3689 805 3742 δὲ
837 3688 934 3760 τὴν
963 3688 1130 3758 ἁγνήν
1157 3704 1240 3749 τις
1268 3687 1361 3740 καὶ
1377 3686 1740 3757 ύπερκόσμιον

175 3781 481 3847 ἀσπάσαιτο,
505 3785 554 3835 εί
583 3781 675 3835 καὶ
700 3784 925 3852 τραχεῖα
947 3779 1099 3850 ποιρά
1123 3777 1221 3850 τὴν
1246 3776 1466 3850 πρώτην
1497 3778 1591 3831 καὶ
1617 3776 1741 3829 δυσ-

176 3874 507 3947 κατόρθωτος
539 3877 573 3946 ἡ
602 3874 749 3938 ὁδὸς,
779 3874 927 3944 ὅμως
951 3873 1062 3942 ἔχει
1089 3871 1406 3943 χαρίσματα
1423 3868 1740 3940 θαυμασιώ·

176 3980 325 4035 τερα·
358 3968 448 4021 τὸν
481 3967 591 4038 γὰρ
621 3967 824 4020 τέλειον
860 3966 1069 4037 καρπὸν
1097 3965 1194 4037 τὴν
1227 3962 1554 4017 ἐκατοντάδα
1582 3961 1739 4015 ἐϐλά-

179 4067 382 4124 στησεν.
418 4058 583 4110 Ὥστε
609 4057 677 4111 τὰ
706 4056 991 4128 ἀκάθαρτα
1018 4038 1196 4109 αὐτῶν
1220 4054 1314 4107 καὶ
1343 4054 1553 4124 πονηρά
1575 4052 1742 4123 ζητή-

183 4158 317 4210 ματα
342 4146 525 4210 λύσεις
557 4147 692 4211 ἰδίας
721 4146 847 4216 ἔσχε
879 4147 972 4199 καὶ
1005 4144 1156 4216 παρά
1184 4144 1290 4198 τῶν
1326 4143 1482 4197 θείων
1510 4143 1738 4215 Γραφῶν

181 4233 334 4290 πάλαι
363 4237 742 4311 προλυθείσας.
815 4237 1172 4309 ’Υποστὴριζε
1203 4236 1402 4301 τοίνυν,
1455 4231 1500 4290 ὦ
1533 4235 1734 4303 Πάτερ,

178 4323 270 4388 τὰς
300 4328 400 4382 ὑπὸ
435 4330 632 4383 σαυτὸν
661 4329 893 4398 ἀγέλας,
934 4330 1000 4383 ἐκ
1027 4328 1134 4383 τῶν
1159 4327 1528 4383 ἀποστολικῶν
1562 4343 1738 4396 παρα-

1842 3127 2013 3199 gelica
2046 3135 2101 3182 et
2130 3140 2384 3196 suprema
2417 3125 2659 3179 omnium
2689 3164 2705 3190 ,
2737 3139 2930 3195 nempe
2958 3125 3318 3196 virginitatis;
3362 3125 3411 3180 si

1842 3218 1967 3290 quis
1996 3217 2328 3272 mundanam
2353 3256 2368 3282 ,
2401 3216 2624 3287 nuptias
2653 3214 2913 3270 nimirum
2951 3215 3208 3284 elegerit,
3251 3214 3408 3284 culpa

1841 3311 2057 3382 quidem
2093 3316 2278 3373 vacat,
2324 3307 2416 3362 sed
2466 3316 2545 3362 tot
2590 3316 2848 3377 tantaque
2891 3321 3000 3362 non
3047 3314 3410 3377 consequetur

1840 3401 2004 3458 dona.
2030 3399 2411 3469 Consequetur
2436 3406 2618 3452 tamen
2648 3397 2829 3467 aliqua
2846 3439 2861 3463 ,
2889 3399 2935 3453 si
2962 3398 3180 3468 quidem
3207 3406 3263 3454 et
3290 3402 3408 3469 ipse

1841 3491 1945 3548 fert
1975 3491 2209 3546 fructum
2232 3489 2588 3545 tricesimum.
2620 3487 2676 3541 Si
2706 3488 2831 3558 quis
2854 3503 2982 3544 vero
3010 3496 3218 3543 castam
3246 3503 3409 3542 mun-

1839 3582 2020 3651 doque
2071 3580 2406 3650 superiorem
2448 3577 2734 3647 amplexus
2761 3577 2924 3633 fuerit
2949 3578 3116 3634 vitam
3138 3620 3153 3647 ,
3188 3579 3404 3633 tametsi

1839 3675 1956 3728 haec
1983 3672 2151 3727 altera
2181 3670 2425 3743 asperior
2468 3677 2524 3724 et
2556 3667 2827 3727 dilIicilior
2852 3670 2939 3725 via
2966 3679 3080 3736 est,
3111 3678 3168 3725 at
3219 3668 3403 3725 excel-

1839 3767 2160 3823 lentioribus
2212 3767 2301 3823 ille
2349 3768 2667 3824 muneribus
2732 3767 3018 3822 donandus
3068 3776 3153 3821 est
3200 3782 3214 3820 :
3276 3780 3404 3834 per-

1838 3859 2038 3914 fectum
2089 3859 2288 3930 quippe
2328 3859 2562 3916 fructum
2588 3899 2604 3926 ,
2647 3874 2839 3929 nempe
2869 3857 3225 3915 centesimum
3272 3869 3403 3926 pro-

1837 3950 2010 4005 duxit.
2039 3949 2225 4021 Itaque
2253 3951 2507 4006 obscenae
2529 3950 2745 4005 illorum
2782 3957 2944 4019 atque
2972 3947 3222 4016 maligna:
3254 3961 3401 4015 quae-

1838 4043 2082 4106 stiones,
2154 4043 2404 4113 proprias
2475 4042 2676 4098 habent
2729 4041 3028 4097 solutiones
3076 4054 3143 4095 ex
3202 4038 3402 4095 divinis

1840 4132 2136 4203 Scripturis
2161 4134 2272 4204 jam
2309 4133 2437 4188 olim
2468 4134 2682 4188 allatas.
2717 4130 2990 4188 Conﬁrma
3026 4143 3189 4200 ergo,
3218 4127 3403 4195 Pater,

1836 4211 2025 4296 greges
2077 4234 2203 4281 tuos
2231 4266 2246 4291 ,
2280 4226 2700 4296 apostolicisque
2742 4224 2922 4280 verbis
2955 4223 3190 4278 hortare.
3225 4219 3404 4274 Evan-

1836 4319 2021 4388 gelicis
2049 4318 2314 4385 demulce,
2344 4335 2411 4375 ex
2435 4318 2660 4390 psalmis
2694 4318 2763 4372 da
2791 4316 3079 4373 consilium
3120 4330 3134 4368 :
3181 4313 3402 4382 Viri/ica

182 4412 346 4468 καλῶν
375 4418 511 4489 (75),
543 4421 605 4471 ἐκ
628 4418 734 4472 τῶν
761 4416 1130 4486 εύαγγελικῶν
1155 4417 1510 4488 ψυχαγαγῶν,
1542 4417 1608 4469 ἐκ
1627 4415 1734 4470 τῶν

1846 4428 1940 4477 ηιε,
1970 4411 2178 4479 dicens,
2230 4410 2515 4466 secundum
2551 4410 2814 4481 eloquium
2850 4418 2997 4462 tuum
3013 4408 3059 4442 ⁸⁸
3086 4425 3098 4460 :
3124 4404 3401 4476 eloquium

180 4499 393 4574 ψαλμῶν
424 4507 834 4579 συμϐουλεύων·
864 4507 1072 4576 Ζῆσόν
1100 4524 1175 4576 με
1198 4545 1213 4570 ,
1244 4506 1416 4575 λέγων
1437 4545 1452 4569 ,
1497 4503 1646 4559 κατὰ
1670 4505 1738 4558 τὸ

181 4595 375 4664 λόγιόν
403 4617 540 4656 σου·
577 4601 752 4670 λόγιον
773 4602 829 4655 δὲ
866 4599 1030 4655 αὑτοῦ
1057 4600 1119 4653 τὺ
1150 4602 1216 4653 ἐκ
1240 4599 1486 4672 καθαρᾶς
1514 4598 1740 4670 καρδίας

181 4678 445 4753 λατρεύειν
468 4689 635 4760 αὐτῷ.
670 4689 837 4742 Τοῦτο
859 4689 966 4762 γὰρ
992 4687 1147 4752 εἰδὼς
1174 4690 1203 4742 ὁ
1235 4689 1395 4753 αὐτὸς
1423 4688 1734 4760 Προφήτης,

184 4767 357 4846 ὥσπερ
384 4779 574 4833 ἐαυτὸν
606 4780 997 4852 μεταφράζων,
1056 4779 1237 4848 λέγει’
1268 4778 1530 4847 Καρδίαν
1556 4782 1737 4832 καθα-

180 4862 285 4927 Ράν
308 4870 516 4926 κτίσον
541 4873 611 4926 ἐν
635 4873 786 4941 ἐμοὶ,
813 4875 847 4926 ὁ
877 4872 1019 4938 Θεός
1038 4887 1052 4902 ⁶
1083 4872 1171 4925 ἵνα
1200 4871 1274 4944 μὴ
1305 4870 1570 4943 ῥυπώδεις
1594 4869 1740 4937 λογι-

247 5002 292 5033 ⁸³
327 5004 517 5065 Genes.
550 5026 589 5073 ι,
619 5009 709 5064 28.
787 5009 834 5043 ”
872 5008 1035 5065 Hebr.
1064 5026 1186 5076 xm,
1218 5011 1271 5065 4.
1348 5011 1394 5043 ⁸⁸
1433 5008 1575 5064 Psal.
1612 5025 1802 5075 cxvm,

249 5116 367 5192 (66)
393 5119 595 5191 Regius
620 5123 835 5187 tertius,
872 5132 1100 5192 quartus
1141 5132 1196 5178 et
1237 5124 1479 5192 quintus,
1509 5123 1732 5192 διέξοδοι

185 5183 306 5265 τξρδς
321 5183 522 5265 ξτῶν
559 5194 617 5246 ὲν
642 5183 867 5265 ,ἑκάστω
892 5183 1018 5265 ’τῶν
1042 5196 1117 5265 ,ἐν
1143 5183 1274 5265 ἡμῖν
1306 5183 1479 5265 μελῶν
1504 5183 1692 5264 χυμῶν
1717 5211 1732 5226 ο

184 5248 300 5333 ρῖον.
321 5257 533 5333 suum
560 5264 779 5333 quidam
808 5248 919 5325 alii,
951 5248 1333 5329 διέξοδοι¹¹κατὰ
1362 5263 1490 5329 τῶν,
1505 5248 1646 5326 se,
1675 5273 1735 5319 ut

188 5332 427 5406 ψψιι
457 5332 905 5406 Μοιιίςοῐιιριυτεε
929 5335 1304 5406 manuscripti,
1324 5335 1729 5406 περιττώματα.

186 5386 472 5476 magis...
502 5386 625 5476 ςειῖηί
644 5386 809 5467 suis,“
829 5386 1166 5476 πέριτέὼμά.

252 5465 355 5544 (67)
379 5473 458 5544 -ᾼέ
486 5474 637 5528 deest
663 5476 716 5529 in
749 5465 917 5529 editis
936 5484 991 5530 ct
1017 5465 1083 5529 in'
1102 5474 1427 5544 quibusdam
1452 5490 1725 5530 manuscr.

190 5526 239 5582 1η
255 5526 494 5619 pluribus
505 5526 733 5619 legitur.

390 5606 601 5683 βεείιιξ
612 5616 824 5678 tertius,
857 5614 1005 5683 παρὰ
1030 5613 1121 5668 τοῦ
1146 5614 1279 5667 Θεοῦ
1308 5614 1632 5669 πέπλασται.

249 5669 351 5743 (69)
390 5669 502 5739 Duo
537 5669 912 5754 manuscripti,
941 5669 999 5738 ἐν
1034 5684 1268 5756 πολέμῳ.
1303 5683 1424 5741 Mox
1450 5685 1559 5741 duo
1605 5701 1719 5740 ma:

1834 4510 2013 4557 autem
2044 4501 2163 4573 ejus
2203 4502 2333 4556 illud
2359 4509 2479 4566 est,
2525 4508 2585 4555 ut
2626 4515 2694 4555 ex
2722 4515 2859 4569 puro
2894 4497 3057 4554 corde
3098 4486 3402 4552 serviamus

1833 4594 1935 4647 illi.
1968 4592 2080 4648 Hoc
2108 4608 2232 4647 cum
2262 4608 2373 4647 non
2399 4593 2612 4664 ignoret
2637 4592 2752 4661 ipse
2772 4590 3066 4660 Propheta,
3094 4601 3216 4643 sese
3236 4584 3417 4657 quasi

1834 4686 2221 4754 interpretatur
2239 4679 2447 4740 dicens:
2469 4682 2575 4739 Cor
2590 4682 2844 4736 mundum
2856 4698 2974 4736 (νεα
2987 4674 3047 4733 ἱιι
3066 4676 3312 4743 me,Beus
3329 4676 3398 4740 ",

1834 4796 1903 4835 ne
1947 4786 2035 4834 me
2082 4781 2330 4836 obsccme
2378 4780 2739 4850 cogitationes
2789 4780 3131 4834 conturbent.
3185 4776 3401 4832 Rursus

1834 4873 1951 4941 ipse
1978 4870 2144 4926 David
2171 4890 2185 4925 :
2218 4870 2285 4924 Et
2314 4870 2517 4940 Spiritu
2542 4870 2826 4941 principali
2848 4870 3103 4939 conﬁrma
3126 4885 3205 4922 me
3227 4867 3271 4899 ⁸⁷
3288 4911 3303 4934 ,
3343 4876 3403 4921 ιιι

1835 5008 1959 5063 167.
2035 5008 2082 5041 ⁵⁸
2120 5007 2262 5064 Psal.
2294 5008 2465 5076 L,12.
2541 5008 2586 5040 ⁸⁷
2627 5008 2758 5063 ibid.
2797 5007 2881 5062 14.

1835 5123 2121 5193 nuscripti,
2148 5122 2368 5193 έννομόν
2401 5139 2481 5175 τε.

1906 5191 2038 5265 (70)
2058 5192 2260 5265 Omnes
2274 5191 2399 5248 tere
2424 5193 2804 5263 manuscripti,
2821 5191 3253 5265 συγκεχώρηται.
3277 5192 3408 5248 Edi-

1835 5264 1894 5331 ti,
1917 5262 2325 5335 ξέγκεχὼρηται.

1906 5332 2019 5404 (71)
2061 5331 2292 5388 Maxima
2346 5347 2472 5403 pars
2521 5334 3055 5404 manuscriptorum,
3107 5331 3402 5399 ἐκδέξεται.

1833 5404 1996 5464 Editi,
2028 5404 2253 5469 δέξεται.
2281 5404 2481 5474 Regius
2518 5406 2742 5470 tertius;
2769 5403 3064 5474 ἐκδέχεται.

1906 5475 2018 5543 (72)
2056 5474 2259 5546 liegius
2306 5476 2340 5529 3
2368 5472 2445 5529 'et
2473 5475 2529 5538 4,
2563 5476 2655 5546 τὸν
2693 5472 3003 5546 τριάκοντα.
3029 5472 3174 5546 Mox,
3209 5487 3405 5529 πηοτιυς

1835 5546 2017 5612 scripti
2048 5543 2217 5601 ferme
2240 5560 2452 5607 omnes,
2485 5543 2801 5598 ἀσπάσοιτο.
2831 5544 2993 5607 Editi,
3028 5544 3363 5605 ἀσπάσαιτο,

1905 5616 2014 5687 (75)
2055 5614 2253 5686 Regius
2287 5624 2538 5687 quartus,
2570 5614 2940 5670 ἀποστολικῶν
2974 5612 3225 5689 Γραφῶν.
