3794 6226
365 266 505 326 1175

958 268 1023 324 -S.
1064 265 1437 324 ATHANASII
1479 264 1631 324 OPP.
1668 267 1850 324 PARS
1890 268 1928 322 I.
1971 301 2038 311 -—
2073 265 2440 324 HISTOKICA
2482 262 2569 318 ET
2611 261 3027 327 DOGMATICA.

3457 260 3622 318 1176

364 390 412 445 si
436 388 659 461 quando
687 403 776 445 me
797 388 1154 461 cogitationes
1185 392 1514 445 conturbent
1540 430 1552 453 ,
1582 389 1759 445 valida
1784 405 1850 445 ex
1880 398 1931 445 te

2062 389 2157 461 poi
2188 405 2256 459 με
2276 385 2571 459 ταράξωσι.
2606 383 2773 438 Πάλιν
2808 382 2996 435 Δασίδσ
3019 381 3128 435 Καὶ
3153 381 3447 449 Πνεύματι
3468 382 3625 451 ὴγσ-

361 482 538 539 virtus
569 497 658 538 me
682 482 841 553 quasi
874 480 1023 537 basis
1054 480 1266 537 fulciat.
1321 479 1447 536 llzec
1496 481 1659 552 igitur
1704 490 1759 536 et
1801 482 1927 536 talia

362 575 696 632 consulendo
716 616 731 642 ,
766 575 855 631 die
884 574 952 632 iis
975 574 1069 645 qui
1112 573 1262 629 tarde
1287 573 1499 628 veritati
1533 573 1929 643 obtemperant,

363 668 567 724 Docebo
596 669 804 740 iniquos
831 669 946 723 vias
978 677 1098 723 tuas
1121 707 1136 732 ,
1176 667 1232 722 in
1266 666 1601 736 Dominoque
1632 666 1929 730 conlidens,

363 769 417 813 te
441 774 735 815 suasurum
759 758 867 815 illis
894 769 957 814 ut
984 759 1053 813 ab
1078 756 1395 829 huiusmodi
1425 758 1558 813 vitio
1601 757 1930 817 abstineant.

361 849 562 919 psalle,
592 860 645 904 et
684 849 838 920 impii
882 850 950 905 ad
994 860 1042 905 te
1081 850 1527 905 convertentur“.
1570 848 1789 905 Utinam
1837 850 1931 920 qui

361 941 506 996 malo
537 941 721 996 animo
755 943 919 998 hasce
966 943 1575 1014 moventquaestiones,
1624 941 1677 995 in
1714 956 1932 997 cassum

360 1030 641 1087 laborandi
686 1032 848 1088 linem
900 1031 1104 1087 faciant
1131 1053 1144 1087 :
1172 1034 1267 1104 qui
1307 1048 1438 1088 vero
1474 1032 1545 1087 ob
1591 1030 1758 1085 animi
1800 1030 1933 1085 sim—

360 1121 654 1191 plicitatem
689 1122 745 1176 in
776 1121 1117 1179 dubitatione
1143 1129 1453 1185 versantur,
1488 1119 1694 1191 Spiritu
1729 1120 1932 1189 princi-

360 1211 469 1281 pali
520 1211 917 1267 conﬁrmentur
947 1229 960 1264 :
986 1219 1255 1282 quotquot
1288 1220 1466 1266 autem
1511 1210 1796 1266 veritatem
1842 1209 1932 1264 ﬁr-

362 1302 524 1358 miter
562 1305 738 1359 nostis
760 1347 775 1369 ,
805 1318 927 1359 eam
976 1303 1264 1360 infractam
1291 1310 1347 1359 et
1392 1303 1773 1359 inconcussam
1806 1301 1939 1355 reti-

363 1394 539 1449 neatis
568 1395 620 1448 in
653 1395 814 1466 767
847 1394 1069 1451 Christo
1113 1394 1243 1451 Iesu
1276 1393 1509 1450 Domino
1545 1402 1737 1448 nostro
1767 1409 1781 1444 :
1812 1392 1936 1461 qui-

363 1496 490 1536 cum
536 1481 681 1537 Patri
734 1466 907 1553 gloria
935 1492 991 1539 et
1015 1485 1302 1554 imperium
1335 1498 1458 1537 cum
1494 1480 1701 1552 Spiritu
1744 1489 1932 1537 sancto

365 1573 420 1625 in
447 1574 665 1629 saecula.
696 1574 890 1629 Amen.

2031 482 2256 554 μονικῷ
2285 479 2572 548 στήριξόν
2595 494 2699 548 με·
2728 478 2834 541 ἵνα,
2863 476 2964 531 κάν
2990 491 3117 537 ποτε
3136 474 3384 545 λογισμοί
3419 491 3489 544 με
3519 474 3623 529 θο-

2042 571 2346 645 ρυδὴσωσιν
2369 612 2384 636 ,
2423 569 2619 641 ίσχυρά
2669 584 2753 631 τις
2800 564 2951 638 παρά
2981 564 3075 618 σοῦ
3106 564 3333 635 δύναμις
3376 564 3620 636 στηρίξει

2042 680 2109 735 με
2133 663 2244 734 (74)
2270 703 2283 723 ,
2313 661 2501 731 ῶσπερ
2533 660 2736 731 κρηπὶς
2777 657 3135 727 τυγχάνουσα.
3194 655 3363 719 Αὐτὸς
3404 655 3620 720 τοίνυν,

2038 756 2208 811 ταῦτα
2236 754 2332 809 κα)¹
2361 754 2430 807 τὰ
2460 751 2682 807 τοιαῦτα
2705 749 3084 823 συμϐουλεύων
3105 789 3121 812 ,
3153 748 3278 816 λέγε
3309 747 3449 817 πρὸς
3479 749 3623 811 τοὺς

2040 848 2253 921 βράδιον
2292 850 2358 919 τῇ
2393 844 2619 915 ἀληθείᾳ
2651 842 3023 913 πειθομένους·
3080 839 3308 905 Διδάξω
3344 839 3621 909 ἀνόμους

2038 939 2145 1005 τὰς
2171 938 2348 1003 ὁδούς
2370 953 2513 991 σου·
2543 935 2639 989 κει)⁵
2665 933 2882 1007 θαρρῶν
2906 932 3114 1003 Κυρίῳ,
3142 931 3223 985 δτι
3248 931 3460 993 πείσεις
3482 930 3609 983 ἀπο-

2042 1032 2264 1104 σχέσθαι
2310 1032 2409 1103 τῆς
2447 1029 2702 1101 τοιαύτης
2730 1027 2957 1091 κακίας,
2986 1026 3184 1096 ψάλλε’
3224 1024 3335 1079 Καί
3370 1022 3617 1089 ἀσεϐεῖς

2035 1126 2133 1179 ἐπὶ
2165 1124 2241 1178 σὲ
2273 1110 2808 1194 (7Ξ)ὲπιτρέψιουσι.
2836 1119 3050 1173 Γένοιτο
3068 1118 3125 1171 δὲ
3143 1118 3268 1179 τοὺς
3309 1115 3410 1187 μὲν
3446 1131 3606 1167 κακο-

2038 1214 2183 1285 ήθως
2216 1212 2508 1285 ζητοῦντας
2541 1209 2851 1265 παύσασθαι
2882 1209 2981 1279 τῆς
3011 1207 3264 1277 τοιαύτης
3313 1219 3605 1275 ματαιοπο-

2038 1304 2188 1367 νίαςο
2243 1304 2372 1367 τοὺς
2397 1303 2453 1357 δὲ
2485 1302 2554 1356 δι’
2586 1301 2838 1373 εὐήθειαν
2864 1299 2979 1384 (76)
3022 1297 3323 1359 ὲνδυαστῶς
3366 1295 3616 1366 ἔχοντας,

2036 1393 2348 1466 ἡγεμονικῷ
2378 1393 2655 1464 Πνεύματι
2695 1391 3061 1464 κραωνθῆναι
3081 1407 3095 1420 ·
3123 1390 3237 1443 ὅσοι
3276 1388 3335 1443 δὲ
3380 1386 3617 1458 βεϐαίως

2034 1485 2134 1555 τὴν
2160 1483 2418 1554 ἀλήθειαν
2441 1480 2756 1547 ἐπίστασθε,
2772 1480 2989 1553 ἀρραγῆ
3014 1479 3217 1549 ταύτην
3233 1478 3492 1547 κατέχετε
3517 1475 3616 1529 καὶ

1964 1567 2008 1624 Β
2034 1574 2327 1629 ἀσάλευτον
2375 1574 2434 1627 ὲν
2483 1572 2702 1645 Χριστῷ
2736 1570 2920 1643 ἶῐησοῦ
2944 1570 3021 1640 τῷ
3045 1569 3238 1641 Κυρίῳ
3263 1567 3421 1640 ἡμῶν
3440 1606 3456 1630 ,
3493 1565 3617 1637 μεθ’

365 1659 426 1719 οὗ
457 1665 535 1737 τῷ
562 1667 737 1738 Πατρὶ
769 1667 894 1732 δόξα
925 1669 1019 1723 καὶ
1050 1670 1112 1722 τὸ
1135 1669 1334 1738 κράτος
1367 1669 1463 1720 σὺν
1494 1668 1635 1737 ἁγίῳ
1662 1665 1940 1736 Πνεύματι
1975 1669 2053 1732 εἰς
2085 1670 2211 1731 τοὺς
2236 1668 2438 1732 αίῶνας
2471 1666 2604 1734 (77).
2651 1666 2842 1737 Ἀμήν.

366 1821 620 1891 Ejusdem
667 1837 730 1875 ex.
784 1822 1052 1876 tricesima
1097 1823 1509 1945 iacula‘epistola
1563 1820 1761 1889 fetiali,
1789 1821 1940 1873 initia

1054 1903 1182 1945 muli
1211 1911 1261 1945 a.

1054 1903 1261 1946 mutila.

436 2028 507 2081 At
536 2028 978 2097 quandoquidem
1019 2029 1087 2083 de
1118 2028 1388 2082 haereticis
1419 2034 1680 2097 tanquam
1712 2025 1942 2079 mortuis

368 2119 699 2175 mentionem
730 2118 980 2185 fecimus,
1036 2119 1285 2176 denobis
1325 2128 1530 2185 autem,
1575 2127 1636 2172 ut
1681 2118 1775 2187 qui
1803 2116 1943 2172 divi-

366 2231 467 2270 nas
495 2215 563 2269 ad
596 2216 827 2270 salutem
853 2211 1061 2270 litteras
1117 2212 1438 2274 habeamus,
1491 2219 1549 2265 et
1588 2209 1717 2281 quia
1749 2222 1939 2264 vereor

367 2318 456 2369 ne,
490 2313 552 2360 ut
577 2306 643 2359 ad
668 2304 979 2360 Corinthios
1008 2301 1212 2358 Paulus
1267 2301 1485 2372 scripsit
1530 2301 1595 2365 ",
1636 2315 1700 2356 ex
1729 2300 1936 2371 simpli-

367 2396 607 2452 cioribus
638 2397 816 2466 pauci,
843 2412 874 2451 a
928 2395 1277 2465 simplicitate
1305 2394 1659 2464 puritateque
1677 2407 1797 2456 sua,
1844 2407 1940 2462 per

369 2487 727 2555 quorumdam
765 2488 1048 2542 hominum
1103 2485 1373 2540 vafritiem
1419 2494 1730 2540 avertantur
1763 2503 1777 2538 :
1807 2501 1939 2541 neve

368 2579 625 2649 deinceps
655 2579 824 2634 libros
871 2580 1009 2634 alios
1033 2579 1238 2650 legant,
1275 2578 1373 2649 qui
1405 2578 1699 2649 apocrypbi
1736 2592 1936 2632 vocan-

369 2679 479 2735 tur,
508 2671 788 2726 nominum
820 2670 1180 2726 similitudine
1237 2671 1470 2741 decepti,
1505 2685 1614 2740 qua
1643 2684 1768 2724 cum
1791 2667 1939 2723 veris

370 2762 525 2817 libris
553 2763 913 2828 conveniunt;
939 2778 1118 2832 aequo,
1155 2778 1366 2832 quaeso,
1414 2762 1552 2818 ferte
1585 2762 1769 2817 animo
1794 2762 1840 2817 si
1873 2762 1941 2818 de

371 2851 568 2922 quibus
587 2853 757 2921 probe
786 2853 981 2916 nostis,
1008 2853 1075 2907 de
1105 2854 1297 2908 iisdem
1320 2868 1421 2922 ego
1464 2853 1667 2914 scribo,
1701 2851 1844 2922 quod
1873 2866 1939 2905 ex

372 2958 433 2999 re
466 2943 806 3013 utilitateque
832 2942 1088 2999 Ecclesiae
1111 2943 1227 2998 fore
1255 2945 1585 2999 existiment.
1636 2943 1728 2997 Illa
1757 2953 1937 2998 autem

2048 1845 2155 1898 Τοῦ
2177 1842 2362 1899 αὑτοῦ
2389 1842 2458 1896 ἐκ
2483 1839 2592 1908 τῆς
2611 1841 2700 1893 λθ¹
2721 1832 3105 1906 ἐορταστικῆς
3122 1828 3449 1900 ἐπιστολῆς
3477 1830 3617 1901 (78).

2122 2038 2259 2092 Ἀλλ’
2281 2038 2467 2109 ἐπειδὴ
2497 2038 2626 2106 περὶ
2658 2036 2757 2106 μὲν
2797 2033 2904 2088 τῶν
2944 2031 3234 2103 αἱρετικῶν
3259 2027 3607 2102 ὲμνήσθημσε

2041 2134 2116 2195 ὼς
2143 2129 2372 2199 νεκρῶνο
2411 2129 2539 2201 περὶ
2571 2127 2629 2181 δὲ
2669 2125 2827 2198 ἡμῶν
2851 2125 2928 2189 ὡς
2961 2124 3191 2195 ἑχόντων
3241 2121 3384 2195 πρὸς
3438 2137 3618 2189 om-

2045 2224 2164 2293 ρίαν
2196 2220 2295 2285 τὰς
2331 2218 2478 2283 θείας
2512 2218 2753 2291 Γραφάς⁶
2790 2217 2884 2271 καὶ
2933 2214 3199 2285 φοϐοῦμαι
3246 2212 3359 2284 (79)
3394 2213 3619 2284 μήπως,

2038 2315 2114 2376 ὡς
2142 2311 2347 2384 ἔγραψε
2369 2309 2676 2381 Κορινθίοις
2722 2306 2952 2370 Παῦλος,
2989 2305 3159 2373 ὀλίγοι
3200 2304 3310 2357 τῶν
3339 2302 3620 2374 ἀκεραίων

2040 2405 2149 2458 ἀπὸ
2171 2405 2270 2476 τῆς
2298 2403 2597 2474 ἁπλότητος
2643 2402 2739 2455 καὶ
2790 2399 2888 2470 τῆς
2927 2398 3219 2469 ἀγνότητος
3267 2394 3620 2465 πλανηθῶσιν

2039 2498 2147 2550 ἀπὸ
2173 2495 2275 2565 τῆς
2326 2492 2659 2564 πανουργίας
2697 2490 2860 2545 τινῶν
2910 2489 3240 2562 ἀνθρώπων,
3289 2489 3387 2542 xui
3428 2488 3619 2543 λοιπὸν

2040 2587 2383 2657 ἐντυγχάνειν
2456 2584 2663 2655 ἑτέροις
2733 2582 3033 2653 ἄρξωνται,
3105 2582 3215 2644 τοῖς
3293 2578 3617 2649 λεγομένοις

2040 2677 2399 2750 ἀποκρύφοις,
2432 2674 2778 2746 ἀπατώμενοι
2824 2677 2891 2745 τῇ
2947 2672 3237 2745 ὁμωνυμίᾳ
3282 2671 3392 2725 τῶν
3429 2671 3596 2742 ἀληθι

2039 2772 2145 2826 νῶν
2176 2771 2287 2842 (80)
2310 2770 2549 2841 βιϐλίωνο
2579 2768 2894 2839 παρακαλῶ
2925 2767 3230 2838 ἀνέχεσθαι,
3287 2768 3336 2819 εἰ
3380 2766 3515 2837 περὶ
3543 2758 3624 2821 ὧν

2039 2863 2356 2926 ἐπίστασθε,
2408 2862 2538 2934 περὶ
2567 2862 2771 2915 τούτων
2797 2859 2952 2930 κάγὼ
2995 2858 3348 2931 μνημονεύων
3394 2858 3624 2929 γράφω,

2038 2956 2127 3009 διά
2149 2971 2207 3009 τε
2230 2955 2326 3026 τὴν
2358 2953 2603 3021 ἀνάγκην
2630 2953 2723 3005 καὶ
2752 2952 2813 3005 τὸ
2838 2950 3108 3021 χρήσιμον
3151 2949 3252 3018 τῆς
3265 2947 3621 3018 Ἑκκλησίας.

374 3040 798 3099 memoraturus,
829 3032 898 3088 ad
938 3034 1162 3089 audacis
1214 3035 1479 3104 propositi
1512 3035 1617 3090 mei
1647 3035 1935 3090 conﬁrma-

2062 3044 2263 3098 Ηὲλλων
2283 3044 2338 3097 δὲ
2366 3043 2569 3097 τούτων
2612 3040 2984 3113 μνημονεύειν,
3033 3040 3307 3111 χρήσομαι
3352 3039 3495 3110 πρὸς
3527 3038 3625 3091 σύ-

377 3123 599 3186 tionem,
632 3124 977 3193 evangelista:
1010 3124 1170 3181 Luca:
1204 3124 1378 3179 forma
1413 3134 1538 3179 utar
1558 3126 1624 3189 ⁸ο,
1661 3124 1890 3180 dicendo
1919 3138 1936 3177 :

378 3214 641 3292 Quartiam
694 3216 905 3285 quidem
957 3217 1124 3287 aliqui
1164 3218 1339 3271 conati
1361 3225 1503 3284 sunt,
1540 3232 1661 3288 quae
1681 3217 1940 3272 dicuntur

372 3307 681 3378 apocrypha
706 3308 762 3361 in
785 3322 943 3362 suum
966 3307 1212 3363 ordinem
1240 3308 1503 3379 redigere,
1522 3322 1693 3379 eaque
1714 3309 1942 3364 miscere

376 3398 672 3468 Scriptura:
704 3416 734 3454 a
760 3398 870 3455 Deo
906 3401 1199 3471 inspirata,
1234 3416 1397 3471 quam
1430 3402 1594 3458 certis
1633 3403 1942 3472 accepimus

373 3492 723 3557 testimoniis,
747 3494 1204 3564 quemadmodum
1230 3492 1483 3550 Patribus
1539 3495 1810 3550 tradidere
1843 3495 1938 3563 qui

376 3583 446 3638 ab
474 3583 629 3640 initio
648 3585 752 3655 ipsi
771 3585 1043 3652 viderunt,
1060 3595 1113 3641 et
1136 3586 1369 3642 ministri
1391 3584 1612 3641 fuerunt
1635 3588 1938 3643 sermonis:

375 3676 554 3731 visum
586 3685 670 3732 est
694 3686 748 3732 et
777 3677 932 3741 mihi,
986 3677 1402 3735 adhortantibus
1448 3679 1723 3750 germanis
1754 3678 1941 3734 fratri-

374 3765 497 3830 bus,
523 3774 685 3837 prout
721 3767 908 3833 didici,
943 3768 1012 3822 ab
1046 3768 1203 3823 initio
1238 3777 1295 3824 et
1342 3769 1538 3825 ordine
1558 3770 1729 3825 libros
1752 3784 1942 3825 recen-

378 3872 518 3925 sere,
549 3875 688 3930 quos
707 3860 920 3916 divinos
946 3874 1088 3925 esse,
1133 3862 1397 3918 canonice
1459 3863 1744 3933 scriptum,
1777 3862 1945 3917 tradi-

372 3959 491 4029 tum
519 3959 572 4005 et
600 3952 863 4008 creditum
885 3963 998 4009 est:
1023 3962 1083 4009 ut
1112 3956 1346 4025 quisque
1368 3955 1416 4009 si
1444 3955 1700 4011 seductus
1724 3955 1941 4025 quidem

377 4040 563 4106 fuerit,
586 4058 682 4098 eos
704 4055 966 4115 coarguat
1003 4047 1095 4115 qui
1147 4062 1206 4102 se
1262 4046 1607 4115 seduxerint;
1650 4048 1733 4103 sin
1772 4062 1945 4117 purus

375 4137 757 4206 permanserit,
782 4138 938 4194 laetus
979 4139 1093 4195 haec
1137 4139 1342 4195 monita
1377 4140 1627 4210 accipiat.
1673 4139 1812 4194 Sunt
1843 4140 1941 4194 ita-

377 4242 485 4296 que
513 4225 724 4285 Veteris
748 4228 1079 4286 Tcstamenti
1112 4230 1236 4286 libri
1264 4246 1454 4287 omnes
1488 4246 1717 4287 numero
1754 4231 1945 4301 viginti

377 4317 508 4373 duo.
537 4317 642 4374 Tot
659 4320 825 4387 enim,
857 4331 917 4376 ut
945 4321 1147 4385 audivi,
1192 4321 1458 4377 elementa
1491 4322 1636 4392 apud
1690 4320 1944 4377 Hebraeos

2044 3152 2230 3189 στασιν
2285 3135 2386 3204 τῆς
2442 3133 2680 3203 ἐμαυτοῦ
2733 3133 2936 3204 τόλμης
2983 3130 3059 3203 τῷ
3118 3131 3274 3201 τύπῳ
3320 3130 3417 3183 τοῦ
3455 3130 3624 3198 εὐαγ-

2039 3226 2288 3296 γελιστοῦ
2312 3228 2516 3291 Λουκά,
2551 3225 2724 3294 λέγων
2747 3225 2842 3279 καὶ
2878 3223 3029 3278 αὑτό·
3078 3221 3424 3304 Ἐπειδήπερ
3455 3219 3625 3287 τινὲς

2040 3319 2441 3388 ἐπεχείρησαν
2501 3317 2870 3385 ἀνατάξασθαι
2937 3318 3152 3381 ἑαυτοῖς
3213 3314 3289 3368 τά
3345 3314 3626 3386 λεγόμενα

2041 3398 2367 3482 ἀπόκρυφα,
2429 3410 2524 3465 καὶ
2588 3408 2836 3480 ὲπιμίξαι
2903 3409 3075 3462 ταῦτα
3142 3409 3207 3478 τῇ
3272 3405 3625 3476 θεοπνεύστῳ

2042 3504 2254 3574 Γραφῇ,
2287 3503 2415 3572 περὶ
2442 3498 2510 3574 ἦς
2537 3499 3080 3573 ὲπληροφορήθημεν,
3111 3495 3292 3561 καθὼς
3314 3497 3625 3568 παρέδοσαν

2040 3598 2150 3659 τοῖς
2180 3596 2457 3667 Πατράσιν
2488 3595 2536 3647 οἱ
2560 3595 2654 3648 ἀπ’
2681 3593 2854 3664 ἀρχῆς
2890 3592 3156 3645 αὐτόπται
3206 3590 3301 3643 καὶ
3345 3589 3627 3660 ὑπηρέται

2042 3688 2323 3758 γενόμενοι
2372 3687 2465 3741 τοῦ
2528 3687 2707 3754 λόγον
2768 3681 2913 3749 ἔδοξε
2975 3683 3175 3753 κάμοὶ,
3244 3683 3624 3753 προτραπέντι

2043 3778 2193 3849 παρά
2224 3778 2460 3849 γνησίων
2512 3776 2777 3845 ἀδελφῶν,
2816 3776 2913 3829 καὶ
2966 3774 3190 3846 μαθόντι
3229 3772 3457 3838 ἀνωθεν,
3490 3771 3624 3843 ἑξῆς

2042 3869 2297 3923 ἐκθέσθαι
2330 3869 2399 3922 τὰ
2425 3869 2814 3939 κανονιζόμενα
2835 3867 2932 3920 καὶ
2976 3864 3366 3937 παραδοθέντα,
3396 3881 3621 3917 πιστευ-

2043 3960 2205 4015 θέντα
2231 3977 2289 4014 τε
2316 3959 2434 4013 θεῖα
2461 3956 2598 4013 εἶναι
2625 3959 2820 4029 pisum
2870 3959 2956 4012 ἶνα
2997 3957 3246 4019 ἕκαστος,
3269 3957 3318 4009 εί
3350 3955 3448 4026 μὲν
3480 3955 3633 4024 ὴπαε.

2042 4049 2204 4120 τήθη,
2266 4047 2521 4118 καταγνῷ
2570 4048 2679 4101 τῶν
2738 4047 3143 4116 πλανησάντων·
3196 4046 3225 4097 ὁ
3271 4044 3327 4097 δὲ
3376 4043 3622 4115 καθαρὸς

2042 4141 2322 4211 διαμείνας
2350 4140 2515 4212 χαίρῃ
2540 4140 2700 4193 πάλιν
2721 4140 3288 4210 ὑπομιμνησκόμενος.
3325 4137 3485 4189 Ἐστι
3506 4138 3623 4189 τοί-

2043 4250 2137 4285 νυν
2157 4233 2256 4299 τῆς
2285 4233 2381 4301 μὲν
2409 4232 2648 4295 Παλαιᾶς
2669 4231 2941 4304 Διαθήκης
2984 4230 3159 4301 βιϐλία
3198 4228 3279 4299 τῷ
3308 4227 3530 4302 ἀριθμῷ
3551 4228 3624 4282 τά

2044 4323 2220 4376 πάντα
2246 4320 2530 4375 εἰκοσιδύο·
2567 4321 2804 4376 τοσαῦτα
2857 4322 2986 4393 γὰρ,
3026 4322 3101 4387 ὡς
3144 4323 3371 4394 ἥκουσα,
3414 4323 3511 4377 καὶ
3549 4323 3625 4377 τά

376 4423 498 4465 esse
528 4412 783 4466 traditum
819 4424 918 4468 est.
981 4412 1191 4482 Singuli
1226 4423 1407 4468 autem
1463 4415 1569 4470 hoc
1594 4414 1806 4479 ordine,
1842 4415 1937 4469 hoc

2062 4414 2287 4483 ττοιχεῖα
2311 4411 2379 4465 τά
2429 4414 2562 4483 παρ’
2606 4412 2877 4484 Ἑϐραίοις
2923 4411 3063 4466 εἶναι
3114 4413 3492 4484 παραδέδοται·
3548 4417 3619 4486 τῇ

376 4499 599 4555 nomine
628 4511 758 4556 sunt
808 4523 820 4557 :
874 4501 1115 4557 Primum
1172 4503 1419 4570 Genesis,
1452 4505 1647 4560 deinde
1697 4502 1940 4571 Exodns,

377 4591 505 4647 hinc
533 4591 827 4659 chiticus,
854 4603 1042 4664 postea
1093 4594 1340 4664 Numeri,
1375 4596 1573 4651 exinde
1611 4594 1942 4652 Deuterono-

446 4708 492 4739 ³⁸
529 4708 673 4766 Psal.
706 4729 758 4777 ι,
788 4712 873 4767 15.
949 4714 994 4745 ⁸⁹
1031 4710 1076 4766 ll
1103 4713 1230 4770 Cor.
1264 4731 1342 4777 ιι,
1371 4714 1426 4769 3.
1503 4716 1550 4747 ⁶⁰
1588 4713 1720 4775 Luc.
1750 4736 1788 4784 ι,
1829 4718 1877 4773 l.

446 4822 560 4894 (74)
601 4825 676 4880 Ita
710 4826 929 4894 plurimi
961 4827 1337 4895 manuscripti.
1365 4825 1422 4880 ln
1458 4827 1619 4883 editis
1645 4836 1700 4883 et
1733 4830 1942 4885 caeteris

374 4897 789 4968 manuscriptis.
821 4897 1069 4968 στηρίξῃ,
1099 4897 1429 4968 omisso_p.e.
1453 4897 1623 4952 Paulo
1657 4911 1798 4968 post,
1830 4916 1945 4954 ma-

374 4965 1046 5036 nuscriptiiomnes,"xai'
1072 4966 1143 5021 τὰ
1181 4965 1423 5022 τοιαῦτα.
1460 4968 1603 5024 Editi
1641 4965 1801 5034 male,
1849 4970 1945 5024 καὶ

377 5034 515 5104 μετά
539 5034 780 5090 τοιαῦτα.

409 5176 436 5229 ἐ
459 5105 572 5228 (715)
610 5105 688 5229 l'ta
717 5107 934 5177 plurimi
958 5123 1231 5164 manuscr.
1257 5108 1316 5161 In
1345 5106 1504 5163 editis
1531 5117 1585 5163 et
1604 5109 1832 5173 caeteris,
1855 5109 1947 5162 ἐπὶ

442 5215 456 5229 .
527 5192 617 5229 ees
647 5218 660 5229 .

375 5184 456 5239 σε,
488 5184 660 5232 deest.

445 5245 560 5315 (76)
602 5245 737 5302 Tres
761 5248 1140 5318 manuscripti,
1174 5247 1241 5318 δι’
1274 5249 1571 5303 εὐσέϐειαν.
1608 5249 1807 5305 Ibidem
1834 5255 1946 5303 tres

370 5318 757 5386 manuscripti,
782 5317 1122 5391 ὲνδοιάστως.
1165 5317 1306 5373 Editi
1333 5329 1390 5374 et
1423 5321 1514 5375 alii
1550 5319 1945 5391 praestantioris

371 5395 513 5439 noue
540 5404 842 5451 manuscr.,
880 5388 1202 5453 ὲνδυάστως.

442 5456 557 5526 (77)
594 5456 654 5511 In
686 5458 857 5529 Regio
890 5461 1050 5513 tertio
1080 5467 1136 5512 et
1168 5469 1363 5529 quarto
1390 5462 1505 5515 haec
1527 5460 1722 5529 desunt
1761 5459 1824 5512 ad
1875 5462 1939 5513 tio

371 5539 493 5607 nem
523 5521 732 5607 usque;
748 5521 1032 5607 lleg.__ver_o
1063 5529 1097 5583 5
1123 5521 1319 5584 borum
1352 5531 1471 5585 loco
1492 5521 1732 5597 habent}:
1757 5531 1789 5598 ἠ
1814 5529 1938 5595 δόξα

369 5598 459 5668 εἰς,
468 5598 858 5668 τοὺς-αἰῶνας.
879 5600 1068 5668 Ἀμήν.

442 5665 555 5734 (78)
596 5666 810 5725 Titulus
843 5672 898 5724 in
922 5665 1131 5741 Colbkl
1174 5679 1227 5726 et
1253 5670 1308 5737 ‘2,
1328 5668 1433 5724 Τοῦ
1456 5670 1618 5724 αὐτοῦ
1645 5671 1708 5723 ὲκ
1737 5668 1833 5738 τῆς
1862 5668 1935 5722 λθ¹

2048 4505 2103 4558 δὲ
2160 4504 2309 4571 τάξει
2374 4504 2470 4558 καὶ
2516 4504 2594 4576 τῷ
2647 4504 2869 4574 ὀνόματί
2919 4506 3069 4557 ἐστιν
3123 4504 3352 4558 ἕκαστον
3414 4504 3617 4569 οὕτως·

2049 4596 2270 4668 Πρῶτον
2303 4595 2411 4667 (81)
2434 4596 2671 4663 Γένεσις,
2701 4593 2818 4650 εἶτα
2852 4595 3089 4661 Ἔξοδος,
3137 4591 3256 4649 εἶτα
3309 4595 3619 4663 Δευῖτικὺν,

2048 4828 2399 4899 ὲορταστικῆς
2425 4824 2729 4899 ἐπιστολῆς,
2747 4824 3118 4899 ἀπαρίθμησις
3138 4825 3246 4879 τῶν
3274 4824 3621 4899 βιϐλίωντῆς

2049 4895 2289 4959 Παλαιᾶς
2322 4895 2416 4950 καὶ
2444 4898 2542 4967 τῆς
2575 4896 2739 4959 Νέας.
2784 4895 2984 4965 Regius
3012 4895 3257 4967 quintus,
3277 4895 3395 4949 τοῦ
3444 4895 3620 4954 αὐτοῦ

2048 4969 2114 5021 ὲκ
2142 4968 2241 5038 τῆς
2263 4966 2889 5039 ὲννάτηςὲορταστικῆς,
2917 4977 3023 5022 etc.
3054 4966 3266 5037 Reliqui
3304 4982 3435 5023 mss.
3468 4976 3533 5024 ut
3558 4970 3618 5025 in

2050 5046 2221 5093 textu.

2121 5108 2230 5179 (79)
2269 5108 2422 5180 Golb.
2451 5106 2714 5180 2,-θελαςυ
2741 5106 2963 5180 Γραφάς
3013 5107 3120 5180 χρὴ
3172 5106 3476 5162 πιστεύεινσ
3520 5112 3622 5165 καὶ

2048 5178 2157 5247 γὰρ
2189 5176 2483 5250 φοϐοῦμαι.
2507 5177 2657 5250 lnfr_a_
2684 5176 2884 5246 Regius
2919 5176 3148 5250 quartus
3176 5187 3231 5234 et
3260 5180 3508 5250 quintus,
3533 5197 3621 5235 τι-

2046 5250 2133 5321 νὲς
2155 5249 2263 5321 τῶν
2291 5247 2584 5321 ἀκεραίων.
2610 5247 2733 5301 Mox
2760 5262 2951 5321 omnes
2981 5248 3092 5321 fere
3121 5249 3495 5321 manuscripti,
3517 5253 3620 5321 τῆς

2045 5319 2354 5391 ἁγνότητος.
2399 5318 2553 5391 Ειίὶιί
2599 5334 2749 5379 vero,
2781 5318 2880 5387 τῆς
2921 5319 3228 5391 ἁγιότητος.
3261 5318 3432 5374 Paulo
3463 5318 3614 5389 post,

2044 5389 2250 5458 ἑτέροις
2279 5391 2429 5445 deest
2460 5389 2515 5443 in
2544 5400 2780 5458 quatuor
2811 5389 3217 5458 Inanuscriptis.

2116 5456 2225 5541 (ἔξυ)
2266 5456 2780 5541 lta_tresnm_a_nus‘cr'.
2815 5456 2916 5541 Alii
2947 5456 3293 5525 verm—minus
3319 5469 3485 5525 recte,
3503 5458 3614 5513 τῶν

2046 5527 2290 5609 ἀληθῶνἒ
2321 5529 2441 5609 Mox
2457 5530 2654 5609 _tJoll_t.,
2679 5527 2954 5609 ἀνέχεσθετ

2119 5599 2233 5668 (81)
2272 5600 2330 5654 In
2376 5600 2529 5654 Coll».
2582 5601 2633 5661 Ι,
2675 5598 2886 5667 πρῶτον
2929 5598 3099 5652 deest.
3134 5598 3332 5662 Regius
3377 5609 3612 5668 quartus

2046 5670 2225 5737 habet,
2259 5668 2466 5735 πρώτη.
2501 5669 2631 5725 Ibid.
2666 5668 2819 5723 Collt.
2852 5668 2908 5732 2,
2943 5668 3416 5735 Γένεσι;,⁹Εξοδος.
3452 5672 3612 5729 Aecci—
