3794 6226
166 286 330 341 1177

1212 289 1543 345 EPISTOLA
1579 290 1669 345 AD
1706 289 2001 346 AMUNEM
2040 289 2442 348 MONACIIUM.

3244 292 3251 299 ’
3298 291 3433 348 1'178

160 400 287 452 καὶ
318 397 455 469 μετά
489 397 648 451 τοῦτο
693 397 960 469 ’Δριθμοὶ,
1006 399 1100 453 καὶ
1153 399 1334 455 λοιπὸν
1398 402 1459 454 τὸ
1505 404 1722 475 Δευτερι

1863 402 2054 457 mium.
2083 401 2195 458 Hos
2221 403 2516 473 excipiunt,
2568 401 2729 458 Jesus
2781 403 2927 459 tilius
2976 401 3142 470 Nave,
3189 401 3429 461 Judices,

161 493 397 563 νόμιον.
447 491 602 562 Ἑξῆς
623 492 681 545 δὲ
722 491 932 555 τούτοις
980 493 1125 546 ἐστὶν
1162 492 1367 563 Ἰησοῦς
1408 495 1436 546 ὁ
1457 493 1552 547 τοῦ
1580 494 1756 565 Ναυῆ,

162 585 285 639 καὶ
308 582 523 658 Κριταί·
556 584 651 640 καὶ
687 582 823 654 μετὰ
847 582 1005 636 τοῦτο
1034 583 1067 654 ἡ
1107 583 1283 636 Ῥούθ·
1323 584 1417 637 καὶ
1449 583 1613 636 πάλιν
1632 582 1759 653 ἑξῆς

163 676 485 730 Βασιλειῶν
510 676 752 744 τέσσαρα
792 673 972 744 βιϐλία
996 673 1128 745 (82)·
1180 674 1275 728 καὶ
1324 674 1526 728 τούτων
1571 673 1634 726 τὸ
1662 674 1760 744 μὲν

164 768 408 839 πρῶτον
434 767 526 821 καὶ
557 766 807 837 δεύτερον
826 766 905 830 είς
929 764 987 820 ἓν
1025 765 1227 837 βιϐλίον
1252 765 1587 838 ἀριθμεῖται·
1613 765 1675 818 τὸ
1701 764 1759 818 δὲ

162 860 370 931 τρίτον
394 860 487 912 καὶ
518 860 772 932 τέταρτον
816 859 1016 930 ὁμοίως
1069 860 1151 922 είς
1190 858 1268 912 ἓν.
1303 857 1459 912 Μετά
1501 857 1559 910 δὲ
1586 857 1759 911 ταῦτα

162 953 682 1025 Παραλειπομένων
733 953 844 1023 (85)
883 959 931 1006 α’
984 953 1078 1006 καὶ
1112 952 1156 1023 β’
1203 952 1412 1023 ὁμοίως
1448 955 1530 1017 είς
1575 952 1633 1005 ἓν
1681 951 1760 1022 βι-

166 1047 340 1100 6λίον
390 1046 551 1100 πάλιν
607 1045 1002 1117 ἀριθμούμενα·
1037 1041 1155 1098 εἶτα
1202 1046 1437 1116 Ἔσδρας
1475 1052 1522 1099 α’
1572 1045 1665 1099 καὶ
1712 1044 1758 1115 β’

163 1140 392 1209 ὁμοίως
421 1141 500 1203 είς
522 1138 599 1191 ἓν.
626 1138 780 1192 Μετά
835 1137 892 1190 δὲ
925 1137 1098 1192 ταῦτα
1130 1137 1310 1208 βίϐλος
1356 1135 1622 1205 Ψαλμῶν,
1664 1136 1758 1189 καὶ

164 1232 317 1302 ἑξῆς
371 1230 687 1302 Παροιμίαι·
740 1226 858 1284 εῐτα
921 1228 1379 1300 Ἐκκλησιαστὴς,
1425 1229 1519 1282 καὶ
1565 1223 1757 1299 ’ᾏσμα

164 1323 471 1395 ᾀσμάτων.
518 1322 662 1394 Πρὸς
703 1320 912 1386 τούτοις
964 1320 1081 1374 ἐστὶ
1143 1320 1236 1374 καὶ
1282 1319 1423 1384 Ἰὼϐ,
1451 1319 1543 1372 καὶ
1575 1318 1757 1373 λοιπὸν

164 1415 484 1485 προφῆται·
508 1415 558 1467 οἱ
595 1415 690 1485 μὲν
713 1413 918 1467 δώδεκα
937 1415 1017 1477 είς
1039 1413 1098 1466 ἓν
1117 1412 1316 1484 βιϐλίον
1345 1411 1752 1484 ἀριθμούμενοι·

166 1503 306 1560 εἶτα
372 1505 618 1570 Ἠσαίας,
680 1503 980 1576 Ἱερεμίας,
1038 1505 1133 1559 καὶ
1182 1506 1279 1558 σὺν
1331 1503 1479 1575 αὐτῷ
1520 1504 1753 1574 Βαροὺχ,

164 1597 407 1668 Θρῆνοι,
448 1596 734 1666 Ἐπιστολὴ
766 1595 897 1667 (84),
923 1597 1017 1649 καὶ
1042 1593 1157 1666 μετ’
1191 1594 1354 1650 αὐτὸν
1384 1594 1641 1665 Ἱεζεκιὴλ
1663 1596 1756 1649 καὶ

163 1688 405 1760 Δανιήλ.
451 1689 614 1759 Ἀχρι
677 1687 879 1742 τούτων
931 1687 999 1742 τά
1051 1687 1152 1759 τῆς
1197 1688 1439 1752 Παλαιᾶς
1484 1688 1757 1760 Διαθήκης

164 1781 425 1835 ἵσταται.
476 1780 558 1834 Τὰ
607 1781 665 1835 δὲ
723 1782 821 1853 τῆς
881 1782 1088 1852 Καινῆς
1137 1781 1297 1834 πάλιν
1354 1781 1453 1834 οὐκ
1503 1780 1756 1851 ὀκνητέον

164 1873 380 1927 εἰπεῖν·
405 1872 518 1927 ἐστι
558 1873 667 1944 γάρ
710 1873 908 1928 ταῦτα·
935 1872 1240 1943 Εὐαγγέλια
1300 1873 1559 1943 τέσσαρα·
1616 1871 1757 1926 κατά

166 1963 489 2025 Ματθαῖον,
514 1964 654 2018 κατά
682 1964 927 2035 Μάρκον,
956 1962 1099 2017 κατά
1136 1963 1368 2027 Λουκάν,
1397 1961 1539 2015 κατά
1578 1961 1757 2015 Ἰωάν-

142 2073 300 2126 .νην.
339 2050 472 2108 Εἶτα
499 2056 634 2126 μετὰ
660 2054 831 2109 ταῦτα
857 2054 967 2124 (85)
1005 2053 1239 2126 Πράξεις
1268 2053 1601 2116 ἀποστόλων,
1662 2053 1767 2129 καὶ.

177 2147 505 2202 Ἐπιστολαὶ
566 2147 866 2202 Καθολικαὶ
925 2146 1255 2217 καλούμεναι
1291 2146 1397 2200 τῶν
1444 2144 1754 2198 ἀποστόλων

165 2241 345 2295 ἑπτά·
395 2239 537 2293 οὕτω
593 2240 691 2311 μὲν
735 2237 988 2292 Ἰακώϐου
1043 2244 1112 2301 α’,
1153 2238 1357 2309 Πέτρου
1404 2235 1461 2289 δὲ
1520 2235 1585 2307 β’,
1635 2231 1754 2290 εἶτα

176 2331 442 2385 Ἰωάννου
466 2331 534 2398 γ’,
565 2331 660 2384 καὶ
696 2329 832 2401 μετά
882 2328 1082 2392 ταύτας
1135 2328 1301 2382 ’ἰούδα
1329 2335 1399 2382 α’.
1461 2327 1604 2399 Πρὸς
1632 2327 1755 2380 τού-

161 2440 296 2486 τοις
324 2421 535 2475 Παύλου
558 2421 855 2475 ἀποστόλου
882 2420 1019 2475 είσὶν
1041 2418 1317 2473 ἐπιστολαὶ
1337 2418 1749 2491 δεκατέσσαρες,

162 2516 243 2584 τῇ
274 2512 428 2577 τάξει
448 2513 788 2583 γραφόμεναι
823 2510 1012 2575 οὕτως·
1042 2509 1231 2582 πρώτη
1264 2509 1399 2576 πρὸς
1430 2509 1748 2579 Ῥωμαίους·

166 2604 299 2661 εἶτα
333 2606 470 2676 πρὸς
488 2603 806 2677 Κορινθίους
825 2604 919 2658 δύο
940 2620 955 2635 ·
989 2603 1083 2656 καὶ
1117 2604 1250 2673 μετά
1281 2603 1451 2656 ταῦτα
1475 2601 1583 2673 (86)
1615 2601 1751 2673 πρὸς

167 2697 449 2761 Γαλάτας·
497 2697 590 2750 καὶ
653 2696 781 2766 ἑξῆς
850 2696 988 2768 πρὸς
1065 2695 1377 2765 Ἐφεσίους·
1428 2689 1560 2765 εἶτα,
1615 2693 1752 2765 πρὸς

163 2789 589 2861 Φιλιππησίους,
621 2789 717 2842 καὶ
762 2788 896 2859 πρὸς
939 2787 1289 2852 Κολασσαεϊς·
1333 2786 1426 2840 καὶ¹
1462 2785 1597 2857 μετά
1622 2785 1752 2838 ταύ-

164 2900 276 2946 τας
306 2881 443 2953 πρὸς
472 2880 878 2942 Θεσσαλονικεῖς
901 2878 1015 2945 δύο,
1054 2878 1148 2932 καὶ
1180 2880 1213 2950 ἡ
1264 2877 1400 2951 πρὸς
1447 2877 1744 2949 Ἐϐραίους·

166 2974 274 3028 καὶ
307 2973 466 3035 εὐθὺς
496 2973 632 3044 πρὸς
666 2972 762 3042 μὲν
790 2972 1051 3043 Τιμόθεον
1069 2970 1177 3043 (87)
1207 2970 1318 3034 δύο,
1354 2969 1489 3044 πρὸς
1512 2970 1567 3023 δὲ
1591 2968 1748 3022 Τίτον

1861 502 1915 546 et
1951 502 2138 562 postea
2162 492 2328 548 Ruth.
2357 492 2497 548 llinc
2535 507 2753 548 rursum
2795 490 3109 563 Regnorum
3149 494 3427 566 lihriqua-

1860 591 1982 638 tuor
2012 601 2028 639 :
2059 598 2128 639 ex
2150 583 2349 654 quibus
2394 584 2603 653 primus
2627 590 2683 638 et
2717 583 2990 639 secundus
3052 598 3153 653 pro
3185 600 3295 639 uno
3323 599 3428 639 nu-

1860 677 2315 746 meranturlihro;
2373 677 2567 732 tertius
2597 684 2653 732 et
2691 685 2922 747 quartus
2965 691 3066 747 pro
3095 693 3207 733 uno
3234 678 3430 733 simili-

1858 776 1962 823 ter.
1987 766 2121 823 Post
2148 767 2264 824 hac
2298 766 2752 838 Paralipomenon
2796 768 3007 837 primus
3057 776 3112 823 et
3155 769 3430 824 secundus

1861 872 1958 927 pro
1987 873 2100 913 uno
2131 861 2331 929 pariter
2352 859 2493 915 libro
2519 866 2832 915 censentur.
2852 857 2992 914 Hinc
3019 858 3203 915 Esdm
3222 860 3431 930 primus

1857 958 1912 1009 et
1960 951 2266 1014 secundus,
2332 966 2433 1020 pro
2488 965 2599 1005 uno
2662 950 2912 1006 similiter
2968 968 2984 1005 :
3055 960 3242 1018 postea
3293 952 3430 1007 liber

1858 1042 2223 1110 Psalmorum,
2253 1042 2511 1113 deinceps
2532 1042 2850 1111 Proverbia,
2883 1051 2999 1098 tum
3048 1043 3425 1111 Ecclesiastes,

1857 1145 1912 1192 et
1935 1136 2219 1191 Canticum
2255 1134 2615 1190 canticorum.
2647 1135 2728 1189 Ad
2758 1135 2874 1191 haec
2920 1135 3044 1203 Job,
3090 1152 3155 1191 ac
3176 1137 3428 1208 deinceps

1858 1228 2151 1299 prophetae,
2182 1242 2251 1283 ex
2273 1227 2473 1298 quibus
2491 1226 2774 1281 duodecim
2808 1241 2906 1297 pro
2936 1242 3044 1282 uno
3076 1227 3216 1282 libro
3238 1244 3428 1282 nume-

1858 1332 2069 1377 rantur;
2095 1318 2235 1375 Hinc
2267 1319 2459 1382 Isaias,
2488 1317 2755 1374 Jeremias
2793 1327 2849 1374 et
2874 1334 2997 1375 cum
3030 1320 3149 1389 ipso
3188 1319 3425 1387 Barucb,

1858 1412 2319 1475 Lamentationes,
2379 1409 2620 1479 Epistola
2656 1427 2672 1466 :
2714 1420 2900 1480 postea
2950 1409 3199 1466 Ezechiel
3233 1418 3288 1467 et
3324 1411 3429 1466 Da-

1857 1507 1985 1561 niel.
2007 1504 2281 1562 Hactenus
2302 1504 2512 1560 Veteris
2540 1503 2871 1561 Testamenti
2897 1504 3041 1559 libri.
3079 1504 3216 1561 Novi
3246 1514 3424 1561 autem

1859 1597 2190 1652 Testamenti
2228 1596 2396 1653 libros
2437 1595 2641 1652 referre
2667 1610 2734 1651 ne
2763 1597 2962 1666 pigeat.
2995 1595 3135 1653 Sunt
3165 1598 3308 1653 enim
3332 1598 3384 1652 hi
3410 1616 3422 1651 :

1858 1688 2148 1761 Evangelia
2170 1696 2424 1759 quatuor,
2442 1688 2741 1743 secundum
2771 1686 3106 1755 Matthaum,
3126 1691 3423 1744 secundum

1789 1749 1829 1804 Β
1858 1779 2129 1848 Marcum,
2159 1781 2455 1835 secundum
2508 1777 2731 1846 Lucam,
2786 1781 3085 1835 secundum
3137 1779 3422 1836 Joannem.

1855 1869 2048 1926 Postea
2098 1870 2230 1925 Acta
2289 1871 2690 1941 apostolorum,
2747 1879 2802 1925 et
2861 1868 3112 1941 Epistolas
3189 1871 3426 1929 Catholi-

1857 1978 1963 2025 cae,
2004 1978 2127 2033 qua:
2173 1962 2556 2032 Apostolorum
2597 1972 2899 2028 vocantur,
2949 1977 3178 2018 numero
3214 1974 3421 2034 septem

1856 2066 2068 2123 nempe,
2102 2052 2287 2109 Jacobi
2317 2068 2445 2120 una,
2495 2051 2640 2109 Petri
2667 2053 2808 2119 dum,
2866 2050 3089 2110 Joannis
3116 2064 3245 2121 tres,
3272 2054 3426 2111 Judaa

1854 2161 1986 2200 una.
2037 2145 2119 2200 Ad
2167 2145 2282 2200 haec
2331 2145 2488 2200 Pauli
2550 2145 2782 2216 apostoli
2832 2145 3242 2215 quatuordecim
3294 2157 3424 2211 sunt

1854 2235 2130 2306 Epistolas,
2184 2237 2264 2292 sic
2315 2238 2505 2292 ordine
2557 2237 2882 2307 descriptae:
2938 2236 3138 2307 prima,
3200 2238 3266 2296 ad
3310 2236 3425 2296 Ro-

1853 2339 2048 2380 manos
2077 2343 2090 2380 :
2134 2334 2249 2380 tum
2293 2324 2415 2379 duae
2467 2324 2533 2378 ad
2561 2322 2873 2379 Corinthios
2905 2342 2919 2378 :
2951 2323 3169 2391 dehinc,
3221 2326 3288 2381 ad
3317 2325 3423 2382 Ga-

1853 2419 2027 2496 latas:
2058 2426 2269 2488 postea,
2328 2417 2394 2471 ad
2442 2416 2757 2487 Ephesios:
2807 2416 3033 2486 deinde,
3095 2418 3162 2473 ad
3216 2418 3424 2489 Philip-

1851 2525 2080 2581 penses:
2110 2518 2249 2577 tum,
2308 2510 2381 2563 ad
2422 2508 2776 2564 Colossenses
2812 2527 2826 2564 :
2883 2520 3094 2581 postea,
3152 2511 3217 2565 ad
3246 2510 3422 2568 Thes-

1853 2601 2223 2659 salonicenses
2251 2601 2391 2665 duae,
2415 2608 2470 2655 et
2490 2610 2553 2655 ea
2583 2615 2706 2669 quae
2735 2601 2802 2657 ad
2835 2600 3091 2658 Hebraaos
3127 2602 3419 2673 dirigitur:

1850 2694 2047 2751 deinde
2074 2694 2141 2750 ad
2184 2692 2528 2748 Timotheum
2564 2694 2684 2751 dua:
2716 2713 2731 2750 :
2770 2697 2838 2752 ad
2890 2694 3075 2749 Titum
3137 2711 3285 2750 una:
3334 2696 3421 2750 ul-

1850 2787 2008 2855 timo,
2043 2786 2109 2841 ad
2138 2785 2509 2840 Philemonem
2548 2801 2658 2842 una
2687 2805 2701 2841 :
2756 2787 2822 2843 ad
2881 2790 2996 2843 haec
3023 2787 3251 2843 Joannis
3277 2788 3421 2860 Apo-

1849 2879 2101 2951 calypsis.
2139 2877 2205 2933 Hi
2232 2886 2361 2934 sunt
2391 2879 2585 2934 salutis
2611 2878 2810 2946 fontes,
2857 2888 2916 2934 ut
2946 2881 3040 2950 qui
3073 2879 3206 2945 sitit,
3230 2895 3418 2934 eorum

1850 2972 2081 3043 eloquiis
2129 2973 2460 3043 impleatur:
2512 2974 2569 3028 in
2630 2973 2717 3029 his
2751 2974 2881 3029 solis
2920 2973 3136 3042 pietatis
3173 2974 3419 3030 doctrina

169 3063 300 3136 μία·
351 3063 446 3116 καὶ
483 3062 766 3116 τελευταία
824 3063 857 3132 ἡ
913 3061 1048 3133 πρὸς
1105 3061 1400 3131 Φιλήμονα·
1448 3061 1547 3137 ita).
1590 3059 1722 3113 πάλι

1853 3063 2094 3119 docetur.
2123 3060 2293 3118 Nemo
2324 3064 2390 3119 iis
2437 3064 2619 3129 addat,
2651 3071 2745 3119 aut
2769 3063 2971 3134 aliquid
3003 3063 3073 3118 ab
3106 3063 3214 3119 illis
3256 3064 3420 3136 768

175 3152 437 3208 Ἰωάννου
488 3150 874 3221 Ἀποκάλυψις.
913 3149 1096 3205 Ταῦτα
1120 3151 1294 3220 πηγαὶ
1327 3149 1420 3204 τοῦ
1452 3150 1740 3221 σωτηρίου,

164 3245 317 3300 ὥστε
352 3245 445 3297 τὸν
475 3242 713 3312 διψῶντα
755 3241 863 3295 τῶν
918 3242 976 3296 ἐν
1021 3242 1228 3306 τούτοις
1265 3239 1617 3313 ἐμφορεῖσθαι
1654 3241 1743 3294 λοι

163 3336 332 3405 γίων·
366 3336 424 3388 ὲν
457 3334 665 3397 τούτοις
699 3333 880 3404 μόνοις
926 3332 987 3386 τὸ
1018 3331 1119 3402 τῆς
1164 3331 1442 3395 εὐσεϐείας
1489 3331 1743 3385 διδασκα-

161 3424 316 3478 λεῖον
361 3421 792 3492 εὐαγγελίζεται.
852 3422 1059 3495 Μηδεὶς
1104 3420 1316 3485 τούτοις
1372 3421 1740 3487 ὲπιϐαλλέτω,

167 3516 316 3589 μηδὲ
343 3514 546 3569 τούτων
569 3513 906 3586 ἀφαιρείσθω
930 3531 1003 3568 τι.
1024 3515 1159 3586 Περὶ
1185 3514 1242 3567 δὲ
1265 3514 1469 3568 τούτων
1488 3515 1516 3567 ὁ
1542 3513 1745 3585 Κύριος

163 3605 567 3670 Σαδδουκαίους
597 3606 694 3676 μὲν
729 3603 1016 3670 ἐδυσώπει,
1064 3605 1255 3674 λέγων·
1314 3602 1633 3660 Πλανᾶσθε
1655 3604 1740 3675 μὴ

162 3699 399 3765 ειδότες
430 3698 535 3764 τὰς
562 3697 825 3767 Γραφάς·
856 3700 968 3762 τοῖς
1015 3697 1073 3751 δὲ
1132 3697 1405 3761 Ἰουδαίοις
1457 3698 1569 3769 (88)
1602 3714 1744 3770 παρ-

162 3791 314 3863 ῄνει·
353 3772 690 3858 ”Ερευνᾶτε
720 3791 827 3856 τὰς
856 3789 1122 3860 Γραφάς·
1155 3789 1244 3843 ὅτι
1276 3791 1451 3844 αὐταί
1498 3792 1657 3845 εἰσιν
1682 3795 1741 3845 αἱ

156 3879 580 3953 μαρτυροῦσαι
635 3881 767 3949 περὶ
824 3881 990 3950 ἐμοῦ.
1031 3880 1169 3935 Ἀλλ’
1201 3880 1365 3936 ἕνεκά
1413 3899 1476 3951 γε
1502 3882 1742 3948 πλείονος

163 3972 459 4045 ἀκριϐείας
481 3971 810 4043 προστίθημι
839 3972 945 4025 καὶ·
964 3970 1120 4025 τοῦτο
1152 3971 1376 4043 γράφων
1407 3971 1739 4041 ἀναγκαίως,

163 4063 249 4126 ὡς
270 4061 385 4134 (89)
420 4061 501 4114 ὅτι
524 4061 641 4114 ἐστὶ
670 4060 765 4114 καὶ
790 4061 952 4132 ἔτερα
1000 4058 1180 4131 βιϐλία
1204 4059 1407 4114 τούτων
1438 4059 1653 4126 ἔξωθεν·
1678 4062 1739 4114 ού

165 4153 565 4224 κανονιςόμενα
599 4152 719 4224 μὲν,
762 4152 1118 4223 τετυπωμένα
1144 4151 1203 4205 δὲ
1228 4151 1377 4222 παρά
1424 4151 1533 4205 τῶν
1567 4152 1740 4206 Πατέ-

167 4263 285 4317 ρων
308 4243 776 4311 ἀναγινώσκεσθαι
830 4244 941 4307 τοῖς
986 4244 1110 4313 ἄρτι
1163 4243 1619 4315 προσερχομένοις
1648 4244 1742 4298 καὶ

166 4335 523 4406 βουλομένοις
546 4334 657 4405 (90)
698 4333 1050 4405 κατηχεῖσθαι
1095 4334 1185 4387 τὸν
1211 4335 1308 4404 τῆς
1335 4333 1614 4399 εὐσεϐείας
1653 4334 1739 4388 λό-

1847 3155 2116 3209 detrahat.
2156 3154 2228 3210 De
2273 3155 2357 3211 his
2408 3154 2674 3212 Dominus
2707 3153 3031 3210 Sadducteos
3054 3155 3260 3224 pudore
3299 3157 3418 3210 alli-

1845 3246 2042 3312 ciebat,
2066 3246 2152 3300 his
2179 3246 2360 3301 verbis
2398 3264 2412 3299 :
2462 3244 2671 3300 Erratis
2702 3246 2983 3300 nescientes
3009 3243 3310 3315 Scripturas
3330 3247 3370 3278 ⁶¹
3400 3263 3416 3301 :

1844 3335 2060 3392 Judaaos
2087 3352 2217 3392 vero
2262 3337 2586 3392 hortabatur
2630 3335 2860 3391 dicens:
2908 3334 3235 3390 Scrutamini
3269 3334 3416 3391 Scri«
3496 3360 3511 3369 ν

1842 3436 2049 3497 pturas,
2102 3426 2227 3496 quia
2267 3425 2376 3481 ilia:
2424 3434 2548 3479 sunt
2593 3440 2711 3495 quin
2760 3424 3114 3479 testimonium
3151 3425 3415 3496 perhibent

1843 3518 1907 3572 de
1949 3534 2030 3571 me
2093 3516 2161 3570 ".
2210 3516 2314 3572 Sed
2378 3516 2601 3584 majoris
2647 3516 3015 3573 accurationis
3067 3531 3237 3572 causa
3280 3514 3414 3573 illud

1843 3624 2061 3682 quoque
2091 3608 2294 3680 scripto
2326 3610 2523 3664 addere
2562 3623 2784 3665 necesse
2810 3608 2968 3676 duxi;
2995 3624 3117 3665 esse
3154 3610 3411 3664 nimirum

1843 3704 1981 3760 alios
2003 3703 2173 3759 libros
2203 3715 2398 3773 praeter
2427 3703 2582 3769 istos,
2635 3717 2743 3757 non
2797 3702 2852 3756 in
2883 3717 3150 3758 canonem
3190 3703 3412 3773 quidem

1841 3795 2113 3859 redactos,
2143 3792 2234 3848 sed
2263 3808 2401 3862 quos
2425 3808 2454 3847 a
2485 3791 2738 3848 Patrihus
2781 3792 3057 3847 decretum
3092 3801 3196 3858 est,
3235 3793 3430 3864 legem-

1843 3887 1943 3942 dos
1964 3884 2121 3941 abiis
2153 3899 2273 3939 esse
2300 3884 2391 3954 qui
2453 3899 2627 3953 nuper
2676 3884 2951 3940 ediscendi
3002 3884 3217 3954 pietatis
3263 3885 3410 3940 verbi

1843 3977 2015 4049 gratia
2046 3976 2395 4032 accesserint.
2432 3974 2711 4045 Sapientia
2743 3973 3076 4040 Salomonis,
3107 3986 3161 4028 et
3194 3974 3410 4044 sapien-

1845 4069 1918 4124 tia
1943 4067 2160 4132 Sirach,
2186 4066 2399 4135 Esther,
2425 4064 2635 4131 Juditb,
2664 4064 2887 4132 Tobias,
2917 4064 3197 4134 Doctrina,
3227 4075 3287 4121 ut
3320 4081 3412 4121 vo-

1843 4171 1991 4227 cant,
2043 4161 2437 4232 apostolorum,
2483 4167 2539 4214 et
2587 4156 2803 4214 Pastor.
2851 4157 3139 4222 Attamen,
3202 4157 3408 4226 dilecti,

1842 4269 1966 4311 cum
2025 4254 2101 4308 illi
2151 4253 2206 4307 in
2247 4267 2515 4309 canonem
2582 4250 2787 4307 redacti
2834 4250 2976 4316 sint,
3031 4249 3087 4304 hi
3139 4249 3409 4321 legantur,

1844 4362 2113 4418 nusquam
2140 4346 2573 4417 apocryphorum
2626 4343 2832 4399 mentio
2869 4330 3102 4398 habetur
3143 4342 3288 4413 (92);
3314 4343 3410 4398 sed

163 4444 287 4497 γον·
348 4426 518 4496 Σοφία
567 4426 944 4497 Σολομῶντος,
1004 4425 1098 4479 καὶ
1150 4425 1318 4495 Σοφία
1380 4426 1579 4497 Σιράχ,
1646 4428 1722 4483 κα¹

1853 4439 1879 4491 ii
1930 4413 2060 4493 sunt
2112 4413 2491 4491 haereticorum
2549 4443 2951 4498 commentum,
3009 4430 3103 4503 qui
3143 4431 3407 4486 arbitratu

175 4519 401 4590 Ἐσθὴρ,
436 4519 532 4573 καὶ
575 4518 783 4583 Ἰουδὶθ,
843 4517 936 4571 καὶ
969 4516 1166 4581 Τοϐίας
1217 4516 1349 4588 (91),
1405 4518 1500 4571 καὶ
1542 4518 1739 4591 Διδαχὴ

241 4611 283 4644 ⁸⁸
324 4610 514 4668 Matth.
545 4626 682 4675 xxn,
713 4611 802 4666 29.
881 4610 925 4642 ⁶²
952 4608 1110 4664 Joan.
1141 4625 1196 4675 v,
1228 4609 1315 4663 59.

162 4702 339 4765 τικδν,
357 4701 621 4774 Ἀριθμοὶ,
650 4703 743 4756 καὶ
768 4698 1204 4774 ᾼευτερονόμιον.
1224 4699 1377 4774 Ἑξῆς
1419 4698 1474 4752 δὲ
1512 4700 1735 4758 τούτων.

164 4774 315 4835 Mox,
347 4770 430 4835 re,
462 4770 847 4842 ρόει,Ἰησοῦς,
870 4770 1115 4842 Αίιοθειυι·
1147 4770 1200 4823 in
1248 4771 1419 4824 tribus
1456 4786 1734 4826 manuscr.

163 4843 228 4899 In
254 4840 473 4897 caeteris
491 4852 545 4896 et
578 4843 631 4895 in
665 4840 825 4896 editis
854 4840 1211 4895 desideratur.

240 4912 355 4980 (82)
394 4912 574 4967 Codex
600 4927 767 4972 unus.
793 4909 1055 4979 τέσσαρες
1090 4909 1279 4980 βίϐλοι.

239 4982 350 5053 (83)
390 4981 468 5036 Ita
494 4997 685 5053 omnes
710 4981 879 5053 ferme
904 4995 1178 5034 manuscr.
1201 4979 1339 5033 Editi
1365 4995 1488 5034 cum
1516 4981 1737 5051 quihus-

163 5050 466 5134 dam_aliis,
498 5050 970 5134 Παραλειπόμενα.
1036 5120 1048 5132 .
1094 5119 1128 5134 Δ.
1323 5119 1334 5131 ο

238 5121 352 5191 (84)
393 5121 485 5177 Sic
508 5119 752 5190 quinque
776 5119 1152 5191 manuscripti,
1181 5119 1465 5186 pauciores
1486 5120 1576 5173 alii
1609 5135 1733 5175 cum

162 5190 346 5256 editis,
381 5194 476 5246 καὶ
516 5190 933 5262 ὲπιστολή.Μοᾳι
970 5200 1214 5262 quatuor
1246 5191 1736 5260 manuscripti,'ls-

390 5262 549 5353 ‘I‘t'iditLi
579 5278 702 5343 cum
739 5260 1167 5353 αρὶεζῖιξζεκιηλ.

237 5328 351 5402 (83)
390 5331 545 5386 Μετὰ
574 5332 755 5402 ταῦτα
773 5333 923 5402 deest
946 5333 998 5384 in
1024 5328 1347 5402 quibusdam
1375 5331 1731 5402 manuscript.

164 5399 342 5457 Paulo
386 5401 846 5465 infra,‘1axcb6ou,
875 5401 930 5454 in
975 5400 1134 5455 editis
1180 5401 1387 5454 deerat.
1438 5399 1582 5466 Mox,
1615 5399 1733 5455 εἶτα

165 5472 317 5527 deest
346 5471 398 5525 in
430 5473 647 5527 duobus
679 5485 963 5526 manuscr.

229 5542 348 5666 1(86)
384 5540 519 5597 Tres
543 5541 916 5610 manuscripti,
942 5541 1078 5612 μετὰ
1106 5539 1325 5603 ταύτας.
1350 5538 1405 5593 In
1433 5539 1731 5610 iisdemque

248 5630 329 5666 ra.
357 5612 495 5666 μετά
519 5611 739 5666 ταύτας.
773 5613 943 5665 deest.

167 5611 335 5671 infra.
357 5612 495 5682 μετά
519 5611 739 5675 ταύτας,
773 5613 943 5665 deest.

236 5679 369 5750 (87)
393 5680 542 5738 Unus
574 5685 762 5744 codex,
796 5683 885 5734 καὶ
917 5679 1042 5750 ἑξῆς
1070 5679 1199 5750 πρὸς
1234 5680 1510 5748 Τιμόθεον.
1614 5694 1619 5699 '

236 5752 347 5820 (88)
391 5750 507 5807 Duo
538 5752 912 5821 manuscripli,
944 5753 1064 5814 τοὺς
1085 5751 1140 5805 δὲ
1175 5751 1473 5812 Ἰουδαίους.

1841 4543 1941 4584 suo
1995 4526 2166 4581 libros
2223 4524 2610 4592 conscribunt,
2674 4524 2873 4595 quibus
2928 4524 3208 4594 assignant
3269 4530 3408 4577 tem-

1933 4706 2022 4775 89)
2074 4705 2161 4770 Ὠς
2195 4705 2248 4760 in
2282 4704 2456 4775 tribus
2478 4704 2864 4775 manuscriptis
2901 4705 3072 4759 deest.

1931 4772 2022 4848 90)
2061 4775 2207 4841 Haec,
2240 4774 2335 4829 καὶ
2367 4774 2726 4848 βουλομένοις,
2760 4772 2820 4828 in
2865 4774 3040 4848 tr_ib_us
3069 4773 3287 4848 desunt.
3312 4772 3407 4848 in;

1837 4843 1930 4903 fra'
1969 4843 2080 4901 tres
2129 4843 2483 4915 manuscripti
2513 4843 2669 4899 bona:
2702 4854 2864 4909 notae,
2896 4843 3259 4915 Σολομῶντος.
3295 4844 3401 4905 Alii

1838 4932 1963 4974 cum
1994 4916 2172 4985 editis,
2208 4914 2538 4985 Σολομῶνος.

1909 4984 2019 5057 (91)
2060 4983 2192 5057 Tres
2263 4980 2637 5057 ma'nuscripti.
2675 4981 2894 5057 Ἑσθὴρ,
2932 4980 3154 5057 Ἰουδῇθ,
3204 4982 3407 5057 Τορϐήτ.

1836 5052 2042 5112 Ibidem
2074 5055 2127 5109 in
2153 5054 2270 5108 haec
2302 5055 2486 5124 verba,
2520 5052 2614 5106 aceti.
2662 5052 2860 5124 Διδαχῆ
2894 5053 3017 5124 ,τῷν
3044 5052 3401 5124 ἀποστόλων.

1835 5125 1992 5182 Colh.
2024 5124 2080 5195 2,
2107 5125 2220 5195 hac
2248 5123 2411 5195 habet
2434 5124 2500 5178 ad
2528 5119 3099 5195 ψειιςαίηρήξζᾴιδαχὴν
3131 5119 3240 5176 τῶν
3264 5123 3403 5195 ἀπο-

1837 5195 2035 5250 στόλων
2065 5193 2307 5262 λέγουσιν
2337 5192 2473 5246 εἶναι
2503 5191 2600 5263 τάς
2619 5191 2707 5246 διὰ
2730 5192 2825 5263 τοῦ
2840 5191 3152 5263 Κλήμεντος
3177 5192 3405 5263 γραφείε

1838 5284 1937 5330 σας
1961 5261 2228 5333 διατάξεις
2252 5263 2359 5316 τῶν
2373 5261 2703 5333 ἀποστόλων,
2735 5262 2811 5326 ὡς
2842 5263 2875 5333 ἡ
2900 5261 2954 5327 ς’
2969 5261 3243 5333 λεγομένη
3279 5262 3405 5317 σύν-

1835 5337 1953 5399 οδος
1978 5332 2445 5404 ἀναγινώσκεσθαι
2469 5332 2528 5385 οὐ
2544 5332 3181 5404 ίσυγχωρεζ-υοειῆτιοηι
3216 5332 3402 5387 uocant

1835 5404 2218 5476 apostolorum,
2265 5403 2678 5476 Cortstiiuiionqs
2735 5402 2767 5454 ὰ
2801 5402 3063 5476 Clemente
3116 5404 3344 5471 scriptas
3381 5419 3400 5457 :

1835 5472 1964 5546 quas
1994 5474 2118 5544 legi,
2158 5490 2222 5528 ea
2268 5490 2385 5544 qua:
2415 5472 2613 5525 dicitur
2648 5472 2804 5526 sexta
2852 5474 3106 5542 synodus,
3134 5488 3234 5526 non
3274 5490 3402 5527 cam-

1834 5548 1989 5600 cedit.

1907 5614 2018 5684 (θῇ)
2068 5613 2189 5671 Haec
2227 5615 2350 5669 item
2385 5611 2614 5668 Ruﬁnus
2643 5613 2733 5668 lib.
2773 5612 2845 5666 De
2889 5614 3210 5683 expositione
3238 5611 3396 5683 Syra?

1834 5687 1956 5740 ίιιοίί.
1989 5739 1993 5744 .
