3794 6226
407 301 547 358 H79

928 329 937 339 -
1007 296 1066 353 S.
1108 295 1483 352 ATHANASH
1522 295 1675 353 OPP.
1723 294 1904 349 PARS
1942 295 1983 351 1.
2023 325 2097 336 -
2135 291 2508 350 HISTORICA
2545 290 2632 345 ET
2674 287 3102 346 DOGMATICA.

3564 285 3713 341 “80

404 435 559 490 pora,
617 429 673 473 ut
718 434 778 472 ea
810 432 973 487 quam
1007 415 1142 484 ipsis
1192 417 1474 472 ascribunt
1500 415 1838 485 antiquitatis
1869 430 1949 486 sp<

2124 413 2402 484 ιαλουμένη
2450 411 2560 465 τῶν
2623 409 2938 465 ἀποστόλων
2960 450 2976 475 ,
3037 410 3132 462 καὶ
3183 409 3213 461 6
3283 405 3536 476 Ποιμήν.
3602 404 3717 456 Καὶ

404 513 509 575 cie,
543 510 887 565 occasionem
936 517 1155 579 captent
1201 508 1565 579 simpliciores
1617 508 1858 562 fallendi.

2098 506 2270 576 ὅμως,
2290 504 2582 577 ἀγαπητοὶ,
2610 503 2879 558 κάκείνων
2907 499 3335 579 κανονιζομὲνων
3354 499 3447 551 καὶ
3482 495 3715 551 τούτων

2095 598 2643 669 ἀναγινωσκομένων,
2679 596 2917 669 οὐδαμοῦ
2955 595 3064 648 τῶν
3095 592 3427 665 ἀποκρύφων
3466 592 3710 663 μνήμη·

404 691 541 745 ἀλλὰ
595 690 887 761 αἱρετικῶν
951 692 1100 743 ἐστιν
1174 690 1424 756 ἐπίνοια,
1489 692 1808 761 γραφόντων
1876 688 1975 760 μὲν
2010 690 2097 742 ὅτε
2128 690 2237 761 (94)
2262 689 2503 744 θέλουσιν
2570 690 2727 754 αὐτὰ,
2794 687 3173 760 χαριζομένων
3219 686 3275 740 δὲ
3329 687 3423 739 καὶ
3453 695 3715 755 προσ-τῖ’

405 786 605 838 θέντων
657 786 839 850 αὐτοῖς
910 786 1165 857 χρόνους,
1216 784 1319 848 ἵν’,
1388 785 1465 848 ὡς

404 876 710 950 ἀκεραίους.

660 1075 1028 1132 EPISTULA
1084 1077 1180 1131 AD
1215 1076 1741 1136 RUFINIANUM.

476 1188 708 1244 Domino
740 1189 873 1254 tilio,
928 1200 982 1244 et
1034 1190 1381 1259 optatissimo
1428 1191 1809 1249 comministm
1834 1190 1985 1246 Bull-

402 1281 590 1344 niano,
618 1280 950 1335 Athanasius
972 1280 1026 1335 in
1061 1279 1290 1336 Domino
1315 1282 1572 1337 salutem.

474 1370 557 1426 Tu
583 1370 801 1441 quidem
833 1386 956 1442 qua:
977 1372 1238 1427 dilectum
1274 1372 1444 1426 [ilium
1466 1373 1659 1428 decent
1677 1374 1744 1429 ad
1770 1374 1980 1430 Patrem

1550 784 1754 839 παλαιά
1813 782 2204 854 προφέροντες,
2285 784 2559 855 πρόφασιν
2640 783 2838 855 ἔχωσιν
2914 782 3128 851 ἀπατᾷν
3196 781 3260 832 ἐκ
3313 777 3517 832 τούτου
3568 776 3708 843 τοὺς

2296 1075 2666 1128 ΕΠΙΣῚὉΛΗ
2703 1073 2899 1126 ΠΡΟΣ
2940 1071 3469 1124 ΡΟΥΦΙΝΙΑΝΟΝ.

2156 1188 2348 1260 Κυρίῳ
2374 1186 2476 1257 υἱῷ
2504 1186 2597 1240 καὶ
2622 1183 2988 1253 ποθεινοτάτῳ
3020 1181 3419 1254 συλλειτουργῷ
3460 1183 3703 1251 Ῥουφιο

2085 1279 2274 1351 νιανῷ,
2323 1278 2639 1342 ’Λθανάσιος
2672 1280 2729 1330 ὲν
2755 1276 2948 1348 Κυρίῳ
2976 1275 3209 1347 χαίρειν.

2158 1374 2229 1425 Σὺ
2268 1372 2365 1443 μὲν
2415 1370 2482 1424 τὰ
2535 1369 2636 1441 υἱῷ
2689 1367 3029 1440 ἠγαπημένῳ
3075 1366 3356 1438 πρέποντα
3392 1364 3512 1436 (95)
3548 1363 3698 1434 πρὸς

403 1460 601 1515 scribis
625 1481 637 1516 :
666 1470 719 1515 te
748 1462 932 1531 itaque
954 1463 1150 1517 litteris
1179 1463 1525 1519 accedentem
1562 1465 1671 1521 tuis
1697 1466 1949 1536 amplexu

2124 1466 2304 1536 [ατέρα
2332 1466 2582 1536 γράφεις·
2618 1462 2911 1531 ὲγγίσαντα
2938 1459 3070 1528 γοῦν
3121 1476 3181 1513 σε
3236 1459 3326 1513 διά
3366 1457 3465 1512 τοῦ
3492 1457 3695 1530 γράμ-

319 1547 333 1571 "
403 1568 555 1618 sum,
600 1553 846 1607 omnium
906 1554 1260 1610 dilectissime
1307 1556 1442 1610 mihi
1490 1556 1797 1612 Ruliniane.
1843 1558 1979 1614 Cum

404 1654 587 1698 autem
644 1653 699 1699 et
743 1645 799 1700 in
855 1647 1125 1701 sermonis
1157 1647 1382 1703 exordio
1404 1657 1460 1703 et
1496 1648 1553 1703 in
1602 1649 1784 1705 medio
1825 1649 1887 1706 'et
1926 1652 1979 1704 in

2089 1573 2259 1625 ματος
2308 1553 2789 1627 περιεπτυξάμην,
2855 1552 3071 1606 πάντων
3132 1551 3255 1620 ἐμοὶ
3325 1549 3692 1603 ποθεινότατε

2099 1648 2452 1715 Ῥουςρινιανέ·
2485 1645 2640 1714 κάγὼ
2669 1645 2745 1710 δὲ,
2774 1644 2850 1708 ὡς
2873 1641 2974 1715 υἱῷ
3024 1642 3319 1713 δυνάμενος
3348 1642 3599 1714 γράφειν
3631 1641 3694 1693 ἐν

403 1737 530 1800 line,
568 1735 685 1802 tibi,
738 1738 895 1806 quasi
951 1738 1064 1792 tilio
1118 1740 1361 1795 scribere
1419 1754 1677 1811 possem=
1735 1757 1822 1797 me
1867 1743 1948 1812 ips

2124 1755 2145 1791 ε
2169 1740 2282 1803 τοῖς
2316 1737 2425 1808 (96)
2459 1736 2766 1810 προοιμίοις
2818 1737 2913 1789 κα¹ι
2944 1735 3129 1806 μέσοις
3183 1735 3278 1788 καὶ
3313 1732 3691 1797 τελευταίοις,

403 1827 646 1892 cohibui,
677 1844 744 1882 ne
770 1845 833 1882 ex
861 1828 1056 1883 litteris
1082 1832 1486 1887 commendatio
1516 1842 1571 1887 et
1603 1833 1949 1887 testimonium

2124 1830 2333 1900 πέσχον,
2378 1830 2465 1884 ἵνα
2522 1830 2597 1900 μὴ
2647 1830 2714 1881 ὲκ
2742 1826 3081 1898 γραμμάτων
3130 1829 3165 1898 ἡ
3218 1825 3477 1889 σύστασις
3508 1826 3621 1878 καὶ
3651 1825 3687 1895 ἡ

402 1919 580 1986 palam
638 1920 810 1973 tieret.
857 1916 937 1973 Tu
992 1920 1137 1975 enim
1207 1921 1342 1975 mihi
1403 1937 1465 1977 es
1520 1923 1780 1992 epistola,
1839 1924 1949 1978 sicu

2124 1922 2360 1993 ,αρτυρία
2403 1921 2754 1993 γνωρίζηται.
2791 1920 2863 1973 Σὺ
2892 1919 3001 1990 γὰρ
3046 1920 3170 1990 ἐμοὶ
3223 1917 3506 1989 ἐπιστολὴ,
3530 1917 3689 1971 κατὰ

401 2007 665 2076 scriptum
699 2017 784 2063 est
811 2008 877 2074 ⁸³,
910 2012 1093 2080 agnita
1119 2012 1365 2082 lectaque
1396 2012 1452 2067 in
1485 2014 1670 2069 corde.
1701 2012 1792 2069 Sic
1816 2015 1948 2086 igitu

2124 2013 2569 2084 ὁγεγραμμένον,
2627 2012 3096 2082 ὲπιγινωσκομένη
3156 2011 3252 2065 καὶ
3296 2011 3691 2078 ἀναγινωσκο-

402 2100 629 2164 credito,
667 2109 721 2155 et
772 2101 847 2155 ita
900 2079 1124 2157 allectus
1154 2079 1295 2167 esto,
1351 2102 1513 2158 etiam
1538 2105 1765 2160 credito.
1792 2079 1949 2160 Saluti

2127 2104 2217 2176 ένη
2242 2107 2299 2158 ὲν
2331 2104 2548 2175 καρδίᾳ.
2578 2103 2735 2157 Οῦτω
2756 2103 2934 2156 τοίνυν
2985 2103 3208 2156 πίστευε
3242 2103 3356 2172 (97)
3388 2102 3685 2172 διακείμε-

400 2201 477 2258 te,
510 2201 564 2245 et
593 2205 652 2247 ut
698 2175 970 2249 rescribas
1023 2194 1244 2261 hortor;
1296 2211 1408 2251 non
1457 2211 1650 2265 parum
1675 2198 1842 2262 enim,
1883 2211 1949 2251 set

2124 2175 2303 2258 >ς,⁷ναὶ
2363 2194 2605 2248 πίστευε.
2660 2194 3060 2267 Προσαγορεύω
3117 2211 3176 2247 σε
3228 2195 3326 2248 καὶ
3368 2193 3683 2264 προτρέπω

400 2294 749 2349 summopere
804 2297 911 2348 me,
990 2283 1064 2338 ita
1107 2285 1336 2355 agendo,
1388 2286 1644 2343 delectas.
1705 2285 1975 2355 Quoniam

400 2380 584 2426 autem
612 2374 855 2437 studiose
880 2382 935 2429 et
977 2376 1368 2441 ecclesiastice,
1418 2385 1481 2432 ut
1517 2378 1703 2447 pietati
1727 2380 1977 2434 convenit

401 2471 532 2528 tum,
594 2463 943 2537 interrogasti
1000 2468 1068 2521 de
1100 2466 1168 2523 iis
1202 2469 1297 2538 qui
1344 2469 1397 2523 vi
1444 2470 1666 2539 quidem
1695 2470 1973 2535 subducti,

398 2554 537 2627 lapsi
577 2568 722 2622 sunt,
749 2574 847 2613 nec
885 2568 1063 2613 tamen
1086 2576 1251 2629 prava
1295 2561 1399 2617 ﬁde
1457 2563 1743 2633 corrupti:
1779 2572 1837 2619 et
1881 2579 1979 2619 vo-

400 2647 551 2703 luisti
579 2665 665 2703 me
698 2651 1022 2716 rescribere,
1055 2668 1178 2722 quae
1199 2655 1266 2708 de
1296 2654 1428 2717 illis,
1459 2670 1585 2708 cum
1618 2655 1671 2709 in
1727 2656 1971 2726 synodis,

399 2750 514 2797 tum
543 2740 741 2811 ubique
766 2744 901 2800 alias
968 2745 1187 2801 decreta
1237 2757 1398 2813 sunt;
1456 2748 1595 2803 scito
1642 2747 1872 2804 Domine
1899 2749 1974 2803 mi

398 2831 771 2901 Optatissime,
837 2835 893 2888 in
968 2835 1238 2908 principio
1286 2837 1508 2905 quidem
1560 2853 1685 2891 cum
1742 2838 1828 2893 vis
1882 2838 1972 2892 illa

398 2922 670 2989 desiisset,
703 2932 945 2980 coactam
986 2926 1256 2997 synodum
1306 2926 1478 2982 fuisse
1524 2927 1659 2998 (99),
1691 2929 1974 2996 praesenti-

396 3014 503 3069 bus
533 3024 842 3070 exterarum
866 3017 1104 3086 partium
1136 3018 1411 3089 episcopis
1445 3038 1458 3073 :
1488 3020 1817 3074 celebratam
1840 3021 1969 3075 item

391 3108 560 3164 aliam
594 3106 761 3163 fuisse
792 3108 934 3178 apud
967 3108 1186 3164 Gracia:
1233 3110 1660 3175 comministros,
1691 3113 1972 3184 nihiloque

395 3197 576 3254 secius
601 3197 739 3267 apud
766 3197 890 3253 illos
928 3200 1021 3269 qui
1076 3200 1130 3254 in
1173 3198 1432 3271 Hispania
1492 3210 1547 3256 et
1577 3202 1632 3256 in
1677 3202 1849 3258 Gallia
1877 3205 1971 3259 de-

395 3296 531 3359 gunt
567 3309 580 3343 :
638 3299 799 3359 atque
831 3290 1081 3360 idipsum,
1103 3292 1191 3347 hic
1222 3301 1275 3347 et
1318 3292 1520 3362 ubique
1553 3292 1844 3362 placuisse,
1885 3297 1971 3350 ni-

395 3377 594 3431 mirum
625 3388 682 3433 ut
732 3379 800 3434 iis
852 3380 945 3449 qui
979 3380 1115 3449 lapsi
1144 3390 1291 3444 sunt,
1347 3379 1395 3435 si
1435 3380 1729 3449 impietatis
1767 3380 1969 3437 fuerint

2077 2288 2331 2355 γράφειν’
2363 2286 2424 2339 οὐ
2458 2286 2567 2357 γὰρ
2603 2286 2816 2354 ὀλίγως,
2874 2285 3010 2341 ἀλλὰ
3064 2284 3314 2356 μεγάλως
3351 2286 3681 2357 εὐφραίνεις

2076 2377 2233 2431 τοῦτο
2260 2376 2448 2431 ποιῶν.
2473 2376 2586 2449 (98)
2625 2379 2843 2449 Ἐπειδὴ
2873 2378 2930 2431 δὲ
2982 2376 3287 2447 φιλοκάλως
3336 2376 3433 2429 καὶ
3460 2375 3681 2443 ἐκκλη-

2081 2469 2400 2534 σιαστικῶς,
2428 2470 2587 2524 τοῦτο
2619 2470 2728 2542 γὰρ
2749 2470 2911 2524 πάλιν
2941 2469 3142 2540 πρέπει
3174 2471 3241 2541 τῇ
3276 2470 3341 2539 σῇ
3378 2466 3676 2538 εὐλαϐείᾳ,

2076 2556 2368 2629 ἠρώτησας
2392 2557 2518 2629 περὶ
2546 2558 2654 2611 τῶν
2707 2559 2775 2612 δι’
2806 2558 3052 2630 ἀνάγκην
3114 2556 3497 2628 ὑποσυρέντων
3544 2558 3676 2628 μὲν,

2079 2651 2155 2723 μὴ
2182 2650 2496 2723 φθαρέντων
2540 2651 2599 2704 δὲ
2632 2653 2690 2705 ὲν
2717 2655 2784 2723 τῇ
2833 2652 3183 2721 κακοπιστίᾳ,
3230 2650 3327 2703 καὶ
3381 2648 3671 2720 ἠθέλησας

2075 2744 2280 2816 γρὼζιαι
2317 2761 2385 2814 με
2417 2745 2484 2799 τά
2511 2743 2737 2808 δόξαντα
2763 2744 2894 2816 περὶ
2947 2742 3127 2797 αὐτῶν
3158 2744 3214 2795 ὲν
3253 2744 3376 2805 ταῖς
3422 2740 3677 2803 συνόδοις

2072 2833 2169 2887 καὶ
2201 2832 2473 2903 πανταχοῦ
2493 2832 2626 2903 (99)·
2655 2832 2913 2900 γίνωσκε,
2949 2832 3125 2904 Κύριέ
3156 2847 3255 2902 μου
3289 2830 3671 2893 ποθεινότατε,

2074 2926 2154 2978 ὅτι
2187 2925 2246 2978 ὲν
2273 2925 2414 2996 ἀρχῇ
2450 2924 2569 2995 μὲν,
2619 2924 2977 2995 παυσαμένης
3026 2922 3128 2993 τῆς
3171 2922 3464 2993 γινομένης
3520 2921 3673 2991 βίας,

2071 3014 2260 3084 γέγονε
2294 3015 2530 3079 σύνοδος,
2562 3017 2842 3089 παρόντων
2874 3015 2982 3068 ἀπὸ
3013 3014 3120 3068 τῶν
3170 3014 3275 3079 ἔξω
3321 3011 3506 3084 μερῶν
3538 3014 3671 3066 ἐπι-

2073 3106 2308 3159 σκόπων·
2339 3107 2527 3174 γέγονε
2548 3106 2605 3160 δὲ
2643 3107 2739 3160 καὶ
2771 3104 2923 3178 παρά
2947 3107 3062 3168 τοῖς
3088 3105 3188 3176 τὴν
3223 3105 3448 3158 Ἐλλάδα
3473 3122 3667 3159 κατοι-

2072 3193 2228 3247 κοῦσι
2263 3194 2710 3267 συλλειτουργοῖς·
2738 3195 2891 3248 οὐδὲν
2907 3194 2963 3247 δὲ
2985 3190 3145 3266 ἧττον
3175 3195 3271 3248 καὶ
3286 3196 3398 3258 τοῖς
3429 3196 3491 3248 ὲν
3513 3195 3672 3248 Σπα-

2070 3287 2159 3358 νίᾳ
2190 3288 2283 3340 καὶ
2312 3287 2541 3360 Γαλλίᾳ·
2583 3289 2676 3342 καὶ
2735 3289 2932 3360 ἤρεσεν
2960 3288 3037 3360 (l)
3068 3289 3204 3358 ὅπερ
3258 3280 3359 3340 ὦδε
3392 3286 3489 3341 καὶ
3524 3304 3667 3341 παν-

2070 3374 2234 3445 ταχοῦ
2257 3375 2353 3446 (Ξ),
2372 3377 2512 3433 ὥστε
2531 3380 2642 3441 τοῖς
2670 3379 2767 3449 μὲν
2791 3379 3257 3432 κακαπεπτωκόσι
3288 3378 3382 3432 καὶ
3404 3382 3666 3448 προϊστα-

393 3469 654 3540 praelecti,
686 3471 840 3525 venia
872 3473 1226 3538 concedatur,
1268 3472 1315 3527 si
1370 3472 1588 3542 quidem
1622 3473 1944 3543 resipiscam

2124 3467 2255 3532 ένοις
2281 3469 2382 3540 τῆς
2404 3469 2659 3534 ἀσεϐείας
2723 3469 3120 3539 συγγινώσκειν
3166 3469 3265 3540 μὲν
3307 3469 3658 3540 μετανοοῦσι,

394 3576 496 3617 nec
518 3562 675 3617 detur
702 3569 886 3618 tamen
947 3563 1001 3617 in
1038 3564 1185 3618 clero
1216 3564 1372 3619 locus
1409 3583 1423 3619 :
1455 3565 1524 3618 iis
1559 3580 1687 3619 vero
1722 3566 1815 3636 qui
1866 3566 1968 3620 im-

392 3656 580 3724 pietati
616 3657 939 3726 patrocinati
964 3672 1073 3710 non
1108 3666 1260 3722 sunt,
1290 3657 1386 3714 sed
1412 3658 1733 3713 necessitate
1761 3673 1825 3713 ac
1849 3659 1966 3712 vin-

391 3743 559 3799 lentia
594 3747 750 3800 tracti
786 3745 959 3811 fuere,
995 3747 1271 3802 decretum
1316 3756 1421 3812 est,
1455 3755 1517 3803 ut
1541 3757 1596 3802 et
1627 3750 1786 3804 venia
1838 3765 1969 3805 con-

392 3839 637 3901 cedatur,
660 3845 713 3891 et
741 3836 797 3892 in
828 3837 975 3892 clero
999 3838 1158 3894 detur
1185 3838 1375 3905 locus;
1440 3841 1790 3908 potissimum
1839 3843 1966 3913 quia

390 3930 818 3981 consentaneam
862 3928 1166 3984 attulerunt
1219 3930 1653 3996 excusationem,
1720 3942 1775 3987 et
1821 3936 1965 4004 quod

391 4018 697 4072 oeconomia
729 4019 965 4089 quadam
993 4020 1049 4075 id
1080 4020 1285 4077 factum
1329 4023 1594 4078 videatur.
1614 4023 1968 4080 Aﬂirmabant

390 4104 590 4179 quippe
610 4122 669 4162 se
693 4108 922 4163 minime
950 4110 1003 4165 in
1033 4110 1367 4182 impietatem
1402 4114 1584 4183 lapsos
1631 4112 1803 4170 fuisse
1832 4133 1844 4168 :
1870 4117 1964 4171 sed

389 4210 459 4251 ne
504 4197 817 4267 impiissimi
866 4201 1090 4270 quidam
1146 4203 1398 4260 homines
1464 4205 1530 4259 ad
1585 4205 1963 4275 episcopatum

387 4286 583 4352 evecti,
609 4286 885 4346 Ecclesias
945 4303 1378 4363 corrumperent,
1430 4309 1491 4349 se
1539 4294 1799 4351 maluisse
1839 4311 1963 4350 cum

387 4376 643 4435 violentia
698 4396 1058 4450 concurrere,
1112 4392 1166 4440 et
1230 4385 1286 4439 id
1341 4386 1526 4442 oneris
1583 4385 1745 4451 ferre,
1800 4403 1963 4458 quam

385 4468 619 4553 populos
648 4471 893 4540 perdere.
950 4471 1077 4529 Haec
1134 4475 1209 4528 illi
1250 4476 1411 4531 verba
1446 4492 1555 4532 non
1582 4478 1681 4532 abs
1704 4493 1763 4532 re
1815 4479 1964 4550 loqui

385 4558 547 4615 nobis
570 4561 672 4615 visi
713 4572 843 4617 sunt
874 4582 889 4619 :
950 4567 1100 4636 quod
1155 4569 1393 4626 maxime
1426 4570 1530 4641 ipsi
1574 4571 1629 4627 in
1656 4574 1961 4644 exemplum

461 4673 505 4704 ⁸³
542 4671 586 4726 ll
609 4674 737 4731 Cor.
770 4692 854 4743 ιιι,
886 4677 943 4731 2.

2072 3558 2147 3631 μὴ
2172 3559 2370 3613 διδόναι
2395 3560 2452 3614 δὲ
2474 3562 2658 3625 αὐτοῖς
2696 3561 2859 3614 τόπον
2911 3561 3134 3633 κλήρου·
3196 3563 3306 3626 τοῖς
3351 3561 3410 3614 δὲ
3444 3561 3524 3633 μὴ
3561 3563 3661 3617 αῦ-

2070 3650 2312 3704 θεντοῦσι
2375 3654 2473 3723 μὲν
2539 3653 2639 3723 τῆς
2702 3653 2992 3718 ἀσεϐείας,
3054 3657 3416 3725 παρασυρεῖσι
3471 3654 3533 3707 δὲ
3591 3655 3659 3709 δι’

2069 3742 2314 3813 ἀνάγκην
2347 3742 2439 3796 καὶ
2468 3743 2609 3813 βίαν,
2664 3743 2809 3811 ἔδοξε
2852 3743 3088 3798 δίδοσθαι
3154 3744 3251 3815 μὲν
3297 3745 3656 3816 συγγνώμην,

2067 3831 2212 3903 ἔχειν
2237 3834 2294 3887 δὲ
2317 3834 2413 3887 καὶ
2441 3835 2532 3888 τὸν
2556 3835 2718 3888 τόπον
2738 3834 2831 3888 τοῦ
2877 3833 3102 3906 κλήρου·
3134 3835 3369 3905 μάλιστα
3394 3837 3478 3889 ὃτι
3517 3822 3657 3890 ἀποί

2067 3923 2254 3993 λογίαν
2303 3924 2535 3997 πιθανὴν
2596 3925 2939 3995 ἐπορίσαντο,
2984 3927 3079 3979 καὶ
3117 3925 3264 3993 ἔδοξε
3314 3926 3475 3979 τοῦτό
3536 3944 3654 3990 πως

2066 4017 2425 4087 οἰκονομικῶς
2453 4016 2705 4087 γενέσθαι
2741 4017 2835 4088 (5).
2895 4016 3359 4072 Διεϐεϐαιὼσαντο
3414 4021 3528 4091 γὰρ
3579 4020 3654 4091 μὴ

2071 4108 2506 4179 μεταϐεϐλῆσθαι
2533 4110 2613 4172 είς
2644 4108 2919 4163 ἀσέϐειαν·
2951 4109 3037 4162 ἵνα
3078 4109 3134 4162 δὲ
3171 4110 3245 4182 μὴ
3279 4111 3653 4165 κατασταθέν-

2064 4215 2156 4262 τες
2186 4198 2331 4262 τινὲς
2361 4198 2713 4253 ἀσεϐέστατοι
2755 4199 3112 4271 διαφθείρωσι
3154 4199 3252 4264 τὰς
3295 4201 3648 4274 Ἐκκλησίας,

2067 4290 2267 4345 εἴλοντο
2304 4291 2503 4361 μᾶλλον
2538 4291 2862 4363 συνδραμεῖν
2923 4296 2988 4364 τῇ
3021 4292 3114 4365 βίᾳ
3143 4297 3238 4348 καὶ
3271 4294 3543 4364 βαστάσαι
3589 4300 3650 4353 τὸ

2068 4383 2250 4455 βάρος,
2276 4384 2308 4455 ἢ
2334 4384 2498 4447 λαοὺς
2525 4384 2840 4439 ἀπολέσθαι.
2872 4385 3042 4439 Τοῦτο
3069 4386 3144 4458 (4)
3174 4386 3230 4440 δὲ
3252 4387 3507 4455 λέγοντες
3535 4389 3649 4445 ἔδο-

2067 4470 2162 4538 ξαν
2197 4475 2325 4545 ημῖν
2352 4473 2594 4537 πιθανῶς
2622 4474 2820 4542 λέγειν·
2860 4474 2947 4528 διά
2981 4475 3042 4528 τὸ
3094 4475 3189 4529 καὶ
3214 4475 3648 4547 προφασίζεσθαι

2064 4567 2260 4630 αὐτοὺς
2277 4566 2366 4619 τὸν
2409 4565 2619 4638 Ἀαρὼν
2644 4568 2734 4622 τδν
2783 4566 2877 4620 τοῦ
2924 4566 3201 4631 Μωῦσέως
3237 4566 3467 4639 ἀδελφὸν
3491 4571 3552 4623 ὲν
3579 4571 3645 4645 τῇ

455 4783 568 4877 ςθζι)
604 4786 888 4877 ξηιοᾶιιω
922 4790 1171 4862 intelligit
1216 4791 1663 4850 Alexandrinam.
1700 4794 1835 4852 Vide
1865 4812 1949 4852 su-

2124 4800 2330 4873 ιώτησις
2353 4802 2491 4877 αῦτη
2518 4804 2689 4869 ἐστὶν,
2719 4804 2854 4877 ἀλλὰ
2886 4804 3016 4877 περὶ
3041 4805 3150 4877 τῷν
3181 4807 3481 4876 αἱρετικοῖς
3514 4824 3646 4875 συγο

424 4870 480 4909 ra
509 4856 562 4914 n'.
603 4856 728 4914 614.

381 4870 567 5001 gris?)
603 4870 728 5001 t131:0.
776 4932 1173 5001 manuscripti,
1222 4934 1324 4990 ὅτι.
1377 4933 1720 4992 Postremam
1769 4952 1957 4993 vocem

383 4993 592 5075 Regius
604 4999 723 5075 jegi
732 5009 770 5064 t,
808 4993 1246 5075 ἀκεραιοτέρους.

455 5068 564 5147 (95)
604 5067 927 5147 Ita'_omnes
969 5067 1131 5147 pene'_
1159 5067 1536 5147 m’anuscripti.
1588 5076 1751 5143 Editi,
1781 5078 1959 5147 Πατρὶ

382 5139 837 5220 πρέπονταίίωί
872 5139 985 5220 tres
1025 5145 1213 5220 optimi
1256 5139 1633 5220 manuscripti,
1663 5139 1956 5219 ἐγγίσαντα

379 5209 539 5283 γοῦνἱ
562 5209 704 5283 Editi
733 5227 856 5266 cum
890 5214 1031 5276 aliis,
1061 5209 1355 5283 ἒγγίσαντα
1382 5216 1493 5275 οὖν.

378 5349 411 5404 d
454 5278 562 5403 (9:5)
605 5279 696 5335 Sic
722 5284 960 5338 maxima
995 5278 1508 5360 pars'munuscript.
1540 5288 1599 5345 In
1632 5291 1812 5358 editis,
1842 5300 1955 5354 τοῖς

416 5368 505 5404 ers
536 5390 551 5404 .
1466 5366 1473 5373 '

416 5360 551 5405 eest.
1466 5366 1473 5373 ’

453 5421 566 5498 (ρξ’)
604 5419 662 5498 ζει
694 5423 1020 5498 quibusdam
1052 5428 1461 5498 manuscriptis,
1485 5431 1706 5486 πίστευε
1732 5433 1901 5492 deest.

604 5491 832 5576 llaecibis
851 5497 1102 5576 leguntur
1128 5498 1181 5550 in
1200 5491 1396 5576 concil.
1418 5500 1635 5576 Niceno
1655 5521 1712 5566 ιι,
1735 5491 1855 5576 pag.
1881 5507 1950 5562 7i

379 5567 435 5623 et.
461 5561 787 5647 Q80..Paulo
812 5561 954 5647 post,
979 5566 1046 5647 ad
1095 5569 1392 5647 marginem
1422 5561 1952 5647 liorunt,‘i~.’p'dnvqmc

381 5631 524 5717 περ(
550 5632 688 5717 τᾶλνῆ
704 5633 791 5717 δι’,
813 5631 875 5688 in
907 5636 1060 5690 Colb.
1076 5638 1133 5717 _2
1165 5631 1278 5717 nec
1302 5641 1574 5709 leguntur,
1601 5631 1661 5697 οὐ
1688 5631 1814 5717 ἂερι
1838 5631 1952 5700 ξῶᾷ

376 5699 618 5765 εἰδώλοις
663 5702 957 5778 θυσάντων,
1007 5709 1098 5760 καὶ
1150 5707 1291 5763 οὕτω
1337 5699 1853 5783 παραπεπτωκόέων
1884 5699 1948 5786 Πή

2067 4874 2530 4944 κοινωνησάντων,
2552 4876 2719 4944 ἤγουν
2734 4874 3048 4947 Ἀρειανοίς.
3064 4874 3423 4945 Interrogatio
3438 4874 3643 4937 istth.

2067 4959 2394 5012 nequaquam
2429 4960 2515 5015 eos
2549 4954 2748 5015 spectat
2784 4947 2875 5015 qui
2916 4947 3075 5001 idolis
3125 4947 3477 5013 immolarint,
3506 4958 3559 5001 et
3589 4951 3642 5001 in

2068 5023 2172 5086 tam
2197 5017 2392 5086 grande
2415 5014 2608 5086 crimen
2632 5013 2769 5083 lapsi
2793 5013 2989 5084 fuerint
3013 5032 3031 5068 :
3056 5018 3144 5071 sed
3168 5035 3252 5071 eos
3275 5017 3366 5086 qui
3391 5034 3513 5071 cum
3533 5019 3643 5073 lia:-

2063 5083 2260 5147 reticis,
2292 5100 2469 5148 nempe
2491 5085 2725 5148 Arianis,
2759 5083 3280 5142 communicaverint.

2131 5153 2241 5231 (99)
2281 5153 2481 5231 [legitis
2510 5155 2755 5231 quintus,
2790 5156 2987 5231 πάντα.
3024 5157 3171 5214 Infra
3199 5157 3417 5215 Manna
3441 5158 3637 5231 synod.

2059 5221 2241 5297 habet,
2255 5221 2588 5297 fﬁc'ysyevr,
2598 5225 2762 5297 μένης
2787 5226 2925 5296 βίας.

2132 5293 2207 5363 (1)
2244 5292 3143 5373 _Sic_m_ulti_'inanilscripti._Editi
3172 5314 3322 5363 vero,
3359 5298 3517 5355 οὐδὲν
3543 5295 3640 5373 ἧτ-

2052 5364 2413 5439 τον-καὶτοῖς.
2432 5367 2488 5439 ὲν
2531 5364 2769 5437 Ἱσπανίᾳ
2793 5384 2805 5397 ·
2838 5364 2933 5421 καὶ
2958 5370 3173 5439 ἤρεσεν.
3200 5394 3210 5402 ·

2126 5432 2200 5503 (2)
2244 5434 2367 5489 Ηιεο
2400 5435 2669 5489 habentur
2703 5432 2761 5490 in
2791 5432 3076 5492 concilI'tv
3108 5438 3299 5494 Const.
3330 5448 3464 5494 tom.
3499 5440 3634 5505 Vill,

2055 5518 2108 5572 p.
2142 5505 2300 5567 1412,
2334 5520 2440 5559 ιιοη
2475 5506 2605 5575 ipsis
2636 5517 2817 5562 tamen
2845 5508 3044 5563 verbis.

2084 5576 2204 5699 _(%)
2244 5576 2359 5630 Duo
2406 5579 2765 5648 manuscripti
2815 5595 2940 5634 cum
2987 5579 3180 5651 synod.
3217 5576 3447 5646 Νίσαια,
3478 5596 3637 5651 γεγε-

2084 5664 2152 5699 ης
2190 5665 2261 5699 αι.

2054 5661 2113 5699 νη
2125 5661 2261 5699 συαι.

2084 5664 2317 5787 “(ille
2350 5720 2706 5791 manuscripti
2733 5734 2942 5778 omnes.
2969 5717 3110 5776 Editi
3135 5736 3285 5788 vero,
3318 5720 3474 5779 τοῦτο
3501 5720 3629 5795 γάρ.
