3794 6226
138 296 310 356 μοι
1340 295 1675 356 EPISTOLA
1718 300 1809 355 AD
1845 301 2264 359 LUCIFERUM.
3275 295 3416 352 “8'3

142 415 364 489 ερήμῳ
387 412 711 484 συνδραμεῖν
739 412 836 483 μὲν
866 414 933 482 τῇ
964 410 1059 466 τοῦ
1086 410 1215 466 λαοῦ
1245 412 1569 484 παραϐάσει·
1601 416 1739 469 ἀπο-

1848 416 2111 483 aﬂ'errent,
2144 419 2436 483 Aaronem,
2462 412 2663 484 Moysis
2691 411 2935 476 fratrem,
2977 412 3030 467 in
3061 410 3275 466 deserto
3318 426 3435 489 μορ,

143 505 359 575 λογίαν
389 504 445 557 δὲ
478 502 792 574 ἐσχηκέναι,
818 502 904 555 ἵνα
931 502 1008 574 μὴ
1060 504 1090 556 ὀ
1136 502 1264 567 λαὸς
1313 505 1647 588 ἐπιστρέψας
1668 506 1741 579 (5)

1848 509 1958 578 puli
1982 507 2412 578 pravaricationi
2440 506 2789 562 concurrisse
2820 525 2832 560 :
2861 504 3028 576 769
3068 503 3212 559 banc
3235 513 3415 558 tamen

143 594 251 655 εἰς
281 591 556 660 Αἴγυπτον
610 591 867 663 ἐπιμείνῃ
921 594 986 662 τῇ
1033 590 1463 666 εἱδωλολατρείᾳ’
1512 596 1607 649 καὶ
1637 596 1746 666 γὰρ

142 677 235 753 ἢν
261 682 325 733 τὸ
360 681 682 750 φαινόμενον
707 679 945 750 εὔλογον·
976 682 1057 734 ὅτι
1093 683 1344 752 μένοντες
1369 685 1427 738 ὲν
1457 686 1524 756 τῇ
1554 686 1746 756 ἐρήμῳ

141 766 420 820 δύνανται
448 766 758 825 παύσασθαι
798 769 897 839 τῆς
924 769 1197 834 ἀσεϐείας*
1221 771 1551 837 εἰσελθόντες
1580 774 1637 827 δὲ
1667 776 1746 838 είς

143 857 460 925 Αἴγυπτον,
519 858 867 931 ἐπετρίϐοντο
927 862 1020 913 καὶ
1065 860 1294 931 ηὔξανον
1334 866 1391 917 ὲν
1429 866 1637 930 ἑαυτοῖς
1669 864 1743 937 (6)

141 947 265 1019 τὴν
292 949 570 1003 ἀσέϐειαν.
618 950 834 1005 Τούτων
883 952 1059 1005 τοίνυν
1113 953 1275 1007 ἓνεκα
1319 955 1659 1024 συγγνωστὸν
1682 954 1745 1009 τὸ

142 1039 304 1111 πρὸς
334 1038 425 1095 τὸν
454 1040 653 1112 κλῆρον
679 1041 891 1110 γέγονεο
918 1046 1030 1107 τοῖς
1054 1044 1111 1098 δὲ
1144 1046 1469 1116 άπατηθεῖσι
1503 1047 1596 1100 καὶ
1621 1046 1743 1116 βίαν

144 1131 401 1186 παθοῦσι
452 1131 751 1204 συγγνώμη
807 1133 1024 1187 δίδοται.
1072 1135 1257 1191 Ταῦτα
1312 1138 1389 1208 (7)
1431 1137 1527 1191 καὶ
1577 1141 1641 1208 τῇ
1675 1140 1740 1210 σῇ

143 1223 421 1295 εὐσεϐείᾳ
440 1223 603 1295 δηλῶ,
630 1222 868 1295 θαρρῶν,
905 1225 986 1278 ὅτι
1015 1226 1108 1278 καὶ
1138 1227 1205 1280 τὰ
1232 1226 1455 1293 δόξαντα
1484 1227 1743 1292 ἀποδέξε-

143 1315 256 1370 ται
290 1331 383 1367 σου
413 1317 446 1389 ἠ
476 1315 884 1376 θεοσέϐεια,καὶ
913 1317 974 1369 οὐ
1009 1317 1414 1387 καταγνώσεται
1438 1320 1742 1392 ἐκεχειρίας

142 1404 274 1458 τῶν
310 1402 672 1463 συνελθόντων
702 1403 894 1467 οὕτως.
945 1407 1296 1473 Καταξίωσον
1347 1410 1405 1462 δὲ
1435 1410 1575 1463 αὐτὰ
1608 1411 1743 1463 ἀνα-

144 1497 370 1566 γνῶναι
403 1496 481 1567 τῷ
516 1496 767 1568 ἰερατείῳ
789 1498 883 1551 καὶ¹
910 1497 987 1568 τῷ
1017 1498 1132 1569 λαῷ
1168 1500 1246 1571 τῷ
1278 1500 1382 1556 ὑπὸ
1414 1502 1475 1554 σὲ
1508 1502 1603 1572 (8),
1632 1503 1739 1567 ἵνα,

143 1587 260 1641 καὶ
287 1587 443 1639 αὐτοὶ
472 1585 852 1656 γινώσκοντες,
889 1588 963 1659 μὴ
998 1589 1317 1660 μέμφωνται
1348 1590 1489 1653 οὕτω
1520 1592 1579 1645 σὲ
1634 1594 1745 1646 δια-

143 1675 417 1747 κείμενον
443 1678 571 1747 περὶ
599 1678 724 1742 τοὺς
752 1678 1043 1742 τοιούτους.
1091 1680 1362 1752 Ἀπρεπὲς
1407 1680 1515 1752 γὰρ
1541 1677 1608 1753 ἦν
1643 1683 1742 1754 ἐμὲ

143 1768 419 1839 γράφειν,
447 1768 749 1841 δυναμένης
779 1770 878 1841 τῆς
908 1771 1005 1843 σῆς
1025 1772 1308 1837 εὐλαϐείας
1341 1776 1433 1828 καὶ
1459 1775 1554 1847 τὴν
1585 1776 1739 1846 ἡμῶν
1774 1761 1815 1816 Β

142 1861 293 1928 περὶ
320 1861 516 1924 αὐτοὺς
534 1861 769 1915 διάθεσιν
798 1863 1149 1931 ἀπαγγεῖλαι,
1176 1866 1270 1919 καὶ
1327 1867 1502 1920 πάντα
1538 1868 1605 1921 τὰ
1632 1868 1739 1921 λεί-

144 1970 338 2007 ποντα
398 1954 821 2028 ἀποπληρῶσαι.
876 1957 1052 2027 Χάρις
1103 1957 1179 2028 τῷ
1230 1958 1421 2029 Κυρίῳ
1466 1958 1542 2031 τῷ
1600 1959 1738 2031 πλη-

151 2043 404 2116 ρώσαντί
434 2062 493 2099 σε
524 2046 583 2098 ὲν
622 2048 782 2100 παντὶ
805 2046 949 2119 λόγῳ
989 2048 1085 2101 καὶ
1116 2049 1264 2122 πάσῃ
1298 2050 1514 2118 γνώσει.
1548 2053 1610 2104 Ol
1642 2052 1739 2122 μὲν

148 2132 259 2190 οὖν
284 2136 671 2207 μετανοοῦντες
702 2139 949 2211 φανερῶς
977 2139 1519 2212 ἀναθεματιζέτωσαν
1546 2143 1741 2212 ὀνομά-

148 2228 352 2292 ζοντες
378 2228 630 2294 Εὐδοξίου
666 2229 761 2281 καὶ
786 2230 1027 2295 Εὐζωῖου
1052 2230 1150 2304 τὴν
1175 2232 1490 2298 κακοδοξίαν
1518 2233 1614 2303 (9).
1637 2234 1742 2286 Αὑ-

149 2319 247 2371 τοὶ
268 2319 379 2389 γὰρ
402 2318 587 2372 λοιπὸν
623 2319 1064 2392 βλασφημοῦντες
1089 2362 1103 2385 ,
1168 2321 1328 2376 αὐτὸν
1380 2324 1582 2393 κτίσμα
1638 2325 1742 2377 άπ-

148 2410 480 2481 εγράψαντο
521 2412 619 2482 τῆς
655 2413 931 2483 Ἀρειανῆς
960 2413 1222 2484 αἱρέσεως
1238 2415 1555 2487 προστάται.
1585 2415 1742 2486 Ὅμο-

155 2500 497 2569 λογειτωσαν
549 2502 606 2555 δὲ
655 2503 751 2573 τὴν
806 2504 864 2555 ἐν
886 2502 1089 2575 Νικαίᾳ
1142 2503 1293 2575 παρὰ
1339 2503 1443 2558 τῶν
1483 2504 1742 2576 Πατέρων

149 2591 586 2663 ὁμολογηθεῖσαν
620 2592 818 2657 πίστιν,
871 2594 965 2647 καὶ
1026 2593 1289 2665 μηδεμίαν
1334 2594 1499 2667 ἄλλην
1529 2594 1741 2652 σύνοδον

154 2684 485 2757 προκρίνειν
511 2683 712 2755 ταύτης
737 2685 833 2755 τῆς
869 2684 1107 2738 συνόδου.
1157 2685 1428 2756 Πρόσειπε
1458 2688 1554 2758 τὴν
1583 2688 1734 2759 παρὰ

157 2772 255 2826 σοὶ
302 2773 665 2844 ἀδελφότηταο
713 2772 771 2826 σὲ
818 2774 852 2843 ἡ
895 2773 992 2827 σὺν
1044 2773 1176 2845 ἡμῖν
1220 2775 1279 2826 ὲν
1330 2772 1518 2845 Κυρίῳ
1563 2791 1739 2846 προσ⁹

156 2862 445 2935 ἀγορεύει.

239 3054 318 3124 (5)
355 3052 474 3126 Duo
497 3053 875 3126 manuscripti,
905 3054 1259 3126 ἐπιστρέψας,
1288 3061 1453 3110 recte.
1483 3053 1626 3110 Editi
1652 3069 1742 3110 ve-

165 3139 241 3181 ro
264 3132 320 3179 et
357 3124 470 3195 alii,
504 3124 866 3195 ὑποστρέψας.
1069 3124 1077 3126 “
1300 3194 1305 3195 ν
1405 3185 1409 3191 ,

265 3195 320 3257 6)
361 3192 710 3263 Manuscripti
748 3209 883 3261 pene
914 3208 1128 3254 omnes.
1163 3195 1221 3247 ὲν
1249 3194 1452 3258 αὐτοῖς.

344 3262 563 3349 ,Νἱοῳω
595 3262 1165 3349 εγηοάηισυγγνώμην
1191 3263 1411 3349 διδόναι.
1436 3262 1742 3349 Ταῦταέαὶ

162 3336 228 3405 ἓν
252 3332 452 3405 ἸΡώμῃ
481 3332 714 3405 ὲγράιρη,
752 3335 845 3405 καὶ
889 3332 1183 3397 ἀπεδέξατο
1219 3336 1251 3403 ἡ
1299 3334 1580 3404 Ῥωμαίων
1627 3335 1748 3387 Ἐκ-

161 3403 405 3474 κλησία·
427 3403 629 3466 ταῦτα,
663 3403 767 3459 etc.
801 3404 1000 3457 Ibidem
1032 3419 1221 3474 omnes
1244 3418 1388 3474 pene
1412 3403 1740 3471 ’manuscr.,

1790 652 1795 659 ,
1846 600 2254 655 excusationem
2317 598 2596 662 habuisse,
2669 612 2739 652 ne
2806 597 3041 667 populus
3093 596 3303 650 scilicet
3361 594 3416 647 in

1847 689 2136 761 Egyptum
2162 705 2414 745 reversus
2445 689 2498 742 in
2527 688 2827 744 idololatria
2862 694 3205 758 permaneret
3239 705 3253 740 :
3291 700 3415 739 nam

1845 782 1898 837 id
1932 780 2128 835 rationi
2155 789 2299 835 certe
2331 788 2759 835 consentaneum
2798 777 3115 844 videbatur;
3145 776 3415 846 siquidem

1843 867 1899 922 in
1932 868 2149 922 deserto
2210 876 2528 933 manentes,
2596 874 2851 937 poterant
2906 866 3206 936 impietatis
3250 866 3415 919 tinem

1843 955 2039 1023 facere,
2065 956 2151 1012 sin
2181 964 2361 1011 autem
2391 956 2444 1009 in
2481 954 2772 1027 Egyptum
2825 955 3053 1023 ingressi
3075 953 3325 1016 fuissent,
3358 952 3416 1008 in

1844 1050 2118 1119 impietate
2154 1047 2355 1101 versati
2380 1046 2634 1115 auctique
2666 1044 2921 1120 fuissent.
2978 1044 3317 1113 Quapropter
3344 1042 3414 1098 ad

1842 1139 2047 1193 clerum
2079 1136 2286 1191 reditus
2309 1136 2413 1190 illis
2437 1150 2731 1190 concessus
2756 1144 2875 1200 est;
2922 1134 2989 1187 iis
3033 1134 3177 1188 enim
3204 1133 3297 1202 qui
3326 1133 3415 1185 de-

1842 1228 1982 1298 cepti
2015 1237 2069 1284 et
2094 1227 2202 1282 vim
2235 1226 2384 1297 passi
2442 1237 2570 1280 sunt
2628 1224 2788 1279 venia
2817 1223 2990 1295 facile
3050 1225 3233 1279 datur.
3288 1220 3416 1278 Haec

1844 1328 1949 1375 tute
1971 1332 2186 1390 quoque
2227 1317 2416 1387 pietati
2456 1316 2729 1387 signiﬁco,
2762 1315 3069 1379 conlidens,
3102 1324 3251 1369 tuam
3287 1314 3418 1368 reli-

1841 1411 2055 1482 gionem
2087 1424 2209 1480 qua
2243 1410 2462 1465 decreta
2509 1418 2637 1463 sunt
2670 1417 3071 1479 suscepturum,
3100 1423 3199 1462 nec
3221 1405 3415 1461 lenita-

1844 1514 1949 1560 tem
1976 1520 2162 1559 eorum
2199 1504 2291 1574 qui
2315 1517 2617 1558 convenere
2644 1503 3051 1558 damnaturam.
3090 1501 3214 1557 "me
3237 1501 3419 1572 legere

1841 1594 2082 1665 digneris
2104 1594 2276 1649 sacris
2307 1592 2575 1647 ministris
2621 1602 2673 1646 et
2707 1593 2907 1662 pOpulo
2940 1593 3033 1662 qui
3069 1593 3166 1647 tibi
3195 1592 3414 1657 subest;

1843 1693 1902 1739 ut
1933 1693 1987 1739 et
2011 1685 2111 1754 ipsi
2138 1683 2222 1739 his
2253 1685 2566 1753 compertis,
2602 1691 2653 1737 te
2707 1684 2850 1737 circa
2888 1684 3010 1738 illos
3052 1684 3124 1737 ita
3164 1682 3414 1736 allectum

1845 1791 1951 1831 non
1984 1784 2297 1845 coarguant.
2338 1774 2449 1829 Abs
2472 1789 2532 1829 re
2557 1774 2702 1829 enim
2730 1787 2874 1829 esset
2902 1790 2988 1830 me
3011 1774 3266 1839 scribere,
3290 1788 3414 1828 cum

1845 1876 1937 1922 tua
1965 1867 2137 1937 pictas
2171 1866 2365 1935 possit,
2401 1875 2453 1921 et
2506 1875 2753 1921 nostrum
2801 1881 2930 1935 erga
2980 1865 3104 1919 illos
3161 1863 3413 1920 allectum

1845 1959 2116 2021 nuntiare,
2143 1970 2196 2013 et
2226 1959 2408 2013 omnia
2432 1972 2553 2027 qua:
2580 1955 2780 2011 desunt
2832 1958 3075 2025 implere.
3109 1954 3291 2011 Gratia
3316 1955 3417 2009 Do-

1846 2050 2017 2115 mino,
2050 2051 2142 2120 qui
2168 2051 2407 2120 implevit
2433 2061 2483 2104 te
2511 2051 2659 2103 omni
2691 2050 2858 2104 verbo
2880 2058 2935 2103 ct
2979 2050 3126 2103 omni
3163 2049 3413 2105 scientia.

1846 2143 1949 2211 Qui
1979 2143 2161 2213 itaque
2196 2142 2570 2213 pmnitentiam
2611 2149 2799 2211 agunt,
2830 2141 3202 2195 .anathematc
3261 2140 3416 2194 dam-

1846 2241 1997 2295 nent,
2024 2245 2281 2301 expresso
2312 2230 2558 2299 nomine,
2603 2246 2827 2300 pravam
2878 2229 3071 2284 Euzoii
3100 2239 3153 2283 ct
3183 2228 3414 2283 Eudoxii

1847 2322 2171 2377 doctrinam.
2200 2321 2278 2377 Illi
2328 2323 2473 2377 enim
2524 2320 2742 2377 Arian'a:
2776 2323 3048 2377 haereseos
3092 2324 3329 2392 patroni,
3357 2324 3412 2375 in

1846 2414 2125 2470 Christum
2190 2413 2631 2484 blasphemantes
2705 2424 3013 2469 creaturam
3099 2429 3225 2467 cum
3294 2429 3416 2468 esse

1848 2506 2206 2576 scripserunt.
2254 2504 2627 2560 Conﬁteantur
2677 2520 2893 2575 quoque
2950 2504 3110 2559 ﬁdem
3163 2503 3415 2560 Nicmaea

1845 2596 2098 2652 Patribus
2147 2597 2509 2664 declaratam,
2568 2605 2624 2651 et
2670 2597 2876 2651 nullam
2934 2596 3095 2650 aliam
3148 2595 3415 2666 synodum

1849 2688 1976 2744 huic
2041 2697 2391 2761 anteponant.
2466 2686 2654 2742 Saluta
2729 2686 2925 2742 fratres
2981 2688 3074 2757 qui
3155 2687 3298 2755 apud
3364 2696 3418 2740 te

1849 2788 2007 2846 sunt;
2058 2782 2152 2852 qui
2215 2780 2358 2852 apud
2409 2795 2496 2836 me
2544 2780 2767 2852 degunt,
2825 2789 2877 2834 te
2927 2780 2981 2834 in
3044 2778 3276 2833 Domino
3327 2793 3420 2833 sa-

1847 2871 2041 2927 lutant.

1851 3048 1967 3103 σοῦ.
1986 3047 2129 3103 Infra
2161 3049 2243 3113 σέ,
2267 3056 2391 3104 ante
2417 3002 2779 3120 διακείμενον,
2798 3047 2946 3103 deest
2973 3047 3027 3101 in
3050 3048 3420 3119 compluribus

1767 3110 1810 3169 C
1844 3110 2253 3188 manuscriptis‘.

1912 3189 1988 3257 (9)
2032 3189 2233 3260 Regius
2261 3187 2520 3260 quintus,
2553 3187 2861 3260 κακοδοξονᾲ
2889 3188 3133 3260 γνώμην.
3175 3187 3328 3243 Colb.
3365 3188 3419 3254 l,

1841 3257 2222 3313 κακοπιστίαν.
2260 3257 2402 3321 Mox,
2449 3259 2632 3312 λοιπόν
2666 3259 2817 3312 deest
2852 3258 2905 3311 in
2942 3257 3174 3327 quatuor
3227 3274 3421 3312 manu-

1841 3330 2095 3411 scriptis.-
2129 3327 2459 3411 δίφρου).
2516 3329 2570 3389 2,
2619 3327 3008 3411 άπεγράέξᾳντο
3040 3328 3287 3411 tamet»;
3320 3327 3421 3399 τῆς

1852 3396 2137 3478 ’ᾼρεὶιανῆς
2166 3397 2428 3478 duplicem;
2458 3396 2783 3478 προστάτας.
2827 3396 3423 3478 Ειιίιῑλάπεγράψαντο

163 3467 451 3545 εὐλαϐείᾳ.
484 3474 623 3527 Editi
678 3485 732 3529 et
756 3544 759 3545 ν
783 3474 896 3537 alii,
926 3467 1411 3545 ebeeGsla,_Pnulo
1441 3484 1581 3541 post,
1636 3467 1741 3530 tres

1848 3467 1940 3545 τῆς
1969 3467 2255 3537 Ἀρειανῆς
2277 3467 2541 3545 αἱρέσεώς
2565 3468 3025 3545 προστάταιᾏΑζίιί
3064 3468 3419 3545 ηιιιιιιιευςξριί

164 3543 367 3614 optimi
403 3530 788 3614 manuscripti,
836 3530 1162 3614 ἐκεχειρίαςξ
1202 3541 1340 3614 Editi
1386 3530 1515 3597 vero
1545 3530 1739 3614 etalii,

164 3611 496 3683 ἐκεχειρίαν.
524 3613 646 3668 Mox
675 3611 783 3669 duo
813 3611 1187 3681 manuscripti,
1210 3611 1381 3683 ταυτα
1411 3613 1738 3680 ἀναγνῶναι.

245 3682 323 3753 (8)
359 3682 440 3737 lta
470 3697 659 3739 omnes
687 3699 823 3755 pene
850 3684 1226 3753 manuscripti.
1276 3682 1415 3737 Editi
1448 3698 1597 3748 vero,
1636 3684 1741 3737 ὑπὸ

1846 3535 1907 3592 ut
1930 3539 1982 3589 in
2005 3535 2153 3590 textu
2177 3535 2367 3607 ;7unus'i
2384 3538 2563 3607 liabet,
2594 3535 2841 3607 ἑαυτοὺς,
2857 3536 3273 3607 τῆςἈρειανῆς.
3299 3535 3421 3591 Mox

1847 3607 1995 3671 editi,
2032 3608 2126 3660 καὶ
2149 3606 2247 3676 τὴν
2274 3608 2331 3659 ὲν
2359 3605 2581 3676 Νικαίᾳ,
2618 3606 2883 3675 particula
2913 3605 3010 3661 καί
3038 3605 3191 3662 deest
3220 3608 3274 3659 in
3304 3621 3423 3659 om-

1848 3677 2010 3732 nibus
2039 3691 2175 3745 pene
2210 3678 2616 3745 manuscriptis.

546 4051 923 4112 MONITUM
974 4051 1052 4110 IN
1111 4050 1316 4111 DUAS
1368 4047 1831 4123 SEQUENTES
1867 4049 1974 4109 AD
2038 4045 2497 4111 LUCIFERUM
2561 4043 3022 4105 EPISTOLAS.

246 4350 416 4421 770
446 4348 613 4403 Binas
645 4345 1013 4416 subjungimus
1040 4346 1290 4416 epistolas
1314 4345 1383 4400 ad
1415 4346 1724 4417 Luciferum
1763 4349 1953 4403 missas
1994 4348 2049 4401 in
2077 4347 2205 4401 edit.
2232 4343 2442 4401 Comm.
2474 4360 2648 4407 cnsas,
2680 4356 2796 4413 qua:
2828 4338 3020 4393 Latine
3054 4347 3256 4390 tantum
3287 4335 3425 4388 inter

170 4440 417 4510 Luciferi
445 4440 645 4508 scripta
670 4447 948 4504 supersunt
975 4450 993 4489 :
1024 4453 1115 4490 nec
1142 4446 1346 4491 constat
1385 4447 1564 4490 utrum
1596 4437 1789 4492 Latine
1835 4440 2063 4507 primum
2089 4437 2396 4502 conscriptae
2424 4433 2487 4487 ab
2520 4434 2810 4487 Athanasio
2843 4432 2972 4495 sint,
3010 4446 3077 4481 an
3108 4437 3286 4496 postea
3315 4424 3427 4480 La—

173 4539 290 4592 tine
319 4535 385 4589 ab
411 4536 588 4603 aliquo
616 4531 918 4587 translatae.
964 4531 1126 4586 Prior
1153 4532 1282 4586 data
1323 4533 1529 4588 videtur
1557 4533 1717 4602 paulo
1745 4542 1860 4602 post
1904 4531 2143 4601 Luciferi
2182 4530 2449 4596 exsilium,
2471 4529 2607 4599 quod
2649 4543 2785 4580 anno
2816 4524 3034 4595 contigit
3064 4524 3189 4577 555.
3214 4520 3427 4574 Laudat

170 4635 318 4690 enim
349 4630 655 4701 Luciferum
679 4648 712 4684 a
737 4631 990 4700 ﬁrmitate
1020 4629 1206 4691 animi,
1232 4628 1485 4698 illumque
1511 4628 1825 4697 confessoris
1855 4629 2010 4681 titulo
2043 4636 2284 4681 exornat.
2318 4624 2524 4687 Altera,
2553 4631 2611 4676 ut
2643 4630 2814 4675 monet
2840 4620 3056 4691 quidam
3097 4616 3427 4678 scholiastes,

171 4725 380 4793 scripta
413 4724 519 4793 fuit
545 4732 823 4793 postquam
848 4724 1176 4779 Athanasius
1202 4724 1364 4777 libros
1394 4726 1698 4793 accepisset,
1731 4741 1860 4796 quos
1890 4725 1959 4778 ad
1985 4725 2152 4794 ipsius
2198 4722 2482 4777 Athanasii
2511 4719 2861 4790 defensionem
2887 4715 3198 4773 Constantio
3224 4729 3429 4766 nuncu-

169 4823 320 4893 pauit
351 4819 596 4888 misitque
619 4815 854 4887 Lucifer.
892 4818 995 4872 Hic
1029 4830 1251 4874 recenset
1273 4818 1603 4875 Athanasius
1633 4816 1779 4871 mala
1807 4817 1861 4870 in
1887 4817 2249 4887 persecutione
2273 4814 2595 4869 Arianorum
2631 4810 2784 4865 illata
2807 4808 3011 4863 clericis
3032 4849 3046 4873 ,
3076 4821 3273 4859 necnon
3315 4820 3429 4857 mo-

175 4914 390 4974 nachis,
426 4909 648 4979 aliisque
676 4908 1006 4964 orthodoxis.
1038 4911 1205 4980 Atque
1228 4910 1417 4962 iterum
1444 4908 1774 4964 commendat
1812 4905 2116 4977 Luciferum
2140 4924 2171 4960 a
2198 4906 2499 4960 constantia
2537 4902 2842 4974 dicendique
2877 4901 3139 4955 libertate.
3172 4897 3267 4951 Est
3305 4912 3432 4952 sane

175 5016 405 5068 utraque
424 5001 646 5073 epistola
676 5003 970 5059 Athanasio
1000 5003 1193 5073 Magno
1216 5003 1557 5073 dignissima.

255 5117 480 5171 Domino
538 5114 880 5169 dilectissimo
936 5115 1094 5185 fratri
1128 5114 1375 5184 Lucifero
1421 5113 1661 5183 episcopo
1709 5129 1736 5167 e

1864 5111 2096 5167 rumque
2127 5095 2374 5150 omnium
2403 5092 2664 5148 certiores
2687 5104 2788 5144 nos
2807 5087 3017 5143 edicere
3041 5086 3311 5156 dignetur.
3332 5081 3435 5135 Vo—

178 5207 494 5278 eonfessori,
525 5205 847 5260 Athanasius
876 5174 1186 5259 in'Domino
1218 5174 1606 5274 salutem-(10)..
1863 5190 1947 5245 bis
1980 5205 2214 5259 namque
2235 5185 2647 5242 confessoribus
2686 5197 2751 5237 ac
2778 5180 2951 5235 servis
2980 5178 3075 5233 Dei
3098 5174 3433 5279 viventibus.

259 5272 368 5354 [leo
417 5299 653 5362 favente,
696 5313 925 5368 corpore
971 5299 1246 5360 valentes,
1296 5272 1756 5350 misimusvetiam
1862 5283 2137 5339 credimus
2186 5290 2384 5334 statum
2428 5277 2708 5333 catholicae.
2751 5272 3012 5329 Ecclesiae
3060 5272 3344 5368 renovari,
3380 5275 3436 5368 et

178 5407 333 5452 nunc
364 5391 751 5448 cbarissimum
779 5400 1025 5447 nostrum
1058 5390 1408 5461 Eutychetem
1444 5387 1741 5442 diaconem.

1862 5377 2007 5447 quod
2034 5374 2271 5429 haeretici
2297 5371 2652 5427 eonscindere
2694 5371 3078 5451 tentaverunt;
3114 5362 3218 5415 hoc
3245 5358 3432 5414 Domi-

186 5496 250 5540 nt
296 5493 390 5541 tua
432 5500 651 5554 quoque
692 5483 947 5555 religiosa
993 5451 1273 5545 sanctitas,
1298 5481 1441 5549 quod
1483 5488 1566 5535 est
1595 5480 1741 5535 nobis

1864 5484 1994 5524 num
2031 5475 2276 5521 nostrmn
2309 5462 2497 5519 Jesum
2520 5460 2801 5515 Christum
2828 5473 2925 5527 per
2944 5470 3042 5510 vos
3063 5451 3129 5507 ad
3160 5452 3427 5518 integrum

184 5537 484 5649 οριεωιυιξι
509 5537 957 5639 είάρεῖάει-ζωιε,
990 5575 1054 5629 ,ιε
1083 5585 1171 5629 ωε,
1207 5573 1600 5636 incolumitate,
1630 5580 1757 5628 ιυο.
1862 5558 2171 5616 restituere.
2200 5554 2523 5624 Quanquam
2551 5550 2693 5606 enim
2717 5559 3081 5621 praecursores
3110 5537 3438 5596 Antichristl

257 5688 370 5757 (10)
409 5687 622 5760 Scripta
647 5701 790 5743 anno
821 5686 1037 5743 circiter
1065 5687 1189 5754 5130,
1225 5695 1282 5742 ut
1309 5695 1362 5742 et
1389 5700 1643 5756 sequens.
