3794 6226
350 290 500 367 ‘usa

956 305 1017 361 S.
1057 300 1434 357 ATHANASII
1465 299 1616 356 OPP.
1648 288 1840 352 PARS
1878 295 1920 350 1.
1963 324 2030 334 --
2064 290 2437 349 HISTORICA
2475 291 2564 347 ΕΤ
2601 290 3021 348 DOGMATICA.

3462 268 3610 352 ttat

359 438 457 493 ρει·
483 426 779 491 potentiam
825 419 990 484 hujus
1020 414 1211 469 mundi
1251 413 1437 467 omnia
1475 411 1707 482 egerint,
1743 415 1805 463 ut
1837 422 1933 471 οι·-
1960 405 2007 463 Δ
2034 402 2358 474 pravitatis:
2397 403 2502 460 hoc
2535 420 2636 485 suo
2675 419 2910 487 arenoso
2957 404 3313 463 fundamento
3337 408 3613 466 ediﬁeant

359 517 699 584 stmguerent
727 509 1005 563 lucernam
1035 506 1297 571 veritatis,
1334 511 1515 559 tamen
1538 502 1800 557 divinitas
1836 514 1933 569 per
2033 511 2321 567 perversas
2368 512 2498 553 suas
2544 499 2696 563 vias,
2734 498 2876 554 sicut
2910 500 3171 570 scriptum
3208 500 3518 560 invenimus
3553 506 3613 561 in

357 611 595 657 vestram
632 598 1054 659 confessionem,
1081 597 1369 651 clariorem
1394 594 1517 666 ejus
1547 593 1723 647 lucem
1751 600 1934 646 osten-

357 691 458 755 dit,
491 696 552 744 ut
580 688 857 744 neminem
891 687 1064 742 latere
1084 687 1260 757 possit
1285 700 1476 741 eorum
1507 682 1740 738 fallacia.
1767 681 1934 736 Ante-

360 782 462 835 hac
485 779 570 835 vel
597 779 859 834 simulare
889 787 1175 848 poterant,
1204 792 1352 832 nunc
1393 773 1713 831 Antichristi
1758 774 1935 829 nomi-

361 880 584 928 nantur.
617 870 754 938 Quis
781 871 929 925 enim
958 885 1066 924 non
1094 876 1433 932 exsecretur,
1451 868 1545 938 qui
1567 881 1755 923 eorum
1785 880 1936 921 com-

359 962 675 1019 munionem
701 969 963 1031 tanquam
999 959 1294 1022 maculam,
1326 973 1390 1014 ac
1423 958 1576 1013 virus
1605 956 1798 1027 anguis
1825 971 1935 1011 non

357 1054 780 1128 fugiat?0mnis
812 1055 1014 1124 ubique
1062 1051 1303 1108 Ecclesia
1325 1052 1492 1122 luget,
1526 1051 1707 1106 omnis
1744 1050 1936 1104 civitas

360 1148 548 1219 gemit,
572 1162 733 1203 senes
766 1145 1009 1216 episcopi
1057 1146 1111 1199 in
1144 1143 1340 1200 exsilio
1374 1143 1643 1210 laborant,
1671 1153 1726 1197 et
1767 1143 1937 1196 haere—

362 1242 455 1296 tici
505 1239 873 1305 dissimulant,
903 1238 996 1308 qui
1030 1238 1158 1293 dum
1200 1244 1398 1306 negant
1428 1236 1730 1299 Christum,
1762 1232 1938 1303 publi-

359 1348 530 1389 canos
557 1346 616 1388 se
644 1330 943 1385 effecerunt
985 1329 1237 1385 sedentes
1264 1330 1317 1382 in
1347 1327 1615 1391 ecclesiis,
1641 1335 1696 1381 et
1719 1326 1931 1396 exigen-

360 1433 443 1480 tes
465 1423 766 1493 vectigalia.
799 1420 1060 1477 Onovum
1092 1436 1262 1491 genus
1294 1420 1574 1475 hominum
1605 1427 1659 1474 et
1683 1433 1941 1490 persecu-

362 1515 549 1579 tionis,
576 1517 727 1585 quod
773 1515 1052 1569 adinvenit
1094 1513 1367 1578 diabolus,
1397 1521 1457 1567 ut
1500 1512 1633 1583 ipsis
1672 1513 1939 1568 ministris

363 1608 433 1663 ad
460 1607 910 1663 malefaciendum
934 1616 987 1662 et
1008 1615 1155 1662 tanta
1185 1606 1508 1661 crudelitate
1529 1607 1803 1661 uteretur!
1834 1604 1939 1660 Sed

361 1700 466 1756 etsi
503 1700 620 1756 haec
656 1708 803 1755 tanta
844 1708 1032 1770 agunt,
1064 1708 1119 1754 et
1162 1698 1448 1768 superbias
1479 1706 1534 1753 et
1572 1698 1939 1769 blasphemias

361 1794 742 1859 extenderunt,
767 1790 1044 1849 confessio
1072 1800 1252 1847 tamen
1276 1800 1330 1846 et
1354 1790 1563 1861 religio,
1594 1798 1649 1844 et
1670 1789 1935 1860 sapientia

359 1893 564 1953 vestra,
592 1900 702 1941 non
756 1884 1054 1948 modicum,
1082 1883 1175 1938 sed
1231 1883 1531 1936 maximum
1580 1881 1837 1936 solatium
1883 1889 1938 1934 et

359 1988 569 2051 magna
589 1976 896 2033 consolatio
919 1984 1001 2032 est
1026 1974 1375 2029 fraternitati.
1407 1972 1664 2028 Pervenit
1689 1972 1835 2027 enim
1870 1972 1937 2026 ad

358 2085 463 2128 nos
502 2070 791 2141 scripsisse
826 2068 1171 2124 sanctitatem
1224 2075 1373 2121 tuam
1398 2066 1646 2137 Augusto
1670 2065 1938 2121 Cotistan-

362 2162 461 2229 tio,
497 2172 553 2218 et
590 2162 766 2234 magis
817 2161 1104 2232 magisque
1157 2162 1444 2224 miramur,
1468 2158 1596 2229 quia
1646 2157 1701 2211 in
1756 2156 1938 2211 medio

359 2264 624 2326 tanquam
650 2254 1001 2325 scorpionum
1046 2254 1319 2317 habitans,
1351 2250 1521 2306 animi
1559 2259 1739 2304 tamen
1769 2247 1936 2301 liber-

359 2357 473 2404 tate
504 2349 694 2415 utcris,
724 2358 783 2403 ut
809 2347 893 2402 vel
919 2347 1212 2414 monendo,
1237 2348 1319 2403 vel
1342 2344 1608 2409 docendo,
1643 2342 1726 2397 vel
1747 2356 1936 2396 emen-

359 2440 836 2507 dandorerrantes
877 2438 942 2492 ad
984 2439 1166 2493 lumen
1211 2436 1454 2493 veritatis
1489 2435 1750 2490 adducas.
1785 2430 1937 2503 Rogo

359 2534 554 2607 igitur,
575 2545 772 2604 rogant
797 2549 1012 2589 mecum
1054 2534 1219 2588 etiam
1258 2547 1450 2587 omnes
1479 2528 1847 2591 confessores,
1875 2535 1937 2582 ut

359 2625 601 2695 digneris
633 2624 790 2679 nobis
823 2624 1131 2695 exemplum
1164 2624 1458 2687 destinare,
1500 2629 1560 2676 ut
1585 2636 1694 2676 non
1725 2628 1934 2674 tantum

361 2718 574 2785 auditu,
602 2717 695 2773 sed
731 2717 895 2771 etiam
928 2732 995 2772 ex
1015 2717 1212 2772 litteris
1245 2719 1459 2786 possint
1490 2714 1797 2784 perspicere
1817 2728 1935 2767 om-

360 2824 459 2863 nes
496 2806 694 2862 animae
719 2816 828 2861 ture
862 2807 1119 2862 virtutem
1142 2807 1373 2877 ﬁdeique
1398 2806 1652 2861 ﬁduciam
1687 2813 1742 2860 et
1772 2804 1936 2858 liber-

360 2908 548 2956 tatem.
578 2898 826 2955 Salutant
857 2901 1198 2957 sanctitatem
1233 2907 1382 2955 tuam
1413 2900 1504 2969 qui
1532 2913 1746 2954 mecum
1783 2905 1929 2952 sunt.

362 2992 552 3047 Saluto
572 3005 764 3047 omnes
796 2990 890 3061 qui
915 2999 1094 3046 tecum
1138 2997 1286 3047 sunt.
1327 2989 1592 3044 Divinitas
1634 2997 1687 3044 te
1723 2988 1933 3044 incolu-

360 3101 524 3151 mem,
564 3093 845 3154 vegetum,
887 3098 1295 3154 memoremque
1331 3083 1503 3138 nostri
1533 3097 1747 3152 semper
1772 3089 1929 3136 tuea-
1956 3092 2001 3152 ο

360 3186 471 3242 tur,
505 3176 727 3231 domine
754 3175 1128 3242 dilectissime,
1157 3190 1222 3230 ac
1250 3189 1377 3230 vere
1407 3174 1569 3229 homo
1600 3172 1719 3229 Dei.

429 3282 527 3341 His
557 3284 797 3355 acceptis
835 3284 1055 3352 litteris,
1082 3285 1275 3341 beatus
1306 3284 1527 3341 Lucifer
1582 3285 1733 3341 misit
1763 3285 1935 3341 libros

358 3393 498 3447 quos
529 3379 597 3433 ad
618 3378 1000 3436 Constantium
1032 3381 1362 3448 scripserat;
1388 3396 1528 3450 quos
1557 3396 1681 3436 cum
1713 3380 1936 3452 legisset

357 3467 713 3539 Athanasius,
742 3470 885 3529 hanc
915 3469 1053 3526 infra
1094 3471 1379 3541 epistolam
1406 3468 1574 3528 misit.

429 3599 657 3656 Domino
693 3602 1095 3672 gloriosissimo,
1128 3621 1191 3659 ac
1227 3606 1414 3659 merito
1461 3604 1931 3672 desideratissimo,

358 3693 656 3763 coepiscopo
684 3693 952 3767 Lucifero,
982 3697 1307 3755 Athanasius
1346 3698 1400 3751 in
1439 3697 1660 3753 Domino
1683 3696 1929 3752 salutem.

435 3806 546 3862 Etsi
578 3809 742 3864 credo
772 3810 1088 3880 pervenisse,
1112 3813 1274 3867 etiam
1311 3812 1380 3867 ad
1405 3814 1745 3868 sanctitatem
1783 3822 1930 3868 tuam

358 3897 427 3953 de
460 3901 862 3971 persecutione,
886 3918 1052 3974 quam
1079 3905 1248 3959 etiam
1277 3921 1427 3962 nunc
1447 3905 1710 3961 adversus
1733 3903 1932 3959 frater-

358 3991 588 4046 nitatem
608 3991 784 4049 facere
811 3995 997 4050 conati
1017 4004 1145 4051 sunt
1161 3996 1367 4051 inimici
1381 3996 1608 4062 Christi,
1626 4007 1932 4068 quaerentes

358 4084 680 4156 sanguinem
707 4095 991 4156 nostrum,
1019 4098 1253 4159 possunt
1294 4099 1476 4144 tamen
1511 4091 1674 4145 etiam
1721 4091 1933 4147 charis-

357 4175 482 4232 simi
517 4178 692 4233 nostri
724 4178 931 4236 referre
968 4182 1219 4253 religioni
1255 4192 1385 4239 tuae.
1439 4182 1498 4238 ln
1541 4191 1751 4242 tantum
1783 4184 1928 4239 enim

355 4266 574 4322 rabiem'
589 4284 744 4324 suam
759 4285 854 4340 per
875 4271 1077 4327 milites
1103 4274 1393 4329 extendere
1420 4273 1541 4329 ausi
1569 4283 1716 4337 sunt,
1743 4284 1801 4327 ut
1821 4290 1930 4328 non

356 4359 534 4414 solum
556 4360 792 4417 civitatis
813 4362 1044 4419 clericos
1066 4364 1381 4434 etfugarent,
1408 4365 1503 4421 sed
1525 4365 1688 4425 etiam
1717 4366 1783 4420 ad
1807 4380 1928 4421 ere-

2039 588 2415 644 tertiodecimo
2450 587 2668 645 Psalmo
2704 609 2717 645 :
2750 590 2901 646 Dixit
2928 593 3177 663 insipiens
3205 594 3262 648 in
3284 596 3443 650 corde
3466 613 3568 651 sua
3591 613 3613 652 :

2040 682 2162 737 Non
2202 695 2280 739 est
2323 686 2485 742 Deus.
2515 681 2582 739 Et
2630 700 2759 740 mox
2804 686 3089 757 sequitur:
3119 686 3368 759 Corrupti
3395 703 3518 745 sunt
3561 702 3615 746 et

2035 777 2414 833 abominabiles
2443 777 2576 847 facti
2618 762 2742 831 sunt
2781 778 2837 831 in
2865 778 3106 846 operibus
3130 778 3240 834 suis
3262 779 3328 836 ⁸⁸.
3355 782 3487 837 Inde
3514 781 3617 837 Ju-

2037 867 2139 922 daei
2166 876 2435 939 negantes
2463 866 2662 923 Filium
2686 867 2781 924 Dei
2809 868 2959 939 digni
2994 868 3213 926 fuerunt
3232 872 3422 929 audire
3449 892 3464 929 :
3496 872 3615 939 Va,

2039 976 2171 1032 gens
2193 963 2492 1033 peccatrix,
2526 962 2761 1033 populus
2792 962 2986 1033 plenus
3011 964 3244 1033 delictis,
3278 982 3466 1023 semen
3489 985 3618 1025 ma-

2042 1054 2269 1124 lignum,
2302 1054 2401 1109 lilii
2450 1054 2572 1110 sine
2621 1055 2738 1126 lege
2765 1055 2831 1111 ⁸⁸.
2875 1053 3030 1112 Unde
3076 1058 3198 1114 sine
3233 1058 3387 1130 lege?
3410 1061 3621 1131 quippe

2040 1146 2169 1214 quia
2198 1145 2568 1217 dereliquistis
2596 1146 2909 1203 Dominum.
2932 1146 3060 1204 Inde
3081 1148 3438 1206 beatissimus
3467 1150 3617 1207 Pau-

2038 1237 2126 1305 lps
2172 1251 2296 1291 eum
2340 1238 2597 1307 coepisset
2642 1252 2751 1292 non
2785 1247 2996 1293 tantum
3035 1240 3259 1295 credere
3307 1239 3365 1295 in
3410 1241 3618 1316 Filium

2041 1325 2156 1391 Dei,
2191 1328 2545 1382 verumetiam
2572 1328 2869 1399 pradicare
2892 1329 3146 1385 deitatem
3188 1330 3384 1400 ipsius,
3406 1333 3619 1389 scribe-

2040 1419 2172 1475 bat:
2202 1418 2270 1474 In
2316 1421 2464 1476 nullo
2509 1422 2638 1476 mihi
2681 1422 2811 1476 mali
2842 1423 3084 1477 conscius
3114 1440 3230 1477 sum
3246 1423 3313 1478 “.
3344 1423 3423 1481 Ita
3459 1423 3622 1496 juxta

2038 1522 2275 1568 vestram
2307 1513 2708 1570 confessionem
2735 1517 2897 1571 etiam
2930 1532 3031 1574 nos
3062 1528 3341 1589 Optamus,
3368 1529 3620 1577 tenentes

2041 1606 2393 1674 apostolicam
2428 1607 2801 1674 traditionem,
2832 1609 3015 1666 vivere
3050 1610 3207 1682 juxta
3244 1612 3442 1668 divina:
3481 1614 3621 1684 legis

2041 1697 2315 1765 mandata,
2353 1706 2413 1751 ut
2454 1699 2728 1769 possimus
2753 1701 3036 1757 vobiscum
3070 1703 3303 1759 inveniri
3347 1705 3402 1759 in
3445 1706 3620 1761 choro

2040 1787 2156 1853 illo,
2182 1788 2236 1842 in
2280 1804 2391 1859 quo
2447 1807 2591 1846 nunc
2629 1792 2905 1848 exsultant
2942 1794 3285 1864 patriarchae,
3314 1798 3619 1869 prophew,

2039 1880 2272 1948 apostoli
2329 1896 2395 1937 ac
2434 1890 2720 1954 martyres.
2770 1883 2923 1941 Licet
2954 1887 3124 1958 igitur
3152 1888 3357 1946 Ariana
3396 1892 3621 1950 insania

2037 1986 2163 2025 cum
2194 1981 2452 2028 extranea
2478 1976 2723 2044 potentia
2761 1976 2835 2033 ita
2862 1993 2922 2033 se
2954 1981 3228 2050 movebat,
3257 1992 3318 2037 ut
3342 1998 3453 2038 non
3484 1984 3619 2042 lice-

2037 2070 2119 2115 ret
2141 2076 2240 2119 nec
2265 2062 2483 2133 fratres,
2506 2075 2772 2136 quantum
2795 2069 2869 2124 illi
2896 2071 3208 2140 saeviebant,
3233 2074 3403 2131 libere
3430 2091 3617 2133 aerem

2036 2153 2249 2223 videre;
2285 2164 2465 2212 tamen
2495 2158 2651 2228 juxta
2679 2162 2953 2218 orationes
2975 2172 3098 2221 tuas
3129 2164 3241 2222 Deo
3268 2166 3508 2235 favente,
3532 2177 3619 2224 et-

2038 2244 2083 2300 si
2117 2260 2239 2299 cum
2265 2246 2450 2303 labore
2488 2261 2541 2304 et
2577 2251 2823 2321 periculo
2848 2253 3034 2311 videre
3062 2258 3213 2327 potui
3246 2256 3495 2326 fratrem,
3517 2263 3617 2330 qui

2038 2335 2177 2390 solet
2206 2344 2315 2390 tam
2345 2341 2654 2396 necessaria
2678 2358 2842 2412 quam
2872 2346 3132 2415 epistolas
3157 2358 3268 2404 tam
3306 2351 3617 2407 sanctitatis

2038 2438 2145 2483 tua:
2166 2445 2329 2499 quam
2361 2431 2593 2489 aliorum
2616 2434 3253 2511 destinare.Accepimus
3282 2443 3467 2514 itaque
3493 2445 3618 2515 cpio

2038 2521 2207 2577 stolas
2261 2532 2315 2577 et
2360 2523 2533 2580 libros
2593 2527 3023 2598 religiosissima
3074 2547 3139 2586 ac
3197 2534 3617 2604 sapientissimae

2037 2613 2234 2667 animae
2262 2622 2389 2683 tuae,
2414 2614 2468 2669 in
2499 2616 2702 2687 quibus
2733 2620 3111 2689 perspeximus
3153 2622 3445 2694 imaginem
3477 2639 3618 2695 apo-

2037 2703 2311 2770 Stolicam,
2340 2705 2596 2763 ﬁduciam
2634 2711 3032 2779 propheticam,
3073 2714 3445 2783 magisterium
3471 2718 3617 2771 veri—

2037 2795 2187 2862 tatis,
2234 2797 2540 2853 doctrinam
2582 2814 2727 2855 verae
2764 2800 2909 2867 fidei,
2950 2802 3097 2857 viam
3133 2804 3431 2873 caelestem,
3469 2822 3619 2863 mar-

2038 2884 2157 2955 tyrii
2183 2884 2433 2955 gloriam,
2453 2888 2758 2959 triumphos
2777 2890 3039 2947 adversus
3062 2892 3310 2948 haeresim
3324 2893 3613 2960 Arianam.

2035 2976 2385 3034 traditionem
2414 2979 2680 3052 integram
2722 2981 2946 3039 Patrum
2986 2993 3321 3055 nostrorum,
3367 2991 3615 3060 regulam

2034 3080 2240 3125 rectam
2297 3072 2649 3128 ecclesiastici
2707 3075 2936 3130 ordinis.
2963 3075 3008 3130 0
3046 3093 3173 3133 vere
3203 3077 3421 3135 Lucifer
3470 3082 3612 3152 (12),

2037 3164 2128 3234 qui
2152 3164 2307 3233 juxta
2347 3179 2571 3235 nomen,
2614 3166 2800 3223 lumen
2836 3169 3081 3226 veritatis
3132 3169 3334 3236 ferens,
3374 3171 3613 3242 posuisti

2036 3268 2200 3325 super
2229 3255 2634 3326 candelabrum,
2670 3267 2729 3314 ut
2763 3259 3210 3319 luceatomnibus
3240 3264 3253 3316 !
3290 3264 3447 3335 771
3475 3264 3615 3332 Quis

2035 3347 2203 3414 enim,
2234 3349 2474 3419 exceptis
2495 3348 2741 3419 Arianis,
2768 3368 2877 3406 non
2898 3354 3139 3424 pervidet
3158 3370 3224 3410 ex
3244 3364 3335 3411 tua
3360 3358 3617 3414 doctrina

2036 3452 2220 3491 veram
2252 3438 2470 3507 quidem
2508 3439 2689 3507 fidem,
2723 3441 2994 3496 maculam
3037 3453 3220 3498 autem
3257 3442 3613 3498 Arianorum.

2042 3529 2205 3586 Valde
2233 3539 2287 3585 et
2319 3531 2729 3600 admirabiliter,
2760 3542 2820 3588 ut
2847 3546 2930 3589 est
2960 3534 3141 3590 lumen
3176 3551 3207 3590 a
3241 3536 3500 3603 tenebris,
3536 3536 3612 3591 ita

2035 3623 2297 3700 separasti
2331 3625 2613 3680 veritatem
2650 3641 2680 3681 a
2711 3625 3004 3683 calliditate
3044 3637 3093 3683 et
3131 3629 3403 3700 hypocrisi
3438 3630 3615 3685 haere-

2036 3694 2292 3781 ticoi‘um,
2317 3714 2607 3771 defendisti
2639 3717 2979 3773 Catholicam
3012 3694 3333 3784 Ecclesiam,
3367 3719 3612 3789 probasti

2035 3806 2173 3860 nihil
2192 3822 2333 3871 esse,
2348 3808 2441 3863 sed
2466 3817 2673 3865 tantum
2691 3810 3056 3880 phantasiam,
3073 3812 3398 3868 Arianorum
3424 3814 3611 3882 verba,

2034 3896 2266 3953 docuisti
2299 3899 2589 3956 calcandos
2621 3915 2742 3957 esse
2764 3900 3048 3959 frendores
3076 3901 3395 3959 diabolicos.
3429 3904 3609 3971 Quam

2033 3987 2173 4041 bona
2221 3997 2275 4043 et
2310 3988 2551 4059 jucunda
2605 3990 2945 4048 hortamenta
2982 4003 3072 4049 tua
3127 3994 3194 4050 ad
3244 3994 3609 4066 martyrium!

2033 4095 2199 4149 quam
2230 4081 2749 4139 desideratissimam
2783 4085 3067 4142 ostendisti
3094 4066 3325 4143 mortem
3355 4102 3479 4142 esse
3508 4103 3614 4157 pro

2033 4172 2253 4228 Christo
2299 4173 2439 4229 Filio
2480 4174 2574 4231 Dei
2610 4177 2756 4247 (l3)!
2787 4193 2948 4248 quam
2980 4178 3148 4234 futuri
3189 4180 3374 4236 saeculi
3402 4189 3459 4236 et
3485 4182 3613 4238 vita

2031 4264 2270 4320 cmlestis
2302 4281 2545 4321 amorem
2589 4269 2978 4325 manifestasti!
3023 4270 3235 4327 Videris
3264 4288 3387 4329 esse
3418 4290 3610 4329 verum

2033 4356 2291 4425 templum
2313 4355 2637 4423 Salvatoris,
2665 4361 2758 4430 qui
2790 4362 2843 4416 in
2870 4372 2920 4417 te
2952 4362 3204 4420 habitans
3235 4365 3349 4420 haec
3368 4366 3486 4437 ipsa
3512 4383 3614 4438 per

354 4451 519 4505 unitas
539 4451 767 4517 exirent,
786 4462 840 4508 et
859 4452 1103 4512 funestas
1119 4472 1250 4512 suas
1268 4472 1464 4513 manus
1479 4458 1741 4514 adversus
1761 4460 1922 4529 μονά-

2069 4462 2083 4500 ξ
2106 4448 2371 4517 loquitur,
2395 4449 2511 4520 ipse
2533 4451 2624 4519 qui
2652 4461 2854 4508 tantam
2882 4455 3109 4524 gratiam
3142 4456 3372 4526 praebuit
3396 4474 3613 4512 sermo-

352 4541 546 4608 ζοντας
574 4544 685 4613 (tl)
722 4545 1096 4603 immitterent.
1138 4546 1267 4604 Inde
1304 4548 1507 4604 factum
1551 4560 1636 4607 est
1675 4560 1735 4605 ut
1767 4551 1929 4606 etiam

352 4649 454 4702 ego
487 4649 575 4689 me
606 4634 823 4707 longius
850 4636 1196 4705 abducerem,
1231 4653 1298 4693 ne
1335 4640 1498 4693 etiam
1534 4639 1629 4711 qui
1664 4656 1765 4695 nos
1804 4656 1930 4697 sus-

350 4736 647 4796 ceperunt,
683 4729 962 4799 negotium
995 4728 1065 4785 ab
1091 4729 1295 4785 eisdem
1355 4740 1693 4801 paterentur.
1724 4731 1826 4788 Cui
1850 4743 1931 4789 et-

348 4818 495 4871 enim
538 4826 766 4887 parcent
798 4818 1010 4886 Ariani,
1044 4820 1138 4890 qui
1165 4836 1266 4878 nec
1292 4825 1491 4880 animis
1535 4824 1653 4880 suis
1677 4840 1931 4896 peperce-

352 4910 520 4965 runt?
546 4909 778 4977 Quando
801 4920 983 4967 autem
1009 4925 1240 4985 possunt
1261 4916 1519 4973 recedere
1544 4932 1575 4972 a
1599 4918 1717 4973 suis
1740 4920 1927 4973 nefan-

351 5002 436 5057 dis
470 5003 703 5069 actibus,
727 5003 856 5059 dum
879 5015 1201 5075 permanent
1222 5009 1470 5079 negando
1502 5008 1781 5065 Christum
1824 5010 1924 5065 Do-

351 5099 560 5157 minum
614 5101 842 5157 unicum
863 5099 1061 5158 Filium
1105 5103 1241 5159 Dei?
1271 5102 1398 5159 Haec
1422 5113 1506 5160 est
1544 5105 1700 5161 radix
1737 5122 1926 5161 eorum

424 5212 470 5244 ”
488 5211 635 5269 Psal.
670 5231 791 5282 xm,
824 5214 878 5283 1,
904 5215 958 5270 2.
1039 5217 1085 5250 ⁸⁸
1124 5215 1226 5273 lsa.
1262 5233 1300 5283 ι,
1328 5218 1383 5273 5.
1464 5219 1509 5251 ⁸⁸
1547 5217 1724 5274 ICor.
1764 5236 1837 5287 1v,
1870 5220 1925 5290 4,

667 5351 850 5424 Germ.
885 5362 1251 5424 monazontas.
1290 5353 1422 5424 Reg.
1454 5367 1810 5415 monazontes.

423 5416 539 5491 (l2)
578 5416 718 5477 Hinc
745 5422 883 5475 forte
910 5435 1128 5491 putetur
1160 5423 1348 5479 Latine
1373 5416 1442 5480 ab
1464 5426 1764 5484 Athanasio
1785 5432 1924 5486 scri—

352 5489 1020 5560 ptaﬁliaeqepistolaLeum
1049 5494 1254 5548 alludat
1281 5496 1345 5548 ad
1376 5496 1621 5551 Latinam
1646 5515 1854 5553 vocem.

424 5557 710 5631 (l3jgﬂeig.
764 5570 819 5615 et
865 5557 922 5614 S.
968 5563 1150 5618 Germ.
1209 5563 1383 5629 Quam
1442 5566 1924 5623 desidet-initissinte

2035 4540 2196 4594 nibus
2234 4540 2362 4607 tuis,
2393 4542 2592 4612 quippe
2622 4544 2714 4613 qui
2749 4548 2875 4599 ante
2895 4562 3018 4601 eras
3044 4548 3185 4617 apud
3218 4563 3411 4604 omnes
3449 4565 3610 4605 ama-

2030 4632 2179 4696 bilis,
2208 4649 2356 4689 nunc
2382 4643 2559 4689 tamen
2584 4644 2770 4691 tantus
2800 4646 2885 4693 est
2908 4653 3065 4694 amor
3093 4639 3392 4695 affectionis
3416 4649 3523 4696 tua:
3550 4643 3608 4697 in

2031 4725 2228 4781 animis
2248 4727 2491 4785 omnium
2519 4729 2838 4798 collocatus,
2874 4741 2933 4786 ut
2972 4731 3142 4787 Eliam
3177 4744 3230 4789 te
3271 4735 3610 4804 temporibus

2030 4816 2233 4871 nostris
2267 4819 2573 4884 nominent,
2605 4827 2659 4875 et
2688 4836 2796 4875 non
2837 4823 3060 4878 mirum.
3096 4822 3151 4878 Si
3192 4824 3336 4879 enim
3370 4825 3466 4895 qui
3493 4824 3609 4881 Deo

2030 4908 2242 4977 placere
2264 4909 2535 4979 videntur,
2566 4912 2661 4967 lilii
2701 4912 2793 4968 Dei
2839 4915 3212 4979 nominantur,
3243 4924 3450 4985 quanto
3485 4932 3609 4972 ma-

2027 5001 2111 5071 gis
2160 5002 2453 5073 participes
2510 5005 2900 5075 prophetarum
2949 5006 3296 5063 confessores
3345 5007 3503 5078 (l4),
3550 5017 3610 5063 et

2030 5097 2265 5152 maxime
2305 5109 2358 5154 te
2404 5099 2675 5170 appellare
2707 5100 2930 5171 dignum
2960 5109 3061 5157 est.
3102 5100 3276 5156 Crede
3309 5102 3465 5168 mihi,
3492 5101 3608 5157 Lu-

2027 5377 2185 5435 qnem
2226 5361 2528 5435 sequimur,
2556 5361 2822 5435 Iawcipsa
2860 5377 2953 5429 per
2999 5374 3049 5417 te
3094 5365 3346 5435 loquitur.
3373 5363 3517 5421 Editi
3550 5375 3610 5422 ct

2027 5430 2183 5497 Περ..
2215 5431 2324 5485 haec
2348 5433 2456 5498 ipse
2485 5448 2575 5501 per
2605 5444 2652 5486 te
2681 5432 2935 5500 loquitur.

2096 5503 2207 5569 (14)
2251 5501 2511 5574 δίονιιιιηο
2560 5504 2740 5557 locum
2769 5520 2834 5557 ex
2867 5502 2997 5574 Reg.
3032 5515 3086 5560 et
3114 5504 3172 5562 S.
3211 5505 3398 5561 Germ.
3437 5508 3603 5563 resti-

2028 5573 2252 5626 tuimus.
2284 5571 2422 5625 Editi
2454 5588 2760 5648 perperam,
2796 5571 3145 5647 tanto—magis
3187 5578 3449 5647 particeps
3472 5593 3605 5648 pro.

353 5628 631 5715 ostendisti
659 5628 983 5715 nzoriend'um
1013 5651 1123 5715 esse
1163 5628 1257 5700 pro
1283 5635 1561 5715 Clu-isto...
1610 5638 1777 5715 [nullo
1806 5650 1929 5707 post
2024 5650 2317 5711 piratarum,
2352 5628 2720 5715 confessorem,
2746 5628 2793 5700 et
2826 5635 3071 5701 maximcl

353 5696 537 5765 iidem,
580 5716 691 5753 rere
745 5701 992 5767 templum
1030 5696 1389 5762 Salvalwis...
1441 5707 1560 5763 Mox
1612 5710 1665 5762 S.
1713 5696 1918 5774 Germ”
