3794 6226
183 335 326 390 1183

1334 323 1668 383 EPISTOL‘A
1705 321 1794 374 Al)
1833 320 2203 375 MONACHOS

3285 323 3420 376 “86

182 452 343 518 cifcr,
378 464 484 502 non
522 456 576 501 tu
603 445 750 500 solus
797 445 912 500 hare
968 444 1181 498 locutus
1238 458 1326 507 es,
1367 444 1460 497 sed
1510 441 1745 510 Spiritus
1777 447 1822 500 Α
1851 457 1880 492 a
1911 448 2059 494 tanto
2089 440 2231 504 enim
2280 438 2444 510 fonte,
2469 438 2611 506 quod
2641 440 2823 507 potuit
2858 437 3124 506 imperitia
3152 438 3264 506 (l7)
3299 455 3419 494 mea

183 549 410 600 sanctus
441 548 639 594 tecum.
669 535 822 590 Unde
863 536 976 590 haec
1017 543 1163 588 tanta
1207 533 1468 587 memoria
1499 531 1747 600 Scriptu-

182 631 410 687 rarum?
437 629 579 684 unde
606 642 803 682 sensus
830 638 883 680 et
914 624 1221 679 intellectus
1245 622 1560 676 earumdem
1605 621 1749 674 intc-

179 725 311 793 ger?
331 722 474 776 unde
500 720 624 776 talis
649 718 782 773 ordo
812 716 1080 772 sermonis
1107 714 1442 784 compositus
1463 713 1580 767 est?
1609 711 1750 764 unde

180 824 332 870 tanta
356 815 696 868 hortamenta
739 811 794 863 in
828 809 972 863 viam
1004 807 1317 862 caelestem?
1364 807 1506 860 unde
1554 804 1749 858 ﬁducia

179 917 375 962 contra
406 905 699 973 diabolum,
721 910 774 957 et
801 900 1144 972 probationes
1159 900 1420 953 adversus
1441 897 1746 959 hmreticos,

179 1000 292 1054 nisi
320 997 558 1068 Spiritus
599 1003 820 1050 sanctus
853 994 1148 1048 collocatus
1180 999 1327 1046 esset
1354 990 1409 1043 in
1443 988 1536 1043 te?
1566 987 1751 1042 Gaude

179 1088 350 1157 igitur
402 1087 458 1141 in
507 1100 574 1139 eo
627 1093 678 1138 te
723 1098 866 1146 esse,
900 1082 1011 1151 jam
1045 1081 1332 1151 pervidens
1355 1080 1409 1134 in
1441 1094 1550 1148 quo
1583 1078 1749 1133 etiam

177 1195 542 1251 praecessores
567 1178 677 1248 (l5)
711 1176 788 1230 tui
818 1189 963 1229 nunc
985 1182 1112 1229 sunt
1139 1184 1423 1242 martyres,
1463 1171 1565 1224 hoc
1590 1178 1672 1224 est
1694 1169 1747 1223 in

177 1273 356 1326 choro
379 1269 710 1339 angelorum.
738 1266 1048 1321 Gaudemus
1072 1264 1234 1318 etiam
1264 1278 1383 1329 nos,
1409 1261 1670 1316 habentes
1701 1268 1751 1315 te

176 1361 489 1430 exemplum
519 1357 630 1430 (l6)
665 1357 910 1421 virtutis,
953 1364 1008 1409 et
1049 1354 1322 1422 patientia:
1369 1362 1424 1407 et
1465 1351 1745 1406 libertatis.

176 1451 320 1506 Nam
345 1452 411 1506 de
434 1451 518 1506 his
541 1464 661 1519 quae
694 1447 960 1516 scripsisti
989 1447 1054 1498 de
1081 1445 1299 1499 nomine
1324 1458 1466 1509 meo,
1489 1444 1750 1498 erubesco

175 1542 387 1610 aliquid
412 1539 672 1609 proferre,
690 1553 756 1592 ne
773 1537 956 1591 videar
975 1537 1222 1589 adulator
1242 1552 1257 1596 :
1277 1535 1370 1588 scd
1386 1534 1500 1589 scio
1521 1543 1574 1588 et
1589 1534 1750 1588 credo

175 1632 362 1700 ipsum
397 1630 708 1690 Dominum,
745 1626 837 1696 qui
866 1635 1054 1681 sancto
1074 1637 1128 1680 et
1160 1625 1411 1694 religioso
1443 1624 1625 1679 animo
1657 1635 1748 1678 tuo

174 1719 445 1774 revelavit
489 1732 703 1772 omnem
748 1717 1017 1779 notitiam,
1068 1715 1404 1769 redditurum
1444 1715 1542 1769 tibi
1587 1715 1746 1768 etiam

173 1827 283 1881 pro
318 1811 418 1865 hoc
444 1811 628 1864 labore
656 1808 935 1878 praamium
970 1807 1025 1860 in
1057 1821 1222 1876 regno
1277 1806 1559 1860 ctelorum.
1613 1805 1747 1872 Quia

174 1916 315 1970 ergo
354 1901 477 1954 talis
505 1915 586 1963 es,
612 1906 942 1968 precatorem
971 1905 1022 1950 te
1044 1912 1162 1951 esse
1194 1912 1291 1966 pro
1324 1896 1478 1950 nobis
1509 1912 1602 1966 per
1626 1912 1748 1950 ora-

176 1994 361 2048 tiones
384 1991 672 2046 Dominum
697 1989 948 2058 petimus,
972 1997 1031 2043 ut
1049 1987 1162 2057 jam
1186 1988 1452 2056 inspicere
1477 1987 1745 2056 dignetur,

176 2091 241 2138 ut
267 2094 355 2138 est
393 2082 723 2147 misericors,
756 2081 1058 2136 Ecelesiam
1103 2079 1448 2145 catholicam,
1473 2086 1526 2132 et
1555 2079 1749 2148 eripiat

176 2191 378 2230 omnes
403 2174 635 2228 famulos
665 2189 792 2229 suos
808 2174 874 2228 de
891 2172 1144 2227 manibus
1167 2179 1574 2240 persecutorum
1600 2189 1613 2224 :
1639 2187 1747 2240 quo

175 2266 346 2318 etiam
381 2265 434 2317 hi
465 2278 655 2318 omnes
676 2264 770 2333 qui
797 2271 1014 2332 propter
1039 2269 1240 2314 metum
1281 2261 1628 2330 temporalem
1654 2274 1747 2314 ce-

174 2358 454 2421 ciderunt,
472 2355 650 2410 levare
675 2370 733 2410 se
757 2355 969 2408 tandem
997 2353 1207 2423 possint
1227 2352 1490 2406 etreverti
1513 2351 1580 2406 ad
1605 2351 1747 2405 viam

174 2448 430 2516 justitiae,
459 2463 488 2500 a
524 2462 631 2516 qua
670 2446 876 2501 seducti
906 2452 1191 2514 vagantur,
1226 2442 1527 2497 nescientes
1559 2443 1610 2494 in
1642 2456 1746 2512 qua

179 2537 341 2592 fovea
390 2539 529 2604 sint,
556 2536 760 2592 miseri.
809 2533 1125 2604 Specialiter
1161 2542 1342 2587 autem
1376 2548 1476 2602 ego
1517 2543 1660 2602 pcto,
1700 2532 1746 2586 si

181 2629 392 2698 aliquid
423 2629 603 2684 minus
624 2643 656 2681 a
691 2643 775 2682 me
796 2627 1003 2682 dictum
1033 2637 1135 2693 est,
1161 2625 1442 2695 ignoscere
1473 2624 1746 2694 digneris:

252 2762 368 2834 (15)
409 2763 500 2817 Sic
517 2762 656 2834 _Reg.
684 2761 739 2816 S.
763 2763 944 2834 Germ.
972 2761 1113 2834 Edit_i
1137 2774 1293 2834 vero,
1327 2761 1748 2834 prcedecessores.

253 2830 368 2903 (l6)
410 2835 482 2887 lta
515 2832 644 2903 Reg.
674 2844 729 2890 et
765 2831 822 2886 S.
854 2833 1040 2888 Germ.
1074 2830 1215 2885 Editi
1242 2845 1390 2894 vero,
1413 2831 1676 2896 habentes,
1702 2838 1752 2882 et

178 2903 497 2970 exemplum.

255 2973 368 3040 (l7)
413 2973 502 3026 Sic
531 2970 661 3043 Reg.
695 2981 748 3024 et
779 2971 837 3026 S.
873 2970 1056 3025 Germ.
1090 2969 1252 3035 Editi,
1283 2970 1569 3041 imperitia,
1598 2987 1678 3027 ea.

702 3197 717 3204 δ
743 3199 784 3206 ητα-
798 3192 953 3208 η.-

1853 533 1938 585 vix
1974 531 2191 585 haurire
2227 530 2416 584 valuit.
2456 529 2529 583 De
2559 528 2820 592 fratribus
2859 537 3039 584 autem
3084 529 3309 592 nostris,
3336 530 3419 583 sin

1851 625 2030 677 minus
2067 622 2218 692 potui
2249 622 2431 675 videre
2469 621 2710 685 eosdem,
2743 621 2938 673 iterum
2995 619 3247 689 ignoscas
3271 627 3420 690 pcto.

1850 713 1944 768 Est
1966 714 2108 768 enim
2141 714 2257 784 ipsa
2280 716 2481 769 veritas
2521 716 2695 780 testis,
2721 724 2941 785 optasse
2987 729 3074 769 me
3112 725 3168 769 et
3207 715 3422 769 deside-

1851 820 2000 860 rasse
2048 806 2150 888 hoc
2196 806 2488 874 impetrare
2523 817 2576 860 ct
2624 814 2833 861 tantum
2883 805 3142 860 habuisse
3174 806 3418 860 dolorem

1849 896 1992 964 quod
2020 912 2127 950 non
2161 899 2310 964 potui
2341 917 2352 950 :
2386 913 2513 951 nam
2546 914 2646 954 nec
2671 899 2924 970 lacrymaa
2962 907 3314 954 cessaverunt
3351 899 3418 952 ab

1849 983 2044 1048 oculis,
2081 999 2180 1038 nec
2202 985 2434 1054 gemitus
2463 987 2531 1040 ab
2559 987 2762 1052 animo,
2795 989 2924 1057 quia
2947 1004 3045 1043 nec
3079 987 3276 1042 fratres
3295 1003 3417 1058 per-

1850 1072 2114 1127 mittimur
2145 1075 2346 1135 videre.
2391 1075 2568 1133 Testis
2602 1087 2685 1133 est
2729 1089 2909 1132 autem
2956 1080 3240 1144 Dominus,
3289 1081 3416 1150 quia

1850 1177 1950 1216 nec
1975 1172 2224 1231 parentes
2247 1182 2384 1235 quos
2405 1168 2578 1222 habeo
2603 1169 2752 1238 potui
2779 1169 2983 1233 videre,
3008 1185 3070 1224 ex
3095 1187 3204 1240 quo
3235 1187 3419 1240 perse-

1849 1267 2092 1323 quuntur
2115 1271 2237 1312 nos.
2263 1257 2402 1324 Quid
2425 1261 2567 1314 enim
2599 1275 2703 1314 non
2736 1261 2941 1316 faciunt
2965 1263 3190 1316 Ariani?
3217 1263 3418 1318 Itinera

1849 1348 2159 1412 observant,
2202 1365 2389 1404 curam
2446 1352 2644 1407 habent
2692 1353 2760 1406 de
2799 1352 2910 1424 (l8)
2950 1355 3418 1422 proﬁciscentibus

1849 1449 1903 1493 et
1929 1440 2256 1496 exeuntibus
2289 1443 2356 1497 de
2395 1443 2646 1509 civitate;
2680 1461 2845 1500 naves
2891 1456 3162 1515 quazrunt,
3188 1449 3420 1502 eremias

1849 1542 2060 1603 gyrant,
2090 1535 2281 1590 domos
2320 1536 2660 1604 perturbant,
2687 1539 3007 1593 concutiunt
3050 1539 3269 1603 fratres,
3306 1541 3420 1594 sin-

1850 1624 1989 1693 gulis
2012 1625 2225 1692 negotia
2247 1624 2359 1696 (l9)
2385 1627 2747 1693 concinnant;
2778 1629 2871 1684 sed
2904 1629 3012 1684 Deo
3034 1632 3258 1701 gratias,
3289 1632 3418 1685 dum

1850 1715 1964 1769 haec
1997 1725 2183 1786 agunt,
2211 1725 2361 1772 tanto
2391 1720 2584 1789 magis,
2602 1728 2656 1774 et
2676 1721 2800 1790 plus
2831 1730 3185 1776 exsecrantur
3211 1723 3279 1777 ab
3303 1738 3419 1776 ont-

1854 1807 2021 1887 nibus.
2054 1817 2108 1862 et
2144 1821 2547 1878 cognoscuntur
2584 1827 2728 1876 vere,
2755 1821 2814 1866 ut
2847 1813 2984 1867 dixit
3011 1814 3272 1870 sanctitas
3305 1823 3416 1877 tua,

1853 1898 2119 1967 mancipia
2141 1914 2260 1954 esse
2277 1899 2616 1969 Antichristi,
2637 1911 2690 1957 et
2714 1903 2816 1972 ipsi
2845 1903 3028 1959 miseri
3056 1905 3186 1960 dum
3214 1905 3268 1958 in
3293 1905 3422 1960 odio

1853 1988 2140 2054 habentur,
2168 1989 2368 2044 durant
2407 1991 2461 2045 in
2503 1993 2837 2063 malignitate
2885 2009 3002 2060 sua,
3034 1994 3205 2049 donec
3240 2004 3421 2052 morte

1853 2079 1936 2134 avi
1973 2080 2058 2135 sui
2088 2079 2390 2138 Pharaonis
2423 2090 2476 2136 et
2507 2083 2608 2152 ipsi
2632 2084 2973 2139 damnentur.
3011 2083 3261 2140 Salutant
3291 2087 3418 2142 reli-

1852 2169 2066 2239 gionem
2093 2180 2240 2224 tuam
2262 2172 2356 2240 qui
2387 2188 2596 2228 mecum
2622 2183 2769 2240 sunt,
2803 2174 3030 2242 dignare
3063 2175 3302 2231 salutare
3322 2178 3419 2247 qui

1847 2267 2025 2316 tecum
2065 2273 2210 2318 sunt.
2256 2263 2447 2320 Divina
2483 2265 2575 2322 Dei
2608 2268 2780 2336 gratia
2818 2267 3145 2324 incolumem
3195 2278 3268 2336 te,
3304 2288 3418 2326 me-

1848 2368 2057 2408 morem
2107 2356 2299 2420 nostri,
2347 2372 2560 2426 semper
2601 2358 2818 2413 beatum
2869 2369 3173 2424 conservet,
3223 2365 3422 2418 merito

1855 2447 2015 2499 homo
2052 2445 2168 2511 Dei,
2209 2447 2411 2502 famule
2448 2450 2681 2515 Christi,
2715 2451 2986 2521 particeps
3021 2454 3414 2522 apostolorum,

1839 2536 2106 2601 ,solatium
2138 2536 2515 2604 fraternitatis,
2547 2542 2806 2612 magister
2842 2544 3100 2609 veritatis,
3134 2547 3262 2601 etin
3299 2561 3417 2602 om-

1858 2630 2020 2686 nibus
2045 2631 2503 2687 desideratissime

1856 2762 2040 2884 “6(18)
2081 2762 2154 2817 lta
2186 2761 2244 2818 S.
2275 2763 2458 2819 Germ.
2489 2763 2630 2820 Editi
2681 2780 2804 2819 cum
2846 2767 3035 2838 Regio,
3059 2787 3214 2824 curas
3254 2781 3417 2868 agunt

1857 2900 2152 3044 negglig.“
2197 2901 2332 2973 Reg.
2365 2912 2421 2959 ει
2467 2903 2526 2962 δ’
2562 2905 2745 2964 Germ'
2797 2906 2962 2975 Edm’
3000 2910 3159 2974 malev
3196 2910 3421 2980 εῑκθαηε

957 3322 1032 3381 IN
1096 3320 1548 3381 EPISTOLAM
1596 3319 1700 3377 AD
1752 3317 2198 3377 MONACHOS
2255 3319 2663 3382 MONITUM.

1750 3509 1820 3522 ..-

257 3596 386 3652 Ηεε
414 3595 636 3666 epistola
660 3603 774 3664 post
797 3592 1142 3662 praacedentes
1165 3593 1299 3646 duas
1323 3593 1390 3646 ad
1419 3591 1725 3662 Luciferum
1753 3611 1880 3648 cusa
1905 3593 2007 3662 fuit
2031 3593 2083 3646 in
2111 3593 2339 3646 editione
2366 3591 2807 3662 Commeliniaua,
2833 3598 2902 3652 ad
2925 3598 3120 3653 calcent
3145 3601 3414 3657 uariarum

178 3691 528 3746 Felckmanni
555 3689 851 3751 lectionum,
887 3703 1008 3757 pag.
1043 3686 1132 3753 94,
1165 3703 1293 3757 quas
1325 3702 1499 3740 omnes
1530 3687 1770 3741 lectiones
1806 3704 1912 3741 una
1951 3703 2066 3740 cum
2111 3687 2249 3740 hisce
2283 3685 2450 3739 tribus
2489 3686 2723 3755 epistolis
2762 3689 2968 3743 incuria
3001 3691 3219 3745 omisere
3254 3692 3416 3747 Pari-

178 3786 379 3837 sienses
408 3782 652 3834 editores.
689 3779 840 3833 Hanc
870 3797 986 3836 vero
1021 3783 1088 3834 ad
1129 3780 1406 3834 monachos
1433 3780 1611 3836 Greece
1638 3783 1807 3852 primo
1839 3784 2090 3852 scriptam
2121 3782 2281 3851 fuisse
2319 3780 2591 3848 discimus,
2619 3798 2734 3834 cum
2762 3798 2826 3836 ea:
2856 3784 3032 3852 titulo,
3063 3795 3172 3839 tum
3195 3802 3258 3841 ea:
3279 3789 3415 3857 ston

177 3878 336 3946 ipso;
367 3882 517 3927 tanta
542 3873 727 3944 quippe
751 3872 996 3943 religione
1032 3890 1177 3928 versa
1203 3873 1325 3942 fuit,
1349 3882 1406 3927 ut
1429 3875 1557 3927 nihil
1586 3891 1795 3930 curasse
1817 3876 2056 3929 videatur
2088 3874 2362 3943 interpres,
2396 3872 2520 3926 dum
2551 3871 2736 3926 Graeca
2771 3874 2925 3929 verba
2958 3877 3174 3944 paribus
3208 3879 3415 3933 Latinis

180 3974 608 4035 consequeretur.
645 3962 902 4018 Caeterum
945 3966 1073 4020 data
1106 3965 1207 4034 fuit
1240 3965 1356 4032 illa,
1384 3965 1582 4020 sedatis
1622 3967 1884 4019 Arianicis
1918 3964 2250 4030 tumultibus,
2287 3965 2594 4034 redditaque
2640 3962 2892 4019 Ecclesia:
2918 3984 3044 4036 pace
3073 3978 3188 4037 post
3219 3987 3415 4022 annum

181 4072 243 4116 ut
275 4069 543 4130 putamus,
570 4058 692 4122 564,
724 4059 1095 4130 monachosque
1125 4069 1331 4114 assueto
1359 4059 1514 4112 titulo
1547 4067 1892 4127 nuncupatos,
1919 4067 1976 4110 ut
2011 4074 2168 4128 supra
2194 4058 2246 4110 in
2270 4056 2489 4127 epistola
2520 4057 2687 4127 prima
2717 4059 2787 4111 ad
2814 4057 3107 4126 Orsisium,
3140 4077 3261 4130 pag.
3287 4061 3414 4128 695,

180 4159 431 4212 hortatur
454 4157 799 4221 Athanasius,
826 4173 928 4212 non
958 4158 1108 4211 modo
1147 4167 1204 4211 ut
1227 4157 1782 4217 Arianosaversentur
1801 4197 1816 4221 ,
1859 4157 1950 4210 sed
1978 4157 2140 4211 etiam
2166 4155 2229 4209 ob
2269 4157 2335 4209 iis
2372 4155 2629 4209 declinent
2657 4153 2746 4224 qui
2794 4169 2911 4207 cum
2941 4153 3155 4207 Arianis
3184 4171 3416 4211 commu—

183 4252 445 4316 nicarent,
467 4251 567 4303 nisi
594 4249 920 4319 resipiscam.
940 4246 1226 4316 Exemplar
1239 4263 1393 4317 porro
1411 4246 1875 4317 Griecum,‘magna
1896 4247 2016 4300 licet
2033 4262 2160 4300 cura
2179 4246 2521 4316 perquisitum
2542 4246 2774 4299 nancisci
2798 4246 3209 4315 nequivimus.—-
3225 4245 3421 4317 [Cujus

182 4348 366 4393 tamen
393 4345 569 4408 postea
597 4353 802 4407 compos
829 4337 1002 4406 factus
1025 4335 1156 4390 clar.
1184 4337 1355 4390 editor
1381 4337 1616 4392 eamdem
1653 4336 1928 4406 epistolam
1971 4335 2149 4390 erce
2179 4345 2228 4390 et
2254 4334 2443 4390 Latine
2485 4336 2703 4388 inseruit
2744 4333 2903 4389 Novae
2932 4335 3276 4414 Bibliotheca:
3308 4336 3415 4393 Pa-

179 4441 356 4497 trum,
387 4429 468 4482 his
503 4428 791 4498 prcemissis
815 4443 836 4482 :
869 4446 886 4479 ‹
923 4425 1106 4482 Graeca
1139 4425 1234 4481 tibi
1276 4426 1486 4492 damus,
1525 4429 1724 4481 erudite
1785 4428 1965 4494 lector,
2022 4426 2256 4496 epistola:
2285 4427 2565 4482 Athanasii
2627 4428 2694 4480 ad
2752 4431 3050 4494 monachos,
3079 4430 3228 4493 cuius
3265 4440 3414 4486 vetuo
3495 4451 3502 4456 ·

189 4549 207 4580 ι
245 4526 535 4580 stissimam
577 4523 824 4578 Latinam
874 4521 1351 4591 interpretationem
1395 4523 1449 4575 in
1483 4519 1900 4576 Commeliniana
1951 4520 2174 4572 editione
2202 4519 2372 4588 primo
2398 4535 2600 4583 casam,
2635 4529 2684 4573 et
2716 4537 2748 4573 a
2781 4520 3166 4581 Parisiensibus
3200 4533 3417 4590 praeter-

188 4634 207 4666 i
242 4614 481 4676 missam,
517 4612 755 4666 dedimus
783 4627 903 4680 pag.
937 4611 1058 4676 77l,
1075 4611 1346 4678 praemisso
1368 4611 1582 4662 monito.
1609 4607 1877 4663 Prodeunt
1896 4619 2067 4662 autem
2093 4609 2274 4662 islhwc
2292 4610 2487 4678 partim
2505 4625 2568 4663 ea:
2587 4610 2854 4664 codicibus
2880 4610 3274 4675 Laurentianis,
3291 4629 3416 4682 par-

189 4725 208 4755 ι
245 4705 340 4757 tim
366 4717 429 4756 ea:
443 4701 601 4771 Regio
615 4700 776 4768 2425,
793 4716 829 4753 Χ
852 4701 1054 4767 steculi,
1074 4702 1285 4769 Optima:
1313 4710 1468 4753 noue.
1497 4697 1851 4753 i—Crcterum
1882 4707 2099 4752 veterem
2119 4699 2598 4773 interpretationem
2617 4717 2677 4752 ne
2689 4710 2862 4768 pereat
2884 4701 3212 4770 subjicimus.
3232 4700 3417 4772 Eolla}

1949 4995 2217 5052 SANCTI
2252 4997 2515 5052 PATRIS
2557 4995 2833 5053 NOSTRI
2882 4995 3315 5057 ATIIANASII.
3387 5063 3402 5077 ο

1929 5087 2283 5143 Monasticam
2321 5089 2486 5143 vitam
2540 5090 2846 5159 agentibus,
2878 5097 2932 5142 et
2961 5089 3016 5142 in
3049 5090 3152 5143 lide
3192 5088 3285 5143 Dei
3323 5104 3414 5142 ro-

1858 5180 2108 5245 boratis,
2157 5180 2479 5240 dilectis.ac
2513 5180 2995 5237 desideratissimis
3051 5178 3310 5234 fratribus
3359 5179 3415 5232 in

1861 5267 2114 5335 Domino,
2144 5271 2396 5326 salutem.

1473 5377 1638 5417 VETUS
1679 5377 2131 5417 INTERPRETATIO.

194 5012 340 5064 ΤΟΥ
359 5011 716 5064 ΕΝΑΓΙΟΙΣ
752 5006 1042 5060 ΠΑΤΡΟΣ
1080 5001 1289 5055 ΗΜΩΝ
1316 5001 1746 5053 ΑΘΑΝΑΣΙΟΥ.

249 5101 389 5164 ⁴Τοῖς
415 5099 504 5152 τὸν
533 5099 739 5169 μονήρη
773 5095 884 5166 βίον
907 5091 1154 5152 ἀσκοῦσι,
1179 5090 1274 5144 καὶ
1301 5089 1359 5143 ὲν
1389 5088 1565 5141 πίστει
1613 5087 1748 5141 Θεοῦ

193 5191 517 5261 ἱδρυμένοις,
575 5188 874 5256 ἀγαπητοῖς
933 5184 1026 5237 καὶ
1065 5179 1457 5234 ποθεινοτάτοιτ
1503 5177 1756 5248 ἀδελφοῖς

191 5282 252 5333 ἐν
279 5280 465 5350 Κυρίῳ
505 5278 731 5350 χαίρειν.

878 5473 1187 5544 Exemplum
1220 5471 1472 5542 Epistolas
1502 5471 1784 5526 Athanasii
1803 5473 1868 5526 de
1899 5471 2078 5526 (ἔνωεο
2106 5473 2160 5525 in
2184 5471 2433 5527 Latinum
2469 5473 2765 5529 translata’.

275 5576 596 5632 Athanasius
628 5573 882 5629 solitaria:
927 5571 1052 5625 vitae
1095 5569 1442 5625 studentibus
1481 5567 1614 5622 etin
1639 5567 1742 5622 lide
1786 5566 1880 5624 Dei
1923 5569 2228 5635 roboratis,
2261 5585 2323 5622 ac
2372 5569 2740 5624 dilectissimis
2777 5566 3056 5635 fratribus,
3092 5567 3143 5621 in
3186 5565 3421 5625 Domita

196 5651 493 5774 sallgtﬁr'i'ino
519 5715 736 5787 quidem
769 5711 969 5782 gratias
999 5725 1118 5780 ago,
1149 5709 1240 5779 qui
1275 5708 1493 5763 donavit
1523 5707 1674 5764 vobis
1705 5707 1759 5763 in
1793 5723 1912 5765 eum
1936 5709 2174 5776 credere,
2208 5717 2265 5763 ut
2295 5724 2417 5764 cum
2445 5709 2646 5764 sanctis
2668 5708 2833 5763 etiam
2862 5724 2959 5764 vos
2989 5708 3234 5764 habeatis
3253 5709 3420 5766 vitam
