3794 6226
410 327 549 385 “87

982 319 1449 381 S..ATHANASII
1485 319 1634 375 OPP.
1669 319 1851 376 PARS
1883 319 1925 375 ῐ.
1966 350 2035 363 -
2071 319 2447 377 HISTORICA
2481 318 2572 375 ET
2622 318 3051 376 DOGM.\TIC‘.\.

3523 320 3671 381 “83

482 443 698 501 Gratias
722 441 939 514 quidem
970 439 1224 526 Domino~
1242 455 1363 509 ago,
1389 440 1483 509 qui
1512 439 1659 494 dedit
1699 440 1854 495 vobis
1905 440 1971 494 ﬁ-
2002 445 2047 503 Α

2163 439 2469 513 εὐχαριστῶ
2500 440 2597 510 μὲν
2626 439 2704 510 τῷ
2729 439 2941 511 Κυρίῳ,
2992 437 3072 509 τῷ
3099 438 3241 493 δόντι
3300 439 3429 510 ὑμῖν
3458 441 3541 506 είς
3579 445 3677 497 αύ‹

410 541 535 594 dem
563 540 614 593 in
644 538 847 607 ipsum,
894 542 956 588 ut
1004 549 1128 589 cum
1174 532 1382 588 sanctis
1415 547 1513 585 vos
1543 546 1766 601 quoque
1814 532 1986 587 vitam

415 631 738 702 possidentis
770 638 1052 684 aeternam.
1101 626 1242 692 Quia
1284 640 1415 679 vero
1445 624 1666 694 quidam
1715 632 1863 687 sunt,
1896 626 1990 693 qui

415 735 541 774 cum
572 718 703 773 Ario
739 716 1002 780 sentiunt,
1044 721 1099 766 et
1140 711 1472 766 monasteria
1509 710 1950 764 circumcursant
1975 749 1990 773 ,

416 812 563 865 nulla
589 810 695 863 alia
728 808 796 861 de
826 821 1015 870 causa,
1047 805 1154 859 nisi
1190 814 1249 857 ut
1286 801 1446 871 quasi
1479 814 1577 853 vos
1608 799 1892 863 adeuntes,
1941 807 1996 852 et

416 918 447 956 a
483 902 641 956 nobis
696 907 1027 955 revertentes
1054 936 1069 959 ,
1124 895 1487 965 simpliciores
1539 892 1835 957 seducant;
1873 891 1997 959 qui-

416 993 542 1047 dam
574 1008 706 1047 vero
737 1007 797 1047 se
821 1006 947 1045 eum
979 990 1109 1043 Ario
1142 988 1364 1058 quidem
1398 984 1621 1038 minime
1646 985 1851 1038 sentire
1876 999 1998 1052 pro-

414 1085 639 1139 ﬁtentur
663 1101 679 1146 ;
706 1082 802 1137 sed
832 1090 1013 1134 tamen
1044 1094 1170 1134 cum
1197 1078 1417 1132 Arionis
1441 1075 1795 1139 conveniunt,
1828 1082 1996 1142 atque

416 1190 524 1230 una
553 1173 747 1228 eodem
795 1173 849 1225 in
896 1172 1017 1225 loco
1068 1178 1401 1239 precantur;
1439 1167 1783 1222 hortantibus
1817 1166 1997 1219 since—

414 1269 659 1324 rissimis
725 1266 1029 1328 fratribus,
1078 1262 1391 1319 necessario
1432 1261 1590 1316 vobis
1643 1258 1993 1314 scribendum

415 1363 548 1419 duxi
582 1403 597 1427 ,
636 1369 699 1415 ut
721 1361 866 1431 piam
891 1359 1072 1421 iidem,
1097 1372 1261 1427 quam
1295 1355 1389 1408 Dei
1411 1354 1585 1424 gratia
1607 1354 1661 1407 in
1683 1352 1841 1406 vobis
1868 1365 1997 1419 ope-

414 1464 594 1519 ratur,
619 1453 831 1507 sincere
861 1458 915 1505 et
949 1449 1067 1504 sine
1102 1448 1229 1502 dolo
1274 1454 1578 1512 servantes,
1617 1462 1685 1500 ne
1724 1444 1987 1498 fratribus

420 1544 744 1600 offensionis
778 1555 963 1596 ansam
991 1538 1296 1609 praebentis.
1345 1536 1481 1593 Nam
1517 1551 1640 1591 cum
1670 1535 1910 1605 quipiam
1939 1534 1995 1588 in

412 1637 638 1692 Christo
669 1634 853 1689 ﬁdeles
885 1648 981 1686 vos
1031 1631 1254 1686 videant
1306 1644 1431 1683 cum
1473 1629 1540 1682 iis
1586 1628 1878 1682 convenire
1933 1642 1996 1681 ac

416 1726 859 1787 communicare,
895 1723 996 1776 rati
1030 1737 1152 1776 esse
1186 1737 1301 1775 rem
1346 1720 1551 1775 licitam
1596 1728 1651 1774 et
1692 1718 1999 1772 indifferen-

2086 531 2178 586 τὸν
2201 531 2506 596 πιστεῦσαι,
2528 532 2614 583 ἵνα
2636 532 2772 602 μετά
2792 530 2898 583 τῶν
2916 531 3084 600 ἁγίων
3101 531 3194 584 καὶ
3214 532 3371 603 ὑμεῖς
3388 532 3553 604 ἔχητε
3580 535 3681 605 τὴν

2091 622 2233 695 ζωὴν
2266 623 2364 694 τὴν
2401 621 2639 677 αἰώνιον·
2666 623 2852 695 ἐπειδὴ
2880 622 2937 676 δέ
2970 624 3075 676 είσί
3103 641 3248 687 τινες
3280 624 3330 677 οἱ
3359 624 3427 677 τὰ
3464 626 3681 696 Ἀρείου

2091 713 2436 782 φρονοῦντες,
2472 713 2887 784 περιερχόμενοι
2933 713 3001 766 τὰ
3034 716 3390 784 μοναστήρια,
3422 715 3494 768 δι’
3526 698 3702 769 οὐδὲ(

2091 803 2217 856 ἄλλο
2242 805 2291 855 εί
2315 804 2388 875 μὴ
2411 804 2519 867 ῖνα,
2547 804 2623 868 ὡς
2646 805 2781 876 πρὸς
2811 806 2955 876 ὑμᾶς
2982 805 3225 869 ἐλθόντες
3255 807 3351 859 καὶ
3380 808 3476 877 ἀφ’
3518 800 3699 879 ἡμῶν

2092 896 2544 968 ὑποστρέφοντες,
2576 897 2701 961 τοὺς
2732 897 3021 969 ἀκεραίους
3070 896 3403 962 ἐξαπατῶσι·
3437 902 3595 964 τινες
3630 902 3686 955 δέ

2093 989 2229 1039 εἰσιν
2254 989 2302 1040 oi
2335 987 2770 1051 διαϐεϐαιοῦντες
2820 989 2921 1059 μὲν
2972 988 3042 1042 τὰ
3090 989 3299 1061 Ἀρείου
3333 991 3407 1061 μὴ
3431 993 3684 1063 φρονεῖν,

2095 1077 2620 1145 συγκαταϐαίνοντες
2638 1078 2716 1142 δέ,
2744 1079 2841 1132 zai.
2876 1081 2993 1150 μετ’
3036 1079 3216 1133 αὐτῶν
3251 1082 3543 1152 εὐχόμενοι
3592 1083 3687 1137 ἐπὶ

2093 1168 2153 1220 τὸ
2182 1168 2331 1221 αὐτόο
2358 1170 2692 1238 ἀναγκαίως,
2748 1170 3233 1241 παρακελευόντων
3265 1172 3689 1247 τινῶνείλικρι-

2094 1259 2367 1313 νεστάτων
2398 1261 2667 1330 ἀδελφῶν,
2698 1263 2834 1334 πρὸς
2867 1263 3012 1332 ὑμᾶς
3063 1264 3295 1333 γράφειν
3341 1266 3685 1331 ἐσπούδασα,

2096 1350 2182 1403 ἵνα
2210 1351 2309 1422 τὴν
2342 1354 2540 1424 εὐσεϐῆ
2576 1355 2773 1418 πίστιν,
2802 1354 2868 1425 ἢν
2909 1357 2941 1427 ἡ
2977 1354 3070 1408 τοῦ
3106 1355 3237 1409 Θεοῦ
3270 1358 3433 1429 χάρις
3461 1361 3523 1412 ἐν
3555 1361 3689 1431 ὑμῖν

2096 1442 2410 1512 ἐργάζεται,
2442 1445 2714 1517 ἀκεραίως
2745 1446 2840 1499 καὶ
2863 1446 3064 1511 ἀδόλοις
3097 1449 3479 1517 φυλάττοντες,
3513 1453 3576 1504 ού
3612 1454 3686 1524 μὴ

2097 1534 2367 1605 πρόφασιν
2391 1536 2526 1589 δῶτε
2563 1537 2856 1591 σκανδάλου
2898 1541 3009 1602 τοῖς
3048 1540 3295 1610 ἀδελφοῖς
3329 1543 3465 1612 (20).
3516 1547 3687 1599 Ὅταν

2094 1626 2203 1696 γάρ
2230 1644 2373 1690 τινες
2397 1628 2543 1698 ὑμᾶς
2573 1630 2700 1693 τοὺς
2727 1630 2785 1681 ἐν
2808 1630 3028 1700 Χριστῷ
3054 1633 3277 1696 πιστοὺς
3304 1633 3689 1707 θεωρήσαντες

2102 1717 2218 1786 μετ’
2245 1718 2424 1771 αὐτῶν
2446 1719 2873 1790 συνερχομένους
2899 1722 2995 1775 καὶ
3022 1723 3432 1792 κοινωνοῦντας,
3462 1728 3689 1793 πάντως

416 1827 545 1881 tem,
568 1818 622 1870 in
650 1814 946 1884 impietatis
979 1827 1198 1867 omnum
1235 1812 1579 1865 delabantur.
1610 1808 1687 1863 Ne
1717 1809 1848 1879 quid
1886 1808 1991 1877 igi-
2027 1791 2070 1846 Β

2163 1811 2494 1881 τονοὴσαντες
2518 1811 2804 1884 ἀδιάφορον
2832 1810 2970 1867 εἶναι
2998 1813 3059 1866 τὺ
3082 1816 3340 1878 τοιοῦτον,
3360 1817 3443 1879 είς
3473 1818 3570 1870 τὸν
3586 1821 3688 1890 τῆς

396 1922 506 1967 "tur
536 1912 642 1967 tale
669 1911 967 1980 contingat,
1003 1910 1054 1963 id
1084 1910 1241 1963 vobis
1268 1908 1323 1961 in
1356 1906 1638 1976 proposito
1666 1903 1758 1966 sit,
1784 1901 1990 1964 dilecti,

413 2010 479 2056 ut
511 2017 606 2057 eos
640 2002 733 2071 qui
783 2001 961 2070 palam
998 1999 1166 2068 impie
1197 1999 1441 2053 sentiunt
1475 1993 1800 2051 aversemini
1834 2010 1848 2058 ;
1898 2007 1995 2045 eos

418 2103 600 2148 autem
636 2092 729 2163 qui
785 2107 844 2147 se
875 2106 999 2147 cum
1052 2090 1185 2144 Ario
1244 2106 1351 2142 non
1400 2088 1606 2144 sentire
1650 2092 1863 2155 putant,
1900 2083 1995 2138 sed

412 2198 545 2238 cum
586 2184 772 2253 impiis
822 2191 1004 2237 tamen
1057 2180 1470 2237 communicant
1522 2177 1807 2234 caveatis:
1866 2190 1995 2229 nam

421 2287 652 2341 quorum
712 2272 1039 2326 sententiam
1095 2286 1416 2325 aversamur
1450 2310 1465 2335 ,
1517 2283 1704 2324 eorum
1759 2266 1995 2320 maxime

418 2362 864 2417 communionem
905 2362 1093 2433 fugere
1146 2370 1577 2417 consentaneum
1607 2367 1709 2413 est.
1743 2357 1897 2423 Quod
1948 2357 1996 2410 si

422 2456 548 2526 quis
580 2456 709 2510 dum
742 2465 947 2511 rectam
1000 2470 1059 2509 se
1098 2456 1257 2510 Iidem
1309 2453 1549 2524 profiteri
1582 2452 1824 2513 simulat,
1869 2463 1994 2503 cum

425 2548 535 2603 illis
571 2555 752 2602 tamen
778 2548 1186 2601 communicare
1214 2548 1432 2602 videtur
1458 2586 1472 2609 ,
1511 2546 1661 2599 hunc
1700 2542 1995 2597 hortamini

424 2645 486 2693 ut
538 2651 565 2690 a
622 2636 715 2690 tali
764 2636 1163 2691 consuetudine
1212 2637 1519 2690 abstineat:
1575 2649 1641 2689 ac
1688 2634 1736 2688 si
1775 2632 1993 2703 quidem

424 2728 767 2799 polliceatur,
814 2728 961 2782 hunc
1011 2727 1197 2782 fratris
1233 2728 1354 2782 loco
1396 2725 1696 2790 habeatis;
1732 2724 1817 2779 sin
1864 2738 1995 2792 pro-

426 2829 575 2873 terve
623 2819 859 2883 insistat,
893 2818 1209 2886 huiusmodi
1246 2818 1524 2872 hominem
1570 2814 1872 2885 repudiate.
1935 2812 1996 2867 Si

425 2910 499 2965 ita
534 2910 733 2979 quippe
800 2920 900 2961 vos
936 2907 1137 2978 geratis
1161 2946 1176 2971 ,
1226 2908 1498 2961 sinceram
1536 2904 1699 2959 ﬁdem
1750 2904 1997 2959 servabi-

426 3003 499 3058 tis
524 3042 539 3065 ,
580 3010 742 3072 atque
782 3016 840 3055 re
871 3007 1191 3068 perspecta,
1246 2998 1322 3051 illi
1373 2998 1505 3052 hinc
1548 2997 1838 3053 utilitatem
1872 3010 1997 3065 per-

2094 1902 2349 1965 ἀσεϐείας
2377 1901 2743 1972 ἐμπεσοῦνται
2790 1903 3069 1976 βόρϐορον.
3127 1908 3223 1959 ”Ιν’
3270 1903 3362 1959 οὖν
3401 1908 3476 1978 μὴ
3527 1910 3692 1963 τοῦτο

2093 1994 2338 2064 γένηται,
2398 1993 2683 2065 θελήσατε,
2734 1996 3041 2067 ἀγαπητοὶ,
3101 1999 3225 2061 τοὺς
3280 1998 3378 2069 μὲν
3431 2002 3687 2071 φανερῶς

2096 2085 2427 2157 φρονοῦντας
2460 2084 2529 2137 τὰ
2550 2088 2649 2156 τῆς
2698 2086 2953 2149 ἀσεϐείας
2975 2087 3436 2159 ἀποστρέφεσθαι,
3472 2091 3605 2155 τοὺς
3629 2092 3686 2145 δὲ

2094 2175 2414 2246 νομίζοντας
2437 2177 2506 2229 τὰ
2548 2177 2757 2248 Ἀρείου
2796 2177 2869 2249 μὴ
2911 2181 3144 2249 φρονεῖν,
3199 2174 3603 2247 κοινωνοῦντας
3630 2183 3686 2237 δὲ

2098 2267 2235 2337 μετά
2265 2267 2377 2321 τῶν
2409 2267 2622 2322 ἀσεϐῶν
2667 2269 3049 2337 φυλάττεσθαι·
3098 2271 3192 2324 καὶ
3236 2272 3471 2342 μάλιστα
3520 2269 3598 2328 ὧν
3625 2276 3686 2330 τὺ

2096 2359 2351 2431 φρόνημα
2384 2360 2857 2431 ἀποστρεφόμεθα,
2888 2362 3109 2426 τούτους
3130 2363 3239 2416 ἀπὸ
3261 2363 3361 2433 τῆς
3394 2366 3686 2433 κοινωνίας

2096 2452 2363 2523 προσήκει
2398 2452 2618 2521 φεύγειν
2650 2454 2781 2521 (21).
2840 2455 2900 2506 Ei
2956 2453 3011 2507 δέ
3056 2470 3139 2518 τις
3169 2460 3549 2526 προσποιεῖται
3584 2460 3685 2530 μὲν

2094 2544 2373 2615 ὁμολογεῖν
2389 2544 2552 2615 ὀρθὴν
2575 2543 2775 2610 πίστιν,
2795 2545 3042 2614 φαίνεται
3058 2546 3115 2598 δὲ
3136 2548 3410 2602 κοινωνῶν
3428 2550 3682 2615 ἐκείνοις,

2094 2635 2185 2688 τὸν
2210 2632 2447 2688 τοιοῦτον
2501 2637 2877 2708 προτρέψασθε
2925 2637 3223 2708 ἀπέχεσθαι
3268 2640 3366 2710 τῆς
3422 2641 3684 2713 τοιαύτης

2097 2725 2404 2795 συνηθείας
2462 2726 2559 2778 καὶ
2611 2727 2706 2780 ἐὰν
2768 2728 2865 2797 μὲν
2918 2729 3343 2798 ἐπαγγέλληται,
3404 2729 3564 2800 ἔχετε
3590 2731 3683 2784 τὸν

2094 2816 2331 2869 τοιοῦτον
2361 2816 2437 2880 ὡς
2474 2818 2726 2887 ἀδελφόν
2757 2818 2851 2871 ἐὰν
2878 2818 2935 2872 δὲ
2964 2819 3280 2888 φιλονείκως
3301 2821 3561 2895 ἐπιμένῃ.
3592 2822 3682 2878 τὸν

2093 2908 2335 2961 τοιοῦτον
2368 2909 2741 2980 παραιτεῖσθε.
2779 2909 2934 2962 Οὕτω
2964 2910 3075 2982 γὰρ
3107 2910 3481 2977 διατελοῦντες
3513 2913 3683 2967 καθα-

2099 2999 2195 3071 ράν
2250 2998 2347 3070 τὴν
2407 3001 2587 3053 πίστιν
2652 2999 3025 3072 διατηρήσετε·
3085 3004 3326 3057 κάκεῖνοι
3392 3004 3682 3075 βλέποντες

425 3094 647 3165 cipiunt,
675 3099 978 3146 metuentes
1008 3105 1076 3143 ne
1097 3089 1256 3159 quasi
1288 3088 1441 3158 impii
1473 3097 1527 3143 et
1551 3088 1799 3159 ejusdem
1830 3096 1995 3157 atque
2018 3125 2068 3188 c

2163 3093 2241 3151 ιᾶς
2297 3090 2763 3160 ὠφεληθήσονται,
2795 3091 3122 3161 φοϐηθέντες
3174 3095 3250 3165 μὴ
3290 3095 3397 3165 ἄρα
3443 3097 3521 3160 ὡς
3559 3099 3681 3151 ἀσε-

424 3185 613 3240 Ariani
635 3184 915 3240 sententiae
946 3189 1285 3251 reputentur.
2030 3181 2066 3188 '

2164 3185 2215 3246 ῖς
2238 3182 2333 3235 καὶ
2369 3182 2437 3237 τὰ
2478 3181 2700 3236 ἐκείνων
2726 3181 3047 3254 φρονοῦντες
3074 3186 3425 3257 νομισθῶσιν.

1712 3306 1884 3347 VETUS
1922 3306 2380 3349 INTERPRETATIO.

423 3396 765 3461 perpetuam.
801 3386 938 3454 Quia
965 3396 1144 3461 autem
1170 3398 1297 3443 sunt
1322 3386 1569 3457 quidam,
1601 3386 1694 3455 qui
1715 3395 2008 3461 qu:e_sunt
2045 3387 2161 3440 Arii
2206 3388 2886 3461 sapiunt,_circumeuntes
2920 3389 3253 3446 monasteria
3285 3400 3513 3459 propter
3544 3389 3679 3446 nihil

426 3458 594 3530 aliud,
632 3460 736 3512 nisi
770 3470 825 3512 ut
862 3461 1019 3527 quasi
1050 3459 1117 3513 ad
1149 3474 1246 3513 vos
1273 3462 1574 3523 venientes,
1599 3467 1653 3511 et
1680 3473 1706 3510 a
1735 3458 1892 3530 nobis
1926 3466 2281 3530 revertentes,
2314 3459 2588 3528 simplices
2619 3460 2916 3527 seducant;
2952 3463 3172 3529 quidam
3204 3458 3547 3515 autem’sunt
3588 3464 3680 3530 qui

425 3529 695 3600 aﬂirmant
730 3530 950 3599 quidem
983 3546 1089 3584 non
1122 3544 1182 3582 se
1211 3545 1403 3600 sapere
1443 3529 1531 3581 illa
1576 3542 1697 3600 quce
1727 3528 1835 3580 sint
1863 3528 2264 3600 Arii,_pergu_nt
2304 3538 2483 3600 autem
2512 3538 2569 3582 et
2590 3530 2791 3599 pariter
2826 3528 2983 3583 orant
3011 3546 3132 3585 cum
3162 3530 3328 3599 ipsis;
3362 3528 3681 3600 necessario

426 3595 774 3654 hortantibus
806 3600 1193 3655 sineerissimis
1221 3595 1478 3652 fratribus
1506 3598 1753 3670 scribere
1791 3598 1976 3670 studui
1996 3595 2367 3670 léombaaoa]
2395 3639 2410 3662 ,
2449 3605 2507 3651 ut
2537 3595 2677 3667 piam
2714 3601 2872 3653 ﬁdem
2906 3616 3068 3668 quam
3102 3602 3153 3652 in
3183 3595 3349 3653 nobis
3380 3598 3475 3653 Dei
3508 3604 3679 3670 gratia

426 3679 700 3737 operatur,
731 3671 943 3724 sincere
968 3680 1023 3723 et
1045 3672 1165 3724 sine
1192 3670 1316 3724 dolo
1337 3668 1725 3725 custodientes.
1752 3668 2039 3739 nonidetis
2066 3668 2414 3721 occasionem
2472 3670 2715 3723 scandali
2756 3670 3032 3724 fratribus.
3067 3670 3201 3724 Cum
3249 3671 3392 3724 enim
3422 3668 3553 3739 quis
3584 3688 3678 3724 vos

425 3739 480 3792 in
507 3740 727 3809 Christo
757 3739 930 3809 ﬁdelis
959 3739 1157 3795 viderit
1187 3739 1591 3795 communicare
1615 3753 1740 3792 cum
1776 3738 1996 3802 talibus,
2028 3739 2114 3791 vel
2141 3753 2264 3809 cum
2301 3739 2381 3792 eis
2417 3739 2619 3807 pariter
2653 3754 2831 3799 orare.
2861 3741 3048 3809 utique
3079 3740 3367 3809 Opinantes
3394 3738 3677 3796 indiscre-

422 3817 544 3882 tum;
565 3806 915 3882 [ἀδιάκριτον]
950 3812 1051 3864 hoc
1076 3825 1216 3873 esse,
1242 3810 1487 3882 incidunt
1509 3809 1561 3882 in
1586 3809 2146 3882 ccenunrimpietatis.
2178 3806 2249 3861 Ut
2270 3823 2400 3877 ergo
2420 3806 2571 3862 nihil
2596 3809 2704 3882 tale
2743 3810 2855 3873 tiat,
2878 3806 3135 3882 sit—vobis
3158 3811 3433 3873 voluntas,
3460 3811 3676 3867 charis-

424 3878 575 3942 simi,
604 3895 699 3933 eos
724 3878 814 3948 qui
846 3878 1067 3950 sapiunt
1091 3897 1211 3949 qua:
1249 3879 1697 3951 sunt-impietatis
1730 3878 1844 3930 Arii
1878 3886 2268 3951 averterezeos
2300 3888 2482 3951 autem
2516 3880 2607 3947 qui
2640 3888 2898 3949 putantur
2928 3881 3151 3949 quidem
3177 3896 3284 3933 non
3318 3895 3514 3948 sapere
3553 3896 3677 3951 quae

422 3957 547 4002 sunt
585 3951 717 4015 Arii,
744 3947 1121 4004 Orant—autem—
1147 3962 1269 4004 cum
1312 3947 1512 4019 impiis,
1540 3949 1778 4003 tlevitare
1808 3966 1821 4001 :
1856 3956 1910 4001 et
1944 3947 2177 4019 maxime
2219 3950 2348 4017 quia
2378 3963 2613 4018 quorum
2642 3947 2843 4005 sensus
2868 3947 3238 4015 exSceramur,
3271 3947 3466 4003 horum
3505 3947 3673 4005 etiam

422 4026 863 4074 communionem
895 4021 1146 4076 convenit
1177 4018 1468 4085 fugere.’Si
1501 4020 1625 4089 quis
1655 4020 1837 4085 itaque
1874 4018 2025 4089 venit
2051 4018 2121 4089 ad
2155 4033 2274 4079 vos.
2306 4020 2352 4073 si
2383 4021 2602 4087 quidem
2639 4020 2796 4073 all‘ert
2835 4021 3136 4075 secundum
3162 4021 3379 4074 beatum
3403 4019 3673 4076 Joannem

420 4099 625 4142 rectam
649 4090 950 4144 doctrinam
970 4091 1034 4156 ‘7,
1059 4091 1221 4145 dicite
1253 4092 1398 4153 huic,
1432 4087 1561 4152 Ave,
1593 4098 1646 4144 et
1676 4089 1834 4142 sicuti
1865 4087 2084 4142 fratrem
2113 4088 2258 4143 hunc
2276 4089 2434 4142 talem
2470 4091 2747 4159 suscipite.
2773 4091 2827 4144 Si
2849 4092 2971 4159 quis
3003 4099 3180 4144 autem
3202 4090 3422 4144 simulat
3450 4092 3674 4159 quidem

422 4159 666 4212 conliteri
694 4176 753 4214 se
780 4170 981 4214 rectam
1021 4160 1202 4219 iidem.
1232 4168 1455 4229 apparet
1489 4169 1667 4213 autem
1689 4159 2097 4213 communicare
2133 4161 2263 4221 illis,
2299 4160 2606 4228 bujusmotli
2641 4161 2914 4213 hominem
2944 4161 3237 4214 hortamini
3283 4159 3503 4229 quidem
3540 4164 3673 4216 abs-

422 4230 597 4299 tinere
622 4245 680 4284 se
710 4245 740 4283 a
774 4232 865 4284 tali
903 4231 1318 4294 consuetudine,
1352 4240 1405 4284 et
1429 4229 1475 4283 si
1508 4230 1726 4299 quidem
1756 4229 2089 4299 promiserit,
2122 4230 2373 4283 habetote
2408 4238 2463 4283 et
2491 4230 2636 4284 hunc
2675 4231 2833 4299 quasi
2879 4230 3145 4296 fratrem;
3187 4233 3230 4283 si
3265 4245 3396 4283 vero
3430 4240 3668 4285 conten-

425 4297 568 4353 tioso
588 4302 772 4354 animo
798 4301 1236 4370 perseveraverit,
1268 4312 1321 4354 et
1345 4297 1733 4370 huncquoque
1758 4297 1943 4353 ritate.
1993 4297 2257 4370 Possibile
2289 4299 2507 4367 quidem
2538 4309 2656 4354 erat
2694 4297 2829 4353 inihi
2862 4301 3025 4354 etiam
3061 4316 3157 4368 per
3180 4301 3348 4354 multa
3371 4302 3670 4355 extendere

421 4370 730 4450 epistolam,
749 4367 1037 4450 apponenti
1061 4388 1123 4425 ex
1156 4371 1453 4450 Scripturis
1481 4367 1679 4450 divinis
1707 4367 1937 4450 formam
1969 4369 2236 4450 ejusmodi
2268 4370 2533 4450 doctrinae
2553 4371 2835 4450 ;__sed‘quia
2861 4367 3155 4439 prudentes
3177 4371 3339 4450 exitu:
3360 4379 3507 4450 entes
3532 4386 3670 4439 prae-

420 4441 616 4494 venitis
640 4456 736 4494 eos
765 4439 857 4511 qui
882 4442 1147 4502 scribunt,
1177 4450 1230 4495 et
1259 4439 1430 4507 magis
1456 4440 1799 4511 abstinentia:
1828 4439 2015 4511 intenti
2041 4439 2220 4511 idonei
2250 4441 2403 4501 estis,
2434 4447 2488 4493 et
2521 4442 2658 4493 alios
2676 4440 2874 4511 docere
2900 4457 2915 4493 :
2942 4452 3222 4509 propterea
3253 4440 3511 4511 breViter,
3546 4450 3671 4494 lano

417 4522 585 4630 quam
610 4506 840 4579 diligens
872 4512 938 4565 ad
964 4513 1268 4580 diligentes,
1299 4506 1498 4565 dictavi
1526 4510 1821 4570 conlidens,
1850 4510 1979 4578 quia
2012 4508 2090 4563 sic
2120 4512 2379 4578 degentes
2418 4525 2609 4579 puram
2642 4506 3212 4630 sinceramque-tidem
3244 4510 3536 4563 servabitis
3562 4528 3576 4562 :
3614 4517 3668 4563 et

420 4576 437 4630 i
464 4579 497 4630 li
528 4579 631 4630 iam
657 4583 898 4630 videntes
917 4583 1060 4630 nuod
1091 4596 1197 4630 non
1229 4596 1355 4630 cum
1385 4581 1467 4630 eis
1490 4582 1688 4630 pariter
1709 4581 1878 4630 oratis
1906 4579 2208 4630 percipient
2234 4580 2542 4630 utilitatem.
2566 4581 2817 4630 timentes
2838 4595 2906 4630 ne
2948 4588 3063 4630 orte
3089 4589 3348 4630 tanquam
3374 4581 3532 4630 impii
3551 4578 3668 4630 [καὶ

420 4526 585 4630 quam
610 4526 840 4579 umgens
872 4526 938 4565 au
964 4526 1268 4580 diligentes,
1299 4526 1498 4565 oneravi
1526 4526 1821 4570 connuens,
1850 4526 1979 4578 qllla
2012 4526 2090 4563 Slc
2120 4526 2379 4578 degentes
2418 4526 2609 4579 puram
2642 4526 3212 4634 sinceramque-tinem
3244 4526 3536 4563 servamus
3562 4528 3576 4562 :
3614 4526 3668 4563 et

420 4576 437 4630 i
464 4579 497 4660 li
520 4579 632 4660 jam
657 4583 898 4636 videntes
917 4583 1061 4660 quod
1091 4596 1197 4660 non
1229 4596 1358 4660 cum
1385 4581 1467 4660 eis
1490 4582 1688 4649 pariter
1709 4581 1878 4660 oratis
1906 4579 2208 4660 percipient
2234 4580 2542 4647 utilitatem,
2566 4581 2817 4635 timentes
2838 4595 2906 4635 ne
2948 4588 3063 4636 orte
3089 4589 3348 4650 tanquam
3374 4581 3533 4650 impii
3551 4578 3671 4653 [καὶ

419 4647 490 4702 τὰ
516 4647 740 4704 ἐκείνων
772 4647 1142 4724 φρονοῦντες],
1177 4660 1233 4707 et
1267 4651 1363 4722 qui
1397 4647 1616 4705 illorum
1657 4651 1892 4720 sapiant,
1911 4647 2084 4718 ’depu't

2163 4657 2265 4705 tur.

494 4759 539 4791 "
577 4759 621 4813 ιι
647 4758 831 4826 Joan.,
870 4762 957 4816 10.

415 4874 601 5003 cu£20)
640 4875 767 4932 Haec
797 4876 1065 4931 habentur
1108 4876 1165 4932 in
1208 4873 1379 4947 Regio
1403 4873 1591 4931 codice
1626 4873 1790 4941 2423,
1822 4890 1856 4929 ι
1886 4888 1981 4930 ste-
2017 4881 2063 4935 ι)

2163 4874 2276 4998 (ait).
2316 4874 2510 4930 lstbazc
2539 4874 2711 4929 multo
2739 4874 3039 4945 prolixiora
3064 4885 3194 4931 sunt
3222 4874 3276 4929 in
3303 4874 3478 4930 veteri
3504 4874 3671 4933 inter-

2163 4957 2237 4998 eta
2266 4961 2402 4998 lOlle.

2090 4957 2402 5015 pretatione.

419 5098 3661 5124 Μ

1249 5227 1335 5290 ΙΝ
1389 5224 1962 5289 FRAGMENTUM
2020 5224 2375 5300 SEQUENS
2432 5225 2812 5287 MONITUM

487 5440 649 5511 772
679 5439 753 5495 En
777 5442 874 5495 tibi
894 5440 1244 5511 fragmentum
1286 5438 1544 5497 sistimus.
1582 5435 1744 5488 lector
1770 5433 2013 5500 erudite,
2042 5434 2387 5505 epistolarum
2419 5433 2704 5490 Athanasii
2738 5433 3029 5504 festaﬁam,
3056 5451 3281 5504 quarunt
3310 5436 3557 5505 jactura,
3586 5435 3662 5491 rel

413 5533 664 5601 lacrymis
689 5532 1033 5602 deplorando.
1055 5530 1227 5586 Erant
1255 5527 1365 5583 ειιω
1391 5541 1582 5597 magno
1618 5539 1835 5577 numero
1876 5541 1909 5577 a
1938 5534 2122 5578 sancto
2163 5524 2388 5592 prwsu‘le
2418 5525 2731 5592 conscripta:
2760 5540 2878 5576 cum
2909 5525 3167 5596 profugus
3189 5528 3354 5581 vitam
3376 5525 3660 5592 solitudini

412 5628 707 5682 mandaret.
750 5626 888 5683 Nam
917 5630 971 5681 in
1004 5624 1372 5680 remotioribus
1396 5637 1557 5692 usque
1579 5619 1772 5674 deserti
1801 5618 1953 5682 locis,
1986 5635 2184 5674 memor
2212 5617 2384 5689 gregis
2416 5618 2520 5678 sui,
2549 5616 2874 5686 quotidiani:
2905 5623 3155 5674 aerumnis
3181 5632 3231 5675 et
3256 5619 3660 5696 calamitatibus

408 5720 730 5773 Arianorum
760 5722 938 5791 furore
965 5737 1215 5791 oppresst,
1252 5716 1502 5788 epistolas
1530 5716 1713 5783 dabat,
1743 5724 1800 5768 ut
1822 5715 2110 5783 plurimum
2144 5714 2555 5781 consolatorios,
2592 5715 2645 5766 in
2678 5724 2812 5767 metu
2847 5714 3077 5784 fratrum
3107 5715 3376 5786 legendas,
3408 5731 3545 5786 quae
3571 5731 3662 5782 εει,
