3794 6226
215 294 366 353 “89

989 305 1078 361 DE
1116 307 1492 369 TRINITATE
1531 314 1620 371 ET
1654 317 1932 376 SPIRITU
1972 324 2262 382 SANGTO.
2291 357 2360 371 -—
2395 329 2739 393 MONATUM.

3349 352 3490 407 1190

208 411 341 465 inde
362 414 420 467 in
441 430 601 469 unum
630 417 974 487 epistolarum
1002 439 1188 495 corpus
1218 430 1467 487 collectas
1512 433 1679 503 fuisse
1703 438 1979 506 propalam
2018 456 2080 498 ea:
2116 445 2461 517 inscriptione
2492 453 2733 521 epistola:
2773 457 2984 527 festalis
3016 479 3113 533 sup
3131 466 3274 521 erius
3301 470 3484 539 edim,

208 521 337 539 ,κη-ρ
365 507 628 539 ηερμες-..ι-
662 527 799 539 κη..-
827 529 1165 539 ..-ηηωημω
1218 520 1256 539 η
1300 538 1303 539 ,
1444 533 1455 539 -
2003 534 2016 539 -

2282 507 2293 517 '
2521 507 2532 521 Ι
2690 507 2719 509 V'
2773 507 2982 527 """""
3016 507 3112 533 -..Γ
3131 507 3175 518 ν’
3192 507 3274 521 σου.
3301 507 3455 526 vult“

206 521 337 576 qui:
364 507 629 563 tricesima
660 527 800 568 nona
826 529 1185 588 nuncupatur.
1207 520 1338 576 Htec
1361 533 1560 593 autem,
1582 543 1743 596 quam
1768 545 1904 583 nunc
1930 534 2160 600 primum
2189 554 2255 591 ea:
2280 546 2639 614 manuscripto
2675 551 3050 621 antiquissimo
3072 560 3328 625 eruimus,
3352 513 3484 620 datr:

208 610 287 625 Α-.
321 614 454 625 μμ..-
497 600 592 625 [ευρ
658 621 761 625 --μη
810 608 821 619 ⁶
990 611 1025 625 ,ν
1137 623 1144 625 Α
1251 617 1286 625 .-
1353 617 1365 625 .
1389 618 1399 625 .
1562 620 1570 625 .
1613 622 1622 625 -
1743 620 1780 625 ._
1856 624 1859 625 ,

203 610 288 653 est
316 614 456 654 anno
486 600 614 669 656,
648 621 766 661 cum
790 608 950 677 jussu
984 611 1306 681 Constantii,
1330 617 1709 676 Alexandrina
1732 620 1986 681 Ecclesia:
2017 641 2209 701 erepta:
2242 600 2562 707 Catholicis;
2586 600 3049 702 Arianis'traditas
3084 660 3250 705 sunt:
3281 600 3385 722 q.ua
3416 600 3483 711 αξ

205 710 265 722 ..Α
300 696 708 722 -Α..--Ι..ι-..3----
764 703 783 722 ι
839 706 851 717 ο
1027 709 1060 722 μ
1158 709 1170 721 ο
1211 718 1219 722 -
1267 711 1278 722 ι
1420 713 1430 722 .
1486 714 1517 722 .-
1606 716 1616 722 .
1664 716 1674 722 .
1836 720 1844 722 ξ

205 710 265 748 re
294 696 713 755 consolatoriam
757 703 1060 776 hujusmodi
1086 709 1366 777 epistolam
1395 713 1541 767 dedit
1581 716 1931 776 Athanasius.
1978 696 2152 794 Hujus
2193 732 2493 801 fragmenta
2532 696 2738 792 lautum
2766 740 2871 794 duo
2891 745 3169 812 exscripsit
3195 696 3473 815 libi-larius,

205 786 424 815 nenia-.3.
461 789 581 815 -l.‘:-
655 793 791 815 _--‘.°-
842 796 860 815 Α
910 801 922 811 υ
1197 803 1208 815 ο
1338 803 1349 815 .
1448 807 1460 815 .
1589 806 1629 815 υ.
1702 808 1713 815 .
1777 812 1787 815 -

2059 786 2075 794 _
2193 786 2204 797 ,
2281 786 2306 801 ν
2402 786 2405 787 ν
2533 786 2737 792 mm".--
2766 786 2866 794 π-
2892 786 3167 812 -..--..,,.,..
3195 786 3473 815 ..νηυηηη

204 786 424 840 omissis
456 789 603 855 aliis,
647 793 793 863 queis
822 796 1149 854 Arianorum
1189 803 1550 860 invadentium
1580 806 1851 865 Ecclesias
1875 824 2022 883 gesta
2053 818 2225 885 fusius
2266 840 2329 876 ac
2365 829 2633 894 subtilius,
2667 842 2724 885 ut
2753 844 3022 903 putamus,
3058 844 3481 912 prosequebatur

214 881 533 912 Α,ι,,,..,.,;..,
611 886 669 912 ι’.
908 911 915 912 κ
980 911 1013 912 ρ
1045 904 1057 912 ι
1106 896 1119 912 ι
1516 909 1524 912 Α
1567 902 1578 912 ·
1624 901 1654 912 ν·
1958 906 1967 912 ·
2020 909 2030 912 -

199 881 558 941 Athanasius.
602 886 669 941 Et
699 900 873 948 tamen
894 896 1359 968 quantulacunque
1402 909 1526 953 sunt
1561 901 1744 956 ist/uec
1771 920 1802 956 a
1834 881 2059 987 tenebris
2090 920 2139 964 et
2163 930 2196 966 a
2227 922 2520 985 temporum
2544 881 3239 994 injyuriarvindicatafscitu,
3251 930 3470 1003 dignam

200 986 314 1003 ’ρη-
344 976 491 1003 κηιέ-
526 982 766 1003 -..-_:--__.
843 983 921 1003 1,,9
967 1002 987 1003 η
1010 1001 1019 1003 _
1041 1002 1048 1003 ,
1082 987 1125 1003 ,-
1150 987 1162 1003 ι
1200 987 1233 1003 ιι
1303 998 1314 1003 -
1441 989 1452 1003 ι
1518 990 1529 1002 ι
1836 993 1849 1003 .
1965 996 1975 1003 .
2069 998 2078 1003 .

1920 979 1929 987 ,
2331 976 2341 985 ,
2593 976 2614 991 ,
3084 976 3222 985 ----..
3252 976 3301 983 ...
3346 976 3469 987 .......

200 986 316 1025 rem
342 976 491 1030 nobis
521 982 788 1048 aperiunt,
824 983 1052 1039 Arianos
1077 987 1315 1041 videlicet
1345 989 1590 1043 ecclesias
1615 993 1930 1047 convertisse
1958 996 2011 1049 in
2044 998 2226 1054 domos
2251 1006 2649 1074 negotiationis,
2684 1019 2734 1063 et
2764 1012 2818 1064 in
2846 1014 3029 1069 domos
3054 1017 3174 1082 veli,
3202 1020 3259 1072 id
3287 976 3385 1086 εἶτ,
3411 1023 3469 1078 in

205 1066 315 1086 2--“9
338 1068 371 1086 Ι,
412 1070 424 1079 ⁸
469 1072 503 1086 ιο
579 1083 586 1086 .
629 1075 660 1086 .-
793 1078 825 1086 .-
932 1080 959 1086 Α
1092 1083 1101 1086 -
1548 1084 1561 1086 _

189 1066 538 1182 iuridicialia
569 1075 878 1133 tribunalia.
920 1080 1041 1145 Qua
1066 1083 1129 1137 de
1159 1100 1214 1138 re
1242 1086 1422 1156 agitur
1448 1087 1501 1139 in
1532 1084 1883 1144 Onomastico
1907 1090 1977 1144 ad
2003 1109 2176 1148 vocem
2212 1066 2402 1168 Balbe.
2431 1100 2511 1154 De
2548 1066 2789 1172 epistolis
2822 1066 3457 1182 autemvlestalibwusvl'itie

196 1157 258 1208 in
289 1158 618 1233 Prcfatione
646 1171 882 1237 generali
911 1171 1047 1244 (22).

1179 1244 1264 1299 Ea:
1293 1247 1469 1301 codice
1496 1246 1651 1302 Colb.
1689 1247 1851 1316 1785,
1884 1268 2143 1307 annorum
2166 1258 2352 1312 saltem
2389 1261 2513 1317 800.

712 1346 908 1388 INCIPIT
942 1350 1197 1392 EPISTOLA
1230 1355 1418 1395 sum
1449 1357 1735 1395 aruauasu
1767 1356 2002 1398 EPISCOPt
2030 1362 2408 1417 scas-annuum,
2434 1370 2593 1410 rcus
2622 1373 2737 1413 suus
2769 1360 3001 1431 {23-24).

247 1418 414 1477 'Deus
435 1422 651 1493 quidem
672 1439 768 1480 vos
796 1430 1126 1495 consoletur,
1145 1433 1271 1486 novi
1294 1442 1474 1488 autem
1497 1435 1625 1505 quia
1646 1450 1755 1490 non
1783 1437 1831 1494 A
1858 1436 1957 1499 bit,
2014 1438 2346 1497 dilectissimi
2398 1442 2595 1503 fratres
2630 1468 2644 1504 :
2677 1451 2721 1505 si
2769 1454 2914 1508 enim
2951 1418 3244 1526 aliquando
3283 1459 3459 1515 eccle-

191 1513 301 1570 hoc
318 1516 494 1571 solum
511 1532 609 1574 vos
627 1520 946 1588 contristat,
968 1524 1062 1578 sed
1083 1526 1373 1581 contristat
1392 1537 1445 1583 et
1465 1528 1618 1595 illud,
1640 1531 1769 1600 quia

187 1607 457 1664 ecclesias
482 1609 701 1679 quidem
731 1612 823 1667 alii
851 1629 947 1684 per
977 1616 1294 1673 violentiam
1324 1628 1639 1686 tenuerunt,
1668 1638 1769 1679 vos

188 1708 375 1753 autem
420 1701 638 1755 interim
691 1701 828 1760 foris
874 1706 1008 1761 estis
1056 1723 1087 1762 a
1121 1707 1291 1777 locis;
1326 1711 1407 1764 illi
1445 1713 1591 1765 enim
1619 1713 1762 1779 loca,

185 1803 291 1843 vos
310 1805 440 1846 vero
466 1791 675 1847 habetis
697 1796 1051 1864 apostolicam
1075 1799 1254 1856 Iidem.
1273 1800 1353 1855 llli
1372 1802 1425 1856 in
1452 1803 1586 1860 locis
1614 1804 1761 1860 exsi-

1870 1526 1981 1582 sias
2014 1530 2312 1588 reddiderit
2341 1534 2504 1595 Deus.
2551 1541 2826 1599 credimus
2872 1547 3018 1601 enim
3050 1547 3193 1612 hoc;
3227 1564 3453 1604 verum-

1870 1626 2045 1675 tamen
2058 1638 2130 1680 ne
2144 1620 2317 1681 ‘tanta
2346 1629 2702 1687 ecclesiarum
2734 1635 3092 1693 redditionem
3128 1639 3326 1696 sufficit
3346 1659 3450 1699 no-

1865 1710 1950 1767 bis
1996 1712 2151 1770 ﬁdcs.
2187 1716 2254 1771 Et
2292 1735 2362 1773 ne
2394 1720 2532 1777 forte
2574 1725 2693 1778 sine
2730 1728 3017 1798 scripturis
3046 1731 3297 1801 loquens,
3325 1738 3451 1789 vio-

1863 1801 2029 1859 lentia
2057 1805 2258 1874 dicam,
2287 1810 2490 1866 bonum
2514 1823 2596 1869 est
2624 1830 2721 1871 vos
2750 1818 2817 1871 ad
2848 1817 3252 1890 Scripturarum
3288 1828 3445 1882 testi-

186 1889 414 1948 stentes,
442 1898 475 1937 a
504 1900 628 1939 vera
654 1885 759 1940 ﬁde
781 1896 910 1942 sunt
943 1887 1075 1945 foris
1101 1909 1114 1944 :
1139 1906 1237 1947 vos
1268 1908 1398 1947 vero
1423 1910 1454 1947 a
1480 1894 1613 1950 locis
1641 1896 1763 1965 qui—
1862 1896 2046 1951 monia
2068 1898 2301 1954 trahere.
2322 1902 2843 1963 Commemoramini
2868 1913 3010 1965 enim
3028 1914 3157 1983 quia
3176 1919 3439 1985 templum

185 1972 312 2027 dem
338 1973 474 2032 foris
500 1978 662 2043 estis,
696 1979 830 2036 ﬁdes
862 1996 990 2036 vero
1031 1983 1199 2039 intus.
1230 1983 1609 2046 Discutiamus;
1629 1988 1760 2058 quid

184 2069 259 2124 sit
286 2070 498 2141 majus,
524 2073 678 2128 locus
718 2090 788 2130 an
834 2076 1010 2133 ﬁdes:
1050 2079 1220 2135 claret
1249 2082 1436 2151 utique
1474 2083 1599 2152 quia
1631 2099 1758 2138 vera

188 2162 342 2217 ﬁdes.
374 2162 511 2229 Quis
543 2180 674 2235 ergo
708 2169 944 2239 amplius
980 2172 1234 2240 perdidit,
1263 2172 1349 2227 vel
1374 2174 1495 2243 quis
1521 2175 1755 2244 amplius

186 2252 373 2319 habet,
402 2257 497 2326 qui
525 2256 708 2313 locum
746 2268 915 2326 tenet,
948 2277 1017 2317 an
1049 2264 1143 2334 qui
1184 2264 1382 2320 ﬁdem?
1410 2266 1589 2321 Bonus
1629 2268 1754 2336 qui.

183 2345 308 2401 dem
337 2348 492 2403 locus
522 2358 627 2416 est,
660 2353 877 2420 quando
913 2353 1026 2410 illic
1056 2358 1350 2426 apostolica
1388 2357 1520 2414 ﬁdes
1558 2359 1755 2428 praedi-

181 2444 377 2492 catur:
409 2448 629 2496 sanctus
672 2449 776 2505 est,
802 2442 848 2497 si
879 2443 953 2498 ibi
1000 2444 1210 2502 habitat
1250 2456 1498 2504 sanctus.

729 2532 799 2586 Et
835 2546 951 2603 post
976 2552 1147 2605 pauca
1171 2552 1192 2592 :

252 2616 363 2674 Vos
406 2632 587 2676 autem
613 2622 776 2688 beati,
810 2627 903 2697 qui
953 2628 1055 2683 ﬁde
1092 2629 1147 2683 in
1191 2628 1430 2686 Ecclesia
1482 2631 1633 2698 estis,
1691 2632 1748 2688 in

180 2707 306 2765 ﬁdei
349 2710 720 2772 fundamentis
769 2717 1045 2787 habitatis,
1092 2728 1146 2775 et
1197 2720 1552 2778 suﬁicientem
1588 2725 1748 2780 satis-

178 2801 469 2860 factionem
500 2806 730 2876 habetis,
760 2808 883 2863 ﬁdei
930 2811 1325 2877 summitatem,
1353 2830 1474 2884 quae
1501 2814 1556 2869 in
1591 2816 1748 2871 vobis

178 2905 460 2964 permanet
488 2897 835 2966 inconcussa;
862 2917 929 2956 ex
957 2903 1252 2973 apostolica
1281 2906 1427 2960 enim
1462 2907 1750 2963 tradilione

180 2987 424 3053 pervenit
458 2987 525 3041 ad
558 3002 674 3055 vos,
704 2997 759 3044 et
800 2988 1110 3060 frequenter
1137 3009 1256 3047 eam
1287 2996 1622 3050 exsecranda
1658 2998 1745 3050 in-

175 3075 320 3131 vidia
346 3078 518 3133 voluit
559 3095 926 3148 commovere,
962 3099 1063 3138 nec
1092 3084 1271 3138 valuit
1307 3104 1322 3140 :
1358 3089 1533 3157 magis
1562 3097 1743 3142 autem

174 3176 269 3230 per
308 3177 371 3217 ea
411 3179 533 3233 qua:
574 3177 992 3221 commoverunt
1030 3175 1158 3222 sunt
1200 3168 1455 3224 abseissi.
1506 3168 1622 3224 Hoc
1659 3178 1746 3226 est

171 3252 318 3306 enim
365 3254 510 3323 quod
559 3255 823 3324 scriptum
860 3267 944 3311 est
983 3274 999 3312 :
1045 3256 1123 3311 Tu
1167 3274 1221 3312 es
1261 3257 1440 3313 Filius
1485 3260 1586 3314 Dei
1617 3261 1739 3328 vivi,

171 3344 334 3399 Petro
359 3361 455 3416 per
481 3349 868 3404 revelationem
895 3349 1072 3405 Patris
1099 3350 1355 3409 confesso
1375 3361 1429 3407 ct
1454 3352 1738 3408 audiente:

167 3436 371 3493 Beatus
402 3456 478 3504 es,
510 3441 691 3497 Simon
724 3442 986 3512 Barjona,
1007 3444 1134 3513 quia
1159 3460 1282 3497 caro
1313 3456 1363 3498 et
1395 3446 1608 3516 sanguis
1638 3463 1740 3501 non

168 3529 412 3585 revelavit
456 3533 584 3598 tibi,
626 3534 715 3587 sed
738 3533 902 3586 Pater
944 3549 1087 3586 meus
1112 3534 1203 3603 qui
1233 3534 1288 3587 in
1326 3534 1469 3589 caelis
1486 3545 1562 3588 est
1585 3534 1650 3600 ⁸⁸,
1686 3543 1742 3590 et

164 3631 383 3680 caetera.
424 3620 593 3678 Nemo
626 3624 793 3694 igitur
824 3639 1068 3694 unquam
1105 3634 1298 3679 vestrae
1337 3626 1457 3681 ﬁdei
1484 3627 1740 3697 praevale-

238 3711 283 3742 ⁸³
319 3710 511 3768 Matth.
551 3730 662 3778 xv1,
692 3714 778 3767 l7.

234 3800 347 3872 (22)
385 3801 471 3857 Cf.
519 3802 659 3858 infra
706 3802 1083 3860 Praefationem
1128 3809 1282 3863 card.
1318 3806 1442 3862 Maii
1492 3808 1547 3862 iu
1581 3822 1738 3862 suam

163 3872 459 3946 editionem
469 3875 782 3946 earumdem
810 3875 1186 3944 epistol-arma.
1213 3895 1230 3927 ι
1253 3875 1362 3931 Nec
1377 3892 1524 3940 vero,
1544 3879 1739 3946 inquit,

161 3941 415 3996 Latinum
448 3943 577 3997 illud
623 3941 983 4015 fragmentum
1004 3948 1370 4017 (subsequens
1400 3941 1648 4019 scilicet),
1680 3949 1746 4018 ﬁ-

1859 1986 2078 2054 quidem
2147 1997 2265 2044 erat
2329 1990 2630 2050 Jerusalem
2696 2018 2709 2053 :
2758 2001 3016 2068 templum
3068 2017 3175 2057 non
3217 2014 3339 2062 erat
3379 2004 3442 2065 in

1857 2085 2061 2139 eremo,
2091 2073 2410 2145 alienigena:
2446 2079 2783 2135 invaserant.
2820 2081 2902 2137 Ex
2944 2101 3054 2154 quo
3086 2096 3141 2141 et
3174 2097 3438 2158 templum

1854 2176 1985 2217 vero
2046 2162 2375 2233 Jerusalem;
2405 2168 2483 2222 illi
2522 2169 2677 2239 ejecti
2696 2170 2988 2244 Babylonia
3014 2176 3434 2247 descenderunt,

1850 2253 2058 2322 judicio
2096 2258 2398 2327 probantis,
2432 2261 2548 2316 sive
2586 2262 2750 2317 etiam
2795 2266 3118 2336 corrigentis
3154 2269 3281 2338 Dei;
3318 2288 3438 2327 ma-

1854 2342 2161 2401 nifestantis
2193 2363 2322 2411 vero
2353 2349 2705 2405 inimicorum
2748 2356 3070 2424 sanguinem
3117 2360 3430 2415 vorantium

1850 2450 2041 2505 pinnas
2069 2439 2293 2508 ignaris.
2334 2439 2399 2494 Et
2452 2442 2632 2497 locum
2683 2445 2903 2514 quidem
2940 2447 3434 2507 habebantalieni-

1850 2543 2041 2599 gente;
2078 2531 2183 2585 loci
2229 2545 2357 2585 vero
2405 2530 2701 2587 Dominum
2738 2536 3077 2593 nesciebant.
3113 2540 3170 2594 In
3216 2550 3429 2598 tantum

1847 2635 2000 2687 vero,
2031 2622 2157 2692 quia
2182 2637 2282 2677 nec
2316 2638 2578 2693 responsa
2612 2625 2794 2691 dabat,
2824 2643 2923 2683 nec
2960 2629 3301 2700 loquebatur,
3333 2636 3431 2690 sed

1850 2724 1880 2764 a
1913 2712 2141 2766 veritate
2166 2712 2395 2767 desolati
2426 2712 2665 2770 fuerunt.
2690 2715 2831 2782 Quid
2856 2719 3021 2788 igitur
3045 2736 3139 2776 eos
3168 2723 3324 2792 juvat
3347 2725 3429 2780 lo-

1851 2798 1987 2853 cus?
2014 2798 2154 2854 Ecce
2182 2802 2330 2855 enim
2374 2801 2553 2856 locum
2607 2804 2867 2860 habentes
2901 2820 3231 2865 accusantur
3253 2828 3281 2864 a
3305 2813 3431 2868 dili-

1851 2890 2103 2959 gentibus
2129 2890 2326 2958 Deum,
2350 2893 2478 2963 quia
2508 2909 2631 2947 eum
2659 2894 2907 2950 fecerunt
2930 2900 3241 2967 speluncam
3262 2900 3431 2959 latro-

1850 2996 2003 3048 num,
2027 2990 2080 3035 et
2110 2982 2334 3036 domum
2356 2985 2760 3054 negotiationis,
2782 2997 2836 3042 et
2862 2991 3085 3045 domum
3112 2994 3217 3048 veli
3244 2994 3426 3050 locum

1849 3082 2095 3126 sanctum
2121 3071 2364 3127 fecerunt
2383 3083 2624 3131 amentes
2648 3077 2775 3144 sibi,
2799 3094 2937 3149 quos
2961 3081 3071 3137 illic
3093 3098 3202 3138 non
3228 3085 3427 3140 licebat

1847 3163 2074 3217 intrare.
2109 3164 2435 3220 Audivimus
2456 3167 2623 3233 enim,
2660 3167 3023 3235 dilectissimi,
3058 3173 3329 3232 discentes
3352 3178 3424 3232 ab

1845 3254 1932 3310 his
1960 3256 2054 3325 qui
2082 3255 2205 3309 inde
2234 3266 2500 3311 venerunt
2529 3257 2644 3313 haec
2672 3267 2725 3312 et
2752 3258 3023 3317 deteriora
3058 3263 3165 3317 his.
3200 3262 3420 3331 Quanto

1842 3346 2006 3417 igitur
2032 3346 2218 3400 labore
2241 3347 2493 3402 videntur
2516 3347 2811 3405 Ecclesiam
2842 3360 3046 3419 tenere,
3067 3364 3219 3410 tanto
3242 3358 3419 3427 magis

1840 3440 1995 3509 ejecti
2019 3447 2164 3494 sunt.
2194 3437 2261 3492 Et
2283 3448 2542 3509 putantur
2563 3456 2684 3496 esse
2715 3444 2853 3498 intra
2878 3447 3415 3519 veritatem,expulsi

1839 3542 1969 3588 sunt
1992 3541 2173 3586 autem
2203 3539 2257 3586 et
2278 3532 2443 3602 capti,
2474 3541 2529 3587 et
2551 3534 2759 3588 nullum
2792 3536 3006 3592 lucrum
3030 3538 3146 3595 sola
3168 3540 3420 3598 Ecclesia

1840 3626 1970 3696 quia
2005 3639 2192 3679 rarum
2225 3622 2458 3697 [rerum]
2488 3626 2690 3682 veritas
2710 3627 3014 3697 judicatur.

1844 3808 1933 3862 liis
1960 3808 2070 3862 suis
2100 3808 2565 3884 inscrip_tr_11n,_ap.
2596 3807 2787 3884 Menti.
2818 3811 2947 3866 edit.
2979 3808 3190 3884 Yenet.,
3210 3822 3340 3869 tom.
3369 3815 3413 3884 Ι,

1848 3885 1999 3948 part;
2038 3894 2098 3938 ιι,
2144 3894 2264 3948 pag.
2293 3879 2418 3943 772,
2454 3878 2844 3934 he’ortasticum
2875 3897 2934 3937 se
2962 3881 3319 3940 demonstrat.
3351 3904 3371 3937 ι

1921 3947 2129 4020 (25-24)
2161 3948 2373 4019 scripta
2403 3964 2547 4004 anno
2574 3950 2700 4006 356.

426 4153 586 4224 773
637 4155 718 4218 IN
769 4153 1073 4219 LIBRUM
1125 4157 1231 4219 DE
1286 4159 1729 4220 TRINITATE
1772 4158 1878 4219 ET
1937 4158 2247 4221 SPIBITU
2296 4158 2607 4221 SANCTO
2659 4160 3065 4225 MONITUM.

229 4341 452 4399 Iamdiu
482 4346 618 4399 inter
643 4344 827 4413 spuria
854 4342 1009 4397 latuit
1038 4344 1132 4396 hoc
1158 4342 1465 4413 opusculum
1489 4360 1508 4398 :
1530 4346 1819 4423 etquidem
1856 4346 1912 4399 in
1950 4345 2191 4399 omnibus
2224 4344 2504 4398 Athanasii
2548 4346 2712 4398 editis
2736 4355 3049 4415 prtepostere
3076 4364 3181 4403 una
3216 4338 3409 4442 inscri-

156 4440 335 4509 ptione
361 4436 698 4506 conjunctum
732 4451 851 4488 cum
881 4435 979 4488 illa
1014 4434 1351 4504 Confessione
1377 4435 1502 4505 ﬁdei
1543 4450 1658 4507 qua:
1691 4447 1828 4491 tomo
1854 4434 1897 4489 ll
1930 4434 2064 4508 [IV]
2101 4444 2219 4506 post
2260 4435 2423 4489 libros
2462 4433 2538 4490 De
2568 4433 2831 4493 Trinitate
2862 4456 3046 4505 agmen
3078 4437 3407 4497 claudit.‘Et

154 4529 314 4599 probe
341 4545 467 4582 sane
494 4526 865 4581 animadvertit
898 4522 1204 4594 Chiﬂletius,
1235 4522 1428 4593 duplex
1452 4525 1760 4592 opusculum
1782 4541 1912 4585 esse,
1945 4542 2007 4578 ac
2041 4535 2321 4596 utrumque
2363 4541 2458 4603 suo
2498 4524 2665 4599 titulo
2689 4528 2933 4582 distinxit
2963 4530 3016 4584 in
3042 4533 3183 4586 edito
3224 4531 3402 4605 Vigilii

159 4626 462 4695 Tapsensis.
498 4623 670 4677 Miror
692 4631 866 4676 autem
906 4636 1009 4673 non
1038 4618 1416 4674 subodoratum
1449 4629 1704 4690 quantum
1739 4630 1873 4674 esset
1921 4620 2056 4674 inter
2084 4621 2189 4673 ista
2219 4618 2564 4685 discriminis,
2596 4636 2754 4689 quam
2780 4618 3112 4687 disparatum
3159 4623 3408 4695 loquenti;

153 4736 336 4789 genus.
371 4717 511 4771 Nam
534 4718 715 4787 priora
740 4716 946 4786 quidem
973 4719 1171 4786 scripta
1195 4718 1258 4771 de
1282 4717 1543 4771 Trinitate
1570 4735 1602 4771 a
1637 4716 1833 4771 Latino
1875 4718 2132 4786 scriptore
2167 4715 2429 4770 adornata
2462 4717 2625 4785 fuisse
2652 4717 3014 4786 conspicuum,
3035 4722 3403 4792 primigenium

151 4812 292 4865 enim
317 4807 626 4862 Latinitatis
649 4808 846 4876 stylum
880 4810 1093 4876 sapiunt
1122 4824 1141 4860 :
1173 4808 1256 4861 hic
1289 4817 1467 4860 autem
1496 4806 1650 4873 liber,
1684 4816 1743 4861 ut
1775 4807 1948 4877 primo
1974 4815 2186 4876 aspectu
2217 4821 2364 4859 nemo
2387 4822 2492 4859 non
2517 4805 2824 4872 (estimabit,
2860 4816 2937 4860 est
2966 4808 3229 4879 inelegans
3257 4828 3405 4881 quee-

150 4907 279 4961 dam
304 4914 354 4958 et
379 4905 549 4958 minus
587 4912 840 4957 accurata
872 4904 1037 4957 versio
1071 4903 1194 4957 libri
1243 4919 1399 4973 quem
1434 4919 1528 4957 nos
1566 4904 1933 4958 incunctanter
1972 4901 2265 4955 Athanasio
2303 4900 2642 4955 ascribimus.
2687 4898 2832 4954 Nam
2877 4911 3228 4972 praterquam
3263 4908 3404 4976 quod

151 5011 237 5048 res
267 5003 343 5047 est
373 4993 647 5062 explorata
674 5000 724 5047 et
756 4992 919 5062 plana
948 4994 1111 5063 fuisse
1140 5009 1204 5046 ea:
1228 4991 1412 5048 Graaco
1445 4993 1788 5059 translatum,
1818 5001 1868 5047 et
1913 5008 1947 5046 a
1985 4990 2167 5044 multis
2208 4998 2348 5044 retro
2383 4989 2591 5044 steculis
2632 4988 2821 5041 Latine
2853 4991 3148 5055 redditum;
3194 5001 3402 5049 tantum

148 5080 288 5133 inest
315 5078 585 5148 afﬁnitatis
618 5078 756 5131 inter
781 5094 899 5131 eum
926 5089 974 5132 et
1000 5079 1111 5132 alia
1139 5077 1198 5133 S.
1236 5078 1485 5133 Doctoris
1510 5096 1669 5148 opera
1692 5095 1809 5150 qua:
1832 5080 1890 5132 in
1915 5094 2035 5132 vera
2063 5077 2168 5147 ﬁde
2192 5092 2258 5131 ea:
2281 5077 2514 5130 collectis
2545 5074 2834 5150 Scriptura
2857 5080 2985 5135 locis
3013 5084 3401 5151 comprobanda

146 5185 454 5239 versantur,
481 5182 537 5226 ut
560 5188 696 5242 stupe
715 5175 875 5227 etiam
897 5174 1122 5242 prolixa:
1149 5175 1352 5244 periodi
1386 5173 1455 5227 ad
1485 5173 1697 5227 verbum
1717 5189 1845 5242 pene
1872 5173 1978 5226 sint
2009 5172 2147 5225 inter
2174 5186 2230 5225 se
2260 5170 2570 5224 simillimae.
2614 5170 2765 5225 Certe
2801 5181 2922 5224 sunt
2962 5171 3247 5226 admodum
3279 5176 3400 5228 huic

145 5265 324 5335 omnes
362 5265 617 5334 Epistolas
653 5265 719 5318 ad
752 5264 1128 5334 Serapionem,
1163 5266 1293 5320 liber
1327 5266 1399 5321 De
1424 5267 1809 5321 Incarnatione
1840 5276 1891 5321 et
1917 5267 2126 5321 Contra
2152 5263 2408 5316 Arianos.
2443 5261 2679 5327 Quorum
2716 5261 2835 5315 loca
2875 5278 2975 5315 non
3004 5262 3162 5316 semel
3189 5267 3399 5334 quando

143 5353 552 5409 similitudinem
590 5354 823 5422 referunt
850 5355 1169 5409 adnotamus
1204 5356 1274 5409 ad
1320 5358 1635 5428 marginem.
1682 5355 1766 5409 Ea:
1795 5358 1951 5410 modo
1977 5359 2101 5410 item
2141 5352 2381 5408 ordiendi
2411 5361 2780 5422 argumentum
2806 5368 2900 5424 pro
2931 5353 3223 5408 Athanasio
3253 5358 3399 5409 erui-

145 5456 277 5501 tur:
302 5447 513 5516 quando
541 5447 807 5516 signiﬁcat
836 5456 1024 5500 contra
1046 5461 1134 5500 eos
1174 5461 1280 5499 rem
1310 5445 1413 5499 sibi
1446 5462 1556 5500 esse
1581 5446 1675 5516 qui
1704 5445 1971 5512 Spiritum
2011 5454 2259 5500 sanctum
2301 5443 2534 5497 dicerent
2564 5459 2690 5498 esse-
2707 5459 2815 5498 rem
2852 5452 3086 5497 creatam
3108 5460 3128 5499 :
3157 5453 3207 5499 et
3232 5462 3395 5516 saga-

143 5538 277 5590 riter
302 5538 378 5590 ait
414 5538 481 5590 iis
510 5537 600 5606 qui
619 5536 797 5590 dicant
834 5533 1039 5589 Filium
1083 5551 1196 5590 esse
1242 5545 1569 5603 creaturam,
1592 5552 2037 5606 supervacaneum
2072 5552 2184 5589 esse
2217 5534 2452 5604 Spiritus
2479 5536 2653 5589 sancti
2688 5538 2935 5638 deitatem
2967 5546 3396 5638 common-stram.

143 5629 307 5692 Queis
336 5627 535 5681 indicat
560 5627 780 5681 hereses
809 5627 1130 5680 Arianorum
1163 5636 1211 5679 et
1252 5625 1884 5681 Pneumatomachorum.
1922 5623 2070 5679 Unde
2096 5624 2450 5693 conscriptum
2495 5632 2744 5693 putamus
2789 5624 2980 5679 librum
3026 5632 3144 5693 post
3188 5625 3396 5681 Iuliani

142 5729 389 5784 mortem,
415 5734 554 5773 anno
585 5720 796 5774 circiter
824 5718 950 5786 565,
980 5735 1083 5789 quo
1106 5717 1458 5790 grassabatur
1488 5728 1711 5788 utraque
1738 5718 1973 5773 haeresis.
