3794 6226
398 314 528 370 ί191

970 313 1026 367 S.
1061 309 1436 366 ATHANASII
1478 310 1626 368 OPP.
1669 311 1850 368 FSRS
1886 311 1906 361 ι
1968 341 2035 350 -
2071 306 2436 363 HISTORIC.\
2488 305 2573 360 ET
2607 304 3022 361 DOGMATICA.

3498 303 3645 359 ΗΒΕ.

1320 604 1854 720 'SANCTI
1941 597 2721 714 ATHANASII

644 895 1003 984 LIBER
1104 895 1249 981 DE
1352 889 2020 980 TRINITAT-E
2086 888 2235 975 ET
2312 818 2824 974 sriurru
2889 873 3391 969 SANCTO.

468 1339 518 1393 1.
560 1339 658 1393 His
687 1337 777 1406 qui
812 1336 1007 1390 Filium
1044 1335 1138 1389 Dei
1189 1339 1431 1386 creatum
1462 1344 1584 1383 esse
1618 1326 1963 1398 proﬁtentur,
1996 1310 2040 1366 Α
2071 1331 2269 1393 omnia,
2299 1338 2349 1382 et
2400 1345 2492 1382 nos
2535 1343 2626 1395 per
2672 1328 2842 1397 ipsum
2865 1330 2930 1382 "‘.
2969 1329 3072 1384 Sed
3111 1330 3368 1400 quoniam
3418 1344 3530 1382 non
3575 1338 3655 1384 est

395 1445 738 1502 nequaquam
770 1429 835 1483 de
867 1427 1069 1496 Spiritu
1111 1434 1301 1480 sancto
1331 1423 1585 1478 dabimus
1615 1434 1959 1490 responsum.

399 1521 464 1577 Ut
491 1523 636 1577 enim
664 1520 884 1580 Filium,
919 1517 1010 1586 qui
1044 1518 1108 1571 de
1143 1514 1443 1569 substantia
1476 1511 1568 1565 Dei
1615 1509 1966 1580 impassihili-

397 1627 476 1670 ter
515 1617 586 1669 sit
627 1614 860 1684 genitus,
889 1620 1130 1666 creatum
1166 1607 1286 1662 ausi
1317 1614 1446 1661 sunt
1474 1605 1675 1669 dicere,
1709 1604 1784 1657 ita
1817 1602 1966 1656 etde

397 1704 601 1774 Spiritu
635 1712 823 1757 sancto
857 1701 1047 1755 dicunt
1073 1699 1261 1768 utique
1306 1695 1508 1750 similia
1537 1709 1554 1759 ;
1584 1693 1963 1763 paenitentiam

397 1812 521 1850 vero
573 1795 795 1859 acturis,
829 1793 921 1847 sed
959 1791 1028 1847 de
1060 1789 1199 1845 Filio
1234 1788 1447 1843 interim
1483 1786 1843 1842 sentientibus
1875 1799 1966 1838 rev

395 1899 497 1951 cie,
529 1885 980 1955 respondebimus
1011 1882 1080 1937 de
1115 1881 1322 1952 Spiritu
1371 1886 1583 1934 sancto.
1617 1876 1831 1932 Etenim
1871 1877 1966 1931 de-

393 1977 722 2048 sperandum
764 1984 868 2041 est,
896 1991 992 2030 eos
1049 1974 1141 2042 qui
1172 1973 1338 2028 semel
1367 1973 1434 2026 de
1465 1970 1870 2040 irreligiositate
1897 1968 1963 2022 ad

392 2070 706 2140 religionem
758 2065 1005 2120 converti
1055 2071 1361 2132 coeperunt,
1395 2061 1461 2116 ad
1489 2059 1793 2132 perfectum
1824 2057 1961 2112 lucri

390 2159 654 2216 converti.
681 2157 756 2212 Ex
789 2156 1090 2227 Scripturis
1120 2171 1253 2211 sane
1287 2155 1508 2219 divinis,
1539 2163 1594 2208 et
1621 2168 1730 2206 non
1767 2168 1830 2206 ex
1860 2151 1962 2204 hu-

2075 1416 2465 1479 universitatis,
2500 1417 2593 1469 sed
2627 1414 2911 1472 Trinitatis
2964 1418 3199 1488 Spiritus
3247 1428 3497 1482 sanctus,
3541 1436 3657 1472 om-

2072 1509 2161 1561 nia
2197 1524 2317 1576 (μελε
2335 1517 2454 1576 post
2474 1508 2794 1564 Trinitatem
2826 1521 2973 1575 sunt,
3003 1528 3098 1582 per
3123 1511 3319 1565 Filium
3348 1512 3444 1566 Dei
3467 1522 3652 1567 creata

2071 1616 2192 1656 esse
2230 1602 2366 1655 dixit
2397 1601 2634 1671 Spiritus
2669 1613 2913 1659 sanctus.
3415 1623 3418 1628 ·

2141 1693 2195 1746 2.
2239 1693 2416 1748 Testis
2459 1706 2640 1750 autem
2673 1706 2757 1751 est
2791 1697 2924 1752 mihi
2974 1697 3323 1752 beatissimus
3351 1695 3566 1753 Paulus
3601 1698 3653 1754 in

2073 1786 2276 1858 Spiritu
2330 1799 2539 1853 sancto,
2573 1789 2696 1852 hoc,
2733 1790 2876 1859 quod
2911 1790 3092 1843 omnia
3135 1806 3232 1860 per
3274 1789 3475 1845 Filium
3509 1791 3652 1846 facta

2070 1881 2196 1944 sint,
2224 1881 2556 1950 prophetans
2585 1881 2638 1933 in
2667 1881 2904 1950 Epistula
2931 1882 2996 1936 ad
3021 1882 3372 1937 Colosseuses
3403 1884 3611 1952 scripta
3635 1902 3648 1936 :

2071 1971 2212 2038 Quia
2237 1974 2291 2025 in
2313 1974 2423 2042 ipso
2443 1970 2587 2024 Filio
2612 1983 2788 2026 creata
2811 1983 2932 2026 sunt
2975 1976 3151 2026 omnia
3175 1991 3292 2044 qua:
3318 1975 3374 2027 in
3401 1974 3575 2038 caelis,
3605 1984 3652 2028 et

2065 2082 2182 2135 qua:
2218 2066 2270 2118 in
2295 2067 2468 2130 terris,
2486 2068 2598 2120 sive
2630 2066 2859 2122 visibilia
2896 2076 2945 2120 et
2982 2067 3286 2130 invisibilia,
3317 2069 3423 2122 sive
3449 2067 3652 2132 throni,

2066 2159 2173 2210 sive
2203 2158 2611 2224 dominationes,
2637 2160 2744 2211 sive
2785 2160 3139 2229 principatus,
3165 2161 3272 2214 sive
3311 2170 3604 2229 potestates
3633 2177 3653 2214 :

390 2250 568 2306 mauis
604 2249 973 2320 intelligentiis
1002 2250 1106 2303 hoc
1132 2257 1235 2302 est.
1267 2246 1578 2302 Istiusmodi
1610 2246 1771 2314 igitur
1799 2243 1967 2297 ratio-
2001 2232 2041 2286 Β
2067 2249 2246 2301 omnia
2279 2266 2370 2318 per
2394 2250 2588 2319 ipsum,
2609 2260 2658 2303 et
2678 2254 2734 2304 in
2755 2253 2867 2321 ipso
2896 2252 3038 2320 facta
3058 2241 3203 2314 sunt,
3221 2262 3271 2304 et
3297 2253 3407 2321 ipse
3433 2264 3513 2308 est
3535 2263 3655 2308 ante

389 2360 512 2398 nem
560 2351 820 2412 praestare
863 2356 1085 2410 operam
1116 2340 1296 2394 daturi
1325 2355 1538 2394 sumus.
1570 2336 1743 2392 Dicite
1780 2336 1958 2401 nobis,

388 2436 756 2498 mlniirahilrs.
803 2434 894 2493 tibi
949 2434 1004 2486 in
1059 2432 1381 2490 auctoritate
1434 2430 1673 2500 legistis,
1719 2435 1960 2482 creatum

388 2551 511 2591 esse
558 2534 820 2603 Spiritum
853 2527 1148 2584 sanctum?
1175 2525 1464 2590 Joannem,
1499 2519 1774 2591 inquiunt,
1804 2517 1961 2572 audi-

391 2630 567 2683 vimus
592 2632 646 2681 in
674 2623 966 2694 Evangelio
993 2621 1262 2676 dicentem
1297 2638 1310 2673 :
1343 2615 1539 2672 Omnia
1563 2629 1654 2682 per
1680 2613 1850 2682 ipsum
1874 2611 1960 2681 fa-

390 2731 476 2774 cta
509 2728 651 2783 sunt,
681 2728 728 2771 et
770 2718 880 2770 sine
910 2716 1023 2785 ipso
1060 2713 1263 2782 factum
1291 2718 1368 2764 est
1396 2707 1526 2763 nihil
1542 2709 1608 2757 ⁵⁸.
1642 2703 1854 2771 Quibus
1879 2704 1964 2759 (ιὶ⁴

391 2814 568 2866 cimus
602 2829 616 2864 :
654 2810 710 2863 Si
750 2824 876 2878 ergo
923 2806 1206 2860 audieritis
1235 2813 1287 2858 et
1318 2801 1486 2856 David
1536 2802 1590 2854 in
1623 2814 1788 2854 cxvui
1814 2797 1963 2868 psal-

392 2920 481 2957 mo
514 2904 568 2956 in
604 2901 806 2972 Spiritu
835 2905 1023 2952 sancto
1053 2897 1319 2950 dicentem
1357 2893 1467 2947 Deo
1500 2911 1514 2946 :
1549 2891 1688 2956 Quia
1721 2893 1964 2944 universa

394 2994 623 3047 serviunt
673 2991 766 3043 tibi
784 2989 867 3044 τοι
901 3003 1115 3043 servum
1160 2986 1349 3056 utique
1391 2999 1515 3040 esse
1560 2983 1754 3037 dicetis
1799 2982 1963 3036 etiam

397 3085 659 3156 Spiritum
690 3090 960 3147 sanctum,
993 3079 1087 3150 qui
1119 3094 1227 3132 non
1252 3086 1336 3132 est
1361 3090 1570 3140 servus,
1595 3073 1691 3130 sed
1725 3074 1883 3138 liber,
1909 3084 1964 3127 et

394 3175 702 3233 liberaverit
748 3183 1072 3235 creaturam,
1121 3179 1176 3226 et
1220 3169 1276 3224 in
1333 3169 1678 3238 adoptionem
1725 3167 1964 3221 ﬁliorum

392 3286 511 3324 eam
543 3266 872 3339 promoverit
897 3264 966 3319 ad
995 3262 1187 3318 Deum.
1217 3263 1324 3316 Aut
1351 3276 1458 3315 non
1481 3259 1712 3315 audistis
1733 3258 1965 3313 Paulum

392 3362 459 3414 ad
505 3358 782 3413 Romanos
827 3353 1154 3410 scribentem
1189 3371 1202 3406 :
1234 3350 1358 3404 Non
1400 3351 1674 3420 accepistis
1717 3350 1965 3419 spiritum

391 3452 653 3506 servitutis
673 3451 862 3504 iterum
878 3449 931 3501 in
955 3449 1159 3512 timore,
1177 3443 1264 3499 sed
1286 3445 1558 3514 accepistis
1579 3444 1822 3514 spiritum
1837 3443 1966 3495 ado-

392 3545 585 3612 ptionis
607 3542 862 3612 ﬁliorum,
884 3543 940 3594 in
955 3556 1056 3612 quo
1078 3539 1369 3593 clamamus
1393 3555 1410 3593 :
1440 3535 1607 3604 Abba,
1635 3535 1818 3592 Pater.
1844 3533 1966 3604 Ipse

391 3636 608 3704 spiritus
641 3641 960 3686 contestatus
1004 3641 1079 3684 est
1122 3630 1332 3698 spiritui
1369 3638 1569 3691 nostro,
1613 3628 1738 3698 quia
1782 3643 1965 3680 sumus

396 3726 535 3780 Filii
588 3725 762 3779 Dei“.
798 3723 864 3778 Et
892 3725 1131 3778 iterum:
1165 3721 1275 3776 Lea:
1311 3723 1452 3775 enim
1493 3721 1714 3791 spiritus
1757 3719 1875 3773 vita:
1912 3718 1968 3770 in

395 3821 603 3876 Christo
632 3819 759 3875 Jesu
783 3820 1024 3874 liberavit
1055 3836 1135 3874 me
1178 3836 1210 3872 a
1249 3819 1359 3889 lege
1399 3819 1597 3888 peccati
1621 3826 1670 3872 et
1695 3817 1880 3870 mortis
1896 3815 1964 3869 ⁷⁸.

396 3913 454 3968 Si
484 3929 612 3968 vero
647 3928 755 3968 non
786 3922 869 3968 est
898 3929 1090 3969 servus
1135 3910 1371 3982 Spiritus
1397 3921 1640 3976 sanctus,
1668 3910 1811 3965 sicut
1844 3924 1969 3980 pro-

393 4009 657 4063 baverunt
691 4006 1003 4078 Scriptura},
1037 4009 1161 4078 quia
1208 4008 1386 4061 omnia
1429 4008 1658 4062 serviunt
1708 4007 1777 4070 ei,
1822 4007 1968 4076 quod

393 4099 576 4152 omnia
612 4114 705 4168 per
732 4097 928 4153 Filium
973 4097 1118 4153 facta
1147 4107 1295 4164 sunt,
1324 4106 1378 4152 et
1424 4098 1543 4152 sine
1591 4098 1712 4169 ipso
1759 4097 1965 4153 factum

392 4197 476 4242 est
518 4187 758 4242 nihil”:
789 4204 930 4243 unus
975 4203 1212 4258 namque
1248 4196 1368 4242 erat
1407 4202 1598 4242 eorum
1639 4188 1734 4258 qui
1782 4189 1970 4243 audie-

393 4287 522 4332 runt
551 4275 882 4333 Salvatorem
918 4277 1185 4334 dicentem
1213 4297 1225 4332 :
1259 4277 1384 4332 Non
1415 4279 1556 4332 enim
1583 4295 1671 4332 vos
1707 4281 1855 4345 estis,
1880 4281 1970 4350 qui

393 4368 689 4440 loquimini,
711 4369 800 4424 sed
848 4369 1080 4439 Spiritus
1125 4370 1302 4425 Patris
1339 4371 1518 4439 vestri,
1549 4373 1640 4442 qui
1675 4372 1878 4426 habitat
1912 4372 1970 4425 in

392 4459 614 4514 vobis".
651 4458 806 4514 Sicut
843 4470 897 4514 et
942 4458 1135 4515 Petrus
1187 4463 1451 4527 scribens,
1498 4463 1615 4518 ait:
1649 4462 1781 4528 Qua:
1830 4479 1969 4516 nunc

393 4555 639 4608 nuntiata
667 4564 787 4608 sunt
815 4555 975 4618 vobis,
999 4553 1387 4620 evangelizante
1425 4555 1477 4608 in
1500 4572 1587 4610 vos
1619 4553 1823 4623 Spiritu
1845 4572 1970 4610 san-

392 4655 476 4700 cto
519 4646 678 4698 misso
725 4663 752 4698 e
797 4647 1018 4700 cazlis".
1047 4646 1232 4714 Itaque
1263 4647 1307 4701 si
1338 4641 1577 4717 Spiritus
1608 4659 1832 4704 sanctus
1860 4657 1964 4714 est,

393 4737 487 4805 qui
520 4734 652 4791 dicit
680 4754 692 4790 :
726 4734 919 4790 Omnia
954 4754 1045 4806 per
1080 4736 1286 4792 Filium
1315 4737 1461 4808 facta
1478 4749 1622 4806 sunt,
1647 4749 1695 4793 et
1715 4743 1826 4795 sine
1855 4742 1967 4811 ipso

395 4828 593 4897 factum
616 4838 691 4882 est
715 4829 866 4895 nihil,
889 4839 1200 4899 oportuerat
1216 4831 1435 4900 quidem
1464 4832 1663 4902 ipsum,
1689 4833 1964 4903 siquidem

2069 2339 2462 2395 omnia".Non
2493 2342 2651 2406 dixit,
2684 2342 2795 2397 sive
2816 2343 3051 2412 Spiritus
3081 2353 3326 2399 sanctus.
3359 2343 3654 2400 Psalinista

2071 2448 2197 2487 vero
2215 2433 2380 2488 David
2412 2435 2465 2488 in
2495 2450 2693 2489 CXLVIII
2712 2435 2922 2505 psalmo
2940 2435 2992 2488 in
3012 2435 3215 2505 Spiritu
3238 2438 3438 2490 iterum
3461 2449 3654 2492 sancto

2069 2523 2344 2593 imperans
2361 2525 2623 2580 universae
2637 2535 2899 2580 creaturae
2921 2525 3142 2581 laudare
3155 2525 3475 2592 Dominum,
3490 2527 3649 2582 dicit:

2068 2611 2309 2667 Laudate
2331 2612 2619 2668 Dominum
2653 2615 2717 2669 de
2749 2616 2915 2682 caelis,
2934 2615 3152 2672 laudate
3173 2633 3290 2670 eum
3323 2618 3379 2670 in
3401 2618 3650 2674 excelsis.

2069 2705 2311 2759 Laudate
2331 2723 2468 2773 eum,
2501 2723 2677 2761 omnes
2709 2709 2882 2778 angeli
2903 2709 3036 2778 ejus,
3065 2709 3281 2763 laudate
3303 2727 3448 2772 eum,
3475 2727 3654 2764 omnes

2069 2797 2287 2850 virtutes
2307 2797 2440 2865 ejus.
2466 2796 2710 2852 Laudate
2732 2815 2872 2865 eum,
2895 2799 2976 2853 sol
3003 2809 3051 2853 et
3075 2800 3240 2862 luna;
3262 2801 3492 2855 laudate
3507 2818 3653 2869 eum,

2070 2906 2245 2947 omnes
2270 2889 2439 2944 stella:
2468 2900 2518 2944 et
2562 2891 2755 2946 lumen.
2789 2890 3029 2946 Laudate
3058 2909 3199 2956 eum,
3229 2893 3347 2946 cteli
3375 2894 3652 2961 caelorum,

2069 2996 2116 3037 et
2145 3002 2295 3055 aqua:
2326 3002 2443 3056 quae
2474 3002 2630 3054 super
2657 2986 2811 3038 crelos
2828 2994 2972 3047 sunt,
2996 2986 3208 3039 laudent
3240 3004 3428 3040 nomen
3461 2988 3653 3041 Domi-

2072 3076 2205 3139 ni",
2237 3086 2340 3131 etc.
2386 3075 2672 3144 Indignum
2723 3076 2878 3130 duxit
2919 3092 3080 3145 super
3123 3077 3209 3132 his
3253 3093 3654 3136 connumerare

2073 3165 2335 3237 Spiritum
2363 3177 2636 3232 sanctum,
2667 3178 2722 3224 et
2742 3169 2923 3225 dicere
2954 3189 2968 3224 :
3002 3169 3211 3226 Laudet
3253 3188 3378 3227 eum
3411 3172 3656 3243 Spiritus

2073 3267 2330 3324 sanctus;
2359 3259 2487 3328 quia
2516 3260 2940 3327 laudandorum,
2960 3271 3012 3316 et
3035 3277 3143 3316 non
3173 3264 3519 3320 laudantium
3546 3277 3650 3333 est,

2071 3349 2529 3418 quemadmodum
2557 3351 2718 3420 paulo
2739 3362 2863 3422 post
2884 3354 2936 3407 in
2958 3352 3254 3424 Scr‘ipturis
3272 3357 3650 3426 probabimus;

2072 3451 2126 3496 et
2155 3442 2569 3510 vivilicantium,
2599 3453 2654 3501 et
2682 3461 2792 3500 non
2824 3447 3216 3502 viviticantium
3269 3449 3653 3522 [vivitlcando‘

2072 3533 2217 3607 rum]
2249 3545 2351 3600 est,
2384 3537 2490 3591 vita
2531 3552 2654 3593 cum
2698 3537 2789 3605 sit,
2821 3540 2962 3595 sicut
2988 3539 3190 3596 Paulus
3221 3543 3274 3596 in
3308 3545 3553 3600 secunda
3584 3546 3651 3599 ad

2071 3628 2385 3684 Corinthios
2419 3627 2680 3700 Epistula,
2720 3632 2797 3686 ait
2827 3649 2853 3708 ε,
2876 3630 2996 3686 Sed
3017 3634 3327 3702 suﬁicientia
3361 3646 3546 3690 nostra
3589 3654 3654 3692 ex

2070 3721 2179 3774 Deo
2213 3737 2313 3786 est,
2340 3722 2431 3792 qui
2457 3732 2506 3775 et
2528 3724 2742 3776 idoneos
2781 3740 2874 3777 nos
2909 3725 3033 3794 fecit
3063 3729 3336 3780 ministros
3365 3727 3507 3783 Novi
3555 3729 3650 3785 Te-

2069 3815 2338 3880 stamenti,
2370 3830 2471 3867 non
2500 3813 2702 3883 littera,
2732 3817 2822 3870 sed
2858 3817 3070 3884 spiritu.
3104 3817 3308 3873 Littera
3334 3824 3474 3874 enim
3510 3824 3650 3876 occi-

2069 3903 2166 3967 dit,
2215 3904 2430 3972 spiritus
2466 3915 2642 3959 autem
2696 3901 3007 3978 vivi/lcet".
3047 3909 3130 3964 Ad
3158 3909 3437 3967 Romanos
3471 3930 3598 3969 vero
3632 3934 3649 3972 :

2069 3993 2270 4064 Corpus
2300 3996 2506 4066 quidem
2547 4007 2810 4052 mortuum
2836 4012 2911 4055 est
2939 4012 3150 4071 propter
3170 4015 3462 4073 peccatum,
3486 4009 3652 4076 spiri-

2071 4100 2154 4143 tus
2201 4099 2374 4143 autem
2419 4091 2545 4145 vivit
2583 4105 2795 4164 propter
2828 4095 3172 4160 justitiam”.
3203 4099 3270 4154 Et
3303 4102 3496 4157 iterum
3536 4123 3550 4156 :
3586 4103 3653 4158 Si

2068 4186 2244 4230 autem
2284 4177 2514 4248 Spiritus
2551 4183 2690 4252 ejus,
2732 4187 2822 4254 qui
2855 4189 3130 4243 suscitavit
3163 4189 3345 4244 Iesum
3378 4193 3650 4248 Christum

2069 4284 2102 4319 a
2131 4270 2373 4334 mortuis,
2409 4271 2614 4328 habitat
2642 4276 2696 4328 in
2727 4277 2891 4345 vobis,
2923 4281 3205 4350 viviﬁcabit
3227 4293 3401 4337 autent
3422 4295 3470 4338 et
3502 4303 3649 4340 mor-

2072 4361 2201 4416 talia
2229 4379 2451 4433 corpora
2476 4378 2650 4422 vestra
2678 4386 2770 4440 per
2803 4371 3184 4428 inhabitantem
3203 4373 3462 4446 Spiritum
3490 4395 3651 4432 suum

2068 4457 2122 4509 in
2153 4457 2293 4511 vobis
2313 4458 2381 4512 ⁸³.
2423 4458 2558 4516 Tres
2585 4478 2802 4534 quoque
2845 4467 3020 4520 sancti
3053 4478 3339 4540 martyres,
3379 4472 3648 4534 Ananias,

2070 4549 2294 4605 Azarias
2331 4562 2385 4605 et
2431 4551 2618 4609 Misael
2660 4556 2715 4610 in
2764 4555 2988 4612 fornace
3031 4558 3170 4628 ignis
3205 4561 3366 4630 positi
3398 4563 3454 4616 in
3506 4573 3652 4620 terra

2070 4639 2473 4710 Chaldzeorum,
2504 4661 2627 4701 cum
2659 4647 3050 4706 admirabiliter
3077 4652 3216 4707 Deus
3240 4655 3476 4709 calorem
3507 4656 3652 4727 ignis

2071 4736 2138 4790 ad
2171 4746 2528 4806 temperatum
2561 4740 2902 4811 refrigerium
2932 4730 3315 4815 convertisset,
3337 4749 3650 4806 universam

2071 4837 2380 4884 creaturam
2415 4831 2770 4889 adhortantes
2794 4850 2978 4889 secum
3002 4837 3225 4893 laudare
3245 4839 3438 4907 Deum,
3470 4842 3550 4896 sic
3575 4844 3651 4897 iii-

391 4931 610 4979 creatus
648 4933 813 4988 esset,
841 4923 1021 4978 dicere
1049 4941 1063 4977 :
1105 4921 1300 4977 Omnia
1333 4940 1424 4992 per
1446 4925 1618 4994 ipsum
1645 4925 1790 4995 facta
1819 4939 1964 4992 sunt,
1995 4949 2046 5008 ι)
2070 4922 2314 4992 cipiunt:
2346 4924 2665 4990 Benedicite,
2701 4928 2878 4981 omnia
2925 4945 3085 4999 opera
3120 4929 3354 5000 Domini,
3389 4933 3651 5000 Domino;

391 5025 446 5080 et
481 5031 582 5080 ego
611 5029 707 5086 per
737 5030 862 5069 eum
890 5011 1065 5068 lactus
1098 5028 1243 5078 sum,
1277 5022 1332 5067 et
1360 5013 1478 5069 sine
1524 5029 1592 5070 eo
1641 5014 1843 5071 factum
1885 5026 1969 5073 est

393 5108 548 5172 nihil,
577 5106 852 5178 quomodo
884 5105 1221 5161 consuetudo
1240 5102 1566 5161 Sanctorum
1592 5116 1694 5162 est.
1726 5107 1803 5162 lta
1826 5108 1969 5165 Pau-

391 5204 480 5259 lus
505 5215 637 5260 sane
663 5201 732 5256 de
761 5215 840 5266 se,
871 5209 925 5254 et
967 5199 1035 5255 de
1069 5199 1327 5254 omnibus
1357 5199 1560 5255 sanctis
1587 5200 1962 5258 observantis-

390 5295 528 5352 sime
556 5292 747 5350 scribit
774 5310 787 5346 :
817 5288 984 5345 Nobis
1007 5297 1182 5344 autem
1210 5306 1345 5348 unus
1367 5290 1510 5346 Deus
1537 5291 1716 5358 Pater,
1755 5309 1819 5347 ea:
1863 5311 1964 5364 quo

389 5389 658 5450 omnia.et
696 5403 831 5441 unus
876 5384 1134 5441 Dominus
1165 5384 1321 5442 Iesus
1373 5384 1638 5453 Christus,
1678 5402 1770 5455 per
1813 5404 1965 5454 quem

464 5564 506 5594 ⁸⁹
543 5563 701 5618 Juan.
728 5578 766 5630 ι,
791 5563 846 5617 ’5.
918 5565 964 5596 ⁷ο
998 5563 1143 5619 Psal.
1168 5583 1354 5632 cxvtu,
1386 5567 1474 5622 91.

391 5717 510 5769 vni,
543 5700 627 5756 10.
705 5704 746 5734 ⁸¹
791 5703 918 5758 ibid.
951 5706 1035 5759 11.

1552 5567 1596 5598 ⁷¹
1637 5564 1796 5625 Rom.
1831 5585 1948 5631 vni,
1982 5570 2069 5633 15,
2104 5572 2185 5625 16.

390 5630 471 5684 ⁷⁸1
508 5633 654 5706 Petr.
684 5634 860 5706 1,712.
887 5704 896 5706 _
923 5635 968 5666 ’¹⁶
1006 5635 1026 5687 1
1060 5635 1182 5691 Cor.
1215 5630 1410 5704 vui,6.
1487 5639 1530 5669 '”
1574 5638 1783 5696 Coloss.
1818 5656 1857 5706 I,
1886 5630 1950 5695 16
2000 5630 2084 5695 17.

2071 5012 2286 5069 laudate
2327 5026 2375 5071 et
2415 5019 2805 5087 superercaltate
2833 5035 2948 5072 eum
2991 5021 3046 5074 in
3078 5023 3294 5076 stecula.
3324 5023 3654 5092 Benedicite,

2071 5109 2206 5175 caeli,
2226 5109 2536 5174 Dominum;
2560 5115 2810 5181 hymnum
2839 5113 3083 5178 dicite,et
3113 5118 3501 5185 superexaltate
3530 5137 3657 5176 eum

2068 5200 2124 5252 in
2150 5202 2703 5269 swcula.Benedicite,
2726 5206 2920 5276 angeli,
2943 5207 3264 5273 Dominum;
3286 5211 3536 5280 hymnum
3565 5216 3655 5269 di-

2069 5294 2189 5359 cite,
2204 5303 2252 5348 et
2275 5296 2663 5365 superexaltate
2681 5315 2799 5353 eum
2828 5301 2883 5352 in
2903 5303 3120 5356 saecula.
3138 5302 3457 5367 Benedicite,
3476 5321 3657 5376 aqum,

2066 5404 2182 5458 qua:
2209 5405 2363 5458 super
2391 5390 2545 5444 caelos
2573 5403 2718 5459 sunt,
2755 5392 3074 5461 Dominum;
3102 5396 3351 5467 hymnum
3384 5399 3568 5462 dicite,
3603 5419 3654 5471 ει

2296 5574 2339 5602 ⁷³
2368 5574 2496 5629 ibid.
2522 5575 2576 5630 2.
2677 5577 2724 5608 ’⁷³
2761 5575 2918 5633 Joan.
2959 5595 2994 5640 ι.
3027 5581 3078 5633 5.
3157 5579 3202 5609 7‘
3243 5580 3433 5638 Matth.
3468 5599 3522 5643 χ,
3557 5583 3650 5637 10.

2163 5645 2206 5674 ⁷⁸
2246 5642 2387 5699 Psal.
2417 5661 2639 5714 csum,
2676 5648 2786 5702 1-5.
2864 5651 2909 5680 ⁷³
2949 5649 2989 5703 ll
3017 5651 3138 5705 Cur.
3173 5667 3254 5714 ιιι,
3286 5653 3337 5707 5.
3415 5654 3461 5686 ⁸ο
3483 5642 3651 5712 Rom.
