3794 6226
153 358 299 419 1153

1140 363 1229 417 DE
1268 347 1644 417 TRINITATE
1686 359 1774 414 ET
1814 359 2091 416 SPIRITU
2137 358 2427 416 SANCTC.

3278 361 3414 418 “95

155 479 548 551 superexaltate
564 497 681 534 eum
713 480 763 533 in
795 481 1004 535 stet-uia.
1037 480 1354 544 Benedicite,
1377 481 1538 554 774Ι
1556 497 1730 534 omnes
1761 486 1807 542 Α
1837 495 1966 550 ergo
1999 495 2175 550 neque
2202 478 2343 534 Deus
2375 478 2647 542 Salvator,
2676 477 2788 548 jam
2813 486 3077 547 quantum
3105 477 3170 532 ad
3199 493 3293 532 vos
3309 489 3413 545 est,

155 573 378 625 virtutes
401 570 638 633 Domini,
657 569 973 633 Dominum;
999 571 1246 639 hymnum
1269 573 1449 636 dicite,
1479 581 1527 626 et
1558 589 1739 642 super-

155 662 392 716 exaltate
412 677 530 714 eum
551 662 606 714 in
635 660 851 715 saecula.
880 661 1200 726 Benedicite,
1216 662 1295 716 sol
1316 671 1363 716 et
1392 663 1538 728 luna,
1558 662 1742 716 Domi-

158 769 322 815 num;
340 753 590 822 hymnum
606 752 782 817 dicite,
801 763 848 806 et
860 752 1244 821 superexaltate
1257 771 1374 808 eum
1390 755 1445 808 in
1461 755 1656 810 swcula
1670 757 1737 811 ⁸³.

159 845 229 897 Et
260 845 314 897 in
344 843 806 913 consequentibus
841 843 1164 913 semetipsos
1192 843 1260 897 ad
1282 845 1693 901 hocincitantes
1727 865 1740 899 :

160 936 482 998 Benedicite,
519 936 749 1000 Anania,
781 934 983 989 Azaria
999 946 1046 989 et
1065 934 1275 999 Misael,
1298 935 1601 999 Dominum;
1620 937 1741 990 lau-

161 1029 288 1081 date
315 1037 363 1081 et
391 1027 778 1097 superexaltate
819 1043 938 1080 eum
982 1028 1040 1080 in
1088 1027 1365 1081 stecula”.
1413 1027 1479 1080 Et
1526 1043 1741 1083 omnem

164 1129 471 1174 creaturam
489 1119 808 1173 benedicere
836 1119 1064 1173 Domino
1087 1134 1270 1173 secum
1293 1119 1595 1185 hortantes,
1633 1136 1739 1174 non

161 1205 715 1262 dicuntzBenedicat
763 1202 1057 1260 Dominum
1111 1215 1166 1260 et
1203 1205 1438 1276 Spiritus
1481 1216 1739 1272 sanctus;

167 1300 264 1355 sed
312 1308 366 1355 et
413 1297 566 1354 Isaiae
609 1297 886 1368 seraphim
933 1299 1168 1353 astantia
1211 1307 1268 1356 et
1311 1299 1587 1354 laudantia
1627 1301 1740 1354 visa

168 1397 298 1443 sunt
327 1406 341 1442 :
372 1398 426 1442 et
453 1387 722 1442 Ezechieli
741 1386 851 1458 (24)
873 1387 1154 1443 cherubim
1183 1389 1374 1445 subtus
1397 1391 1624 1460 gloriam
1647 1390 1742 1445 Dei

169 1479 359 1536 Israel.
1387 1537 1402 1543 -

237 1573 293 1627 5.
332 1573 470 1628 Cum
519 1572 923 1628 evidentissime
968 1587 1098 1644 ergo
1143 1575 1315 1629 sancti
1366 1574 1593 1630 fideliter
1632 1591 1741 1630 non

159 1674 654 1717 connumerassent
701 1663 807 1728 his,
842 1679 964 1732 quas
1012 1679 1108 1734 per
1154 1664 1354 1720 Filium
1405 1666 1544 1723 facta
1591 1679 1741 1734 sunt,

165 1753 432 1822 Spiritum
481 1760 750 1818 sanctum,
784 1753 878 1807 sed
927 1753 1127 1822 ubique
1163 1753 1567 1824 Scripturarum
1605 1754 1743 1808 divi-

163 1861 362 1901 narum
392 1844 716 1900 auctoritate
743 1857 868 1897 cum
911 1841 1072 1898 Patre
1099 1852 1154 1898 et
1183 1843 1321 1900 Filio
1351 1860 1474 1901 eum
1509 1845 1741 1914 professi
1772 1829 1814 1884 Β

162 1937 402 2012 fuissent
429 1954 442 1990 :
473 1949 644 2006 quare
673 1949 782 1988 non
815 1934 1005 1990 timent
1038 1935 1150 2001 isti,
1183 1936 1331 1990 Patri
1366 1944 1420 1992 et
1444 1936 1584 1992 Filio
1613 1938 1742 1992 sub-

160 2035 404 2094 trahere,
430 2037 484 2084 et
504 2026 845 2083 universitati
872 2029 1148 2084 audaciter
1172 2029 1605 2083 connumerare?
1638 2027 1742 2083 Sed

161 2124 389 2187 Paulus,
430 2119 610 2182 aiunt,
637 2118 894 2175 Ecclesiis
927 2117 1019 2172 Dei
1050 2137 1063 2172 :
1100 2116 1287 2170 Gratia
1316 2117 1456 2171 vobis
1497 2126 1546 2170 et
1576 2132 1682 2185 pan:
1711 2135 1744 2170 a

160 2217 274 2269 Deo
303 2213 484 2280 Patre,
519 2219 572 2268 et
599 2210 824 2266 Domino
854 2210 983 2264 Jesu
1013 2208 1223 2264 Christo
1242 2208 1324 2264 3‘:
1354 2223 1463 2262 non
1487 2209 1619 2264 dicit
1647 2225 1744 2263 au-

162 2315 272 2360 tem
295 2347 310 2372 ,
341 2313 396 2359 et
421 2304 624 2374 Spiritu
654 2313 868 2359 sancto.
888 2301 955 2355 Et
983 2302 1048 2356 ad
1065 2301 1580 2358 Thessalonicenses
1609 2303 1744 2358 scri-

163 2396 298 2451 bens
326 2396 458 2450 dicit
491 2415 504 2450 :
541 2395 662 2464 Ipse
690 2404 868 2449 autem
899 2393 1039 2446 Deus
1071 2392 1253 2458 Pater,
1277 2403 1326 2447 et
1361 2392 1621 2448 Dominus
1650 2411 1748 2448 no-

162 2501 272 2544 ster
298 2488 455 2543 Iesus
483 2489 723 2543 Christus
756 2488 957 2557 dirigat
985 2486 1126 2539 viam
1172 2496 1413 2539 nostram
1462 2487 1531 2539 ad
1570 2501 1657 2540 vos
1674 2488 1742 2540 ⁸⁸.

162 2579 281 2633 Non
306 2580 515 2645 dicens,
533 2589 595 2634 et
622 2578 858 2648 Spiritus
886 2587 1129 2642 sanctus,
1162 2574 1449 2632 manifeste
1481 2593 1604 2632 cum
1634 2593 1745 2632 non

163 2685 289 2723 cum
318 2669 477 2724 Patre
503 2677 556 2724 et
587 2668 749 2731 Filio,
790 2667 885 2723 sed
916 2682 1041 2722 cum
1074 2666 1429 2722 universitate
1459 2682 1584 2722 eum
1620 2683 1746 2737 pro-

165 2759 384 2813 nuntiat
415 2778 430 2814 :
465 2775 592 2813 nam
631 2768 683 2813 et
718 2759 956 2812 famulus
999 2755 1094 2811 Dei
1137 2756 1314 2812 Moses
1353 2757 1528 2812 dicit:
1561 2757 1749 2812 Domi-

167 2865 263 2902 nus
289 2849 428 2918 pluit
459 2865 491 2901 a
520 2848 748 2902 Domino
785 2849 848 2901 de
874 2846 1002 2900 ccelo
1027 2845 1247 2915 sulphur
1275 2854 1326 2900 et
1352 2846 1586 2914 ignem”
1606 2863 1618 2899 :
1638 2861 1747 2901 non

169 2948 439 2994 memorat
463 2938 734 3012 Spiritum
769 2948 1042 2994 sanctum.
1075 2937 1121 2989 A
1159 2951 1269 3005 quo
1297 2946 1352 2992 et
1373 2936 1577 2992 Paulus
1621 2953 1746 2992 cum

168 3031 475 3094 didicisset,
505 3040 560 3084 et
587 3032 654 3084 de
675 3029 1016 3099 Onesiphoro
1048 3028 1116 3082 ad
1145 3026 1491 3082 Timotheum
1515 3029 1705 3083 scribit
1731 3048 1744 3084 :

168 3116 268 3173 Det
298 3119 349 3171 ei
371 3117 627 3172 Dominus
657 3119 887 3173 invenire
920 3118 1340 3172 misericordiam
1376 3135 1406 3170 α
1437 3117 1662 3172 Domino
1691 3121 1746 3173 in

165 3209 253 3263 die
275 3211 378 3264 illa
393 3211 458 3264 ⁸⁷.
495 3209 717 3266 Necnon
751 3219 806 3265 et
835 3211 890 3264 in
919 3209 1108 3264 Exodo
1141 3209 1406 3279 scriptum
1431 3219 1516 3266 est
1546 3229 1559 3265 :
1595 3211 1746 3265 Dixit

167 3308 347 3356 autem
379 3300 638 3356 Dominus
679 3302 748 3355 ad
781 3299 982 3356 Mosem
1013 3318 1032 3356 :
1052 3300 1416 3373 lQuoadusque
1454 3319 1557 3356 non
1587 3305 1747 3362 vultis

169 3391 358 3446 audire
399 3394 654 3448 mandata
696 3411 831 3461 mea,
860 3403 908 3448 et
959 3393 1195 3464 legitima
1233 3411 1348 3448 mea
1376 3396 1751 3451 considerare?

169 3481 296 3536 Non
327 3481 586 3536 Dominus
615 3483 755 3537 Deus
783 3485 928 3537 dedit
962 3483 1104 3538 vobis
1131 3485 1292 3537 istum
1329 3483 1470 3538 diem
1502 3484 1744 3540 Sabbati.

165 3573 459 3644 Propterea
501 3577 608 3643 ipse
653 3576 798 3630 dedit
823 3576 964 3630 vobis
988 3593 1147 3647 panes
1176 3578 1340 3631 duum
1364 3579 1649 3634 dierum”.
1682 3578 1750 3634 Et

167 3669 260 3724 hic
294 3684 420 3725 cum
450 3669 626 3725 Patris
659 3678 713 3725 et
739 3669 865 3724 Filii
894 3669 1112 3726 fecisset
1141 3672 1493 3740 mentionem,
1523 3673 1589 3727 de
1621 3671 1747 3743 Spi-

167 3760 277 3814 ritu
323 3773 516 3816 sancto
551 3763 738 3816 tacuit.
770 3760 1013 3832 Denique
1044 3771 1098 3817 et
1143 3763 1438 3818 Zacharias
1482 3765 1746 3834 propheta

165 3853 302 3909 dicit
335 3870 350 3908 :
384 3852 454 3907 Et
485 3854 625 3907 dixit
657 3853 910 3908 Dominus
952 3855 1022 3909 ad
1051 3855 1321 3909 diabolum
1352 3871 1371 3909 :
1415 3854 1657 3926 Increpat
1691 3859 1748 3912 in

167 3953 218 3996 te
242 3943 523 4011 Dominus,
550 3944 754 3999 diabole
767 3946 832 3996 ⁸⁸.
865 3943 964 4000 Ubi
988 3954 1140 4001 estet
1170 3962 1313 4002 nunc
1339 3957 1392 4002 et
1421 3949 1564 4017 apud
1582 3949 1746 4004 istum

166 4030 404 4102 Spiritus
434 4035 692 4090 sanctus?
718 4035 890 4101 Quem
925 4045 1104 4091 autem
1133 4053 1242 4092 non
1266 4040 1508 4094 movebit
1539 4040 1746 4095 instru-
1783 4077 1790 4084 -

162 4123 277 4178 ctio
322 4127 688 4193 sacramenti,
731 4137 890 4196 prout
936 4126 1202 4184 Dominus
1236 4129 1530 4186 conﬁtetur
1562 4150 1575 4185 :
1609 4131 1740 4188 Htec

159 4231 245 4274 est
286 4228 462 4273 autem
489 4221 597 4273 vita
627 4229 918 4288 teterna,ut
947 4233 1262 4290 cognoscant
1291 4233 1340 4276 te
1369 4223 1540 4277 solum
1566 4241 1744 4280 verum

163 4308 359 4376 Deum,
391 4319 443 4364 et
486 4326 638 4380 quem
681 4312 877 4365 misisti
915 4311 1102 4366 Jesum
1147 4312 1497 4382 Christum”,
1525 4331 1649 4371 cum
1680 4317 1747 4372 de

166 4399 377 4470 Spiritu
396 4402 534 4456 nihil
558 4403 823 4458 dixisset?
847 4403 1050 4467 Paulus
1080 4413 1284 4470 autem,
1307 4421 1432 4460 cum
1462 4407 1746 4464 didicisset

1839 571 2009 626 Filius
2037 571 2132 626 Dei
2165 571 2220 625 in
2251 569 2594 626 confessione
2625 571 2858 634 dicitur;
2896 579 2990 625 aut
3033 571 3078 626 si
3131 571 3413 626 audieritis

1840 664 2036 718 iterum
2069 677 2194 718 eum
2223 663 2488 717 dicentem
2520 681 2531 714 :
2570 661 2742 716 Testes
2782 665 2908 716 estis
2947 679 3057 729 vos,
3088 664 3136 716 si
3163 673 3239 718 est
3274 664 3416 720 Deus

1840 768 2032 825 prteter
2055 755 2333 819 me“,non
2360 755 2473 826 jam
2502 755 2672 810 Deum
2697 771 2820 811 esse
2839 755 3147 811 Filium.Et
3175 757 3371 812 iterum
3400 776 3440 814 ι·

1842 845 1954 916 Ego
1985 847 2188 916 primus
2219 855 2267 899 et
2297 862 2389 916 ego
2420 855 2621 916 postea,
2641 855 2689 900 et
2707 857 2896 916 prwter
2926 863 3005 901 me
3032 847 3172 902 Deus
3197 864 3297 901 non
3318 859 3416 903 est.

1845 935 1923 989 Tu
1951 945 2127 989 autem
2156 952 2256 989 non
2286 937 2426 990 nosti
2482 953 2582 1000 me,
2615 939 2741 1007 quia
2773 954 2864 1007 ego
2889 937 3142 992 Dominus
3183 939 3340 1005 Deus,
3367 951 3419 994 et

1843 1044 1947 1081 non
1986 1037 2062 1081 est
2110 1027 2249 1081 alius
2294 1036 2485 1096 praeter
2532 1044 2628 1081 me.
2662 1027 2774 1098 Ego
2809 1028 3088 1096 Dominus,
3119 1039 3167 1084 et
3211 1046 3311 1083 non
3341 1043 3421 1085 est

1844 1118 2070 1187 amplius
2087 1118 2154 1172 ⁸⁸.
2184 1116 2339 1184 Quod
2373 1119 2418 1172 si
2448 1118 2728 1173 audieritis
2760 1127 2814 1173 et
2858 1135 2952 1189 per
2993 1119 3110 1175 Joel
3149 1121 3418 1175 dicentem

1843 1209 2012 1264 Deum
2040 1229 2053 1264 :
2081 1209 2152 1263 Et
2181 1211 2662 1280 cognoscetis,quia
2683 1226 2773 1280 ego
2802 1212 2856 1264 in
2888 1212 3055 1265 medio
3085 1210 3257 1266 Israel
3279 1229 3418 1266 sum.

1844 1299 1956 1370 Ego
1989 1299 2243 1354 Dominus
2279 1300 2418 1354 Deus
2452 1309 2635 1366 vester,
2662 1310 2712 1354 et
2755 1317 2857 1356 non
2896 1312 2971 1356 est
3019 1301 3247 1372 amplius
3280 1302 3422 1356 alius

1842 1400 2034 1456 praeter
2067 1390 2235 1456 me";
2274 1399 2328 1444 et
2351 1391 2485 1445 alias
2519 1389 2652 1444 tales
2681 1390 3103 1445 innumerabiles
3129 1390 3424 1460 professio-

1845 1493 1942 1533 nes
1987 1478 2296 1533 divinarum
2349 1477 2753 1547 Scripturarum
2805 1494 2928 1533 cum
2987 1479 3290 1543 audieritis,
3322 1496 3423 1534 nec

1843 1571 2042 1625 Filium
2078 1571 2264 1641 utique
2297 1570 2500 1626 dabitis
2540 1569 2650 1626 Deo
2680 1572 3098 1627 connumerari?
3134 1571 3199 1626 Et
3222 1573 3421 1644 quibus

1844 1674 1973 1719 ante
2009 1662 2366 1718 consensistis
2401 1662 2698 1733 Scripturis
2727 1662 2932 1718 dixisse
2962 1664 3028 1718 de
3059 1662 3221 1718 Patre
3245 1672 3299 1718 et
3331 1664 3423 1718 Fi-

1844 1755 1938 1822 lio,
1966 1754 2157 1809 iisdem
2188 1769 2334 1809 nunc
2357 1755 2630 1808 contraria
2660 1753 2735 1807 ita
2763 1768 2882 1808 esse
2903 1753 3128 1808 dicetis?
3147 1753 3256 1808 Aut
3280 1770 3422 1808 nun-

1843 1849 1973 1918 quid
2004 1847 2119 1901 haac
2147 1862 2256 1902 non
2286 1855 2414 1902 sunt
2434 1845 2838 1917 Scripturarum
2869 1845 3033 1900 verba
3058 1886 3072 1911 ,
3107 1846 3202 1900 scd
3230 1845 3422 1900 adver-

1843 1950 2033 1996 santur
2058 1940 2182 2007 sibi,
2204 1941 2504 1996 secundum
2533 1956 2648 2005 vos,
2664 1941 2861 1995 divinm
2881 1939 3216 2008 Scripturaz?
3242 1939 3418 1994 Absit!

1846 2032 1952 2088 Sed
1980 2033 2105 2089 licet
2126 2033 2481 2104 singulariter
2506 2033 2682 2088 sancti
2714 2033 3008 2103 loquantur
3051 2033 3215 2088 unius
3250 2032 3422 2087 nomi-

1844 2126 1930 2181 nis
1979 2127 2271 2190 mentione,
2297 2125 2352 2180 id
2400 2135 2484 2180 cst
2537 2124 2736 2191 Patris,
2764 2127 2848 2180 vel
2886 2124 3028 2190 Filii,
3058 2128 3144 2180 vel
3185 2123 3424 2196 Spiritus

1845 2217 2038 2280 sancti,
2073 2217 2128 2270 in
2166 2231 2278 2271 uno
2307 2225 2486 2270 tamen
2525 2215 2745 2269 nomine
2769 2213 3088 2269 Trinitatem
3119 2213 3176 2268 in
3209 2229 3268 2269 se
3291 2229 3424 2283 pro-

1846 2307 2097 2360 nuntiare
2148 2307 2348 2372 sciunt,
2391 2305 2538 2376 quod
2583 2304 2876 2361 novissime
2929 2305 3304 2375 probabimus.
3353 2303 3425 2360 Ut

1845 2398 1988 2450 enim
2014 2397 2096 2451 hae
2121 2395 2490 2466 professiones
2519 2394 2718 2451 Filium
2745 2409 2852 2451 non
2876 2396 3176 2451 excludunt
3203 2396 3272 2450 ab
3299 2396 3424 2450 uni—

1846 2498 1955 2541 tate
1974 2486 2175 2548 Patris,
2195 2488 2306 2541 imo
2331 2496 2384 2542 et
2409 2487 2671 2558 Spiritum
2695 2497 2941 2543 sanctum
2965 2497 3421 2542 connumeratum

1845 2573 1995 2630 Patri
2022 2583 2077 2630 et
2102 2574 2242 2631 Filio
2266 2577 2566 2643 continent,
2598 2577 3059 2646 quemadmodum
3085 2577 3139 2630 in
3171 2576 3422 2648 Scriptu-

1847 2667 1926 2722 ris
1973 2670 2178 2724 sanctis
2227 2669 2654 2725 monstravimus
2683 2687 2696 2721 :
2730 2669 2810 2724 sic
2839 2683 2937 2723 nec
2962 2683 3086 2724 cum
3129 2669 3340 2724 Patrem
3372 2679 3425 2724 et

1845 2759 2046 2818 Filium
2113 2763 2400 2817 nominant
2449 2759 2788 2829 Scriptura,
2845 2757 3105 2829 Spiritum
3163 2769 3422 2830 tanquam

1849 2863 2091 2909 creatum
2124 2851 2463 2908 universitati
2497 2860 2911 2905 connumerant.
2947 2851 3202 2922 Alioquin
3234 2867 3424 2922 quem-

1849 2948 2141 3001 admodum
2179 2945 2244 3000 de
2271 2944 2432 2999 Patre
2462 2955 2515 2998 et
2549 2941 2688 2999 Filio
2718 2943 2901 2998 dicitis
2933 2949 2987 2996 ct
3023 2942 3309 3000 ostenditis
3343 2943 3425 2997 di-

1848 3051 1972 3090 cere
2003 3034 2334 3105 Scripturas,
2364 3035 2689 3089 arbitrantes
2735 3048 2846 3088 non
2887 3034 3272 3088 connumerari
3299 3049 3424 3090 cum

1850 3128 2009 3183 Patre
2037 3136 2091 3182 et
2114 3126 2254 3182 Filio
2286 3126 2548 3196 Spiritum
2579 3134 2853 3190 sanctum,
2893 3125 2938 3180 si
2967 3125 3248 3182 audieritis
3277 3125 3424 3180 Scri-

1850 3229 2040 3290 pturas
2090 3218 2420 3272 mentionem
2473 3215 2738 3271 facientes
2781 3215 2879 3270 Dei
2919 3225 2971 3270 et
3001 3215 3264 3285 Spiritus,
3295 3217 3424 3285 quid

1849 3311 2004 3366 eritis
2037 3308 2272 3364 facturi?
2326 3307 2468 3362 Dicit
2515 3322 2646 3363 sane
2690 3308 2916 3376 Aggaeus
2947 3305 3209 3375 propheta
3241 3322 3255 3359 :
3284 3305 3403 3370 Qua

1849 3411 2059 3474 propter
2079 3417 2171 3472 ego
2193 3416 2308 3453 sum
2333 3400 2618 3464 vobiscum,
2637 3397 2766 3449 dicit
2792 3395 3050 3449 Dominus
3073 3395 3420 3464 omnipotens,

1849 3506 1897 3550 et
1919 3493 2147 3562 Spiritus
2177 3507 2320 3545 meus
2343 3497 2545 3543 constat
2563 3490 2617 3541 in
2634 3487 2802 3540 medio
2832 3484 3138 3539 vestrum".
3160 3483 3422 3540 Conside-

1849 3594 1966 3640 rate
1995 3597 2148 3653 ergo,
2176 3582 2267 3637 ubi
2296 3581 2512 3651 ponatis
2546 3578 2742 3632 Filium
2773 3595 2786 3631 :
2822 3591 2949 3632 ecce
2979 3574 3124 3630 enim
3166 3575 3420 3643 omnipo-

1849 3685 1972 3731 tens
1995 3681 2048 3730 et
2077 3673 2314 3743 Spiritus
2342 3668 2821 3739 signiﬁcatur.Aut
2843 3667 2888 3723 si
2913 3665 3196 3722 audieritis
3223 3665 3420 3721 Isaiam

1849 3767 2119 3822 dicentem
2151 3783 2165 3818 :
2212 3762 2321 3829 Vae,
2352 3762 2455 3831 ﬁlii
2486 3761 2775 3814 desertores
2796 3799 2810 3824 ,
2839 3759 2948 3812 haec
2973 3759 3102 3810 dicit
3125 3757 3422 3813 Dominus:

1849 3857 2076 3911 Fecistis
2108 3854 2408 3920 consilium,
2437 3861 2485 3908 et
2517 3868 2616 3905 non
2649 3865 2714 3906 ea:
2745 3867 2826 3904 me
2857 3864 2875 3902 :
2903 3857 2951 3903 et
2977 3857 3214 3919 pactum,
3241 3858 3290 3902 et
3320 3864 3423 3902 non

1847 3965 1938 4018 per
1967 3947 2228 4017 Spiritum
2250 3961 2443 4012 meum,
2465 3944 2694 4012 adjicere
2712 3949 2923 4011 peccata
2946 3955 3102 4010 super
3125 3951 3337 4009 peccata
3355 3941 3421 3996 ³⁸.

1846 4038 1914 4095 Et
1945 4041 2137 4094 iterum
2175 4057 2188 4092 :
2221 4036 2572 4092 Occurrerunt
2593 4032 2693 4088 sibi
2716 4047 2898 4095 cervte,
2918 4041 2966 4084 et
2993 4031 3232 4085 viderunt
3261 4032 3424 4100 facies

1847 4148 1994 4198 suas,
2024 4145 2241 4184 numero
2278 4129 2625 4191 transierunt,
2664 4134 2714 4179 et
2757 4140 2864 4178 una
2903 4138 2968 4177 es
2992 4123 3066 4177 eis
3092 4123 3270 4192 periit.
3298 4123 3423 4175 Alia

1848 4221 2013 4275 aliam
2052 4237 2153 4274 non
2195 4220 2456 4290 quaesivit,
2487 4218 2612 4289 quia
2640 4215 2896 4268 Dominus
2944 4214 3213 4268 mandavit
3244 4214 3340 4279 eis,
3374 4225 3422 4266 et

1847 4311 2081 4381 Spiritus
2111 4311 2222 4381 ejus
2251 4309 2580 4381 congregavit
2602 4307 2775 4362 eas”.
2797 4303 2924 4372 Haec
2952 4317 3081 4374 ergo
3113 4303 3421 4366 audientes,

1848 4406 1940 4461 ubi
1966 4404 2164 4458 Filium
2187 4402 2476 4474 quaeritis?

164 4494 292 4548 ﬁdei
317 4505 744 4562 sacramentum,
767 4497 989 4552 tradidit
1016 4497 1261 4553 scribens
1291 4499 1399 4553 ita:
1429 4498 1598 4553 Nobis
1626 4517 1742 4554 vero
1776 4512 1822 4568 ι)
1918 4517 1971 4570 5,
2013 4514 2124 4567 Aut
2152 4513 2198 4568 si
2227 4509 2508 4566 audieritis
2543 4508 2862 4564 Zachariam
2890 4504 3210 4577 prophetam
3240 4502 3417 4558 dicen.

165 4602 306 4639 unus
350 4585 490 4640 Deus
529 4585 716 4656 Pater,
744 4605 809 4642 ea:
847 4606 948 4659 quo
993 4578 1190 4653 om'nia,
1221 4599 1273 4644 et
1309 4608 1402 4646 nos
1438 4593 1493 4645 in
1529 4593 1624 4646 illo
1648 4610 1666 4647 .'
1693 4603 1742 4648 et

161 4693 304 4730 unus
344 4676 601 4733 Dominus
648 4679 803 4734 Iesus
842 4680 1106 4746 Christus,
1141 4696 1233 4749 per
1271 4697 1422 4751 quem
1465 4683 1662 4749 omnia,
1695 4691 1744 4736 et

159 4783 258 4822 nos
287 4786 380 4838 per
402 4771 657 4838 ipsum".

233 4882 292 4937 4.
331 4881 474 4954 Ergo
521 4885 722 4955 ubique
781 4886 978 4942 divinae
1029 4883 1326 4955 Scripturte
1372 4895 1741 4943 memorantes

157 4969 380 5027 Patrem
414 4983 468 5030 et
498 4975 719 5042 Filium,
761 4991 868 5031 non
904 4987 1336 5031 commemorant
1368 4978 1530 5031 etiam
1563 4975 1739 5046 Spiri-

165 5071 286 5118 tum
315 5075 587 5122 sanctum.
621 5066 832 5132 Quibus
860 5067 1094 5122 dicimus
1125 5086 1138 5121 :
1173 5067 1230 5121 Si
1258 5081 1386 5138 ergo
1415 5065 1618 5121 Mosem
1642 5083 1744 5120 au-

165 5154 382 5210 dieritis
413 5157 681 5212 dicentem
712 5177 724 5212 :
759 5158 1044 5211 Dominum
1076 5157 1242 5211 Deum
1281 5168 1428 5211 tuum
1467 5159 1740 5222 adorabis,

156 5250 208 5294 et
237 5241 342 5308 ipsi
371 5242 472 5296 soli
503 5246 690 5298 servies
706 5245 786 5312 ⁹²;
816 5255 910 5300 aut
932 5246 977 5300 si
1003 5246 1286 5300 audieritis
1313 5245 1485 5300 Deum
1514 5247 1566 5300 in
1599 5246 1738 5302 Isaia

154 5331 430 5388 dicentem
452 5353 465 5387 :
484 5333 597 5405 Ego
623 5336 785 5401 Deus,
815 5345 865 5390 et
888 5353 990 5389 non
1019 5346 1094 5390 est
1118 5345 1310 5406 prteter
1325 5354 1403 5390 me
1424 5336 1634 5390 salvans
1652 5337 1697 5368 9'
1726 5351 1740 5389 :

229 5428 280 5460 "
317 5427 454 5482 Dan.
490 5447 570 5492 ιιι,
618 5431 795 5486 57-62.
872 5433 918 5464 ⁸⁸
993 5433 1125 5486 ibid.
1161 5431 1246 5487 88.

153 5584 234 5630 vr,
266 5569 351 5623 l5.
427 5568 474 5600 ”
513 5570 616 5626 lsa.
643 5587 797 5638 mu,
829 5575 916 5626 11.

155 5654 290 5703 xxx,
326 5639 379 5693 1.
454 5640 499 5671 ⁹⁹
537 5643 640 5697 lsa.
673 5658 860 5712 xxxrv,
893 5642 979 5706 15,
1013 5643 1094 5698 16.

226 5797 337 5870 (21)
379 5799 510 5855 Mss.
539 5799 670 5872 Reg.
705 5810 758 5855 et
787 5802 843 5855 S.
882 5799 970 5865 G.,
1009 5799 1292 5857 Ezechiele.

486 5896 759 5958 ΡΑΤιιοι..
817 5896 934 5956 Gn.
983 5895 1218 5957 XXVI.

1353 5433 1399 5465 δι
1437 5432 1596 5486 Rom.
1627 5449 1666 5495 ι,
1703 5432 1734 5484 7
1795 5442 1849 5487 et

153 5497 200 5531 ⁸⁷
237 5497 282 5550 Il
308 5497 451 5552 Tim.
490 5517 527 5564 ι,
563 5502 648 5556 18.
723 5503 769 5534 ⁸⁸
807 5501 978 5556 Exod.
1013 5520 1119 5563 xvr,
1151 5503 1242 5566 28,
1276 5503 1365 5557 29.
1441 5503 1485 5535 ⁸9
1525 5502 1740 5556 ΖειαΙιειπ

1850 5545 1862 5568 ,
1881 5497 1946 5557 ’2.

992 5573 1040 5603 θ*
1077 5572 1182 5627 lsa.
1215 5591 1357 5636 xuv,
1389 5573 1442 5627 8.
1518 5574 1562 5604 ⁸³⁵
1600 5571 1706 5627 lsa.
1740 5589 1862 5634 xcv,
1893 5575 1946 5637 4,
1980 5573 2031 5628 5.

1851 4616 1992 4662 tem:
2015 4604 2200 4657 Patres
2229 4604 2385 4656 vestri
2417 4601 2505 4655 ubi
2535 4608 2655 4654 sunt
2680 4610 2725 4653 et
2759 4597 3063 4668 prophetes?
3083 4597 3210 4649 dicit
3235 4594 3419 4648 Domi-

1849 4715 1947 4752 nus
1974 4713 1991 4750 :
2023 4694 2278 4765 Nunquid
2301 4695 2358 4747 in
2389 4701 2640 4748 azternum
2665 4689 2876 4745 vivent?
2913 4687 3281 4743 Verumtamen
3309 4703 3420 4740 ser-

1848 4805 2022 4843 mones
2050 4803 2189 4840 meos
2222 4795 2270 4839 et
2295 4786 2662 4856 legitimamea
2685 4781 2954 4851 percipite,
2971 4795 3087 4848 qua:
3105 4795 3197 4849 ego
3224 4779 3415 4831 mando

1846 4885 1901 4936 in
1931 4881 2133 4950 Spiritu
2153 4895 2264 4932 meo
2291 4879 2451 4932 servis
2483 4878 2610 4930 meis
2635 4871 2918 4944 prophetis,
2949 4871 3040 4940 qui
3068 4873 3417 4940 apprehenae—

1846 4985 1967 5028 runt
1997 4981 2170 5038 patres
2199 4971 2453 5024 vestros‘.
2481 4970 2589 5022 Aut
2627 4966 2673 5021 si
2706 4963 2985 5019 audieritis
3027 4961 3195 5017 David
3233 4963 3417 5017 dicen-
3515 4992 3520 5001 ι

1847 5075 1953 5120 tem
1992 5065 2102 5118 Deo
2135 5082 2151 5118 :
2185 5062 2300 5128 Quo
2330 5061 2415 5115 ibo
2445 5079 2478 5114 a
2512 5059 2718 5130 Spiritu
2746 5069 2856 5122 tuo,
2879 5067 2929 5110 et
2960 5075 2992 5111 a
3016 5056 3153 5126 facie
3191 5064 3281 5109 tua
3313 5071 3415 5126 quo

1847 5154 2117 5227 fugiam“!
2149 5153 2288 5220 Quid
2315 5151 2620 5223 cogitabitis
2646 5151 2713 5206 de
2735 5148 2910 5203 Filio?
2933 5147 3024 5202 Sic
3055 5159 3184 5200 vero
3213 5153 3266 5200 et
3286 5160 3413 5214 apo-

1846 5251 2020 5303 stolus
2073 5247 2277 5302 Paulus
2331 5245 2630 5300 Corinthiis
2683 5242 2952 5302 scribens.
3005 5241 3121 5294 ait:
3156 5237 3412 5302 Nescitis,

1845 5339 1969 5408 quia
2003 5337 2251 5408 templum
2272 5335 2371 5390 Dei
2392 5337 2536 5402 estis,
2559 5345 2607 5390 et
2635 5334 2864 5404 Spiritus
2898 5331 2991 5385 Dei
3023 5329 3226 5384 habitat
3251 5331 3303 5383 in
3326 5345 3416 5382 vo—

1881 5433 2138 5502 passim,
2207 5433 2252 5465 ⁸⁸
2287 5432 2307 5485 l
2337 5432 2530 5487 Thess.
2572 5447 2657 5494 ιιι,
2680 5429 2774 5502 11.
2909 5429 2955 5460 ⁸⁸
2995 5427 3128 5502 Gen.
3161 5441 3286 5502 xix,
3313 5425 3406 5480 24.

2028 5504 2073 5536 ³⁸
2109 5501 2268 5557 Joan.
2306 5520 2438 5565 xvu,
2475 5504 2527 5556 5.
2605 5501 2690 5553 9|l
2724 5499 2852 5554 Cor.
2883 5514 3002 5561 vm,
3038 5497 3091 5552 6.
3168 5498 3212 5528 ⁹¹
3251 5496 3408 5553 Deut.

2129 5575 2176 5605 ³⁸
2207 5571 2348 5630 Jocl.
2389 5589 2445 5640 ιι,
2471 5573 2561 5629 27.
2654 5572 2698 5603 ⁸⁷
2736 5570 2871 5640 Agg.
2908 5583 2969 5634 lt,
3001 5569 3056 5634 5,
3087 5565 3140 5620 6.
3216 5566 3263 5598 ⁸⁸
3304 5565 3410 5621 lsa.

1175 5643 1190 5672 ¹
1233 5643 1460 5698 Zachar.
1495 5659 1535 5710 ι,
1564 5643 1616 5711 5,
1641 5642 1693 5696 6.
1768 5645 1787 5673 ²
1826 5643 1970 5700 Psal.
2006 5659 2269 5711 cxxxvm,
2299 5644 2348 5696 7.

3089 5875 3166 5935 38
