3794 6226
413 333 550 390 1195

975 330 1032 387 S.
1074 329 1442 386 ATHANASI!
1480 330 1630 388 OPP.
1673 330 1851 388 PARS
1887 330 1929 386 Ῑ.
1961 363 2030 373 -
2062 330 2433 390 HISTORICA
2472 331 2558 387 ET
2599 330 3019 387 DOGMATICA.

3535 335 3680 390 1196

408 447 567 502 bis"
597 443 809 501 Patrem
837 453 888 500 et
917 443 1175 513 Spiritum
1209 443 1590 498 eonnumerari
1617 443 1817 498 dabitis
1842 462 1855 497 :
1884 442 1977 495 Fi-
2008 449 2053 504 Α
2082 442 2194 513 Ego
2223 461 2340 497 sum
2363 485 2380 510 ,
2411 444 2501 513 qui
2534 444 2679 498 deleo
2709 461 2884 498 omnes
2917 446 3242 515 iniquitates,
3273 448 3361 502 dic
3385 459 3444 502 tu
3471 450 3681 519 iniqui-

410 541 542 593 lium
577 553 706 595 vero
759 536 814 590 in
863 535 970 602 his,
999 552 1121 606 quae
1154 552 1248 605 per
1277 536 1538 606 Spiritum
1568 545 1715 600 sunt,
1745 537 1979 605 ponetis.

410 626 578 684 Isaias
628 627 774 681 enim
834 626 969 682 dixit
1006 645 1019 681 :
1056 625 1182 680 Hcce
1229 627 1358 679 dicit
1412 627 1717 680 Dominus:
1751 625 1980 680 Fecistis

407 722 709 784 consilium,
736 727 784 772 et
817 735 916 772 non
941 735 1034 790 per
1057 735 1137 771 me
1168 735 1186 771 :
1218 728 1266 771 et
1287 730 1519 788 pactum,
1541 727 1592 771 et
1617 734 1717 770 non
1747 735 1837 787 per
1861 716 1982 787 Spi-

405 815 567 868 ritum
596 829 768 866 meum
787 811 829 866 ⁴.
862 809 1214 880 Nequaquam
1246 826 1374 880 ergo
1406 826 1505 863 nec
1536 810 1590 863 in
1627 819 1862 864 mentem
1892 826 1980 863 ve-

404 903 858 974 stram,religiosi
880 903 1126 965 viri,hoc
1155 902 1344 956 subeat
1367 917 1604 970 unquam
1636 920 1648 954 :
1677 901 1768 956 sed
1795 917 1982 970 quem-

401 994 694 1050 admodum
728 992 962 1058 dixistis,
995 989 1224 1044 Paulum
1258 989 1545 1058 scripsisse
1573 1007 1584 1040 :
1617 987 1806 1040 Gratia
1838 987 1978 1040 vobis

386 1101 582 1159 (etpax
615 1105 648 1141 a
677 1086 786 1140 Deo
819 1085 1006 1149 Patre,
1036 1093 1083 1136 et
1110 1083 1331 1135 Domino
1355 1091 1530 1133 nostro
1556 1079 1682 1133 Iesu
1707 1079 1916 1134 Christo
1935 1081 1976 1145 ⁵;

399 1189 453 1234 et
494 1179 698 1234 nullam
729 1177 1060 1231 mentionem
1087 1189 1212 1228 eum
1246 1172 1440 1226 fecisse
1471 1171 1707 1240 Spiritus
1733 1171 1975 1240 putatis:

401 1273 483 1327 sic
515 1272 711 1326 iterum
750 1269 931 1324 audite
957 1282 1084 1322 eum
1127 1265 1194 1319 ad
1226 1263 1540 1318 Corinthios
1569 1263 1892 1317 scribentem
1924 1263 1977 1315 in

400 1360 639 1417 secunda
666 1359 905 1429 Epistola
931 1375 944 1412 :
970 1355 1156 1411 Gratia
1183 1353 1396 1408 Domini
1417 1363 1581 1406 nostri
1601 1352 1727 1406 Iesu
1755 1352 1975 1418 Christi,

399 1463 451 1509 et
481 1455 712 1508 Charitas
737 1451 854 1514 Dei,
875 1459 924 1504 et
951 1449 1360 1503 communicatio
1397 1444 1628 1515 Spiritus
1659 1445 1830 1499 sancti
1858 1462 1977 1498 cum

394 1551 642 1604 omnibus
663 1549 815 1603 vobis
835 1549 877 1602 ⁸.
916 1548 982 1602 Et
1009 1543 1468 1616 quemadmodum
1495 1543 1584 1596 hic
1609 1541 1766 1606 dixit,
1794 1540 1977 1594 chari-

404 1649 489 1695 tas
516 1639 633 1706 Dei,
653 1638 919 1694 sic'etiam
950 1637 1016 1691 ad
1048 1635 1322 1689 Romanos
1353 1651 1366 1686 :
1395 1632 1623 1687 Obsecro
1651 1641 1825 1686 autem
1861 1648 1971 1694 vos,

403 1732 620 1800 fratres,
652 1745 744 1798 per
775 1727 1060 1780 Dominum
1107 1734 1348 1780 nostrum
1391 1722 1574 1776 Iesum
1598 1722 1889 1787 Christum,
1922 1733 1971 1776 et

2087 546 2219 591 tates
2253 547 2369 590 tuas
2395 538 2570 606 prior,
2602 547 2658 590 ut
2679 537 3009 606 justiﬁceris.
3039 538 3230 594 Patres
3259 545 3416 595 vestri
3439 544 3676 610 priores.

2083 637 2130 680 et
2158 629 2419 697 principes
2453 645 2632 680 eorum
2663 629 2837 697 inique
2865 638 3077 698 egerunt
3109 631 3162 683 in
3194 646 3296 696 me,
3329 642 3378 685 et
3409 633 3680 684 contami-

2083 729 2334 772 naverunt
2380 718 2640 788 principes
2670 729 2855 772 sancta
2898 735 3012 772 mea
3045 736 3062 772 :
3092 730 3141 780 et
3173 721 3295 774 dedi
3321 723 3544 790 perdere
3573 723 3682 778 Ia-

2083 811 2196 874 cob,
2231 820 2278 863 et
2309 809 2481 864 Israel
2505 847 2518 874 ,
2550 826 2698 880 quem
2731 809 2896 879 elegi,
2944 811 3073 880 quia
3100 828 3193 882 ego
3220 814 3353 866 dabo
3380 830 3587 884 aquam
3623 818 3683 870 in

2082 901 2251 965 sitim,
2279 902 2369 970 qui
2408 901 2508 953 iter
2533 900 2766 967 fecerunt
2804 900 2860 952 in
2893 902 3032 954 sicco
3057 917 3075 952 :
3103 902 3370 970 imponam
3402 903 3684 971 Spiritum

2085 1009 2254 1045 meum
2277 1008 2432 1060 super
2456 1008 2626 1045 semen
2655 1003 2825 1058 tuum,
2853 1002 2901 1045 et
2926 991 3308 1047 benedictiones
3340 985 3483 1047 meas
3515 1012 3687 1063 super

2080 1086 2220 1154 filios
2247 1095 2361 1138 tuos
2387 1085 2452 1140 ¹⁵.
2487 1083 2552 1136 Et
2584 1084 2700 1153 ipse
2725 1099 2856 1138 vero
2886 1083 3076 1148 Isaias,
3109 1085 3431 1139 Trinitatem
3463 1088 3686 1156 praedi-

2081 1194 2214 1232 cans
2235 1219 2249 1242 ,
2280 1178 2356 1232 ait
2385 1195 2399 1231 :
2433 1176 2567 1230 Ecce
2596 1193 2784 1230 nomen
2818 1177 3034 1230 Domini
3065 1195 3158 1246 per
3200 1178 3427 1231 multum
3461 1192 3682 1246 tempus

2080 1273 2240 1336 venit,
2276 1271 2467 1324 ardens
2497 1273 2604 1334 ira,
2637 1287 2756 1323 cum
2795 1271 2967 1339 gloria
2993 1270 3254 1324 labiorum
3277 1271 3416 1341 ejus,
3450 1272 3685 1324 verbum

2078 1360 2160 1412 ira
2194 1359 2439 1428 plenum,
2479 1369 2528 1412 et
2560 1360 2642 1411 ira
2673 1359 2894 1427 furoris,
2950 1360 3086 1412 sicut
3124 1362 3291 1430 ignis,
3324 1371 3375 1415 et
3426 1359 3683 1429 Spiritus

2078 1467 2223 1504 meus
2249 1450 2388 1503 sicut
2414 1465 2604 1519 aquam
2636 1449 2845 1502 trahens
2888 1451 3054 1502 veniet
3090 1467 3250 1520 usque
3281 1451 3350 1504 ad
3378 1451 3589 1504 collum
3611 1451 3688 1504 ‘3.

2076 1541 2272 1595 Audite
2298 1555 2426 1594 vero
2453 1549 2505 1593 et
2534 1538 2852 1592 Zachariam
2882 1538 3201 1594 Trinitatem
3231 1542 3638 1610 przedicantem
3662 1557 3680 1605 ;

2077 1633 2314 1687 aitenim
2346 1651 2357 1685 :
2389 1631 2518 1686 Παίς
2546 1633 2674 1688 dicit
2705 1632 2961 1686 Dominus
2986 1633 3306 1700 omnipotens
3337 1647 3354 1683 :
3381 1631 3677 1686 Iudicium

2073 1724 2276 1790 justum
2323 1725 2604 1794 judicate,
2651 1735 2700 1778 et
2732 1725 3150 1780 misericordiam
3195 1735 3245 1777 et
3289 1725 3677 1778 miserationes

398 1785 492 1894 per
523 1785 834 1875 charitatem
861 1816 1116 1888 Spiritus,
1141 1813 1508 1869 concertemini
1541 1828 1740 1865 mecum
1763 1813 1819 1865 in
1847 1829 1973 1865 ora-
2004 1785 2046 1841 Β
2076 1815 2237 1884 facite
2266 1817 2620 1886 unusquisque
2646 1817 2714 1868 ad
2758 1816 2980 1887 fratrem
3033 1831 3229 1878 suum;
3267 1825 3316 1869 et
3361 1817 3548 1870 vidua:
3574 1859 3589 1880 ,
3621 1827 3674 1868 et

400 1912 628 1969 tionibus
655 1927 748 1982 pro
775 1926 854 1964 me
883 1909 951 1962 ad
983 1907 1210 1962 Deum".
1239 1905 1451 1961 Etcum
1483 1904 1683 1958 Paulus
1709 1903 1976 1959 asseruis-

400 2014 486 2062 set
531 1988 1078 2060 communicationem
1128 1996 1363 2068 Spiritus
1400 1987 1705 2059 robiscum,
1733 1993 1974 2050 Joannes

401 2096 479 2152 ait
509 2114 524 2152 :
555 2091 974 2150 Communicatio
1008 2104 1124 2143 vero
1157 2097 1337 2141 nostra
1371 2097 1425 2140 ut
1457 2087 1526 2139 sit
1559 2101 1678 2138 cum
1705 2083 1892 2149 Patre,
1922 2092 1972 2137 et

403 2179 549 2244 Filio
573 2188 684 2258 ejus
707 2185 835 2240 Iesu
861 2184 1071 2240 Christo
1087 2182 1128 2236 ⁸.
1160 2181 1360 2236 Paulus
1391 2189 1571 2234 autem
1596 2177 1874 2248 apostolus
1891 2177 1974 2231 di-

403 2284 480 2338 cit
509 2300 524 2337 :
555 2279 756 2334 Fidelis
785 2286 958 2332 autem
991 2276 1152 2339 Deus,
1180 2290 1270 2344 per
1294 2289 1449 2344 quem
1480 2272 1651 2327 vocati
1698 2287 1879 2324 sumus
1919 2272 1974 2324 in

400 2371 922 2431 communicationem
949 2367 1082 2422 Filii
1121 2369 1204 2422 sui
1233 2365 1364 2420 Iesu
1398 2364 1596 2420 Christi
1631 2363 1841 2416 Domini
1875 2378 1971 2415 no-

399 2472 559 2528 stri’.
601 2470 664 2522 In
707 2467 882 2538 prima
915 2479 1132 2535 quoque
1159 2460 1396 2532 Epistola
1438 2459 1504 2514 ad
1535 2456 1847 2513 Corinthios
1873 2471 1972 2509 ne-

399 2576 555 2622 cesse
581 2568 666 2616 est
693 2560 889 2613 iterum
922 2554 1112 2609 audire
1138 2552 1390 2613 Paulmn,
1427 2549 1748 2602 Trinitatem
1774 2546 1972 2616 prtedi-

400 2653 648 2722 cantem;
668 2649 800 2706 dicit
822 2647 967 2702 enim
994 2665 1008 2701 :
1031 2644 1325 2698 Divisiones
1349 2652 1523 2695 autem
1550 2640 1806 2722 donorum
1825 2646 1972 2704 sunt,

400 2746 540 2800 idem
563 2758 683 2799 vero
707 2739 941 2810 Spiritus
968 2751 985 2790 :
1007 2744 1054 2789 et
1081 2735 1361 2788 divisiones
1391 2729 1803 2784 ministeriorum
1827 2737 1971 2795 sunt,

399 2835 544 2892 idem
565 2840 740 2888 autem
761 2828 1016 2882 Dominus
1034 2841 1054 2890 ;
1071 2833 1120 2879 et
1142 2823 1421 2878 divisiones
1443 2819 1806 2890 operationum
1827 2827 1972 2884 sunt,

401 2925 541 2980 idem
573 2937 690 2977 vero
720 2920 880 2985 Deus,
905 2919 994 2988 qui
1029 2923 1273 2985 operatur
1320 2913 1499 2967 omnia
1541 2912 1604 2964 in
1647 2910 1885 2964 omnibus
1907 2909 1973 2962 ¹⁰.

403 3016 542 3071 Cum
562 3011 790 3070 dixisset
809 3018 986 3064 autem
1007 3007 1176 3061 Deum
1205 3013 1259 3061 et
1277 3003 1458 3059 omnia
1482 3002 1534 3056 in
1559 2999 1814 3056 omnibus
1846 3013 1975 3070 ope-

2073 1906 2310 1975 pupillo,
2355 1917 2404 1960 et
2439 1907 2651 1960 adventu
2672 1945 2686 1970 ,
2718 1917 2766 1961 et
2799 1901 3018 1976 pauperi
3049 1907 3211 1959 nolite
3241 1923 3334 1975 per
3361 1907 3671 1975 potentiam

2074 2018 2278 2067 nocere,
2305 2013 2354 2056 et
2385 2001 2607 2056 malitia:
2628 2003 2984 2072 unusquisque
3014 2002 3203 2069 fratris
3236 2002 3321 2056 sui
3349 2002 3520 2054 nolite
3553 2018 3672 2055 me-

2075 2109 2242 2150 mores
2269 2110 2378 2148 esse
2408 2095 2462 2148 in
2483 2095 2727 2148 cordibus
2755 2095 2961 2148 vestris.
3003 2092 3072 2146 Et
3103 2110 3203 2146 non
3235 2092 3548 2146 obedierunt
3575 2094 3674 2146 ad-

2073 2194 2286 2250 vertere,
2303 2187 2392 2240 sed
2415 2187 2665 2240 dederunt
2685 2186 2896 2240 dorsum
2913 2202 3065 2240 suum
3083 2186 3411 2254 insipienter,
3429 2194 3479 2239 et
3507 2201 3670 2239 aures

2073 2294 2197 2331 suas
2232 2289 2612 2346 gravaverunt,
2658 2289 2716 2331 ut
2747 2295 2848 2331 non
2886 2279 3108 2332 audiant
3139 2278 3304 2346 legem
3355 2292 3536 2330 meam
3559 2317 3576 2342 ,
3614 2285 3672 2329 et

2073 2386 2333 2423 sermones
2363 2386 2537 2435 meos,
2582 2386 2712 2440 quos
2753 2370 2896 2424 misit
2937 2367 3194 2422 Dominus
3239 2369 3577 2436 omnipotens
3609 2367 3670 2420 in

2074 2461 2280 2532 Spiritu
2311 2479 2437 2530 suo,
2486 2464 2543 2517 in
2579 2479 2768 2516 manus
2818 2463 3144 2517 anteriorum
3186 2462 3570 2530 prophetarum
3594 2460 3662 2511 ".

2071 2554 2310 2624 Angelus
2349 2569 2478 2609 vero
2512 2553 2729 2609 Domini
2775 2555 2951 2624 inquit
3000 2554 3066 2608 ad
3123 2552 3449 2608 Zachariam
3487 2570 3503 2606 :
3543 2550 3664 2605 Hoc

2071 2649 2282 2700 verbum
2305 2644 2520 2700 Domini
2558 2647 2614 2700 in
2654 2663 2813 2700 ntanu
2844 2645 3156 2711 Zorobabel,
3191 2646 3370 2699 dicens
3398 2661 3418 2698 :
3448 2643 3580 2697 Non
3609 2645 3668 2697 in

2073 2735 2265 2789 virtute
2297 2751 2488 2806 magna
2513 2778 2528 2802 ,
2575 2752 2735 2806 neque
2763 2739 2818 2790 in
2849 2737 3158 2805 fortitudine
3182 2776 3198 2802 ,
3233 2736 3325 2790 sed
3365 2736 3424 2789 in
3454 2734 3669 2806 Spiritu

2074 2843 2218 2892 meo,
2247 2827 2379 2880 dicit
2411 2827 2670 2883 Dominus
2699 2829 3022 2898 omnipotens
3050 2830 3112 2883 “.

2147 2915 2198 2969 7.
2221 2914 2501 2970 Michaeam
2520 2931 2733 2986 quoque
2754 2918 3065 2984 audiamus,
3082 2916 3403 2971 Trinitatem
3421 2930 3672 2986 pronun-

2072 3006 2319 3074 tiantem;
2343 3016 2397 3062 et
2419 3010 2534 3078 ipse
2555 3009 2699 3063 enim
2722 3010 2798 3064 ait
2822 3029 2836 3064 :
2864 3009 2991 3064 llam
3008 3011 3145 3064 dicet
3179 3010 3436 3064 Dominus
3458 3010 3531 3066 ad
3551 3025 3674 3078 pro-

392 3094 547 3158 rari,
590 3104 645 3149 et
679 3091 963 3163 professus
1012 3089 1207 3144 fuisset
1255 3085 1397 3141 dona
1435 3100 1557 3156 quas
1587 3100 1683 3156 per
1717 3084 1973 3155 Spiritum

2089 3100 2278 3167 ohetas,
2297 3101 2385 3169 qui
2407 3101 2656 3154 seducunt
2685 3101 2933 3171 populum
2954 3119 3144 3169 meum,
3168 3112 3216 3157 et
3239 3104 3478 3158 mordent
3499 3105 3677 3159 denti-

399 3188 696 3250 donantur,
727 3185 924 3255 adjecit
951 3203 964 3239 :
995 3183 1126 3236 Ha'c
1155 3190 1330 3235 autem
1357 3179 1537 3233 omnia
1570 3189 1819 3249 operatur
1845 3195 1980 3232 unus

399 3274 564 3348 775
596 3286 753 3346 atque
803 3276 941 3328 idem
992 3273 1250 3342 Spiritus,
1286 3271 1522 3325 dividens
1567 3271 1790 3340 singulis
1825 3279 1983 3340 prout

397 3368 509 3424 vult
526 3366 600 3424 .“.
626 3366 838 3423 Docens
859 3367 1230 3435 operationem
1262 3363 1352 3418 Dei
1377 3379 1499 3419 esse
1524 3362 1758 3433 Spiritus
1781 3363 1980 3427 sancti,

399 3457 647 3528 nunquid
675 3455 880 3512 destitit
913 3453 1116 3508 Paulus
1154 3470 1184 3507 a
1222 3452 1528 3506 Trinitate?
1569 3449 1816 3516 nunquid
1851 3449 1982 3504 sub-

399 3549 565 3604 traxit
591 3546 704 3602 Deo
736 3556 790 3602 et
816 3545 958 3600 Filio
989 3543 1292 3614 Spiritum?
1324 3544 1390 3597 Et
1423 3543 1565 3598 sicut
1595 3542 1661 3596 ad
1691 3539 1982 3597 Thessalo-

398 3641 652 3695 nicenses
681 3637 903 3709 scripsit
932 3651 947 3690 ε
982 3635 1105 3706 Ipse
1134 3646 1310 3690 autem
1341 3635 1481 3688 Deus
1508 3635 1654 3703 pacis
1683 3633 1981 3701 sanctiﬁcet

397 3745 484 3785 vos
516 3729 585 3783 ad
611 3729 898 3799 perfectum
927 3729 1000 3792 ¹²,
1031 3728 1104 3780 ita
1154 3735 1208 3780 et
1253 3724 1320 3779 ad
1351 3724 1666 3779 Corinthios
1717 3723 1772 3776 in
1805 3722 1980 3792 prima

397 3821 638 3891 Epistola
667 3836 681 3872 :
721 3820 828 3875 Sed
857 3818 1027 3872 abluti
1050 3819 1198 3880 estis,
1236 3818 1325 3871 sed
1349 3816 1675 3884 sanctificati
1701 3815 1846 3878 estis,
1887 3814 1979 3868 sed

397 3913 680 3984 iustiﬁcati
709 3913 834 3967 estis
865 3913 922 3966 in
951 3913 1160 3965 nomine
1193 3911 1404 3964 Domini
1451 3909 1621 3964 nostri
1660 3907 1790 3962 Iesu
1819 3907 1978 3962 Chri-

396 4007 490 4067 sti,
525 4016 577 4059 et
606 4005 663 4058 in
701 4003 910 4073 Spiritu
947 4003 1044 4057 Dei
1085 4005 1257 4057 nostri
1287 4004 1348 4059 ¹³.
1382 4000 1830 4057 Consideratisne
1859 3997 1981 4069 Spi-

397 4099 563 4153 ritum
593 4107 843 4152 sanctum
873 4096 1076 4167 ubique
1118 4095 1527 4166 Scripturarum
1575 4110 1700 4150 cum
1732 4092 1894 4149 Patre
1927 4102 1981 4148 et

396 4186 536 4244 Filio
570 4187 996 4243 eonnumerari?

471 4270 525 4328 6.
547 4271 866 4327 Audiendus
885 4272 1043 4342 plane
1065 4270 1236 4327 Filius
1257 4271 1309 4325 in
1325 4270 1463 4327 Isaia
1480 4270 1766 4341 propheta,
1786 4280 1984 4326 semet-

399 4362 582 4433 ipsum
614 4370 669 4418 et
705 4361 922 4418 Patrem
945 4403 962 4430 ,
1007 4374 1060 4418 et
1086 4363 1281 4418 Filium
1302 4404 1318 4428 ,
1365 4373 1419 4418 et
1447 4364 1707 4434 Spiritum
1733 4375 1981 4419 sanctum

2073 3192 2166 3245 bus
2183 3193 2315 3256 suis,
2333 3193 2422 3262 qui
2439 3195 2732 3261 prwdicant
2751 3209 2906 3263 super
2921 3211 3038 3248 eum
3061 3210 3263 3264 pacem,
3284 3205 3457 3251 etnon
3472 3207 3673 3267 estpaJ:

2072 3285 2199 3337 data
2225 3285 2279 3337 in
2306 3301 2393 3338 ore
2427 3301 2628 3350 eorum,
2647 3296 2696 3339 et
2725 3287 3103 3341 suscitaverunt
3125 3304 3281 3356 super
3299 3304 3417 3342 eum
3447 3289 3669 3345 bellum.

2072 3376 2357 3446 Propterea
2373 3394 2476 3431 nox
2488 3379 2627 3432 vobis
2647 3379 2747 3432 erit
2764 3395 2829 3433 ea:
2838 3379 2966 3442 visu,
2979 3393 3024 3434 et
3039 3381 3261 3434 tenebra:
3280 3380 3424 3435 vobis
3438 3389 3672 3436 eruntea:

2071 3467 2395 3520 divinatione
2415 3482 2434 3520 :
2453 3477 2500 3520 et
2523 3467 2718 3522 occidet
2737 3469 2815 3523 sol
2834 3486 2990 3538 super
3004 3472 3304 3540 prophetas,
3318 3482 3367 3525 et
3385 3473 3670 3528 tenebrosa

2073 3559 2224 3612 cadet
2242 3575 2396 3627 super
2416 3575 2500 3612 eos
2526 3561 2657 3623 dies,
2678 3571 2725 3614 et
2741 3561 3144 3632 confundentur,
3167 3565 3291 3634 quia
3321 3565 3499 3618 vident
3531 3582 3670 3619 som-

2074 3651 2183 3714 nia,
2195 3660 2244 3704 et
2263 3653 2618 3706 irridebuntur
2631 3653 2817 3720 divini,
2829 3663 2878 3708 et
2888 3654 3168 3709 detrahunt
3185 3657 3249 3709 de
3264 3655 3345 3709 his
3359 3673 3542 3710 omnes
3556 3659 3666 3721 isti,

2074 3759 2135 3796 eo
2165 3743 2303 3812 quod
2337 3760 2438 3796 non
2457 3745 2528 3797 sit
2548 3745 2636 3815 qui
2661 3746 2958 3800 exaudierit
2981 3762 3068 3800 eos
3093 3787 3109 3812 ,
3137 3747 3240 3800 nisi
3273 3764 3365 3817 ego
3387 3763 3405 3799 :
3431 3749 3487 3800 in
3511 3749 3666 3817 plena

2075 3835 2268 3888 virtute
2291 3846 2335 3888 et
2359 3835 2413 3888 in
2445 3835 2648 3905 Spiritu
2674 3836 2908 3903 Domini,
2953 3853 3072 3892 cum
3104 3838 3312 3907 judicio
3349 3847 3398 3891 et
3424 3839 3667 3906 potentia

2077 3925 2428 3978 annuntiante
2446 3923 2612 3978 Iacob
2643 3926 2952 3995 iniquitates
2979 3943 3124 3991 suas,
3159 3935 3208 3980 et
3239 3925 3408 3980 Israel
3439 3939 3659 3981 peccata

2081 4031 2180 4068 sua
2217 4014 2280 4066 ⁸³.
2312 4012 2452 4068 Audi
2483 4029 2612 4084 ergo
2655 4022 2874 4069 sanctos
2903 4013 3289 4068 convenienter
3331 4012 3662 4068 Trinitatem

2082 4105 2463 4174 praedicantes,
2487 4115 2539 4160 et
2566 4121 2844 4176 nunquam
2871 4106 3134 4176 Spiritum
3165 4115 3412 4161 sanctum
3440 4107 3668 4161 univer-

2083 4195 2230 4250 sitati
2255 4234 2271 4260 ,
2295 4211 2418 4266 quae
2464 4211 2561 4266 per
2594 4197 2792 4252 Filium
2832 4197 2974 4252 facta
3008 4207 3132 4263 est,
3175 4210 3658 4264 connumerantes,

2084 4289 2179 4342 sed
2211 4303 2335 4342 cum
2370 4289 2531 4344 Patre
2576 4299 2632 4344 et
2678 4288 2818 4344 Filio
2857 4306 2982 4346 eum
3028 4291 3362 4360 proﬁtentes.
3422 4288 3584 4356 Quod
3611 4293 3659 4347 si

2087 4377 2384 4435 Salvatoris
2408 4380 2575 4444 istud,
2615 4390 2674 4434 ut
2701 4381 2878 4447 aiunt,
2912 4383 3080 4436 movit
3102 4397 3198 4437 eos
3226 4381 3496 4437 dicentis:
3525 4382 3656 4439 Hac

399 4456 734 4523 praedicans;
766 4457 846 4510 sic
880 4456 1024 4510 enim
1055 4456 1130 4510 ait
1156 4475 1168 4509 :
1196 4458 1336 4510 Audi
1364 4473 1464 4520 me,
1495 4455 1686 4521 Iacob,
1713 4466 1760 4510 et
1788 4455 1973 4524 Israel,

2089 4480 2156 4521 est
2193 4480 2369 4526 autem
2398 4472 2504 4524 vita
2523 4481 2721 4525 wterna
2743 4511 2759 4538 ,
2779 4481 2838 4524 ut
2865 4485 3180 4541 cognoscant
3211 4482 3259 4526 te
3281 4474 3452 4527 solum
3480 4488 3655 4529 verum

398 4563 552 4615 quem
580 4564 672 4617 ego
704 4563 828 4601 voco
853 4563 870 4601 :
901 4546 1014 4617 Ego
1041 4563 1158 4601 sum
1181 4550 1406 4618 primus,
1424 4559 1473 4602 et
1497 4565 1589 4619 ego
1608 4551 1660 4602 in
1684 4558 1972 4604 wternum:

402 4651 591 4690 manus
619 4652 735 4690 mea
765 4637 1006 4708 fundavit
1055 4650 1248 4692 terram
1268 4680 1284 4705 ,
1335 4639 1553 4693 dextera
1588 4657 1700 4692 mea
1731 4640 1974 4708 fundavit

400 4725 618 4792 malum,
648 4728 839 4783 vocabo
870 4745 956 4783 eos
987 4745 1163 4784 omnes
1183 4771 1198 4796 ,
1225 4739 1274 4783 et
1300 4729 1514 4783 stabunt
1547 4730 1738 4794 simul,
1768 4741 1815 4784 et
1845 4748 1974 4786 con-

403 4819 756 4888 gregabuntur
779 4837 976 4888 omnes,
1005 4829 1056 4874 et
1084 4822 1320 4875 audient.
1374 4819 1502 4886 Quis
1527 4823 1859 4875 annuntiavit
1891 4840 1975 4877 vo-

407 4908 479 4963 bis
511 4912 644 4964 talia
665 4913 692 4965 Σ)
722 4911 960 4984 Diligens
995 4922 1041 4966 te
1071 4913 1169 4983 feci
1197 4912 1515 4986 voluntgtem
1543 4925 1688 4967 tuam
1720 4915 1772 4966 in
1798 4914 1974 4985 Baby-

405 5000 539 5067 lone,
567 5012 625 5056 ut
649 5002 832 5057 tollam
855 5020 1025 5058 semen
1050 5001 1440 5058 Chaldteorum.
1472 5002 1584 5074 Ego
1605 5006 1808 5059 locutus
1833 5021 1969 5068 sum,

402 5109 492 5164 ego
513 5094 712 5158 vocavi,
743 5093 944 5148 adduxi
970 5093 1143 5154 illum,
1170 5104 1218 5148 et
1243 5111 1546 5164 prosperum
1578 5097 1678 5148 iter
1705 5096 1818 5164 ejus
1849 5097 1969 5165 feci.

397 5185 644 5238 Accedite
681 5185 750 5238 ad
783 5201 897 5251 me,
943 5195 993 5239 et
1027 5186 1207 5238 audite
1238 5185 1346 5240 htec
1367 5225 1381 5248 ,
1434 5203 1535 5239 non
1565 5204 1594 5238 a
1625 5189 1884 5257 principio
1918 5190 1974 5240 in

400 5273 706 5328 abscondito
737 5273 946 5327 locutus
969 5290 1087 5328 sum
1111 5273 1243 5337 hcec,
1273 5275 1484 5344 quando
1506 5276 1725 5344 fiebant,
1759 5288 1806 5329 et
1837 5294 1974 5331 nunc

397 5364 658 5420 Dominus
687 5367 829 5419 misit
860 5383 939 5421 me
958 5409 972 5433 ,
1001 5377 1051 5420 et
1093 5365 1325 5436 Spiritus
1359 5367 1472 5435 ejus
1499 5367 1562 5423 “’.
1622 5368 1688 5422 Et
1734 5370 1928 5424 iterum
1958 5390 1970 5424 :

473 5504 494 5535 ³
534 5502 710 5558 lCor.
745 5520 825 5570 ιιι,
858 5505 945 5560 16.
1045 5506 1066 5536 ⁵
1104 5504 1205 5560 lsa.
1236 5522 1366 5566 xxx.
1402 5507 1448 5560 Ι.

399 5574 421 5605 ⁹
462 5571 482 5624 ι
509 5572 636 5627 Cor.
675 5590 712 5638 t,
741 5576 796 5628 9.
871 5577 915 5607 ¹⁰
957 5575 973 5627 Ι
1001 5574 1129 5629 Cor.
1156 5592 1255 5639 xu,
1285 5577 1399 5629 4-6.

403 5643 446 5673 ³⁵
469 5640 572 5696 lsa.
604 5657 755 5698 XLlll.
792 5644 1002 5710 25‘28;
1032 5661 1178 5709 κων,
1215 5647 1327 5699 1-5.

401 5726 486 5770 ut.
511 5711 627 5765 5—8.
739 5714 783 5744 ¹⁰
812 5711 970 5768 Joau.
997 5731 1130 5781 xvu,
1154 5715 1207 5770 5.

1557 5509 1579 5539 ⁸
1619 5509 1777 5561 Rom.
1817 5525 1853 5575 ι,
1887 5510 1936 5561 7.

1507 5575 1546 5607 ¹¹
1583 5578 1713 5632 ibid.
1748 5579 1830 5631 11.

1409 5646 1577 5702 “lsa.
1640 5665 1767 5710 xxx,
1825 5649 2012 5708 27-28.

1285 5717 1325 5748 ²¹
1351 5714 1508 5772 Joan.
1544 5733 1652 5776 xw.
1688 5719 1873 5774 iii-l7.

2044 5514 2081 5589 ξ
2105 5515 2144 5568 ll
2171 5517 2296 5573 Cor.
2348 5537 2465 5589 xm,
2502 5523 2587 5575 15.

1910 5582 1950 5653 ίξ
1988 5581 2215 5642 lTltess.
2258 5608 2306 5653 ν,
2334 5593 2422 5644 ‘25.

2081 4555 2249 4610 Deum
2273 4597 2287 4621 ,
2341 4567 2389 4611 et
2427 4575 2580 4629 quem
2611 4561 2805 4614 misisti
2831 4559 3014 4616 Iesum
3048 4559 3317 4618 Christum
3340 4562 3384 4594 ὀ
3403 4602 3419 4625 ,
3469 4571 3656 4618 etnon

2076 4649 2413 4718 perhibentis
2438 4691 2453 4715 ,
2488 4660 2547 4705 ut
2600 4663 2932 4721 cognoscant
2979 4663 3032 4707 et
3066 4651 3331 4723 Spiritum
3379 4666 3651 4721 sanctum,

2078 4741 2308 4794 satislitt
2335 4741 2441 4795 illis
2465 4783 2479 4808 ,
2523 4759 2648 4797 cum
2683 4745 2910 4799 audiant
2941 4746 3117 4814 ipsum
3148 4755 3202 4801 et
3231 4747 3296 4801 de
3329 4745 3534 4816 Spiritu
3567 4749 3652 4802 di-

2078 4841 2285 4885 centem
2318 4855 2327 4887 :
2359 4831 2416 4886 Si
2440 4834 2663 4904 diligitis
2687 4851 2786 4902 me,
2817 4839 3073 4891 mandata
3099 4854 3212 4892 mea
3236 4849 3457 4902 servate,
3491 4851 3540 4893 et
3560 4856 3651 4910 ego

2077 4924 2272 4992 rogabo
2315 4923 2547 4987 Patrem,
2579 4937 2628 4980 et
2657 4927 2824 4980 alium
2856 4927 3195 4982 Parncletum
3229 4929 3375 4983 dabit
3401 4930 3563 4997 vobis,
3592 4943 3650 4986 ut

2078 5026 2287 5066 maneat
2307 5015 2567 5069 vobiscum
2592 5019 2644 5070 in
2668 5028 2942 5084 wternum,
2958 5018 3212 5089 Spiritum
3233 5021 3652 5091 veritatis,quem

2082 5106 2309 5158 mundus
2343 5123 2443 5160 non
2467 5119 2632 5176 potest
2663 5111 2917 5179 accipere,
2946 5114 3195 5182 quianon
3231 5113 3368 5166 videt
3397 5129 3536 5179 eum,
3560 5131 3653 5169 nec

2077 5201 2339 5269 cognoscit
2365 5218 2483 5254 eum
2507 5219 2524 5255 :
2547 5220 2634 5256 vos
2663 5213 2838 5256 autent
2862 5207 3178 5275 cognoscetis
3198 5223 3338 5270 eum,
3365 5207 3491 5275 quia
3514 5209 3651 5273 apud

2077 5307 2166 5344 vos
2197 5294 2424 5347 manebit
2447 5337 2460 5358 ,
2507 5305 2556 5348 et
2588 5298 2642 5348 in
2676 5296 2816 5349 vobis
2845 5298 3026 5353 erit“.
3089 5298 3388 5352 Advertant
3415 5298 3576 5368 igitur
3597 5310 3650 5352 et

2081 5384 2358 5451 apostolos
2390 5387 2610 5455 quidem
2648 5400 3040 5457 cognoscentes
3073 5400 3125 5444 et
3151 5387 3412 5458 Spiritum
3435 5429 3450 5454 ,
3479 5399 3532 5444 et
3558 5387 3645 5443 Fi—

2695 5525 2714 5554 "
2755 5523 2915 5578 Rom.
2944 5541 3034 5586 xv,
3064 5525 3154 5580 50.

2504 5593 2545 5623 ¹²
2575 5593 2736 5646 lCor.
2771 5611 2840 5658 vt,
2874 5595 2954 5647 11.

2116 5659 2355 5718 ".Zach.
2412 5681 2507 5726 ιιι,
2557 5664 2612 5731 9,
2662 5665 2748 5718 12.

3250 5527 3306 5578 ⁸1
3334 5525 3489 5580 Joan.
3526 5541 3561 5586 ι,
3589 5526 3642 5580 ’5.

3032 5597 3076 5626 ιδ
3109 5598 3212 5649 lsa.
3244 5613 3436 5659 xum,
3466 5596 3641 5651 12-16.

2857 5668 2899 5698 ¹⁸
2929 5665 3094 5721 Zach.
3132 5682 3206 5735 tv,
3248 5667 3300 5720 6.
3416 5668 3457 5699 ι’
3484 5665 3639 5722 Mich.
