3794 6226
188 433 326 490 H97

169 662 275 698 non
304 660 654 716 cognoverunt
690 651 908 708 Patrem
929 698 943 719 ,
976 673 1137 727 neque
1177 676 1257 713 me
1273 663 1338 714 ²².
1402 664 1470 719 Et
1514 666 1708 721 iterum
1738 688 1750 722 :

166 736 510 792 Pararletum
539 739 800 810 Spiritum
825 749 1080 814 veritatis,
1110 767 1262 820 quem
1286 756 1514 810 mundus
1536 775 1643 812 non
1666 777 1754 828 po-

162 837 268 880 test
316 831 554 898 accipere
582 874 598 899 ,
634 837 759 904 quia
793 845 893 890 non
936 840 1075 894 videt
1103 882 1116 904 ,
1154 859 1246 897 nec
1295 851 1558 916 cognoscit
1608 861 1746 908 eum.

162 916 552 987 Signiﬁcanter
573 931 703 977 "vero
729 923 989 984 Dominus
1010 939 1063 984 et
1084 931 1249 986 alium
1269 937 1603 1004 paraclctum
1629 956 1750 997 esse

155 1010 300 1063 dixit
340 1006 602 1080 Spiritum
660 1026 912 1072 sanctum
942 1039 955 1074 :
981 1023 1240 1091 quoniam
1292 1027 1409 1097 ipse
1440 1034 1746 1096 paracletus

150 1110 261 1164 est,
299 1101 441 1155 sicut
469 1097 708 1160 Joannes
745 1108 798 1161 in
840 1107 1082 1180 Epistola
1126 1129 1222 1170 sua
1262 1117 1338 1171 ait
1371 1139 1384 1172 :
1420 1118 1555 1174 Haec
1599 1123 1743 1179 vobis

147 1185 368 1259 scripsi,
401 1200 458 1245 ut
481 1210 582 1248 non
609 1201 827 1263 peccetis
850 1214 868 1250 :
888 1194 1028 1268 quod
1053 1205 1099 1255 si
1120 1210 1538 1280 peccat-erimus,
1563 1213 1740 1268 Para-

144 1280 348 1335 cletum
376 1283 626 1339 habemus
654 1303 722 1340 aa
755 1287 971 1345 Patrem
997 1293 1181 1349 Jesum
1214 1300 1486 1356 Christum
1509 1347 1522 1371 ,
1556 1316 1604 1360 et
1631 1310 1740 1378 ipse

139 1377 460 1446 propitiatio
485 1389 560 1432 est
583 1397 678 1448 pro
717 1387 941 1451 peccatis
976 1390 1165 1442 nostris
1185 1386 1232 1422 ’³
1271 1410 1285 1445 :
1329 1403 1388 1448 ut
1417 1397 1738 1454 doceremur

143 1464 390 1539 Spiritus
440 1488 564 1526 cum
604 1465 744 1529 Filio
790 1480 1177 1547 aequalitatem.
1241 1481 1420 1552 Quare
1457 1507 1586 1548 vero
1626 1510 1733 1550 non

137 1570 316 1615 terret
342 1576 438 1617 cos
474 1554 758 1631 Dominus,
786 1569 879 1638 qui
920 1565 1041 1626 ﬁdei
1073 1587 1481 1635 sacramentum
1514 1595 1734 1653 aposto-

131 1651 208 1707 lis
237 1652 461 1709 tradeus
480 1693 496 1718 ,
523 1653 657 1710 dicit
689 1675 702 1711 :
733 1656 932 1714 Euntes
959 1678 1096 1716 nunc
1125 1666 1303 1722 docete
1325 1683 1502 1727 omnes
1533 1688 1728 1744 gentes,

131 1742 472 1814 baptizantes
503 1763 588 1803 eos
619 1748 673 1802 in
700 1753 907 1807 nomine
939 1753 1154 1822 Patris,
1195 1769 1245 1813 et
1277 1753 1414 1818 Filii
1437 1808 1451 1831 ,
1475 1742 1729 1839 et—Spiri-

131 1845 226 1891 tus
259 1840 519 1906 sancti”.
581 1839 804 1897 Necnon
838 1855 891 1900 et
951 1847 1044 1901 illa
1077 1863 1270 1922 magna
1311 1863 1365 1908 et
1407 1857 1562 1913 beata
1596 1876 1727 1915 con-

128 1927 489 1998 fessioﬁdei,
526 1931 638 1986 imo
677 1933 795 2003 ipsa
827 1935 962 1992 ﬁdes
995 1951 1331 2012 sanctorum,
1367 1956 1420 2000 et
1439 1956 1726 2006 testamen-

121 2387 251 2455 ejus
283 2389 623 2460 unigenitum
648 2433 662 2456 ,
700 2402 756 2446 et
787 2393 1050 2463 Spiritum
1099 2408 1371 2455 sanetum.
1406 2421 1426 2454 ι
1485 2403 1552 2461 Ει
1591 2407 1718 2464 licet

123 2475 401 2534 Dominus
449 2475 650 2536 dixerit
683 2499 698 2536 :
734 2482 946 2540 Credite
979 2487 1036 2540 in
1069 2487 1238 2542 Deum
1259 2532 1275 2557 ,
1323 2504 1369 2546 et
1405 2495 1459 2548 in
1489 2513 1571 2550 me
1597 2515 1714 2554 cre-

117 2573 232 2626 dite
256 2573 324 2636 ’⁸,
357 2581 412 2628 et
442 2589 549 2629 non
577 2575 716 2630 dixit
747 2596 760 2631 :
793 2577 1010 2635 Credite
1039 2581 1096 2636 in
1129 2579 1394 2652 Spiritum
1425 2600 1708 2663 sanctum;

118 2671 306 2717 tamen
335 2667 566 2735 apostoli
594 2667 904 2724 docuerunt
922 2669 1194 2729 Ecclesias
1223 2675 1373 2730 orbis
1402 2679 1624 2737 credere
1653 2683 1710 2738 in

115 2749 364 2821 Patrem,
391 2767 445 2811 et
465 2756 684 2822 Filium,
720 2769 774 2814 et
801 2758 1064 2830 Spiritum
1106 2775 1384 2822 sanctum.

189 2847 248 2901 8.
288 2845 433 2918 Ergo
476 2846 667 2902 dicant
711 2849 759 2904 si
789 2851 940 2907 salus
967 2861 1053 2908 est
1100 2854 1184 2909 his
1209 2893 1224 2918 ,
1254 2856 1350 2924 qui
1387 2861 1619 2916 credunt
1646 2863 1702 2918 in

109 2935 372 3004 Patrem,
407 2948 462 2993 et
512 2939 752 3008 Filium,
789 2952 842 2997 et
889 2959 996 2999 non
1049 2947 1280 3002 credunt
1326 2949 1382 3004 in
1439 2951 1704 3022 Spiritum

108 3039 402 3098 sanctum;
435 3033 528 3086 sed
559 3033 735 3087 absit!
774 3050 951 3106 neque
975 3037 1120 3092 enim
1150 3041 1206 3094 in
1245 3040 1416 3118 Deum
1449 3047 1698 3119 credunt,

106 3121 206 3189 qui
239 3135 350 3175 non
375 3123 606 3176 credunt
631 3124 686 3176 in
717 3121 980 3193 Spiritum
1012 3138 1292 3198 sanctum;
1319 3133 1457 3190 adeo
1487 3136 1702 3195 utPau-

1176 449 1264 504 DE
1303 451 1672 511 TRINITATE
1713 457 1801 513 ET
1844 461 2115 524 SPIRITU
2160 468 2447 527 SANCTO.

171 555 340 620 lium,
369 565 422 610 et
454 554 668 612 Patrem
705 578 718 613 :
752 561 1017 616 mundum
1048 580 1171 620 vero
1206 570 1598 640 miserabilem,
1631 579 1755 647 quia
1785 584 1828 639 Α
1861 591 1911 635 ta
1945 594 2108 647 sunt,
2157 591 2456 645 secundum
2489 592 2718 650 Paulum
2751 597 3018 658 dicentem
3053 624 3065 658 :

3309 493 3448 549 1198

3106 605 3274 663 Nobis
3327 628 3445 666 vero

1857 690 1992 729 unus
2027 676 2169 732 Deus
2202 675 2366 736 Pater
2390 728 2403 749 ,
2436 702 2501 739 ea:
2527 703 2629 757 quo
2659 694 2838 746 omnia
2865 735 2880 759 ,
2923 701 2972 748 et
3013 712 3149 752 unus
3182 701 3441 758 Dominus

1855 777 2031 820 noster
2057 767 2212 824 Iesus
2241 771 2486 830 Christus
2511 819 2525 842 ,
2574 797 2667 848 per
2691 797 2845 853 quem
2876 789 3053 840 omnia
3082 832 3094 854 ,
3127 801 3177 843 et
3223 809 3316 847 nos
3351 813 3443 858 per

1851 857 2024 926 ipsum
2047 858 2110 916 ‘7.
2172 861 2274 920 Hic
2320 869 2467 922 enim
2515 871 2650 925 nihil
2694 875 2760 929 de
2794 871 2999 946 Spiritu
3053 895 3244 938 sancto
3277 857 3436 943 disit.

1850 945 2060 1014 Quibus
2093 954 2327 1012 dicimus
2357 978 2369 1013 :
2403 959 2604 1017 Sancta
2661 945 2849 1039 7767
2873 985 2970 1039 per
3001 965 3198 1029 Filium
3248 992 3434 1035 creata

1848 1052 1934 1096 est
1965 1050 2239 1112 creatura,
2267 1059 2360 1105 aut
2407 1068 2516 1107 non
2555 1068 2744 1113 sancta
2781 1077 2796 1113 :
2831 1071 2883 1114 et
2907 1064 3126 1133 quidem
3162 1084 3273 1123 non
3307 1088 3435 1125 san-

1846 1142 1991 1189 ctam
2023 1137 2130 1192 dici
2166 1154 2198 1192 a
2232 1140 2466 1198 Domino
2496 1157 2757 1213 creatam,
2794 1151 3041 1210 illicitum
3069 1152 3186 1228 est;
3214 1161 3260 1216 si
3299 1179 3430 1218 vero

1845 1235 2091 1284 sanctam
2129 1233 2355 1288 ereavit‘
2382 1229 2556 1296 Filius
2609 1258 2757 1297 nunc
2805 1231 3154 1308 isanctiticans
3201 1270 3320 1309 eam
3369 1259 3427 1312 in

1846 1312 2075 1386 Spiritu,
2102 1319 2377 1392 superﬂua
2413 1337 2561 1383 esset
2606 1346 2728 1401 quae
2756 1334 2920 1389 datur
2950 1334 2998 1393 ei
3037 1353 3135 1409 per
3162 1340 3424 1412 Spiritum

1841 1412 2234 1483 sanctiﬁcatio,
2263 1427 2318 1472 et
2351 1421 2508 1476 valde
2539 1422 2753 1480 inﬁrma
2789 1437 2951 1498 atque
2979 1429 3157 1489 inanis
3186 1453 3200 1489 :
3229 1437 3419 1504 veluti,

1837 1516 1961 1556 cum
2009 1506 2124 1560 sole
2161 1511 2340 1566 medio
2375 1528 2540 1569 cursu
2574 1516 2679 1572 dici
2727 1519 3070 1581 illuminante
3100 1528 3288 1585 orbem
3325 1535 3420 1602 qui

1835 1594 1939 1649 sub
1972 1597 2112 1652 coelo
2137 1609 2243 1664 est,
2275 1608 2587 1672 superﬂuus
2619 1618 2674 1665 et
2701 1609 2977 1681 inﬁrmus,
3010 1611 3300 1689 inanisque
3328 1625 3418 1679 lu-

1833 1702 2011 1742 cernae
2045 1689 2115 1745 sit
2148 1691 2426 1762 splendor.
2485 1691 2588 1754 Sed
2624 1705 2886 1771 quoniam
2932 1724 3039 1763 non
3082 1716 3412 1781 merebatur,

1831 1779 2103 1850 inquiunt,
2132 1797 2382 1843 creatura
2413 1807 2510 1860 per
2534 1793 2728 1850 Filium
2763 1800 3092 1857 sanctiﬁcari
3112 1847 3127 1870 ,
3165 1805 3286 1864 ideo
3311 1813 3417 1864 mi-

1829 1871 2116 1930 nisterium
2139 1875 2375 1946 Spiritus
2397 1883 2613 1940 induxit
2634 1886 2796 1956 Deus,
2829 1901 2887 1946 ut
2912 1908 3008 1963 per
3031 1895 3182 1952 illum
3208 1905 3413 1958 sancti-

1827 1963 2103 2021 ﬁcaretur.
2161 1967 2304 2040 Ergo
2339 1977 2513 2030 creari
2562 1979 2782 2048 quidem
2827 2000 2924 2053 per
2945 1985 3148 2044 Filium
3183 1995 3406 2062 meruit,

1817 2316 2061 2395 possitis,
2111 2333 2254 2399 quod
2283 2337 2444 2390 etiam
2479 2339 2579 2408 ipsi
2604 2316 2884 2401 vosiinviti
2911 2351 3245 2409 conﬁtemini
3278 2357 3402 2428 Spi-

1816 2415 1954 2472 ritus
1975 2420 2315 2490 dignitatem.
2335 2423 2473 2499 Ergo
2504 2434 2678 2488 creari
2695 2437 2912 2505 quidem
2933 2454 3182 2501 creatura
3194 2463 3290 2518 per
3307 2450 3400 2504 Fi-

1815 2501 1946 2559 lium
1973 2511 2307 2580 merebatur,
2324 2518 2651 2577 sanctiﬁcari
2682 2541 2812 2582 vero
2842 2545 2938 2598 per
2954 2531 3236 2602 Spiritum,
3267 2544 3393 2611 quia

1812 2594 2039 2652 minime
2073 2599 2292 2672 indigna
2330 2620 2428 2661 sua
2457 2605 2888 2674 sanctiﬁcatione
2913 2629 3178 2682 creaverit
3198 2628 3392 2689 Filius.

1881 2684 1933 2740 9.
1975 2685 2079 2742 Sed
2112 2694 2415 2762 oportebat,
2454 2699 2728 2770 inquiunt,
2759 2715 2856 2774 per
2889 2709 3153 2781 Spiritum
3189 2684 3394 2774 sancti;

1810 2774 1966 2831 ﬁcari
1993 2795 2114 2834 eam
2143 2783 2295 2851 prius
2320 2827 2336 2853 ,
2371 2797 2432 2841 ut
2469 2790 2552 2846 sic
2577 2805 2876 2851 mereretur
2908 2803 3156 2873 accipere
3180 2804 3304 2863 Filii
3337 2819 3394 2866 et

1807 2865 1984 2925 Patris
2009 2875 2520 2935 sanctiﬁcationem.
2555 2881 2768 2950 Quibus
2793 2865 3079 2950 dicimus:
3116 2891 3259 2968 Ergo
3281 2917 3388 2957 non

1807 2973 1994 3019 sancta
2031 2983 2247 3026 creasse
2274 2970 2472 3029 Filium
2500 2977 2684 3035 dicitis
2711 2981 2733 3036 ?
2774 2983 2932 3041 Absit
2959 2991 2971 3042 !
3027 2985 3216 3063 Neque
3244 2997 3388 3054 enim

1804 3056 1924 3112 sine
1944 3057 2082 3114 Filio
2106 3057 2342 3133 Spiritus
2364 3071 2687 3135 sanctiﬁcat.
2713 3092 2814 3132 nec
2840 3079 3011 3138 Filius
3035 3056 3154 3140 sine
3180 3086 3386 3159 Spiritu

1801 3150 1885 3203 vel
1914 3150 2094 3218 Patre,
2138 3155 2298 3211 sicuti
2329 3169 2380 3213 et
2409 3176 2509 3216 vos
2536 3164 2775 3232 dixistis,
2808 3177 2862 3223 et
2894 3181 2978 3226 est
3008 3190 3195 3232 verum
3239 3184 3386 3249 quod

2082 3213 2090 3218 -
2458 3213 2505 3216 κ-
2542 3213 2775 3232 Mum--.
2809 3213 2862 3223 ν-
2895 3213 2978 3226 ...η
3016 3213 3088 3229 ω.
3107 3213 3195 3232 υ...
3239 3213 3386 3249 ηυντ.

104 3213 219 3280 lus’
248 3215 486 3270 ίηνθηίίδ
508 3216 835 3285 (λυώυδδθω
858 3218 1143 3290 δίδθίρυηδ
1169 3232 1223 3278 et
1249 3225 1620 3299 interrogatis.
1650 3234 1696 3288 Si
1724 3260 1771 3322 ο
1800 3236 2004 3295 Paulus
2025 3243 2090 3295 ad
2114 3241 2632 3307 Thessalonicenses
2649 3255 2915 3322 scribens,
2936 3261 3044 3315 ait:
3065 3258 3186 3332 Ipse
3208 3281 3389 3325 autem

105 3307 373 3332 ό-εᾼε.----
435 3323 675 3332 ___._.,,,__
742 3317 915 3332 4,A-,,-
1055 3329 1065 3332 λ
1215 3321 1228 3332 ι
1318 3331 1321 3332 ,
1481 3327 1554 3332 ---_
1814 3329 1840 3332 _
2056 3329 2066 3332 Α

105 3307 379 3384 Spiritum
431 3323 680 3368 sanctum
733 3317 1074 3384 accepissent
1104 3321 1388 3379 credentes
1422 3364 1438 3390 ,
1480 3327 1697 3400 illisque

101 3405 603 3474 respondentibus,
636 3421 736 3461 nec
763 3409 807 3461 si
853 3417 998 3465 esset
1031 3407 1266 3479 Spiritus
1299 3426 1524 3475 sanctus
1545 3459 1561 3484 ,
1597 3436 1696 3476 au-

101 3497 275 3562 disse,
298 3497 437 3551 dixit
463 3515 479 3552 :
503 3489 571 3552 In
597 3515 699 3568 quo
722 3515 844 3570 ergo
883 3503 1139 3570 baptizati
1167 3506 1293 3560 estis
1312 3509 1396 3560 ³θῖ
1429 3513 1689 3579 probans,

95 3588 195 3657 qui
236 3604 350 3642 non
379 3597 510 3642 sunt
550 3588 810 3659 baptizati
843 3591 899 3647 in
946 3595 1171 3652 nomine
1207 3598 1443 3669 Spiritus
1489 3607 1687 3672 sancti,

95 3695 202 3735 nec
235 3680 292 3734 in
318 3679 520 3744 Patris,
547 3690 601 3736 et
629 3680 753 3736 Filii
799 3685 1022 3742 nomine
1065 3702 1188 3744 esse
1228 3691 1550 3762 baptizatos.
1611 3697 1688 3754 Ita

95 3771 264 3840 plane
289 3781 346 3828 et
372 3782 685 3829 creatorem
719 3773 983 3844 Spiritum
1019 3790 1269 3837 sanctum
1313 3789 1684 3857 agnoscimus.

93 3863 358 3932 Alioquin
393 3865 440 3919 si
471 3875 688 3920 creator
721 3883 830 3921 non
861 3879 1009 3926 esset
1036 3882 1090 3927 et
1119 3875 1237 3930 sine
1277 3876 1396 3947 ipso
1431 3881 1499 3934 ab
1529 3882 1685 3938 initio

93 3953 268 4008 creati
291 3968 506 4020 sumus,
534 3955 811 4024 quomodo
835 3958 888 4011 in
913 3963 1326 4030 regeneratione
1348 3965 1465 4021 sine
1485 3982 1552 4022 eo
1574 3984 1684 4024 non

92 4043 523 4114 regeneramur?
550 4044 660 4100 Aut
683 4046 730 4102 si
762 4045 991 4104 forsitan
1014 4051 1080 4106 ad
1105 4052 1252 4108 illam
1278 4056 1680 4127 antiquitatem,

90 4150 218 4205 quae
241 4133 418 4190 fuerat
443 4144 568 4190 ante
586 4139 1088 4206 praevaricationem
1113 4141 1242 4197 Adae
1266 4184 1280 4207 ,
1315 4147 1552 4202 restituit
1579 4163 1680 4204 nos

88 4220 527 4295 regenerationis
562 4226 834 4283 lavacrum
861 4270 878 4296 ,
925 4229 1010 4285 vel
1041 4233 1270 4289 minoris
1297 4233 1522 4292 iacturae
1549 4239 1681 4296 Adae

85 4317 436 4386 regeneratio
481 4329 707 4373 nostra:
733 4321 994 4391 queniam
1046 4333 1175 4379 ante
1217 4325 1439 4395 quidem
1471 4329 1676 4397 dicitis,

86 4407 209 4462 sine
226 4407 438 4478 Spiritu
467 4419 656 4466 sancto
685 4413 851 4467 creati
883 4428 1097 4482 sumus,
1129 4418 1405 4487 quomodo
1429 4423 1676 4478 vero'hic

83 4506 410 4569 assumptus
451 4510 534 4557 est
561 4502 680 4557 sine
728 4519 894 4559 causa
955 4505 1010 4559 in
1051 4510 1516 4578 regenerationem
1567 4529 1670 4569 no-

82 4591 301 4647 stram?
354 4590 556 4648 Verum
593 4595 696 4650 hoc
741 4594 920 4652 dicere
969 4597 1336 4669 irreligiosum
1367 4614 1452 4657 est
1483 4620 1497 4657 :
1528 4619 1670 4660 anne
1701 4596 1745 4651 D
1775 4604 2007 4674 titentes,

80 4683 266 4753 major
289 4691 344 4738 et
366 4685 577 4740 cautior
604 4695 865 4757 tanquam
897 4689 1016 4744 sine
1036 4706 1100 4744 eo
1133 4701 1350 4750 creatus
1385 4695 1456 4750 sit
1482 4696 1666 4765 homo,

78 4784 134 4830 et
159 4775 467 4842 exciderit,
501 4777 623 4833 ideo
661 4791 976 4850 assumptus
1006 4780 1243 4852 Spiritus
1277 4786 1333 4839 in
1377 4802 1668 4858 regenera-

78 4872 234 4924 tione
264 4878 453 4925 nostra
496 4871 564 4925 ad
607 4873 830 4926 tutelam
880 4874 1212 4930 certiorem?
1257 4877 1363 4934 Sed
1394 4888 1448 4933 et
1482 4881 1663 4950 ipsum

76 4959 238 5013 valde
269 4960 528 5028 impium,
573 4956 658 5016 vel
692 4961 746 5014 in
778 4977 1001 5017 sensum
1031 4966 1264 5036 alicujus
1311 4968 1519 5023 subire.
1575 4970 1666 5024 Di-

75 5059 208 5104 cant
261 5049 468 5119 igitur,
520 5053 794 5121 quomodo
844 5054 1082 5123 Spiritus
1115 5068 1432 5128 assumptus
1466 5069 1552 5115 est
1594 5060 1664 5117 ad

55 5141 550 5210 .rcgenerationem
597 5152 875 5210 nostram,
916 5147 1012 5216 qui
1059 5165 1165 5202 non
1201 5151 1405 5206 creavit
1452 5168 1552 5207 nos
1588 5155 1658 5208 ab

76 5232 236 5286 initio
261 5250 277 5287 :
305 5232 575 5302 siquidem
598 5251 706 5290 non
730 5237 964 5306 creavit;
985 5237 1176 5294 dicetis
1197 5239 1357 5308 forte,
1382 5251 1442 5296 ut
1463 5245 1666 5299 sancti-

75 5326 203 5379 ﬁcet
236 5325 555 5381 accedentes
605 5327 675 5382 ad
725 5324 1006 5385 lavacrum
1051 5335 1496 5402 regenerationis.
1564 5335 1661 5390 Est

73 5416 222 5468 enim
276 5414 510 5485 Spiritus
543 5427 800 5485 sanctus,
853 5421 1200 5478 sanctiﬁcans
1230 5435 1487 5494 sanctos,
1540 5442 1655 5481 non

71 5513 258 5562 tamen
284 5517 518 5564 creator.
543 5508 738 5566 Omnia
767 5515 912 5569 enim
938 5529 1004 5569 ex
1021 5514 1129 5571 Deo
1152 5532 1248 5587 per
1267 5516 1466 5572 Filium
1493 5534 1653 5575 crea-

141 5774 188 5806 ¹¹
213 5773 375 5832 Joan.
401 5794 515 5843 tm,
543 5781 597 5835 5.
677 5776 767 5834 ’³1
799 5781 956 5840 Joan.
986 5801 1045 5848 ιι,
1089 5785 1140 5844 1.
1169 5787 1222 5840 2.

67 5855 188 5910 Vin,
220 5849 274 5902 6.
352 5849 399 5881 "
428 5849 450 5903 l
476 5849 668 5908 Thess.
706 5867 758 5920 ν,
787 5853 876 5908 23.
957 5858 1001 5888 ³ο
1030 5856 1199 5912 lGor.
1227 5874 1302 5927 vr,
1351 5861 1434 5918 ll.

1322 5788 1578 5845 "Matth.
1603 5807 1796 5857 xxvm,
1826 5794 1912 5850 i9.

1514 5861 1724 5918 “Psal.
1779 5882 1950 5935 xxxn,
2009 5867 2062 5921 6.

1800 3329 1962 3395 Deus,
1976 3341 2024 3386 et
2041 3329 2204 3389 Pater
2218 3347 2412 3405 noster,
2428 3351 2476 3394 et
2492 3342 2746 3400 Dominus
2759 3340 2798 3400 Ι
2799 3365 2916 3405 esus
2932 3329 3175 3410 Christus
3192 3365 3388 3416 sancti-

1796 3421 1914 3490 ﬁcet
1933 3440 2018 3478 vos
2035 3427 2104 3478 ad
2116 3425 2402 3498 perfectum
2421 3435 2464 3464 ³⁸
2485 3451 2499 3500 ;
2519 3435 2584 3490 ad
2601 3437 2915 3498 Corinthios
2929 3460 3056 3500 vero
3073 3447 3128 3501 in
3143 3448 3382 3519 Epistula

1793 3515 1970 3585 prima
1991 3537 2004 3572 :
2025 3509 2128 3573 Sed
2145 3521 2318 3576 abluti
2336 3529 2481 3589 estis,
2506 3527 2597 3580 sed
2616 3533 2938 3602 sancti/irati
2952 3540 3096 3603 estis,
3114 3509 3204 3594 sed
3216 3544 3383 3612 justi-

1788 3606 1945 3675 ﬁcati
1961 3609 2086 3662 estis
2111 3611 2163 3665 in
2189 3615 2394 3668 nomine
2421 3615 2634 3672 Domini
2653 3625 2822 3677 nostri
2846 3623 2974 3680 Jesu
2999 3625 3219 3698 Christi,
3244 3645 3292 3688 et
3323 3639 3379 3691 in

1791 3689 1998 3764 Spiritu
2027 3699 2122 3753 Dei
2153 3705 2323 3757 nostri
2353 3701 2419 3759 *9.
2458 3705 2735 3767 Videtisne
2767 3715 3030 3774 unitatem
3062 3726 3374 3784 sanctiﬁca-

1787 3787 1972 3853 tionis,
1995 3794 2269 3860 quomodo
2291 3789 2471 3864 Pater,
2502 3809 2556 3855 et
2578 3799 2772 3870 Filius,
2800 3817 2855 3862 et
2880 3804 3120 3879 Spiritus
3147 3829 3373 3877 sanctus

1787 3882 2094 3938 sanctiﬁcat
2119 3886 2467 3944 creaturam?
2501 3892 2556 3947 Si
2585 3894 2750 3966 igitur
2769 3911 2962 3959 sancta
2985 3909 3191 3964 creatio
3217 3926 3373 3969 crea-

1784 3978 1840 4026 ta
1867 3982 1984 4040 est,
2033 3975 2153 4030 sine
2184 3975 2386 4047 Spiritu
2424 3992 2603 4039 autem
2633 4000 2824 4045 sancto
2855 4008 2963 4048 non
3006 4007 3090 4052 est
3125 4005 3368 4058 sanctiﬁ-

1782 4069 1905 4116 cata
1928 4104 1942 4129 ,
1978 4073 2034 4118 et
2061 4065 2325 4137 Spiritum
2356 4082 2606 4131 sanetum
2637 4090 2940 4140 creatorem
2977 4102 3100 4146 esse
3139 4107 3367 4153 necesse

1781 4161 1866 4208 est
1907 4169 2100 4212 omnes
2133 4150 2399 4217 conﬁteri.
2468 4162 2724 4237 Alioquin
2762 4173 2809 4228 si
2839 4173 2944 4232 hoc
2970 4183 3218 4240 conﬁteri
3253 4203 3363 4245 non

1779 4243 1964 4310 vultis,
2006 4244 2136 4318 quid
2165 4252 2348 4322 utique
2372 4253 2568 4312 facturi
2595 4262 2750 4328 estis,
2788 4267 3033 4328 dicentes
3078 4290 3188 4330 non
3232 4295 3364 4335 san-

1778 4345 1923 4390 ctam
1950 4349 2189 4396 creatam
2213 4358 2335 4400 esse
2364 4350 2722 4422 creationem,
2745 4356 2939 4416 deinde
2973 4379 3068 4432 per
3090 4365 3358 4437 Spiritum

1778 4429 2221 4488 sanctiﬁcatum?
2279 4428 2384 4492 Sed
2438 4439 2641 4498 timetis
2688 4428 3358 4528 irreligiosi—tatismotam,

1776 4527 2022 4577 sanctam
2055 4538 2183 4577 vero
2204 4527 2568 4586 conditionem
2593 4545 2858 4594 creaturae
2883 4545 3200 4606 omnimodo
3224 4568 3358 4611 con-

2043 4627 2150 4665 non
2187 4622 2365 4669 tamen
2397 4619 2514 4674 sine
2536 4620 2737 4691 Spiritu
2761 4633 3176 4706 sanctiﬁcatam,
3203 4656 3360 4700 erea-

1778 4705 1947 4752 torem
1974 4702 2196 4756 omnino
2225 4702 2560 4762 conﬁtemini
2588 4713 2751 4768 etiam
2780 4715 3068 4789 Spiritum,
3097 4727 3142 4780 si
3161 4702 3355 4797 scitis,

1775 4787 2011 4845 Verbum
2062 4793 2150 4848 Dei
2194 4795 2392 4852 Filium
2424 4800 2597 4870 ipsius
2646 4820 2786 4862 esse.
2820 4787 3140 4870 iAuditeiin
3199 4787 3353 4876 xxxti

1772 4883 1984 4950 psalmo
2015 4881 2284 4940 dicentem
2321 4906 2334 4941 :
2377 4883 2540 4944 Verbo
2567 4893 2780 4950 Domini
2811 4901 2927 4954 caeli
2970 4903 3173 4970 ﬁrmati
3201 4923 3349 4977 sunt,

1770 4983 1820 5026 et
1851 4975 2041 5043 spiritu
2071 4973 2179 5030 oris
2213 4979 2326 5048 ejus
2363 4984 2531 5038 omnis
2555 4987 2719 5042 virtus
2748 5005 2928 5045 eorum
2950 4995 3032 5063 ³⁰;
3063 5008 3117 5052 et
3149 5001 3348 5058 docen-

1769 5074 1876 5121 tem
1912 5084 2010 5123 nos
2053 5085 2160 5123 non
2200 5071 2318 5128 sine
2349 5073 2553 5144 Spiritu
2584 5090 2808 5148 sancto,
2847 5099 3009 5154 quem
3035 5103 3065 5142 a
3097 5105 3346 5162 corpore,

1768 5171 1870 5214 suo
1899 5175 1992 5214 ore
2027 5159 2264 5218 Verbum
2294 5165 2348 5220 in
2377 5167 2571 5224 faciem
2599 5168 2971 5241 apostolorum
3007 5180 3236 5248 spiravit
3258 5184 3314 5240 di

1765 5264 1894 5305 cens
1923 5269 1934 5304 :
1963 5252 2192 5322 Accipite
2222 5253 2482 5325 Spiritum
2509 5271 2752 5315 sanctum
2780 5265 2853 5332 ³³,
2883 5279 3189 5326 creaturam
3223 5291 3341 5331 esse
3380 5324 3383 5327 .

1767 5353 2005 5397 creatam
2037 5361 2252 5416 :ncque
2284 5349 2430 5403 enim
2462 5365 2525 5405 os
2566 5352 2796 5409 habebat
2823 5372 2946 5412 cum
2983 5362 3054 5414 sit
3085 5361 3342 5434 incorpo-

1767 5433 1880 5488 rale
1916 5433 2143 5490 Verbum
2184 5438 2268 5492 vel
2296 5439 2460 5510 hujus
2491 5441 2669 5499 Pater.
2729 5447 2985 5519 Alioquin
3017 5452 3062 5506 si
3090 5453 3158 5508 ab
3185 5433 3342 5512 initio

1766 5526 1884 5581 sine
1912 5527 2114 5597 Spiritu
2140 5541 2327 5586 sancto
2357 5534 2522 5589 creati
2549 5552 2763 5606 sumus,
2789 5543 3066 5610 quomodo
3087 5561 3184 5616 per
3209 5563 3335 5604 eum

2020 5797 2066 5878 :5
2092 5795 2454 5878 antt.xtv,i.
2538 5801 2609 5878 βξ
2634 5801 2754 5862 Act.
2795 5825 2910 5878 ιιι,
2945 5812 3005 5872 5.,

2140 5869 2181 5900 ³¹
2209 5868 2366 5925 Joan.
2405 5887 2496 5936 xx,
2535 5871 2626 5927 2‘2.

3076 5815 3122 5846 "
3157 5815 3179 5875 ι
3202 5814 3328 5879 Car.
