3794 6226
421 400 560 458 1199

1020 401 1076 455 S.
1117 398 1490 455 ATIIANASII
1532 398 1680 454 OPP.
1727 395 1909 453 PARS
1949 385 1987 451 1.

2188 396 2510 453 ISTORICA
2546 385 2633 452 ΕΤ
2677 397 3097 454 υοοιιΑτιαΑ.

3544 396 3684 451 1200

423 514 749 570 resurrectio
779 522 1118 568 mortuarum
1161 515 1426 570 ellicitur?
1474 515 1676 570 Paulus
1707 523 1884 569 autem
1924 514 1988 568 ad
2022 519 2064 572 Α
2099 514 2334 588 Ecclesia
2365 516 2594 584 primum
2625 517 2932 584 discipulos,
2971 514 3304 569 Christianos
3331 513 3398 567 ".
3437 513 3503 567 Et
3537 513 3680 569 Pau-

423 607 699 659 Bomanos
733 605 862 658 dicit
893 623 904 657 :
938 602 996 658 Si
1027 605 1257 674 Spiritus
1287 606 1399 675 ejus
1421 648 1435 671 ,
1482 607 1571 675 qui
1600 606 1875 660 suscitavit
1905 604 1996 659 Ie-

420 715 536 752 sum
571 698 837 752 Christum
865 714 896 750 a
925 698 1167 763 mortuis,
1199 698 1406 750 habitat
1434 700 1489 751 in
1522 699 1684 763 vobis,
1711 697 1994 766 vivi/icabit

416 798 464 840 et
493 788 743 841 mortalia
768 803 990 854 corpora
1017 799 1184 842 vestra
1207 805 1299 858 per
1324 789 1710 843 inhabitantem
1735 788 1994 858 Spiritum

415 898 550 934 suun
599 883 652 934 in
686 882 828 935 vobis
849 882 915 936 “.
955 881 1124 938 David
1154 898 1373 955 quoque
1399 899 1603 938 canens
1632 882 1742 937 Deo
1765 883 1899 937 dicit
1929 883 1996 936 de

413 983 660 1028 creatura
698 993 710 1028 :
749 975 914 1045 Aufer
943 977 1191 1045 spiritum
1222 992 1403 1030 eorum
1429 1017 1443 1036 .
1465 985 1514 1029 et
1547 976 1822 1045 deﬁcient,
1851 986 1899 1038 et
1939 977 1994 1028 in

411 1065 672 1133 pulverem
703 1083 856 1120 suum
887 1076 1270 1121 convertentur.
1303 1065 1501 1120 Emitte
1539 1065 1801 1137 Spiritum
1824 1075 1992 1128 tuum,

409 1167 458 1209 et
488 1155 806 1211 creabantur
831 1197 844 1222 ,
878 1168 926 1212 et
958 1159 1233 1212 renovabis
1263 1159 1452 1227 faciem
1489 1169 1646 1212 terra:
1672 1158 1737 1212 ³³.
1792 1159 1993 1212 Incon-

410 1266 606 1318 gruum
639 1260 722 1305 est
751 1250 908 1306 aliter
937 1250 1007 1304 ab
1042 1250 1202 1304 initio
1229 1251 1390 1305 condi
1433 1260 1774 1312 creaturam,
1807 1250 1859 1303 in
1895 1265 1994 1303 no-

410 1341 638 1395 vissimo
665 1342 820 1397 aliter
846 1343 1041 1397 creari.
1074 1341 1400 1412 ltaque,etsi
1435 1358 1544 1396 non
1572 1341 1758 1403 vultis,
1782 1350 1994 1396 creator

412 1441 593 1486 tamen
627 1431 865 1501 Spiritus
905 1442 1133 1489 sanctus
1169 1434 1480 1504 paracletus
1505 1475 1520 1497 ,
1548 1434 1641 1502 qui
1676 1449 1706 1487 a
1735 1432 1842 1487 Deo
1870 1432 1994 1486 mit-

411 1523 563 1588 titur,
606 1523 932 1593 prmdicatur
959 1541 988 1578 a
1019 1527 1225 1580 sanctis
1259 1543 1271 1578 :
1307 1524 1486 1578 M‘ittes
1520 1523 1781 1592 Spiritum
1819 1533 1991 1585 tuum,

409 1626 457 1667 et
489 1615 807 1670 creabantur
828 1657 843 1682 ,
870 1627 919 1671 et
949 1617 1218 1671 renovabis
1263 1617 1454 1686 faciem
1503 1629 1678 1672 terra).
1745 1617 1836 1670 Sic
1872 1631 1995 1686 qum

411 1710 570 1764 Pater
646 1721 700 1765 et
766 1711 937 1766 Filius
1003 1711 1198 1767 fecisse
1243 1713 1500 1767 dicuntur
1529 1723 1582 1766 et
1609 1713 1660 1765 in
1688 1712 1989 1781 Scriptura,

409 1802 716 1857 invenietur
772 1811 828 1858 et
871 1802 1108 1873 Spiritus
1137 1814 1360 1858 sanctus
1407 1802 1621 1858 fecisse.
1658 1804 1803 1858 Deus
1845 1803 1989 1857 enim

2099 607 2184 662 lus
2205 607 2268 660 ad
2286 607 2600 661 Corinthios
2623 607 2814 660 scribit
2839 625 2851 660 :
2883 605 2952 660 De
2975 604 3347 674 spiritualibus
3369 615 3548 658 autem
3573 624 3692 660 now

2099 715 2184 752 vos
2217 701 2482 768 ignorare,
2511 698 2740 766 fratres;
2774 698 2940 759 scitis,
2967 697 3092 766 quia
3120 695 3331 766 quando
3367 707 3544 764 gentes
3577 714 3692 751 cra-

2101 791 2166 844 tis
2197 773 2286 842 ad‘
2314 790 2458 842 idola
2489 799 2635 841 muta
2665 788 3128 857 quomodocunque
3153 787 3492 840 ducebamini
3531 788 3688 841 addi-

2099 881 2168 932 cti
2204 896 2219 932 :
2255 891 2570 948 quapropter
2619 888 2798 932 notum
2843 878 2984 948 facio
3035 879 3217 942 vobis,
3263 879 3391 948 quia
3453 893 3607 931 nemo
3640 882 3693 931 in

2100 971 2305 1039 Spiritu
2350 971 2450 1025 Dei
2487 973 2656 1035 dicit,
2687 972 2984 1025 Anathema
3025 971 3154 1025 Iesu
3188 989 3206 1024 :
3240 983 3290 1025 et
3342 989 3492 1026 nemo
3529 983 3693 1041 potest

2097 1065 2268 1116 dicere
2304 1061 2586 1115 Dominum
2610 1061 2820 1126 Iesum,
2850 1064 2953 1116 nisi
2986 1065 3040 1118 in
3075 1063 3280 1132 Spiritu
3314 1074 3500 1117 sancto
3522 1063 3594 1117 ⁸³.
3631 1063 3693 1116 Et

2099 1171 2315 1210 rursum
2351 1175 2364 1210 :
2393 1153 2655 1209 Animalis
2699 1157 2851 1210 homo
2881 1173 2982 1209 non
3011 1157 3236 1225 percipit
3272 1174 3334 1210 ea
3363 1173 3483 1226 qua:
3512 1155 3691 1226 Spiri-

2099 1257 2180 1300 tus
2230 1256 2353 1299 sunt
2411 1247 2544 1311 Dei,
2594 1247 2830 1300 stultitia
2860 1248 3000 1300 enim
3032 1257 3107 1300 est
3134 1247 3253 1311 illi,
3284 1256 3333 1300 et
3377 1264 3481 1300 non
3521 1257 3690 1314 potest

2095 1343 2249 1400 scire,
2273 1341 2400 1410 quia
2428 1341 2785 1410 spiritualiter
2813 1341 3149 1411 dijudicatur
3177 1357 3194 1393 :
3232 1357 3355 1392 nam
3385 1341 3692 1408 spiritualis

2087 1433 2300 1503 judicat
2332 1436 2532 1500 omnia,
2573 1435 2683 1503 ipse
2710 1446 2888 1487 autem
2919 1450 2950 1486 a
2979 1434 3182 1486 nemine
3202 1432 3506 1501 judicatur.
3561 1431 3690 1497 Quis

2095 1527 2232 1578 enim
2265 1527 2504 1594 cognovit
2539 1542 2748 1579 sensum
2798 1524 3048 1589 Domini,
3100 1526 3191 1595 qui
3241 1525 3481 1578 instruat
3525 1525 3693 1578 eum?

2099 1617 2211 1671 Nos
2239 1630 2412 1672 autem
2437 1637 2644 1673 sensum
2669 1621 2867 1674 Christi
2888 1619 3138 1674 habemus
3155 1620 3220 1674 δ’.
3245 1618 3482 1673 Sensum
3507 1628 3689 1672 autem

2095 1708 2224 1764 Jesu
2256 1709 2458 1764 Christi
2505 1713 2556 1764 in
2593 1711 2900 1766 substantia
2932 1711 3151 1782 proprie
3180 1713 3480 1778 Apostolus
3511 1708 3688 1780 Spiri-

2098 1812 2210 1857 tum
2262 1814 2508 1858 sanctum
2558 1820 2680 1858 esse
2733 1807 3014 1874 professus
3051 1811 3134 1859 est
3162 1822 3174 1856 :
3206 1803 3338 1869 Quis
3370 1802 3512 1867 scit,
3571 1818 3691 1872 qua:

409 1896 484 1950 ait
515 1895 568 1948 in
599 1892 834 1948 Ieremia
865 1895 1154 1952 deduxisse
1183 1897 1327 1950 hunc
1368 1894 1534 1949 Israel
1562 1897 1614 1949 in
1663 1897 1878 1950 deserto
1922 1893 1990 1948 ad
2027 1866 2070 1925 Β
2097 1903 2222 1950 sunt
2254 1893 2374 1958 Dei,
2407 1895 2509 1949 nisi
2541 1895 2778 1964 Spiritus
2819 1894 2946 1949 Dei?
3010 1893 3165 1949 Sicut
3219 1894 3449 1963 spiritus
3479 1904 3687 1956 noster,

408 1984 667 2055 populum
688 2000 891 2049 meum,
915 1999 963 2040 et
995 2003 1097 2038 non
1119 1988 1369 2039 dixistis:
1393 1985 1492 2040 Ubi
1511 1999 1588 2039 est
1607 1984 1881 2047 Dominus,
1903 1984 1992 2053 qui

407 2072 587 2127 eduxit
618 2089 709 2126 nos
735 2075 798 2127 de
821 2083 963 2127 terra
991 2075 1235 2145 zEggpti,
1261 2077 1348 2145 qui
1371 2076 1579 2129 induxit
1612 2076 1664 2128 ir.
1689 2075 1894 2128 deserto
1913 2074 1994 2126 3*?

407 2164 548 2220 Dicit
579 2175 759 2221 autem
785 2176 840 2221 et
869 2165 1068 2229 Isaias,
1111 2169 1204 2238 qui
1239 2169 1546 2224 audiendus
1577 2179 1659 2222 cst
1682 2209 1696 2232 ,
1726 2167 1988 2238 Spiritum

408 2269 660 2315 sanctum
710 2259 1001 2316 deduxisse
1048 2259 1214 2316 Israel
1261 2263 1313 2314 in
1364 2263 1609 2325 deserto,
1645 2261 1724 2315 sic
1757 2261 1988 2315 dicens:

407 2349 642 2404 Deduxit
671 2368 757 2404 eos
780 2369 872 2421 per
901 2353 1169 2422 abyssum,
1201 2355 1336 2406 sicut
1367 2369 1555 2423 equum
1583 2369 1675 2421 per
1701 2352 1987 2416 desertum,

406 2451 454 2494 et
483 2457 585 2493 non
634 2440 1004 2495 laboraverunt
1058 2452 1310 2512 tanquam
1331 2443 1573 2511 jumeuta
1599 2457 1688 2510 per
1725 2457 1987 2509 campum,

406 2533 669 2588 descendit
700 2533 932 2602 Spiritus
955 2553 986 2588 a
1019 2535 1326 2601 Domino,et
1345 2536 1561 2590 deduxit
1585 2553 1670 2590 eos
1687 2536 1751 2591 ³⁵.
1784 2535 1990 2589 Dicitur

407 2634 590 2678 autem
621 2633 674 2680 et
701 2625 784 2678 lex
817 2625 1065 2692 Domini,
1096 2625 1182 2678 lex
1210 2624 1472 2695 Spiritus.

480 2717 566 2770 10.
605 2715 668 2771 Et
699 2719 765 2771 de
827 2718 1057 2789 singulis
1106 2736 1324 2790 quoque
1356 2727 1670 2772 sanctorum
1720 2718 1774 2771 in
1823 2735 1987 2773 χχχιιι

406 2809 619 2877 psalmo
650 2808 854 2862 dictum
887 2819 973 2864 est
1008 2829 1019 2864 :
1051 2809 1160 2864 Lex
1188 2810 1286 2863 Dei
1315 2810 1428 2879 ejus
1459 2811 1512 2862 in
1543 2810 1698 2862 corde
1727 2810 1890 2878 ipsius
1920 2810 1983 2858 ³⁸.

408 2899 483 2953 De
521 2914 579 2954 se
613 2914 741 2954 vero
765 2901 966 2956 Paulus
1001 2920 1013 2955 :
1046 2901 1246 2955 Factus
1277 2918 1415 2966 sum,
1450 2901 1647 2970 inquit,
1674 2901 1753 2954 his
1781 2901 1872 2971 qui
1893 2900 1986 2953 sub

407 2991 515 3060 lege
547 3000 667 3044 sunt
689 3031 706 3057 ,
756 3002 1003 3062 tanquam
1037 2994 1149 3047 sine
1184 2992 1293 3063 lege
1314 3034 1327 3057 ,
1359 3009 1475 3045 cum
1505 3001 1656 3045 extra
1693 2992 1855 3062 legem
1888 2990 1988 3045 Dei

406 3099 510 3137 non
537 3099 702 3138 essem
721 3126 736 3151 ,
771 3085 860 3138 sed
895 3086 947 3137 in
977 3084 1085 3154 lege
1108 3101 1274 3138 essem
1295 3084 1530 3150 Christi,
1559 3095 1615 3138 ut
1643 3085 1880 3139 lucrarer
1900 3103 1985 3140 eos

404 3178 496 3248 qui
519 3189 641 3232 sunt
666 3179 776 3231 sine
799 3177 905 3249 lege
930 3178 993 3232 ³⁷.
1021 3179 1087 3232 Ει
1116 3194 1334 3232 rursum
1361 3178 1426 3232 ad
1451 3177 1728 3233 Romanos
1754 3178 1944 3232 scribit
1971 3196 1984 3232 :
2015 3203 2057 3261 ο

405 3269 515 3326 Lex
539 3273 678 3325 enim
714 3271 947 3342 Spiritus
981 3273 1100 3325 vita:
1140 3272 1196 3324 in
1228 3270 1440 3325 Christo
1468 3269 1597 3324 Iesu
1632 3270 1872 3324 liberavit
1907 3286 1987 3324 me

406 3379 439 3416 a
461 3363 568 3433 lege
590 3365 792 3433 peccati
819 3374 866 3416 et
895 3363 1080 3418 mortis
1100 3362 1164 3414 ³⁸.
1209 3361 1282 3416 Ita
1313 3371 1373 3416 ut
1403 3363 1586 3417 unitas
1618 3361 1904 3417 Trinitatis
1932 3363 1986 3417 in

404 3452 632 3507 veritate
654 3451 995 3505 inveniretur
1017 3451 1068 3504 in
1095 3452 1298 3504 sanctis
1325 3449 1624 3519 Scripturis
1651 3470 1664 3504 :
1691 3466 1812 3520 qum
1839 3450 1986 3504 enim

406 3548 536 3594 sunt
563 3539 681 3606 Dei,
713 3553 779 3592 ac
810 3537 1040 3602 Christi,
1064 3553 1128 3592 ac
1163 3536 1402 3608 Spiritus
1436 3539 1610 3593 sancti
1647 3539 1986 3595 inveniemus

405 3634 462 3687 in
495 3632 595 3698 eis,
627 3641 686 3686 ut
712 3647 836 3686 cum
869 3629 1134 3686 Dominus
1160 3629 1363 3686 Iudicis
1395 3631 1541 3685 dicat
1573 3649 1585 3685 :
1619 3629 1839 3685 Reddite
1863 3649 1985 3702 ergo

403 3740 520 3796 quae
545 3733 668 3778 sunt
702 3721 954 3788 Cwsaris,
988 3721 1211 3786 Cazsari,
1247 3732 1296 3776 et
1327 3738 1444 3792 qua:
1476 3721 1574 3776 Dei
1605 3732 1747 3791 sunt,
1782 3723 1892 3778 Deo
1917 3725 1983 3781 ³⁹.

403 3815 608 3872 Paulus
662 3829 881 3886 quoque.
925 3813 994 3868 ad
1049 3813 1429 3884 Philippenses
1473 3814 1666 3869 scribit
1719 3833 1734 3870 :
1791 3815 1984 3871 Omnes

402 3910 541 3963 enim
569 3924 685 3978 quae
707 3925 806 3963 sua
830 3914 951 3960 sunt
977 3915 1242 3976 quierunt,
1267 3921 1366 3959 non
1390 3921 1508 3976 quce
1529 3905 1658 3959 Iesu
1681 3904 1880 3961 Christi
1906 3905 1982 3973 ⁸ος

403 4008 459 4055 et
490 3999 558 4054 ad
597 3996 948 4053 Corinthios:
979 3996 1242 4049 Animalia
1288 4007 1463 4050 autem
1499 3995 1652 4050 homo
1685 4014 1788 4050 non
1815 3997 1986 4066 perci-

402 4089 482 4156 pit
523 4103 640 4159 quaa
688 4098 808 4140 sunt
843 4086 1073 4156 Spiritus
1110 4085 1208 4140 Dei
1241 4101 1259 4138 :
1294 4085 1531 4140 stultitia
1563 4095 1640 4140 est
1671 4089 1811 4140 enim
1840 4091 1886 4142 ei
1913 4088 1980 4143 “.

403 4177 470 4234 Et
517 4178 564 4234 si
615 4177 834 4248 quidem
881 4175 978 4231 Dei
1009 4175 1261 4230 homines
1293 4184 1475 4245 patres
1508 4177 1720 4240 nostri,
1762 4179 1986 4234 nomine

404 4268 500 4325 Dei
528 4287 542 4335 ;
575 4267 872 4324 Christiani
907 4281 1039 4322 vero
1067 4265 1361 4336 discipuli,
1396 4265 1619 4321 nomine
1652 4266 1894 4329 Christi;
1931 4278 1985 4322 et

403 4360 715 4431 spirituales
745 4357 982 4429 Spiritus
1014 4357 1189 4412 sancti
1220 4355 1441 4411 nomine
1473 4357 1835 4426 appellantur.
1867 4359 1982 4413 Au-

402 4456 597 4510 dienda
641 4467 878 4523 namque
911 4459 996 4506 est
1043 4449 1130 4505 illa
1173 4450 1228 4503 in
1278 4445 1505 4518 Sarepta
1546 4447 1784 4503 Sidoniae
1819 4450 1983 4505 vidua

2095 2003 2215 2056 qua:
2237 1994 2366 2040 sunt
2388 1995 2572 2040 nostra
2601 1987 2770 2040 novit.
2793 1985 2888 2042 Vel
2910 1988 3024 2056 ipse
3047 1985 3250 2040 Paulus
3274 1985 3341 2039 ad
3365 1986 3686 2040 Corinthios

2095 2077 2323 2132 scribit:
2355 2077 2522 2131 Nobis
2577 2089 2752 2131 autem
2804 2081 3048 2133 revelavit
3083 2079 3224 2132 Deus
3273 2096 3365 2148 per
3418 2077 3686 2149 Spiritum

2092 2184 2244 2220 suam
2276 2184 2292 2221 :
2328 2166 2560 2236 Spiritus
2582 2171 2717 2221 enim
2749 2178 3018 2222 scrutatur
3049 2171 3246 2236 omnia,
3272 2170 3439 2222 etiam
3462 2170 3688 2238 profan-

2093 2257 2162 2309 da
2199 2256 2313 2311 Dei.
2345 2259 2475 2321 Quis
2495 2261 2631 2311 enim
2656 2261 2794 2313 norit
2817 2260 3107 2324 hominum,
3134 2277 3251 2331 qua:
3273 2270 3394 2312 sunt
3426 2261 3686 2323 hominis,

2093 2348 2198 2400 nisi
2232 2349 2452 2416 spiritus
2491 2347 2715 2403 hominis
2739 2391 2756 2414 ,
2810 2351 2900 2420 qui
2933 2361 3010 2404 est
3061 2352 3115 2403 in
3149 2352 3310 2418 ipso?
3361 2349 3455 2403 Sic
3483 2358 3535 2403 et
3569 2367 3684 2420 qua:

2093 2438 2190 2492 Dei
2217 2448 2339 2492 sunt
2370 2456 2518 2493 nemo
2550 2441 2723 2503 novit,
2761 2441 2863 2494 nisi
2911 2440 3143 2511 Spiritus
3178 2441 3277 2494 Dei
3308 2459 3326 2494 :
3357 2458 3455 2495 nos
3503 2453 3682 2495 autem

2092 2547 2194 2584 non
2235 2532 2484 2600 spiritum
2517 2531 2673 2600 hujus
2706 2534 2892 2586 mundi
2926 2535 3217 2603 accepimus
3242 2573 3257 2597 ,
3294 2535 3385 2587 sed
3415 2532 3681 2604 Spiritum

2090 2623 2180 2693 qui
2219 2640 2252 2676 a
2294 2623 2400 2677 Deo
2442 2633 2516 2677 est
2539 2624 2606 2676 ⁸ο.
2675 2623 2740 2678 Et
2775 2641 3034 2681 rursum:
3076 2626 3267 2680 Videor
3293 2628 3434 2705 enim
3481 2637 3534 2682 et
3593 2646 3685 2697 ego

2091 2713 2355 2782 Spiritum
2377 2713 2470 2769 Dei
2497 2715 2686 2769 habere
2707 2717 2772 2770 δι.
2801 2715 3004 2774 Paulus
3035 2729 3216 2775 autem
3240 2736 3270 2775 a
3300 2720 3412 2775 Deo
3435 2737 3495 2776 se
3521 2737 3684 2774 voca-

2092 2811 2203 2857 tum
2238 2805 2346 2867 ait,
2386 2804 2453 2859 ad
2487 2803 2707 2860 Galatas
2741 2807 2985 2862 scribens
3013 2825 3026 2861 :
3056 2808 3189 2861 Cant
3236 2818 3415 2862 autem
3446 2810 3685 2878 placuis~

2090 2907 2164 2949 set
2208 2895 2458 2963 Domino,
2487 2899 2577 2969 qui
2619 2915 2699 2953 me
2731 2900 3020 2969 segregavit
3046 2900 3108 2954 de
3133 2910 3278 2954 utero
3306 2904 3498 2955 matris
3532 2919 3680 2965 metr,

2089 2998 2136 3041 et
2167 2989 2365 3042 vocavit
2398 2991 2449 3042 in
2480 2993 2710 3060 gratiam
2735 3007 2908 3056 suam,
2935 3004 2991 3044 ut
3016 2992 3265 3045 rerelaret
3291 2992 3498 3045 Filium
3527 3012 3684 3047 suam

2090 3081 2252 3146 mihi,
2281 3092 2337 3134 ut
2367 3083 2784 3152 evangelizarem
2814 3100 2932 3136 eum
2959 3084 3013 3135 in
3037 3086 3275 3153 gentibus
3295 3085 3362 3139 ⁸¹.
3396 3084 3688 3143 Romanos

2090 3188 2219 3226 vero
2254 3187 2285 3227 a
2328 3172 2549 3228 Christo
2575 3183 2799 3229 vocatos
2833 3190 2955 3229 esse
2982 3176 3054 3228 ait
3078 3215 3093 3239 ,
3127 3177 3376 3232 scribens
3413 3198 3426 3233 :
3466 3178 3536 3234 In
3570 3185 3687 3252 qui-

2091 3265 2184 3317 bus
2224 3265 2348 3318 estis
2403 3275 2453 3318 et
2503 3282 2592 3320 vos
2633 3266 2804 3319 vocati
2833 3265 2961 3319 Iesu
2998 3266 3198 3320 Christi
3223 3269 3289 3323 ⁵³.
3344 3269 3410 3325 Ει
3445 3271 3687 3342 Spiritus

2089 3365 2310 3411 sanctus
2330 3355 2554 3410 Paulum
2580 3367 2632 3412 et
2655 3356 2956 3411 Barnabam
2983 3375 3011 3412 a
3046 3374 3104 3412 se
3132 3360 3269 3413 dixit
3291 3377 3413 3415 esse
3435 3375 3685 3430 mestos,

2085 3463 2195 3518 quo
2226 3449 2386 3519 777
2417 3451 2668 3520 gentibus
2701 3454 3085 3506 annuntiarent
3108 3452 3408 3509 Christum.
3437 3457 3504 3510 Et
3528 3460 3686 3528 plane

2087 3541 2370 3607 mirabile,
2413 3557 2538 3596 cum
2573 3540 2823 3596 Salvator
2853 3543 3058 3597 diceret
3091 3544 3157 3598 ad
3191 3543 3423 3600 Paulum
3455 3550 3512 3601 in
3545 3560 3682 3602 tem-

2085 3631 2174 3700 plo
2211 3649 2222 3685 :
2261 3630 2348 3685 Ito
2375 3672 2390 3696 ,
2427 3634 2551 3702 quia
2595 3635 2664 3686 ad
2711 3645 2884 3705 gentes
2919 3636 3066 3706 longe
3100 3636 3302 3704 positas
3335 3651 3429 3708 ego
3471 3641 3682 3693 mittam

2085 3730 2135 3774 te
2177 3721 2224 3752 “
2250 3738 2264 3786 ;
2295 3731 2349 3776 et
2382 3717 2584 3778 Paulu's
2611 3725 2676 3778 ad
2706 3723 2928 3779 Galatas
2966 3726 3230 3780 scriberet
3262 3745 3275 3780 :
3311 3724 3525 3782 Paulus
3560 3749 3685 3801 apo-

2083 3811 2249 3865 stolus
2280 3828 2382 3865 non
2408 3815 2472 3866 ab
2511 3815 2810 3868 hominibus
2839 3832 3000 3885 neque
3022 3834 3114 3886 per
3140 3819 3426 3884 hominem,
3463 3823 3561 3874 sed
3593 3840 3686 3892 per

2082 3903 2264 3958 Iesum
2287 3904 2582 3970 Christum,
2607 3915 2656 3959 et
2688 3906 2854 3960 Deum
2886 3911 3118 3974 Patrem,
3146 3911 3236 3980 qui
3259 3911 3540 3966 suscitavit
3568 3931 3688 3967 eum

2084 4014 2117 4049 a
2148 3998 2367 4050 mortuis
2388 3996 2456 4049 ⁸³.
2514 3997 2750 4066 Spiritus
2785 4009 2964 4055 tamen
2996 4010 3220 4056 sanctus
3255 4003 3404 4057 misit
3446 4002 3685 4060 Paulum

2083 4096 2138 4142 et
2186 4087 2494 4143 Barnabam
2543 4090 2801 4158 probatos
2849 4092 2914 4145 ad
2962 4093 3369 4162 praedicandum
3419 4099 3687 4166 gentibus

2083 4180 2267 4236 Iesum
2293 4183 2608 4248 Christum;
2631 4183 2763 4238 dicit
2785 4200 3021 4253 namque
3046 4186 3331 4254 Scriptura
3353 4187 3474 4241 sic:
3503 4186 3683 4242 Erant

2083 4281 2258 4325 autem
2284 4274 2577 4328 Antiochia:
2605 4276 2660 4327 in
2691 4275 2926 4328 Ecclesia
2959 4276 3225 4344 prop/lett:
3251 4285 3301 4329 et
3331 4278 3606 4345 doctores,
3631 4283 3683 4333 iu

2083 4363 2269 4432 quibus
2292 4375 2404 4417 erat
2422 4363 2722 4430 Barnabas,
2746 4375 2795 4420 et
2814 4364 3047 4428 Simemt,
3072 4367 3163 4436 qui
3183 4367 3474 4420 vocabatur
3488 4369 3682 4440 Niger,

2083 4462 2134 4506 et
2159 4452 2355 4509 Lucius
2395 4455 2738 4525 Cyrenensis,
2785 4465 2835 4511 et
2866 4457 3149 4512 .llauahem
3177 4475 3380 4530 quoque
3400 4499 3415 4524 ,
3441 4457 3538 4530 qui
3566 4475 3681 4515 erat

401 4548 470 4604 ad
496 4546 671 4601 Eliam
701 4543 994 4599 Thesbiten
1041 4542 1229 4597 dicens
1262 4561 1274 4596 :
1307 4540 1446 4605 Quid
1478 4541 1606 4594 mihi
1645 4549 1696 4594 et
1750 4541 1846 4594 tibi
1877 4552 1978 4610 est,
2011 4541 2056 4598 D
2087 4541 2316 4598 Herodis
2366 4543 2643 4601 tetrarc/ue
2701 4546 3057 4601 collactaneus
3081 4589 3096 4615 ,
3131 4558 3179 4602 et
3223 4549 3449 4604 Saulus.
3507 4550 3681 4604 Mini-

401 4641 554 4693 Itomo
582 4637 678 4690 Dei
696 4635 777 4688 “?
816 4633 882 4688 Et
909 4649 1128 4687 rursum
1163 4651 1176 4686 :
1210 4630 1368 4684 Nunc
1407 4633 1643 4712 cognovi,
1671 4633 1796 4700 quia
1829 4633 1980 4687 homo

407 4729 499 4784 Dei
521 4745 573 4784 es
599 4738 657 4781 tu
671 4726 736 4781 ιδ.
753 4723 848 4780 llla
872 4739 1001 4779 vero
1024 4721 1220 4778 mulier
1243 4720 1542 4777 Sunamitis
1570 4739 1671 4777 suo
1697 4723 1894 4777 marito
1915 4724 1981 4777 de

399 4819 595 4875 Elisaao
644 4818 833 4873 dicens
877 4833 890 4870 :
932 4813 1064 4868 Ecce
1107 4813 1262 4866 homo
1306 4813 1403 4866 Dei
1450 4829 1672 4882 magnus
1725 4815 1862 4868 venit
1911 4814 1980 4867 ad

399 4928 495 4966 nos
522 4910 588 4965 “.
653 4909 770 4979 lpsa
805 4919 1022 4977 quoque
1075 4904 1359 4974 Scriptura
1393 4903 1704 4972 Regnorum
1757 4903 1834 4958 ait
1865 4923 1878 4958 :
1910 4903 1978 4958 Et

397 5007 554 5060 homo
595 5000 696 5056 Dei
729 5001 866 5054 venit
893 5013 957 5052 ex
984 4996 1130 5050 Iuda
1151 5035 1166 5060 ,
1196 5006 1244 5050 et
1266 4996 1596 5066 prophetavit
1621 5013 1777 5066 super
1807 4996 1978 5050 altare

396 5094 580 5153 Bethel
629 5093 698 5150 “.
758 5091 979 5147 Necnon
1019 5089 1183 5144 etiam
1229 5090 1462 5144 titulatio
1497 5092 1816 5160 octogesimi
1847 5091 1984 5147 noni

397 5190 594 5262 psalmi
631 5207 644 5244 :
685 5187 874 5243 Oratio
915 5182 1089 5254 Moysi
1121 5183 1348 5236 hominis
1376 5181 1473 5236 Dei
1504 5183 1570 5236 ⁸⁸.
1634 5185 1814 5239 Lucas
1849 5202 1978 5242 vero

397 5285 451 5338 in
481 5282 710 5337 Actibus
741 5278 1114 5350 apostolorum
1148 5277 1223 5330 ait
1255 5293 1269 5330 :
1303 5273 1531 5328 Factum
1573 5287 1650 5330 est
1699 5288 1874 5331 autem
1924 5290 1976 5333 et

399 5378 598 5447 integro
623 5389 761 5428 anno
786 5388 874 5427 eos
899 5369 1170 5424 convenire
1195 5369 1249 5422 in
1276 5366 1535 5436 Ecclesia,
1559 5378 1609 5422 et
1636 5369 1896 5439 appellari
1924 5372 1979 5424 in

468 5539 512 5610 ξ’
547 5537 707 5596 Rom.
733 5559 854 5610 vui,
896 5546 980 5600 11.

395 5606 454 5679 ξτί
479 5607 499 5660 l
524 5612 650 5664 Cor.
682 5629 758 5678 ιχ,
797 5606 888 5671 21.
966 5617 1010 5649 ³⁸
1041 5618 1201 5672 Rom.
1235 5633 1352 5679 vm,
1381 5606 1437 5672 2.

394 5677 485 5733 18.
546 5677 873 5756 _”_ihid_.2ii.
949 5687 1078 5741 “IV
1111 5687 1242 5756 Reg.
1276 5677 1350 5750 Iv,
1375 5687 1428 5743 9.

398 5763 473 5802 xu
495 5790 510 5812 ,
540 5750 653 5822 155.
729 5754 773 5785 ”
798 5757 818 5808 1
847 5756 975 5810 Cor.
1014 5774 1072 5822 Il,
1099 5750 1284 5811 14-16.

407 5833 539 5886 nu,
581 5821 670 5877 21.
745 5827 791 5857 ⁸⁸
831 5825 951 5880 Gal.
1004 5821 1139 5892 ι,ί1.
1216 5829 1263 5860 ⁸⁵
1302 5827 1419 5884 Act.
1458 5845 1576 5885 xm.
1620 5831 1726 5884 1-4.

1057 5545 1104 5579 ³³
1129 5544 1274 5602 Psal.
1319 5561 1436 5611 cm,
1471 5546 1563 5610 29,
1593 5547 1680 5600 30.

1760 5546 1806 5578 “
1834 5546 2036 5604 Jerem.
2078 5567 2142 5615 il,
2195 5552 2248 5606 6.

1517 5619 1560 5691 ’ᾗ
1583 5616 1723 5691 Luc.
1754 5634 1846 5684 xx,
1879 5620 1971 5676 25.
2013 5621 2058 5652 ’⁵ο
2089 5623 2322 5691 Philipp.
2350 5636 2409 5685 ll,
2443 5622 2534 5675 21.

1507 5688 1556 5720 "
1581 5686 1646 5740 ιν
1673 5687 1805 5758 Reg.
1837 5706 1993 5754 χχιιι,
2023 5692 2108 5746 17.

1361 5759 1406 5789 ⁵⁰
1432 5758 1562 5812 ibid.
1599 5758 1784 5812 10-12.
1820 5761 1861 5792 ⁸³
1894 5759 2060 5820 lCor.
2095 5779 2185 5828 ru,
2219 5764 2307 5819 40.

2083 4639 2376 4691 strantibus
2399 4647 2577 4691 autem
2599 4639 2675 4692 eis
2703 4638 2952 4705 Domino,
2987 4651 3035 4693 et
3060 4639 3363 4708 jejunantes
3383 4649 3435 4693 et
3460 4653 3678 4699 orantes

2039 4788 2044 4793 ,
2081 4728 2447 4796 imposuerunt
2497 4729 2570 4782 eis
2622 4746 2810 4783 manus
2840 4740 2889 4782 et
2921 4729 3268 4796 dimiserunt,
3320 4731 3412 4799 qui
3455 4733 3615 4786 missi
3650 4749 3682 4785 α

2083 4817 2290 4889 Spiritu
2320 4830 2505 4874 sancto
2528 4823 2906 4876 descenderunt
2937 4820 3261 4887 Seleuciam,
3297 4833 3346 4876 et
3377 4822 3501 4877 inde
3529 4829 3682 4879 navi-

2081 4926 2330 4981 gaverunt
2355 4914 2673 4983 Cyprum".
2708 4913 2776 4968 Et
2797 4915 2878 4970 sic
2901 4916 3156 4986 deinceps
3183 4917 3505 4986 praedicatio
3549 4934 3678 4988 gen-

2087 5004 2234 5060 tibus
2264 5021 2361 5074 per
2392 5005 2623 5060 Paulum
2660 5006 2802 5061 facta
2837 5008 3148 5076 exponitur.

2160 5098 2248 5150 11.
2289 5097 2356 5152 Et
2386 5107 2470 5154 est
2509 5100 2729 5170 quidem
2759 5102 2983 5171 quando
3011 5117 3077 5155 ex
3110 5116 3343 5171 persona
3380 5099 3563 5158 Patris
3594 5103 3679 5160 lo-

2087 5202 2334 5264 quuntur
2366 5193 2686 5262 prophetat,
2741 5193 2886 5248 sicut
2932 5191 3100 5246 David
3158 5193 3214 5246 in
3258 5191 3497 5249 Psalmis
3553 5197 3676 5251 ait:

2089 5286 2261 5342 Semel
2273 5286 2454 5355 juravi
2481 5288 2536 5340 in
2558 5297 2738 5340 sancto
2764 5303 2912 5340 meo:
2932 5285 2991 5340 Si
3021 5285 3184 5339 David
3221 5287 3472 5352 mentiar,
3497 5303 3676 5342 semen

2085 5377 2198 5446 ejus
2226 5379 2279 5431 in
2303 5387 2559 5432 aeternum
2590 5377 2842 5443 manebit,
2870 5387 2918 5432 et
2947 5378 3093 5440 sedes
3125 5377 3239 5447 ejus
3269 5378 3404 5430 sicut
3436 5378 3518 5432 sol
3550 5390 3675 5433 ante

2330 5551 2374 5583 ³⁸
2412 5549 2517 5606 lsa.
2550 5565 2706 5613 Lxm,
2764 5551 2853 5615 13,
2915 5549 3004 5603 14.
3081 5546 3298 5602 "Psal.
3334 5561 3523 5612 xxxvr,
3580 5547 3670 5601 51.

2350 5636 2387 5650 η
2443 5622 2504 5650 Ol
2612 5625 2654 5650 ιιι
2685 5619 2699 5650 Ι
2729 5621 2835 5650 Ρη..
2891 5637 2926 5650 ι.
2980 5619 3037 5650 ΙΙ
3162 5620 3207 5650 ιι
3250 5617 3313 5650 ΙΙΙ
3346 5619 3457 5650 "an
3529 5633 3645 5650 vnn

2612 5625 2654 5660 δ’
2684 5619 2701 5672 l
2729 5621 2853 5675 Cor.
2891 5637 2950 5682 ιι,
2980 5619 3064 5673 14.
3162 5620 3207 5650 ⁸³
3250 5617 3317 5670 Ill
3346 5619 3475 5688 Reg.
3529 5633 3667 5681 κει-ιι,

2612 5707 2680 5752 Ix,
2715 5693 2765 5745 1.
2875 5691 2919 5723 ⁴⁷
2951 5691 3069 5743 Act.
3097 5704 3172 5752 xl,
3217 5688 3308 5742 2t).
3411 5689 3458 5719 ⁸⁸
3490 5685 3510 5739 1
3538 5687 3666 5742 Cor.

2201 5695 2246 5725 ⁵⁸³
2283 5695 2421 5748 l’sal.
2459 5707 2680 5754 Luxu,
2715 5693 2765 5745 1.
2875 5693 2919 5723 ⁸⁷
2951 5693 3069 5743 Act.
3097 5704 3172 5752 χι,
3217 5693 3308 5742 2t).
3411 5693 3458 5719 ⁸⁸
3490 5693 3510 5739 1
3538 5693 3648 5742 Cor

2219 5764 2307 5814 40.
2385 5765 2430 5796 ⁸³
2465 5762 2587 5814 Gal.
2618 5779 2635 5814 ι
2696 5763 2780 5814 15.
2821 5761 2899 5814 16.
2979 5760 3025 5792 ⁸³
3056 5759 3216 5814 Boni.
3253 5773 3297 5814 ι.
3333 5757 3388 5813 6.
3463 5757 3511 5790 ⁵⁸
3552 5763 3648 5814 Art

3105 5777 3216 5814 υιιι.
3253 5776 3297 5822 ι,
3333 5776 3388 5813 υ.
3463 5776 3511 5790 ’ν
3552 5776 3665 5814 At‘t.

2385 5765 2430 5796 ⁸³
2465 5762 2587 5818 Gal.
2618 5779 2635 5815 ι
2696 5763 2780 5826 15,
2821 5761 2899 5817 16.
