3794 6226
162 281 294 341 ιεθι

1154 284 1240 340 DE
1282 285 1660 343 TRINITATE
1699 289 1787 352 Er
1829 289 2102 347 senum
2141 268 2431 346 SANCTO.

3286 295 3425 349 1203

159 425 242 464 me
282 407 351 462 ⁸⁷.
397 406 466 462 Ει
518 421 738 463 rursum
768 424 781 460 :
825 406 902 460 De
933 407 1112 476 fructu
1167 410 1360 464 ventris
1415 410 1492 463 tui
1547 426 1741 480 ponam
1770 427 1814 484 Α
1842 421 2051 480 perunt,
2079 410 2224 465 dedit
2254 412 2328 465 eis
2355 419 2664 479 potestatem
2695 412 2862 480 ﬁlios
2890 411 2986 466 Dei
3028 414 3163 476 ﬁeri,
3196 415 3285 484 qui
3315 431 3425 467 ere-

156 514 316 570 super
377 501 554 552 sedem
589 513 764 551 meam
809 497 875 551 ⁵⁸.
933 496 1086 557 Sicut
1129 507 1183 555 et
1227 499 1422 556 Petrus
1455 502 1567 556 ait:
1607 501 1744 556 Pro—

165 594 327 661 pheta
367 607 486 645 cum
514 586 647 645 esset
686 589 875 656 David,
922 603 971 645 et
1015 593 1192 657 sciret,
1227 593 1353 664 quia
1391 595 1742 665 jurejurando

159 682 390 745 iurasset
428 680 513 734 illi
539 680 705 748 Deus,
737 680 801 735 de
836 680 1015 749 fructu
1043 682 1209 736 lumbi
1234 684 1346 752 ejus
1381 686 1557 739 sedere
1588 684 1744 740 Chri-

156 783 301 826 stum
359 769 647 825 secundum
699 787 913 826 carnem
965 789 1122 842 super
1166 773 1415 828 thronum
1469 792 1622 830 suunt
1671 777 1740 831 ι’.

155 863 392 931 Quando
437 878 566 919 vero
600 878 669 918 ex
700 878 934 933 persona
967 862 1131 929 Filii,
1173 881 1299 921 cum
1347 865 1520 924 Isaias
1561 867 1735 931 dicit:

156 956 292 1011 Ilaec
330 956 462 1011 dicit
511 955 773 1011 Dominus
801 973 820 1011 :
852 955 1078 1027 Pr0pter
1123 975 1212 1013 vos
1261 975 1462 1030 semper
1495 959 1740 1032 blasphe-

155 1057 340 1101 matur
380 1063 568 1102 nomen
625 1063 800 1102 meum
842 1048 900 1103 in
947 1049 1185 1118 gentibus
1220 1066 1239 1104 :
1281 1061 1560 1122 propterea
1602 1069 1740 1107 nunc

152 1141 286 1195 sciet
314 1141 539 1211 populus
565 1156 709 1195 meus
736 1141 791 1194 in
833 1141 917 1195 die
942 1141 1038 1195 illa
1067 1158 1254 1197 nomen
1279 1159 1472 1208 meum,
1495 1144 1620 1214 quia
1647 1161 1740 1215 ego

150 1234 268 1302 ipse
297 1235 387 1304 qui
416 1233 665 1304 loquebar
701 1233 889 1293 adsum
936 1236 1002 1286 °°.
1035 1233 1267 1300 Quando
1301 1243 1480 1290 autem
1513 1251 1581 1290 ex
1615 1251 1740 1306 per-

152 1339 294 1378 sona
325 1323 563 1392 Spiritus
599 1324 794 1388 sancti,
832 1334 891 1379 ut
933 1340 1057 1380 cum
1101 1325 1366 1398 propheta
1400 1326 1621 1397 Agabus
1658 1327 1741 1382 di-

151 1421 246 1467 cat
275 1431 289 1467 :
321 1412 452 1468 Haec
479 1415 610 1469 dicit
641 1415 877 1486 Spiritus
899 1427 1152 1472 sanctus:
1187 1416 1373 1471 Virum
1401 1419 1559 1484 hunc,
1587 1421 1738 1488 cujus

148 1513 230 1557 est
265 1505 365 1559 iste
385 1506 652 1576 cingulas,
680 1509 754 1562 sic
780 1507 1022 1578 ligabunt
1052 1509 1109 1562 in
1140 1507 1437 1564 Jerusalem
1459 1510 1658 1576 Iudici,
1689 1520 1738 1565 et

152 1594 373 1650 tradent
417 1597 474 1650 in
520 1615 708 1653 manus
738 1601 970 1671 gentium
1005 1601 1072 1656 δι.
1097 1599 1301 1658 Paulus
1329 1610 1510 1656 autem
1548 1601 1616 1655 ad
1647 1601 1739 1657 Ti+

150 1688 442 1742 motheum
497 1691 686 1746 scribit
720 1710 734 1746 :
772 1690 1008 1762 Spiritus
1057 1702 1234 1747 autem
1274 1695 1552 1762 manifeste
1585 1696 1734 1764 dicit,

1847 506 1977 558 dunt
2006 505 2060 558 in
2102 503 2308 557 nomine
2335 502 2470 571 ejus,
2501 503 2590 572 qui
2617 518 2720 555 non
2757 519 2826 556 ea:
2869 505 3146 573 sanguine,
3175 521 3335 575 neque
3360 521 3425 557 ex

1845 596 2110 650 voluntate
2140 595 2263 658 viri,
2299 594 2392 648 sed
2425 609 2491 648 ea:
2529 593 2632 648 Deo
2665 595 2781 648 nati
2809 605 2931 648 sunt
2953 597 3021 649 ⁷⁵.

1917 685 2003 740 12.
2060 684 2137 739 De
2179 685 2527 754 generatione
2578 701 2796 755 quoque
2850 686 3091 741 ﬁdelium
3144 699 3424 756 exponens

1843 776 2196 846 postmodum
2239 774 2528 842 Dominus,
2560 774 2916 832 Nicodemum
2951 778 3254 844 instruens,
3274 775 3423 847 quod

1841 882 1936 921 eos
1964 868 2058 936 qui
2093 867 2146 920 in
2179 882 2238 922 se
2262 866 2516 932 credunt,
2549 867 2654 922 hoc
2701 878 2786 923 est
2827 869 2918 937 qui
2950 868 3228 938 accipiunt
3269 881 3420 931 cum,

1841 971 1875 1011 a
1924 955 2130 1026 Spiritu
2181 967 2372 1011 sancto
2410 957 2719 1027 regenerari
2770 967 3018 1028 oportet,
3067 959 3297 1013 dicens:
3340 955 3422 1010 Ne

1843 1047 2052 1100 mireris
2093 1048 2218 1117 quia
2246 1048 2382 1113 dixi,
2413 1047 2626 1116 Oportet
2662 1065 2746 1103 vos
2777 1051 2926 1103 nasci
2967 1049 3160 1104 denuo.
3189 1046 3420 1118 Spiritus

1842 1135 1933 1191 ubi
1964 1137 2074 1190 vult
2104 1138 2293 1207 spirat,
2324 1147 2373 1192 et
2401 1155 2578 1193 vocem
2605 1139 2720 1208 ejus
2746 1140 2925 1203 audis,
2970 1151 3016 1194 et
3058 1141 3224 1194 nescis
3283 1140 3420 1194 unde

1840 1229 2013 1283 veniat
2041 1239 2090 1283 et
2125 1247 2226 1300 quo
2255 1241 2362 1285 eat.
2404 1228 2493 1285 Sic
2515 1240 2591 1284 est
2621 1233 2793 1285 omnis
2818 1233 2908 1302 qui
2929 1241 3084 1286 natus
3107 1243 3184 1286 est
3208 1249 3273 1288 ea:
3299 1230 3420 1300 Spi-

1842 1322 1951 1374 ritu
1976 1331 2161 1374 sancto
2186 1319 2252 1375 ⁷⁸.
2285 1320 2352 1374 Et
2378 1335 2815 1376 commemorans
2843 1332 2966 1376 ante
2996 1340 3008 1375 :
3045 1320 3196 1387 Quod
3233 1331 3418 1374 natum

1839 1421 1915 1466 est
1944 1427 2011 1465 ex
2055 1427 2230 1478 carne,
2263 1428 2388 1465 caro
2435 1421 2554 1466 est:
2589 1421 2638 1465 et
2659 1413 2798 1482 quod
2829 1413 3071 1467 nascitur
3109 1414 3174 1467 de
3201 1413 3416 1482 spiritu,

1839 1504 2057 1571 spiritus
2093 1512 2191 1559 est.
2235 1502 2292 1556 Si
2331 1503 2498 1574 igitur
2531 1504 2587 1558 hi
2628 1505 2722 1574 qui
2751 1505 2959 1561 caelesti
3008 1507 3419 1576 regeneratione

1838 1601 2188 1664 generantur,
2238 1610 2304 1648 ex
2344 1593 2548 1664 Spiritu
2581 1604 2771 1650 sancto
2807 1596 3130 1666 regenerati,
3183 1612 3250 1651 ex
3294 1596 3406 1650 Deo

1840 1694 1970 1742 sunt
2004 1687 2266 1757 generati,
2300 1702 2398 1742 cur
2423 1700 2531 1740 non
2562 1685 2608 1741 si
2634 1685 2764 1756 quid
2797 1703 3056 1759 magnum
3087 1697 3141 1742 et
3170 1689 3416 1743 divinum

148 1780 283 1846 quia
325 1780 381 1833 in
425 1783 720 1837 novissimis
765 1784 1084 1854 temporibus
1125 1785 1393 1842 discedent
1435 1786 1654 1858 quidam

1776 1772 1809 1828 Β
1836 1785 1891 1832 et
1913 1777 2182 1833 Trinitate
2206 1777 2430 1848 dignum
2458 1778 2526 1833 de
2569 1776 2772 1848 Spiritu
2803 1794 2903 1834 nos
2937 1779 3150 1848 Opinari
3179 1789 3414 1850 oportet,

146 1870 281 1938 ﬁde,
310 1873 633 1929 attendentes
668 1877 940 1944 spiritibus
971 1877 1356 1945 seductoribus,
1386 1888 1437 1933 et
1477 1878 1732 1934 doctrinis

146 1963 537 2018 dwmouiorum
584 1967 650 2032 θ’,
684 1976 790 2024 etc.
821 1967 917 2022 Est
950 1969 1171 2038 quidem
1218 1969 1436 2039 quando
1463 1970 1645 2038 Pater,
1681 1981 1735 2027 et

145 2056 378 2125 quando
402 2056 593 2124 Filius,
619 2066 674 2112 et
694 2059 914 2129 quando
941 2057 1180 2130 Spiritus
1211 2068 1436 2116 sanctus
1467 2061 1729 2131 loquitur.

147 2147 249 2203 Sic
281 2149 534 2218 equidem
585 2166 682 2221 per
724 2151 966 2222 seipsum
1003 2153 1164 2207 Pater
1205 2153 1273 2208 de
1303 2151 1584 2209 Salvatore
1615 2155 1729 2209 ait:

149 2237 262 2291 Hic
292 2247 368 2292 est
419 2236 596 2293 Filius
645 2256 790 2296 meus
837 2241 1083 2308 dilectus,
1111 2243 1168 2296 in
1196 2259 1298 2312 quo
1340 2243 1630 2311 complacui
1665 2245 1727 2297 ⁸³.

148 2328 331 2386 Filitis
376 2347 526 2396 vero,
559 2341 852 2404 antequam
906 2343 1327 2390 conversaretur
1365 2334 1508 2390 inter
1553 2337 1732 2393 homi-

148 2435 275 2484 nes,
312 2421 544 2491 singulis
574 2423 886 2493 quibusque
930 2433 1247 2480 sanctorum
1293 2425 1508 2482 locutus
1540 2435 1642 2494 est,
1678 2438 1734 2483 et

146 2523 277 2583 post
304 2514 360 2567 in
391 2515 589 2570 caelum
621 2531 934 2580 ascensum,
975 2516 1213 2586 Spiritus
1242 2533 1462 2588 quoque
1505 2528 1732 2574 sanctus

146 2605 215 2659 ad
245 2605 548 2675 discipulos
577 2623 592 2660 :
627 2605 909 2678 Segregate
940 2609 1070 2661 mihi
1090 2608 1399 2662 Barnabam
1428 2617 1477 2662 et
1508 2608 1731 2664 Saulunt

146 2698 199 2748 in
223 2713 358 2765 opus
396 2697 467 2751 ad
499 2700 636 2768 quod
663 2701 840 2754 vocavi
867 2715 951 2752 eos
980 2699 1045 2752 “.
1085 2698 1152 2752 Et
1198 2699 1460 2769 propheta
1508 2699 1730 2769 quidem

145 2785 404 2841 Ezechiel
446 2797 638 2843 contra
666 2799 905 2845 veterem
957 2791 1216 2859 populum
1251 2791 1519 2852 clamans,
1551 2790 1683 2844 dicit
1713 2809 1725 2843 :

149 2874 219 2928 Et
251 2877 607 2931 contristabas
633 2895 712 2932 me
740 2880 796 2932 in
822 2879 902 2932 Itis
935 2879 1197 2944 omnibus,
1219 2879 1348 2933 dicit
1377 2879 1635 2933 Dominus
1659 2881 1725 2933 “.

145 2965 355 3022 Paulus
382 2982 514 3022 vero
545 2967 735 3023 scribit
779 2969 847 3023 ad
895 2969 1169 3023 novellum
1205 2970 1465 3039 populum
1496 2987 1509 3022 :
1547 2967 1729 3024 Nolite

142 3059 465 3112 contristare
503 3058 765 3129 Spiritum
811 3059 943 3128 Dei,
1000 3061 1056 3112 in
1101 3076 1202 3130 quo
1252 3061 1447 3130 signati
1491 3063 1617 3114 estis
1673 3063 1730 3115 in

141 3153 287 3204 diem
322 3154 696 3224 redemptionis
726 3154 791 3208 ⁵⁸.
829 3153 898 3208 Et
943 3153 1113 3209 David
1142 3155 1501 3211 nihilominus
1539 3169 1730 3211 contra

139 3241 366 3298 Judatos
399 3243 571 3297 dicit:
607 3243 677 3298 Et
725 3244 1168 3300 exacerbaverunt
1204 3243 1492 3301 Dominum
1539 3248 1596 3299 in
1641 3246 1733 3300 de-

140 3345 290 3390 serto
326 3334 392 3389 ⁸⁷.
426 3332 598 3390 Isaias
637 3351 767 3392 vero
798 3338 864 3392 de
906 3338 1111 3392 eisdem
1156 3338 1274 3393 ait:
1307 3337 1419 3408 Ipsi
1447 3355 1566 3392 vero
1608 3354 1750 3408 εοηρ,

142 3425 432 3479 tumaciter
455 3435 693 3496 egerunt,
723 3437 773 3481 et
809 3427 1253 3482 exacerbaverunt
1297 3426 1562 3497 Spiritum
1607 3445 1732 3482 san-

141 3526 289 3574 ctum
323 3515 389 3569 ".
436 3515 504 3570 Et
542 3517 609 3571 ad
641 3517 956 3574 Corinthios
989 3520 1237 3575 scribens
1268 3520 1470 3577 Paulus
1501 3521 1576 3576 ait
1604 3540 1616 3575 :
1649 3524 1730 3576 An

139 3609 564 3677 experimentum
615 3611 856 3680 queritis
907 3612 1056 3682 ejus,
1112 3613 1203 3683 qui
1257 3613 1312 3666 in
1356 3629 1438 3668 me
1494 3614 1730 3686 loquitur

141 3702 393 3757 Christus
443 3704 526 3757 ‘9?
570 3703 637 3758 Et
669 3721 888 3759 rursum
922 3723 936 3760 :
976 3704 1170 3759 Mulier
1198 3705 1365 3776 ligata
1417 3716 1494 3761 est
1528 3716 1727 3778 quanto

141 3807 379 3863 tempore
411 3797 530 3850 vivit
560 3797 641 3850 vir
677 3795 830 3864 ejus;
861 3797 907 3850 si
938 3807 1112 3851 autent
1151 3810 1391 3852 mortuus
1426 3799 1587 3868 fuerit
1620 3801 1725 3867 vir,

141 3889 373 3943 liberata
410 3898 508 3956 est,
526 3890 611 3943 cui
636 3889 746 3943 vult
773 3890 954 3956 nubat,
988 3899 1194 3945 tantum
1223 3892 1277 3944 in
1305 3891 1554 3946 Domino.
1590 3893 1727 3947 Bea-

143 3981 253 4034 tior
301 3989 477 4034 autem
522 3983 656 4049 erit,
699 3983 748 4036 si
803 3984 880 4036 sie
930 3984 1183 4037 manserit
1234 3984 1519 4038 secundum
1558 4001 1728 4040 meam

138 4073 501 4126 sententiam:
535 4075 716 4128 videor
769 4075 910 4128 enim
951 4087 1002 4128 et
1042 4093 1136 4146 ego
1172 4074 1438 4146 Spiritum
1489 4077 1581 4131 Dei
1631 4078 1728 4131 Ita-

138 4165 262 4219 bere
300 4164 369 4218 ⁷ο.
416 4163 486 4219 Et
536 4165 602 4220 ad
638 4165 917 4221 Romanos
948 4166 1083 4221 dicit
1115 4185 1129 4221 :
1179 4167 1466 4222 Veritatem
1513 4169 1631 4223 dico
1671 4171 1726 4224 in

137 4253 358 4334 Christo
394 4255 546 4321 Jesu,
573 4272 678 4310 non
706 4258 952 4321 mentior,
987 4258 1343 4312 testintonium
1393 4259 1524 4312 mihi
1549 4260 1726 4330 perlzi~

136 4349 294 4403 bente
318 4350 641 4404 conscientia
661 4366 777 4404 mea
800 4350 854 4402 in
876 4350 1084 4420 Spiritu
1106 4360 1291 4404 sancto
1315 4350 1383 4405 τί.
1411 4349 1478 4406 Ει
1507 4351 1560 4404 in
1585 4351 1724 4406 Isaia

1835 1880 2101 1940 quantum
2126 1869 2193 1924 ad
2217 1870 2512 1924 humanam
2535 1869 2949 1940 possibilitatem
2973 1871 3092 1925 est?
3117 1870 3259 1937 Quid
3284 1887 3414 1928 vero

1835 1963 2200 2032 cogitabimus
2239 1962 2436 2016 iterum
2485 1962 2770 2018 audientes
2818 1960 3048 2016 Paulum
3100 1963 3167 2016 ad
3219 1963 3414 2018 Corin—

1836 2057 1979 2111 thios
2017 2057 2084 2111 de
2116 2053 2321 2125 Spiritu
2353 2055 2680 2110 scribentem
2711 2073 2724 2108 :
2757 2053 2841 2108 An
2877 2055 3092 2108 nescitis
3125 2056 3250 2124 quia
3291 2072 3413 2107 cor—

1832 2166 1962 2220 pora
1990 2157 2162 2204 vestra
2199 2146 2446 2217 templum
2473 2156 2552 2201 est
2587 2147 2820 2217 Spiritus
2861 2149 3030 2200 sancti
3062 2149 3154 2218 qui
3183 2147 3238 2200 in
3269 2148 3413 2201 vobis

1831 2250 1930 2305 est,
1956 2256 2106 2311 quem
2153 2239 2426 2308 accepistis
2461 2255 2494 2291 a
2523 2237 2630 2292 Deo
2653 2249 2699 2292 et
2727 2255 2830 2292 non
2853 2240 2978 2293 estis
3019 2240 3172 2294 vestri
3198 2241 3223 2296 ?
3250 2241 3413 2308 empti

1830 2332 1969 2384 enim
2006 2332 2130 2386 estis
2158 2334 2322 2400 pretio
2347 2345 2555 2399 magno.
2592 2327 2898 2400 Glori/icate
2928 2339 2976 2383 et
2999 2339 3208 2400 portate
3243 2329 3410 2383 Deum

1832 2423 1886 2476 in
1919 2423 2224 2492 corporibus
2259 2422 2446 2476 vestris
2477 2423 2546 2477 ⁷⁷.
2584 2421 2810 2476 Taliane
2840 2422 2906 2477 de
2939 2422 3124 2492 aliqua
3157 2438 3225 2476 ex
3257 2436 3414 2477 crea-

1832 2515 1971 2570 turis
1993 2515 2214 2584 proprie
2241 2529 2364 2570 esse
2397 2515 2677 2580 dicuntur,
2709 2524 2764 2571 et
2792 2515 2972 2584 qualia
3004 2514 3073 2570 de
3116 2513 3250 2578 Deo,
3282 2513 3412 2567 talia

1831 2605 1900 2661 de
1940 2606 2144 2676 Spiritu
2175 2606 2481 2661 scriberent
2508 2617 2697 2662 sancto
2737 2607 2784 2661 si
2813 2605 3022 2660 creatio
3057 2605 3239 2660 esset?
3270 2603 3413 2671 Quid

1833 2713 1961 2752 vero
1990 2696 2257 2753 faciemus
2312 2697 2594 2752 audientes
2647 2695 2870 2751 Petrum
2919 2697 2987 2751 ad
3024 2696 3292 2750 Ananiatn
3324 2695 3412 2749 di-

1831 2797 2040 2846 centem
2064 2809 2076 2844 :
2099 2789 2240 2856 Quid
2263 2789 2402 2860 quod
2427 2791 2644 2844 tentavit
2662 2787 2892 2844 Satanas
2916 2805 3005 2842 cor
3030 2798 3178 2843 tuum
3200 2789 3414 2842 mentiri

1832 2881 2060 2952 Spiritui
2099 2893 2282 2937 sancto
2312 2891 2370 2937 ut
2409 2883 2741 2937 subtraheres
2774 2882 2838 2935 de
2870 2882 3040 2951 pretio
3075 2881 3272 2951 fundi?
3307 2896 3414 2935 non

1829 2991 1882 3028 es
1914 2975 2162 3029 mentitus
2189 2974 2507 3039 hominibus,
2539 2974 2628 3029 sed
2661 2973 2768 3028 Deo
2799 2974 2865 3028 ⁷⁸.
2897 2973 3088 3028 Dicent
3115 2973 3413 3040 fortezQui

1837 3064 2066 3136 Spiritui
2101 3064 2199 3119 Dei
2235 3065 2600 3132 mentiuntur,
2631 3064 2776 3119 sicut
2800 3064 2894 3134 qui
2927 3063 3240 3118 ministrum
3281 3079 3415 3119 con-

1836 3157 2059 3212 tumelia
2087 3155 2347 3221 alliciunt,
2377 3171 2562 3227 regem
2611 3156 2994 3212 dehonestant.
3029 3154 3242 3222 Quibus
3271 3155 3412 3211 dici-

1833 3263 1957 3304 mus
1983 3266 1996 3302 :
2027 3247 2170 3318 Ergo
2208 3255 2262 3302 et
2291 3248 2369 3302 illi
2415 3247 2663 3318 apostolo
2691 3247 3038 3313 mentientes,
3070 3262 3255 3302 nonne
3300 3247 3419 3304 Deo.

1833 3336 2049 3391 mentiti
2082 3345 2214 3392 sunt
2243 3355 2254 3389 :
2290 3345 2388 3391 aut
2436 3337 2532 3406 qui
2572 3335 2853 3406 apostolos
2887 3336 3182 3406 recipiunt,
3226 3352 3412 3393 nonne

1833 3428 2004 3484 Deum
2036 3430 2344 3500 recipiunt?
2391 3430 2535 3485 sicut
2568 3428 2834 3484 Dominus
2871 3429 2940 3484 ad
2973 3429 3248 3500 apostolos
3290 3429 3407 3484 ait:

1833 3522 1938 3587 Qui
1969 3523 2152 3590 recipit
2172 3539 2281 3585 vos,
2303 3538 2384 3578 me
2414 3523 2731 3592 recipit,qui
2761 3537 2879 3576 vero
2897 3538 2978 3576 me
3003 3521 3410 3592 recipit,recipit

1829 3629 1948 3667 eum
1975 3615 2067 3683 qui
2093 3629 2173 3667 me
2203 3615 2430 3668 misit".
2451 3613 2746 3684 Oportebat
2776 3628 2906 3684 ergo
2953 3612 3176 3668 Petrum
3206 3629 3413 3668 memo-

1828 3712 2071 3760 rantem:
2097 3704 2238 3771 Quid
2264 3706 2402 3775 quod
2421 3706 2639 3760 tentavit
2662 3704 2895 3761 Satanas
2913 3721 3002 3759 cor
3016 3714 3166 3758 tuum
3194 3705 3412 3761 mentiri

1829 3798 2059 3869 Spiritui
2109 3803 2338 3855 sancto?
2392 3816 2498 3854 non
2546 3816 2598 3853 es
2643 3800 2893 3854 mentitus
2929 3798 3159 3868 Spiritui
3192 3810 3408 3864 sancto,

1826 3893 1917 3947 sed
1971 3892 2238 3947 Deo:aut
2285 3893 2488 3958 dicere,
2529 3891 2671 3959 Quid
2713 3893 2857 3963 quod
2901 3894 3127 3948 tentavit
3179 3891 3412 3949 Satanas

1827 3983 2047 4038 mentiri
2076 3984 2413 4038 nobis?Non
2435 4001 2489 4039 es
2533 3986 2783 4038 mentitus
2809 3985 3132 4051 hominibus,
3160 3985 3250 4039 sed
3279 3984 3407 4043 Deo.

1828 4084 1887 4129 ut
1919 4075 2202 4144 sequentia
2251 4075 2394 4129 ratio
2442 4074 2664 4129 habeat.
2715 4074 2985 4141 Quoniam
3024 4074 3169 4130 Deus
3203 4076 3409 4146 sanctis

1827 4167 1944 4223 suis
1971 4167 2074 4220 hoc
2099 4167 2322 4221 tradidit
2348 4176 2402 4222 et
2429 4182 2619 4236 sapere
2658 4177 2712 4222 et
2751 4167 3015 4237 proﬁteri,
3049 4168 3409 4237 quemadmo-

1825 4260 1954 4314 dum
1974 4275 2098 4315 cum
2123 4274 2153 4313 a
2182 4259 2309 4316 ﬁliis
2338 4259 2529 4326 Israel,
2561 4269 2745 4330 spreto
2774 4260 2868 4314 illo
2900 4275 3098 4330 magno
3131 4258 3406 4324 Samuele,

1826 4368 1922 4408 rex
1981 4351 2307 4421 petebatur:
2354 4360 2697 4421 mmstusque
2745 4359 2912 4418 esset,
2969 4351 3108 4406 dixit
3158 4351 3226 4406 ad
3280 4367 3408 4407 eum

135 4443 412 4497 Dominus
443 4460 457 4496 :
493 4440 670 4496 Filios
709 4442 888 4512 genui,
927 4452 984 4496 et
1017 4443 1271 4509 exaltavi,
1327 4444 1431 4511 ipsi
1473 4460 1594 4498 vero
1646 4462 1725 4500 me
1757 4465 1800 4519 ι)
1833 4446 2014 4499 Deus:
2046 4441 2170 4496 Non
2199 4453 2246 4496 te
2280 4452 2582 4513 spreverunt
2613 4443 2702 4497 sed
2735 4459 2814 4497 me
2848 4443 2916 4498 ⁸ο.
2959 4443 3023 4498 Ει
3052 4444 3252 4499 talibus
3285 4444 3409 4514 qui—

132 4543 450 4606 spreverunt
477 4535 545 4589 ⁷³.
594 4533 654 4588 ln
699 4533 995 4605 Evangelia
1018 4551 1150 4591 vero
1180 4553 1192 4590 :
1225 4534 1380 4600 Quod
1412 4545 1599 4589 natum
1643 4549 1720 4591 est

132 4631 199 4690 de
233 4645 416 4694 carne,
443 4645 567 4682 caro
593 4638 693 4694 est,
729 4637 778 4682 et
807 4633 944 4697 quod
977 4640 1164 4682 natum
1188 4640 1267 4683 est
1290 4628 1354 4682 de
1378 4631 1586 4695 spiritu,
1615 4630 1719 4699 spi-

132 4724 276 4774 ritus
311 4728 412 4786 est,
442 4721 567 4789 quia
602 4719 858 4774 Dominus
891 4717 1120 4788 Spiritus
1148 4729 1226 4773 est
1256 4720 1323 4776 ⁷³.
1356 4719 1423 4774 Et
1450 4736 1671 4775 rursum
1707 4738 1720 4774 :

135 4815 377 4884 Spiritus
409 4814 499 4867 ubi
533 4813 643 4867 vult
692 4813 883 4883 spirat,
911 4823 960 4867 et
1001 4829 1173 4867 vocent
1213 4813 1329 4882 ejus
1357 4813 1534 4880 audis,
1557 4821 1606 4867 et
1639 4829 1723 4867 ne-

131 4908 242 4962 scis
262 4905 404 4960 unde
441 4906 636 4971 veniat,
661 4915 710 4958 et
743 4921 845 4974 quo
873 4914 980 4960 eat.
1014 4903 1106 4958 Sic
1139 4914 1215 4958 est
1243 4905 1413 4958 omnis
1444 4904 1534 4974 qui
1564 4915 1720 4958 natus

131 5008 210 5054 est
255 5013 322 5052 es:
368 4997 577 5067 Spiritu
623 4998 690 5051 ⁷⁵.
741 4995 884 5068 Ergo
911 4997 1027 5052 haec
1071 4997 1138 5051 ad
1175 4997 1392 5050 initium
1443 4996 1722 5068 Evangelii

131 5107 487 5162 comparans,
513 5089 713 5144 minuit
762 5087 1002 5160 Spiritus
1033 5090 1208 5144 sancti
1244 5090 1610 5162 dignitatem?
1662 5088 1720 5143 In

131 5184 408 5254 principio
443 5183 666 5253 quidem
714 5181 998 5252 Evangelii
1031 5180 1272 5238 Joannes
1315 5183 1382 5237 de
1412 5182 1717 5248 Salvatore,

131 5285 181 5331 et
212 5277 283 5331 de
327 5275 415 5331 his
445 5275 541 5345 qui
570 5274 926 5330 crediderunt
967 5273 1043 5328 ait
1078 5292 1091 5327 :
1128 5275 1401 5344 Quotquot
1431 5291 1550 5328 eum
1582 5291 1722 5328 rece-

204 5434 252 5463 "’
294 5431 436 5488 Psal.
459 5448 725 5502 Lxxxvnt,
746 5435 834 5501 56,
860 5436 950 5491 57.
1028 5436 1074 5469 ⁵⁸
1092 5434 1239 5492 Psal.
1269 5453 1390 5501 xm,
1411 5436 1496 5489 ll.

137 5505 286 5563 ttat.
401 5504 447 5535 "
505 5503 876 5570 Matthwxvn,
1115 5507 1161 5539 ἰ
1222 5507 1344 5562 Act.
1411 5522 1532 5568 xm,
1581 5506 1635 5559 2.

137 5590 339 5638 turn,
377 5573 464 5628 40.
542 5576 587 5606 ⁸⁸
639 5576 740 5630 lsa.
785 5594 938 5638 Lxm,
984 5577 1069 5633 10.
1147 5579 1192 5610 ⁶⁹
1247 5577 1285 5630 ll
1331 5578 1458 5632 Cor.
1503 5577 1696 5639 xm,5.

1574 5435 1754 5490 "Act.
1797 5434 1965 5501 tt,‘50.
2043 5435 2089 5466 ⁸⁰
2114 5435 2220 5489 lsa.
2252 5449 2351 5496 LII,
2387 5433 2441 5499 5,
2475 5431 2528 5485 6.
2605 5432 2647 5463 ⁶¹
2674 5433 2794 5486 Act.
2824 5449 2939 5497 xxr,
2979 5432 3064 5486 ll.

1778 5505 1821 5536 ⁸⁵
1881 5505 2080 5560 Ezeclt.
2143 5521 2254 5569 xw,
2311 5504 2401 5558 2'7.

1792 5575 1884 5627 ⁷⁰Ι
1939 5576 2067 5629 Cor.
2108 5592 2205 5636 vn,
2241 5576 2331 5638 59,
2362 5575 2449 5628 40.
2527 5574 2568 5603 ⁷¹
2616 5571 2774 5626 Rom.
2815 5590 2892 5640 Ix,
2933 5574 2985 5626 l.

129 5645 176 5675 ’³
215 5643 377 5700 .Inan.
425 5659 504 5705 III,
534 5645 660 5702 6:||
691 5649 817 5702 Cor.
852 5648 1042 5710 "1,17.
1118 5649 1162 5680 7"
1193 5647 1527 5703 Joan.m.8.
1603 5647 1647 5678 ⁷⁸

1776 5663 1876 5711 rm,
1910 5645 1996 5708 12,
2034 5646 2117 5698 l5.
2196 5648 2242 5676 ⁷⁵
2272 5645 2428 5702 Joan.
2457 5660 2536 5710 tn,
2571 5643 2701 5711 7,8.

131 5713 178 5748 ⁷⁸
218 5716 340 5774 Act.
380 5734 428 5784 ν,
463 5717 517 5782 '5,
547 5716 598 5770 l.
678 5719 722 5751 ⁷⁸
756 5717 944 5776 Matth.
972 5735 1024 5787 ιι,
1059 5719 1147 5776 40,
1226 5720 1268 5751 ⁸ο
1307 5720 1325 5774 l
1360 5719 1490 5789 llrg.
1549 5733 1664 5787 ιἰιι,
1700 5718 1749 5770 7.

1826 4536 1948 4591 dem
1982 4535 2163 4590 verbis
2198 4535 2393 4590 Petrus
2441 4550 2548 4589 non
2597 4543 2681 4591 est
2710 4550 2880 4590 usus:
2916 4538 3010 4591 sed
3040 4552 3164 4591 cum
3195 4535 3408 4592 Anania

1819 4636 1875 4682 et
1901 4626 2173 4696 Sapphira
2209 4643 2348 4682 uxor
2377 4628 2498 4697 ejus
2531 4636 2807 4696 putarent,
2842 4628 3093 4684 homines
3132 4613 3405 4699 decipere,

1821 4737 1962 4776 unus
1990 4736 2057 4776 ex
2102 4721 2221 4786 his,
2263 4721 2355 4790 qui
2388 4721 2564 4789 decipi
2624 4721 2938 4790 putabatur,
2984 4722 3179 4776 Petrus
3219 4723 3405 4782 dixit:

1821 4812 1963 4877 Quid
1993 4812 2131 4882 quod
2166 4813 2385 4866 tentavit
2415 4809 2647 4866 Satanas
2677 4813 2893 4865 mentiri
2919 4823 2967 4866 te
3013 4811 3242 4880 Spiritui
3276 4831 3406 4868 san-

1827 4905 1954 4960 cto?
1985 4920 2086 4958 non
2113 4920 2166 4957 es
2193 4903 2446 4958 mentitus
2489 4902 2811 4968 hominibus,
2843 4904 2933 4956 sed
2978 4902 3104 4956 Deo.
3151 4904 3243 4960 Sic
3273 4921 3407 4961 sane

1825 5008 1880 5052 et
1918 4997 1985 5051 ad
2032 4995 2358 5066 Sapphiram
2411 4994 2714 5065 ingressam
2749 4995 3010 5049 continuo
3047 4994 3226 5049 dixit:
3262 4994 3407 5060 Quid

1827 5089 1966 5159 quod
1996 5087 2230 5141 convenit
2254 5085 2397 5140 vobis
2436 5096 2637 5139 tentare
2671 5083 2932 5153 Spiritum
2962 5084 3180 5139 Domini
3211 5086 3296 5140 ⁸ίῖ
3338 5085 3407 5143 Ει

1825 5181 1973 5235 Patri
2012 5181 2254 5251 quidem,
2285 5187 2341 5234 et
2366 5177 2525 5243 Filio,
2556 5187 2610 5233 et
2646 5176 2871 5248 Spiritui
2899 5188 3090 5234 sancto
3118 5180 3302 5236 ﬁdeles
3325 5181 3412 5234 vi-.

1828 5286 1956 5326 vere
1983 5279 2172 5326 sancta
2211 5267 2431 5338 eloquia
2476 5283 2578 5322 nos
2625 5269 2842 5332 docent,
2889 5269 3034 5323 sicut
3083 5267 3289 5327 Paulus
3337 5271 3406 5325 ad

3142 5433 3186 5464 ⁶²
3217 5432 3232 5486 1
3259 5432 3401 5488 Tim.

3154 5505 3196 5536 ⁸⁷
3255 5504 3402 5562 ΡειιΙ.

3065 5576 3108 5605 ⁷³
3143 5575 3244 5628 lsa.
3275 5590 3313 5638 1,
3345 5575 3402 5632 2,

2780 5645 2821 5675 ⁷⁷
2857 5643 2873 5697 l
2915 5645 3042 5700 Cor.
3082 5662 3154 5713 Vl,
3196 5648 3282 5710 t9,
3311 5647 3403 5701 ‘20.

2506 5503 2550 5533 ⁸⁸
2591 5501 2789 5570 Ephes.
2836 5519 2911 5566 tv,
2957 5503 3044 5558 '50.

1835 5717 1876 5748 θ’
1925 5717 2046 5806 Act.
2086 5733 2136 5782 ν,
2176 5716 2228 5774 9.
