3794 6226
413 295 554 351 1205

416 418 694 470 Romanos
719 410 906 466 scribit
936 428 948 462 :
981 408 1133 473 Quod
1174 415 1349 460 autem
1382 413 1618 458 mortuus
1645 411 1722 456 est
1752 407 1983 472 peccato,
2013 401 2064 457 Α
2090 405 2290 462 corpus
2317 383 2560 450 Domini,

417 518 657 562 mortuus
703 515 780 559 est
819 501 976 556 semel
1000 516 1017 552 :-
1046 499 1184 570 quod
1217 507 1393 552 autem
1420 497 1568 560 vivit,
1601 495 1725 548 vivit
1771 492 1882 546 Deo
1915 491 1984 547 ⁸³.

418 601 485 655 Ει
515 613 733 654 rursum
763 614 778 653 :
832 593 900 647 Ut
931 593 986 646 hi
1015 593 1105 663 qui
1146 592 1345 658 vivunt,
1373 605 1477 642 non
1499 589 1617 657 jam
1659 585 1760 641 sibi
1790 585 1986 648 vivant,

419 691 510 748 sed
537 692 586 745 ei
611 691 700 760 qui
742 704 837 758 pro
865 685 995 755 ipsis
1024 693 1262 737 mortuus
1289 691 1366 736 est
1397 690 1446 735 et
1498 680 1786 734 resurrexit
1816 679 1881 735 ".
1925 677 1992 733 Et

421 798 644 838 rursum
696 781 984 849 increpans
1025 775 1250 832 Galatas
1296 775 1492 830 scribit
1538 773 1585 806 “
1615 791 1627 827 :
1661 770 1721 826 Si
1770 773 1990 825 vivimus

421 881 634 951 spiritu,
663 879 855 949 spiritu
896 884 946 929 et
983 873 1307 928 ambulemus
1345 869 1480 942 (25).
1520 869 1587 923 Et
1621 883 1744 924 cum
1788 864 1992 920 Paulus

420 976 627 1030 diceret
669 989 685 1027 :
739 968 906 1024 Nobis
967 982 1086 1022 vero
1141 981 1276 1019 unus
1339 963 1479 1017 Deus
1529 959 1728 1024 Pater,
1777 974 1841 1012 ex
1891 973 1992 1028 quo

421 1067 620 1129 omnia,
647 1073 696 1118 et
741 1078 874 1116 unus
927 1059 1180 1113 Dominus
1226 1055 1379 1110 Iesus
1426 1053 1687 1117 Christus,
1722 1069 1812 1122 per
1843 1067 1995 1121 quem

423 1157 600 1210 omnia
645 1155 714 1208 ⁸⁸.
771 1153 838 1206 Et
880 1151 1025 1222 quod
1055 1158 1138 1205 est
1165 1148 1342 1217 majus
1364 1147 1418 1200 in
1452 1156 1564 1200 tata
1590 1152 1860 1207 creatura,
1893 1143 1995 1196 hoc

425 1257 510 1300 est
538 1262 738 1315 corpus
769 1243 1007 1307 Domini,
1031 1258 1094 1297 ex
1127 1240 1333 1310 Spiritu
1362 1246 1552 1294 sancto
1578 1251 1699 1291 esse
1731 1234 1994 1296 creditur,

425 1335 591 1406 778
603 1333 1081 1404 sicutevangelista
1093 1331 1374 1385 Matthaaus
1397 1327 1643 1383 tradidit:
1666 1325 1995 1381 Christivero

427 1429 692 1499 generatio
719 1429 796 1480 sic
825 1427 928 1495 fuit
955 1443 973 1479 :
1004 1425 1139 1481 Cum
1160 1423 1477 1493 desponsata
1499 1430 1633 1476 esset
1668 1419 1844 1474 Maria
1879 1434 1995 1471 ma-

429 1533 508 1575 ter
529 1522 642 1590 ejus
677 1521 741 1573 ab
773 1519 985 1588 Ioseph,
1013 1529 1290 1588 antequam
1317 1516 1666 1576 convenirent,
1692 1514 1901 1567 inventa
1921 1518 1998 1565 est

427 1629 484 1664 in
536 1621 683 1664 utero
717 1611 909 1664 habens
955 1608 1018 1662 de
1067 1606 1271 1676 Spiritu
1324 1603 1773 1673 sancto:Joseph
1824 1611 1998 1656 autem

427 1704 508 1756 vir
536 1705 669 1772 ejus,
704 1719 824 1756 cum
867 1711 997 1754 esset
1031 1701 1186 1753 homo
1233 1700 1426 1766 iustus,
1469 1707 1519 1751 et
1566 1696 1725 1750 nollet
1764 1710 1878 1748 eam
1909 1695 2002 1747 de-

431 1805 616 1865 tegere,
668 1794 831 1848 voluit
877 1810 994 1847 eam
1030 1791 1228 1845 occulte
1254 1792 1538 1844 dimittere.
1589 1788 1704 1841 Hoc
1737 1799 1908 1841 autem
1943 1801 2000 1839 eo

429 1887 715 1953 cogitante,
756 1900 870 1938 ecce
913 1881 1128 1954 angelus
1161 1881 1377 1934 Domini
1415 1882 1470 1933 in
1520 1880 1718 1933 somnis
1748 1878 1887 1930 visus
1925 1883 2002 1929 est

430 1979 497 2032 ad
541 1977 736 2046 Ioseph
784 1978 962 2030 dicens
990 1993 1006 2030 :
1041 1974 1235 2043 Ioseph
1264 1973 1344 2043 ﬁli
1373 1973 1567 2033 David,
1602 1987 1663 2024 ne
1698 1970 1884 2022 timeas
1917 1984 2002 2020 re-

431 2071 601 2138 cipere
629 2067 863 2122 Mariam
907 2083 1124 2122 uxorem
1159 2078 1305 2121 tuam
1331 2083 1349 2118 .'
1379 2065 1515 2135 quod
1556 2064 1694 2116 enim
1718 2079 1782 2114 e1:
1821 2077 1882 2114 ea
1909 2077 2007 2112 na-

431 2172 626 2225 scetur,
655 2160 717 2212 de
749 2157 954 2229 Spiritu
991 2168 1174 2213 sancto
1206 2168 1283 2211 est
1329 2157 1397 2212 ⁸⁸.
1448 2155 1516 2209 Et
1566 2155 1690 2209 licet
1738 2152 2005 2222 sapientia

434 2247 762 2314 Salomonis,
795 2249 849 2302 in
876 2247 1206 2307 Proverbiis,
1237 2247 1305 2302 de
1329 2260 1556 2315 corpore
1587 2242 1886 2298 Salvatoris
1924 2241 2008 2294 di-

433 2351 580 2396 ceret
616 2359 630 2394 :
668 2340 943 2411 Sapientia
994 2339 1275 2408 wdi/icavit
1326 2337 1428 2392 sibi
1469 2337 1681 2390 domum
1717 2337 1783 2401 ⁸⁷,
1818 2342 1872 2388 et
1918 2333 2008 2389 hic

433 2435 722 2504 proﬁtetur
765 2432 1106 2502 unigenitum
1157 2440 1458 2485 creatorem
1492 2427 1740 2498 corporis
1769 2428 1877 2492 sui,
1919 2426 2008 2481 hic

432 2530 615 2574 mnen
668 2521 894 2591 angelus
945 2535 1012 2574 ex
1058 2518 1261 2589 Spiritu
1305 2528 1495 2575 sancto
1533 2517 1666 2573 illud
1699 2532 1821 2572 esse
1849 2515 2006 2580 dixit,

433 2622 490 2664 et
523 2613 604 2667 sic
629 2613 809 2667 omnis
835 2611 1178 2666 Christianus
1205 2626 1328 2666 cum
1361 2609 1649 2665 instruitur
1677 2607 1868 2664 credit.
1901 2605 2012 2660 Ne-

435 2721 540 2774 que
592 2705 740 2760 enim
800 2704 1078 2773 Scriptura
1132 2703 1276 2758 circa
1333 2701 1654 2756 Trinitatem
1715 2699 2008 2766 discrepat,

436 2813 601 2851 unam
633 2797 990 2866 eamdemque
1029 2797 1401 2868 operationem
1433 2795 1552 2864 ejus
1586 2792 1784 2847 factam
1809 2792 2012 2860 ubique

401 2889 662 2951 ,docens.
721 2887 966 2958 Denique
1015 2887 1186 2942 Deum
1234 2888 1474 2956 paritura
1521 2886 1688 2940 Maria
1730 2901 1856 2941 cum
1906 2883 2013 2940 Ga-

438 2980 664 3034 brielem
697 2980 940 3035 audisset
972 2981 1242 3036 dicentem
1269 2998 1282 3034 :
1317 2977 1454 3032 Ecce
1487 2989 1543 3031 tu
1583 2979 1638 3030 in
1665 2987 1813 3031 utero
1852 2975 2014 3030 habe-

439 3073 542 3137 bis,
591 3083 641 3127 et
692 3077 864 3144 paries
898 3073 1124 3139 Filium,
1169 3083 1219 3127 et
1267 3073 1470 3128 vocabis
1522 3087 1707 3124 nomen
1754 3070 1867 3139 ejus
1919 3069 2008 3124 Je-
2038 3088 2086 3152 ο

439 3183 598 3233 sum,
649 3177 786 3234 etc.;
837 3177 890 3222 ct
934 3183 1060 3222 cum
1109 3167 1532 3238 interrogasset:
1579 3164 1852 3228 Quomodo
1909 3163 2012 3216 erit
2060 3183 2067 3190 -

436 3259 605 3322 istud,
643 3262 768 3332 quia
803 3261 973 3314 virum
1007 3277 1111 3314 non
1141 3261 1298 3313 novi?
1348 3258 1532 3312 statim
1580 3258 1807 3310 docetur
1851 3255 1919 3308 ab
1948 3269 2012 3310 eo

439 3353 651 3407 dicente
680 3371 693 3405 :
728 3351 959 3421 Spiritus
984 3361 1199 3405 sanctus
1227 3353 1549 3421 superveniet
1574 3352 1629 3403 in
1669 3361 1736 3412 te,
1774 3357 1822 3401 et
1847 3347 2013 3400 virtus

439 3445 705 3499 Attissimi
747 3444 1079 3498 obumbrabit
1112 3444 1208 3497 tibi
1236 3459 1254 3496 :
1281 3452 1552 3513 propterea
1595 3442 1734 3512 quod
1772 3449 2016 3494 nascetur

439 3555 506 3593 ex
537 3549 584 3593 te
615 3547 882 3599 sanctum,
905 3535 1177 3591 vocabitur
1198 3533 1371 3587 Filius
1403 3534 1502 3588 Dei
1539 3533 1604 3587 ⁸⁸.
1643 3532 1801 3600 Quod
1831 3534 1876 3587 si
1904 3532 2016 3587 vir-

441 3641 532 3685 tus
565 3629 828 3686 Altissimi
863 3637 947 3684 est
981 3626 1293 3699 unigenitus
1322 3625 1624 3681 secundum
1655 3623 1906 3687 Paulum,
1935 3623 2020 3677 di-

443 3730 697 3775 centem:
737 3719 977 3773 Christus
1021 3717 1114 3770 Dei
1159 3717 1342 3782 virtus,
1394 3725 1442 3770 et
1490 3715 1581 3767 Dei
1631 3713 1888 3781 sapientia
1920 3711 1966 3743 ⁸⁸
2003 3730 2016 3766 :

446 3810 681 3870 Spiritus
711 3826 842 3865 vero
873 3818 1095 3866 sanctus
1131 3809 1457 3878 paracletus,
1492 3804 1729 3875 Spiritus
1756 3804 2016 3867 veritatis,

446 3905 643 3974 hisque
670 3901 1144 3966 obumbrantibus,
1168 3900 1422 3969 pariturae
1447 3898 1612 3953 Deum
1637 3896 1844 3963 Mariae,
1871 3911 2022 3951 crea-

443 4006 561 4051 tum
600 4006 684 4052 est
716 3996 1062 4051 Dominicum
1113 3996 1374 4064 templum
1407 4013 1421 4049 :
1459 3994 1686 4070 angelus
1728 4000 1908 4047 autem
1956 4005 2024 4044 ex

449 4090 656 4159 Spiritu
694 4099 884 4145 sancto
919 4096 1161 4143 creatum
1195 4089 1346 4142 illum
1378 4087 1534 4151 dixit,
1570 4101 1670 4141 cur
1714 4101 1820 4140 non
1857 4099 2023 4139 unam

446 4183 816 4249 operationem
843 4196 964 4236 esse
1001 4179 1288 4234 Trinitatis
1321 4177 1647 4233 erudimur?

520 4298 605 4351 t3.
649 4296 852 4351 Omnes
905 4311 1036 4350 vero
1084 4294 1270 4349 ﬁdeles
1315 4307 1382 4348 ex
1432 4290 1640 4369 Spiritu
1685 4299 1876 4353 sancto
1904 4305 2026 4345 esse

1018 285 1073 340 S.
1115 283 1489 338 ATHANASll
1522 279 1670 336 OPP.
1713 275 1892 332 PARS
1921 273 1961 330 Ι.
1997 303 2066 314 —-—
2104 262 2476 325 HISTORICA
2512 260 2601 317 ΕΤ
2645 253 3064 313 DOGMATICA.

3529 242 3677 298 1204

2606 393 2818 436 necnon
2875 385 2932 430 et
2969 386 3162 430 omnes
3188 377 3427 432 sanctos,
3457 364 3673 435 Spiritu

2089 455 2210 536 esse
2231 485 2449 535 sanctos
2484 491 2497 526 :
2529 486 2629 527 cur
2659 485 2768 522 non
2807 481 2930 536 quae
2973 463 3041 517 de
3085 460 3266 524 Patre,
3299 465 3353 512 et
3383 455 3549 519 Filio,
3580 469 3678 507 ea—

2090 573 2213 627 dem
2241 569 2408 624 etiam
2443 564 2510 619 de
2556 561 2763 632 Spiritu
2809 567 2998 612 sancto
3049 565 3242 620 sapere
3285 546 3578 616 dirigimur
3604 544 3678 597 ab

2093 659 2431 733 Scripturis?
2489 655 2644 722 Quod
2694 653 2740 707 si
2789 664 2954 721 grave
2997 645 3082 700 vel
3129 641 3284 697 nefas
3332 639 3518 708 impiis
3568 637 3678 690 hoc

2092 728 2451 810 csse—videtur
2480 767 2493 802 ε
2521 760 2651 813 ergo
2681 744 2822 798 sicut
2847 738 3081 794 credunt
3108 735 3164 788 in
3198 732 3380 794 Patre,
3411 737 3469 784 et
3505 728 3677 790 Filio,

2093 847 2169 901 ita
2203 843 2427 899 credant
2455 840 2509 893 in
2533 837 2739 906 Spiritu
2764 838 2978 893 saneto,
3005 836 3060 883 et
3097 827 3240 881 sicut
3283 822 3567 892 baptizant
3617 819 3678 872 in

2094 935 2316 989 nomine
2370 929 2550 984 Patris
2593 936 2648 981 et
2694 923 2840 985 Filii,
2893 921 2968 974 ita
3023 918 3300 987 baptizent
3346 914 3400 966 in
3452 911 3683 966 nomine

2096 1023 2336 1094 Spiritus
2395 1017 2592 1074 sancti.
2630 1015 2698 1069 Et
2727 1014 2868 1068 sicut
2897 1009 3175 1079 baptizant
3219 1006 3277 1060 in
3325 1003 3551 1057 nomine
3582 998 3686 1053 Pa-

2095 1091 2196 1170 tris
2217 1123 2272 1169 et
2303 1111 2447 1176 Filii,
2477 1125 2587 1164 non
2633 1108 2708 1161 ita
2741 1105 3024 1173 baptizent
3054 1096 3220 1154 etiam
3264 1105 3320 1152 et
3366 1095 3421 1148 in
3455 1091 3687 1147 nomine

2101 1205 2336 1276 Spiritus
2377 1200 2580 1256 sancti.
2617 1198 2684 1251 Et
2711 1195 3016 1258 videamus,
3059 1191 3103 1245 si
3139 1187 3223 1242 vel
3251 1187 3308 1241 in
3347 1184 3520 1238 Deum
3555 1195 3685 1237 cre-

2099 1271 2229 1352 dant
2257 1294 2340 1349 vel
2356 1293 2650 1361 baptizent,
2667 1285 2758 1357 qui
2786 1285 2865 1340 sic
2893 1281 3133 1351 sapiunt,
3163 1287 3380 1330 autnon
3403 1273 3592 1328 vident
3625 1271 3686 1324 in

2109 1385 2406 1455 Scripturis
2476 1379 2686 1435 sanctis
2745 1375 3030 1429 Trinitatis
3094 1370 3378 1426 unitatem.
3449 1363 3688 1433 Scripsit

2100 1492 2336 1546 namque
2369 1474 2437 1530 ad
2462 1470 2728 1543 Ephesios
2758 1465 3108 1522 beatissimus
3136 1461 3341 1516 Paulus
3369 1477 3384 1512 :
3423 1455 3687 1524 Propter-

2100 1587 2162 1630 ea
2207 1545 2454 1634 suscipite
2497 1573 2609 1616 tota
2639 1575 2791 1613 arma
2837 1557 2963 1620 Dei,
2993 1564 3052 1608 ut
3091 1551 3306 1623 possitis
3353 1549 3600 1602 resistere
3631 1545 3689 1598 in

2101 1660 2185 1713 die
2212 1658 2374 1722 malo,
2400 1666 2449 1709 et
2481 1669 2598 1707 cum
2621 1651 2798 1705 omnia
2817 1646 3163 1718 perfeceritis,
3187 1651 3325 1696 state
3349 1638 3512 1693 cincti
3545 1636 3690 1689 lum-

2031 1761 2075 1815 B
2104 1750 2194 1804 bos
2239 1750 2295 1802 in
2333 1748 2572 1807 veritate,
2616 1753 2665 1797 et
2718 1739 2939 1794 calceati
2994 1736 3149 1807 pedes
3196 1735 3254 1786 in
3293 1729 3692 1801 praeparatione

2105 1837 2379 1908 Evangelii
2411 1836 2580 1904 pacis,
2612 1847 2766 1901 super
2787 1830 2896 1884 haec
2927 1829 3105 1881 omnia
3135 1823 3446 1892 accipientes
3476 1828 3693 1873 scutum

2103 1930 2247 1999 ﬁdei,
2278 1937 2327 1980 et
2353 1926 2559 1997 galeam
2589 1923 2781 1977 salutis
2815 1921 3056 1988 accipite,
3081 1926 3130 1971 ct
3160 1916 3398 1986 gladium
3425 1911 3690 1981 Spir-itas,

2105 2022 2243 2088 quod
2270 2029 2345 2074 est
2387 2017 2606 2081 Verbum
2648 2014 2744 2070 Dei
2789 2014 2857 2068 θ’.
2906 2011 3045 2071 Ecce
3080 2019 3193 2064 tota
3226 2021 3376 2060 arma
3420 2014 3478 2058 et
3525 2003 3685 2073 galea

2106 2114 2229 2169 Filii
2267 2131 2281 2166 :
2316 2112 2430 2180 ipse
2480 2108 2627 2164 enim
2671 2113 2758 2160 est
2805 2102 3062 2160 salutaris
3091 2119 3105 2157 :
3135 2101 3281 2155 sicut
3324 2097 3463 2151 dixit
3511 2095 3691 2150 Isaias

2108 2206 2416 2280 propheta:
2454 2200 2524 2257 Et
2576 2199 2767 2262 videbit
2803 2197 2972 2253 omnis
3017 2209 3140 2248 cura
3169 2191 3404 2261 salutare
3444 2187 3549 2242 Dei
3589 2203 3696 2240 no-

2107 2278 2206 2354 stri
2231 2297 2297 2348 ⁸³.
2330 2295 2557 2355 Gladius
2593 2306 2721 2346 vero
2752 2288 2989 2359 Spiritus
3023 2285 3195 2341 sancti
3223 2280 3468 2351 nunquid
3519 2278 3697 2333 desti-

2107 2390 2175 2444 tit
2225 2404 2256 2442 a
2289 2384 2590 2440 Trinitate?
2624 2380 2871 2451 nunquid
2918 2393 3030 2434 non
3089 2374 3414 2429 Trinitatem
3459 2367 3698 2425 edocet?

2118 2481 2259 2547 Quid
2289 2479 2452 2549 igitur
2479 2477 2545 2531 de
2576 2466 2783 2546 Spiritu
2813 2481 3002 2527 sancto
3028 2468 3317 2538 quisquam
3345 2463 3522 2518 dicit?
3563 2477 3697 2515 cum

2109 2572 2248 2626 tales
2283 2567 2648 2640 professiones
2689 2565 2876 2619 audiat
2920 2561 2988 2616 de
3029 2574 3096 2614 eo
3149 2557 3462 2626 Scripturas
3512 2570 3699 2609 enun—

2111 2662 2272 2727 tiare,
2304 2669 2357 2713 et
2397 2665 2618 2713 sanctos
2671 2669 2832 2710 orare
2883 2651 3173 2710 Dominum
3203 2666 3217 2702 :
3246 2646 3494 2708 Domine,
3529 2660 3593 2698 ne
3638 2644 3700 2696 in

2112 2755 2195 2807 ira
2234 2762 2325 2806 tua
2355 2765 2550 2819 arguas
2586 2764 2667 2800 me
2699 2746 2764 2798 ⁸⁸.
2797 2744 2864 2797 Et
2903 2742 3166 2799 Dominus
3194 2740 3246 2792 in
3274 2737 3497 2792 Psalmo
3533 2753 3548 2790 :
3588 2736 3698 2787 Ar-

2113 2860 2273 2916 guam
2303 2853 2371 2907 te,
2405 2849 2453 2894 et
2483 2848 2715 2894 statuant
2741 2845 2954 2906 peccata
2978 2844 3068 2893 tua
3090 2842 3212 2885 ante
3236 2830 3426 2899 faciem
3456 2838 3609 2881 tuam
3626 2825 3698 2880 ’⁸.

2111 2935 2181 2990 Et
2218 2934 2553 2988 Salvatorem
2580 2930 2647 2984 de
2680 2927 2882 2996 Spiritu
2917 2933 3107 2979 sancto
3141 2922 3410 2975 dicentem
3445 2937 3459 2972 :
3496 2917 3557 2974 Si
3600 2934 3706 2970 au-

2121 3037 2226 3080 tem
2259 3027 2387 3090 iero,
2419 3023 2625 3076 mittam
2656 3018 2997 3073 Paracletum
3028 3016 3096 3071 ad
3138 3030 3249 3076 vos,
3277 3024 3326 3066 et
3355 3028 3477 3065 cum
3502 3011 3705 3065 venerit

2113 3118 2224 3185 ille,
2276 3121 2460 3186 arguet
2512 3111 2768 3166 mundum
2817 3109 2882 3162 de
2936 3117 3170 3177 peccato,
3227 3113 3276 3163 et
3330 3101 3395 3156 de
3441 3102 3701 3170 justitia,

2113 3210 2248 3267 etde
2291 3207 2504 3278 judicio
2561 3206 2631 3259 9°.
2695 3201 2764 3256 Et
2810 3199 3269 3270 quemadmodum
3327 3194 3384 3249 in
3437 3193 3602 3257 Isaia,
3637 3191 3709 3244 de

2115 3300 2536 3360 conversatione
2623 3294 2900 3368 Unigeniti
2966 3297 3110 3347 inter
3173 3288 3426 3345 homines
3484 3284 3708 3340 audivi-

2117 3408 2242 3447 mus
2273 3411 2286 3446 :
2325 3390 2490 3444 Exiet
2515 3390 2661 3460 virga
2692 3387 2754 3442 de
2787 3385 2964 3440 radice
3005 3382 3174 3448 Jesse,
3209 3391 3258 3435 et
3295 3380 3394 3448 ﬂos
3425 3377 3488 3430 de
3523 3376 3710 3430 radice

2115 3487 2230 3555 eius
2264 3483 2528 3549 ascendet,
2566 3491 2617 3536 et
2658 3481 2944 3551 requiescet
2978 3477 3034 3530 in
3065 3492 3123 3530 eo
3159 3472 3393 3544 Spiritus
3430 3470 3549 3533 Dei,
3594 3470 3710 3537 spi-

2117 3581 2253 3632 ritus
2286 3578 2559 3646 sapientia'
2589 3582 2638 3628 et
2668 3572 2987 3636 intellectus,
3022 3569 3240 3639 spiritus
3259 3563 3470 3621 consilii
3503 3571 3555 3618 et
3589 3562 3709 3631 for-

2120 3670 2388 3734 titudinis,
2419 3667 2636 3737 spiritus
2661 3664 2895 3719 scientia:
2931 3673 2978 3716 et
3004 3660 3239 3731 pietatis,
3260 3666 3310 3712 et
3336 3656 3558 3726 replebit
3588 3670 3709 3709 eum

2060 3765 2074 3780 ‘
2127 3763 2346 3833 spiritus
2373 3760 2579 3814 timoris
2608 3757 2846 3812 Domini.
2889 3755 3013 3808 Non
3039 3751 3327 3807 secundum
3355 3748 3588 3819 gloriam
3614 3747 3710 3816 ju-

2122 3853 2354 3916 dicabit,
2410 3867 2572 3922 neque
2616 3848 2902 3904 secundum
2951 3844 3213 3916 loquelam
3253 3841 3572 3911 redarguet,
3617 3839 3710 3892 sed

2116 3943 2384 4014 judicabit
2431 3941 2619 3995 humili
2659 3941 2891 4010 judicio,
2939 3947 2988 3991 et
3021 3937 3303 4004 redarguet
3352 3930 3632 4000 superbos,
3661 3939 3714 3984 et

2125 4036 2310 4106 eripiet
2341 4032 2562 4087 humiles
2593 4042 2766 4098 terrae,
2793 4043 2841 4086 et
2880 4028 3132 4100 percutiet
3167 4036 3360 4079 terram
3391 4021 3547 4077 verbo
3579 4038 3713 4086 oris,

2125 4139 2174 4183 et
2219 4129 2412 4196 spiritu
2452 4143 2544 4196 per
2583 4125 2729 4178 labia
2767 4123 3045 4192 interﬁciet
3080 4119 3304 4189 impium
3337 4117 3404 4168 ”.
3443 4114 3616 4186 Igitur
3661 4126 3718 4168 et

2128 4225 2514 4274 conversatum
2545 4231 2669 4270 eum
2705 4216 2849 4268 inter
2898 4212 3150 4267 homines
3179 4208 3451 4271 videmus,
3494 4218 3553 4260 ct
3587 4204 3716 4273 Spi-

2129 4310 2294 4367 ritum
2328 4308 2442 4375 Dei,
2483 4307 2538 4362 id
2558 4317 2640 4362 est
2670 4306 2933 4376 Spiritum
2969 4309 3242 4366 sanctum,
3265 4307 3320 4353 et
3360 4305 3575 4368 septem
3602 4297 3715 4366 spi-

446 4393 584 4453 "JW-
616 4389 880 4444 Dommus
913 4389 978 4443 ad
1003 4385 1360 4488 Νιοοιῖθῐημηῖ
1394 4384 1653 4488 Prom?“
1691 4403 1704 4437 τ
1745 4382 1898 4456 ρηοά
1933 4401 2029 4488 ηιξ·
2064 4433 2106 4488 D
2134 4405 2272 4459 ritus
2322 4408 2544 4456 vocatos
2578 4399 2923 4469 requiescere
2979 4411 3144 4466 super
3182 4409 3308 4448 eum
3342 4391 3714 4460 aspeximus,

449 4494 560 4539 tum
589 4491 665 4549 est
700 4497 764 4536 ea:
811 4497 988 4546 carne,
1037 4495 1159 4532 caro
1202 4486 1398 4532 est:et
1441 4476 1579 4546 quod
1625 4485 1807 4532 natum
1849 4485 1924 4529 est
1968 4475 2032 4528 de

448 4575 663 4643 spiritu,
711 4574 930 4640 spiritus
964 4583 1040 4625 est
1070 4587 1086 4623 :
1116 4587 1178 4623 ne
1220 4569 1426 4622 mireris
1471 4553 1611 4638 quod
1637 4567 1865 4621 dixerim
1897 4567 2034 4636 tibi:

452 4666 673 4733 Oportet
716 4681 801 4718 vos
835 4665 984 4730 nasci
1017 4662 1208 4716 denuo.
1242 4660 1473 4731 Spiritus
1499 4660 1587 4714 ubi
1614 4662 1724 4714 vult
1763 4663 1952 4730 spirat,
1983 4669 2036 4714 et

447 4773 624 4814 vorem
656 4758 769 4824 ejus
798 4755 978 4819 audis,
1007 4766 1054 4808 et
1089 4756 1256 4806 nescis
1300 4754 1437 4806 unde
1487 4755 1680 4816 veniat,
1720 4763 1770 4807 et
1804 4769 1904 4822 quo
1939 4770 2031 4812 ra-

448 4851 542 4904 dnl
574 4865 592 4903 :
624 4851 699 4911 sic
746 4858 825 4903 est
873 4850 1064 4916 omnis,
1101 4848 1191 4918 qui
1239 4857 1393 4900 natus
1426 4858 1502 4901 est
1545 4863 1608 4900 ea:
1655 4845 1856 4914 Spiritu
1899 4863 2027 4902 san-

450 4956 535 4999 cto
567 4945 634 4997 9°.
672 4943 807 5004 Cum
848 4958 976 5013 ergo
1015 4940 1328 4996 audivimus
1355 4941 1534 5004 nobis,
1567 4938 1713 4993 Unus
1747 4939 1887 4993 Deus
1917 4939 2026 4992 Pa-

450 5050 548 5097 ter,
580 5053 643 5091 ea:
679 5052 784 5105 quo
812 5037 1010 5101 omnia,
1038 5045 1087 5089 et
1119 5051 1252 5088 unus
1285 5033 1542 5087 Dominus
1575 5032 1730 5087 Iesus
1762 5032 2027 5104 Christus,

449 5147 540 5199 per
561 5146 712 5198 quem
735 5129 911 5182 omnia
929 5137 977 5180 et
993 5144 1085 5180 nos
1114 5142 1206 5194 per
1228 5127 1401 5194 ipsum
1417 5125 1486 5186 9‘,
1504 5137 1557 5178 et
1580 5125 1864 5187 habemus,
1884 5125 2028 5193 quod

451 5224 632 5292 majus
667 5229 752 5274 est
789 5220 842 5273 in
877 5228 989 5279 tota
1018 5227 1268 5273 creatura
1305 5226 1359 5270 et
1405 5215 1721 5287 gloriosius,
1751 5216 1896 5287 quod
1946 5223 2031 5285 est

521 5405 569 5436 ⁸⁸
600 5403 757 5458 Rom.
790 5421 864 5466 Vl,
905 5403 990 5460 10.
1066 5403 1112 5451 ⁸9
1147 5403 1186 5467 ll
1227 5402 1355 5456 Cor.
1380 5419 1432 5467 ν,
1462 5402 1549 5456 i5.

458 5477 505 5528 I.
580 5477 624 5506 ⁸⁸
660 5475 790 5529 Luc.
827 5493 865 5533 I.
903 5477 992 5539 51,
1023 5475 1112 5538 54,
1143 5475 1232 5527 53.

456 5562 545 5614 aL,
598 5547 652 5601 5.
726 5547 771 5577 ⁸³
823 5545 969 5599 Psal.
1021 5562 1096 5611 γι,
1145 5545 1204 5612 9..

687 5698 839 5766 Mss,
874 5707 920 5751 et
953 5712 1353 5769 perseveremus.

1625 5401 1671 5432 ⁸⁵
1698 5399 1816 5454 Gal.
1854 5417 1906 5466 v,
1940 5399 2031 5454 25.
2108 5401 2153 5433 ³⁸
2184 5400 2205 5454 Ι
2235 5401 2360 5456 Cor.
2391 5419 2508 5469 vm,
2545 5403 2598 5458 6.

1308 5473 1351 5504 ⁸³
1386 5472 1403 5524 1
1435 5471 1562 5527 Cor.
1603 5489 1642 5534 ι,
1669 5471 1760 5525 2i.
1835 5473 1882 5503 ⁹⁰
1903 5471 2061 5526 .Inan.
2091 5487 2171 5537 tu,
2193 5472 2306 5526 6-8.
2375 5473 2454 5525 “l
2483 5473 2612 5529 Cor.
2634 5489 2750 5532 vin,
2781 5471 2836 5523 6.

1276 5545 1322 5589 εξ
1351 5544 1492 5613 Psal.
1534 5533 1678 5611 suis,
1730 5543 1820 5605 2i.
1895 5543 1940 5573 9“
1968 5541 2123 5596 Joan.
2156 5533 2266 5609 sm,
2303 5544 2352 5612 7,
2379 5546 2430 5600 8.
2501 5547 2544 5576 ’⁸⁷
2575 5546 2675 5600 lsa.
2708 5558 2782 5605 XI,
2813 5541 2930 5612 πρά.
2968 5533 3199 5608 θεειοςηι.
3227 5551 3308 5590 xv:
3334 5576 3348 5599 ,
3379 5533 3435 5603 8,

2136 4497 2230 4552 sed
2262 4495 2445 4548 videre
2487 4493 2541 4546 in
2578 4492 2880 4547 secundum
2918 4487 3038 4556 ejus
3082 4485 3376 4541 adventum
3426 4489 3718 4552 exspecta-

2135 4605 2279 4653 mus.
2313 4584 2405 4649 Sic
2427 4585 2611 4655 itaque
2643 4594 2697 4638 et
2725 4584 2790 4638 de
2820 4582 3026 4651 Spiritu
3055 4586 3244 4634 sancto
3278 4574 3563 4631 audientes
3584 4588 3717 4628 con-

2135 4679 2441 4736 sideramus
2472 4695 2484 4732 :
2521 4677 2636 4746 ipse
2670 4676 2816 4728 enim
2847 4673 3019 4727 Filius
3054 4680 3137 4725 est
3165 4669 3281 4734 Dei,
3306 4667 3400 4737 qui
3429 4665 3571 4720 dixit
3599 4683 3614 4720 :
3645 4663 3716 4718 Et

2131 4785 2252 4821 cum
2290 4767 2481 4821 venerit
2507 4764 2840 4828 Paracletus,
2861 4772 3041 4831 arguet
3068 4761 3204 4813 hunc
3228 4758 3479 4812 mundum
3510 4758 3578 4811 de
3605 4774 3714 4827 pec-

2136 4869 2280 4927 cato,
2307 4868 2357 4913 et
2395 4859 2458 4911 de
2490 4858 2724 4927 justitia,
2772 4866 2820 4922 et
2863 4855 2924 4908 de
2949 4853 3159 4922 judicio
3207 4851 3273 4904 ³⁸.
3328 4849 3514 4918 Neque
3571 4850 3714 4904 enim

2138 4952 2257 5006 sine
2293 4949 2497 5020 Spiritu
2530 4958 2721 5004 sancto
2750 4946 3013 5013 Dominus
3045 4944 3293 4998 adveniet
3319 4941 3374 4994 in
3407 4955 3600 5006 carne,
3625 4939 3715 4995 sed

2137 5041 2480 5094 constituens
2509 5054 2636 5093 cum
2669 5037 2956 5092 divinitate
3002 5050 3100 5099 sua
3137 5048 3284 5096 eum,
3316 5034 3410 5101 qui
3443 5031 3696 5086 universi

2139 5140 2300 5205 tatem
2352 5131 2560 5199 implet,
2606 5144 2730 5184 cum
2775 5128 2846 5182 sit
2875 5126 3060 5194 unctio
3093 5139 3255 5193 super
3283 5136 3500 5176 carnem
3535 5137 3700 5176 suam

2140 5221 2234 5276 Sic
2267 5237 2400 5294 sane
2429 5231 2484 5276 et
2518 5220 2689 5292 David
2721 5218 3033 5274 audiximus
3073 5221 3405 5284 cantantem,
3436 5220 3493 5267 et
3529 5213 3710 5268 dicen-

2676 5402 2721 5434 ⁸⁸
2760 5400 2949 5454 Matth.
2991 5415 3026 5460 I,
3065 5397 3151 5459 l8,
3201 5395 3289 5448 ΞΟ.
3367 5392 3413 5438 ".7
3443 5389 3611 5456 Prov.
3643 5407 3699 5446 ιι

2913 5468 3109 5536 “Eph.
3139 5481 3216 5532 Vl,
3266 5463 3456 5536 {ﬁl-[7.
3534 5463 3584 5501 ³³
3615 5461 3699 5520 13a
