3794 6226
151 243 302 301 1205

1149 240 1239 296 DE
1278 242 1652 300 TBIMTATE
1691 243 1778 298 ΕΤ
1821 243 2100 301 SPIRITU
2140 243 2423 302 SANCTO.

3284 247 3422 306 i206

151 372 272 416 tem
306 379 321 415 :
360 357 478 425 Quo
510 356 596 412 ibo
622 372 657 410 α
683 355 890 428 Spiritu
923 366 1034 422 tuo,
1065 365 1115 410 et
1153 372 1255 425 quo
1288 373 1321 410 a
1351 358 1487 427 facie
1536 368 1628 412 tua
1656 359 1744 428 fu-
1770 364 1820 421 Α
1848 374 2010 429 quam
2057 358 2400 414 Paracletum
2435 368 2738 413 creatorem
2768 373 2877 414 non
2927 359 3223 416 confitetur
3258 376 3424 438 esse,

154 456 308 526 giam
333 453 555 506 "iAut
607 466 716 505 non
749 463 1012 522 tanquam
1052 449 1294 520 judicem
1347 449 1608 520 Spiritum
1649 467 1743 505 ex-

157 553 422 614 spectans
469 543 602 596 iistas
653 541 856 596 emittit
904 539 1314 609 professiones?
1367 539 1543 595 Omne
1594 542 1742 596 enim

156 651 305 706 opus
329 634 442 698 Dei,
465 643 518 688 et
534 633 762 698 Christi,
790 643 844 687 et
861 631 1098 702 Spiritus
1115 632 1290 688 sancti
1321 641 1406 688 est
1434 633 1740 703 proprium.

157 728 275 779 Aut
310 739 420 777 non
452 723 765 778 audivimus
793 737 918 777 eum
953 723 1008 776 in
1039 737 1164 777 xcw
1212 723 1425 792 psalmo
1471 724 1744 779 dicentem

157 816 231 870 de
266 814 376 868 Deo
404 832 420 871 :
457 811 629 866 Hodie
651 813 883 884 quidem,
908 815 954 866 si
977 831 1146 868 vocem
1175 815 1290 882 ejus
1315 814 1614 881 audieritis,
1650 831 1744 868 no-

159 905 260 959 lite
307 904 571 959 obdurare
619 903 782 958 corda
833 914 1026 971 vestra,
1050 906 1188 958 sicut
1237 907 1294 960 in
1342 907 1742 960 exacerbationc

159 995 452 1054 secundum
475 997 616 1049 diem
640 994 945 1049 tentationis
969 997 1024 1048 in
1048 995 1274 1058 deserto,
1301 997 1390 1049 ubi
1414 1006 1743 1050 tentaverunt

163 1106 250 1146 me
284 1099 461 1159 patres
509 1089 667 1142 vestri
698 1105 716 1153 ;
745 1087 812 1142 de
854 1101 913 1142 se
945 1102 1075 1142 vero
1109 1105 1123 1141 :
1161 1085 1527 1141 Probaverunt
1571 1104 1655 1142 me
1695 1099 1742 1141 et

161 1184 410 1238 viderunt
462 1197 621 1252 opera
671 1197 786 1234 mea
817 1195 836 1232 .'
869 1181 1226 1250 quadraginta
1270 1181 1424 1234 annis
1467 1181 1742 1249 proximus

163 1274 246 1343 fui
289 1274 614 1344 generationi
664 1272 805 1336 huic,
848 1282 898 1326 et
939 1271 1055 1326 dixi
1083 1288 1304 1341 semper,
1353 1283 1533 1326 errant
1568 1274 1742 1330 corde.

164 1365 284 1436 Ipsi
308 1382 428 1421 vero
449 1382 552 1420 non
589 1375 937 1437 cognoverunt
981 1366 1091 1420 vias
1123 1381 1287 1429 meas,
1320 1367 1455 1420 sicut
1477 1366 1658 1436 juravi
1691 1367 1744 1420 in

160 1462 251 1514 ira
277 1476 418 1524 mea,
452 1461 499 1514 si
530 1461 824 1514 introibant
858 1461 911 1513 in
941 1461 1168 1530 requiem
1202 1475 1371 1514 meam
1402 1461 1462 1514 1?

237 1552 325 1606 M.
369 1550 526 1618 Quod
574 1552 622 1606 si
667 1552 852 1607 dicant
901 1551 979 1605 illi
1034 1552 1326 1606 Dominum
1376 1568 1498 1608 esse
1541 1563 1595 1608 et
1637 1569 1743 1608 non

162 1643 456 1714 Spiritum,
489 1644 584 1714 qui
638 1642 1140 1714 dicit:Propterea
1194 1645 1323 1706 odio
1374 1645 1541 1700 habui
1590 1647 1738 1700 illam

163 1737 594 1807 generationem,
644 1744 699 1792 et
753 1747 878 1792 ante
930 1736 1075 1791 dicta
1121 1737 1210 1791 illa
1260 1737 1488 1793 omnia:
1519 1739 1742 1792 audiant
1776 1731 1816 1784 Β

143 1827 397 1905 Paulum
426 1843 512 1894 ea,
547 1843 671 1898 qua:
698 1828 752 1882 in
778 1843 902 1882 xcw
933 1829 1144 1899 psalmo
1171 1837 1302 1883 sunt
1331 1831 1496 1892 dicta,
1530 1831 1598 1885 ad
1632 1829 1742 1885 He-

162 1923 343 1977 bratos
373 1921 696 1977 scribentem
729 1937 744 1974 :
779 1919 956 1986 Quare
983 1923 1120 1974 sicut
1150 1919 1384 1991 Spiritus
1415 1933 1631 1976 sanctus
1658 1924 1746 1977 di-

164 2016 276 2068 cit:
307 2013 482 2068 Hodie
515 2015 562 2068 si
595 2030 768 2069 vocem
805 2015 919 2084 ejus
959 2015 1263 2076 audieritis,
1288 2014 1452 2069 nolite
1487 2016 1746 2069 obdurare

165 2108 329 2161 corda
371 2116 543 2160 vestra
575 2109 632 2170 ³,
686 2116 791 2162 etc.
842 2105 1074 2161 Veniant
1121 2123 1250 2162 vero
1303 2107 1370 2161 ad
1420 2108 1742 2177 praplietam

165 2200 388 2266 Isaiam,
419 2207 474 2254 et
522 2199 748 2254 audiant
795 2215 919 2254 eum
977 2199 1248 2254 dicentem
1285 2217 1298 2253 :
1336 2198 1462 2253 Non
1515 2199 1741 2270 legatus,

80 2357 86 2364 ν
166 2310 328 2365 neque
355 2291 595 2363 angelus,
629 2292 717 2347 sed
751 2293 864 2359 ipse
893 2292 1122 2346 salvabit
1162 2309 1247 2346 eos
1283 2291 1523 2346 omnibus
1561 2293 1743 2348 diebus

165 2385 372 2440 seculi.
400 2383 514 2454 Ipsi
553 2401 672 2439 vero
705 2385 1085 2437 contumaciter
1111 2395 1345 2454 egerunt,
1381 2394 1428 2438 et
1461 2384 1745 2438 exacerba—

165 2486 352 2530 verunt
396 2473 658 2545 Spiritum
707 2485 970 2540 sanctum,
1010 2484 1065 2530 et
1110 2492 1386 2529 conversus
1432 2485 1507 2528 est
1552 2477 1626 2529 eis
1674 2476 1743 2528 ad

164 2568 509 2622 inimicitiam
541 2567 582 2620 ³.
635 2565 855 2622 Necnon
897 2567 1065 2622 etiam
1113 2565 1386 2636 primitias
1438 2576 1742 2637 martyrum

165 2658 506 2728 Stephanum
563 2660 873 2714 auscultem
919 2661 1290 2730 increpantem
1339 2659 1612 2730 principes
1647 2658 1745 2713 Ju-

166 2750 434 2816 daeorum,
474 2753 544 2806 ob
573 2752 858 2816 beneﬁcia,
903 2769 1024 2824 quae
1056 2753 1288 2808 contulit
1321 2752 1464 2808 Deus
1493 2752 1743 2822 patribus

165 2858 359 2896 eorum
393 2844 446 2897 in
478 2844 694 2899 deserto
733 2860 828 2914 per
858 2861 1032 2900 annos
1062 2845 1445 2916 quadraginta,
1481 2852 1535 2899 et
1561 2845 1630 2898 ob
1656 2859 1741 2909 ea,

166 2952 288 3005 quae
315 2936 620 3006 irreligioso
660 2945 887 3007 egerunt
917 2937 1060 2992 facto
1106 2937 1294 3004 vitulo,
1338 2949 1390 2992 et
1417 2938 1559 2992 idola
1610 2938 1742 2992 ado-

165 3040 371 3095 rantes,
400 3039 456 3084 et
483 3042 706 3099 propter
745 3031 859 3084 haec
887 3031 1092 3093 omnia,
1130 3047 1251 3097 qua:
1295 3031 1503 3087 nefarie
1533 3033 1741 3087 machi—

166 3121 278 3174 nati
310 3131 460 3184 sunt,
497 3131 552 3175 et
575 3123 843 3177 dicentem
881 3124 947 3176 ad
977 3138 1070 3178 eos
1105 3142 1117 3178 :
1159 3123 1304 3177 Dura
1337 3126 1556 3190 cervice,
1580 3133 1629 3178 et
1660 3126 1744 3178 in-

167 3214 470 3268 rircumcisi
531 3215 685 3268 corde
739 3227 787 3268 et
833 3214 1070 3280 auribus,
1130 3233 1219 3270 vos
1261 3234 1462 3286 semper
1516 3217 1744 3288 Spiritui

164 3311 350 3356 sancto
381 3302 704 3369 obnitimini,
735 3305 873 3357 sicut
913 3315 1090 3374 patres
1124 3308 1301 3360 vestri.
1333 3306 1498 3372 Quem
1521 3324 1584 3362 ea:
1617 3325 1744 3384 pro-

162 3395 334 3464 phetis
371 3409 473 3446 non
520 3394 778 3462 persecuti
827 3405 951 3448 sunt
1000 3404 1175 3462 patres
1222 3397 1400 3460 vestri,
1435 3405 1485 3450 et
1539 3397 1744 3464 occide-

165 3495 288 3538 runt
307 3487 334 3538 1’
359 3487 758 3553 pronuntiantes
788 3485 851 3539 de
876 3487 1102 3540 adventu
1127 3486 1291 3554 Iusti,
1318 3488 1468 3557 cujus
1501 3505 1588 3543 vos
1621 3504 1744 3557 pro-

163 3579 362 3632 ditores
396 3587 445 3632 et
470 3579 832 3648 interfectores
865 3581 1015 3647 estis,
1046 3582 1137 3650 qui
1164 3581 1439 3649 accepistis
1468 3581 1630 3650 legem
1674 3582 1744 3634 ad

165 3668 479 3738 angelorum
523 3671 952 3725 constitutionem
981 3671 1025 3724 ".
1058 3670 1195 3737 Quis
1226 3672 1390 3741 igitur
1434 3686 1544 3725 non
1577 3673 1744 3725 mira-

165 3763 316 3816 bitur
349 3760 586 3832 Spiritus
618 3764 794 3818 sancti
825 3764 1187 3830 divinitatem,
1219 3779 1340 3818 cum
1382 3764 1509 3818 talia
1538 3765 1648 3820 sint
1678 3765 1745 3819 de

164 3868 232 3907 eo
260 3853 446 3908 dicta?
477 3852 613 3920 Quis
646 3869 757 3908 non
791 3855 1138 3910 venerabitur
1185 3855 1520 3924 paracletum
1567 3854 1742 3926 Spiri-

165 3952 282 3997 tum
307 3942 576 4010 veritatis,
604 3959 730 4000 cum
762 3945 956 3999 viderit
980 3961 1107 4000 eum
1141 3961 1371 4016 arguere
1401 3947 1549 4003 hunc
1579 3964 1743 4003 mun-

164 4034 296 4089 dum
337 4035 404 4091 de
428 4045 674 4106 peccato,
708 4047 762 4092 et
791 4038 858 4092 de
885 4038 1122 4108 justitia,
1149 4047 1204 4092 et
1230 4039 1296 4092 de
1328 4039 1538 4109 judicio
1570 4056 1584 4104 ;
1617 4055 1744 4095 cum

164 4128 368 4184 viderit
400 4145 526 4184 eum
571 4131 928 4187 suscitantem
969 4143 1219 4188 mortuos
1272 4141 1328 4188 et
1358 4134 1743 4201 vivificantem,

163 4229 219 4276 et
292 4219 583 4276 facientem
634 4223 780 4293 quod
854 4223 1018 4279 Pater
1074 4235 1129 4278 et
1204 4225 1379 4280 Filius
1445 4224 1620 4281 facit?
1687 4227 1744 4280 In

163 4311 494 4390 Evangelia.
546 4314 810 4384 scriptum
891 4323 976 4370 est
1032 4332 1047 4368 ε
1116 4311 1268 4369 Sicut
1362 4316 1503 4369 enim
1581 4314 1747 4370 Pater

1843 452 1939 522 qui
1961 451 2214 517 mittitur,
2243 461 2299 504 et
2327 457 2477 505 creat
2499 464 2727 520 corpora
2765 466 2796 506 a
2824 453 3026 506 saeculo
3047 453 3340 520 dissoluta,
3370 464 3429 513 et

1844 557 2104 598 conversa
2135 541 2190 595 in
2218 541 2498 612 pulverem
2528 557 2712 605 suum,
2744 551 2799 597 et
2825 551 3056 598 renovat
3085 542 3284 600 faciem
3316 556 3427 602 ter-

1844 633 1951 688 rae?
1974 635 2272 689 secundum
2296 635 2422 699 hoc,
2441 634 2588 704 quod
2614 635 2666 688 in
2695 631 2834 689 Isaia
2865 636 3131 705 propheta
3159 639 3428 709 scriptum

1844 736 1968 781 est:
2005 725 2126 779 Erit
2164 736 2345 780 autem
2389 728 2576 780 caelum
2618 743 2835 794 novum,
2889 737 2939 782 et
2979 738 3122 784 terra
3177 746 3314 784 nova
3355 731 3426 788 δε

1845 818 1962 873 sine
1986 832 2095 887 quo
2125 817 2264 870 nihil
2304 832 2482 887 neque
2521 816 2716 886 Pater,
2753 835 2929 890 neque
2967 819 3142 876 Filius
3170 831 3426 892 operatur

1845 909 1900 962 in
1933 908 2292 968 creationem,
2333 907 2478 962 sicut
2515 917 2640 963 ante
2672 911 3106 968 monstravimus
3152 912 3238 969 his
3281 915 3427 969 scri-

1843 1000 2040 1071 pturis.
2073 998 2138 1054 Et
2170 999 2367 1053 iterum
2397 998 2600 1055 Paulus
2626 1000 2694 1054 ad
2727 1000 3009 1058 Romanos
3037 1004 3230 1060 scribit
3256 1022 3271 1061 :
3305 1004 3426 1060 Ha-

1847 1092 1938 1146 beo
1966 1108 2085 1162 ergo
2119 1091 2492 1162 conﬁdentiam
2517 1093 2574 1146 in
2605 1091 2816 1147 Christo
2854 1095 2924 1147 ad
2953 1095 3241 1150 Dominum
3260 1135 3275 1160 ,
3322 1114 3426 1151 non

1847 1194 2024 1239 autem
2050 1187 2218 1240 audeo
2247 1186 2310 1239 de
2335 1184 2574 1238 omnibus
2601 1185 2766 1255 loqui,
2788 1191 2926 1255 quod
2948 1204 3049 1242 non
3075 1199 3152 1243 est
3179 1199 3424 1260 operatus

1844 1294 1936 1347 per
1971 1295 2051 1334 me
2081 1278 2324 1334 Christus
2374 1279 2442 1332 ad
2488 1278 2882 1332 obauditionem
2914 1281 3146 1350 gentium
3181 1281 3333 1336 verbo
3371 1291 3423 1336 et

1848 1373 2012 1442 facto,
2046 1381 2202 1442 atque
2230 1373 2287 1426 in
2319 1372 2538 1426 veritate
2569 1373 2842 1443 signorum
2882 1383 2933 1427 et
2969 1375 3338 1445 prodigiorum
3367 1375 3427 1431 in

1847 1467 2037 1519 virtute
2065 1464 2297 1534 Spiritus
2327 1466 2498 1518 sancti
2533 1467 2552 1496 '
2585 1484 2598 1518 :
2631 1464 2772 1520 duce
2804 1463 3008 1536 Spiritu
3046 1473 3238 1521 sancto
3267 1466 3429 1522 Chri-

1849 1567 1994 1614 stum
2016 1558 2170 1628 signa
2197 1566 2254 1610 et
2278 1557 2526 1626 prodigia
2569 1555 2787 1612 fecisse.
2827 1557 2911 1610 Ad
2947 1557 3217 1627 Ephesios
3251 1573 3425 1614 vero:

1851 1649 2028 1718 Hujus
2054 1649 2127 1702 rei
2156 1648 2342 1718 gratia
2365 1649 2520 1716 ﬂecto
2548 1664 2716 1718 genua
2735 1665 2850 1702 mea
2874 1649 2943 1702 ad
2977 1648 3212 1717 Patrem,
3242 1665 3307 1704 ex
3325 1667 3428 1720 quo

1845 1743 2015 1796 omnis
2040 1739 2335 1810 paternitas
2370 1740 2423 1792 in
2451 1740 2578 1794 coelo
2597 1752 2645 1792 et
2669 1743 2723 1794 in
2747 1750 2886 1794 terra
2911 1742 3240 1806 nominatur,
3265 1752 3320 1795 ut
3341 1742 3429 1796 det

1846 1836 1987 1890 vobis
2020 1836 2308 1889 secundum
2334 1833 2660 1903 opulentiam
2684 1833 2868 1903 gloria:
2901 1850 3015 1888 sua:
3045 1835 3289 1888 virtutem
3311 1850 3430 1888 cor-

1844 1929 2086 1983 roborari
2113 1944 2204 1998 per
2227 1926 2488 1997 Spiritum
2520 1945 2678 1984 suum
2707 1929 2763 1982 in
2792 1929 3097 1982 interiorem
3120 1927 3426 1992 hominem,

1846 2021 2090 2075 habitare
2121 2019 2392 2075 Christum
2418 2037 2517 2090 per.
2534 2019 2694 2088 [idem
2722 2020 2779 2072 in
2804 2019 3050 2073 cordibus
3079 2019 3265 2072 vestris
3290 2018 3355 2072 ³⁸.

1922 2113 2008 2167 15.
2048 2112 2116 2166 Ει
2144 2113 2260 2168 haec
2288 2112 2508 2183 quidem
2545 2112 2612 2167 de
2642 2111 2804 2166 Patre
2827 2119 2881 2166 et
2908 2109 3051 2165 Filio
3073 2110 3278 2166 Paulus
3310 2109 3428 2165 sin-

1845 2207 2107 2278 gulariter
2141 2204 2373 2271 scribit,
2421 2202 2566 2260 sicut
2604 2204 2672 2258 ad
2711 2202 3232 2259 Thcssalonicenses
3276 2199 3424 2272 quod

1845 2298 2163 2367 frequenter
2216 2295 2670 2360 memoravimus,
2721 2293 2836 2348 ait:
2889 2293 3012 2363 Ipse
3048 2309 3167 2347 vero
3195 2291 3338 2347 Deus
3375 2299 3426 2345 et

1846 2387 2012 2441 Pater
2055 2397 2232 2442 noster
2276 2387 2572 2456 sanctiﬁcet
2615 2402 2705 2440 vos
2755 2385 2824 2439 ad
2872 2385 3165 2454 perfectum
3193 2383 3278 2437 υς
3311 2395 3424 2437 non

1844 2481 1994 2544 dicit,
2023 2479 2481 2535 sanctiticentvos
2509 2479 2813 2549 pluraliter,
2845 2478 2938 2534 sed
2979 2477 3281 2542 sanctificet
3307 2476 3425 2532 sin-

1843 2573 2124 2644 gulariter.
2154 2572 2386 2637 Quando
2429 2582 2612 2626 autem
2651 2571 2719 2626 ad
2745 2569 3066 2626 Corinthios
3098 2571 3166 2626 de
3198 2569 3338 2625 Filio
3371 2578 3426 2626 et

1847 2663 2052 2733 Spiritu
2085 2661 2217 2716 dicit
2253 2679 2268 2715 :
2305 2660 2407 2716 Sed
2438 2661 2606 2714 abluti
2628 2660 2778 2722 estis,
2807 2661 2897 2714 sed
2931 2660 3254 2730 sanctiﬁcati
3273 2659 3424 2722 estis,

1843 2755 1934 2808 sed
1981 2754 2270 2824 justiﬁcati
2311 2755 2438 2806 estis
2472 2754 2528 2806 in
2569 2753 2777 2805 nomine
2820 2751 3037 2805 Domini
3076 2752 3247 2806 nostri
3293 2750 3423 2805 Jesu

1845 2847 2066 2914 Christi,
2093 2857 2142 2900 et
2173 2847 2228 2899 in
2259 2845 2466 2915 Spiritu
2494 2845 2591 2900 Dei
2625 2847 2793 2899 nostri
2827 2846 2891 2898 ¹².
2918 2844 2985 2898 Et
3017 2845 3085 2899 de
3113 2843 3274 2899 Patre
3306 2843 3424 2914 qui-

1842 2937 1962 2992 dem
1985 2951 2038 2994 et
2058 2937 2124 2991 de
2155 2934 2361 3006 Spiritu
2391 2955 2404 2992 :
2449 2935 2702 3002 Nescitis,
2729 2936 2854 3005 quia
2876 2935 3126 3005 templum
3149 2933 3248 2990 Dei
3269 2934 3420 2996 estis,

1843 3039 1893 3084 et
1928 3029 2170 3099 Spiritus»
2199 3029 2293 3084 Dei
2322 3029 2527 3084 habitat
2551 3033 2607 3082 in
2628 3029 2770 3084 vobis
2791 3027 2888 3082 ?Si
2909 3029 3026 3098 quis
3058 3028 3308 3097 templum
3325 3025 3423 3083 Dei

1843 3121 2139 3188 violaverit,
2169 3121 2436 3192 disperdet
2460 3122 2615 3176 illum
2651 3121 2792 3176 Deus
2820 3138 2838 3174 :
2869 3122 2997 3191 quia
3037 3120 3288 3190 templum
3321 3119 3422 3174 Dei

1845 3223 2087 3270 sanctum
2115 3223 2216 3280 est,
2245 3215 2384 3285 quod
2417 3215 2542 3269 estis
2578 3231 2668 3270 vos
2698 3214 2762 3266 ³³.
2805 3212 2911 3268 Sed
2936 3221 2990 3268 et
3022 3211 3193 3267 David
3218 3212 3286 3268 de
3312 3211 3422 3266 Pa--

1847 3317 1928 3363 tre
1950 3317 2003 3363 et
2029 3306 2234 3378 Spiritu
2260 3307 2390 3362 dicit
2415 3325 2428 3360 :
2451 3307 2565 3371 Quo
2588 3305 2675 3360 ibo
2698 3323 2731 3360 a
2755 3304 2963 3374 Spiritu
2991 3305 3124 3359 tuo?
3147 3314 3197 3358 et
3222 3320 3255 3358 ιι
3283 3303 3424 3372 facie

1847 3408 1939 3454 tua
1968 3416 2071 3470 quo
2106 3399 2354 3468 fugiant?
2387 3395 2444 3452 Si
2469 3397 2750 3453 ascendere
2775 3399 2829 3450 in
2857 3395 3044 3451 cwlum
3069 3404 3124 3448 tu
3146 3395 3219 3448 ibi
3250 3410 3304 3448 es
3337 3394 3418 3450 ":

1844 3502 1900 3548 et
1931 3508 2038 3546 non
2084 3491 2239 3556 dixit,
2273 3505 2393 3558 vos,
2421 3491 2546 3546 licet
2573 3491 2638 3544 de
2674 3489 2878 3560 Spiritu
2917 3499 2969 3543 et
3004 3486 3168 3544 Patre
3197 3486 3417 3543 dixerit.

1850 3583 1951 3640 Ubi
1985 3595 2070 3641 est
2114 3584 2260 3639 enim
2314 3583 2491 3648 Deus,
2534 3584 2609 3639 ibi
2643 3592 2727 3638 est
2771 3591 2827 3638 et
2854 3580 3051 3646 Filius,
3084 3589 3140 3636 et
3177 3565 3418 3650 Spiritus

1845 3692 1967 3733 esse
1995 3675 2322 3741 ostenditur,
2365 3684 2420 3730 et
2448 3677 2503 3730 in
2544 3675 2681 3729 Filio
2714 3682 2878 3744 atque
2905 3673 2961 3731 in
2989 3672 3200 3744 Spiritu
3227 3681 3418 3728 sancto

1851 3768 1995 3824 Deus
2015 3769 2293 3824 aduratur.
2326 3767 2459 3822 Nam
2495 3783 2617 3824 cum
2646 3767 2843 3822 mulier
2872 3763 3216 3820 Samaritana
3240 3764 3420 3821 adhuc

1849 3861 2142 3916 carnaliter
2165 3861 2433 3932 cogitaret
2469 3860 2537 3915 de
2568 3860 2695 3926 Deo,
2727 3868 2781 3914 et
2819 3858 3185 3913 arbitraretur
3202 3857 3258 3912 in
3291 3857 3417 3912 loco

1846 3952 2016 4008 Deum
2061 3953 2302 4016 adorari,
2334 3968 2400 4008 ac
2436 3953 2681 4008 diceret:
2721 3951 2968 4017 Domine,
3014 3950 3416 4016 animadverto,

1845 4044 1971 4113 quia
1997 4041 2260 4113 PrOpheta
2292 4060 2346 4098 es
2375 4053 2666 4113 tu:-patres
2691 4043 2859 4097 nostri
2875 4043 2929 4096 in
2947 4050 3124 4116 monte
3154 4042 3256 4096 isto
3286 4039 3418 4094 ado-

1846 4147 2116 4198 raverunt,
2150 4144 2201 4189 et
2241 4152 2331 4190 vos
2373 4135 2587 4202 dicitis,
2624 4135 2876 4205 quoniam
2922 4132 3308 4203 Hierosolymis
3338 4143 3416 4185 est

1847 4226 2016 4289 locus,
2054 4228 2110 4280 in
2148 4243 2250 4297 quo
2300 4225 2521 4280 adorari
2567 4233 2770 4295 oportet
2819 4225 2884 4277 ".
2936 4222 3202 4278 Dominus
3233 4234 3416 4276 autem

1847 4317 2142 4372 excludens
2173 4318 2228 4371 in
2257 4317 2379 4372 loco
2403 4309 2800 4393 adorari'eum,
2825 4313 2993 4369 dixit:
3028 4311 3246 4379 Mulier,
3267 4310 3419 4364 crede

164 4405 390 4458 suscitat
448 4413 683 4459 mortuos
739 4414 789 4459 et
836 4405 1099 4474 viviﬁcat,
1156 4415 1204 4459 et
1246 4407 1323 4459 sic
1374 4405 1568 4471 Filius,
1614 4422 1742 4476 quos
1775 4409 1999 4473 omitti,
2045 4410 2171 4479 quia
2209 4411 2374 4463 veniet
2407 4409 2559 4472 hora,
2598 4393 2822 4478 quando
2861 4422 2954 4460 nec
2999 4405 3055 4458 in
3091 4405 3196 4460 isto
3241 4409 3421 4457 monte

161 4498 297 4563 vult,
346 4499 575 4568 vivi/icat
604 4500 648 4554 ⁵.
678 4499 758 4554 Ad
804 4499 1082 4555 Romanos
1115 4500 1250 4554 dicit
1291 4498 1542 4556 Paulus:
1584 4500 1749 4571 779
1847 4497 2061 4570 [loco],
2104 4515 2264 4568 neque
2312 4500 2369 4552 in
2403 4499 2788 4568 Hierosolymis
2830 4497 3124 4552 adorabitis
3151 4496 3370 4550 Patrem
3397 4511 3418 4550 :

163 4590 224 4646 Si
269 4590 504 4660 Spiritus
543 4593 656 4662 ejus
701 4593 791 4662 qui
838 4595 1115 4647 suscitavit
1163 4594 1348 4649 Jesum
1391 4593 1662 4648 Christum
1713 4611 1745 4647 a

159 4684 419 4748 mortuis’,
461 4684 671 4737 habitat
709 4685 765 4737 in
808 4684 998 4737 vobis:
1045 4685 1134 4754 qui
1179 4685 1458 4739 suscitavit
1492 4683 1676 4738 Iesum
1711 4701 1744 4737 a

159 4775 388 4827 mortuis
412 4775 695 4843 viviﬁcabit
721 4783 771 4828 et
793 4776 1049 4830 mortalia
1073 4792 1295 4844 corpora
1325 4785 1517 4841 vestra,
1542 4793 1635 4846 per
1661 4777 1744 4829 in-

160 4866 489 4920 habitantcm
530 4866 793 4935 Spiritum
839 4885 996 4921 suunt
1044 4868 1100 4921 in
1137 4869 1278 4922 vobis
1333 4869 1374 4921 θ.
1430 4867 1496 4922 Ει
1546 4869 1599 4922 in
1642 4884 1737 4923 cur

159 4957 377 5025 psalmo
411 4976 422 5010 :
457 4957 676 5027 Auferes
706 4959 954 5027 spiritum
992 4975 1196 5024 eorum,
1224 4967 1275 5012 et
1303 4959 1569 5028 deﬁcient,
1609 4968 1658 5012 et
1683 4960 1740 5011 in

158 5048 424 5118 pulverem
446 5066 596 5103 suum
619 5058 1002 5103 convertentur.
1029 5049 1254 5104 Emittes
1281 5049 1540 5119 Spiritum
1567 5060 1736 5118 tuum,

155 5150 210 5194 et
247 5141 588 5206 creabantur,
619 5152 670 5196 et
714 5142 984 5195 renovabis
1009 5143 1198 5210 facient
1233 5151 1386 5196 terra:
1415 5143 1457 5196 ⁷.
1494 5142 1560 5197 Ει
1589 5145 1740 5213 quis-

230 5307 278 5340 ”
309 5306 452 5363 Psal.
482 5324 744 5368 cxxxvut,
767 5309 823 5371 7,.
901 5311 917 5339 ¹
961 5305 1104 5362 Psal.
1143 5321 1288 5371 χειν,
1322 5306 1376 5369 8,
1405 5307 1491 5360 11.

156 5381 179 5412 ⁵
211 5375 371 5432 Joan.
406 5395 459 5442 v,
489 5379 575 5431 2L
690 5380 709 5408 °
738 5379 892 5432 Rom.
926 5393 1021 5432 vin
1045 5420 1058 5437 .
1107 5380 1190 5434 ll.

158 5466 243 5513 ιιι,
272 5449 360 5509 14,
399 5448 485 5503 17.
562 5451 604 5481 ¹¹
633 5451 650 5502 1
681 5448 873 5504 Thess.
904 5464 954 5512 ν,
987 5449 1174 5502 25-27.
1251 5447 1292 5477 ¹²
1317 5447 1329 5498 |
1353 5447 1478 5502 Cor.
1508 5465 1584 5514 vr,
1616 5449 1700 5502 11.

157 5536 236 5586 Iv,
273 5519 358 5584 19,
387 5519 476 5573 9.0.
558 5521 600 5552 ¹⁶
625 5521 754 5575 ibid.
775 5520 970 5586 21,25.
1045 5520 1084 5550 ”
1108 5518 1262 5573 Joan.
1291 5534 1400 5583 le,
1427 5519 1480 5571 6.

1322 5306 1376 5369 8,
1405 5307 1491 5360 11.
1597 5309 1624 5337 ’λ
1649 5306 1814 5362 Hebr.
1838 5324 1922 5370 ιιι,
1958 5307 2009 5370 7,
2043 5307 2096 5361 8.
2200 5308 2346 5362 'lsa.
2382 5323 2540 5367 nxnt,
2589 5307 2641 5371 9,
2675 5307 2762 5361 10.
2868 5306 2892 5338 ⁸
2923 5306 3045 5362 Act.

1294 5378 1314 5408 "
1355 5378 1494 5432 l’sal.
1535 5393 1660 5441 CIII,
1696 5378 1795 5441 29,
1841 5378 1930 5433 50.
2006 5378 2028 5410 ⁸
2067 5376 2172 5431 lsa.
2211 5393 2336 5436 va,
2374 5378 2460 5433 17.
2491 5375 2689 5432 9Rom.
2714 5394 2805 5442 xv,
2849 5377 2934 5440 17,
2967 5377 3054 5432 l9.

1317 5447 1478 5502 ICor.
1508 5465 1584 5502 vr.
1616 5449 1700 5502 11.
1781 5448 2010 5502 “lCor.
2051 5464 2130 5502 ιιι.
2169 5447 2362 5502 16.17.
2445 5447 2488 5479 ¹⁶
2508 5448 2936 5502 Psal.cxxxvm.
2974 5449 3040 5502 7.

1929 5464 2010 5504 or.
2051 5464 2130 5513 ιιι,
2169 5464 2255 5516 ιυ,
2279 5464 2300 5500 ι
2323 5464 2362 5499 ι.

1843 4589 1932 4641 sed
1968 4589 2135 4643 veniet
2169 4589 2334 4652 hora,
2370 4589 2717 4657 quando'veri
2757 4589 3065 4642 adoratores
3119 4586 3418 4641 adorabunt

1843 4679 2059 4733 Patrem
2087 4681 2143 4732 in
2170 4680 2376 4749 Spiritu
2397 4691 2448 4734 et
2485 4682 2738 4734 veritate:
2767 4680 2931 4736 Pater
2951 4681 3089 4735 enim
3112 4679 3244 4734 tales
3274 4695 3420 4750 quat-

1843 4772 1912 4824 rit
1947 4772 2301 4827 adoratores:
2340 4772 2510 4827 Deum
2549 4776 2604 4828 in
2640 4773 2847 4844 Spiritu
2879 4783 2927 4828 et
2965 4774 3187 4827 veritate
3215 4780 3415 4842 oportet

1846 4863 2070 4916 adorare
2096 4863 2160 4917 ¹⁶.
2191 4863 2348 4931 Quod
2384 4865 2429 4920 si
2475 4865 2529 4918 in
2561 4865 2763 4934 Spiritu
2791 4875 2844 4919 et
2865 4864 3094 4918 veritate
3118 4862 3256 4931 (26),
3287 4878 3418 4934 ergo

1846 4954 1901 5007 in
1936 4953 2076 5006 Filio
2101 4953 2243 5009 Deus
2276 4955 2535 5009 adoratur
2564 4975 2576 5009 :
2613 4971 2741 5008 nam
2773 4956 2978 5010 veritas
3000 4963 3086 5009 est
3110 4954 3302 5020 Filius,
3321 4953 3418 5023 qui

1846 5045 1982 5100 dixit
2015 5065 2028 5099 :
2078 5045 2188 5116 Ego
2217 5063 2333 5099 sum
2372 5047 2478 5110 via,
2512 5057 2561 5099 et
2595 5049 2811 5112 veritas,
2839 5056 2888 5100 et
2928 5047 3036 5101 vita
3059 5047 3124 5110 ’⁷,
3166 5063 3262 5100 cur
3309 5060 3420 5100 non

1846 5153 1970 5192 cum
2002 5136 2162 5193 Patre
2181 5138 2420 5208 Spiritus
2449 5139 2760 5193 adorandus
2783 5147 2868 5194 est
2890 5154 2920 5192 a
2948 5138 3146 5194 nobis?
3173 5137 3421 5207 Namque

2868 5306 2892 5338 ⁸
2923 5306 3045 5362 Act.
3088 5322 3184 5370 vn,
3212 5305 3302 5366 5|,
3330 5306 3420 5362 52.

3154 5378 3196 5410 ¹⁰
3224 5376 3424 5444 Ephes.

3196 5447 3241 5482 "
3263 5444 3424 5506 loco.

2200 5308 2346 5362 'lsa.
2382 5323 2540 5367 nxnt,
2589 5307 2641 5371 9,
2675 5307 2762 5361 10.

2445 5447 2488 5479 ’⁸
2508 5448 2651 5504 Psal.
2674 5463 2936 5514 cxxxvm,
2974 5449 3004 5500 7
3025 5489 3040 5516 ,
3064 5448 3118 5504 8.

228 5677 342 5752 (26\
385 5677 538 5747 Mss,
569 5680 711 5750 quod
742 5679 786 5735 si
815 5678 867 5734 in
901 5677 1104 5750 Spiritu
1143 5687 1196 5735 ct
1226 5677 1363 5735 Filio
1395 5678 1535 5736 Deus
1561 5679 1819 5738 adoratur
1848 5687 1902 5737 et
1935 5678 2136 5738 veritas
2172 5686 2255 5737 est
2281 5669 2471 5747 Filius,
2508 5679 2600 5752 qui
2641 5677 2812 5746 dicit._
