3794 6226
399 244 536 300 1207

1003 244 1060 300 S.
1092 244 1460 301 ATHANASII
1497 246 1650 305 OPP.
1693 248 1892 305 PARS.
1937 249 1980 304 l.
2019 276 2083 286 —
2115 246 2484 304 HISTORICA
2523 246 2610 301 ET
2651 245 3069 303 DOGMATICA.

3525 245 3689 302 1208

400 345 808 436 inacceptabilis
841 373 946 430 est,
971 374 1034 420 ut
1063 366 1400 436 corporalem
1425 377 1748 422 venerantes
1781 370 1971 432 Deum,
2002 379 2046 425 Α
2073 369 2254 427 istum,
2289 376 2338 420 et
2368 367 2454 419 dic
2475 368 2563 420 ei:
2593 367 2735 419 Aure
2761 365 3015 428 audietis,
3043 373 3090 417 et
3125 378 3223 416 non
3253 362 3586 433 intelligetis,
3617 373 3686 418 et

401 471 510 509 non
550 455 607 509 in
643 455 848 522 Spiritu
881 465 936 509 et
972 453 1028 508 in
1062 452 1203 508 Filio
1243 454 1477 509 adorare
1510 469 1526 509 :
1567 455 1811 525 alioquin
1842 456 1889 511 si
1920 456 1974 510 in

401 546 607 615 Spiritu
641 546 831 600 adorat
868 545 1039 601 Deum
1079 545 1410 600 coadoratur
1452 545 1711 616 Spiritus,
1748 563 1875 602 cum
1919 548 1974 602 in

399 640 621 693 Christo
642 639 865 694 audiant
896 638 1191 708 gloriﬁcari
1225 639 1440 694 Patrem
1464 640 1518 693 in
1546 639 1811 707 Ecclesia,
1844 641 1976 711 quid

401 745 462 784 se
483 745 607 785 esse
631 728 876 785 facturos
908 731 1190 785 asserent?
1221 731 1422 786 Paulus
1457 731 1604 786 enim
1631 731 1878 786 scribens
1907 731 1974 786 ad

402 823 672 892 Ephesios
698 823 774 877 ait
806 840 820 876 :
855 822 922 876 Ei
941 823 1034 892 qui
1061 832 1246 888 potens
1275 832 1353 876 est
1387 823 1564 876 omnia
1602 823 1774 892 facere
1803 822 1974 876 abun-

397 914 589 968 danter
609 930 770 983 quam
794 913 1018 982 petimus
1049 913 1128 967 vel
1163 914 1418 982 sapimus,
1447 915 1551 984 ipsi
1583 914 1754 985 gloria
1781 915 1837 968 in
1868 913 1974 968 Ec—

397 1004 557 1058 clesia
597 1005 652 1058 in
680 1004 893 1058 Christo
931 1003 1062 1059 Iesu
1095 1006 1153 1059 in
1192 1023 1370 1060 omnes
1403 1007 1760 1076 generationes
1793 1005 1975 1060 surculi

397 1094 738 1160 smculorum,
768 1112 921 1149 amen
951 1096 1014 1149 ‘3.
1047 1094 1114 1151 Et
1142 1112 1365 1152 rursum
1402 1096 1600 1152 Paulus
1629 1096 1762 1150 dicit
1794 1115 1807 1150 :
1833 1097 1974 1163 Quia

395 1201 494 1255 per
517 1185 800 1242 Christum
835 1185 1038 1241 dicitur
1073 1187 1250 1241 Amen
1287 1186 1435 1243 Patri
1480 1187 1547 1242 ad
1576 1187 1842 1256 gloriam;
1880 1202 1977 1256 per

398 1293 500 1336 nos
523 1277 740 1332 Patrem
772 1294 868 1347 per
896 1278 1097 1332 Filium
1133 1279 1250 1346 Dei,
1283 1291 1338 1333 et
1367 1279 1422 1332 in
1449 1279 1590 1333 Filio
1613 1279 1828 1334 Patrem
1860 1280 1976 1350 glo-

398 1367 700 1432 riﬁcantes,
721 1382 825 1424 nos
839 1367 1027 1437 utique
1042 1368 1514 1438 congloriﬁcantes
1537 1369 1696 1423 Filio.
1716 1368 1807 1424 Sic
1823 1385 1976 1424 nam-

397 1473 509 1528 que
539 1457 710 1514 Deum
740 1459 1030 1514 adorantes
1063 1461 1118 1514 in
1153 1459 1358 1530 Spiritu
1388 1469 1444 1516 ct
1469 1461 1526 1514 in
1559 1460 1733 1526 Filio,
1769 1461 1822 1515 id
1869 1470 1972 1526 est,

398 1563 495 1615 per
525 1546 792 1617 Spiritum
821 1564 887 1604 ac
920 1564 1016 1618 per
1042 1549 1238 1604 Filium
1264 1550 1575 1617 adorantes,
1611 1552 1975 1607 coadoramus

401 1635 572 1692 Deum
615 1638 814 1693 Filium
849 1648 904 1694 et
934 1638 1220 1710 Spiritum.
1251 1640 1497 1712 Denique
1523 1641 1731 1697 Paulus
1754 1643 1971 1698 scribit:

2076 456 2304 509 videntes
2331 456 2595 520 videbitis,
2625 465 2674 508 et
2702 472 2806 508 non
2849 454 3140 521 aspicietis.
3181 452 3556 506 Incrassatum
3585 462 3685 508 est

2077 550 2214 602 enim
2253 563 2343 600 cor
2385 547 2567 615 populi
2594 547 2774 614 hujus,
2814 555 2863 599 et
2892 545 3113 600 auribus
3153 546 3263 598 suis
3294 547 3528 614 graviter
3566 562 3688 598 au-

2076 641 2308 705 dierunt,
2335 649 2383 693 et
2418 641 2596 694 oculos
2637 655 2763 694 suos
2799 639 3126 700 clauserunt,
3162 653 3226 690 ne
3272 637 3410 705 forte
3448 637 3683 690 videant

2076 732 2242 784 oculis
2276 733 2385 786 suis
2423 741 2472 785 et
2508 731 2765 794 credant,
2804 739 2853 784 et
2901 730 3120 782 auribus
3151 730 3395 794 audiant,
3423 739 3471 782 et
3505 729 3678 782 corde

2076 823 2394 892 intelligant,
2429 833 2478 877 et
2509 832 2900 886 convertantur,
2927 830 2978 874 et
3012 837 3192 875 sanem
3221 820 3363 874 illos.
3395 820 3462 873 Et
3494 821 3618 874 dixi
3659 838 3679 873 :

2082 912 2355 982 Usquequo
2400 912 2623 966 Domine
2659 913 2741 967 “?
2785 911 2960 980 Quem
3002 913 3170 982 igitur
3207 912 3357 967 hunc
3394 927 3518 967 esse
3562 930 3677 967 vo-

2074 1004 2197 1058 lunt
2236 1004 2467 1058 aﬂ'erant
2511 1004 2659 1072 (28):
2713 1005 2896 1059 dicent
2947 1005 3094 1058 enim
3141 1002 3282 1058 forte
3327 1003 3553 1057 Filium.
3603 1001 3678 1057 in

2077 1094 2370 1164 Evangelio
2403 1095 2527 1149 kata
2561 1095 2676 1165 (29)
2701 1093 2967 1148 Joannem
2992 1096 3260 1164 scriptum
3283 1104 3368 1150 est
3395 1114 3407 1148 :
3445 1094 3510 1150 Et
3539 1112 3679 1165 pro-

2075 1193 2252 1254 pterea
2301 1201 2408 1238 non
2441 1193 2686 1253 poterant
2722 1185 2932 1238 credere
2973 1186 3028 1237 in
3071 1182 3289 1250 Iesum,
3349 1185 3480 1253 quia
3519 1185 3679 1237 dixit

2077 1275 2256 1331 Isaias
2283 1278 2531 1344 propheta
2556 1291 2576 1328 :
2615 1275 2913 1329 Excaecavit
2947 1291 3132 1329 eorum
3160 1275 3366 1338 oculos,
3411 1287 3462 1329 et
3508 1277 3676 1329 hebe-

2079 1367 2206 1418 tavit
2231 1381 2410 1418 eorum
2437 1381 2546 1429 cor,
2575 1381 2639 1418 ne
2668 1365 2807 1433 forte
2831 1364 3040 1418 videant
3073 1366 3260 1429 oculis,
3279 1375 3330 1420 et
3354 1366 3676 1435 intelligant

2076 1454 2250 1521 corde,
2279 1465 2328 1508 et
2355 1463 2745 1520 convertantur,
2789 1463 2840 1508 et
2890 1470 3070 1508 sanem
3121 1455 3266 1509 illos.
3314 1453 3451 1509 Ha'c
3501 1456 3682 1523 igitur

2076 1549 2213 1608 dixit
2249 1546 2448 1614 Isaias,
2492 1564 2611 1602 cum
2646 1547 2858 1602 vidisset
2909 1548 3134 1616 gloriam
3167 1547 3315 1615 ejus,
3357 1557 3408 1600 et
3455 1547 3679 1600 locutus

2079 1651 2155 1692 est
2176 1641 2240 1692 de
2273 1655 2332 1692 eo
2365 1640 2431 1691 “.
2464 1627 2693 1708 Et‘quid
2718 1638 2920 1693 facient
2950 1639 3018 1693 de
3051 1636 3243 1705 Paulo,
3274 1639 3370 1708 qui
3398 1637 3679 1706 Spiritum

405 1729 474 1784 Ut
506 1731 560 1784 in
591 1733 799 1786 nomine
817 1731 946 1787 Iesu
976 1733 1173 1787 Christi
1193 1749 1369 1788 omnes
1387 1744 1559 1804 gentes
1585 1751 1716 1804 genu
1737 1735 1974 1803 flectant,
2008 1715 2052 1770 Β
2081 1740 2330 1786 sanctum
2365 1730 2498 1786 dicit
2522 1732 2576 1785 in
2602 1731 2692 1785 illa
2721 1731 2892 1800 gloria
2927 1731 3092 1802 780
3126 1733 3302 1787 visum
3332 1747 3458 1787 esse
3489 1731 3678 1794 Isaiae,

398 1831 448 1875 et
478 1822 647 1876 omnis
687 1823 872 1894 lingua
920 1825 1267 1894 conﬁteatur,
1297 1827 1424 1897 quia
1448 1825 1706 1906 Dominus
1727 1827 1882 1881 Jesus
1919 1829 1977 1880 in

399 1915 576 1986 goria
604 1923 682 1968 est
706 1913 806 1969 Dei
824 1915 1008 1970 Patris
1046 1916 1110 1969 ιθ.
1139 1914 1295 1981 Quod
1325 1917 1483 1983 si'hi,
1516 1918 1611 1986 qui
1652 1918 1706 1971 in
1756 1917 1978 1972 nomine

399 2002 531 2061 Jesu
558 2005 762 2062 Christi
785 2007 1014 2063 ﬂectunt
1044 2024 1241 2079 genua,
1279 2007 1477 2064 Filium
1514 2009 1821 2080 gloriﬁcent
1850 2027 1975 2066 cum

399 2093 585 2162 Patre,
616 2111 716 2151 cur
745 2097 823 2164 hi,
849 2099 943 2168 qui
975 2099 1029 2152 in
1063 2098 1266 2169 Spiritu
1295 2098 1513 2153 Patrem
1541 2111 1593 2154 et
1618 2099 1815 2154 Filium
1844 2101 1977 2156 ado~

399 2196 548 2253 rant,
585 2202 696 2242 non
748 2188 1056 2244 adorabunt
1088 2204 1214 2244 eum
1244 2205 1368 2244 cum
1408 2189 1590 2257 Patre,
1625 2199 1680 2245 et
1722 2190 1890 2258 Filio,
1923 2199 1977 2246 et

401 2277 607 2348 Spiritu
625 2281 838 2335 sancto?
856 2279 912 2335 Si
930 2280 1113 2350 itaque
1130 2282 1440 2336 audivimus
1459 2281 1646 2336 Mosen
1673 2283 1940 2338 dicentem
1959 2303 1972 2339 :

397 2367 686 2422 Dominum
707 2368 876 2424 Deum
905 2380 1052 2424 tuum
1078 2373 1351 2436 adorabis,
1377 2381 1428 2425 et
1458 2372 1539 2426 illi
1566 2373 1666 2426 soli
1688 2375 1877 2428 servies
1906 2376 1975 2443 ὀ,

397 2459 604 2515 scimus
634 2461 976 2530 pronuntiari
1012 2477 1139 2517 cum
1172 2463 1284 2518 Deo
1308 2463 1506 2519 Filium
1531 2476 1584 2519 et
1615 2463 1902 2534 Spiritum.

471 2551 558 2609 16.
601 2551 670 2607 Et
699 2569 767 2608 ne
797 2563 1059 2624 tanquam
1105 2570 1212 2610 non
1246 2558 1454 2628 scripta
1494 2569 1860 2612 memorantes
1881 2597 1896 2622 ,
1925 2567 1978 2612 et

398 2647 467 2702 de
512 2655 704 2701 nostro
738 2647 891 2714 loqui
946 2648 1268 2716 videamur,
1306 2650 1733 2705 demonstranda
1771 2660 1856 2706 cst
1897 2651 1978 2706 eis

406 2739 716 2794 caelestium
749 2739 1017 2793 virtutum
1059 2740 1340 2808 adoratio,
1390 2751 1444 2796 et
1486 2741 1630 2796 sicut
1676 2742 1730 2796 in
1777 2742 1979 2797 sanctis

401 2829 702 2898 Scripturis
720 2830 1034 2898 didicimus,
1061 2831 1289 2888 forsitan
1313 2834 1390 2887 illi
1415 2834 1763 2888 wmulatorcs
1779 2833 1976 2900 eﬂ'ecti,

401 2923 484 2977 sic
512 2931 566 2977 et
595 2924 844 2978 venerari
869 2924 1085 2978 discant
1109 2933 1165 2979 et
1196 2925 1444 2980 adorare.
1469 2924 1643 2992 Quem
1681 2926 1856 2981 visum
1881 2943 1977 2982 vo-

401 3015 520 3070 lunt
543 3014 698 3070 Isaia:
729 3015 783 3069 in
819 3016 1024 3086 templo
1058 3016 1302 3082 laudare,
1333 3029 1389 3073 et
1418 3019 1667 3084 adorare,
1699 3029 1754 3073 et
1783 3019 1981 3075 clariﬁ-

400 3122 548 3173 care,
569 3107 843 3178 seraphim
864 3124 880 3175 ;
917 3107 1208 3162 Patremne
1219 3124 1287 3163 an
1306 3108 1503 3164 Filium
1519 3111 1542 3162 ?
1558 3109 1698 3165 forte
1712 3110 1858 3165 enim
1885 3126 1983 3166 au-

402 3214 489 3254 res
505 3199 811 3262 obstruent,
834 3199 880 3255 si
898 3200 1143 3268 audiant,
1161 3217 1229 3255 an
1249 3200 1513 3270 Spiritum
1530 3205 1806 3258 sanctum?
1819 3203 1984 3261 Isaias

399 3289 551 3344 enim
579 3289 715 3344 dicit
743 3288 856 3360 (9.7)
881 3308 893 3344 :
927 3289 996 3343 Et
1021 3277 1224 3360 factum
1253 3303 1331 3346 est
1361 3308 1499 3346 anno
1522 3310 1622 3363 quo
1647 3305 1884 3349 mortuus
1905 3305 1982 3350 est

406 3380 568 3437 Ozias
613 3397 727 3446 rex,
776 3382 884 3436 vidi
923 3382 1209 3436 Dominum
1252 3382 1487 3438 Sabaoth
1526 3386 1788 3440 sedentem
1829 3404 1984 3458 super

403 3472 652 3525 thronum
677 3472 845 3526 altum
867 3484 916 3528 et
947 3474 1225 3540 elevatum,
1249 3485 1298 3529 et
1326 3476 1482 3545 plena
1495 3478 1682 3532 domus
1711 3481 1983 3547 majestate
2013 3538 2020 3546 ,

401 3563 538 3632 ejus,
565 3573 614 3618 et
643 3565 910 3635 seraphim
955 3565 1168 3620 stabant
1202 3567 1258 3621 in
1287 3569 1514 3622 circuitu
1554 3571 1702 3640 ejus,
1755 3588 1846 3626 sex
1880 3572 1982 3627 ala:

401 3657 516 3708 uni.
547 3663 596 3708 et
623 3671 713 3708 sex
747 3655 849 3710 ala:
878 3655 1056 3721 alteri,
1083 3666 1133 3711 et
1166 3657 1370 3711 duabus
1401 3657 1612 3728 quidem
1643 3661 1886 3715 velabant
1904 3663 1984 3732 fa-

403 3747 556 3810 ciem,
588 3745 792 3799 duabus
825 3763 942 3800 vero
971 3748 1148 3817 pedes,
1180 3758 1228 3802 et
1250 3749 1456 3803 duabus
1491 3751 1766 3818 volabant,
1790 3762 1841 3806 et
1870 3753 1981 3806 cla-

402 3837 619 3896 mabant
642 3839 711 3892 ad
728 3841 1065 3907 alterutrum,
1093 3851 1143 3894 et
1162 3840 1402 3895 dicebant
1422 3859 1440 3896 .'
1461 3841 1709 3912 Sanctus,
1743 3834 1979 3912 senatus,

402 3939 618 3990 sanctus
660 3929 921 3984 Dominus
964 3930 1107 3985 Deus
1158 3932 1426 4002 Sabaoth,
1494 3935 1649 4005 plena
1691 3948 1768 3991 est
1812 3938 1980 3990 omnis

405 4031 546 4081 terra
585 4021 757 4092 gloria
791 4023 925 4093 ejus.
966 4023 1033 4077 Et
1061 4024 1319 4081 elevatum
1349 4037 1426 4081 est
1451 4028 1612 4082 limen
1637 4045 1702 4082 ex
1734 4045 1853 4082 voce
1871 4030 1982 4083 cla-

401 4115 623 4179 mantis,
659 4124 710 4170 et
743 4116 933 4170 domus
969 4118 1188 4186 impleta
1221 4127 1297 4172 est
1327 4120 1496 4188 fumo,
1529 4129 1580 4174 et
1607 4121 1722 4174 dixi
1749 4137 1766 4174 :
1801 4120 1849 4175 0
1885 4125 1984 4174 nti-

402 4221 488 4265 ser
522 4221 636 4276 ego,
674 4208 924 4277 quoniam
959 4218 1302 4276 compunctus
1355 4226 1513 4264 sum:
1557 4212 1683 4281 quia
1731 4227 1851 4264 cum
1881 4212 1982 4264 sim

403 4300 580 4362 homo,
612 4307 662 4350 et
693 4297 971 4352 immunda
1009 4299 1155 4352 labia
1182 4301 1428 4368 habeam,
1456 4311 1505 4355 et
1541 4302 1596 4355 in
1628 4303 1799 4356 medio
1845 4319 1979 4373 quo-

2077 1831 2132 1877 et
2164 1823 2404 1877 locutum
2437 1837 2557 1878 esse
2589 1823 2659 1886 ei,
2695 1839 2820 1879 cum
2860 1823 3102 1878 misisset
3129 1838 3254 1877 eum
3281 1825 3351 1878 ad
3399 1824 3676 1892 populum

2077 1928 2241 1982 supra
2263 1913 2405 1968 dicta
2433 1914 2655 1969 dicere?
2679 1915 2953 1984 Scriptum
2979 1924 3064 1970 est
3082 1916 3228 1970 enim
3250 1915 3330 1969 sic
3355 1915 3410 1968 in
3436 1913 3640 1968 Actibu
3655 1929 3683 1964 νς

2078 2005 2488 2073 apostolorum:
2542 2004 2913 2060 Convenientes
2973 2015 3149 2058 autem
3198 2005 3268 2058 ad
3329 2007 3668 2058 alterutrum

2077 2095 2257 2152 Judaei
2304 2097 2727 2163 dimittebantur,
2755 2098 2959 2150 dicente
2992 2097 3166 2150 Paulo
3205 2095 3416 2149 verbum
3441 2111 3611 2148 unum
3646 2112 3667 2148 :

2080 2188 2222 2252 Quia
2259 2191 2382 2242 bene
2411 2187 2642 2258 Spiritus
2675 2199 2886 2242 sanctus
2915 2188 3124 2242 locutus
3147 2197 3224 2241 est
3253 2187 3322 2240 ad
3355 2199 3541 2254 patres
3577 2203 3677 2238 ve-

2078 2291 2216 2336 stros
2239 2297 2332 2351 per
2355 2287 2662 2352 prophetam
2685 2280 2908 2345 Isaiam,
2935 2282 3116 2335 dicens
3141 2296 3158 2333 :
3188 2278 3220 2334 Ι
3226 2290 3278 2333 to
3309 2280 3379 2333 ad
3408 2279 3675 2348 populum

2079 2373 2262 2438 istum,
2294 2382 2343 2426 et
2371 2373 2455 2425 dic
2485 2371 2577 2426 ei:
2619 2375 2761 2427 Aure
2794 2374 3046 2436 audietis,
3084 2383 3134 2426 et
3167 2388 3272 2425 non
3310 2372 3623 2440 intelligetis
3649 2414 3668 2436 ,

2077 2473 2126 2517 et
2154 2464 2384 2518 videntes
2431 2463 2693 2526 videbitis,
2723 2473 2774 2517 et
2809 2481 2914 2517 non
2955 2464 3241 2532 aspicietis.
3281 2461 3673 2516 Incrassatum

2077 2564 2154 2608 est
2183 2554 2322 2606 enim
2356 2569 2446 2606 cor
2485 2553 2664 2622 populi
2692 2553 2872 2621 hujus,
2917 2563 2966 2608 et
3011 2556 3230 2607 auribus
3266 2554 3379 2606 suis
3428 2554 3676 2622 graviter

2078 2645 2382 2711 audierunt,
2407 2655 2456 2698 et
2483 2646 2663 2698 oculos
2693 2662 2814 2699 suos
2843 2646 3174 2710 clauserunt,
3199 2663 3262 2699 ne
3279 2646 3422 2714 forte
3449 2646 3674 2701 videant

2080 2738 2268 2805 oculis,
2321 2747 2370 2792 et
2414 2738 2633 2792 auribus
2681 2740 2927 2802 audiunt,
2967 2747 3016 2793 et
3056 2739 3213 2793 corde
3253 2739 3590 2808 intelligant,
3618 2747 3676 2791 et

2079 2838 2474 2894 convertantur,
2495 2838 2547 2882 et
2572 2845 2751 2882 sanem
2777 2829 2897 2884 illos
2926 2829 2989 2881 ”.
3011 2827 3150 2884 Ecce
3181 2829 3420 2884 Ioannes
3443 2822 3675 2898 quidem

2079 2918 2303 2986 Filium,
2327 2920 2532 2976 Paulus
2570 2935 2700 2975 vero
2742 2921 3004 2989 Spiritum
3044 2928 3295 2975 sanctum
3329 2934 3453 2974 esse
3491 2918 3630 2972 dicit
3655 2954 3678 2982 ,

2008 3046 2054 3108 ο
2083 3014 2177 3082 qui
2201 3013 2272 3068 sit
2302 3013 2453 3069 visus
2481 3010 2654 3079 Isaiae,
2686 3013 2880 3068 sedens
2912 3028 3076 3082 super
3103 3014 3362 3066 thronum
3381 3011 3577 3076 altum,
3612 3019 3675 3066 et

2084 3107 2376 3172 elevatum,
2415 3107 2510 3177 qui
2539 3107 2824 3173 adoratur,
2859 3116 2914 3162 et
2937 3107 3214 3172 laudatur,
3244 3115 3297 3159 et
3323 3104 3677 3176 gloriﬁcatur

2085 3213 2116 3252 a
2175 3198 2476 3268 seraphim.
2525 3197 2786 3254 Ecclesia:
2836 3209 3017 3254 autem
3081 3197 3286 3252 Christi
3344 3211 3541 3251 omnes
3595 3195 3675 3250 ab

2084 3289 2293 3344 oriente
2324 3305 2500 3359 usque
2522 3291 2589 3344 ad
2621 3291 2964 3346 occidentem
3015 3289 3404 3344 convenienter
3439 3287 3674 3342 Patrem

2083 3395 2114 3435 a
2135 3379 2409 3449 seraphim
2444 3380 2656 3434 laudari
2685 3381 3009 3449 proﬁtentur
3038 3379 3094 3433 in
3118 3378 3554 3433 ministeriorum
3579 3395 3680 3433 τεο

2082 3479 2308 3533 latione.
2337 3476 2531 3532 Dicant
2571 3477 2755 3545 itaque
2779 3473 2958 3537 nobis,
2987 3471 3082 3542 qui
3108 3470 3520 3525 venerationem
3545 3468 3683 3539 Spi-

2083 3569 2212 3624 ritui
2237 3577 2427 3624 sancto
2460 3567 2752 3637 abnegant,
2783 3564 3038 3635 quisnam
3074 3578 3142 3616 ex
3171 3562 3259 3616 his
3288 3577 3479 3615 verum
3507 3561 3676 3628 dicit,

2083 3671 2177 3717 aut
2209 3661 2335 3732 quis
2378 3659 2554 3715 fallit?
2587 3659 2858 3714 Utrumne
2895 3654 3156 3714 Joannes,
3199 3669 3268 3707 an
3318 3653 3566 3709 Paulus?
3592 3668 3674 3708 an

2083 3767 2212 3808 vero
2260 3765 2452 3806 omnes
2506 3747 2767 3803 Ecclesiae
2823 3746 3073 3800 Christi?
3131 3743 3396 3814 quoniam
3441 3743 3675 3813 quidem

2082 3858 2274 3899 omnes
2302 3840 2561 3897 Ecclesiae
2589 3837 2808 3892 Patrem
2848 3837 3174 3907 proﬁtentur
3211 3850 3356 3900 esse,
3403 3836 3500 3906 qui
3533 3835 3678 3890 ado-

2081 3947 2237 3989 ratur
2269 3949 2299 3987 a
2335 3932 2636 4001 seraphim,
2673 3929 2914 3984 Joannes
2961 3937 3144 3982 autem
3186 3927 3411 3992 Filium,
3462 3927 3677 3984 Paulus

2082 4041 2214 4081 vero
2247 4025 2512 4096 Spiritum
2559 4031 2832 4078 sanctum.
2869 4021 2928 4074 Si
2963 4035 3094 4074 vero
3134 4035 3296 4074 nemo
3325 4035 3520 4074 eorum
3556 4019 3673 4074 fal-

2082 4120 2165 4186 lit,
2191 4118 2286 4174 sed
2311 4133 2502 4172 omnes
2519 4116 2803 4172 veritatem
2826 4115 3036 4176 dicunt,
3062 4111 3350 4167 manifeste
3370 4111 3673 4180 probatum

2081 4219 2186 4276 est,
2213 4209 2361 4279 quod
2391 4218 2444 4263 et
2479 4208 2652 4263 solius
2683 4222 2882 4262 nomen
2920 4205 3100 4259 Patris
3130 4205 3367 4259 dicatur.
3415 4201 3674 4258 Habebat

2084 4315 2262 4359 tamen
2287 4303 2526 4368 Patrem,
2563 4311 2617 4356 et
2640 4301 2860 4365 Filium,
2897 4308 2952 4354 et
2987 4298 3251 4368 Spiritum
3289 4307 3542 4352 sanctum
3579 4310 3672 4350 se-

402 4405 499 4458 que
523 4389 705 4458 populi
731 4391 1008 4444 immunda
1037 4392 1182 4447 labia
1213 4394 1452 4448 habentis
1479 4411 1572 4464 ego
1596 4395 1843 4458 habitem,
1873 4396 1976 4450 Re—
2009 4399 2053 4454 D
2081 4397 2322 4452 cundum
2359 4396 2765 4464 pronuntiatum
2790 4412 2804 4459 ;
2840 4393 2926 4447 vel
2965 4391 3011 4447 si
3049 4390 3290 4461 Spiritus
3331 4387 3534 4441 habeat
3558 4386 3671 4439 Pa-

402 4497 517 4550 gem
545 4471 829 4536 Dominum
860 4481 1095 4538 Sabaoth
1121 4501 1214 4555 ego
1244 4487 1350 4539 vidi
1384 4487 1550 4540 oculis
1574 4488 1725 4555 meis.
1763 4486 1829 4540 Et
1847 4489 1978 4542 mis-

402 4589 491 4636 sus
513 4581 593 4628 est
626 4573 695 4626 ad
731 4591 810 4628 me
838 4591 974 4629 unus
1006 4577 1070 4630 de
1105 4553 1390 4645 seraphim,
1421 4588 1470 4633 et
1497 4580 1552 4632 in
1577 4553 1737 4634 manu
1758 4579 1979 4634 habebat

404 4663 680 4729 carbonem
702 4705 717 4730 ,
765 4682 917 4726 quem
953 4667 1149 4738 forcipe
1192 4668 1385 4723 tulerat
1414 4668 1479 4724 de
1517 4669 1702 4736 altari,
1729 4679 1778 4724 et
1806 4672 1976 4742 tetigit

403 4772 462 4809 os
485 4771 657 4809 meum
681 4765 730 4811 et
759 4757 897 4810 dixit
928 4759 1055 4812 mihi
1083 4774 1101 4811 :
1135 4758 1270 4814 Ecce
1305 4762 1477 4831 tetigit
1505 4762 1649 4815 istud
1687 4763 1832 4816 labia
1861 4773 1974 4829 tua,

403 4857 455 4904 et
473 4849 548 4902 ait
574 4863 592 4901 :
616 4847 750 4903 Ecce
771 4850 947 4920 aufert
975 4851 1280 4921 iniquitates
1303 4861 1444 4916 tuas,
1465 4863 1513 4906 et
1529 4864 1801 4923 peccatum
1828 4864 1976 4908 tuum

405 4941 705 5000 mundabit.
751 4942 823 4997 Et
879 4960 971 5014 ego
1018 4945 1199 4998 audivi
1245 4962 1418 5001 vocem
1451 4945 1665 5000 Domini
1713 4949 1975 5002 dicentis:

405 5028 573 5103 Quem
588 5034 797 5087 mittam
814 5043 864 5088 et
885 5035 1002 5104 quis
1029 5035 1123 5088 ibit
1155 5035 1223 5087 ad
1240 5035 1489 5105 populum
1511 5037 1672 5090 istum
1693 5040 1716 5092 ἶ)
1739 5037 1806 5090 Ει
1828 5036 1975 5093 dixi:

405 5121 542 5184 Ecce
563 5141 678 5196 ego,
716 5126 864 5181 mitte
888 5143 989 5182 me.
1015 5125 1085 5180 Et
1104 5127 1240 5181 dixit
1263 5128 1392 5183 mihi
1417 5145 1435 5181 :
1477 5127 1618 5183 Vade
1635 5129 1704 5182 ad
1727 5130 1976 5200 populum

481 5325 522 5358 ιε
539 5324 732 5396 Ephes.
752 5342 836 5395 ιιι,
862 5326 1058 5389 20,21.
1139 5327 1181 5358 ³³
1200 5325 1429 5397 Philipp.
1455 5343 1515 5391 ιι,
1536 5327 1624 5395 10,
1649 5327 1733 5381 Η.

404 5413 596 5460 xxvm,
621 5397 690 5451 25
735 5399 824 5451 27.
904 5398 950 5434 ²⁸ι
981 5397 1170 5451 Matth.
1201 5414 1390 5465 xxvtu,
1431 5399 1516 5456 19.

477 5579 590 5649 (27)
631 5577 753 5633 Haec
795 5579 920 5632 item
953 5577 1250 5633 atteruntur
1278 5593 1462 5649 supra,
1497 5577 1634 5634 libro
1663 5576 1736 5631 De
1759 5575 1963 5631 incarn.

407 5664 590 5712 contra
620 5651 870 5715 Arianos,
902 5665 1052 5705 num.
1095 5649 1183 5710 10.

1812 5328 1856 5360 ¹⁰
1879 5327 2035 5384 Deut.
2062 5344 2136 5394 vr,
2158 5328 2243 5382 l3.
2322 5330 2363 5360 ²²
2392 5325 2495 5382 lsa.
2529 5343 2602 5392 Vl,
2623 5327 2780 5392 i,il.

2085 4496 2224 4542 trem
2256 4497 2310 4542 et
2335 4485 2532 4540 Filium
2557 4486 2604 4541 si
2625 4494 2955 4540 venerentur
2977 4483 3072 4553 qui
3105 4482 3187 4538 sic
3219 4481 3474 4545 adorant,
3499 4494 3671 4534 veue-

2081 4579 2352 4634 rationem
2386 4578 2696 4634 caelestium
2722 4575 3084 4630 animantium
3117 4572 3420 4636 imitentur,
3450 4580 3507 4624 et
3556 4585 3669 4624 non

2081 4687 2211 4727 suas
2235 4671 2596 4742 cogitationes
2630 4678 2953 4739 sequantur.
2998 4665 3256 4736 Alioquin
3284 4663 3416 4734 quid
3458 4661 3670 4716 facient

2081 4763 2364 4818 audientes
2429 4762 2766 4817 Salvatorem
2828 4761 3096 4816 dicentem
3180 4757 3248 4812 ad
3313 4753 3666 4823 discipulos:

2084 4855 2282 4910 Euntes
2321 4855 2498 4910 docete
2532 4871 2708 4908 omnes
2744 4863 2943 4924 gentes,
2983 4852 3317 4920 baptizantes
3349 4863 3436 4901 eos
3473 4847 3530 4898 in
3571 4859 3670 4899 tto-

2083 4949 2221 5001 mine
2268 4947 2474 5014 Patris,
2521 4957 2570 5000 et
2615 4945 2771 5009 Filii,
2821 4955 2870 4999 et
2918 4943 3153 5014 Spiritus
3203 4941 3375 4995 sancti
3417 4939 3504 4990 "?
3537 4952 3665 4991 cum

2085 5039 2364 5109 Scriptura
2381 5055 2488 5094 non
2504 5039 2848 5104 Trinitatem,
2873 5039 2966 5092 sed
2988 5037 3243 5090 unionem
3271 5031 3542 5101 baptisma
3577 5046 3668 5084 no—

2082 5132 2390 5187 minaverit.
2429 5131 2702 5202 Scriptum
2731 5139 2816 5188 est
2838 5132 2986 5186 enim
3013 5129 3093 5184 sic
3126 5129 3183 5182 in
3199 5126 3424 5181 Actibus
3442 5132 3665 5194 aposto-

2854 5324 3063 5382 “Joan.
3084 5339 3180 5386 xu,
3203 5321 3386 5377 '59—“.
3468 5316 3518 5351 ⁸³
3541 5317 3667 5378 Ax.

2149 5570 2260 5638 (28)
2294 5569 2359 5625 G.
2395 5568 2485 5633 R.,
2516 5579 2772 5631 asserunt.

2159 5641 2272 5714 ‘29)
2311 5641 2400 5699 Sic
2423 5639 2579 5699 codd.
