3794 6226
212 244 374 302 ηοξ)

1234 246 1322 300 DE
1364 245 1744 301 TRINITATE
1782 247 1870 304 ET
1912 244 2178 303 SPIRITU
2225 243 2512 302 SANCTO.

3353 243 3490 298 i2l0

212 374 433 434 lorum,
465 368 535 424 de
566 367 652 422 his
683 366 776 436 qui
799 367 855 420 in
887 363 1135 423 Samaria
1165 368 1534 436 crediderunt,
1558 381 1611 425 et
1640 371 1788 440 bapti

1918 389 2136 444 nomine
2167 389 2314 443 enim
2350 387 2564 442 Domini
2602 386 2728 442 Jesu
2771 384 2975 441 Christi
3004 395 3057 440 et
3099 383 3330 454 Spiritus
3357 402 3488 442 san-

215 463 335 517 zati
380 471 510 518 sunt
541 475 572 518 a
600 459 874 529 Philippo,
905 469 1112 512 tantum
1137 461 1395 527 baptisati
1423 472 1574 516 erant
1620 463 1676 516 in
1715 479 1809 516 no-

215 554 372 606 mine
402 551 615 604 Domini
645 548 774 603 Jesu
798 548 998 604 Christi
1022 549 1088 601 ⁸⁸.

298 644 391 697 17.
430 642 508 698 De
556 643 642 698 his
696 657 828 696 vero
875 641 972 710 qui
1020 641 1224 712 Ephesi
1276 657 1306 696 a
1341 640 1512 697 Paulo
1551 642 1808 711 baptizati

219 745 395 790 sunt:
427 734 479 788 Ii
507 751 625 788 cum
645 734 938 797 audissent,
969 734 1220 802 baptizati
1248 744 1370 786 sunt
1399 734 1452 786 in
1473 736 1680 788 nomine
1705 733 1809 786 Do-

223 829 363 880 mini
399 825 531 881 Jesu
556 825 756 884 Christi
774 827 842 880 ⁸³.
861 825 1056 880 Petrus
1079 825 1224 878 enim
1246 823 1464 878 Judaeos
1489 825 1804 894 alloquens:

226 914 628 979 Paenitentiam,
681 915 890 984 inquit,
925 915 1086 984 agite,
1124 922 1173 966 et
1203 915 1498 982 baptizetur
1527 915 1810 984 unusquis—

223 1024 329 1076 que
360 1017 590 1062 vestrum
622 1007 680 1060 in
710 1009 918 1062 nomine
947 1006 1079 1062 lesu
1119 1005 1318 1060 Christi
1355 1008 1411 1059 in
1450 1007 1809 1060 remissionem

224 1107 568 1164 peccatorum
597 1106 908 1152 vestrorum.
952 1095 1005 1155 Ii
1040 1113 1159 1150 cum
1185 1098 1459 1152 audissent
1495 1107 1545 1155 et
1573 1113 1811 1167 compro-

226 1187 444 1242 bdssent
473 1204 738 1243 sermones
768 1190 908 1258 ejus,
941 1189 1203 1259 baptizati
1231 1200 1373 1258 sunt,
1402 1199 1451 1244 et
1469 1191 1666 1246 additae
1685 1203 1808 1246 sunt

231 1281 292 1333 in
315 1279 402 1332 die
431 1279 528 1334 illo
560 1281 754 1334 anima:
791 1281 945 1350 quasi
977 1282 1080 1334 tria
1101 1281 1275 1334 millia
1301 1282 1368 1335 ’⁷.
1391 1281 1647 1352 Nunquid
1669 1297 1810 1350 prae-

227 1373 575 1428 varieatores
603 1373 848 1426 mandati
876 1371 1177 1429 Salvatoris
1201 1373 1378 1428 ell‘ecti
1409 1373 1578 1428 sunt?
1603 1383 1659 1428 et
1685 1389 1811 1428 con-

225 1474 314 1518 tra
366 1465 716 1521 traditionem
770 1466 1072 1521 Salvatoris
1132 1466 1553 1538 baptizaverunt
1600 1475 1808 1524 tantam

225 1558 686 1612 multitudinem?
715 1557 833 1612 Non
867 1559 1014 1613 enim
1039 1559 1302 1627 scriptum
1332 1569 1416 1624 est
1443 1578 1456 1614 :
1487 1560 1615 1630 quia
1643 1560 1811 1629 bapti-

229 1659 497 1705 zaverunt
513 1650 567 1703 in
595 1650 819 1705 nomine
839 1649 1015 1706 Patris
1041 1659 1095 1705 et
1115 1649 1263 1714 Filii,
1281 1660 1334 1705 et
1355 1649 1592 1719 Spiritus
1608 1649 1806 1714 sancti,

226 1743 326 1797 sed
357 1751 591 1808 tantum,
618 1742 674 1796 in
699 1744 908 1798 nomine
937 1743 1154 1796 Domini
1171 1743 1300 1798 Jesu
1317 1743 1538 1800 Christi.
1565 1743 1669 1799 Sed
1694 1759 1805 1798 non

225 1843 362 1889 sunt
383 1836 718 1904 pravaricati
747 1854 760 1890 :
785 1834 964 1890 absit!
996 1833 1132 1889 Nam
1158 1835 1286 1891 licet
1309 1836 1431 1892 Filii
1456 1852 1653 1892 nomen
1681 1846 1805 1892 tan-

225 1925 518 1980 tummodo
538 1926 772 1990 dicatur,
814 1925 974 1980 habet
998 1937 1178 1981 tamen
1212 1925 1429 1982 Patrem
1455 1934 1511 1982 et
1541 1925 1803 1997 Spiritum

227 2015 818 2086 secundum.[secum,
871 2015 1035 2088 mss.]
1093 2018 1525 2086 pronuntiatum,
1568 2019 1711 2073 sicut
1748 2019 1803 2073 in

228 2106 536 2178 Scripturis
567 2110 773 2164 sanctis
811 2110 1192 2179 probabimus.
1240 2108 1428 2181 Itaque
1467 2119 1524 2165 et
1567 2111 1804 2181 Spiritus

223 2207 456 2252 sanctus
495 2197 764 2256 Dominus
801 2201 1042 2256 Sabaoth
1075 2202 1298 2268 dicitur,
1329 2211 1383 2257 et
1416 2211 1502 2258 est
1534 2218 1658 2258 cum
1689 2203 1804 2259 Deo

224 2300 282 2345 et
300 2307 427 2346 cum
452 2291 590 2347 Filio
611 2309 638 2347 a
666 2295 938 2364 seraphim
967 2283 1246 2351 adoratus.
1271 2296 1499 2367 Propter
1519 2296 1665 2366 quod
1689 2297 1803 2352 haec

226 2394 309 2437 ter
338 2384 568 2439 dicunt:
619 2385 868 2450 Sanctus,
909 2386 1161 2454 Sanctus,
1187 2388 1439 2452 Sanctus,
1469 2397 1530 2444 ut
1562 2388 1803 2444 Trinita-

225 2485 334 2528 tem
352 2477 790 2545 pronuntiarent.
817 2477 971 2534 Unde
999 2489 1054 2534 et
1074 2479 1276 2536 Paulus
1296 2479 1590 2536 Dominum
1616 2483 1800 2537 vocari

225 2567 491 2638 Spiritum
533 2586 641 2625 non
673 2581 854 2642 negat,
886 2573 1072 2629 dicens
1105 2574 1171 2628 ad
1213 2573 1529 2628 Corinthios
1559 2590 1572 2625 :
1611 2574 1798 2628 Domi-

221 2677 323 2715 nus
347 2678 466 2716 vero
495 2661 729 2732 Spiritus
758 2675 858 2729 est,
889 2675 938 2720 et
963 2665 1054 2719 ubi
1084 2665 1316 2734 Spiritus
1347 2666 1582 2728 Domini,
1619 2675 1695 2719 est
1723 2665 1798 2720 ibi

221 2754 442 2808 libertas
467 2756 532 2812 '°.
567 2755 633 2810 Et
658 2758 725 2812 ad
764 2757 1041 2813 Romanos
1075 2759 1151 2812 ait
1185 2775 1200 2814 :
1230 2757 1341 2812 Lex
1363 2768 1538 2812 autem
1564 2757 1796 2828 Spiritus

223 2848 347 2902 uitta
381 2847 624 2903 liberavit
656 2866 734 2903 me
763 2867 794 2902 a
825 2850 933 2921 lege
961 2851 1162 2920 peccati
1205 2861 1254 2904 et
1290 2853 1476 2905 mortis
1515 2852 1582 2905 ".
1643 2853 1795 2918 Quo-

222 2938 388 2992 modo
415 2954 544 3008 ergo
571 2939 690 2992 ausi
724 2940 858 2994 estis
883 2938 1146 3010 Spiritum
1190 2949 1440 2995 sanctum
1468 2956 1684 2995 servum
1719 2941 1797 2996 dio

1911 481 2006 546 cti,
2053 497 2205 550 quem
2249 480 2420 534 mittet
2448 479 2588 534 vobis
2620 477 2786 532 Pater
2813 479 2866 532 in
2891 479 3098 532 nomine
3119 495 3254 542 meo,
3287 479 3375 532 ille
3399 496 3486 534 vcs

1911 573 2113 626 docebit
2140 572 2206 628 “.
2235 571 2439 627 Tamen
2471 587 2668 626 nomen
2690 571 2889 634 Patris,
2913 581 2966 626 et
2991 570 3136 639 Filii,
3167 580 3222 626 et
3255 572 3489 641 Spiritus

1912 667 2111 730 sancti,
2141 674 2196 720 et
2225 667 2279 737 in
2310 665 2531 736 prOpria
2567 665 2679 718 vita
2703 673 2758 720 et
2787 665 3093 720 substantia
3128 679 3486 734 permanens,

1910 773 2035 813 cum
2070 759 2186 828 ipse
2232 759 2305 812 sit
2333 758 2464 811 vita.
2503 756 2720 826 Alioqui
2750 756 2879 825 quid
2928 757 3064 811 estis
3106 756 3340 821 facturi,
3390 771 3489 809 an-

1914 850 2128 905 dientes
2167 850 2222 903 in
2249 851 2478 906 Cantico
2514 849 2858 904 canticorum
2903 848 3254 903 Salomonem
3295 847 3486 901 dicen-

1911 950 2018 996 tem
2053 959 2066 995 :
2105 940 2438 1011 Unguentum
2473 941 2699 1009 e/fusum
2747 957 2931 993 nomen
2984 949 3166 1005 tuum,
3213 947 3487 1008 propterea

1911 1033 2315 1088 adolescentqu
2343 1033 2641 1086 dilexerunt
2669 1041 2716 1085 te
2733 1031 2816 1084 "l?
2837 1030 3007 1086 Isaias
3028 1044 3155 1084 vere
3181 1047 3195 1084 :
3229 1029 3297 1081 Et
3327 1029 3488 1098 faciet

1909 1123 2172 1179 Dominus
2199 1123 2436 1180 Sabaoth
2468 1125 2728 1194 gentibus,
2768 1124 2824 1177 in
2862 1124 2964 1177 isto
3010 1131 3182 1176 monte
3214 1122 3385 1175 bibent
3431 1122 3488 1173 in

1914 1216 2126 1282 ltetitia,
2148 1226 2198 1270 et
2225 1217 2398 1270 bibent
2445 1217 2642 1282 vinum,
2688 1224 2950 1285 unguento
2973 1224 3251 1284 ungentur,
3275 1213 3486 1266 tradent

1909 1309 2022 1364 ham
2051 1310 2230 1362 omnia
2278 1309 2517 1378 gentibus
2553 1308 2618 1363 ³⁸.
2663 1305 2856 1361 Nonne
2893 1305 3156 1376 Spiritum
3191 1315 3440 1361 sanctum
3466 1345 3482 1367 ,

1909 1419 2022 1472 quo
2063 1403 2212 1456 uncti
2260 1417 2494 1464 sumus,
2540 1408 2877 1470 unguentum
2923 1398 3137 1453 vocavit
3179 1398 3488 1466 propheta?

1909 1494 2081 1559 Quem
2111 1503 2165 1546 et
2195 1491 2363 1546 David
2399 1491 2576 1545 oleum
2601 1489 2982 1544 exsultationis
3026 1490 3081 1542 in
3129 1503 3252 1542 xuv
3274 1490 3488 1556 psalmo

1909 1587 2059 1650 dicit,
2082 1586 2136 1638 in
2161 1583 2578 1638 conversatione
2603 1583 2839 1635 humana
2870 1580 3170 1635 Salvatoris
3198 1600 3210 1634 :
3241 1580 3488 1650 Propter-

1910 1692 1973 1729 ea
2035 1675 2190 1728 unzrit
2220 1682 2268 1727 te
2299 1672 2462 1736 Deus,
2499 1672 2635 1725 Deus
2671 1681 2812 1737 tuus,
2839 1671 2950 1724 oleo
2984 1671 3353 1726 exsultationis
3377 1686 3488 1736 pra:

1910 1763 2241 1818 consortibus
2277 1763 2382 1816 tuis
2414 1762 2478 1814 ³⁷.
2513 1760 2670 1827 Quod
2722 1771 2776 1815 et
2811 1775 3098 1815 assumens
3136 1758 3330 1814 Petrus
3359 1761 3433 1815 ait
3469 1780 3480 1814 :

1906 1855 2090 1910 Iesum
2139 1855 2428 1918 Christum,
2463 1855 2554 1923 qui
2584 1861 2662 1906 est
2704 1869 2739 1906 α
2794 1851 3087 1916 Nazareth,
3134 1853 3286 1906 unxit
3342 1852 3484 1907 Deus

1909 1963 2030 2001 eum
2064 1948 2117 2000 in
2157 1945 2362 2016 Spiritu
2394 1953 2577 1998 sancto
2605 1951 2654 1997 et
2689 1944 2879 1998 virtute
2921 1943 2987 1997 ³⁸.
3026 1941 3259 2012 Spiritus
3301 1945 3486 2012 itaque

1913 2046 2139 2094 sanctus
2168 2053 2293 2092 cum
2329 2047 2384 2092 et
2413 2037 2617 2101 oleum,
2657 2043 2710 2089 et
2742 2044 3079 2104 unguentum
3126 2036 3352 2099 dicitur,
3385 2051 3484 2088 nu-

1907 2144 2028 2182 men
2055 2138 2138 2182 est
2179 2129 2272 2182 Dei
2300 2135 2354 2182 et
2394 2126 2537 2191 Filii,
2570 2127 2624 2179 in
2657 2126 2875 2194 propria
2912 2125 3022 2179 vita
3068 2135 3124 2179 et
3168 2125 3478 2180 substantia

1902 2231 2228 2286 permanens
2253 2233 2267 2270 :
2291 2231 2414 2270 cum
2445 2216 2517 2270 sit
2537 2215 2672 2284 ipse,
2703 2223 2762 2268 ut
2789 2229 2954 2283 supra
2987 2214 3244 2280 diximus,
3286 2231 3482 2269 secun—

1902 2312 2030 2366 dum
2071 2311 2424 2379 prophetam,
2464 2316 2785 2378 unguentum
2823 2308 3053 2375 effusum
3091 2323 3276 2360 nomen
3308 2317 3476 2360 tuum.

1903 2401 2248 2457 Manifestum
2279 2410 2363 2456 est
2406 2410 2608 2466 autem,
2645 2400 2773 2470 quia
2815 2397 3080 2467 Spiritum
3121 2408 3370 2453 sanctum
3399 2399 3481 2452 ef-

1903 2493 2042 2548 fudit
2084 2491 2344 2547 Dominus
2385 2490 2727 2545 abundanter
2761 2504 2926 2556 super
2964 2503 3081 2552 eos,
3114 2471 3206 2557 qui
3249 2503 3317 2542 ex-
3349 2503 3479 2556 gen-

1902 2586 2049 2640 tibus
2079 2583 2450 2647 crediderunt,
2485 2581 2625 2636 sicut
2647 2579 2849 2635 Paulus
2877 2579 3070 2635 scribit
3101 2596 3116 2632 :
3159 2577 3226 2631 Et
3250 2595 3367 2631 cum
3390 2595 3481 2632 un-

1902 2677 2128 2731 ctionem
2177 2684 2225 2728 et
2272 2673 2605 2743 signaculum
2643 2673 2972 2734 habeamus;
3009 2681 3064 2725 et
3100 2687 3292 2726 rursus
3334 2672 3478 2726 idem

1898 2767 2101 2823 Paulus
2137 2766 2190 2821 in
2235 2766 2477 2821 secunda
2526 2764 2770 2833 Epistula
2794 2763 2860 2817 ad
2895 2762 3212 2818 Corinthios
3238 2763 3428 2818 scribit
3461 2783 3474 2816 :

1901 2857 2006 2924 Qui
2035 2865 2210 2910 autem
2247 2856 2428 2925 ﬁrmat
2465 2869 2560 2906 nos
2587 2853 2852 2906 vobiscum
2893 2867 2949 2904 in
2977 2848 3210 2913 Christo,
3245 2861 3294 2906 et
3327 2853 3478 2906 unxit

1898 2967 1991 3004 nos
2019 2949 2182 3011 Deus,
2219 2946 2310 3017 qui
2337 2955 2386 3000 et
2415 2945 2644 3016 signavit
2685 2961 2812 3007 nos,
2855 2947 2945 3010 qui
2991 2955 3041 2998 et
3087 2946 3230 2998 dedit
3260 2945 3478 2998 arrham

220 3045 368 3092 cere,
418 3030 513 3098 qui
567 3038 873 3083 creaturam
925 3031 1218 3085 liberavit?
1262 3030 1320 3085 Si
1351 3032 1530 3098 enim,
1583 3031 1789 3101 inquit,

1918 3039 2162 3110 Spiritum
2185 3039 2241 3091 in
2265 3037 2508 3090 cordibus
2540 3036 2735 3088 nostris
2761 3033 2842 3100 ³⁹;
2872 3043 2926 3090 et
2949 3034 3146 3088 iterum
3189 3035 3256 3088 ad
3297 3033 3477 3102 Ephe-

221 3122 405 3176 omnia
444 3138 539 3192 per
566 3122 742 3192 ipsum
767 3122 912 3178 facta
938 3132 1085 3188 sunt,
1103 3124 1374 3178 ostendite
1401 3133 1643 3179 creatum
1670 3139 1794 3179 esse

223 3212 492 3285 Spiritum
525 3226 797 3270 sanctum.
828 3215 1030 3284 Utique
1055 3218 1220 3271 etiam
1247 3215 1323 3282 id,
1357 3215 1502 3286 quod
1540 3215 1593 3269 in
1623 3231 1791 3270 cxvnt

217 3307 432 3378 psalmo
480 3309 745 3377 scriptum
780 3317 884 3376 est,
910 3308 1050 3373 Quia
1104 3309 1281 3362 omnia
1327 3309 1556 3362 serviunt
1604 3308 1699 3362 tibi
1723 3308 1790 3373 ³⁸,

217 3415 436 3455 servum
464 3416 586 3456 esse
625 3402 864 3456 ostendit
889 3401 1147 3471 Spiritum
1169 3411 1440 3457 sanctum.
1471 3400 1578 3458 Sed
1614 3416 1794 3478 neque

217 3491 272 3546 id
309 3493 452 3562 quod
490 3493 689 3548 dicitur
722 3512 734 3546 :
767 3492 960 3548 Omnia
990 3509 1086 3563 per
1124 3492 1323 3547 Filium
1355 3493 1496 3548 facta
1529 3501 1679 3559 sunt,
1705 3509 1794 3563 a_s-

216 3585 397 3655 signat
433 3585 696 3654 Spiritum
741 3593 1026 3641 sanctum:
1052 3585 1168 3654 ipse
1190 3586 1335 3640 enim
1369 3593 1473 3648 est,
1503 3586 1596 3655 qui
1621 3586 1788 3649 dixit;

219 3690 395 3744 neque
441 3675 517 3740 id,
551 3675 695 3744 quod
753 3674 937 3728 omnia
977 3675 1222 3730 serviunt
1253 3675 1372 3741 tibi,
1419 3689 1636 3730 servum
1671 3690 1792 3730 esse

216 3763 455 3818 ostendit
480 3780 628 3818 eum.
654 3764 910 3833 Alioquin
941 3773 995 3818 et
1023 3763 1228 3818 Paulus
1265 3765 1542 3834 quomodo
1567 3765 1790 3820 audien-

213 3857 317 3910 dus
349 3865 452 3920 est,
478 3855 707 3911 dicens:
741 3855 866 3910 Non
895 3855 1035 3909 enim
1069 3856 1347 3925 accepistis
1392 3856 1638 3924 spiritum
1681 3871 1792 3908 ser-

212 3947 396 4000 vitutis
451 3947 647 4000 iterum
698 3947 753 3998 in
813 3946 1020 4011 timore,
1075 3943 1166 3998 sed
1213 3946 1490 4014 accepistis
1535 3943 1791 4014 Spiritum

217 4039 520 4107 adoptionis
546 4039 805 4106 ﬁliorum,
840 4039 896 4091 in
927 4054 1029 4106 quo
1069 4037 1387 4100 clamantus,
1443 4037 1614 4102 Abba,
1677 4036 1790 4090 Pa-

214 4142 290 4184 ter
321 4131 360 4162 ³⁹
385 4132 406 4183 ?
437 4129 625 4199 Itaque
660 4144 762 4183 nec
789 4144 982 4184 servus
1013 4143 1114 4184 nec
1148 4131 1355 4184 creatio
1385 4128 1622 4198 Spiritus
1660 4143 1790 4183 san-

211 4233 330 4278 ctus
353 4237 476 4277 esse
503 4221 830 4277 ostenditur.
858 4221 964 4276 Sed
1000 4236 1097 4276 vos
1133 4229 1184 4275 et
1215 4235 1457 4283 carnem,
1484 4227 1539 4274 et
1571 4235 1787 4274 servum

210 4331 331 4370 esse
360 4330 486 4370 eum
526 4313 838 4379 infamatis,
888 4313 982 4383 qui
1027 4328 1136 4367 non
1171 4312 1350 4369 solum
1395 4327 1504 4366 non
1537 4312 1608 4366 sit
1630 4312 1785 4377 liber,

1897 3133 2011 3187 sios
2040 3129 2117 3184 ait
2148 3149 2160 3184 :
2203 3128 2272 3181 In
2313 3144 2416 3197 quo
2461 3128 2726 3181 credentes
2751 3127 2946 3194 signati
2969 3127 3097 3180 estis
3125 3125 3330 3194 Spiritu
3361 3143 3480 3194 pro-

1895 3223 2161 3278 missionis
2182 3231 2386 3285 sancto,
2411 3220 2502 3289 qui
2523 3229 2598 3273 est
2621 3219 2783 3272 arrha
2813 3219 3142 3272 hwreditatis
3165 3231 3361 3272 nostra:
3390 3216 3474 3276 “'z

1893 3329 2090 3382 magna
2113 3328 2212 3367 nos
2243 3325 2435 3380 sapere
2462 3311 2637 3365 sancti
2667 3318 2974 3379 prteparant
3017 3310 3084 3363 de
3117 3308 3321 3378 Spiritu
3347 3325 3474 3364 san-

1893 3415 2000 3461 cto.
2053 3403 2190 3458 Nam
2243 3401 2412 3456 David
2454 3401 2634 3456 dicit:
2679 3400 2935 3454 Dominus
2978 3417 3106 3468 pars
3136 3401 3472 3456 ttwreditatis

1893 3513 2042 3560 meae,
2078 3506 2128 3550 et
2156 3495 2339 3548 calicis
2382 3494 2484 3546 mei
2518 3493 2582 3545 ¹⁶¹.
2627 3491 2694 3545 Et
2739 3491 2918 3547 Moses
2953 3491 3144 3546 scribit
3176 3511 3188 3545 :
3221 3489 3341 3544 Non
3369 3493 3471 3544 erit

1891 3590 2086 3658 portio,
2111 3602 2273 3656 neque
2292 3585 2576 3638 htereditas
2595 3581 2788 3637 Levitis
2814 3584 2869 3636 in
2892 3592 3054 3648 terra,
3081 3582 3335 3636 Dominus
3359 3583 3470 3650 ipse

1889 3681 2064 3750 portio
2101 3694 2280 3732 eorum
2309 3686 2384 3731 est
2423 3675 2489 3728 ¹⁶¹.
2521 3673 2587 3728 Ει
2634 3672 2901 3729 Jeremias
2927 3674 3156 3728 clamat:
3185 3674 3326 3738 Quia
3359 3674 3470 3742 [οῖς

1891 3771 2055 3824 mavit
2095 3769 2274 3822 omnia
2319 3769 2430 3836 ipse
2462 3766 2750 3822 hazreditas
2781 3765 2940 3834 hujus
2971 3764 3137 3818 Jarob
3157 3805 3175 3834 ,
3212 3765 3468 3819 Dominus

1890 3881 2080 3920 nomen
2105 3873 2180 3918 est
2211 3863 2259 3917 ei
2284 3861 2349 3916 ⁸³.

1964 3955 2048 4009 18.
2099 3954 2166 4008 Ει
2207 3969 2332 4008 cum
2396 3953 2688 4008 Dominum
2729 3950 3106 4005 haereditatcm
3152 3959 3469 4006 sanctorum

1893 4043 2156 4115 Spiritum
2179 4051 2426 4099 sanctum
2465 4057 2588 4097 esse
2632 4040 2815 4096 dixit:
2854 4039 2922 4093 In
2944 4056 3070 4109 quo,
3113 4040 3312 4108 inquit,
3354 4055 3468 4092 cre-

1889 4140 2068 4193 dentes
2096 4139 2296 4206 signati
2335 4136 2460 4190 estis
2490 4132 2696 4204 Spiritu
2729 4131 3096 4200 promissionis
3127 4139 3314 4184 sancto
3335 4169 3349 4193 ,
3377 4131 3470 4199 qui

1887 4240 1965 4286 est
1997 4233 2159 4284 arrha
2198 4227 2527 4283 hereditatis
2561 4233 2790 4291 nostraz,
2835 4223 3042 4278 docens
3077 4222 3383 4276 haereditari
3413 4232 3468 4277 et

1889 4338 2000 4378 non
2023 4322 2345 4376 lnereditare
2374 4318 2746 4390 professiones
2767 4327 3082 4372 sanctorum
3113 4317 3467 4372 considerau-

210 4409 301 4462 sed
333 4416 388 4461 et
426 4416 692 4462 creaturae
720 4405 1027 4460 libertatem
1073 4405 1326 4473 largitur,
1362 4405 1506 4459 sicut
1536 4404 1786 4474 superius
1817 4399 1994 4470 Dies,
2055 4413 2145 4468 Ait
2190 4413 2334 4467 enim
2386 4410 2557 4467 lsaias
2607 4410 2674 4464 ad
2729 4423 2828 4464 eos
2883 4407 2979 4478 qui
3041 4423 3152 4463 non
3205 4409 3468 4466 haberent

209 4497 584 4569 probavimus.
622 4495 689 4549 Et
722 4511 943 4550 rursum
979 4495 1178 4550 Paulus
1218 4496 1411 4550 scribit
1443 4515 1455 4551 :
1487 4495 1784 4553 Divisiones

209 4601 383 4645 autem
423 4591 683 4643 donorum
722 4600 878 4656 sunt,
911 4588 1051 4642 idem
1082 4605 1202 4644 vero
1247 4587 1505 4658 Spiritus,
1545 4588 1784 4642 dividens

208 4684 491 4752 unicuique
529 4683 669 4736 sicut
699 4680 809 4735 vult
841 4681 908 4736 ⁸².
939 4680 1007 4735 Et
1038 4680 1199 4737 lesus
1241 4682 1318 4737 ait
1352 4701 1365 4736 :
1415 4679 1654 4750 Spiritus
1693 4682 1784 4735 ubi

206 4777 312 4831 vult
350 4778 517 4842 spirat
566 4775 635 4833 ³³.
673 4775 780 4841 Qui
819 4781 1000 4828 autem
1054 4773 1186 4829 facit
1224 4774 1371 4844 quod
1414 4774 1527 4828 vult
1568 4790 1674 4828 non
1699 4782 1785 4828 est

207 4884 413 4933 servus,
447 4867 541 4922 sed
573 4866 712 4921 liber
741 4875 846 4921 est.
886 4864 954 4920 Et
986 4866 1203 4935 qualem
1233 4875 1462 4920 mortem
1492 4867 1781 4921 merebun-

207 4970 292 5014 tur
314 4959 410 5030 qui
439 4959 732 5013 Dominum
759 4958 1000 5013 caelestis
1030 4959 1237 5012 militia:
1261 4973 1478 5013 servum
1502 4973 1624 5013 esse
1652 4973 1780 5026 pro-

207 5052 473 5107 ﬁtentur?
523 5050 792 5106 Dominus
837 5052 987 5106 enim
1036 5052 1304 5106 virtutum
1345 5051 1736 5121 interpretatur
1764 5093 1779 5118 ,

209 5141 468 5197 Dominus
509 5140 868 5212 Sabaotb,,et
908 5158 1021 5198 non
1056 5143 1247 5213 utique
1277 5143 1582 5198 libertatem
1616 5143 1782 5213 largi-

205 5243 352 5289 retur
383 5245 671 5303 creaturae,
714 5235 820 5292 nisi
868 5244 1014 5291 esset
1047 5234 1342 5290 creationis
1373 5233 1639 5290 Dominus
1677 5253 1692 5290 :
1724 5235 1780 5288 in

278 5441 323 5474 ”
364 5440 747 5505 Act._vttt,16.
829 5441 1147 5508 "Actatx,
1175 5443 1228 5498 5.
1305 5444 1485 5499 "Act.
1514 5443 1780 5504 tt,’58-M.

207 5514 246 5546 ³¹
286 5511 441 5564 Rom.
474 5526 593 5577 vui,
625 5511 708 5566 15.
813 5512 858 5544 ³³
886 5510 904 5564 l
929 5512 1055 5565 Cor.
1083 5528 1180 5574 xu,
1205 5514 1260 5576 4,
1297 5515 1379 5569 ll.

206 5584 246 5615 ⁸·
291 5581 435 5636 Psal.
469 5597 624 5646 xuv,
655 5583 708 5636 9.
821 5581 866 5613 ³⁸
906 5583 1024 5637 Act.
1055 5600 1110 5649 κ,
1144 5583 1234 5651 57,
1268 5584 1355 5638 58.

206 5655 248 5687 ⁸³
276 5651 437 5707 Nam.
465 5667 618 5721 xvnt,
646 5651 735 5706 20.
815 5652 857 5684 ⁸³
886 5651 996 5710 Jer.
1029 5669 1082 5722 x,
1114 5655 1196 5710 16.

1863 5443 1908 5475 ³⁸
1940 5442 1983 5496 II
2009 5445 2135 5499 Cor.
2158 5461 2242 5512 tn,
2263 5446 2348 5499 l7.

1460 5512 1672 5567 “Joan.
1711 5530 1792 5577 ιιι,
1837 5514 1888 5568 8.

1471 5584 1514 5615 ³⁸
1556 5583 1596 5638 ll
1641 5585 1772 5641 Cor.
1841 5585 2117 5649 t,2l,,?‘2.

1278 5655 1322 5686 '”
1364 5656 1464 5711 lsa.
1508 5669 1616 5720 Liv,
1662 5640 1767 5724 l7,
1809 5640 1894 5723 u',
1927 5640 2015 5710 1.”

1895 4506 2158 4577 Spiritum
2201 4513 2482 4568 sanctum,
2535 4513 2591 4558 et
2641 4513 2929 4573 propterea
2975 4501 3289 4572 ignorantes
3343 4517 3467 4556 esse

1890 4597 2264 4652 haareditatem
2317 4594 2522 4650 sanctis
2565 4605 2689 4664 post
2728 4593 2894 4662 hujus
2930 4592 3114 4647 saeculi
3137 4592 3344 4648 exitum
3378 4593 3464 4646 in~

1889 4698 2109 4744 struens
2144 4687 2431 4757 patienter,
2479 4695 2532 4740 et
2585 4686 2774 4740 dicens
2809 4703 2822 4738 :
2865 4684 2961 4740 Est
2987 4685 3268 4739 ltwreditas
3291 4688 3465 4739 colen-

1890 4777 2028 4831 tibus
2051 4777 2238 4842 Deum,
2263 4789 2310 4830 et
2337 4793 2424 4831 vos
2453 4776 2603 4830 eritis
2623 4775 2783 4844 justi,
2809 4774 2936 4827 dicit
2961 4773 3216 4827 Dominus
3238 4787 3256 4825 :
3275 4773 3465 4838 Quisi-r

1887 4870 2026 4935 titis,
2045 4869 2118 4923 ite
2141 4869 2209 4922 ad
2233 4885 2426 4932 aquam
2445 4868 2512 4921 “.
2528 4865 2789 4937 Spiritum
2807 4873 3054 4921 sanctum
3085 4881 3281 4936 aquam
3300 4867 3463 4946 781

1885 4959 2201 5029 appellans,
2237 4961 2383 5014 sicut
2427 4957 2774 5028 postmodum
2818 4956 3250 5012 monstrabimus
3283 4973 3296 5009 :
3335 4974 3459 5014 cum

1885 5053 1960 5108 sit
2001 5054 2165 5108 arrha
2208 5061 2523 5108 sanctorum
2567 5052 2900 5109 hereditatis
2948 5071 2960 5107 :
3003 5053 3152 5108 hunc
3196 5051 3459 5120 Spiritum

1887 5157 2135 5199 sanctum
2163 5154 2234 5199 et!
2255 5143 2425 5199 David
2459 5144 2805 5215 signaculum
2839 5143 3171 5199 hereditatis
3203 5159 3327 5199 cunt
3359 5144 3456 5197 ha-

1888 5237 2116 5294 buisset.
2147 5237 2252 5294 Sed
2283 5238 2385 5293 hos
2413 5239 2633 5308 quidem
2679 5236 2772 5307 qui
2818 5252 2926 5292 non
2972 5236 3203 5292 credunt
3231 5235 3458 5290 heredi-

2429 5446 2472 5477 ²⁹
2498 5445 2654 5499 Rom.
2670 5462 2786 5510 vttt,
2806 5446 2858 5499 '2.
2939 5445 2981 5476 ³⁰
3001 5443 3139 5498 Psal.
3159 5460 3347 5504 cxvtu,
3365 5443 3424 5497 91
3439 5483 3460 5510 ι

1998 5516 2042 5546 ³⁸
2071 5515 2230 5571 Joan.
2269 5531 2381 5577 xw,
2412 5516 2500 5570 26.
2569 5518 2613 5548 ³⁸
2642 5517 2797 5570 Cant.
2825 5517 2938 5580 1,2.
3043 5516 3088 5547 ³⁸
3117 5515 3216 5569 lss.
3251 5531 3377 5577 xxv,
3397 5515 3452 5568 6.

2238 5587 2283 5619 ⁸ο
2330 5586 2468 5657 Eph.
2522 5605 2572 5653 ι,
2613 5587 2697 5643 15.
2749 5588 2833 5645 14.
2982 5588 3026 5620 ⁸¹
3070 5585 3216 5643 Psal.
3264 5602 3363 5653 xv,
3399 5584 3460 5648 5..
