3794 6226
223 597 227 602 .
315 559 482 611 agens
533 562 547 597 :

319 234 450 291 I2“

937 230 994 288 S.
1035 230 1411 286 ATHANASII
1441 229 1590 286 OPP.
1632 229 1813 286 PARS
1850 228 1890 284 I.
1927 261 1994 270 -
2027 229 2399 290 IIISTORICA
2433 232 2521 288 ΕΤ
2562 233 2979 292 DOGMATICA.

3422 244 3574 300 1212

316 365 482 412 tatem
515 369 640 410 esse
669 353 894 418 sanctis,
923 363 1047 424 post
1075 353 1236 422 hujus
1268 354 1389 407 vitm
1421 352 1627 408 exitum
1651 353 1884 408 miseros
1912 360 1958 416 Α
1987 355 2043 407 in
2087 357 2252 410 muris
2294 372 2495 426 quoque
2537 358 2768 412 civitatis
2813 359 3134 427 confidenter
3180 362 3257 414 ait
3296 380 3320 416 ι
3361 363 3572 430 Quanti

313 461 437 508 esSe
478 451 630 508 dicit.
684 450 760 505 De
818 465 878 505 se
928 463 1058 502 vero
1108 455 1163 502 et
1218 447 1490 503 similibus
1554 446 1888 501 conﬁdenter

606 541 763 595 Multi
811 541 1043 593 dicunt:
1083 539 1201 609 quis
1247 536 1474 592 ostendit
1514 537 1661 590 nobis
1710 537 1890 591 bona?

316 633 597 702 Signatum
625 641 701 685 est
728 647 882 700 super
910 647 1003 684 nos
1033 629 1208 682 lumen
1243 627 1416 683 vultus
1445 629 1543 694 tui,
1571 627 1791 682 Domine
1819 629 1885 682 “.

319 725 688 794 Signationem
731 737 852 778 esse
897 723 1085 777 dicens
1114 721 1480 792 signaculum,
1510 719 1657 790 quod
1701 720 1886 775 lumen

316 818 498 870 vultus
533 816 631 877 tui,
666 813 912 875 Domine,
955 828 1079 867 esse
1112 811 1183 867 sit
1211 809 1510 881 professus.
1543 808 1729 879 Itaque
1766 824 1886 864 crc-

317 912 446 964 dent
495 907 662 962 Paulo
719 907 941 968 dicenti,
997 903 1204 975 Spiritu
1259 903 1640 974 promissionis
1696 911 1888 957 sancto

315 1001 557 1068 signatos
586 1013 708 1052 esse
733 998 1050 1060 credentes;
1083 1001 1136 1050 et
1172 993 1301 1048 huic
1342 993 1508 1047 David
1539 992 1632 1061 qui
1668 993 1889 1047 haberet

312 1091 563 1148 eumdem
618 1091 870 1160 spiritum
903 1089 1046 1154 ﬁdei,
1078 1088 1329 1158 psallenli
1363 1107 1376 1142 :
1409 1087 1644 1150 Credidi,
1679 1095 1890 1156 propter

311 1184 450 1254 quod
477 1183 682 1235 locutus
711 1197 828 1234 sum
852 1180 917 1232 “.
949 1179 1138 1234 Sciant
1167 1179 1311 1249 quod
1352 1187 1409 1233 et
1452 1178 1637 1232 vultus
1676 1176 1886 1230 Domini

311 1291 435 1330 esse
465 1276 598 1330 dicit
625 1273 984 1343 signaculum,
1011 1271 1158 1341 quod
1183 1270 1410 1340 accepit,
1435 1270 1490 1324 id
1515 1278 1598 1325 est
1624 1269 1888 1339 Spiritum

311 1375 586 1430 sanctum,
638 1365 772 1417 adeo
819 1372 967 1417 utet
1013 1362 1211 1416 Filium
1265 1361 1360 1416 Dei
1409 1362 1591 1415 lumen
1639 1361 1734 1415 Dei
1768 1374 1890 1415 esse

312 1458 493 1512 sciens
539 1457 793 1526 psalleret
839 1453 950 1509 Deo
995 1453 1048 1508 in
1094 1468 1236 1506 xxxv
1275 1453 1508 1522 psalmo,
1543 1452 1732 1507 dicens
1768 1467 1780 1504 :
1822 1449 1890 1504 In

311 1552 510 1605 lumine
553 1561 642 1604 tuo
676 1550 966 1604 videbimus
1012 1549 1187 1602 lumen
1210 1547 1275 1613 ⁸⁷,
1307 1547 1362 1602 id
1402 1556 1504 1611 est,
1534 1548 1588 1600 in
1624 1547 1762 1602 Filio
1792 1556 1888 1602 tuo

308 1643 616 1698 videbimus
646 1641 908 1712 Spiritum
935 1649 1203 1695 sanctum.
1237 1638 1329 1694 Sic
1350 1647 1404 1694 et
1424 1639 1597 1694 Isaias
1623 1637 1884 1709 Spiritum

311 1734 408 1804 qui
457 1733 780 1800 sanctiﬁcat,
835 1747 945 1787 non
997 1732 1176 1788 solum
1227 1731 1452 1795 lumen,
1485 1746 1675 1785 verum
1717 1731 1880 1786 etiam

310 1827 491 1896 ignem
541 1827 644 1882 scit
684 1825 977 1896 appellare,
1013 1824 1200 1880 dicens
1229 1840 1244 1876 :
1272 1823 1342 1877 Et
1370 1823 1469 1877 erit
1511 1822 1689 1876 lumen
1727 1823 1885 1892 hujus

311 1919 508 1987 Israel,
541 1928 590 1974 et
617 1918 969 1988 sanctiﬁcabit
1002 1933 1120 1971 eum
1170 1917 1286 1986 igne
1327 1915 1534 1969 ardenti
1559 1915 1626 1969 ⁸⁸.
1659 1913 1727 1969 Ει
1760 1929 1887 1971 ecce

309 2013 368 2067 in
397 2011 623 2076 lumine,
654 2011 799 2078 quod
844 2017 928 2065 est
973 2008 1150 2079 ignis,
1205 2006 1513 2062 sanctitlcat
1559 2005 1702 2060 Deus
1739 2005 1886 2060 hunc

311 2101 499 2167 Israel,
529 2111 584 2155 et
627 2099 770 2154 Deus
815 2111 1002 2152 noster
1041 2095 1183 2168 ignis
1222 2109 1554 2151 consumens
1597 2102 1715 2155 εει,
1744 2093 1888 2148 sicut

310 2193 528 2264 Moyses
555 2193 630 2246 ait
659 2209 672 2246 :
709 2190 846 2244 Deus
877 2197 1052 2242 noster
1079 2187 1216 2258 ignis
1242 2200 1549 2240 consumens
1575 2192 1652 2238 est
1677 2183 1744 2237 ‘9.
1777 2181 1886 2236 Sed

219 2336 224 2340 .
307 2293 364 2339 et
391 2282 597 2336 Paulus
640 2279 772 2334 dicit
813 2295 826 2329 :
866 2277 933 2333 Ut
968 2278 1065 2346 fiat
1100 2276 1301 2330 oblatio
1331 2274 1560 2345 gentium
1587 2271 1888 2342 acceptabi-

308 2375 398 2440 lis,
432 2372 770 2441 sanctiﬁcata
811 2371 864 2422 in
919 2369 1124 2439 Spiritu
1157 2375 1341 2421 sancto
1373 2367 1442 2418 ⁵⁸³.
1473 2365 1540 2419 Ει
1584 2378 1693 2417 non
1727 2363 1888 2418 aliter

309 2474 531 2533 gentes,
579 2463 737 2517 aliter
781 2459 948 2515 Israel
999 2457 1411 2514 sanctiﬁcantur
1452 2471 1483 2509 a
1529 2453 1672 2518 Deo,
1719 2469 1882 2523 quam

309 2557 512 2626 Spiritu
560 2562 749 2610 sancto
784 2553 988 2606 lumine
1035 2559 1089 2605 et
1122 2551 1245 2620 igne
1267 2549 1581 2603 exsistente.
1619 2545 1757 2600 Dicit
1788 2561 1888 2599 au-

306 2657 418 2700 tem
481 2652 536 2698 et
585 2643 851 2712 sapientia
902 2639 1214 2693 Salomonis
1259 2638 1313 2691 in
1363 2635 1675 2689 Proverbiis
1715 2653 1728 2689 :
1763 2633 1885 2687 Lua:

310 2734 524 2788 Domini
556 2733 776 2798 spiratio
823 2740 899 2784 est
930 2731 1218 2795 hominum,
1252 2728 1343 2798 qui
1374 2735 1644 2780 scrutatur
1675 2727 1887 2779 interna

307 2829 504 2881 ventris
531 2826 598 2880 ⁸¹.
627 2823 693 2877 Ει
738 2821 1086 2876 manifestum
1126 2829 1230 2884 εει,
1271 2820 1398 2889 quia
1435 2818 1672 2888 Spiritus
1699 2817 1883 2872 omnia

309 2929 610 2983 scrutatur,
645 2916 1106 2988 quemadmodum
1143 2914 1335 2968 scribit
1366 2911 1569 2966 Paulus
1591 2952 1605 2975 ,
1638 2920 1692 2964 et
1734 2909 1882 2980 quod

310 3029 342 3066 a
374 3010 636 3080 principio
670 3008 908 3062 formato
950 3006 1145 3069 Adam,
1178 3005 1234 3058 in
1276 3003 1468 3058 faciem
1507 3002 1628 3072 ejus
1656 3002 1884 3070 spiravit
1910 3039 1951 3093 Ο

307 3101 452 3158 Deus
485 3101 749 3170 Spiritum
792 3108 1075 3162 sanctum,
1104 3097 1245 3152 sicut
1289 3095 1468 3150 Moses
1508 3095 1584 3149 ait
1617 3113 1630 3147 :
1674 3093 1744 3146 Et
1775 3095 1884 3163 spi-

309 3196 448 3249 ravit
479 3193 617 3248 Deus
646 3194 703 3246 in
743 3191 932 3260 faciem
957 3190 1088 3244 Adae
1113 3189 1509 3258 inspirationem
1543 3189 1683 3250 vitm,
1717 3197 1765 3241 et
1799 3186 1886 3255 fa-

308 3295 424 3340 ctus
453 3295 528 3339 est
557 3285 708 3337 homo
737 3283 792 3334 in
823 3282 1055 3334 animam
1079 3281 1331 3333 viventem
1361 3280 1425 3331 ".
1452 3277 1636 3347 Neque
1663 3277 1715 3332 id
1739 3277 1884 3346 quod

310 3378 574 3446 spirarum
603 3383 688 3430 est
711 3390 741 3428 a
768 3373 1021 3434 Domino,
1054 3371 1236 3438 anima
1261 3378 1365 3434 est,
1397 3369 1696 3424 secundum
1727 3367 1886 3422 fabu-

308 3469 512 3524 latores
549 3465 804 3531 Iudaeos;
837 3463 1080 3533 alioquin
1111 3461 1388 3532 quomodo
1417 3462 1542 3528 hoc,
1571 3461 1714 3531 quod
1760 3477 1790 3515 a
1823 3476 1884 3515 se

309 3563 576 3632 spiratum
619 3570 734 3624 est,
775 3559 915 3612 Deus
967 3555 1079 3626 igni
1124 3563 1330 3610 aeterno
1371 3555 1732 3610 condemnat?
1787 3557 1882 3612 sed

307 3653 592 3708 viviﬁcaris
622 3649 860 3719 Spiritus
881 3655 985 3712 est,
1012 3646 1082 3701 de
1108 3661 1216 3714 quo
1240 3655 1294 3700 et
1323 3644 1526 3700 Paulus
1557 3645 1634 3699 ait
1665 3662 1679 3698 :
1713 3645 1885 3715 Spiri-

313 3756 404 3800 tus’
425 3759 543 3799 vero
575 3741 885 3813 oioiﬁcaL".
918 3739 1015 3793 Et:
1039 3737 1270 3808 Spiraoit
1299 3736 1437 3790 Deus
1470 3737 1526 3789 in
1556 3737 1745 3801 faciem
1770 3738 1882 3805 ejus

311 3840 654 3908 spirationem
696 3839 838 3900 vita,
872 3832 1130 3902 et'Tactus
1169 3839 1248 3886 est
1277 3829 1430 3882 homo
1455 3830 1512 3882 in
1544 3830 1774 3881 animam
1804 3829 1884 3881 vi-

309 3941 531 3984 ventem.
566 3929 755 3998 Itaque
785 3925 1022 3996 Spiritus
1064 3934 1285 3978 sanctus
1312 3929 1395 3976 est
1418 3919 1644 3990 spiritus
1676 3919 1818 3981 vitae,
1853 3933 1884 3972 a

310 4039 421 4092 quo
472 4019 783 4074 excidentes
834 4015 1121 4082 nonnulli,
1170 4013 1415 4068 viventes
1462 4009 1666 4066 mortui
1718 4018 1882 4073 sunt,

311 4093 454 4168 sicut
484 4112 684 4166 Paulus
707 4109 892 4163 scribit
921 4123 934 4158 :
973 4105 1116 4160 Nam
1162 4121 1280 4175 qute
1316 4105 1372 4157 in
1401 4102 1608 4156 deliciis
1639 4103 1771 4172 agit,
1806 4102 1886 4154 ci-

309 4221 428 4258 rens
463 4212 669 4256 mortua
697 4211 772 4254 est
798 4200 863 4252 ⁵⁸.
887 4197 1141 4268 Alioquin
1169 4194 1445 4265 quomodo
1472 4194 1776 4249 audiendus
1801 4201 1884 4248 est

311 4295 603 4359 Salomon,
645 4292 832 4347 dicens
865 4309 877 4344 :
910 4288 1030 4342 Lua:
1078 4286 1291 4340 Domini
1323 4287 1546 4355 spiratio
1595 4295 1671 4338 est
1699 4267 1884 4338 homi-

1991 449 2240 516 temporis
2287 449 2520 503 obtinent
2565 452 2846 519 prudentes
2879 468 2984 506 non
3029 453 3318 509 stultitiam
3353 469 3403 510 et
3435 475 3572 511 eru--.

1987 535 2234 592 bescent?
2277 535 2645 605 Imprudentes
2696 549 2873 593 autem
2923 542 3255 597 contumeliae
3295 561 3418 598 cum
3450 547 3570 599 sint

1988 627 2189 695 cupidi,
2220 629 2372 694 impii
2415 629 2587 697 e/j’ecti
2624 631 2744 684 odio
2784 631 3083 686 habuerunt
3119 650 3350 699 sensum,
3387 647 3437 690 et
3467 640 3568 690 ob-

1987 719 2136 774 noxii
2162 721 2294 789 facti
2323 731 2447 774 sunt
2473 723 2937 792 increpationibus.
2963 723 3098 779 Ecce
3125 727 3389 797 proferam
3417 731 3570 785 vobis

1989 827 2119 865 mete
2159 813 2502 880 aspirationis
2550 815 2963 884 professionem,
3017 817 3210 871 docebo
3259 835 3348 872 vos
3388 837 3577 875 meum

1988 919 2277 957 sermonem
2323 905 2388 958 ⁵⁷.
2417 904 2483 958 Ει
2523 903 2692 960 Isaias
2743 906 2978 976 Spiritus
3015 909 3190 963 sancti
3239 912 3568 978 promissio-

1988 1009 2113 1048 nem
2152 995 2453 1064 pracdicans
2483 996 2562 1050 sic
2608 997 2685 1052 ait
2713 1015 2727 1052 :
2763 997 2909 1051 Dixit
2943 998 3224 1067 Dominus,
3250 1002 3343 1072 qui
3372 1003 3574 1056 caelum

1991 1086 2113 1155 fecit
2143 1096 2192 1139 et
2219 1089 2382 1156 aﬂia‘it
2413 1087 2548 1140 illud
2567 1126 2582 1150 ,
2611 1088 2703 1158 qui
2742 1089 2989 1144 solidavit
3020 1099 3235 1156 terram,
3263 1101 3314 1144 et
3345 1109 3464 1163 que
3505 1094 3575 1147 in

1989 1194 2051 1231 ea
2085 1187 2249 1230 sunt:
2276 1178 2367 1247 qui
2408 1178 2502 1231 dat
2545 1179 2890 1247 spirationem
2932 1180 3142 1248 populo,
3168 1183 3259 1251 qui
3299 1194 3375 1236 est
3405 1201 3567 1252 super

1988 1283 2102 1320 eam
2123 1309 2135 1329 ,
2166 1277 2216 1321 et
2263 1269 2507 1338 spiritum
2551 1270 2878 1325 calcantibus
2905 1289 3020 1326 eam
3045 1274 3112 1327 ⁵⁸.
3146 1273 3319 1329 Dicite
3345 1275 3439 1345 qui
3475 1284 3567 1332 est

1995 1360 2229 1429 populus
2272 1361 2364 1429 qui
2410 1362 2614 1431 accepit
2659 1363 3056 1433 spirationem?
3096 1365 3349 1437 Nunquid
3385 1377 3440 1423 et
3471 1369 3566 1425 hic

1989 1451 2344 1520 spirationem
2378 1454 2614 1508 animam
2647 1469 2768 1510 esse
2805 1456 3027 1512 dicitis?
3071 1462 3179 1512 Aut
3210 1459 3411 1514 dabitis
3441 1459 3567 1516 sine

1988 1542 2172 1594 anima
2209 1542 2468 1611 populum
2503 1558 2666 1613 super
2694 1552 2892 1600 terram
2923 1548 3268 1604 constitisse?
3308 1547 3414 1604 Sed
3447 1565 3562 1604 non

1988 1640 2091 1696 est,
2121 1630 2516 1700 professionem
2540 1649 2777 1705 namque
2800 1635 3038 1706 Spiritus
3059 1637 3234 1692 sancti
3258 1639 3566 1706 praedicans

1986 1722 2250 1792 propheta
2282 1723 2396 1778 haec
2423 1724 2520 1778 ait.
2546 1723 2787 1796 Denique
2813 1726 3136 1798 completam
3162 1728 3565 1798 professionem

1983 1830 2150 1886 super
2196 1816 2414 1884 ﬁdeles,
2461 1816 2557 1888 qui
2603 1815 2821 1872 fuerant
2866 1818 2959 1875 illo
3010 1829 3288 1890 tempore,
3337 1822 3565 1892 scripsit

1985 1905 2161 1963 Lucas
2203 1926 2216 1962 :
2251 1907 2322 1961 Et
2355 1925 2473 1962 cum
2521 1909 2903 1980 complerentur
2936 1911 3048 1966 dies
3092 1913 3563 1984 quinquagesimat,

1983 2005 2138 2051 erant
2175 1999 2378 2067 pariter
2419 2015 2596 2055 omnes
2635 2005 2691 2056 in
2736 2019 2918 2058 unum.
2951 2003 3019 2059 Et
3053 2005 3227 2074 factus
3259 2016 3335 2061 est
3380 2007 3566 2060 subito

1984 2102 2146 2141 sonus
2178 2088 2243 2142 de
2281 2088 2434 2156 ccelo,
2461 2099 2710 2160 tanquam
2740 2090 2975 2160 Spiritus
3006 2094 3274 2148 vehemens
3307 2096 3561 2165 ferretur,

1984 2178 2205 2247 impleas
2252 2188 2418 2233 totam
2457 2181 2672 2236 domum
2719 2182 2807 2236 ubi
2845 2194 2995 2238 erant
3034 2186 3289 2240 sedentes.
3327 2186 3397 2240 Et
3432 2188 3566 2242 vise

1983 2279 2107 2325 sunt
2137 2270 2211 2324 eis
2239 2269 2422 2326 divisae
2449 2272 2643 2343 lingute
2680 2283 2928 2344 tanquam
2967 2277 3126 2346 ignis,
3165 2287 3214 2330 et
3243 2279 3377 2331 sedit
3402 2295 3566 2347 super

1985 2377 2399 2433 unumquemque
2440 2380 2639 2430 eorum,
2669 2373 2719 2418 et
2764 2375 3024 2434 cmperunt
3071 2366 3212 2436 loqui
3247 2368 3412 2421 variis
3445 2369 3564 2422 lin-

1987 2453 2128 2523 guis,
2159 2463 2316 2522 prout
2341 2452 2573 2523 Spiritus
2596 2465 2808 2509 sanctus
2838 2457 2996 2511 dabat
3022 2457 3194 2528 eloqui
3224 2458 3333 2514 illis
3356 2460 3424 2513 ".

2060 2545 2145 2600 I9.
2176 2544 2352 2599 Simili
2383 2547 2544 2601 modo
2571 2561 2801 2617 magnus
2825 2547 2914 2603 ille
2936 2547 3040 2602 Job
3066 2551 3325 2604 adversus
3347 2550 3562 2605 amicos

1988 2652 2138 2700 suos,
2178 2653 2299 2692 cum
2343 2647 2527 2693 essent
2558 2638 2761 2708 Spiritu
2809 2649 2998 2694 sancto
3037 2641 3270 2709 privati,
3315 2650 3370 2696 et
3417 2642 3564 2698 nihil

1987 2743 2174 2783 verum
2214 2731 2487 2793 dicerent,
2519 2745 2694 2800 neque
2723 2732 3076 2801 opinarentur
3118 2748 3178 2788 se
3218 2743 3343 2788 ante
3380 2733 3561 2788 D'eum

1985 2820 2168 2890 loqui,
2217 2822 2395 2876 aiebat
2423 2839 2435 2874 :
2472 2821 2661 2876 Nonne
2689 2835 2810 2878 ante
2856 2823 3022 2877 Deum
3065 2824 3342 2894 loquimini
3368 2825 3460 2879 '°?
3492 2825 3566 2880 Et

1985 2929 2204 2969 rursum
2237 2930 2248 2964 :
2277 2913 2376 2970 Cui
2399 2916 2752 2968 annuntiastis
2776 2916 2970 2969 verba?
2998 2914 3230 2985 Spiratio
3257 2933 3375 2971 vero
3403 2918 3562 2986 cujus

1985 3014 2084 3066 est,
2131 3020 2247 3072 qum
2295 3006 2529 3072 procedit
2557 3021 2591 3057 a
2620 3014 2665 3058 te
2697 3005 2784 3058 “?
2818 3004 2892 3058 Ex
2937 3006 3136 3074 quibus
3180 3022 3322 3060 unus
3357 3023 3570 3076 magna.

1985 3095 2213 3165 loquens
2239 3096 2452 3151 dicebat
2479 3115 2493 3151 :
2522 3095 2753 3166 Spiritus
2783 3107 2882 3163 est,
2919 3099 3012 3167 qui
3052 3100 3358 3152 mortalibus
3387 3101 3564 3152 inter-

1984 3187 2143 3253 cedit,
2163 3187 2382 3256 spiratio
2407 3203 2523 3241 vero
2545 3189 2936 3257 omnipotentiae
2954 3198 3053 3253 est,
3075 3205 3192 3258 qua:
3216 3205 3294 3242 me
3314 3189 3463 3243 docet
3486 3191 3566 3251 ⁶².,

1984 3281 2342 3351 Omnipotens
2391 3292 2570 3336 autem
2620 3281 2792 3336 Filius
2840 3281 2970 3346 Dei,
3014 3282 3080 3336 de
3121 3297 3230 3351 quo
3258 3281 3564 3338 Zacharias

1983 3374 2060 3428 ait
2093 3388 2107 3425 :
2143 3371 2432 3442 Propterea
2475 3373 2553 3426 sic
2594 3371 2725 3425 dicit
2753 3371 3008 3425 Dominus
3034 3372 3380 3440 omnipotens.
3421 3371 3560 3425 Post

1982 3443 2207 3532 gloriam
2253 3460 2396 3513 misit
2442 3476 2523 3513 me
2565 3476 2721 3528 super
2753 3469 2927 3530 gentes
2953 3461 3017 3514 ⁵³.
3045 3459 3213 3530 Igitur
3258 3460 3570 3516 Salomone

1981 3555 2232 3609 dicente:
2267 3552 2386 3606 Lua:
2421 3551 2631 3627 Domini
2663 3553 2886 3620 spiratio
2925 3562 3004 3606 est
3031 3555 3302 3607 hominum
3323 3554 3397 3621 °‘;
3435 3565 3490 3608 et
3523 3570 3567 3611 τι

1981 3641 2130 3699 Mose
2170 3644 2468 3698 instructi:
2515 3643 2750 3712 Spiravit
2785 3643 3037 3698 Dominus
3083 3645 3138 3698 in
3191 3645 3379 3713 {aciem
3425 3646 3563 3701 Adin

1983 3737 2326 3805 spirationem
2368 3737 2522 3801 vitea,
2566 3745 2617 3789 et
2664 3735 2837 3804 [actus
2885 3745 2965 3789 est
3000 3737 3058 3790 in
3104 3738 3335 3791 animum
3381 3739 3562 3793 viven-

1985 3838 2087 3882 tem
2118 3828 2196 3894 ⁶⁸;
2239 3827 2521 3883 audientes
2568 3843 2700 3882 vero
2737 3837 2792 3883 et
2845 3825 3180 3884 Salvatorem
3235 3829 3556 3886 dicentem:

1983 3917 2098 3990 Ego
2125 3935 2242 3973 sum
2271 3919 2378 3972 uita
2407 3918 2486 3984 ⁶⁶;
2525 3927 2580 3972 ει
2604 3915 2834 3971 Paulum
2865 3916 3190 3980 scribentem
3221 3932 3234 3968 :
3266 3916 3378 3971 Lex
3414 3919 3562 3980 enim,

1982 4013 2199 4080 spiritus
2253 4011 2374 4066 uitta
2415 4011 2492 4076 ⁶⁷ς
2540 4021 2596 4065 ει
2627 4024 2848 4064 rursum
2883 4027 2898 4062 :
2932 4007 3082 4061 Misit
3121 4008 3265 4062 Deus
3295 3993 3561 4079 Spiritum

1984 4100 2122 4154 Filii
2147 4102 2230 4155 sui
2262 4104 2318 4155 in
2352 4100 2514 4155 corda
2558 4112 2742 4154 nostra
2767 4100 2847 4160 ⁶⁸ς
2892 4101 3136 4155 videntes
3168 4109 3350 4154 autem
3389 4101 3558 4154 etiam

1983 4189 2333 4261 Unigenitum
2383 4191 2748 4246 insuﬁlantem
2785 4190 2842 4243 in
2876 4189 3068 4244 faciem
3098 4189 3474 4258 apostolorum
3505 4199 3566 4250 et

1984 4285 2252 4339 dicentem
2291 4301 2304 4335 :
2341 4284 2576 4353 Accipite
2621 4281 2883 4352 Spiritum
2919 4290 3162 4334 sanctum
3191 4283 3258 4346 ⁵³,
3302 4280 3563 4350 spiratio-

308 4403 457 4448 num,
489 4387 577 4455 qui
609 4393 882 4439 scrutatur
907 4382 1114 4434 interna
1143 4379 1356 4443 ventris,
1390 4378 1436 4432 si
1461 4378 1675 4432 animas
1705 4377 1880 4431 honii-
1908 4380 1958 4440 D
1982 4391 2107 4430 nem
2158 4374 2282 4429 Filii
2327 4377 2381 4430 iu
2437 4375 2654 4445 propria
2700 4375 2808 4429 vita
2853 4383 2908 4428 et
2950 4373 3255 4430 substantia
3304 4383 3564 4426 manente

310 4496 441 4536 nuin
474 4481 654 4533 lumen
684 4476 778 4530 Dei
810 4489 931 4530 esse
965 4473 1166 4532 dicitis,
1199 4471 1302 4525 nisi
1335 4470 1599 4540 Spiritum
1633 4478 1880 4524 sanctum

310 4575 496 4628 lumen
530 4571 620 4626 Dei
669 4567 908 4625 confessi
952 4565 1204 4620 fueritis?
1243 4563 1348 4618 Sed
1398 4563 1752 4632 spirationem
1800 4565 1885 4614 lu-

310 4681 434 4721 men
462 4663 554 4718 Dei
579 4677 699 4717 esse
728 4659 992 4724 credatis,
1029 4657 1242 4712 dicente
1267 4654 1456 4709 Mose:
1487 4653 1722 4723 Spiravit
1745 4653 1884 4707 Deus

309 4761 364 4813 in
399 4758 588 4828 faciem
616 4754 746 4808 Adae
776 4751 1100 4822 spiraculum
1127 4750 1267 4803 vitae.
1302 4749 1368 4802 Et
1401 4746 1575 4801 Filius
1604 4747 1695 4800 Dei
1733 4763 1744 4799 :
1773 4745 1886 4815 Ego

308 4868 428 4908 sum
470 4849 578 4902 vita
620 4847 689 4901 ⁵⁸.
727 4844 833 4900 Sed
874 4854 929 4899 et
975 4842 1240 4912 sapientia
1281 4839 1592 4894 Salomonis
1632 4837 1883 4892 introdu-

309 4953 521 4999 ccntem
558 4939 893 4995 Salvatorem
925 4935 1054 4991 dicit
1082 4951 1097 4990 :
1127 4933 1260 4986 Ecce
1287 4931 1552 5002 proferam
1584 4929 1724 4983 vobis
1757 4943 1884 4982 mete

311 5033 654 5104 aspirationis
692 5029 1068 5100 professionem
1089 5026 1136 5057 ⁵⁵
1161 5021 1286 5079 :‘sic
1327 5023 1474 5078 enim
1498 5022 1550 5075 in
1577 5019 1885 5075 Proverbiis

311 5131 387 5182 ait
420 5146 432 5181 :
469 5125 743 5194 Sapientia
773 5124 829 5176 in
861 5123 1006 5176 exitu
1033 5127 1271 5183 canetur,
1295 5118 1347 5171 in
1380 5116 1566 5183 plateis
1599 5131 1717 5168 vero
1744 5112 1884 5181 ﬁdu-

309 5218 520 5275 cialiter
567 5216 677 5286 agit
710 5229 730 5269 :
764 5213 1029 5282 in_portis
1072 5219 1250 5264 autem
1286 5207 1576 5278 potentium
1620 5203 1823 5258 assistit
1864 5217 1883 5254 :

385 5374 430 5406 “
465 5372 604 5426 Psal.
645 5389 720 5436 IV,
745 5373 868 5427 6-7.
942 5374 987 5406 “
1012 5373 1157 5428 Psal.
1185 5388 1306 5438 ειν,
1344 5371 1432 5425 10.
1511 5371 1553 5402 ἰτ
1585 5369 1730 5423 Psal.
1765 5383 1883 5421 xxv

395 5483 407 5492 .
485 5434 526 5474 ί¹
553 5444 712 5492 Prov.
749 5461 839 5492 xx-
869 5443 958 5492 2'7.
1068 5445 1114 5477 ⁸⁸
1141 5443 1276 5492 Gen.
1314 5458 1372 5492 ιι.
1398 5442 1448 5492 7.
1559 5441 1605 5472 ⁵³
1634 5439 1674 5492 Il
1704 5439 1830 5492 Cor.
1863 5455 1874 5490 ι

1997 5367 2048 5420 0.
2128 5366 2171 5396 ⁸⁵⁸
2206 5364 2402 5427 Isa..x,
2434 5363 2522 5416 17.

1997 5439 2024 5488 i.
2135 5436 2225 5488 ⁵⁵1
2258 5435 2397 5488 Tim.
2430 5450 2482 5492 v,
2514 5437 2522 5483 ι

1559 5455 1605 5472 σο
1635 5455 1674 5492 ιι
1704 5455 1830 5493 hor.
1863 5455 1942 5501 ιιι,
1974 5455 2024 5490 υ.

1559 5511 1603 5543 ⁸³
1631 5509 1747 5562 Act.
1781 5525 1841 5571 ιι,
1875 5508 1987 5560 1-4.

1571 5582 1612 5612 ⁸⁸
1639 5580 1771 5634 Gen.
1808 5596 1863 5634 ιι.
1900 5578 1948 5631 7.

319 5445 407 5500 16.
485 5434 526 5474 ί¹
553 5434 716 5497 Prov.
749 5461 840 5504 xx.
869 5443 958 5498 27.

316 5517 409 5570 ξιξ).
487 5514 530 5545 υτ
558 5515 688 5580 ibid.
717 5515 905 5576 20-25.

320 5585 375 5640 4.
489 5584 532 5613 ⁸³
561 5584 724 5637 Zucli.
759 5601 817 5644 ιι,
850 5586 902 5635 8.

325 5655 379 5708 ὑ.
453 5655 494 5685 ‘9
527 5652 682 5710 Juau.
713 5671 799 5721 xx,
831 5653 917 5706 2'2.

1068 5445 1114 5477 τ’
1141 5443 1276 5498 Gen.
1313 5458 1372 5504 ιι,
1398 5442 1448 5494 7.

1001 5514 1046 5545 ⁸⁸
1079 5514 1181 5568 Isa.
1236 5530 1365 5575 XLII,
1395 5529 1446 5565 v.

1001 5586 1042 5614 “
1070 5585 1225 5640 Prov.
1257 5600 1345 5648 xx,
1379 5582 1464 5634 Ἡ.

1985 4467 2247 4536 Spiritum
2294 4483 2414 4522 esse
2450 4468 2766 4527 doceamur,
2807 4474 2862 4518 et
2901 4479 3077 4532 neque
3112 4463 3355 4534 genitum
3383 4478 3561 4532 neque

1983 4569 2227 4615 creatum
2259 4573 2380 4614 esse
2411 4573 2443 4612 a
2480 4557 2618 4611 Filio
2653 4557 2951 4626 sapiamus,
2978 4569 3324 4624 nequaquam
3365 4555 3561 4623 unige-

1983 4651 2160 4706 nitum
2217 4649 2415 4704 Filium
2453 4647 2741 4702 credamus
2785 4662 2906 4701 esse
2956 4645 3254 4715 Spiritum,
3304 4655 3359 4698 ει
3411 4642 3562 4712 quod

1985 4740 2251 4794 Dominus
2290 4740 2362 4794 sit
2401 4737 2640 4792 Verbum
2691 4736 2846 4802 Filii,
2893 4737 3133 4807 genitum
3184 4750 3314 4789 vero
3361 4749 3390 4788 a
3446 4733 3564 4794 Deo

1991 4831 2226 4887 Verbum
2257 4846 2416 4886 suum
2442 4830 2495 4882 in
2531 4827 2750 4898 propria
2780 4829 2890 4880 vita
2920 4835 2972 4881 et
3004 4826 3309 4880 substantia
3339 4839 3560 4894 per-mae

1990 4939 2148 4985 nens,
2178 4938 2300 4975 cum
2335 4921 2407 4976 sit
2446 4921 2552 4974 vita
2599 4919 2772 4974 Filius
2805 4917 2921 4971 Dei.
2951 4917 3243 4987 Propterea
3285 4931 3414 4970 vero
3447 4931 3568 4979 non

1987 5024 2073 5070 est
2118 5014 2333 5084 genitus
2387 5013 2456 5066 ab
2484 5026 2550 5065 eo
2587 5010 2844 5080 Spiritus,
2893 5010 3020 5078 quia
3055 5024 3164 5062 non
3205 5017 3290 5062 est
3321 5006 3560 5062 Verbum

1988 5107 2128 5175 ejus.
2158 5105 2414 5160 Creatum
2447 5118 2574 5157 vero
2599 5103 2778 5157 dicere
2812 5101 3095 5170 Spiritum,
3117 5100 3292 5153 absit!
3325 5097 3560 5153 Verum.

1989 5208 2170 5253 tamen
2214 5195 2562 5266 spirationem
2607 5191 2729 5246 Filii
2761 5191 2856 5246 Dei
2898 5206 3022 5245 eum
3055 5205 3122 5244 ex
3168 5190 3372 5244 sanctis
3413 5191 3562 5255 Seri:

2619 5361 2661 5393 δ’
2693 5359 2850 5413 Deut.
2881 5374 2954 5425 iv,
2989 5358 3081 5411 Ἡ.

2676 5431 2721 5462 ⁵⁸
2745 5429 2902 5484 Joan.
2935 5445 3045 5492 xw,
3076 5429 3129 5483 6.

2590 5502 2632 5532 ⁶¹
2661 5499 2763 5553 Job
2797 5515 2942 5561 xxvi,
2972 5499 3022 5552 4.

2623 5573 2664 5602 ⁸⁷
2699 5569 2858 5625 Rom.
2891 5585 3013 5634 vui,
3041 5569 3096 5623 ‘2.

3191 5357 3237 5388 ⁸ο
3273 5355 3428 5408 Rom.
3467 5373 3558 5422 ιν,

3240 5427 3285 5457 ⁵⁸⁵
3316 5424 3477 5480 Prov.
3518 5442 3558 5490 :,

3135 5498 3178 5529 ⁶²
3207 5497 3309 5551 .Iob
3354 5513 3522 5550 χχχιιι
3542 5537 3557 5558 ,

3201 5569 3243 5600 ⁸⁸
3273 5565 3447 5624 Galat.
3483 5583 3559 5633 ιν,

2135 5437 2181 5467 ⁵⁵
2208 5436 2225 5488 l
2258 5435 2397 5488 Tim.
2430 5450 2482 5495 v,
2514 5432 2566 5486 6.

2095 5507 2138 5537 ⁶⁰
2165 5506 2267 5559 Job
2293 5522 2408 5568 xm,
2437 5504 2486 5556 7.

2049 5578 2092 5609 δε
2124 5575 2276 5632 Joan.
2316 5591 2432 5641 xw,
2468 5575 2518 5628 6.
