3794 6226
186 249 354 304 1215

1207 237 1296 292 DE
1334 234 1719 293 TRINITATE
1749 234 1840 291 ET
1877 234 2151 292 SPIRITU
2193 234 2488 293 SANCTO.

3332 234 3472 292 12M

180 360 391 427 pturis
424 357 570 413 docti
603 371 816 420 sumus,
856 365 912 412 et
959 354 1162 411 fontem
1206 352 1443 424 Spiritus
1488 363 1542 408 et
1587 352 1788 406 Filium
1819 357 1867 413 Α
1891 353 2077 410 audite
2109 354 2438 409 clamantem
2481 360 2675 408 contra
2714 350 2932 408 Iudaeos
2961 367 2975 404 :
3007 350 3147 417 Quia
3179 350 3500 423 derelique-q

186 450 298 504 Dei
345 449 604 514 dicimus,
643 449 926 504 audientes
961 447 1207 501 Filium:
1247 445 1389 511 Quia
1432 446 1536 498 duo
1572 460 1795 516 nequam

182 543 330 612 fecit
391 542 616 614 populus
657 542 778 606 iste,
828 557 911 594 me
957 539 1346 610 dereliquerunt
1394 538 1593 608 fontem
1643 551 1794 608 aqua:

178 637 356 701 vium,
393 643 442 688 et
485 632 732 704 foderunt
779 631 882 686 sibi
928 631 1077 684 lacus
1118 632 1396 695 contritas,
1432 631 1522 700 qui
1565 645 1668 683 non
1700 646 1794 698 po-

184 735 424 780 tuerunt
459 742 651 797 aquam
679 734 897 795 portare
921 724 989 775 "°.
1020 720 1178 792 Aqua
1221 723 1340 776 viva
1393 721 1630 791 Spiritus
1661 736 1792 776 san-

183 829 324 874 ctus
364 828 469 884 est,
505 819 651 874 sicut
702 816 944 872 Joannes
990 815 1199 882 docuit,
1249 813 1531 869 Salvatore
1579 814 1794 871 dicente

182 911 256 962 ad
300 909 710 963 Samaritanam
745 907 1029 962 mulierem
1063 925 1075 962 :
1108 905 1168 962 Si
1191 908 1350 962 scires
1382 907 1578 961 donum
1598 908 1717 972 Dei,
1743 917 1793 962 et

181 1002 318 1068 quis
356 1011 436 1055 est
483 1002 572 1071 qui
605 1001 737 1053 dicit
783 999 927 1053 tibi:
959 999 1042 1053 Da
1079 1001 1210 1054 mihi
1259 1000 1469 1065 bibere;
1511 1009 1567 1054 tu
1615 1002 1794 1071 utique

179 1093 428 1163 petisses
476 1109 618 1158 eum,
662 1100 714 1146 et
758 1091 984 1146 dedisset
1032 1091 1128 1145 tibi
1174 1107 1366 1162 aquam
1411 1092 1582 1146 vivam
1613 1092 1696 1156 '“;
1739 1099 1794 1145 et

183 1200 478 1240 rursum:
515 1183 824 1253 Quicunque
871 1183 1058 1236 biberit
1105 1198 1170 1237 ea:
1217 1199 1376 1251 aqua,
1425 1198 1583 1253 quam
1621 1198 1712 1252 ego
1745 1181 1795 1236 ei

187 1276 370 1341 dabo,
404 1293 509 1330 non
549 1277 692 1329 sitiet
718 1276 774 1328 in
818 1283 1072 1330 aeternum
1103 1275 1170 1330 ⁷³.
1214 1273 1280 1328 Et
1311 1274 1366 1328 in
1396 1274 1576 1329 medio
1608 1273 1794 1342 templi

185 1369 457 1424 clamat:
488 1365 550 1422 Si
596 1369 714 1438 quis
747 1367 890 1432 sitit,
934 1368 1108 1420 ueniat
1138 1365 1208 1419 ad
1254 1381 1335 1419 me
1378 1376 1429 1419 et
1475 1365 1650 1429 bibat;
1703 1365 1792 1434 qui

185 1459 378 1518 credit
410 1459 468 1512 in
514 1475 615 1525 me,
645 1460 784 1513 sicut
821 1459 956 1512 dicit
987 1457 1290 1526 Scriptura,
1319 1457 1544 1526 ﬂumina
1577 1457 1640 1511 de
1675 1472 1793 1512 uen-

188 1557 278 1601 tre
328 1547 450 1616 ejus
487 1548 655 1618 ﬂuent
699 1564 854 1620 aqua:
890 1550 1020 1604 victe
1061 1549 1131 1604 ⁷³.
1161 1546 1229 1603 Et
1273 1548 1659 1620 interpretatus
1709 1560 1794 1605 est

189 1638 282 1694 sic
317 1654 334 1691 :
391 1637 511 1692 Hoc
553 1647 731 1693 autem
777 1639 986 1694 dicebat
1027 1640 1092 1693 de
1142 1636 1351 1708 Spiritu
1395 1647 1598 1704 sancto,
1639 1655 1791 1710 quem

189 1732 482 1801 accepturi
525 1741 676 1786 erant
707 1732 800 1803 qui
843 1732 1099 1787 credituri
1149 1742 1302 1786 erant
1350 1733 1409 1786 in
1454 1749 1576 1787 eum
1606 1733 1673 1786 ⁷⁵.
1713 1731 1792 1788 Ita

189 1824 374 1878 etiam
422 1833 477 1879 et
522 1822 690 1881 Isaias
741 1823 1039 1880 Dominum
1084 1822 1292 1880 dixisse
1339 1824 1417 1879 ait
1455 1841 1469 1876 :
1513 1823 1654 1890 Quia
1697 1841 1790 1896 ego

189 1915 347 1972 dabo
379 1916 438 1968 in
476 1917 570 1969 siti
599 1932 792 1987 aquam
821 1917 890 1970 iis
918 1917 1010 1987 qui
1039 1917 1092 1971 in
1137 1918 1277 1972 sicco
1309 1918 1412 1972 iter
1453 1917 1711 1988 fecerunt,
1739 1928 1790 1973 et

192 2025 406 2064 uanam
439 2007 703 2078 Spiritum
735 2025 906 2064 meum
945 2025 1100 2078 super
1138 2026 1315 2065 semen
1344 2021 1515 2076 tuum,
1553 2020 1604 2066 et
1636 2011 1792 2066 bene-

191 2101 468 2164 dictiones
494 2118 636 2156 meas
669 2118 826 2172 super
856 2103 996 2171 ﬁlios
1044 2112 1184 2168 tuos,
1222 2112 1269 2156 et
1314 2106 1514 2158 orietur
1541 2113 1792 2174 tanquam

191 2194 256 2248 in
295 2210 444 2264 aqua
488 2193 698 2264 fenum,
737 2194 875 2251 velut
925 2195 1069 2252 salix
1118 2197 1258 2251 inter
1297 2198 1475 2267 ﬂuxus
1525 2213 1677 2267 aqua
1721 2197 1788 2252 ⁷⁵.

191 2285 352 2358 Ergo
402 2287 694 2344 manifeste
740 2288 1042 2360 Scripturis
1097 2290 1305 2347 sanctis
1363 2289 1786 2361 proﬁtentibus,

195 2395 411 2450 aquam
445 2381 625 2436 vivam
659 2379 923 2451 Spiritum
967 2392 1218 2438 sanctum
1257 2399 1374 2439 esse
1410 2384 1788 2453 cognovimus.

195 2471 484 2528 Dominus
513 2488 573 2528 se
595 2472 801 2528 fontem
831 2474 1071 2544 Spiritus
1099 2491 1225 2532 esse
1263 2477 1403 2531 dixit
1433 2477 1513 2530 sic
1540 2493 1554 2529 :
1591 2476 1675 2530 Me
1701 2475 1792 2529 de-

195 2564 536 2633 reliquerunt
563 2565 762 2634 fontem
800 2582 950 2636 aqute
979 2568 1107 2622 vim
1131 2569 1197 2625 ⁷⁸.
1237 2566 1328 2622 Sic
1365 2576 1418 2622 et
1453 2567 1618 2622 David
1647 2569 1793 2622 canit

198 2653 258 2708 in
290 2655 511 2723 psalmo
543 2671 710 2720 xxxv,
735 2656 922 2713 dicens
946 2659 1014 2713 ad
1035 2657 1329 2714 Dominum
1360 2679 1372 2714 :
1403 2659 1545 2724 Quia
1576 2660 1716 2730 apud
1743 2670 1792 2714 te

191 2759 283 2826 est
339 2747 460 2816 fons
507 2749 628 2803 uiue
656 2750 724 2804 ⁷⁷.
766 2748 936 2818 Igitur
983 2760 1182 2821 praeter
1227 2751 1519 2807 Dominum
1568 2754 1792 2808 ostende

199 2839 381 2897 alium
425 2838 628 2894 fontem
660 2840 819 2909 vitae,
864 2843 959 2912 qui
995 2843 1139 2913 apud
1182 2859 1309 2899 eum
1352 2845 1424 2899 sit
1456 2863 1469 2898 :
1508 2861 1617 2898 non
1647 2845 1790 2899 enim

199 2927 369 2990 dixit,
405 2928 666 2998 quoniam
712 2939 769 2984 tu
814 2945 873 2986 es
917 2931 1037 2986 fons
1080 2932 1224 2996 vitae,
1261 2934 1355 2988 sed
1385 2934 1511 3004 quia
1547 2935 1690 3004 apud
1739 2945 1792 2988 te

199 3017 334 3075 fons
367 3019 491 3074 vitae
512 3029 614 3075 est.
631 3020 792 3090 782
808 3021 1046 3078 Estvero
1069 3025 1212 3092 apud
1239 3023 1428 3089 Deum,
1455 3033 1507 3080 ct
1525 3035 1605 3080 est
1623 3024 1793 3078 Filius

199 3111 335 3168 fons
368 3113 642 3169 exsistcns
667 3114 928 3182 Spiritus,
953 3115 1021 3170 (le
1050 3131 1161 3186 quo
1187 3115 1389 3173 Paulus
1419 3118 1485 3172 ad
1514 3117 1790 3173 Romanos

203 3203 408 3258 scribit
439 3219 452 3255 ε
479 3203 714 3274 Spiritus
755 3223 874 3261 uero
909 3208 1032 3262 vita:
1073 3218 1286 3279 propter
1319 3209 1592 3278 justitiam
1623 3210 1686 3262 ⁷⁸.
1714 3207 1791 3263 Ita

202 3310 320 3354 non
366 3295 629 3362 alienum,
676 3298 772 3354 sed
813 3299 1096 3369 proprium
1135 3299 1314 3355 Patris
1336 3315 1459 3355 esse
1483 3315 1609 3355 eum
1639 3300 1788 3355 dicit.

203 3384 351 3442 Nam
384 3402 510 3443 cum
542 3387 827 3458 professus
871 3389 1065 3446 fuisset
1090 3408 1105 3445 :
1133 3389 1272 3456 Quia
1311 3390 1453 3459 apud
1489 3401 1536 3443 te
1563 3397 1638 3444 est
1673 3389 1791 3458 fons

205 3485 358 3550 uiue,
388 3479 643 3552 adjunxit
672 3500 686 3535 :
725 3481 793 3538 In
839 3481 1036 3538 lumine
1071 3493 1161 3536 tuo
1191 3481 1478 3536 videbimus
1519 3480 1694 3535 lumen
1723 3481 1788 3546 ⁷⁸,

205 3577 262 3632 id
287 3585 397 3644 est,
434 3577 572 3632 Filio
601 3586 696 3632 tuo
722 3575 1029 3632 videbimus
1063 3576 1348 3646 Spiritum.
1382 3574 1602 3630 Necnon
1629 3575 1792 3631 etiam

203 3678 263 3724 et
311 3670 374 3724 in
422 3671 646 3724 nomine
673 3669 894 3724 virtutis
934 3667 1030 3724 Dei
1083 3668 1387 3739 appellatus
1433 3667 1706 3738 Spiritus,
1739 3674 1796 3722 et

206 3760 421 3824 virtus,
469 3768 526 3814 et
583 3761 850 3830 sapientia
894 3773 1016 3815 esse
1063 3767 1423 3814 monstratur.
1471 3756 1796 3813 Audivimus

198 3844 363 3906 enim
389 3849 730 3906 Salvatorem
764 3849 820 3903 in
853 3847 1150 3919 Evangelio
1189 3847 1595 3917 promittentem
1629 3846 1796 3902 disci-

208 3939 361 4009 pulis
399 3938 516 3994 suis
561 3937 862 3994 missurum
908 3951 1031 3993 esse
1078 3935 1342 4005 Spiritum
1391 3943 1663 4001 sanctum,
1700 3935 1792 4003 qui

209 4030 348 4085 dicit
373 4047 388 4089 ς
421 4026 552 4082 Ecce
581 4043 672 4098 ego
701 4027 1025 4097 praemittam
1056 4025 1456 4095 promissionem
1484 4023 1670 4079 Patris
1695 4025 1795 4079 mei

205 4137 372 4190 super
400 4137 485 4174 vos
516 4135 535 4174 :
569 4136 657 4174 uos
689 4135 810 4172 vero
851 4119 1024 4172 sedete
1064 4119 1120 4170 in
1149 4117 1379 4180 civitate,
1410 4116 1572 4171 donec
1604 4119 1796 4171 indua-

211 4213 346 4268 νιἰηὶ
372 4225 437 4266 ea:
463 4210 574 4271 alto
603 4210 845 4273 uirtutem
873 4207 941 4258 ⁸ο.
974 4206 1032 4260 ln
1070 4206 1298 4261 Actibus
1341 4221 1471 4261 vero
1516 4206 1794 4276 apostolo-

201 4316 336 4385 lrum
391 4302 536 4357 idem
580 4299 845 4362 Dominus
887 4299 967 4354 ait
1007 4314 1020 4350 :
1061 4297 1164 4353 Sed
1227 4298 1498 4367 accipietis
1549 4299 1796 4352 virtutem

1895 458 2020 502 runt
2057 464 2138 502 me
2171 448 2371 518 fontem
2417 448 2539 500 vita:
2584 445 2891 500 Dominum.
2935 446 3091 500 Alius
3132 455 3313 504 autem
3345 445 3420 498 ait
3453 462 3468 499 :

1897 540 2160 611 Spiritum
2204 541 2511 610 sapientiae,
2545 539 2745 611 _sciens
2781 539 3044 608 Spiritum
3095 548 3345 595 sanctum
3385 553 3474 594 se-

1896 633 2136 689 cundum
2184 631 2382 687 Isaiam
2425 631 2643 702 quidem
2693 631 2968 688 dicentem.
3009 649 3023 684 :
3077 628 3148 682 Et
3189 630 3472 700 requiescet

1894 744 2050 796 super
2079 743 2198 781 eum
2227 724 2459 796 Spiritus
2485 724 2716 788 Domini,
2746 722 2978 792 Spiritus
3006 723 3280 790 sapientia:
3313 730 3361 774 et
3388 722 3474 774 in-

1895 820 2132 875 tellectus
2165 819 2231 872 δ’.
2277 817 2589 872 Secundum
2627 815 2856 869 Paulum
2903 831 3032 869 vero
3078 813 3405 868 tribuentem
3453 828 3467 864 :

1897 910 2022 965 Non
2053 928 2196 965 cesso
2225 910 2426 981 gratias
2457 926 2612 979 agens
2653 908 2756 961 Deo
2799 923 2892 973 pro
2932 907 3091 969 vobis,
3119 915 3174 959 ut
3208 905 3293 958 tl‘et
3325 903 3469 958 vobis

1895 1005 2157 1075 Spiritum
2205 1002 2479 1073 sapientia:
2516 1010 2565 1055 et
2599 999 2930 1054 reuelationis
2980 999 3045 1051 ³³.
3090 997 3315 1052 Fontem
3349 1010 3472 1050 esse

1897 1099 2160 1171 Spiritum
2189 1098 2328 1153 dixit
2356 1113 2543 1166 supra,
2574 1098 2656 1152 sic
2687 1096 2876 1150 dicens
2910 1114 2922 1149 :
2950 1093 3315 1164 Dereliquistis
3345 1092 3469 1160 fon—-

1896 1204 1998 1250 tem
2028 1195 2298 1263 sapientia:
2321 1193 2384 1245 ³⁵.
2411 1192 2564 1258 Quod
2591 1205 2719 1246 vero
2744 1190 3007 1260 Spiritum
3033 1189 3122 1244 hic
3147 1187 3469 1256 sapientiam

1895 1285 2265 1357 appellaverit,
2297 1283 2648 1338 manifestum
2682 1290 2784 1343 est,
2819 1297 2886 1335 ex
2926 1279 3125 1350 quibus
3147 1278 3300 1333 dicit.
3329 1275 3468 1332 Nam

1894 1395 2018 1434 cum
2054 1379 2108 1432 in
2149 1386 2292 1433 terra
2334 1375 2716 1430 Chaldzeorum
2767 1381 2912 1428 esset
2958 1372 3212 1442 populus,
3249 1378 3304 1425 et
3342 1385 3466 1424 cum

1891 1467 2160 1522 Chaldaeis
2185 1474 2623 1528 conversaretur,
2649 1479 2746 1518 eos
2779 1463 2874 1533 qui
2909 1477 3016 1517 non
3052 1462 3314 1516 haberent
3345 1459 3472 1530 Spi-

1893 1561 2060 1615 ritum
2121 1568 2412 1623 sanetum,
2455 1558 2549 1613 sed
2603 1556 2900 1612 carnaliter
2950 1555 3170 1625 quidem
3225 1553 3473 1608 viverent

1892 1659 2135 1720 peccato,
2164 1656 2508 1704 morerentur
2543 1663 2675 1704 vero
2716 1647 2960 1717 justitite,
2993 1656 3048 1701 et
3085 1645 3474 1702 fraudarentur

1897 1740 2101 1812 Spiritu
2147 1749 2358 1801 sancto,
2386 1740 2718 1810 querebatur
2762 1754 2887 1793 cum
2917 1738 3202 1809 lacrymis,
3229 1737 3418 1793 dicens
3450 1753 3466 1789 :

1895 1832 2038 1899 Quid
2070 1840 2146 1885 est
2177 1829 2391 1884 Israel?
2414 1829 2560 1900 quid,
2600 1829 2727 1900 quia
2755 1829 2812 1882 in
2857 1837 3000 1882 terra
3032 1827 3367 1882 inimicorum
3391 1842 3470 1891 es.

1893 1932 1943 1978 et
1991 1922 2292 1976 inveterasti
2326 1921 2382 1973 in
2417 1930 2558 1974 terra
2601 1919 2800 1982 aliena,
2835 1919 3206 1990 coinquinatus
3252 1934 3306 1972 es
3350 1933 3471 1972 cum

1891 2017 2136 2079 mortuis,
2168 2015 2449 2083 deputatus
2492 2030 2546 2068 es
2591 2028 2710 2065 cum
2750 2012 2830 2065 his
2871 2013 2960 2082 qui
3006 2012 3061 2065 in
3085 2011 3290 2080 inferno
3321 2019 3468 2075 sunt,

1890 2107 2216 2178 dereliquisti
2238 2108 2434 2176 fontem
2461 2105 2751 2174 sapientiw.
2781 2102 2932 2158 Viam
2959 2103 3171 2158 Domini
3201 2105 3248 2158 si
3279 2104 3470 2173 fuisses

1890 2200 2176 2268 ingressus,
2223 2197 2490 2252 habitares
2520 2197 2699 2267 utique
2728 2213 2846 2250 cum
2880 2213 3008 2266 pace
3036 2197 3090 2250 in
3115 2203 3370 2251 (sternam
3398 2196 3466 2251 ³⁵.

1893 2288 2258 2343 Considerent
2297 2287 2444 2342 enim
2479 2287 2660 2348 viam,
2708 2301 2871 2354 quam
2927 2284 3334 2356 dereliquerunt
3371 2285 3470 2340 lilii

1891 2376 2077 2440 Israel,
2125 2375 2294 2431 Deum
2325 2391 2466 2440 esse,
2512 2375 2606 2444 qui
2637 2375 2768 2428 dicit
2795 2390 2808 2425 :
2836 2372 2947 2444 Ego
2976 2391 3095 2428 sum
3121 2375 3207 2430 via
3234 2374 3302 2437 ³⁸,
3344 2373 3470 2446 fon-

1893 2476 1998 2522 tem
2027 2467 2153 2521 vita:
2180 2466 2234 2520 in
2260 2465 2527 2535 propheta
2551 2465 2831 2535 appellari,
2867 2480 3030 2533 quam
3056 2465 3470 2535 dereliqucruut

1893 2557 2084 2623 Judaei,
2117 2558 2538 2628 coinquinantes
2577 2573 2636 2613 se
2678 2573 2803 2612 cum
2832 2555 3167 2628 Babyloniis,
3191 2558 3285 2627 qui
3312 2567 3471 2612 erant

1893 2652 2096 2706 mortui
2126 2650 2384 2717 iustitiae;
2413 2650 2607 2704 ducem
2651 2653 2793 2704 enim
2842 2664 2950 2704 non
2987 2649 3261 2704 habebant
3307 2650 3362 2703 in
3409 2665 3470 2703 se

1896 2741 2156 2810 Spiritum
2205 2741 2561 2811 paracletum,
2611 2737 2871 2808 Spiritum
2925 2739 3191 2804 veritatis,
3238 2740 3332 2809 qui
3385 2747 3472 2794 est

1891 2834 2002 2887 vita
2037 2843 2091 2887 ct
2117 2833 2394 2888 vivilicat:
2432 2833 2669 2887 viventes
2696 2831 2894 2886 mortui
2926 2840 3074 2887 sunt.

1959 2923 2049 2978 ‘20.
2081 2922 2233 2978 Unde
2263 2932 2318 2978 et
2343 2922 2547 2979 Paulus
2574 2923 2640 2978 de
2668 2923 2868 2977 talibus
2901 2923 3090 2978 scribit
3123 2941 3136 2977 :
3176 2921 3318 2976 Nam
3353 2939 3472 2993 qua:

1820 3052 1862 3110 ο
1894 3020 1950 3073 in
1983 3019 2189 3073 deliciis
2219 3020 2329 3089 agit
2359 3019 2542 3085 vidua,
2585 3020 2755 3074 vit-ens
2783 3030 2992 3074 mortua
3021 3030 3096 3074 est
3121 3021 3185 3072 ³⁷.
3218 3021 3286 3074 Et
3315 3019 3473 3075 Salo-

1893 3124 2021 3164 mon
2054 3110 2254 3164 clamat
2286 3127 2300 3164 :
2338 3109 2442 3175 Qui
2471 3110 2525 3162 in
2558 3109 2766 3164 deliciis
2797 3120 3154 3174 conversatur,
3186 3127 3218 3163 a
3240 3111 3473 3178 pueritia

1892 3220 2070 3258 servus
2118 3205 2241 3266 erit,
2275 3203 2332 3256 in
2372 3203 2654 3258 novissimo
2703 3218 2819 3256 vero
2849 3202 3044 3257 dolebit
3084 3204 3140 3256 in
3180 3219 3234 3256 se
3259 3202 3324 3256 ³⁸.
3364 3200 3472 3268 Qui

1891 3295 2037 3348 enim
2072 3294 2126 3347 in
2153 3292 2358 3362 peccati
2384 3293 2594 3348 deliciis
2629 3303 2820 3364 agunt,
2852 3308 2958 3348 non
2985 3294 3213 3348 audiunt
3237 3292 3471 3349 Paulum

1891 3387 2218 3444 scribentem
2250 3406 2265 3441 :
2294 3384 2417 3440 Non
2447 3387 2587 3441 enim
2617 3386 2890 3455 accepistis
2929 3387 3178 3453 spiritum
3202 3387 3471 3441 servitutis

1892 3477 2081 3530 iterum
2113 3477 2170 3530 in
2196 3477 2403 3543 timore,
2442 3477 2533 3531 sed
2579 3477 2850 3546 accepistis
2878 3475 3140 3546 Spiritum
3170 3477 3471 3547 adoptionis

1892 3566 2146 3637 ﬁliorum,
2179 3568 2234 3620 in
2256 3582 2355 3636 quo
2383 3565 2697 3631 clamamus,
2725 3566 2894 3634 Abba,
2924 3567 3085 3621 Pater
3109 3567 3174 3621 ³³.
3208 3563 3318 3622 Sed
3342 3581 3471 3622 cum

1894 3658 2004 3714 sint
2052 3659 2148 3713 lilii
2195 3659 2428 3729 peccati,
2473 3659 2674 3713 mortui
2723 3667 2854 3715 sunt
2894 3659 3143 3730 justitiaz.
3189 3657 3296 3726 Qui
3343 3675 3473 3714 vero

1894 3746 2132 3818 Spiritus
2160 3747 2334 3802 sancti
2379 3747 2584 3802 donum
2620 3756 2950 3818 acceperunt
2978 3767 2992 3803 :
3021 3747 3133 3803 Leu;
3171 3749 3312 3802 enim
3341 3747 3470 3817 Spi-

1893 3840 2028 3892 ritus
2054 3839 2176 3892 uitae
2200 3838 2255 3891 in
2283 3835 2496 3892 Christo
2521 3836 2675 3903 Jesu,
2699 3837 2941 3893 liberauit
2971 3853 3052 3893 me
3077 3855 3112 3892 a
3138 3837 3248 3909 lege
3271 3840 3472 3909 peccati

1893 3939 1942 3984 et
1979 3930 2162 3983 mortis
2192 3928 2257 3983 "°.
2286 3927 2431 3985 Bene
2462 3931 2646 3999 itaque
2682 3929 2862 3986 Moses
2889 3930 3198 3986 observavit
3240 3941 3301 3987 ut
3324 3931 3474 3989 dice-

1894 4031 1978 4075 ret
2005 4035 2018 4073 :
2064 4020 2253 4091 Itaque
2285 4023 2506 4092 spiravit
2535 4022 2794 4076 Dominus
2838 4023 2893 4078 in
2926 4023 3112 4092 faciem
3139 4023 3271 4079 Adae
3295 4024 3474 4092 spira-

1897 4112 2091 4165 tionem
2136 4112 2275 4177 vitta,
2310 4121 2359 4166 et
2404 4112 2579 4182 factus
2608 4120 2685 4166 est
2729 4111 2883 4166 homo
2929 4112 2986 4164 in
3031 4111 3262 4164 animam
3294 4112 3471 4165 uiuen-

1899 4211 2016 4269 lem.
2044 4203 2109 4258 ει.
2139 4202 2243 4270 Qui
2283 4203 2429 4258 enim
2473 4217 2582 4258 non
2626 4202 2828 4258 habent
2878 4201 3146 4272 Spiritum
3195 4211 3471 4266 sanctum,

1895 4296 2138 4350 viventes
2180 4297 2382 4351 mortui
2415 4303 2565 4352 sunt.
2611 4293 2768 4350 Unde
2809 4303 2862 4350 et
2905 4295 2972 4350 ad
3017 4293 3185 4350 Israel
3213 4293 3472 4348 derelicto

209 4394 604 4464 superveniente
644 4408 801 4461 super
842 4407 930 4445 vos
965 4389 1171 4460 Spiritu
1201 4400 1383 4444 sancto
1421 4391 1488 4445 δι.
1515 4388 1630 4446 Hoc
1657 4405 1791 4465 quo-
1821 4396 1868 4452 Β
1896 4387 2149 4450 Domino,
2177 4389 2272 4458 qui
2311 4389 2384 4443 sit
2414 4387 2536 4443 fons
2564 4387 2690 4443 vitae
2714 4387 3033 4454 vivilicans,
3065 4385 3236 4442 dicit:
3267 4385 3475 4440 Dereli-

209 4500 322 4557 que
352 4485 634 4556 impletum
683 4499 806 4540 esse
848 4483 1242 4554 comperimus,
1275 4484 1380 4539 sub
1406 4483 1494 4538 die
1520 4483 1792 4552 quinqua-

213 4578 437 4646 gesimae
485 4583 899 4631 consummatae.
931 4575 1042 4629 Aut
1081 4589 1212 4645 ergo
1253 4575 1508 4629 virtutem
1537 4573 1632 4628 Dei
1669 4572 1792 4642 Spi-

212 4670 383 4728 ritum
408 4677 657 4723 sanctum
685 4682 806 4723 esse
836 4666 1187 4737 proﬁtemini,
1216 4674 1311 4722 aut
1348 4667 1492 4721 sicut
1522 4665 1790 4720 Sabellius

211 4761 580 4829 Paracletum,
624 4777 752 4817 cum
790 4761 861 4816 sit
901 4760 1075 4814 virtus
1121 4758 1249 4824 Dei,
1299 4759 1552 4814 eumdem
1593 4757 1791 4813 Filium

213 4853 310 4913 Dei
355 4870 477 4910 esse
509 4854 802 4924 praedicate
847 4852 983 4923 (50),
1018 4859 1072 4906 et
1103 4851 1287 4906 audite
1328 4848 1560 4905 Paulum
1604 4851 1790 4909 dicen-

213 4955 322 5001 tem
361 4945 635 5014 :Spiritus
673 4945 795 4999 uiue
830 4953 1041 5013 propter
1077 4942 1348 5012 justitiam
1383 4943 1527 4998 θί-δι.
1563 4942 1790 4997 Fontem

214 5039 414 5098 iterum
443 5037 682 5109 Spiritus
721 5037 1047 5105 instruimur
1090 5051 1213 5092 esse
1248 5036 1470 5091 Filium.
1499 5035 1790 5091 Jeremiam

1895 4481 2084 4550 quistis
2109 4481 2307 4550 [antem
2336 4482 2645 4551 sapientiae;
2669 4480 2810 4534 uiam
2845 4479 3058 4534 Domini
3096 4479 3144 4532 si
3174 4478 3362 4548 fuisses
3390 4479 3474 4531 in-

1896 4588 2126 4642 gressus,
2179 4574 2356 4644 utique
2401 4573 2666 4628 habitares
2711 4572 2766 4626 in
2794 4589 2919 4642 pace
2967 4572 3024 4625 in
3053 4579 3308 4625 aeternum
3337 4577 3470 4623 tem-

1896 4681 1994 4735 pus
2037 4667 2103 4720 ".
2148 4667 2441 4721 Audientes
2481 4681 2611 4734 ergo
2657 4665 2950 4720 Dominum
2985 4664 3250 4720 dicentem
3290 4682 3304 4718 :
3353 4662 3467 4732 Ego

1895 4775 2014 4813 sum
2041 4761 2126 4814 uia
2155 4759 2222 4824 "’,
2245 4759 2388 4813 docti
2423 4759 2586 4814 etiam
2609 4773 2677 4812 ex
2706 4757 3006 4827 Scripturis
3033 4756 3240 4813 sanctis
3265 4754 3470 4812 fontem

1900 4854 2164 4924 Spiritum
2211 4868 2334 4908 esse
2375 4851 2570 4917 Deum,
2603 4851 2698 4921 qui
2741 4850 2876 4906 dicit
2913 4866 2928 4902 :
2977 4848 3062 4902 Me
3087 4847 3473 4919 dereliquerunt

1897 4947 2092 5016 fontem
2123 4961 2274 5016 aqua:
2318 4945 2446 4999 uiua:
2469 4944 2535 5007 ⁸⁸⁵,
2571 4957 2915 5014 nequaquam
2948 4949 3256 4996 creaturam
3303 4937 3477 5008 Spiri-

1897 5046 2013 5092 tum
2063 5044 2313 5091 sanctum
2368 5033 2688 5103 sapiamus,
2739 5031 2834 5086 sed
2879 5028 3126 5099 ejusdem
3178 5040 3301 5082 esse
3348 5040 3473 5080 cum

282 5202 330 5234 τ’
358 5199 471 5258 Jer.
500 5215 570 5260 ιι,
604 5200 693 5254 15.
769 5199 813 5230 τί
848 5195 1006 5252 Joan.
1036 5211 1110 5264 Iv,
1134 5195 1220 5248 10.
1295 5197 1340 5227 τ’
1365 5197 1495 5253 ibid.
1527 5197 1614 5254 15.
1690 5198 1736 5229 ⁷³
1759 5197 1916 5253 Joan.
1944 5211 2042 5263 vn,
2067 5196 2157 5252 '58.
2231 5197 2279 5228 ⁷⁵
2300 5193 2433 5250 ibid.
2469 5194 2556 5250 '59.
2633 5195 2678 5225 ⁷⁸
2704 5192 2807 5246 Isa.
2838 5204 2985 5264 ΜΠ,
3011 5185 3128 5264 5αῇ
3172 5185 3249 5264 ,⁷⁸
3273 5183 3471 5264 Jerem.

215 5272 393 5334 11,15.
491 5271 535 5302 ⁷⁷
560 5269 704 5323 Psal.
767 5283 934 5332 xxxv,
976 5265 1062 5320 10.

211 5343 331 5380 ⁸³·ἰ
360 5339 522 5394 Rern.
538 5356 658 5407 vm,
688 5335 744 5392 2.

213 5410 258 5444 ³⁷
292 5411 311 5464 1
348 5410 490 5469 Tim.
523 5426 578 5476 v,
605 5403 658 5463 ϐξ
765 5407 811 5439 ³⁸
840 5407 1002 5463 Prov.
1034 5422 1186 5464 xxxx.
1220 5403 1312 5462 ’l'i.

219 5477 264 5528 ⁸³,
285 5480 445 5537 Joan.
472 5475 582 5548 xiv,
615 5481 669 5536 6.
747 5479 793 5511 “
817 5476 1015 5534 Jerem.
1055 5493 1116 5542 tr,
1144 5475 1234 5530 13.

1157 5265 1202 5298 ⁷⁸
1232 5263 1390 5319 Rom.
1434 5285 1552 5331 vm,
1583 5266 1671 5323 10.

1771 5270 1815 5301 7°
1846 5269 1990 5324 Psal.
2035 5283 2199 5327 xxxv,
2236 5265 2325 5320 10.

833 5339 878 5410 ξ
906 5338 1012 5391 lsa.
1043 5352 1121 5398 χι,
1156 5334 1336 5410 in”
1360 5338 1558 5410 Ephe_s.
1594 5355 1635 5400 I.
1665 5338 1848 5393 16—17.
1925 5339 1972 5372 ³³
1996 5338 2313 5410 Baruchiu,
2339 5336 2428 5391 12.

1425 5410 1470 5442 ”
1497 5407 1655 5482 Rom.
1693 5425 1814 5479 vtu,
1845 5410 1935 5465 15.

3087 5257 3276 5312 "Act.
3327 5271 3365 5317 ι,
3417 5252 3472 5306 8.

2489 5349 2493 5352 '
2525 5337 2570 5368 ³⁵
2600 5335 2730 5388 ibid.
2767 5329 2944 5385 10-15.
3021 5326 3067 5360 ³⁸
3090 5326 3249 5382 Joan.
3273 5340 3389 5385 xlv,
3416 5323 3474 5376 6.

2453 5406 2495 5437 “
2522 5406 2655 5461 Gen.
2687 5421 2750 5471 ιι,
2779 5405 2832 5457 7.
2946 5397 2990 5430 δ’
3016 5396 3230 5454 Barucb
3275 5410 3354 5460 Ill,
3383 5393 3472 5452 15.

2424 5265 2468 5296 ⁸⁸
2503 5265 2636 5318 Luc.
2691 5277 2841 5318 sxw.
2895 5258 2982 5313 49.

2043 5409 2088 5440 ⁸ο
2119 5408 2250 5464 ibid.
2279 5408 2334 5461 2.

287 5641 402 5716 (30)
436 5640 560 5698 Hazc
594 5640 865 5698 habentur
889 5638 946 5697 in
971 5638 1111 5696 libro
1143 5651 1192 5695 tt
1213 5645 1330 5692 utra
1355 5635 1605 5707 Arianos,
1631 5650 1754 5709 pag.
1782 5633 1878 5690 701
1891 5672 1910 5706 ,ι
1937 5648 2087 5691 num.
2121 5632 2154 5690 9
2179 5641 2232 5699 et
2256 5631 2341 5702 10,
2369 5646 2478 5699 non
2518 5630 2751 5688 multum
2785 5629 3018 5688 diversa.
