3794 6226
295 210 435 263 HIS

905 212 963 267 S.
1006 213 1386 270 ATHANASII
1426 215 1578 270 OPP.
1622 217 1806 274 PARS
1842 217 1881 272 Ι.
1921 249 1992 259 -
2027 219 2403 281 HISTORICA
2443 225 2532 280 ΕΤ
2583 225 3002 285 DOGMATICA.

3437 235 3584 292 19.16

294 333 456 387 Patre
488 338 541 385 et
572 330 711 387 Filio
737 332 1053 387 substantiae
1081 334 1274 388 iterum
1307 350 1373 390 ex
1421 336 1719 407 Scripturis
1747 353 1874 408 pro—
1905 341 1946 399 A
1979 341 2106 410 ritu,
2138 347 2510 414 spiritualibus
2535 348 2843 417 spiritualia
2870 362 3235 420 comparantes
3269 369 3286 406 :
3318 357 3585 413 animalis

297 425 516 488 bamus,
554 425 700 480 sicut
750 427 1003 494 superius
1064 426 1134 479 ab
1189 427 1330 482 Isaia
1387 430 1650 498 propheta
1693 431 1882 486 docui-

300 535 445 571 mus.
475 515 677 574 Scribit
699 526 879 572 autem
907 518 997 572 ille
1024 534 1257 590 magnus
1286 519 1525 578 Joannes
1550 524 1880 594 evangelista

299 610 354 662 in
385 609 732 680 Apocalypsi,
766 611 880 666 haec
902 609 1089 666 dicens
1117 631 1130 666 :
1159 610 1228 664 Et
1254 613 1481 667 ostendit
1510 615 1637 668 mihi
1662 617 1880 684 ﬂuvium

299 717 453 770 aqua
497 702 642 763 vivw,
673 701 959 754 candidum
986 703 1140 772 quasi
1180 701 1424 773 glaciem,
1465 707 1811 774 egredientem
1848 724 1881 761 α

298 794 418 848 sede
471 793 569 846 Dei
599 802 648 846 et
687 793 856 864 Agni,
887 795 1137 864 ﬂuentem
1165 811 1258 863 per
1299 797 1530 850 medium
1573 797 1764 868 platea:
1810 798 1878 853 “.

301 883 526 938 Dicebat
562 900 694 940 vero
733 900 985 955 superna:
1017 885 1344 954 Jerusalem,
1372 889 1438 943 de
1471 905 1579 959 qua
1613 890 1879 960 scriptum

296 984 381 1030 est
413 977 465 1030 in
489 975 760 1032 Psalmis:
795 975 1062 1034 Fluminis
1096 982 1318 1050 impetus
1348 980 1589 1050 lattiﬁcat
1616 983 1880 1036 civitatem

299 1070 400 1124 Dei
429 1071 492 1123 “.
521 1069 676 1136 Quod
704 1071 751 1126 si
797 1071 1056 1139 dixerint,
1099 1075 1230 1144 quid
1279 1090 1409 1144 ergo
1443 1075 1572 1144 quia
1615 1075 1878 1144 scriptum

298 1169 382 1215 est
433 1160 609 1230 aqua?
655 1161 900 1216 audiant.
945 1161 1003 1215 ln
1036 1165 1164 1218 sede
1208 1163 1302 1218 Dei
1339 1175 1392 1219 et
1433 1164 1568 1234 Agni
1613 1181 1752 1234 aqua
1796 1174 1882 1221 est

295 1254 421 1308 viva
443 1255 589 1317 vitae,
623 1262 677 1308 et
705 1270 829 1310 cum
860 1270 1015 1324 aqua:
1041 1257 1160 1326 ejus
1187 1272 1414 1326 capaces
1442 1258 1608 1328 aliqui
1633 1257 1878 1312 eiliciun-

299 1353 406 1408 tur.
446 1355 500 1399 et
529 1344 754 1400 ﬂumina
798 1347 1072 1410 dicuntur,
1118 1349 1255 1401 etin
1305 1347 1538 1418 singulis
1571 1348 1881 1417 quibusque

299 1435 581 1502 adimpleri
624 1435 827 1489 dicitur
858 1435 1094 1506 Spiritus
1131 1446 1353 1492 sanctus
1386 1450 1400 1489 :
1434 1438 1577 1492 sicut
1613 1446 1668 1491 et
1709 1436 1881 1493 Filius

299 1524 396 1580 Dei
426 1525 756 1594 adimpletur
785 1527 836 1579 in
871 1527 1125 1596 singulis,
1164 1527 1464 1582 secundum
1491 1526 1721 1582 Paulum
1753 1528 1883 1582 scri-

299 1618 517 1671 bentem
553 1637 568 1671 :
599 1617 887 1672 Plenitudo
917 1619 1053 1687 ejus,
1083 1620 1174 1690 qui
1210 1621 1387 1672 omnia
1426 1621 1480 1672 in
1511 1619 1752 1674 omnibus
1783 1618 1879 1671 ad-

297 1711 480 1778 implet
509 1711 573 1764 ".
603 1709 671 1765 Et
707 1721 791 1765 est
828 1711 1049 1780 quidem
1075 1755 1090 1778 ,
1141 1711 1361 1782 quando
1391 1711 1428 1765 ii
1460 1712 1556 1781 qui
1587 1711 1882 1782 implentur

301 1802 404 1857 ista
442 1816 582 1872 aqua
614 1803 756 1868 viva,
787 1803 1012 1856 [lumina
1042 1804 1405 1872 appellantur,
1450 1804 1592 1858 sicut
1621 1812 1675 1858 et
1711 1802 1880 1858 David

298 1895 352 1947 in
388 1909 494 1950 xcu
523 1894 731 1962 psalmo
761 1893 894 1948 dicit
921 1912 934 1947 :
969 1892 1316 1946 Elevaverunt
1337 1894 1584 1962 ﬂumina,
1623 1893 1844 1947 Domine
1863 1933 1877 1958 ,

298 2001 472 2040 vocem
498 2001 672 2046 suam,
702 2003 734 2038 a
761 2002 882 2038 voce
910 2001 1172 2054 aquarum
1206 1985 1496 2038 multarum
1532 1985 1596 2039 ⁸⁸.
1624 1984 1722 2040 Est
1753 1999 1881 2039 vero

298 2077 518 2148 quando
564 2077 791 2131 verbum
844 2077 1143 2145 doctrinae,
1175 2087 1230 2132 et
1265 2094 1608 2148 unaquaeque
1639 2078 1882 2148 operatio

297 2171 568 2240 spiritus,
620 2169 845 2225 ﬂumina
895 2178 1186 2235 vocantur,
1240 2172 1540 2226 secundum
1590 2170 1880 2224 Dominqu

294 2265 568 2319 dicentem
598 2279 610 2314 :
647 2262 752 2329 Qui
797 2263 963 2316 credit
1008 2264 1065 2316 in
1095 2279 1175 2316 me
1197 2305 1212 2329 ,
1243 2264 1378 2316 sicut
1411 2264 1547 2317 dixit
1580 2262 1879 2333 Scriptura,

297 2355 522 2428 ﬂumina
547 2354 610 2408 de
633 2363 805 2408 ventre
835 2353 947 2422 ejus
979 2355 1141 2424 ﬂuent
1174 2371 1324 2424 aqua:
1357 2356 1484 2409 viva:
1507 2355 1572 2410 δ’.
1602 2355 1745 2427 Ergo
1772 2372 1882 2411 non

295 2449 456 2514 dixit,
492 2463 635 2519 aqua
663 2449 881 2518 impleta
910 2457 1014 2513 est,
1043 2463 1182 2518 aqua
1207 2449 1351 2502 enim
1380 2447 1620 2518 Spiritus
1641 2449 1750 2502 vita
1772 2457 1879 2513 est,

295 2548 351 2592 et
386 2540 582 2608 ﬂumen
631 2538 728 2592 Dei
764 2539 1036 2606 impletum
1068 2547 1142 2594 est
1181 2540 1332 2609 aquis
1376 2540 1443 2592 ⁵ο.
1473 2538 1541 2592 Ει
1569 2538 1830 2595 Dominus
1863 2557 1876 2592 :

299 2632 409 2702 Me,
434 2634 631 2704 inquit,
667 2635 1054 2703 dereliquerunt
1093 2633 1291 2702 fontem
1329 2647 1481 2702 aqua!
1510 2631 1638 2685 vince
1667 2632 1734 2683 “.
1778 2630 1884 2685 Ita-

297 2741 405 2790 que
437 2724 680 2794 ejusdem
711 2723 857 2778 sedis
881 2732 968 2778 cst
997 2739 1119 2778 cum
1153 2722 1266 2776 Deo
1300 2732 1353 2777 et
1383 2723 1569 2792 Agno,
1602 2722 1710 2777 vita
1736 2724 1878 2789 vitze,

298 2816 352 2869 id
393 2825 498 2882 est,
547 2814 788 2884 Spiritus
823 2825 1087 2880 sanctus,
1125 2816 1268 2869 sicut
1316 2813 1555 2869 Joannes
1597 2830 1702 2869 una
1755 2830 1878 2870 cum

297 2907 440 2962 Isaia
476 2907 634 2968 dixit,
679 2914 734 2960 et
767 2921 877 2960 non
926 2921 1147 2973 servus,
1182 2922 1284 2961 nec
1312 2905 1583 2970 minister,
1617 2905 1760 2960 sicut
1787 2919 1882 2960 vos

1983 445 2161 488 autem
2187 437 2340 491 homo
2372 455 2475 491 non
2509 439 2732 508 percipit
2758 456 2840 506 ea,
2876 458 2994 511 qua:
3022 454 3144 496 sunt
3175 443 3412 512 Spiritus
3454 448 3587 515 Dei;

1984 525 2213 581 stultitia
2239 537 2316 582 est
2352 529 2490 582 enim
2532 531 2602 594 ei,
2632 539 2682 582 et
2725 547 2828 584 non
2874 541 3041 600 potest
3071 535 3226 599 scire,
3253 538 3379 604 quia
3414 541 3590 607 spiri-

1985 620 2208 674 tualiter
2269 622 2639 691 dijudicatur;
2669 624 2970 693 spiritualis
3004 643 3124 682 vero
3164 627 3428 698 dijudicat
3461 649 3588 685 am-

1983 713 2102 777 nia,
2156 713 2265 782 ipse
2315 723 2492 767 autem
2541 733 2574 768 a
2621 718 2826 769 nemine
2865 716 3198 784 dijudicatur
3231 735 3248 772 :
3277 721 3395 790 quis
3433 737 3587 774 eurus

1982 806 2127 872 novit
2174 821 2382 858 sensum
2411 806 2650 874 Domini,
2695 809 2787 878 qui
2833 809 3062 862 instruat
3108 813 3270 865 eum?
3305 810 3421 866 Nos
3457 829 3588 865 vero

1982 912 2190 950 sensum
2237 897 2436 953 Christi
2465 900 2712 954 habemus
2743 902 2810 954 ⁵⁵.
2844 900 2950 956 Iste
2979 903 3144 972 igitur
3175 902 3411 971 Spiritus
3444 919 3588 960 san-

1981 998 2104 1043 ctus
2151 1005 2275 1044 cum
2322 991 2394 1045 sit
2429 1006 2626 1046 sensus
2658 991 2895 1057 Domini,
2941 992 2994 1047 in
3029 995 3249 1062 propria
3281 996 3408 1050 vitae
3437 996 3576 1049 sub-
3639 1043 3651 1056 .

1982 1080 2182 1134 stantia
2212 1082 2504 1146 exsistens,
2531 1081 2672 1137 sicut
2713 1082 3028 1153 frequenter
3055 1083 3383 1150 didicimus,
3421 1086 3588 1141 novi:

1981 1161 2186 1235 omnia,
2207 1172 2370 1242 783
2395 1187 2518 1243 quae
2540 1182 2668 1228 sunt
2691 1172 2804 1241 Dei,
2833 1175 2974 1230 sicut
2994 1174 3221 1244 spiritus
3242 1187 3431 1232 noster
3451 1192 3585 1246 quae

1981 1271 2168 1316 nostra
2198 1273 2346 1318 sunt.

2051 1353 2139 1408 21.
2181 1353 2424 1426 Denique
2473 1365 2529 1410 et
2579 1354 2780 1412 Paulus
2819 1357 2896 1411 ait
2935 1373 2949 1409 :
3001 1355 3171 1411 Nobis
3214 1367 3393 1412 autem
3432 1373 3571 1414 rew-

1982 1446 2112 1500 lavit
2146 1447 2286 1503 Deus
2311 1466 2403 1518 per
2429 1449 2687 1517 Spiritum
2718 1467 2873 1504 suum
2900 1469 2918 1506 :
2945 1449 3179 1520 Spiritus
3211 1453 3354 1505 enim
3393 1451 3578 1504 omnia

1981 1549 2281 1607 scrutatur,
2326 1542 2486 1595 etiam
2534 1542 2860 1611 profundum
2904 1541 3021 1596 Dei.
3057 1542 3188 1607 Quis
3233 1544 3372 1596 enim
3418 1544 3572 1596 home

1985 1632 2126 1684 novit
2152 1649 2270 1702 qua!
2313 1643 2434 1686 sunt
2480 1635 2724 1698 hominis,
2753 1635 2856 1687 nisi
2882 1635 3102 1703 spiritus
3133 1635 3362 1687 hominis
3393 1635 3490 1702 qui
3525 1635 3577 1686 ir.

1984 1723 2098 1793 ipso
2121 1726 2240 1778 est?
2265 1727 2342 1778 sic
2366 1734 2414 1778 et
2445 1743 2562 1796 qua:
2605 1736 2726 1779 sunt
2766 1725 2866 1779 Dei
2901 1742 3049 1779 nemo
3075 1727 3238 1790 novit,
3271 1727 3376 1780 nisi
3404 1724 3577 1795 Spiri-

1985 1825 2068 1870 tus
2101 1817 2236 1870 Dei:
2263 1833 2354 1870 nos
2385 1833 2504 1871 vero
2545 1834 2646 1870 non
2690 1819 2938 1887 spiritum
2967 1817 3124 1886 hujus
3151 1817 3338 1870 mundi
3369 1817 3574 1884 accepi-

1983 1924 2122 1973 mus,
2144 1909 2244 1974 ,sed
2267 1907 2525 1977 Spiritum
2553 1910 2644 1980 qui
2667 1924 2731 1963 ea;
2761 1908 2864 1962 Deo
2892 1917 2992 1973 est,
3021 1919 3080 1962 ut
3114 1911 3347 1963 sciamus
3388 1924 3511 1978 qua
3547 1924 3583 1960 a

1983 1995 2094 2050 Deo
2135 1999 2334 2053 donata
2363 2009 2485 2053 sunt
2521 2001 2690 2066 nobis,
2723 2017 2842 2070 qua:
2875 2011 2923 2054 et
2960 2001 3244 2071 loquimur,
3292 2016 3397 2053 non
3430 2000 3584 2054 doct:

1983 2089 2228 2144 humana:
2255 2092 2532 2160 sapientia
2557 2091 2758 2156 verbis;
2791 2092 2882 2147 sed
2929 2093 3074 2146 docti
3104 2093 3168 2146 ab
3202 2092 3433 2160 Spiritu,
3467 2092 3583 2159 spi-

1985 2182 2230 2236 ritalibus
2276 2184 2548 2256 spiritalia
2588 2192 2952 2252 comparantes
2979 2185 3046 2248 ⁸⁸,
3070 2194 3173 2239 etc.
3203 2183 3371 2239 Istum
3404 2182 3583 2252 Spiri-

1987 2280 2098 2326 tum
2152 2285 2399 2329 sanctum
2434 2276 2597 2329 etiam
2641 2276 2870 2344 digitum
2922 2275 3015 2330 Dei
3065 2291 3186 2330 esse
3230 2275 3448 2339 docuit,
3492 2289 3582 2328 se-

1983 2367 2222 2420 cundum
2278 2366 2586 2422 Mattlueum
2637 2367 2858 2438 quidem
2906 2368 3138 2422 dicens:
3182 2365 3242 2422 Si
3287 2377 3462 2420 autem
3519 2366 3578 2424 in

1984 2457 2192 2528 Spiritu
2237 2458 2334 2513 Dei
2376 2461 2530 2528 ejicio
2565 2459 2851 2524 daemonia,
2899 2459 3131 2528 pervenit
3165 2461 3221 2512 in
3267 2474 3354 2512 vos
3394 2457 3610 2526 utique.

1983 2565 2199 2618 regnum
2246 2549 2344 2603 Dei
2376 2551 2442 2602 ⁵⁷.
2477 2550 2789 2605 Secundum
2835 2565 2966 2604 vero
3007 2549 3212 2604 Lucam
3251 2570 3263 2604 :
3302 2548 3363 2603 Si
3396 2559 3581 2602 autem

1982 2655 2074 2708 ego
2120 2639 2174 2691 in
2219 2640 2386 2710 digito
2437 2641 2533 2694 Dei
2577 2642 2735 2709 ejicio
2775 2641 3061 2706 da’monia,
3106 2642 3338 2711 pervenit
3377 2640 3446 2694 ad
3487 2658 3578 2694 eos

1984 2729 2164 2798 utique
2190 2747 2403 2800 regnum
2445 2730 2542 2784 Dei
2571 2733 2650 2798 ’3;
2687 2742 2963 2801 propterea
2998 2735 3117 2786 dico
3142 2733 3282 2787 vobis
3306 2735 3429 2803 quia
3460 2749 3582 2786 om-

1985 2821 2064 2874 nis
2097 2822 2420 2891 blasphemia
2459 2826 2756 2879 remittetur
2785 2827 3102 2894 hominibus,
3139 2829 3359 2896 spiritus
3397 2836 3580 2879 autem

1985 2911 2322 2983 blasphemiae
2359 2932 2462 2969 non
2511 2917 2806 2970 remittetur
2829 2919 2927 2972 eis.
2958 2917 3026 2970 Et
3055 2920 3345 2990 quicunque
3375 2917 3578 2970 dixerit

298 3000 501 3053 dicitis.
529 2997 686 3064 Quod
713 2998 756 3052 si
787 3007 1112 3068 permanent
1147 2998 1393 3053 dicentes
1431 3007 1674 3052 creatum
1710 2995 1848 3066 Spiri

2095 3010 2204 3063 lium
2237 3011 2292 3062 in
2324 3008 2527 3064 Filium
2556 3013 2806 3077 hominis,
2831 3014 3131 3066 remittetur
3154 3015 3202 3065 ei
3230 3029 3247 3065 :
3280 3013 3370 3082 qui
3398 3022 3580 3065 autem

297 3101 416 3144 tum
471 3098 745 3156 sanctum,
797 3097 850 3143 et
895 3087 1173 3158 profcrent
1224 3089 1356 3143 illud
1407 3088 1552 3159 quod
1608 3088 1662 3141 in
1717 3089 1884 3144 Amos

298 3185 560 3254 propheta
594 3180 855 3251 scriptum
905 3190 990 3236 est
1023 3198 1035 3232 :
1072 3181 1332 3250 Prwpara
1377 3189 1460 3246 te,
1503 3180 1686 3232 invoca
1719 3177 1885 3231 Deum

303 3289 474 3340 tuum,
509 3273 702 3340 Israel,
728 3275 854 3344 quia
885 3290 977 3345 ego
1007 3274 1231 3343 ﬁrmans
1277 3273 1593 3335 tonitruum,
1623 3281 1672 3325 et
1700 3287 1884 3323 creans

299 3369 568 3436 spiritum,
597 3377 648 3422 et
671 3369 994 3421 annuntians
1019 3364 1316 3419 hominibus
1343 3363 1614 3418 Christum
1639 3378 1792 3415 suum
1814 3361 1882 3425 ",

301 3464 525 3520 audiant
557 3480 667 3518 non
706 3464 771 3518 de
805 3462 1010 3532 Spiritu
1058 3469 1250 3515 sancto
1293 3460 1397 3513 hoc
1433 3457 1640 3512 dixisse
1688 3455 1883 3510 Filium

301 3559 430 3620 Dei,
481 3558 576 3612 sed
610 3557 677 3612 de
712 3555 904 3624 Spiritu
937 3553 1086 3607 venti
1133 3551 1228 3621 qui
1274 3550 1580 3604 tonitruum
1618 3548 1882 3617 sequitur.

300 3653 490 3723 Neque
518 3651 665 3705 enim
695 3647 952 3718 praecedit
987 3645 1250 3716 Spiritum
1281 3651 1533 3697 sanctum
1557 3643 1884 3700 tonitruum.

302 3747 396 3801 sed
455 3741 710 3814 praecedit
763 3739 1012 3809 spiritum
1073 3735 1252 3800 venti,
1299 3748 1462 3804 quem
1513 3747 1700 3786 creare
1751 3731 1888 3785 dixit

301 3845 426 3906 post
455 3835 756 3890 tonitruum
805 3829 1086 3884 Dominus.
1118 3827 1375 3896 Alioquin
1409 3824 1617 3888 dicant,
1653 3839 1721 3876 an
1763 3831 1888 3876 ante

304 3930 570 4001 Spiritum
618 3935 868 3980 sanctum
909 3930 1119 3978 crearet
1157 3922 1480 3975 tonitruum.
1519 3916 1576 3971 Si
1623 3933 1750 3972 vero
1784 3917 1889 3973 hoc

302 4024 530 4094 impium
559 4030 642 4076 est
665 4019 868 4081 dicere,
899 4017 1239 4082 expellantur
1277 4029 1505 4084 prorsus
1546 4013 1640 4083 qui
1677 4011 1885 4078 dicunt,

303 4123 549 4169 creatum
593 4127 718 4168 esse
765 4111 1029 4180 Spiritum
1066 4117 1340 4186 sanctum,
1377 4105 1637 4175 quoniam
1675 4118 1774 4157 nec
1822 4103 1890 4158 de

301 4210 480 4278 prima
529 4206 826 4269 creatione,
867 4218 991 4273 quae
1037 4218 1068 4256 a
1121 4199 1258 4255 Filio
1312 4198 1405 4254 Dei
1461 4199 1532 4254 sit
1569 4205 1772 4259 creata,
1805 4205 1889 4250 ta-

302 4298 478 4352 cuerit
527 4297 808 4366 Scriptura
847 4309 859 4344 :
911 4295 992 4348 sic
1033 4289 1177 4345 enim
1223 4290 1354 4344 dicit
1400 4289 1494 4358 qui
1541 4287 1780 4356 loquitur
1821 4285 1890 4339 ad

1994 3102 2191 3156 dixerit
2233 3102 2289 3154 in
2332 3101 2593 3170 Spiritum
2622 3113 2885 3168 sanctum,
2917 3121 3020 3158 non
3055 3105 3352 3157 remittetur
3383 3105 3452 3167 ei,
3488 3120 3579 3158 ne—

1990 3210 2089 3262 que
2109 3194 2213 3261 hic,
2238 3211 2400 3264 neque
2421 3196 2475 3247 in
2498 3195 2678 3264 futuro
2699 3196 2895 3250 saculo
2917 3198 2984 3248 ”.
3009 3195 3116 3251 Per
3140 3197 3284 3252 hunc
3309 3195 3578 3266 Spiritum

1993 3295 2264 3352 sanctum,
2307 3301 2429 3339 cum
2469 3286 2541 3340 sit
2583 3287 2784 3356 digitus
2817 3289 2945 3352 Dei,
2977 3289 3195 3358 scriptae
3220 3297 3346 3344 sunt
3376 3289 3577 3344 tabulas

1990 3377 2236 3447 lapideae,
2267 3394 2388 3448 quae
2415 3377 2555 3433 datae
2592 3378 2765 3450 Moysi
2804 3389 2965 3448 sunt,
2999 3382 3213 3450 scripta:
3241 3381 3412 3451 digito
3451 3380 3573 3450 Dei,

1989 3467 2129 3524 sicut
2151 3468 2266 3539 ipse
2292 3467 2503 3538 Moyses
2522 3470 2793 3537 exposuit.
2821 3469 3075 3539 Alioquin
3101 3469 3146 3524 si
3171 3484 3276 3523 non
3304 3467 3573 3538 Spiritum

1987 3567 2237 3612 sanctum
2278 3559 2508 3628 digitum
2540 3559 2636 3614 Dei
2667 3575 2791 3614 esse
2829 3559 3038 3620 dicunt,
3071 3557 3286 3611 tabulas
3321 3557 3467 3610 enim
3497 3555 3577 3609 la-

1988 3649 2177 3718 pideas
2211 3651 2564 3720 gloriosiores
2591 3651 2766 3721 magis
2797 3665 2919 3705 esse
2948 3664 3115 3719 quam
3157 3647 3323 3703 carda
3355 3657 3577 3703 sancto-

1986 3757 2108 3794 rum
2155 3741 2574 3811 proﬁtebantur,
2621 3758 2788 3812 super
2822 3758 2944 3812 quae
2977 3740 3205 3811 epistola
3238 3739 3445 3793 Christi
3490 3749 3577 3793 est

1987 3833 2187 3902 scripta
2221 3849 2328 3888 non
2355 3843 2683 3901 atramento,
2715 3833 2812 3889 sed
2851 3833 3057 3904 Spiritu
3093 3831 3187 3886 Dei
3214 3832 3344 3894 vivi,
3377 3846 3485 3885 non
3520 3832 3575 3886 in

1990 3925 2189 3980 tabulis
2233 3925 2490 3994 lapideis,
2530 3925 2624 3980 sed
2661 3927 2715 3980 in
2759 3926 2959 3981 tabulis
3009 3926 3192 3981 cordis
3240 3923 3572 3980 carnalibus.

1990 4013 2146 4069 Hunc
2181 4013 2445 4086 Spiritum
2487 4025 2738 4071 sanctum
2761 4055 2776 4080 ,
2809 4027 2865 4072 et
2898 4017 3082 4070 lumen
3110 4017 3295 4070 vultus
3326 4014 3420 4069 Dei
3452 4029 3575 4068 esse

1990 4105 2286 4170 credimus,
2315 4106 2614 4161 secundum
2648 4105 2818 4161 David
2845 4106 2900 4159 in
2925 4115 3123 4176 quarto
3151 4107 3362 4175 ps:ilmo
3389 4104 3572 4159 dicen-

1993 4205 2099 4250 tem
2131 4214 2148 4250 :
2177 4195 2454 4266 Signatum
2481 4207 2559 4252 est
2599 4214 2760 4268 super
2788 4215 2882 4253 nos
2927 4197 3105 4252 lumen
3131 4197 3306 4252 uultus
3332 4199 3432 4261 tui,
3465 4196 3571 4250 Do-

1993 4291 2133 4343 mine
2163 4289 2227 4342 °°.
2261 4289 2320 4343 ln
2364 4291 2646 4346 tricesimo
2697 4307 2825 4346 vero
2871 4300 2926 4345 et
2971 4291 3164 4360 quinto
3210 4291 3424 4360 psalmo
3460 4308 3472 4342 :
3510 4289 3574 4345 In

301 4389 406 4451 Job
444 4407 457 4443 :
489 4387 592 4443 Sed
622 4403 737 4442 ecce
777 4385 956 4440 bestiae
987 4382 1127 4453 apud
1167 4392 1214 4435 te
1240 4381 1418 4450 fenum
1454 4389 1707 4448 tanquam
1740 4378 1887 4430 boves
1921 4371 1966 4427 D
1995 4379 2194 4441 lumine
2226 4390 2314 4434 tuo
2349 4381 2636 4436 videbimus
2681 4383 2857 4436 lumen
2883 4383 2950 4437 ".
2990 4381 3056 4437 Et
3087 4384 3388 4438 secundum
3421 4381 3573 4437 Salo-

302 4481 476 4546 edent,
498 4489 546 4532 et
577 4480 726 4548 vigor
760 4477 873 4546 ejus
901 4477 956 4530 in
981 4474 1193 4539 lumbis,
1220 4473 1387 4526 virtus
1412 4487 1529 4524 vero
1558 4471 1611 4523 in
1641 4469 1888 4523 umbilico

303 4573 496 4627 ventris
529 4569 662 4640 ejus.
708 4568 913 4623 Statuit
959 4567 1183 4620 caudam
1218 4565 1355 4617 sicut
1403 4577 1694 4632 cgpressus,
1747 4562 1889 4613 nervi

301 4663 416 4731 ejus
445 4661 703 4730 complexi
730 4667 853 4714 sunt
874 4658 1010 4711 sicut
1039 4656 1210 4724 funes,
1239 4653 1407 4706 latera
1429 4652 1540 4722 ejus
1563 4653 1695 4705 sicut
1719 4652 1889 4704 latera

303 4769 464 4818 aerea,
507 4761 558 4806 et
595 4751 814 4804 dorsum
856 4749 971 4818 ejus
998 4746 1066 4815 ⁸⁸,
1095 4754 1202 4801 etc.
1247 4743 1361 4800 Hoc
1395 4744 1764 4799 testimonium
1808 4741 1892 4797 fa-

303 4855 474 4900 cturae
509 4843 721 4899 Domini
749 4841 951 4898 factum
986 4841 1056 4895 ad
1087 4837 1424 4896 illudendum
1458 4836 1687 4907 angelis.
1714 4833 1898 4905 Itaque

303 4939 556 4993 diabolus
602 4937 779 5007 prima
811 4933 1016 4992 creatio
1061 4947 1184 4987 esse
1213 4931 1451 4999 scriptus
1497 4937 1581 4984 est
1611 4927 1794 4982 deludi
1829 4927 1898 4982 ab

303 5029 533 5098 attgelis,
561 5029 641 5083 sic
666 5027 814 5084 enim
842 5026 1104 5096 scriptum
1135 5031 1220 5077 est
1245 5039 1260 5077 :
1290 5021 1510 5077 Initium
1539 5022 1760 5089 factum
1783 5019 1893 5072 Do-

304 5125 469 5186 mini,
505 5122 706 5190 factum
741 5122 810 5176 ad
855 5117 1188 5174 illudendum
1230 5109 1524 5185 angelis“.
1559 5112 1674 5169 Nos
1713 5125 1895 5168 autem

306 5232 528 5270 sensum
560 5214 764 5269 Christi
797 5212 1060 5283 Spiritum
1097 5225 1218 5264 esse
1255 5209 1322 5262 de
1364 5207 1665 5277 Scripturis
1694 5209 1898 5262 sanctis

307 5307 622 5376 didicimus,
659 5307 806 5364 sicut
831 5305 1035 5360 Paulus
1064 5303 1283 5374 scripsit
1322 5321 1334 5355 :
1369 5300 1472 5356 Sed
1503 5303 1645 5355 docti
1678 5300 1742 5354 ab
1771 5299 1899 5371 Spi-

378 5451 423 5482 “
445 5449 613 5518 Apoc.
649 5465 784 5511 xxn,
821 5447 928 5502 1—2.
1040 5448 1086 5518 ﬁ“
1114 5446 1256 5502 Psal.
1283 5463 1404 5510 ην,
1433 5447 1485 5501 5.

309 5535 454 5582 LHV,
489 5516 574 5572 ιι).
653 5522 694 5551 ⁵¹
732 5518 928 5573 Jcrcm.
959 5531 1018 5581 ιι,
1048 5516 1131 5570 15.
1243 5518 1288 5548 ⁵²
1320 5519 1485 5572 Amos
1523 5533 1595 5580 tv,
1641 5519 1844 5580 12,15.

310 5591 353 5624 ν’
392 5591 522 5646 ibid.
554 5590 734 5643 10-15.
814 5589 854 5619 ⁸⁷
882 5588 1069 5641 Matth.
1109 5605 1206 5649 χιι,
1245 5587 1336 5642 ‘28.
1415 5588 1459 5618 ⁸⁸
1490 5586 1620 5642 an.
1655 5605 1731 5653 χι,
1763 5588 1852 5642 9.0.

315 5662 398 5724 10.
478 5663 520 5692 δ’
556 5660 712 5716 Prov.
746 5677 837 5725 xx,
873 5659 961 5712 Ἦ.
1039 5659 1082 5689 ⁸⁸
1121 5657 1223 5716 ιδ..
1263 5675 1314 5726 x,
1362 5658 1446 5715 17.

1601 5448 1643 5479 ⁸⁷
1679 5446 1876 5516 Ephes.
1909 5463 1946 5513 ι,
1969 5447 2059 5501 ‘23.
2139 5446 2184 5477 ’⁵⁸
2229 5446 2367 5501 Psal.
2396 5461 2451 5500 xc

1641 5519 1844 5580 12,15.
1955 5517 2236 5581 l“John,
2275 5517 2451 5572 10-15.

1933 5590 1975 5621 ⁸⁸
1999 5589 2185 5644 Matth.
2227 5605 2326 5656 xu,
2355 5588 2444 5654 51,
2487 5588 2575 5642 52.

1527 5661 1569 5692 θ’
1603 5658 1739 5714 Gen.
1770 5675 1826 5726 ιι,
1855 5659 1905 5715 7.

1996 4487 2213 4527 monem
2247 4472 2304 4527 in
2337 4471 2647 4529 Proverbiis
2689 4475 3014 4530 scribentem
3049 4493 3062 4528 :
3092 4473 3214 4527 Lua:
3245 4473 3460 4528 Domini
3488 4475 3573 4527 in-

1994 4566 2217 4634 spiratio
2242 4574 2320 4619 est
2345 4565 2635 4634 hominum,
2659 4569 2749 4638 qui
2771 4577 3044 4622 scrutatur
3065 4567 3276 4620 interna
3301 4568 3493 4620 ventris
3508 4567 3573 4619 “.

1995 4657 2062 4713 Et
2093 4656 2287 4712 Isaiam
2319 4657 2586 4714 dicentem
2621 4676 2635 4712 :
2676 4659 2745 4713 Et
2787 4662 2888 4714 erit
2940 4661 3115 4714 lumen
3143 4660 3266 4713 huic
3313 4658 3487 4714 Israel
3522 4662 3576 4714 in

1995 4751 2198 4820 ignem,
2251 4759 2300 4804 et
2345 4753 2701 4818 sanctiﬁcabit
2745 4769 2865 4805 eum
2906 4754 3023 4824 igne
3066 4752 3275 4806 ardenti
3316 4753 3380 4804 ⁸³.
3429 4751 3578 4806 Hane

1995 4839 2349 4910 spirationem
2384 4839 2504 4895 Filii
2537 4839 2631 4894 Dei
2667 4855 2791 4895 esse
2822 4840 3022 4895 divinae
3053 4840 3351 4912 Scriptura:
3380 4842 3578 4900 docue-

1995 4940 2158 4996 runt,
2207 4932 2509 4986 secundum
2561 4931 2909 4988 Salomonem
2961 4933 3182 5003 quidem
3245 4935 3513 4990 dicentem
3560 4955 3573 4991 :

2000 5022 2120 5077 Lua:
2172 5022 2389 5076 Domini
2439 5024 2722 5093 inspiratio
2776 5036 2856 5079 est
2906 5026 3222 5090 hominum;
3280 5027 3576 5082 secundum

1997 5115 2237 5188 Moysem
2276 5135 2290 5170 :
2322 5115 2392 5170 Et
2430 5118 2653 5186 spiravit
2698 5117 2840 5172 Deus
2881 5119 3261 5187 spiramentum
3305 5119 3578 5191 [spiratio-

2000 5209 2140 5279 nem]
2164 5210 2306 5273 vitm,
2339 5217 2388 5262 et
2412 5208 2586 5278 factus
2610 5219 2684 5264 est
2714 5209 2869 5263 homo
2899 5212 2953 5264 in
2979 5212 3214 5265 animam
3241 5213 3489 5266 viventem
3509 5213 3574 5278 “,

2002 5312 2057 5357 et
2083 5301 2545 5371 quemadmodum
2593 5309 2784 5372 postea
2827 5314 3044 5358 creatus
3071 5311 3179 5359 'est
3217 5302 3411 5370 Adam,
3441 5307 3578 5360 acci-

2139 5446 2184 5477 ⁸⁸
2229 5445 2367 5501 Psal.
2396 5461 2524 5510 xcn,
2557 5447 2609 5508 5.
2643 5447 2698 5500 4.
2797 5447 2840 5479 ‘9
2866 5445 3024 5502 Joan.
3050 5462 3150 5511 vn,
3179 5446 3269 5500 58.
3359 5447 3404 5477 ⁵ο
3434 5445 3575 5510 Psal.

2550 5518 2595 5552 “
2627 5518 2760 5573 ibid.
2795 5519 2881 5572 14.
2996 5519 3039 5550 ’⁸
3075 5517 3092 5571 l
3122 5516 3250 5572 Cor.
3292 5532 3347 5577 ll,
3397 5518 3577 5572 15-16.

2550 5593 2575 5642 ι.
2655 5589 2868 5644 “Psal.
2908 5605 2960 5642 iv
3021 5588 3072 5644 7.
3171 5590 3210 5618 ⁶¹
3243 5586 3367 5643 Psal
3415 5605 3577 5644 xxxv.

2771 5604 2868 5644 sal.
2908 5605 2960 5642 ιν
3031 5604 3072 5645 l.
3171 5604 3210 5618 "'
3243 5604 3367 5643 I'SIil
3415 5605 3578 5659 XXIV,
