3794 6226
226 323 426 383 1217.
1265 328 1353 384 DE
1391 327 1764 384 TRINITATE
1805 328 1893 385 ΕΤ
1936 327 2206 385 SPIRITU
2255 326 2551 383 SANCTO.
3408 331 3553 388 i218

230 443 430 510 piens
462 443 717 513 spiritum
754 444 894 513 vitae,
921 454 977 501 et
1020 444 1196 500 factus
1229 456 1311 501 est
1342 447 1505 501 homo
1533 447 1586 501 in
1619 449 1857 503 animam
1887 455 1935 511 Α
1961 462 2077 518 qua:
2112 462 2316 501 necesse
2344 456 2439 508 est,
2473 455 2530 499 ut
2562 445 2871 500 abstineatis
2913 462 3000 501 vos
3045 446 3111 500 ab
3138 446 3473 518 idolothytis,
3500 454 3556 505 et

230 534 571 601 Viventem,
613 546 670 592 et
710 537 922 594 habens
956 537 1220 608 Spiritum
1249 548 1523 604 sanctum,
1557 541 1859 610 spiritualis
1966 540 2218 611 sanguine
2254 539 2512 608 stt/focato
2537 580 2553 605 ,
2596 556 2630 592 a
2674 540 2861 609 quibus
2913 539 3264 593 custodientes
3308 555 3396 593 vos
3430 539 3559 594 bene

226 638 411 694 erat,
445 630 583 685 adeo
617 641 680 685 ut
709 641 762 687 et
792 624 1167 702 prophetaret,
1199 632 1342 702 quod
1381 633 1546 703 hujus
1577 635 1655 689 rei
1682 637 1859 704 gratia
1967 633 2152 703 agetis.
2197 631 2376 686 Valete
2401 631 2466 685 “.
2497 630 2712 686 Etcum
2758 630 2995 701 Spiritus
3040 641 3266 688 sanctus
3312 632 3556 702 promul-

230 716 685 791 derelinqueret
717 721 882 775 homo
908 731 1115 790 patrem
1147 736 1308 776 suum
1334 731 1388 777 et
1419 731 1649 779 matrem
1677 740 1855 792 suam,
1966 734 2166 796 gasset,
2198 739 2390 780 omnes
2413 724 2670 780 Ecclesiae
2691 722 2896 779 Christi
2922 722 3242 779 custodiunt
3267 724 3401 787 bazc,
3424 723 3555 794 quin

228 819 314 865 et
350 812 661 868 adhaereret
688 813 845 868 uxori
875 829 1007 877 sum.
1034 822 1089 870 et
1108 822 1294 870 essent
1317 816 1427 869 duo
1454 815 1507 869 in
1531 832 1693 872 carne
1720 834 1856 873 una:
1966 816 2170 871 nemini
2197 831 2264 871 ex
2304 817 2423 880 his,
2463 831 2584 885 qua:
2617 823 2801 870 creata
2832 824 2977 881 sunt,
3004 815 3177 885 legem
3227 814 3347 869 orbi
3379 823 3554 869 terra-

234 919 493 959 necnon
543 913 598 960 et
650 906 797 961 illam
827 922 950 977 qua:
1000 919 1217 978 sumpta
1261 918 1343 964 est
1370 910 1439 965 de
1483 926 1543 967 se
1576 910 1857 967 mulierem
1968 923 2089 960 rum
2120 908 2251 962 dare
2296 922 2618 963 concessum
2652 915 2756 962 est.
2792 905 2977 976 itaque
3013 905 3258 961 videntes
3285 903 3550 975 Spiritum

233 1005 496 1052 vocaret
525 995 715 1064 Evam,
750 1000 1063 1068 prophetice
1090 999 1280 1057 dicens
1306 1003 1354 1057 ei
1383 1021 1394 1056 :
1427 1001 1558 1058 Haec
1581 1013 1658 1058 est
1692 1019 1860 1059 mater
1968 1010 2216 1055 sanctum
2248 999 2421 1068 legem
2458 999 2678 1055 dantem
2712 1016 2821 1054 non
2868 998 3248 1069 hlaSphement
3283 998 3548 1064 dicentes,

233 1089 512 1143 omnium
540 1091 826 1145 viventium
854 1091 920 1147 “.
948 1089 1126 1147 Simili
1161 1094 1323 1149 modo
1364 1104 1420 1149 et
1444 1111 1634 1152 omnes
1661 1097 1857 1163 sancti,
1966 1105 2091 1145 eum
2137 1105 2260 1146 esse
2304 1099 2545 1146 creatum
2579 1110 2593 1146 :
2645 1091 2902 1160 quoniam
2936 1090 3226 1161 praecipue
3281 1087 3552 1145 Dominus

240 1180 324 1235 in
362 1181 591 1237 nomine
624 1181 837 1247 Patris,
872 1186 927 1239 et
975 1184 1120 1253 Filii,
1161 1194 1217 1240 et
1258 1184 1496 1257 Spiritus
1536 1188 1730 1254 sancti,
1764 1204 1860 1259 per
1967 1170 2158 1237 contra
2203 1198 2299 1238 eos
2340 1183 2434 1253 qui
2479 1182 2859 1253 hlaSphemant
2902 1183 2957 1237 in
3007 1198 3133 1238 eum
3162 1181 3339 1236 dicit:
3384 1180 3551 1236 Omne

240 1270 682 1341 impositionem
711 1288 972 1329 manuum
1003 1275 1303 1331 sacerdotis
1329 1275 1423 1331 Dei
1450 1276 1711 1348 Spiritum
1738 1294 1861 1334 san-
1965 1280 2237 1342 peccatum
2279 1280 2329 1325 et
2377 1272 2700 1342 blasphemia
2748 1273 3046 1329 remittetur
3092 1272 3420 1337 hominibus.
3458 1272 3550 1343 qui

242 1370 426 1416 ctum
460 1363 779 1428 consecuti,
821 1363 889 1419 ad
924 1365 1210 1436 antiquum
1244 1365 1628 1431 restituuntur,
1661 1368 1713 1421 in
1750 1382 1860 1438 quo
1967 1372 2145 1417 autem
2178 1362 2610 1431 blasphemaverit
2654 1364 2711 1418 in
2746 1363 2951 1434 Spiritu
2983 1372 3189 1429 sancto,
3230 1378 3333 1416 non
3370 1364 3550 1416 remit-

238 1466 434 1508 erant
470 1462 600 1510 ante
633 1456 1132 1524 prtevaricationem
1169 1457 1366 1513 Adam.
1412 1457 1480 1513 Et
1510 1459 1614 1516 hoc
1652 1458 1858 1531 Spiritu
1968 1465 2107 1510 tetur
2138 1456 2209 1523 ei,
2238 1471 2397 1525 neque
2436 1456 2501 1509 in
2551 1456 2647 1509 hoc
2691 1456 2923 1520 swculo,
2969 1471 3130 1526 neque
3174 1456 3231 1508 in
3277 1455 3458 1523 futuro
3480 1453 3547 1506 ".

249 1543 447 1614 legem
502 1545 667 1600 dante
708 1547 762 1600 in
797 1545 1053 1605 Ecclesiis
1085 1553 1351 1620 gentium,
1390 1565 1491 1605 nos
1533 1566 1710 1621 neque
1739 1567 1861 1606 car-

248 1650 401 1691 nem
434 1635 904 1703 circumciditnus,
951 1653 1130 1708 neque
1175 1640 1465 1694 carnaliter
1490 1639 1659 1711 legem
1688 1639 1859 1712 Moysi

249 1727 639 1785 custodimus.
684 1726 820 1783 Nam
852 1745 975 1784 cum
1002 1728 1231 1798 Paulus,
1257 1740 1313 1786 et
1349 1731 1443 1802 qui
1476 1747 1599 1787 cum
1628 1747 1692 1788 eo
1724 1749 1861 1803 prae-

1965 1546 2084 1603 Non
2127 1556 2308 1603 autem
2342 1547 2472 1602 talia
2493 1546 2561 1604 dc
2585 1562 2652 1603 eo
2677 1549 2883 1604 diceret
2906 1546 3191 1612 Dominus,
3219 1546 3264 1602 si
3298 1559 3551 1602 creatura

1970 1646 2136 1695 esset.

2070 1730 2273 1787 Deinde
2330 1739 2386 1786 et
2435 1730 2490 1784 in
2541 1730 2680 1786 libro
2732 1728 3045 1799 Regnorum
3104 1730 3363 1785 scribitur
3418 1747 3432 1784 :
3491 1728 3550 1784 Si

249 1818 533 1874 dicabant
574 1820 824 1890 gentibus
873 1818 1107 1876 Verbum
1155 1820 1394 1888 Domini,
1432 1831 1487 1895 et
1532 1824 1624 1893 qui
1668 1822 1854 1881 ﬁdeles
1886 1821 1928 1881 Β
1955 1823 2247 1887 peccaverit
2287 1822 2368 1876 vir
2401 1821 2459 1875 in
2488 1822 2682 1887 virum,
2726 1820 2900 1875 orabit
2937 1837 3031 1889 pro
3067 1837 3126 1874 eo
3167 1822 3461 1885 sacerdos;
3499 1822 3549 1874 si

250 1909 495 1966 fuerant
541 1912 610 1967 de
655 1914 1078 1969 circumcisione
1125 1914 1413 1971 dicentes:
1456 1915 1595 1982 Quia
1645 1926 1861 1986 oportet

250 2005 670 2060 circumcidere
707 2020 823 2070 eos,
855 2016 908 2061 et
944 2007 1240 2077 praecipere
1264 2007 1345 2063 eis
1377 2008 1658 2064 custodire
1688 2008 1855 2079 legem

252 2095 473 2168 Moysi,
515 2097 685 2167 jussit
729 2096 967 2167 Spiritus
1009 2109 1232 2155 sanctus
1288 2115 1399 2155 non
1443 2100 1760 2156 circumcidi
1792 2116 1859 2156 ex

254 2187 530 2257 gentibus
569 2186 873 2254 credentes,
923 2204 1100 2260 neque
1129 2188 1422 2243 carnaliter
1469 2189 1637 2245 ritum
1677 2189 1855 2261 sequi,

254 2295 438 2349 quem
474 2279 689 2351 Moyses
725 2279 929 2337 Judaais
957 2281 1180 2337 tradidit
1212 2298 1225 2333 :
1255 2282 1594 2352 scripserunt
1629 2282 1861 2354 apostoli

260 2373 338 2426 iis
370 2371 469 2442 qui
512 2387 580 2426 ex
609 2373 860 2443 gentibus
906 2381 1083 2439 erant,
1111 2373 1224 2429 haec
1250 2391 1264 2428 :
1288 2373 1531 2444 Apostoli
1552 2382 1604 2427 et
1640 2374 1858 2444 presby-

262 2464 374 2517 teri
414 2463 632 2532 fratres,
670 2464 736 2518 iis
778 2464 870 2534 qui
916 2464 1230 2531 Antiochiae,
1258 2476 1306 2520 et
1339 2463 1532 2536 Syriaz,
1577 2474 1625 2520 et
1656 2464 1860 2519 Cilicia:

265 2555 561 2625 fratribus,
593 2556 685 2627 qui
729 2566 852 2611 sunt
880 2571 946 2610 ea:
992 2556 1257 2628 gentibus,
1302 2557 1550 2612 salutem.
1596 2557 1859 2622 Quoniam

263 2647 599 2714 audivimus,
629 2648 769 2718 quod
816 2664 881 2702 ea:
928 2648 1077 2704 nobis
1125 2649 1343 2718 quidam
1386 2649 1725 2704 turbaverunt
1769 2666 1858 2704 vos

264 2739 443 2793 rerbis
470 2755 589 2810 quis
636 2756 743 2794 non
781 2743 1152 2796 constituimus
1183 2758 1201 2796 :
1246 2743 1413 2798 uisum
1449 2750 1527 2797 est
1557 2741 1706 2819 nobis
1737 2758 1859 2795 con-

262 2831 506 2901 gregatis
546 2832 601 2885 in
628 2832 858 2902 idipsum
889 2836 1095 2889 mittere
1137 2835 1207 2888 ad
1247 2850 1334 2889 vos
1379 2850 1500 2888 cum
1530 2834 1858 2888 charissimis

263 2920 470 2972 nostris
511 2918 684 2974 Paulo
723 2932 772 2974 et
820 2921 1093 2992 Barnaba,
1140 2923 1440 2979 hominibus
1486 2925 1576 2995 qui
1627 2925 1860 2979 tradide-

262 3020 399 3064 runt
446 3012 653 3066 animas
701 3029 827 3067 suas
858 3030 953 3083 pro
1001 3017 1211 3071 nomine
1254 3016 1473 3071 Domini
1519 3020 1686 3072 nostri
1729 3016 1860 3072 Jesu

262 3100 498 3167 Christi,
519 3101 720 3158 ludam
747 3115 797 3160 et
824 3103 1017 3176 Silam,
1042 3117 1092 3162 et
1117 3109 1259 3179 ipsos
1298 3125 1389 3178 per
1417 3110 1628 3162 verbum
1652 3125 1859 3162 annun-

262 3197 467 3251 tiantes
516 3198 720 3253 eadem.
776 3197 961 3253 Visum
1000 3210 1076 3255 est
1118 3203 1258 3255 enim
1301 3200 1529 3271 Spiritui
1580 3214 1763 3256 sancto
1803 3213 1856 3256 et

258 3286 444 3352 nobis,
485 3288 624 3343 nihil
668 3290 898 3360 amplius
926 3292 1126 3359 imponi
1171 3291 1311 3347 vobis
1339 3294 1533 3358 oneris,
1573 3305 1765 3363 praeter
1791 3309 1854 3347 ea

344 3445 390 3477 ⁸³
418 3444 552 3502 Gen.
584 3461 667 3513 tu,
700 3445 794 3501 20.
873 3449 918 3481 °°
941 3449 1061 3504 Act.
1101 3445 1192 3513 xv,
1217 3449 1403 3506 25-29.
1485 3450 1530 3482 ⁵⁷
1557 3448 1744 3504 Matth.
1777 3466 1846 3504 χιι

2015 3448 2091 3502 52.

1961 1930 2078 1968 vero
2115 1914 2171 1968 in
2212 1913 2495 1967 Dominum
2526 1913 2835 1983 peccaverit,
2875 1913 2993 1983 quis
3035 1911 3208 1966 orabit
3249 1929 3345 1982 pro
3376 1929 3435 1967 eo
3462 1912 3551 1965 ⁸⁸2

1960 2003 2027 2059 Et
2050 2003 2136 2060 his
2172 2004 2371 2059 similia
2395 2005 2463 2060 de
2504 2004 2708 2076 Spiritu
2744 2016 2933 2060 sancto
2965 2005 3131 2060 etiam
3169 2003 3437 2059 Dominus
3465 2004 3550 2058 di-

1959 2096 2062 2162 xit,
2096 2097 2234 2152 sicut
2283 2097 2536 2167 superius
2565 2096 2922 2167 probavimus
2954 2114 2968 2151 :
3011 2093 3320 2164 Quicunque
3349 2096 3547 2149 dixerit

1959 2189 2170 2253 verbum
2197 2190 2252 2243 in
2283 2187 2332 2242 F
2334 2189 2487 2243 ilium
2532 2188 2782 2251 hominis,
2828 2188 3125 2242 remittetur
3148 2188 3548 2258 ei;quicunque

1959 2282 2014 2336 in
2050 2278 2309 2349 Spiritum
2336 2287 2603 2345 sanctum,
2636 2294 2798 2348 neque
2830 2277 2885 2332 in
2932 2278 3029 2331 hoc
3061 2279 3257 2333 sazculo
3304 2279 3547 2332 remitte-

1961 2380 2047 2424 tur
2073 2372 2142 2434 ei,
2178 2386 2341 2440 neque
2385 2371 2441 2423 in
2482 2369 2685 2437 futuro.
2715 2368 2867 2425 Hanc
2898 2370 3064 2440 igitur
3092 2371 3544 2440 pertimescentes

1961 2463 2307 2530 sententiam,
2341 2470 2394 2516 et
2432 2461 2718 2517 audientes
2765 2471 2969 2533 quanta
3008 2462 3074 2517 de
3117 2461 3323 2533 Spiritu
3354 2471 3547 2518 sancto

1961 2553 2255 2625 Scriptura:
2298 2552 2556 2621 dixerint,
2607 2553 2792 2623 qualia
2839 2538 2906 2608 de
2943 2551 3101 2608 Patre
3129 2563 3182 2608 et
3226 2551 3386 2619 Filio,
3414 2552 3547 2607 talia

1959 2647 2123 2704 etiam
2158 2646 2226 2700 de
2259 2644 2467 2716 Spiritu
2517 2654 2709 2700 sancto
2750 2645 3049 2714 sapiamus.
3084 2642 3352 2710 Quoniam
3403 2643 3546 2699 sicut

1959 2742 2234 2799 credimus
2262 2741 2315 2795 in
2348 2738 2520 2794 Deum
2543 2737 2784 2805 Patrem,
2816 2746 2872 2792 et
2898 2737 2953 2792 in
2980 2737 3178 2793 Filium
3214 2738 3333 2808 ejus
3360 2737 3547 2806 unige-

1960 2833 2158 2902 nitum,
2206 2832 2280 2888 ita
2314 2830 2589 2887 credimus
2618 2839 2673 2886 et
2712 2830 2767 2884 in
2799 2828 3064 2899 Spiritum
3105 2837 3374 2885 sanctum.
3400 2827 3467 2883 Et
3498 2829 3546 2884 si

1959 2925 2224 2995 haptizati
2263 2939 2459 2981 sumus
2494 2923 2550 2978 in
2591 2922 2814 2977 nomine
2846 2920 3049 2990 Patris,
3081 2930 3135 2977 et
3165 2921 3313 2987 Filii,
3341 2931 3394 2978 et
3423 2921 3549 2993 Spi-

1958 3017 2100 3073 ritus
2129 3017 2327 3083 sancti,
2377 3017 2524 3087 quod
2558 3016 2701 3073 sicut
2740 3017 3038 3081 credimus.
3068 3026 3124 3073 et
3156 3019 3410 3090 baptizati
3445 3034 3548 3075 su—

1960 3124 2106 3173 mus,
2146 3109 2223 3163 ita
2268 3109 2567 3166 sentientes
2609 3109 2677 3165 de
2718 3108 2988 3167 Trinitate
3017 3120 3070 3165 et
3100 3111 3377 3169 imitantes
3413 3114 3546 3169 ado-

1959 3202 2225 3257 rationem
2262 3203 2574 3274 seraphim,
2612 3204 2858 3262 lneredes
2891 3206 3045 3277 regni
3093 3205 3355 3262 caelorum
3404 3206 3545 3263 eﬂici

1958 3292 2283 3364 poterimus.

2173 3450 2217 3483 ⁸⁸
2244 3447 2267 3503 l
2302 3449 2436 3520 Reg.
2466 3466 2523 3509 ll.
2555 3451 2649 3508 25.

318 3631 3530 3673 ,σου-Ἢ*

311 3767 421 3856 “in
456 3765 743 3859 editione
774 3770 1018 3829 Veneta
1063 3767 1261 3909 φρωί
1302 3771 1543 3909 [ferte
1574 3790 1642 3846 ιι,
1676 3789 1819 3853 pag.
1857 3774 2006 3848 783,
2041 3775 2144 3838 ed.
2183 3775 2425 3841 Bened.
2450 3784 2494 3839 t.
2529 3778 2609 3851 ll,
2646 3795 2706 3857 p.
2739 3777 2882 3858 981)
2916 3779 3217 3857 sequitur
3251 3778 3533 3842 Athana-

311 3861 354 3906 ιι
389 3845 685 3909 Ευιειοια
721 3846 804 3908 ad
849 3848 1065 3909 Marce
1094 3848 1315 3909 linum.
1395 3868 1429 3909 θ
1483 3853 2012 3909 interpretatione
2069 3855 2492 3909 Psalmnrnm.
2558 3866 2692 3909 mm
2756 3858 3098 3909 Eamnsitin
3129 3860 3199 3909 in
3227 3859 3528 3909 Psalmna-

265 3845 354 3936 iii
389 3845 685 3936 Epistola
721 3846 820 3936 uel
849 3845 1315 3936 Marcellinum,
1349 3845 1429 3936 _de
1482 3845 2012 3936 interpretatione
2042 3855 2492 3936 Psalmorum,
2558 3845 2694 3919 tum
2748 3845 3098 3936 Exposiiio
3129 3860 3199 3920 in
3219 3859 3529 3921 Psalmos.

263 3925 978 4018 B.aac.,.juxta“ordinem
1031 3942 1068 3988 a
1097 3926 1284 3989 nobis
1343 3925 1738 4007 institutum,
1800 3932 2155 4013 exegeticis
2208 3925 2780 4000 annumeravimus
2813 3925 2959 4018 quas
2996 3945 3209 3999 tomus
3237 3940 3329 4002 Ill
3360 3954 3534 4000 com-

268 4003 595 4081 plectitur.
639 4008 821 4068 Enn‘.

1166 4215 3527 4251 __.....___.__.___.____________________________

1657 4367 2145 4435 ADMONITIO.

341 4517 746 4603 785-101]
780 4519 935 4602 Quod
967 4524 1306 4603 subsequitur
1332 4524 1692 4603 fragmentum
1720 4538 2025 4603 excerptum
2054 4529 2264 4584 videtur
2293 4547 2360 4586 ea:
2384 4531 2618 4603 quadam
2642 4532 2864 4587 homilia
2894 4532 3192 4589 Athanasio
3233 4535 3533 4590 attributa:

265 4606 398 4672 nant
432 4608 502 4673 uin
532 4592 959 4673 itit/tan'asiiuere
988 4592 1151 4673 fuerit
1180 4592 1545 4673 id_in'ine'erto
1574 4611 1836 4673 cernatur.
1874 4592 2018 4673 Sane
2052 4592 2629 4673 conspicuum'mtllum
2656 4605 2878 4673 praefert
2909 4605 3295 4660 Athanasiame
3332 4609 3533 4662 oratio-

266 4663 350 4715 nis
381 4661 661 4717 indicium.
690 4662 880 4716 Prodit
908 4661 1189 4719 ex’codice
1213 4664 1337 4737 Reg.
1366 4665 1529 4733 2999,
1563 4668 1660 4738 fol.
1694 4668 1802 4723 274
1821 4709 1837 4738 ,
1865 4670 1953 4723 cui
1975 4671 2111 4724 inest
2135 4661 2339 4727 Catena
2371 4673 2426 4726 in
2459 4671 2636 4743 Epist.
2656 4661 2735 4727 'ad
2760 4661 3034 4728 Hebraeos.

261 4930 396 4984 γον.

346 5003 487 5057 Ἀλλ’
519 5003 727 5058 ἄνωθεν
758 5004 919 5059 πάλιν
952 5003 1150 5078 ἴδωμεν
1185 5008 1269 5071 τίς
1308 5009 1457 5063 ἐστιν
1497 5012 1530 5083 ἡ
1574 5011 1719 5085 ἀρχὴ
1753 5014 1846 5066 τσῦ

261 5093 425 5163 λόγου
445 5111 460 5126 ⁸
489 5095 655 5158 αὐτὸς
685 5096 887 5166 ἑφεξῆς
928 5096 1111 5168 τίθησι
1150 5098 1325 5168 λέγων
1354 5119 1366 5131 ·
1413 5101 1508 5174 Μὴ
1540 5102 1733 5158 πάλιν
1761 5108 1849 5159 θε-

256 5186 476 5256 μέλιον
515 5189 1026 5258 καταϐαλλόμενοι
1065 5193 1409 5260 μετανοίας,
1457 5195 1552 5248 καὶ
1601 5195 1669 5249 τὰ
1696 5195 1846 5268 ἑξῆς.

262 5277 328 5330 Εἰ
350 5279 409 5332 δὲ
428 5278 588 5333 τοῦτο
609 5281 775 5352 ἁρχὴ,
791 5281 845 5334 τί
862 5281 989 5335 ἄλλο
1009 5283 1126 5335 ἐστὶ
1148 5284 1209 5336 τὸ
1227 5283 1405 5356 δόγμα
1419 5285 1481 5339 τὸ
1499 5286 1788 5360 ἡμέτερον,
1808 5289 1842 5360 ἢ

262 5371 326 5426 τὸ
352 5373 684 5443 μετανοῆσαι
710 5375 818 5428 ἀπὸ
847 5375 1058 5446 νεκρῶν
1073 5376 1273 5450 ἔργων,
1293 5380 1386 5432 καὶ
1408 5379 1500 5434 διὰ
1542 5380 1636 5435 τοῦ
1679 5380 1847 5435 πνεύ-

190 5503 194 5506 ‹
265 5481 441 5532 ματος
467 5464 651 5518 λαϐεῖν
681 5467 781 5538 τὴν
804 5467 990 5521 πίστιν
1037 5470 1118 5535 εἰς
1149 5470 1446 5527 ἀνάστασιν
1494 5472 1704 5545 νεκρῶν
1740 5471 1845 5526 καὶ

262 5556 529 5625 κρίματος
547 5558 765 5612 αἰωνίου
786 5577 799 5626 ;
827 5559 893 5613 Τί
912 5559 968 5614 δέ
985 5562 1130 5616 ἐστιν
1148 5562 1314 5635 ἀρχή;
1336 5562 1487 5620 οὐδὲν
1513 5563 1642 5619 ἄλλο
1670 5563 1703 5636 ἢ
1725 5562 1844 5618 τοῦ-

340 5715 383 5748 ⁶⁹
418 5713 583 5770 Hebr.
637 5731 713 5782 vr,
772 5717 823 5769 i.
935 5717 982 5750 ⁷⁸
1013 5717 1163 5774 ibid.‘

335 4821 435 4875 Διὸ
480 4818 738 4890 ἀφέντες
774 4819 881 4874 τὸν
920 4821 1033 4893 τῆς
1064 4822 1259 4894 ἀρχῆς
1295 4824 1402 4880 τοῦ
1439 4825 1701 4895 Χριστοῦ
1747 4824 1846 4881 λό-

2027 4829 2361 4901 Quapropter
2381 4832 2784 4887 intermittentes
2812 4830 3165 4887 inchoationis
3196 4832 3397 4891 Christi
3423 4855 3533 4894 ser.

908 4932 921 4948 '
1955 4939 2160 4976 manem
2184 4923 2251 4977 5’.

2024 5013 2129 5069 Sed
2157 5028 2215 5068 re
2244 5013 2408 5069 altius
2432 5014 2660 5082 repetita
2692 5026 2911 5067 rursum
2950 5012 3253 5078 videamus,
3295 5029 3418 5085 qua:
3459 5017 3531 5072 sit

1952 5104 2230 5161 inchoatio
2269 5104 2581 5172 sermonis;
2619 5104 2671 5158 id
2703 5105 2820 5174 ipse
2865 5118 3086 5158 rursum
3128 5114 3316 5174 posth
3355 5122 3524 5178 expo—

1951 5199 2052 5262 nit,
2088 5197 2176 5252 his
2204 5196 2419 5251 verbis:
2443 5194 2565 5250 Non
2592 5212 2806 5250 rursum
2828 5196 3087 5266 jacientes
3124 5197 3526 5265 fundamentum

1948 5287 2355 5358 paenitentiae",
2394 5296 2448 5342 et
2487 5296 2700 5343 caetera.
2737 5287 2895 5354 Quod
2926 5287 2975 5345 si
3006 5288 3135 5343 illud
3183 5290 3253 5345 sit
3286 5290 3527 5350 initium.

1951 5379 2084 5451 quid
2114 5379 2262 5435 aliud
2294 5377 2542 5434 doctrina
2573 5386 2763 5433 nostra
2796 5387 2900 5443 est,
2949 5394 3114 5449 quam
3150 5380 3527 5449 paenitentiam

1951 5486 2075 5528 esse
2106 5467 2372 5540 agendam
2398 5467 2468 5522 ab
2495 5467 2754 5537 operibus
2782 5469 3035 5535 mortuis,
3062 5484 3126 5523 ac
3155 5483 3249 5538 per
3272 5470 3527 5539 spiritum

1951 5559 2339 5619 assumendam
2366 5573 2488 5616 esse
2522 5557 2683 5614 tidem
2711 5558 2768 5614 in
2791 5557 3251 5618 resurrectionem
3283 5568 3527 5620 mortuo~
