3794 6226
344 378 483 438 1219
940 382 1000 439 S.
1039 382 1413 440 ATHANASII
1452 384 1602 441 OPP.
1642 384 1826 443 PARS
1865 389 1905 444 l.
1952 423 2022 436 —-
2059 390 2434 452 HISTORICA
2475 397 2566 453 ET
2606 397 3031 457 DOGMATICA.
3470 406 3620 464 12Ξο

340 508 464 548 rum
488 502 544 548 et
569 492 1073 550 condemnationem
1105 504 1363 552 aeternam
1384 497 1410 550 τ
1442 496 1584 564 Quid
1617 509 1799 555 autem
1833 522 1838 551 ι

2128 508 2318 581 Ἀρχὴ,
2345 511 2529 583 φησὶν,
2550 512 2677 566 ὅταν
2709 514 2785 587 μὴ
2810 513 2924 584 βίος
2942 508 3179 589 ἀκριϐὴς
3212 522 3385 592 παρῇ.
3419 522 3617 575 Καθά-

338 582 596 638 initium?
618 583 754 638 nihil
787 583 934 639 aliud
958 600 1123 655 quam
1166 586 1273 640 hoc
1316 594 1418 641 est.
1443 586 1689 654 Initium,
1720 590 1836 661 inqt

2118 616 2131 651 ι
2158 598 2264 671 γὰρ
2282 601 2372 654 τὸν
2401 603 2481 666 εἰς
2504 603 2603 674 τὴν
2639 582 2874 677 μάθησιν
2906 582 3390 681 τῶν-γραμμάτων
3426 614 3616 684 εἰσερ-

336 684 440 740 est,
465 688 588 729 cum
614 687 721 729 non
744 675 899 730 adest
932 677 1103 745 proba
1143 685 1198 731 ct
1248 689 1507 733 accurata
1556 681 1691 738 vita.
1742 681 1834 738 Sic

2117 708 2251 744 ιενον
2278 692 2346 746 τὰ
2373 698 2611 766 στοιχεῖα
2634 696 2715 750 δεῖ
2741 698 2958 769 πρῶτον
3002 699 3236 755 ἀκοῦσαι
3259 741 3275 766 ,
3326 703 3473 758 οὓτω
3519 704 3615 757 καὶ

335 763 483 817 enim
533 778 659 818 eum
712 763 810 834 qui
850 764 1196 834 disciplinam
1250 766 1555 823 litterarum
1594 768 1828 841 iugredit

2111 800 2113 813 ’
2140 782 2465 852 Χριστιανὸν
2492 763 2672 841 ταῦτα
2703 763 2903 842 εἰδέναι
2945 791 3193 862 ἀκριϐῶς
3227 763 3446 865 πρῶτον
3480 796 3609 869 χρὴ,

333 862 546 923 oportet
580 854 820 923 primum
867 855 1133 910 elementa
1179 858 1497 914 auscultare
1542 869 1599 915 et
1626 862 1831 918 ediscet

2145 872 2280 943 μηδὲ
2313 874 2678 945 ἀμφιδάλλειν
2704 881 2833 951 περὶ
2871 854 3073 938 αὐτῶν.
3109 854 3255 939 Erae
3273 854 3613 942 ’δέοιτο

331 943 408 999 ita
448 951 504 999 et
554 942 934 1000 Christianum
982 946 1099 1002 haec
1153 948 1390 1016 primum
1449 960 1709 1007 accurate
1753 969 1825 1008 no

2137 942 2514 1035 διδασκαλίαν,
2549 969 2701 1026 οὔπω
2744 942 2837 1028 τόν
2884 974 3132 1046 θεμέλιον
3170 978 3304 1049 ἔχει.
3357 980 3463 1034 Τὸν
3498 982 3609 1055 γάρ

330 1045 567 1105 oportet,
591 1052 691 1093 nec
729 1038 1004 1095 ullatenus
1034 1040 1119 1095 his
1152 1040 1221 1095 de
1251 1043 1417 1099 rebus
1454 1044 1729 1100 dubitare.
1759 1045 1828 1113 ρι

2109 1061 2231 1112 ιαῖον
2272 1062 2583 1133 πεπηγέναι
2617 1064 2723 1137 χρὴ
2766 1067 2861 1119 καὶ
2896 1038 3139 1131 ἑστάναι.
3188 1038 3284 1124 ιῖαι
3325 1073 3401 1143 μὴ
3442 1038 3607 1143 μεταἰ

330 1127 377 1180 si
408 1128 657 1183 doctrina
686 1130 778 1184 ille
824 1139 1015 1200 egeat,
1054 1132 1295 1187 nondum
1351 1136 1535 1204 posuit
1585 1136 1828 1193 fundamt

2108 1149 2305 1205 εἰσθαι.
2338 1127 2497 1206 Είνδὲ
2531 1127 2723 1225 μέλλοι.
2744 1174 2828 1222 τις
2853 1199 2868 1225 ,
2899 1127 3234 1231 κατηχηθεὶς
3274 1127 3370 1215 κᾶι
3390 1127 3606 1233 Ιβαπτιη

328 1227 466 1272 ιιιιιι.
496 1217 637 1272 Eum
672 1234 910 1289 namque
941 1220 1033 1289 qui
1060 1220 1254 1276 ﬁrmus
1280 1232 1384 1290 est,
1426 1234 1641 1294 oportet
1669 1242 1826 1283 consc

2103 1241 2183 1305 :‘tg,
2233 1242 2372 1313 μετά
2415 1244 2509 1317 ἔτη
2532 1217 2692 1302 ’δέκα
2729 1217 2866 1321 περὶ,
2901 1217 3137 1315 πῖστέως
3168 1217 3330 1306 πάλιν
3356 1217 3601 1323 ἀκούειν,

327 1310 517 1365 datum
549 1326 672 1367 esse
703 1327 767 1367 ac
806 1314 1129 1382 consistere,
1158 1330 1337 1386 neque
1378 1316 1650 1372 ullatenus
1682 1334 1825 1375 mow

2104 1371 2108 1384 .
2144 1334 2226 1386 ὅτι
2254 1336 2549 1391 πιστεῦσαι
2584 1339 2690 1411 χρὴ
2735 1342 2815 1404 είς
2847 1341 3147 1396 ἀνάστασιν
3184 1344 3417 1417 νεκρῶν,
3448 1345 3602 1402 οὔπω

327 1399 485 1468 Quod
513 1402 561 1458 si
590 1402 838 1457 futurum
875 1406 1171 1476 aliquando
1199 1415 1302 1470 est,
1331 1415 1392 1461 ut
1413 1408 1507 1479 qui
1539 1410 1823 1466 institutus

2103 1444 2105 1457 ν
2147 1424 2394 1496 θεμέλιον
2440 1399 2803 1498 ἔχει
2839 1432 2940 1505 τὴν
2984 1434 3159 1505 ἀρχὴν
3193 1399 3301 1488 τοῦ.
3337 1399 3601 1507 Χριστιαξ-

326 1491 435 1547 ﬁde
486 1503 542 1548 et
594 1495 906 1565 baptizatus
948 1506 1033 1551 est
1076 1506 1201 1566 post
1254 1497 1441 1552 decem
1486 1514 1661 1556 annos
1691 1501 1760 1556 de
1806 1506 1824 1557 ι

2171 1491 2225 1570 ιῦ-
2255 1517 2427 1590 ζητεῖ.
2468 1491 2591 1574 ἐνδτι
2643 1521 2754 1594 γὰρ
2808 1525 2842 1595 ὴ
2890 1491 3352 1597 πίστιςὶθεμέλιος
3377 1491 3407 1592 ,Ι
3449 1529 3512 1581 τὸ
3541 1529 3599 1582 δὲ
3666 1512 3669 1518 Α

325 1593 548 1634 rursum
580 1580 790 1649 audiat,
824 1598 1019 1654 nempe
1050 1584 1377 1639 credendam
1414 1601 1538 1642 esse
1564 1598 1823 1645 mortuom

2103 1580 2197 1664 πὸν
2238 1580 2531 1683 οἰκοδομεῖ,
2565 1580 2734 1668 ἄκόυε
2762 1580 2931 1669 αύιτοῦ
2976 1580 3228 1685 λέγοντος
3255 1635 3267 1647 ·
3507 1580 3601 1676 0;.

324 1673 780 1728 resurrectionem
807 1713 822 1737 ,
868 1673 916 1729 is
956 1675 1198 1729 nondum
1241 1674 1405 1731 habet
1453 1676 1822 1737 fundamentul

2097 1699 2221 1750 ,ttor
2243 1673 2479 1754 τέθεικα
2512 1673 2527 1730 ξ
2561 1701 2756 1769 ἄλλος
2790 1673 3184 1776 ἐποικοδόμεῐ.
3206 1673 3290 1761 ”Τι
3330 1673 3400 1762 δέ.
3425 1673 3595 1774 ἐστιν,

322 1763 526 1834 quippe
562 1765 658 1836 qui
690 1780 910 1821 rursum
942 1765 1352 1823 Christianismi
1388 1767 1604 1824 initium
1631 1774 1820 1843 exquir

2100 1787 2154 1841 τί
2181 1787 2297 1857 τὴν
2323 1793 2670 1861 τελειότητα
2697 1763 3044 1864 ςέερώμεθω
3063 1763 3237 1869 ’Πρὸς
3276 1798 3451 1871 αὐτὴν

319 1853 460 1910 Nam
487 1855 632 1926 quod
666 1855 803 1911 ﬁdes
825 1857 896 1912 sit
926 1855 1365 1927 fundamentum,
1392 1875 1457 1916 ac
1482 1862 1628 1932 quod
1659 1879 1817 1934 super

2097 1895 2193 1949 μεν
2211 1853 2419 1947 λοιπὸν,
2444 1853 2600 1955 φησι,
2634 1853 2734 1958 τὴν
2767 1853 2991 1960 όρόφὴν,
3020 1853 3293 1955 τουτέστι,
3325 1853 3444 1962 βίόν
3472 1853 3595 1965 ἰρι-

318 1946 518 2003 deiude
548 1946 618 2003 ad
657 1946 1074 2004 aediﬁcationem
1118 1949 1387 2017 conferat,
1415 1954 1544 2009 audi
1595 1955 1776 2026 ipsum

2099 1946 2133 2022 iv
2180 1970 2414 2042 ἔχωμεν.
2456 1946 2703 2050 flleret-:9.
2738 1946 2848 2053 γάρ
3037 1979 3147 2035 τῶν
3197 1946 3481 2053 στάγείων
3511 1946 3597 2039 ,τὸ

318 2047 619 2108 quentem:
657 2037 770 2110 Ego
794 2040 1197 2107 fundamentum
1219 2037 1394 2113 positi,
1424 2045 1568 2101 alius
1612 2063 1815 2117 superte

2095 2078 2117 2115 ν
2167 2037 2242 2116 τδ-
2281 2037 2429 2136 ἀλφα
2474 2037 2689 2139 συνέχεί
2719 2037 2763 2137 ,'
2793 2037 2888 2125 καὶ
2923 2073 2952 2125 ὁ
2990 2070 3242 2144 θεμέλιος
3273 2037 3373 2147 τίὲν
3408 2037 3593 2130 πᾶσαν

316 2129 448 2199 ﬁcat
471 2130 539 2185 ".
570 2128 713 2197 Quid
738 2140 824 2188 est
852 2141 1060 2201 autem,
1104 2135 1175 2188 ad
1207 2137 1522 2208 perfectiora
1553 2137 1795 2207 feramur

327 2218 399 2243 υ
428 2228 628 2243 .--.___.
665 2221 840 2243 :_-____
1056 2225 1092 2243 ..
1177 2226 1219 2243 .,
1621 2230 1633 2243 .

2092 2155 2300 2227 ιοδομὴν
2326 2198 2340 2224 ,
2364 2128 2533 2215 ὀὕτω
2581 2128 2677 2215 καὶ
2714 2128 2812 2216 τοῦ
2840 2163 2959 2235 βίου
3000 2128 3103 2236 την
3149 2128 3508 2239 καθαρότητα
3530 2128 3590 2243 *ᾗ

315 2218 400 2275 Ad
428 2228 635 2276 tectum
665 2221 869 2293 ipsum,
917 2225 1117 2295 inquit,
1160 2226 1380 2282 demum
1413 2230 1813 2300 perveniamus,

2096 2248 2135 2300 »ἱ
2323 2218 2507 2306 πίστιν
2538 2218 2884 2327 πληροφορία
2911 2271 2927 2287 ⁸
2958 2218 3278 2328 ταύιτηςδέν

315 2318 424 2377 est,
455 2311 721 2382 optimam
752 2328 983 2385 agamus
1022 2316 1211 2370 vitam.
1247 2317 1720 2385 Quemadmodum
1755 2324 1902 2377 enim

317 2401 376 2457 in
412 2402 717 2471 elementis,
753 2405 918 2477 alpha
964 2407 1211 2463 continet
1256 2410 1467 2477 omnia,
1505 2420 1566 2467 ut
1604 2420 1660 2468 et
1707 2414 1905 2469 funda-

311 2528 558 2574 mentum
590 2527 763 2576 totum
793 2519 1084 2576 aediﬁcium
1111 2540 1127 2588 ;
1179 2520 1255 2576 ita
1281 2535 1502 2593 quoque
1532 2523 1653 2580 vitae
1685 2527 1901 2597 purita-

308 2615 423 2666 tem
466 2611 711 2667 continet
734 2611 1005 2668 certitudo
1035 2621 1091 2668 et
1117 2612 1350 2670 ﬁrmitas
1383 2614 1531 2683 ﬁdei,
1565 2617 1703 2671 citra
1731 2634 1897 2688 quam

310 2715 475 2756 nemo
504 2710 687 2771 potest
716 2717 838 2758 esse
887 2701 1260 2769 Christianus,
1291 2713 1352 2759 ut
1389 2721 1492 2761 nec
1534 2707 1741 2779 absque
1769 2708 1895 2765 fun-

266 2862 277 2871 ι
309 2791 585 2848 dameutis
634 2800 817 2864 potest
864 2792 1156 2849 aediﬁcium
1190 2794 1455 2850 exsistere
1483 2836 1498 2863 ,
1535 2812 1639 2853 nec
1685 2799 1894 2870 absque

307 2885 593 2942 elementis
652 2894 835 2957 potest
902 2887 1028 2958 quis
1098 2887 1411 2943 litterarum
1474 2904 1597 2946 esse
1658 2892 1888 2962 peritus.

308 2975 417 3032 Sed
464 2976 512 3033 si
555 2977 681 3047 quis
736 2977 884 3033 circa
924 2976 1194 3033 elementa
1225 2993 1442 3049 semper
1492 2991 1761 3050 versetur,
1796 2992 1892 3038 aut

306 3066 504 3124 itidem
559 3069 707 3124 circa
758 3067 1201 3137 fundamentum,
1251 3085 1362 3125 non
1390 3071 1441 3126 ei
1486 3072 1616 3143 quid
1654 3074 1889 3145 amplius

305 3162 433 3218 erit.
466 3161 547 3216 Ita
577 3162 721 3232 apud
755 3177 858 3218 nos
890 3172 1101 3235 agetur.
1132 3162 1191 3218 Si
1223 3178 1461 3261 namque
1482 3163 1537 3217 in
1572 3164 1699 3261 ﬁdei
1730 3165 1887 3223 initio
1915 3202 1959 3261 α

302 3266 523 3322 semper
559 3267 907 3318 maneamus,
959 3268 1244 3324 nunquam
1275 3254 1345 3309 ad
1394 3254 1519 3325 ejus
1566 3255 1730 3312 ﬁnem
1765 3273 1889 3328 per-

300 3343 522 3399 venturi
566 3359 783 3400 sumus.
827 3342 911 3399 Tu
956 3359 1087 3402 vero
1135 3361 1205 3401 ne
1241 3345 1509 3404 arbitrere
1549 3348 1673 3404 ideo
1724 3351 1888 3406 ﬁdem

302 3435 571 3492 minorem
629 3435 843 3504 haberi,
891 3436 1022 3507 quia
1082 3436 1413 3493 elementum
1465 3447 1716 3495 vocatur.
1768 3443 1886 3513 Ipsa

300 3527 507 3598 quippe
541 3526 800 3583 universa
831 3525 1006 3583 virtus
1034 3534 1140 3583 est.
1179 3527 1318 3584 Cum
1360 3543 1492 3601 ergo
1534 3530 1649 3586 ait:
1702 3531 1888 3588 Omnis

300 3619 394 3691 qui
419 3618 577 3673 lactis
608 3628 688 3674 est
717 3620 1005 3690 particeps,
1026 3636 1211 3690 expers
1237 3630 1314 3676 est
1338 3625 1596 3677 sermonis
1618 3624 1887 3694 justitiaz:

298 3708 551 3781 parvulus
576 3711 717 3765 enim
748 3721 825 3766 est
847 3710 916 3778 ⁷³,
944 3726 1054 3766 non
1087 3712 1173 3768 lac
1201 3712 1377 3783 ipsam
1428 3723 1631 3779 vocat:
1683 3716 1780 3772 sed
1815 3716 1887 3773 de

299 3799 373 3857 lis
403 3798 585 3857 adhuc
612 3800 912 3872 ambigere,
949 3801 1085 3857 illud
1122 3810 1208 3858 est
1238 3802 1471 3860 inﬁrma:
1498 3805 1723 3873 mentis,
1761 3821 1887 3877 quae

299 3891 492 3949 multis
514 3890 865 3949 sermonibus
901 3900 1078 3965 egeat.
1112 3891 1242 3950 Haec
1268 3893 1418 3950 enim
1449 3895 1708 3968 dogmata
1750 3912 1887 3955 sana

298 3992 357 4040 et
382 3992 531 4042 recta
564 3992 735 4041 sunt:
783 3984 939 4039 illum
985 4000 1226 4058 namque
1273 3984 1579 4057 perfectum
1625 4003 1887 4047 vocamus

299 4075 398 4147 qui
428 4091 554 4132 cum
588 4076 695 4132 ﬁde
728 4076 959 4148 probam
985 4077 1139 4133 ducit
1164 4078 1354 4132 vitam.
1384 4077 1543 4146 Quod
1587 4079 1634 4134 si
1672 4081 1798 4151 quis
1820 4081 1886 4136 ﬁ-

298 4167 426 4224 dem
477 4167 686 4225 babens
721 4169 871 4224 mala
920 4178 1238 4241 perpetrat,
1272 4173 1385 4227 imo
1430 4173 1499 4227 de
1550 4172 1669 4243 ipsa
1715 4173 1882 4229 etiam

299 4262 405 4319 ﬁde
431 4263 679 4336 ambigit,
712 4264 1135 4336 doctrinamque
1164 4265 1330 4323 allicit
1372 4268 1726 4335 contumelia,
1755 4278 1881 4324 eum

293 4352 421 4423 jure
449 4369 514 4411 ac
560 4355 759 4411 merito
795 4355 1060 4412 infantem
1096 4371 1357 4413 vocemus
1379 4397 1395 4424 ,
1446 4366 1635 4429 utpote
1666 4359 1761 4430 qui
1812 4359 1881 4414 ad

298 4444 518 4499 initium
560 4457 830 4502 recurrat.
878 4445 1065 4518 Itaque
1110 4448 1326 4503 etiamsi
1365 4458 1654 4506 sexcentos
1704 4462 1881 4506 annos

2002 2337 2151 2392 ἔστιν
2182 2336 2323 2395 εἶναι
2355 2343 2680 2413 Χριστιανὸν
2703 2386 2718 2409 ,
2764 2345 2953 2420 ὥσπερ
2983 2349 3105 2402 οὐδὲ
3151 2349 3417 2422 θεμελίων
3458 2353 3590 2407 ἄνευ

2001 2429 2313 2502 οἰκοδομὴν,
2356 2435 2477 2487 οὐδὲ
2509 2438 2790 2507 στοιχείων
2829 2439 3001 2511 χωρὶς
3030 2441 3295 2515 ιμπειρον
3322 2447 3589 2517 γραμμά-

2000 2539 2108 2577 των
2145 2526 2418 2593 γενέσθαι.
2473 2528 2610 2582 Ἀλλ’
2652 2530 2749 2585 ὲάν
2802 2549 2887 2596 τις
2927 2534 3016 2588 ἀεὶ
3062 2536 3191 2607 περὶ
3227 2535 3299 2590 τὰ
3346 2542 3589 2609 στοιχεῖα
3705 2571 3712 2576 ι

2001 2618 2323 2690 στρέφηται,
2353 2622 2386 2691 ἢ
2411 2621 2563 2686 εἴτις
2587 2621 2719 2696 περῖ
2746 2625 2839 2680 τὸν
2873 2626 3143 2698 θεμέλιον,
3173 2630 3386 2683 οὐδέπω
3426 2630 3588 2685 ἔσται

1999 2712 2149 2785 αὐτῷ
2170 2731 2224 2766 τι
2257 2714 2418 2770 πλέον
2439 2733 2450 2744 ·
2487 2717 2630 2771 οῦτω
2660 2720 2754 2773 καὶ
2782 2722 2865 2790 ἐφ’
2891 2720 3068 2793 ἡμῶν.
3108 2723 3206 2776 Ἂν
3253 2723 3364 2795 γὰρ
3393 2725 3484 2777 ἀεὶ
3525 2726 3588 2781 ἐν

1997 2807 2064 2876 τῇ
2096 2806 2236 2876 ἀρχῇ
2281 2806 2381 2877 τῆς
2428 2807 2668 2873 πίστεως
2714 2810 3007 2881 μένωμεν,
3035 2812 3290 2866 οὐδέποτε
3333 2816 3474 2886 πρὸς
3505 2816 3586 2888 τῷ

1995 2896 2142 2949 τέλει
2174 2896 2381 2970 ταύτης
2421 2900 2831 2972 ἀναθησόμεθα.
2864 2904 2936 2957 Σὺ
2972 2905 3030 2958 δὲ
3061 2906 3136 2976 μὴ
3163 2907 3394 2978 νομίσῃς
3418 2908 3589 2979 ἠλατ-

1994 2988 2200 3043 τῶσθαι
2233 2990 2334 3062 τὴν
2384 2990 2585 3057 πίστιν,
2626 2992 2715 3047 διὰ
2765 2995 2826 3048 τὸ
2870 3000 3133 3067 στοιχεῖον
3179 2998 3469 3070 κληθῆναι.
3515 3002 3587 3055 Ἠ

1992 3082 2104 3155 γὰρ
2142 3085 2291 3138 πᾶσα
2330 3084 2559 3157 δύναμις
2588 3087 2727 3159 αῦτη
2784 3090 2953 3143 ἐστίν.
2989 3091 3159 3144 Ὅταν
3198 3092 3332 3162 γοῦν
3380 3092 3533 3163 λέγει
3563 3110 3582 3125 ο

1993 3173 2122 3243 Πᾶς
2154 3176 2266 3246 γὰρ
2299 3179 2333 3231 ό
2358 3178 2629 3248 μετέχων
2660 3178 2963 3249 γάλακτος
2988 3181 3235 3252 ἄπειρος
3271 3185 3467 3254 λόγου
3488 3186 3585 3239 δι-

1995 3268 2328 3335 καιοσύνης
2355 3284 2368 3297 ·
2404 3267 2626 3336 νήπιος
2656 3270 2769 3339 γάρ
2816 3272 2993 3326 ἐστιν
3021 3287 3047 3305 ν
3081 3274 3145 3327 οὐ
3186 3274 3331 3344 γάλα
3371 3275 3586 3345 ταύτην

1992 3356 2149 3411 καλεῖ
2169 3375 2184 3390 °
2226 3358 2363 3413 ἀλλὰ
2392 3359 2452 3412 τὸ
2482 3361 2850 3432 ἀμφιϐάλλειν
2874 3363 2956 3416 ἔτι
2997 3365 3127 3436 περὶ
3156 3365 3385 3431 τούτων,
3421 3367 3585 3422 τοῦτό

1991 3450 2141 3503 ἐστιν
2169 3449 2428 3515 ἀσθενοῦς
2456 3451 2719 3517 διανοίας,
2748 3455 2843 3508 καὶ
2865 3453 3039 3523 λόγων
3057 3455 3320 3529 δεομένης
3341 3458 3580 3515 πολλῶν.

1990 3541 2073 3595 Ta
2104 3542 2213 3614 γὰρ
2243 3543 2492 3615 δόγματα
2518 3544 2695 3600 ταῦτά
2741 3547 2859 3602 ἐστι
2905 3547 2974 3602 τὰ
3014 3543 3144 3620 ὑγιῆ
3169 3560 3184 3580 δ
3215 3549 3421 3604 τέλειον
3468 3553 3583 3625 γὰρ

1988 3632 2199 3688 ἐκεῖνον
2229 3634 2526 3707 καλοῦμεν,
2559 3637 2651 3691 τὸν
2675 3638 2817 3710 μετά
2844 3641 2947 3711 τῆς
2970 3641 3207 3707 πίστεως
3237 3642 3353 3713 βίον
3380 3643 3585 3716 ἔχοντα

1986 3725 2169 3798 ὀρθόν.
2211 3727 2337 3783 Ἐἀν
2364 3728 2423 3782 δέ
2452 3746 2541 3794 τις
2571 3729 2755 3786 πίστιν
2779 3732 2877 3804 μὲν
2915 3732 3016 3806 ἔχῃ
3043 3772 3059 3798 ,
3116 3735 3334 3809 πράττῃ
3377 3736 3438 3791 δὲ
3478 3755 3585 3793 πο-

1988 3817 2152 3890 νηρὰ,
2199 3820 2297 3874 καὶ
2344 3821 2475 3893 περὶ
2519 3821 2689 3895 αὐτῆς
2728 3822 2787 3878 δὲ
2837 3824 3057 3896 ταύτης
3092 3826 3434 3901 amem“,
3478 3829 3583 3886 καὶ

1985 3909 2181 3984 ὑϐρίζῃ
2245 3911 2346 3986 τὴν
2389 3912 2777 3969 διδασκαλίανο
2842 3918 3071 3983 εἰκότως
3113 3920 3276 3974 αὐτὸν
3319 3923 3578 3996 φήσομεν

1985 4004 2200 4076 νήπιον,
2236 4002 2334 4058 ἐπὶ
2354 4005 2454 4079 τὴν
2478 4007 2655 4080 ἀρχὴν
2681 4008 3084 4081 ἀναδραμόντα.
3117 4011 3304 4082 Ὥστε,
3331 4014 3438 4070 κᾶν
3466 4033 3575 4087 μυ-

1986 4095 2079 4167 ρία
2110 4095 2205 4169 ἔτη
2230 4097 2289 4151 ὲν
2324 4100 2391 4170 τῇ
2421 4098 2603 4154 πίστει
2635 4100 2872 4174 ἔχωμεν,
2903 4103 3000 4158 καὶ
3044 4105 3121 4178 μὴ
3157 4106 3369 4177 βέϐαιοι
3394 4103 3572 4180 ὦμεν,

1985 4186 2049 4240 sv
2093 4187 2230 4260 αὐτῇ
2263 4190 2450 4261 νήπιοι
2475 4193 2677 4263 ἐσμεν
2732 4194 2862 4249 ὅταν
2896 4195 3013 4266 βίον
3041 4198 3179 4269 αὐτῇ
3224 4198 3300 4271 μὴ
3334 4202 3576 4271 συμϐαίη

1984 4295 2146 4332 νοντα
2198 4276 2621 4353 ἐπιδεικνύμεθα
2643 4302 2658 4315 ⁸
2695 4279 2823 4340 ὅταν
2871 4286 2953 4341 ἔτι
3005 4287 3253 4360 θεμέλιον
3291 4293 3575 4349 καταϐαλ-

1982 4368 2211 4454 λόμεθα.
2248 4370 2474 4436 Τούτοις
2493 4373 2551 4427 δὲ
2579 4374 2722 4445 μετά
2741 4375 2836 4429 τοῦ
2884 4377 2998 4447 βίου
3041 4380 3137 4434 καὶ
3161 4380 3289 4435 ἄλλο
3321 4383 3573 4454 ἐγκαλεῖ,

1983 4453 2059 4524 ὡς
2091 4462 2563 4536 παρασαλευθείσῃ
2590 4468 2686 4521 καὶ
2710 4467 2985 4539 δεομένοις
3011 4471 3261 4542 θεμέλιον
3286 4477 3573 4532 καταόάλ-

297 4536 355 4589 in
385 4534 493 4591 ﬁde
521 4536 973 4611 transegerimus,
1004 4552 1183 4609 neque
1224 4548 1406 4595 tamen
1438 4540 1581 4595 ﬁrmi
1610 4540 1794 4597 consis

2072 4567 2096 4602 ν
2127 4553 2416 4621 μετανοίας
2448 4534 2562 4608 ἀπό
2585 4534 3028 4631 νεκρῶν-ἔργων.
3058 4534 3163 4616 'i‘bv
3189 4563 3299 4635 γὰρ
3330 4566 3446 4619 ἀπό
3481 4584 3570 4622 τι«

295 4640 445 4692 mus,
477 4624 716 4683 infantes
749 4626 807 4681 in
853 4627 972 4698 ipsa
1003 4644 1196 4684 sumus
1219 4669 1235 4695 ,
1274 4645 1401 4685 cum
1437 4631 1602 4686 vitam
1652 4632 1881 4687 exhibe-

294 4754 420 4795 mus
447 4739 499 4794 ei
515 4740 757 4795 .minime
795 4740 1234 4808 convenientem,
1272 4758 1510 4813 cumque
1542 4741 1872 4799 fundamen—

294 4840 410 4886 tum
436 4831 618 4888 adhuc
645 4832 923 4902 ponimus.
957 4831 1057 4888 His
1089 4843 1272 4889 autem
1306 4844 1502 4905 praeter
1526 4850 1647 4891 eam
1674 4836 1741 4891 de
1766 4837 1878 4892 vita

291 4921 501 4993 agenda
533 4922 989 4992 admonitionem,
1033 4931 1090 4979 et
1133 4924 1298 4979 aliam
1347 4925 1524 4991 affert,
1558 4934 1875 4982 uutaturum

290 5015 502 5071 scilicet
529 5014 845 5081 aediﬁcium,
893 5017 943 5072 si
988 5025 1184 5088 egeant
1217 5016 1633 5074 fundamentum
1664 5034 1871 5089 ponere

289 5106 624 5179 poenitentia
653 5122 686 5162 a
718 5107 953 5164 mortuis
994 5109 1276 5180 operibus.
1309 5108 1575 5181 Quisquis
1617 5112 1763 5165 enim
1799 5113 1870 5167 ab

186 5274 187 5277 η
288 5203 401 5258 alio
427 5202 483 5257 in
508 5201 656 5259 aliud
684 5201 1035 5272 transfertur,
1064 5214 1121 5260 et
1149 5205 1299 5261 aliud
1345 5205 1568 5274 quidem
1619 5205 1866 5273 dimittit,

289 5292 437 5349 aliud
476 5292 675 5364 eligit;
717 5293 960 5366 primum
992 5293 1143 5350 aliud
1184 5294 1449 5350 damnare
1486 5295 1666 5361 debet,
1707 5304 1872 5366 atque

287 5380 359 5435 ab
380 5395 446 5435 eo
470 5396 590 5437 sese
608 5395 864 5438 amovere
888 5391 1003 5439 toto
1033 5382 1253 5449 aﬁ'ectu,
1277 5395 1443 5455 atque
1466 5394 1598 5441 tunc
1624 5386 1693 5441 ad
1722 5386 1872 5441 aliud

288 5487 350 5528 se
382 5471 654 5528 conferre.
683 5471 844 5541 Quod
870 5474 919 5531 si
947 5474 1130 5531 denuo
1158 5476 1325 5546 priori
1353 5476 1631 5532 adhaerere
1654 5476 1869 5543 debeat,

287 5578 401 5633 quo
421 5573 580 5634 pacto
607 5563 678 5619 ad
707 5565 979 5636 posterius
999 5566 1182 5627 denuo
1206 5568 1420 5638 1012
1454 5568 1706 5624 accedet?
1729 5568 1871 5637 Quid

289 5655 393 5724 ais,
434 5656 607 5727 legem
656 5656 1093 5726 reprobavimus,
1143 5666 1200 5713 at
1247 5660 1429 5714 denuo
1458 5660 1620 5732 jubes
1651 5662 1719 5717 ad
1747 5677 1869 5718 eam

362 5820 452 5875 "l
520 5821 645 5877 Cor.
697 5837 779 5887 ιιι,
812 5820 897 5876 10.
974 5824 1020 5856 ⁷²
1059 5820 1225 5879 Hebr.
1261 5839 1335 5878 \‘l.
1411 5825 1456 5857 "
1478 5825 1644 5883 Hebr.
1681 5843 1735 5894 v,
1765 5828 1850 5883 l5.

1976 4652 2066 4708 νος
2094 4648 2175 4709 εἰς
2222 4645 2409 4718 ἕτερον
2444 4649 2887 4721 μετατιθέμενον,
2936 4653 3033 4706 καὶ
3071 4654 3133 4707 τὸ
3178 4654 3277 4723 μὲν
3310 4656 3567 4725 ἀφιέντα,

1974 4737 2037 4790 τὸ
2055 4737 2114 4791 δὲ
2148 4739 2507 4810 αἱρούμενον,
2542 4743 2811 4815 πρότερον
2840 4744 3007 4799 αὐτοῦ
3041 4748 3389 4817 καταγνῶναι
3429 4753 3564 4824 χρὴ,

1978 4831 2072 4883 καὶ
2109 4832 2414 4903 ἀποστῆναι
2450 4836 2515 4905 τῇ
2545 4833 2800 4899 διαθέσει,
2834 4839 2930 4892 καὶ⁸
2958 4839 3079 4892 τότε
3112 4839 3289 4896 ἐλθεῖν
3327 4843 3414 4912 ἐφ’
3449 4844 3567 4896 ἓτε-

1982 4938 2093 4993 ρον.
2115 4917 2179 4975 Εἰ
2207 4921 2263 4975 δὲ
2289 4923 2384 4977 τοῦ
2416 4925 2682 4997 προτέρου
2728 4928 2896 5008 πόιλιν⁸
2926 4928 3144 5000 ἔχεσθαι
3186 4932 3391 5002 μέλλοι,
3444 4934 3566 4999 πῶς

1976 5014 2071 5069 τοῦ
2116 5015 2372 5089 δευτέρου
2404 5017 2641 5087 albent;
2685 5020 2749 5073 Τί
2785 5024 2911 5093 φῂς,
2952 5026 3303 5096 κατέγνωμεν
3334 5027 3428 5079 τοῦ
3477 5028 3565 5083 νό-
3606 5057 3639 5073 κ

1980 5124 2105 5178 μου,
2134 5110 2229 5162 καὶ⁵
2252 5110 2412 5164 πάλιν
2436 5113 2522 5164 ἐπ’
2549 5112 2714 5167 αὑτὸν
2738 5114 3058 5187 ἀνατρέχειν
3079 5116 3323 5182 κελεύεις
3346 5135 3361 5182 ;
3389 5118 3564 5174 Τοῦτο

1974 5202 2074 5254 οὐκ
2106 5200 2220 5255 ἔστι
2244 5203 2531 5272 μετάθεσις
2561 5221 2574 5235 ο
2607 5206 2703 5258 καὶ
2733 5207 2843 5278 γὰρ
2871 5208 3107 5263 ἐνταῦθα
3139 5210 3336 5282 ἔχομεν
3373 5211 3559 5282 νόμον.

1973 5293 2157 5365 Νόμον
2183 5290 2298 5361 οὖν,
2344 5299 2501 5366 φησὶ,
2552 5298 2941 5370 καταργοῦμεν
2990 5300 3079 5355 διὰ
3124 5303 3222 5373 τῆς
3268 5304 3558 5370 πίστεως;

1977 5386 2052 5456 μὴ
2087 5386 2333 5455 γένοιτοι
2365 5386 2501 5442 ἀλλά
2530 5388 2693 5460 νόμον
2736 5389 2992 5462 ἱστῶμεν.
3048 5391 3188 5461 Ἐγὼ
3211 5393 3268 5446 δὲ
3297 5396 3426 5466 περὶ
3455 5412 3556 5448 τα.)-

1970 5476 2153 5548 νηρῶν
2204 5472 2359 5531 εἷπον
2393 5478 2772 5549 πραγμάτων,
2835 5481 2950 5535 ἀλλ’
2983 5482 3044 5535 οὐ
3092 5484 3221 5557 περὶ
3261 5484 3452 5555 νόμου.
3498 5484 3555 5537 Ὅ

1971 5566 2081 5640 γὰρ
2116 5567 2325 5639 μέλλων
2352 5568 2440 5621 ἐπ’
2480 5570 2683 5641 ἀρετὴν
2714 5570 2969 5637 ἐπιέναι,
3016 5572 3280 5644 πρότερον
3325 5575 3426 5646 τῆς
3455 5590 3555 5631 κα-

1973 5660 2099 5724 κίας
2128 5661 2475 5730 καταγνῶναι
2508 5661 2735 5733 ὀφείλει,
2768 5665 2864 5719 καὶ
2888 5664 3009 5719 τότε
3052 5664 3224 5734 αὐτὴν
3256 5665 3549 5736 μετελθεῖν.
