3794 6226
172 357 307 413 1221

1489 353 1911 411 FRAGMENTA
1950 355 2177 410 VARIA.

3291 356 3313 409 i
3323 356 3440 411 222

168 469 372 535 Καλῶς
394 469 457 524 δὲ
479 473 550 542 τῇ
581 469 838 542 μετανοίᾳ
869 471 963 523 καὶ
987 470 1048 522 τὸ
1077 468 1358 541 βάπτισμα
1396 470 1754 541 προσέθηκεν.

1863 471 2185 526 recurrere?
2215 469 2346 525 illud
2381 485 2724 542 nequaquam
2759 472 3045 528 translatio
3079 479 3180 538 est,
3212 488 3336 526 nam
3377 485 3429 529 et

165 563 244 618 Οὐ
273 564 388 633 γὰρ
443 561 634 634 ἴσχυεν
667 563 700 633 ἡ
745 561 1001 632 μετάνοια
1036 561 1310 633 καθαροὺς
1342 562 1536 625 αὐτοὺς
1566 562 1753 628 δεῖξαι.

165 652 268 707 Διὰ
291 652 464 706 τοῦτο
513 653 716 717 εὐθέως
747 653 1142 716 ἐϐαπτίζοντο·
1185 653 1252 706 ἵν’
1299 653 1435 724 ὅπερ
1483 652 1758 717 ἀδυνάτως

164 738 313 812 εἶχον
344 742 702 813 ἐργάσασθαι
729 742 796 795 δι’
826 742 1055 806 ἑαυτῶν,
1083 739 1240 794 τοῦτο
1260 740 1348 794 διὰ
1380 742 1476 812 τῆς
1507 741 1600 794 τοῦ
1625 743 1757 811 Χρι-

169 831 295 886 στοῦ
329 833 560 901 γένοιτο
581 833 821 904 χάριτος.
843 832 979 885 Οὔτε
1007 826 1099 884 οῦν
1136 831 1393 902 μετάνοια
1421 834 1580 904 ἀρκεῖ
1622 833 1758 904 πρὸς

167 924 259 977 τὸν
289 923 668 994 καθαρισμὸν,
711 924 846 977 ἀλλὰ
878 923 1044 975 δεῖτὸ
1079 923 1356 993 βάπτισμα
1396 923 1755 994 παραλαϐεῖν.

179 1014 302 1067 Ἐπὶ
317 1014 458 1083 γοῦν
481 1015 548 1068 τὸ
565 1015 843 1086 βάπτισμα
869 1014 976 1067 ἔδει
1007 1013 1281 1085 ἔρχεσθαι,
1302 1015 1564 1085 πρότερον
1586 1032 1756 1068 κατα-

174 1104 369 1173 γνόντα
418 1104 542 1159 τῶν
590 1106 994 1176 ἡμαρτημένων
1058 1104 1244 1174 αὐτῷ’
1296 1106 1390 1158 καὶ
1449 1105 1760 1177 καταψηφι-

170 1199 432 1267 σάμενον.
473 1196 544 1249 Τί
573 1195 630 1249 δέ
658 1200 804 1250 ἐστιν
833 1195 1214 1264 Βαπτιο-μῶν.
1242 1195 1531 1265 διδαχῆς;
1555 1198 1654 1268 οὐχ
1684 1197 1760 1260 ὡς

171 1288 386 1341 πολλῶν
443 1288 622 1342 ὄντων
673 1288 781 1340 τῶν
835 1287 1174 1358 βαπτισμῶν,
1223 1287 1496 1351 ἁλλ’ένός.
1545 1289 1609 1340 Τί
1665 1285 1760 1342 οῦν

171 1379 299 1433 αὐτὸ
335 1377 728 1451 πληθυντικῶς
763 1374 923 1444 circa;
972 1378 1060 1430 διὰ
1103 1379 1164 1430 τὸ
1195 1380 1402 1432 εἰπεῖν·
1438 1378 1536 1448 Μὴ
1572 1380 1760 1434 πάλιν

173 1471 452 1541 θεμέλιον
483 1472 997 1540 καταϐαλλόμενοι
1037 1471 1378 1538 μετανοίας.
1413 1471 1476 1524 Et
1513 1471 1621 1542 γὰρ
1655 1473 1760 1526 πά-

172 1571 252 1615 λιν
271 1563 480 1626 αὐτοὺς
512 1561 796 1627 ἐϐάπτιξε,
823 1563 918 1615 καὶ
955 1561 1162 1616 ἄνωθεν
1199 1566 1500 1633 κατήχησε,
1530 1565 1624 1617 καὶ
1655 1563 1759 1617 πά-

174 1664 253 1707 λιν
283 1654 344 1719 ἐξ
367 1656 554 1727 ἀρχῆς
587 1653 968 1723 βαπτισθέντες
1008 1652 1350 1707 ἐδιδάσκοντο
1385 1653 1456 1721 τὰ
1487 1654 1757 1726 πρακτέα,

174 1746 265 1798 καὶ
294 1746 365 1800 τὰ
402 1747 481 1817 μὴ
526 1745 775 1818 πρακτέα
809 1786 826 1812 ,
875 1746 1138 1817 διηνεκῶς
1175 1745 1399 1817 ἔμελλον
1441 1746 1758 1817 ἁδιόρθωτοι

1860 565 1951 618 Ιιὶο
1987 565 2159 634 legem
2190 563 2474 620 habemus.
2509 562 2706 634 Legem
2737 565 2942 634 itaque,
2973 567 3069 630 ait,
3123 580 3221 635 per
3265 565 3428 619 [idem

1859 655 2231 724 abrogamus‘!
2262 653 2406 707 absit
2441 655 2455 706 !
2493 654 2604 708 imo
2647 655 2820 725 legem
2870 656 3282 712 conﬁrmamus.
3316 655 3431 726 Ego

1859 759 2096 813 namque
2128 744 2194 798 de
2241 743 2400 797 malis
2433 744 2689 812 operibus
2737 745 2844 815 egi,
2880 761 2990 800 non
3033 746 3101 800 de
3147 747 3286 818 lege.
3324 745 3430 813 Qui

1857 835 2001 887 enim
2033 834 2288 887 virtutem
2339 842 2423 887 est
2455 833 2825 903 ingressurus,
2872 837 3109 904 primum
3164 838 3426 892 malitiam

1859 934 1917 978 ut
1941 925 2160 977 damnet
2187 932 2422 992 oportet,
2453 939 2515 977 ac
2547 924 2626 978 sic
2655 925 2874 978 demum
2913 926 3059 980 illam
3085 927 3255 981 adire.
3296 926 3428 981 Pul-

1858 1013 1987 1068 chre
2026 1023 2205 1067 autem
2257 1015 2590 1083 paenitentiae
2635 1015 2903 1085 baptisma
2949 1033 3166 1088 quoque
3206 1018 3426 1088 adjecit.

1857 1104 1976 1159 Non
2010 1115 2224 1175 poterat
2265 1107 2410 1160 enim
2468 1107 2790 1176 poenitentia
2838 1110 3070 1162 mundos
3120 1109 3241 1164 illos
3270 1111 3424 1166 exhi-

1858 1197 2008 1252 bere.
2038 1198 2406 1265 Quamobrem
2434 1215 2597 1269 quam
2631 1200 2864 1270 primum
2898 1201 3332 1270 baptizabantur,
3370 1213 3432 1258 ut

1859 1290 2004 1359 quod
2051 1305 2148 1359 per
2187 1305 2244 1345 se
2295 1287 2475 1344 facere
2513 1305 2620 1344 non
2667 1291 2939 1356 valebant,
2990 1293 3040 1345 id
3102 1309 3194 1362 per
3224 1293 3429 1348 Christi

1859 1379 2084 1450 gratiam
2113 1379 2285 1434 lieret.
2318 1379 2671 1451 Nequaquam
2696 1382 2862 1451 igitur
2886 1385 3204 1453 paenitentia
3234 1387 3434 1443 sulIicit

1858 1470 1926 1524 ad
1982 1471 2356 1540 purgationem
2387 1509 2404 1535 ,
2461 1471 2555 1525 sed
2603 1471 2942 1527 adhibendus
2969 1483 3052 1528 est
3106 1475 3429 1545 baptismus.

1858 1558 2111 1632 Oportuit
2135 1576 2264 1632 ergo
2285 1562 2351 1616 ad
2379 1562 2707 1634 baptismum
2732 1564 3013 1630 accedere,
3039 1581 3160 1619 cum
3191 1567 3430 1635 primum

1859 1653 1982 1720 quis
2027 1663 2245 1722 peccata
2301 1667 2399 1708 sua
2457 1653 2847 1722 improbaret-it
2903 1671 2968 1710 ac
3023 1657 3427 1727 proscripserit.

1858 1741 1996 1809 Quid
2021 1753 2201 1798 autem
2228 1744 2453 1798 estillud
2473 1763 2487 1799 :
2505 1745 2894 1814 Baptismatum
2919 1749 3172 1802 doctrina:
3190 1749 3279 1802 7‘?
3309 1749 3429 1806 Non

181 1837 378 1906 μένειν.
428 1837 788 1903 Ἐπιθέο-εως
832 1835 900 1890 δὲ
946 1837 1183 1906 χειρῶν,
1229 1832 1414 1890 εἶπεν·
1466 1836 1606 1892 οὕτω
1653 1838 1763 1911 γὰρ

1865 1835 2010 1905 quod
2043 1835 2212 1889 multa
2250 1835 2360 1889 sint
2411 1836 2782 1905 baptismata;
2834 1839 2926 1894 sed
2979 1855 3146 1894 unum
3194 1850 3430 1897 tantum.

181 1929 233 1982 τὸ
261 1928 496 1999 Πνεῦμα
531 1928 868 1998 ἐλάμϐανον,
905 1928 1182 1992 ἐπιθέντος
1215 1929 1396 1992 αὐτοῖς
1428 1928 1528 1991 τὰς
1573 1931 1760 1998 χεῖρας

177 2020 266 2073 τοῦ
301 2020 551 2086 Παύλου,
585 2022 738 2094 φησί.
787 2021 1191 2088 Ἀναστάσεώς
1219 2038 1282 2075 τε
1304 2021 1568 2089 νεκρῶν·
1605 2021 1761 2074 τοῦτο

175 2112 282 2183 γὰρ
322 2114 380 2166 ἐν
408 2131 470 2168 τε
508 2113 590 2185 τῷ
620 2114 956 2186 βαπτίσματι
995 2113 1204 2183 γίνεται
1243 2115 1336 2168 καὶ
1371 2115 1428 2166 ἐν
1457 2117 1521 2185 τῇ
1570 2113 1762 2184 ὁμολο-

179 2205 272 2274 γεςι
295 2205 642 2275 βεϐαιοῦται.
673 2203 786 2260 Καὶ
834 2205 1117 2275 κρίματος
1160 2205 1422 2260 αἰωνίου.
1470 2205 1570 2258 Διὰ
1611 2207 1664 2258 τί
1703 2206 1760 2259 δὲ

178 2296 348 2350 ταῦτά
402 2315 626 2370 emo-tv;
680 2296 868 2368 ἐπειδὴ
927 2297 1072 2361 εἰκὸς
1102 2292 1170 2368 ἦν
1212 2297 1408 2360 αὐτοὺς
1456 2297 1490 2369 ἢ
1531 2314 1762 2368 περισα-

180 2384 454 2453 λεύεσθαι,
495 2387 601 2459 ἤδη
652 2388 1085 2450 πεπιστευκότας
1110 2429 1124 2453 ,
1167 2387 1199 2458 ἢ
1244 2387 1432 2450 κακῶς
1465 2385 1613 2456 βιοῦν
1667 2389 1761 2442 καὶ

185 2477 465 2548 ῥᾳθύμως.
495 2477 744 2548 Νήψατε,
771 2477 953 2548 φησὶν,
982 2478 1082 2530 οὐκ
1123 2477 1202 2531 ἔνι
1244 2479 1415 2532 εἰπεῖν
1442 2495 1455 2507 ·
1510 2477 1634 2532 Ἐὰν
1661 2482 1760 2550 ρᾳ-

179 2567 370 2639 τθύμως
405 2569 688 2641 ζήσωμεν,
724 2568 884 2622 πάλιν
912 2567 1411 2640 βαπτισθησόμεθα,
1442 2569 1602 2623 πάλιν
1631 2586 1762 2622 κατ-

185 2659 606 2731 ηχηθησόμεθα,
662 2660 826 2714 πάλιν
873 2658 1156 2730 ληψόμεθα
1216 2659 1460 2731 Πνεῦμα.
1498 2661 1618 2714 Κᾶν
1666 2659 1760 2715 νῦν

188 2752 279 2821 τῆς
309 2752 556 2816 πίστεως
598 2751 939 2823 ἐκπέσωμεν,
985 2751 1146 2806 πάλιν
1183 2751 1520 2824 δυνησόμεθα
1571 2751 1761 2822 βαπτι-

189 2841 403 2912 ζόμενοι
434 2843 506 2897 τὰ
538 2843 906 2915 ἁμαρτήματα
940 2841 1363 2906 ὰπολούσασθαι,
1397 2843 1492 2897 καὶ
1525 2843 1632 2897 τῶν
1667 2844 1764 2897 αὐ-

188 2934 290 2986 τῶν
321 2938 533 3006 τυχεῖν,
581 2929 764 3006 ὧνπερ
811 2935 905 2990 καὶ
939 2936 1223 3008 πρότερον.
1259 2935 1516 3006 Θεμέλιον
1545 2976 1559 3000 ,
1589 2936 1760 3008 φησι,

190 3027 620 3100 κατεϐαλόμεθα,
658 3029 717 3080 ἐν
752 3026 831 3098 τῷ
877 3025 1268 3098 βαπτίζεσθαι,
1315 3029 1589 3083 τουτέστιν
1625 3029 1762 3082 ἁπο-

189 3119 356 3190 ταγὴν
403 3119 520 3172 τῶν
555 3117 734 3190 ἔργων
780 3118 873 3171 τοῦ
913 3119 1146 3172 Σατανᾶ.
1197 3118 1378 3182 ’Ἃπαξ
1427 3119 1535 3190 γὰρ
1595 3136 1761 3190 μετα-

191 3188 499 3281 νοήσαντες,
542 3188 627 3264 ἐπ’
663 3214 848 3275 αὐτοῖς
888 3210 1315 3280 ἐϐαπτίσθημεν.
1355 3188 1550 3263 Οὐκέτι
1575 3188 1669 3264 οὖν
1698 3209 1761 3282 δὴ
1788 3188 1831 3246 C

191 3297 314 3372 [δεῖ]
338 3301 514 3356 ταῦτα
540 3300 598 3367 ἐξ
613 3305 786 3374 ἀρχῆς
814 3303 1006 3355 ποιεῖν.
1027 3299 1123 3354 Διὸ
1139 3299 1394 3368 ἀφέντες
1417 3296 1524 3353 τὸν
1537 3297 1646 3368 τῆς
1667 3299 1764 3368 ἀρ-

193 3388 304 3457 κῆς
326 3392 432 3446 τοῦ
465 3391 730 3462 Χριστοῦ
757 3393 965 3462 λόγον,
1004 3391 1066 3445 τὸ
1096 3393 1224 3463 περὶ
1254 3391 1628 3462 βαπτίσματος
1671 3390 1762 3444 λέ-

193 3497 326 3550 γειν,
356 3487 452 3540 καὶ
496 3485 698 3558 χειρῶν
727 3484 1044 3549 ἐπιθέσεως,
1093 3485 1162 3538 δι’
1199 3485 1268 3556 ἦν
1296 3485 1358 3538 τὸ
1386 3483 1610 3555 Πνεῦμα
1639 3483 1764 3537 ἐλά-

193 3569 332 3638 δετε,
363 3575 460 3628 καὶ
488 3575 702 3648 νεκρῶν
738 3577 1085 3640 ἀναστάσεως
1117 3577 1211 3630 καὶ
1249 3577 1501 3647 κρίσεως,
1524 3575 1623 3628 ἐπὶ
1649 3575 1764 3644 τὴν

194 3667 539 3736 τελειότητα
553 3667 876 3739 φερώμεθα.
905 3669 981 3722 Οὐ
1014 3669 1097 3723 δεῖ
1121 3668 1228 3740 γὰρ
1255 3669 1338 3723 ἀεὶ
1369 3668 1436 3722 τὰ
1457 3666 1594 3721 αὐτὰ
1619 3667 1766 3737 λέγε·

195 3754 333 3812 σθαι.
387 3759 622 3831 Εἴρηται
675 3761 783 3832 γὰρ
813 3759 960 3825 ἅπαξ
1013 3761 1107 3815 καλ⁸
1143 3759 1450 3830 γεγένηται.
1493 3759 1652 3815 Ἀλλὰ
1683 3760 1766 3813 δεῖ

196 3846 283 3898 καὶ
331 3849 400 3902 τὰ
451 3851 586 3922 παρ’
615 3851 771 3921 ἡμῶν
804 3850 1151 3921 εἰσφέρεσθαι
1176 3867 1188 3880 ·
1226 3849 1471 3904 τουτέστι
1521 3849 1763 3921 χρηστὴν

199 3937 482 4006 πολιτείαν,
528 3942 624 3995 καὶ
656 3942 758 4013 τῆς
793 3941 1026 4005 πίστεως
1053 3941 1229 4008 ἀξίαν.
1274 3939 1422 4011 Αὕτη
1465 3940 1574 4012 γὰρ
1607 3941 1640 4010 ἡ
1684 3957 1767 3994 τε-

198 4025 400 4104 λειότης
421 4034 485 4088 τὸ
520 4033 832 4104 ἀμφιδέξιον
864 4029 1002 4088 εἶναι
1032 4033 1130 4104 τὴν
1157 4034 1358 4104 ἀρετήν
1381 4049 1395 4062 ο
1420 4031 1550 4085 ὡσεὶ
1584 4031 1760 4101 ελεγεθ

200 4118 414 4192 Νήψατε
436 4142 451 4157 ο
484 4127 589 4181 οὐκ
614 4127 692 4178 ἔνι
717 4125 828 4196 γὰρ
861 4125 1026 4196 ζῆσαι
1051 4123 1330 4196 ῥᾳθύμως,
1362 4125 1454 4176 καὶ
1484 4123 1644 4178 πάλιν
1676 4123 1765 4194 βα-

203 4214 504 4286 πτισθῆναι,
547 4217 642 4270 καὶ
687 4217 752 4270 δι’
802 4216 1097 4278 ἐπιθέσεως
1129 4213 1327 4286 χειρῶν
1365 4213 1550 4268 λαϐεῖν
1599 4213 1766 4268 Πνεύ-

206 4315 362 4370 ματος
393 4306 552 4376 ἁγίου
599 4305 961 4376 ἐπιφοίτησιν.
1015 4304 1168 4374 Τάχα
1219 4303 1275 4357 δὲ
1318 4297 1484 4370 οὗτοι,
1539 4303 1763 4356 Ἰουδαῖ-

202 4390 432 4468 κὼτερον
482 4397 826 4470 φρονοῦντες,
866 4396 954 4448 διὰ
982 4395 1044 4448 τὸ
1073 4395 1362 4467 διαφόρους
1399 4397 1458 4448 ἐν
1503 4393 1582 4464 τῷ
1613 4394 1764 4464 νόμῳ

205 4476 334 4538 εἶναι
365 4487 723 4560 βαπτισμοὺς,
755 4487 1032 4541 ἐϐούλοντο
1059 4487 1154 4541 καὶ
1191 4487 1252 4539 τὸ
1277 4487 1377 4557 τῆς
1405 4486 1551 4548 Νέας
1573 4484 1764 4554 βάπτι-

209 4586 331 4641 σμα,
378 4577 438 4630 τὸ
477 4579 580 4649 τὴν
627 4575 1048 4645 παλιγγενεσίαν
1096 4573 1457 4644 δωρούμενον,
1508 4569 1768 4634 πολλάκις

209 4659 549 4731 βαπτίζεσθαι
579 4685 596 4701 ο
635 4668 723 4722 διὰ
771 4668 830 4720 τὸ
876 4666 1122 4734 ἀφέσεως
1174 4663 1455 4735 ἁμαρτιῶν
1507 4662 1767 4726 πολλάκις

206 4750 397 4810 ἐθέλειν
423 4758 707 4827 ἀξιοῦσθαι
725 4776 740 4792 ο
770 4758 852 4812 διὸ
880 4757 1110 4826 ἐπάγει·
1147 4755 1459 4810 Ἀδύνατον
1489 4753 1600 4824 γὰρ
1624 4752 1766 4819 τοὺς

205 4839 356 4910 ἅπαξ
379 4850 804 4916 φωτισθέντας,
824 4867 879 4903 κ.
918 4867 969 4902 τ.
1001 4847 1054 4902 λ.

1860 1924 2000 1991 Quid
2028 1939 2157 1994 ergo
2190 1923 2319 1978 illud
2352 1926 2404 1978 in
2427 1925 2619 1994 plurali
2646 1927 2906 1995 protulit?
2934 1926 3070 1994 Quia
3092 1930 3230 1984 dixit
3256 1948 3269 1984 :
3304 1930 3428 1986 Non

1861 2033 2072 2070 rursum
2082 2017 2338 2086 jacientes
2359 2017 2758 2086 fundamentum
2782 2019 3100 2088 poenitentia:
3117 2023 3185 2078 ⁷³.
3205 2021 3259 2077 Si
3281 2024 3426 2078 enim

1860 2107 2007 2176 ipsos
2037 2108 2216 2161 denuo
2265 2106 2642 2176 baptizasset,
2685 2115 2740 2162 et
2771 2109 2923 2179 prius
2969 2110 3315 2177 instituisset,
3363 2129 3431 2168 ac

1859 2213 2079 2252 rursum
2115 2197 2184 2251 ab
2214 2197 2370 2251 initio
2400 2199 2680 2268 baptizati,
2708 2215 2796 2254 res
2820 2201 3057 2272 agendas
3088 2204 3265 2258 edocti
3292 2204 3428 2260 fuis-

1860 2298 2002 2354 sent,
2033 2297 2087 2343 et
2115 2307 2222 2345 non
2258 2291 2518 2361 agendas,
2547 2302 2810 2362 perpetuo
2840 2292 3228 2363 indisciplinati
3259 2294 3429 2350 futuri

1860 2390 2036 2436 erant.
2072 2379 2433 2450 Impositionis
2477 2399 2677 2453 quoque
2721 2399 3006 2449 manuum,
3033 2383 3211 2454 inquit
3237 2379 3313 2439 ⁷⁶ε
3351 2387 3428 2442 ita

1861 2489 2096 2544 namque
2138 2472 2398 2544 Spiritum
2435 2483 2684 2530 sanctum
2728 2484 3068 2545 acceperant,
3105 2476 3274 2532 Paulo
3307 2494 3426 2532 ma-

1863 2579 1969 2620 nus
1995 2565 2128 2635 ipsis
2164 2566 2496 2636 imponente.
2545 2567 2622 2620 Ac
2651 2569 3043 2622 resurrectionis
3072 2579 3422 2625 mortuorum.

1862 2655 2002 2711 Illud
2038 2657 2182 2710 enim
2217 2667 2271 2710 et
2302 2657 2356 2711 in
2403 2657 2676 2728 baptismo
2720 2657 2969 2723 efﬁcitur,
2999 2668 3052 2713 et
3081 2659 3428 2715 confessione

1863 2747 2147 2803 solidatur.
2179 2747 2246 2800 Et
2267 2748 2461 2818 judicii
2490 2759 2694 2804 ceter-nt.
2756 2749 2940 2816 Quare
2994 2751 3112 2805 inec
3143 2751 3429 2822 loquitur?

1860 2837 2001 2907 Quia
2024 2839 2331 2894 verosimile
2375 2849 2494 2894 erat
2537 2855 2653 2903 eos,
2707 2851 2998 2909 postquam
3047 2843 3428 2909 credidissent,

1861 2941 1958 2986 aut
1994 2931 2274 2997 vacillare,
2312 2938 2406 2985 aut
2431 2931 2677 3001 improbe
2713 2942 2766 2987 et
2794 2933 3030 3003 segniter
3054 2933 3220 2988 vitam
3249 2950 3427 3006 agere.

1861 3022 2114 3094 Vigilatc,
2158 3023 2356 3094 inquit,
2392 3039 2500 3078 non
2556 3024 2679 3079 licet
2710 3025 2928 3080 dicere:
2987 3025 3044 3080 Si
3081 3029 3316 3097 segniter
3347 3029 3430 3082 vi-

1860 3130 2076 3182 vamus,
2101 3131 2322 3170 rursum
2349 3116 2769 3186 baptizabimur,
2801 3134 3021 3173 rursum
3044 3119 3428 3175 instituemur:

1868 3223 2088 3263 rursum
2126 3207 2389 3278 Spiritum
2425 3217 2674 3264 sanctum
2721 3209 3070 3280 accipiemus.
3123 3209 3276 3267 Licet
3317 3213 3431 3282 jam

1869 3297 1974 3352 ﬁde
2009 3299 2350 3365 excidamus,
2381 3313 2598 3353 rursum
2633 3301 2933 3369 poterimus
2972 3316 3068 3370 per
3099 3301 3432 3370 baptismum

1867 3397 2090 3460 peccata
2137 3389 2400 3456 abluere;
2438 3388 2739 3459 eademque
2791 3389 2972 3446 denuo
3009 3393 3268 3461 consequi
3308 3409 3433 3463 quae

1867 3479 2224 3548 suppetebant
2255 3487 2441 3534 antea.
2501 3477 2958 3548 Fundamentum,
2996 3481 3192 3552 inquit,
3240 3486 3433 3553 posui-

1867 3583 2012 3634 mus,
2048 3584 2170 3624 cum
2203 3570 2624 3640 baptizaremur,
2657 3571 3188 3628 abrenuntiationem
3227 3575 3435 3631 scilicet

1868 3663 2121 3734 operibus
2149 3664 2383 3719 Satanae.
2421 3664 2600 3721 Semel
2630 3667 2775 3721 enim
2809 3666 3092 3736 baptizati,
3129 3667 3216 3722 bis
3245 3669 3436 3724 condi-

1870 3753 2114 3810 tionibus
2151 3754 2412 3825 baptizati
2445 3771 2657 3811 sumus.
2691 3753 3047 3827 Nequaquam
3079 3771 3210 3828 ergo
3245 3757 3434 3815 isthtec

1869 3843 1939 3898 ab
1974 3843 2130 3898 initio
2161 3845 2485 3900 resumenda
2517 3855 2665 3901 sunt.
2702 3845 3034 3916 Quapropter
3078 3847 3433 3903 intermitten-

1869 3946 1946 3991 tes
1981 3937 2332 3992 inchoationis
2384 3936 2584 3993 Christi
2631 3955 2942 4007 sermonem,
2990 3939 3058 3996 de
3107 3939 3436 4010 baptismate

1868 4025 2160 4094 agendum,
2192 4032 2248 4080 et
2296 4026 2362 4081 de
2411 4026 2757 4097 impositione
2807 4042 3091 4095 manuum,
3132 4043 3230 4098 per
3271 4045 3435 4098 quam

1871 4114 2136 4187 Spiritum
2162 4118 2470 4187 accepistis,
2493 4127 2546 4173 et
2572 4119 2637 4174 de
2663 4127 3004 4180 mortuorum
3036 4124 3437 4176 resurrectione

1869 4221 1935 4261 ac
1956 4206 2186 4276 judicio,
2227 4207 2296 4260 ad
2322 4206 2636 4277 perfectiora
2665 4209 2922 4279 feramur.
2951 4207 3138 4280 Neque
3165 4211 3309 4265 enim
3343 4225 3438 4266 ea-

1869 4297 1990 4352 dem
2017 4312 2230 4368 semper
2269 4309 2398 4354 snnt
2426 4300 2732 4369 repetenda.
2779 4299 2959 4355 Semel
3001 4302 3202 4371 quippe
3229 4301 3436 4356 dictum

1869 4395 1924 4442 et
1947 4387 2149 4442 factum
2180 4397 2283 4442 est.
2309 4388 2414 4444 Sed
2437 4405 2574 4460 opus
2601 4397 2684 4446 est
2715 4400 2776 4445 ut
2807 4399 2993 4445 nostra
3035 4406 3257 4460 quoque
3302 4390 3437 4445 alie-

1869 4494 2091 4546 ramus;
2119 4479 2325 4535 scilicet
2347 4491 2693 4536 mansuetum
2720 4483 2842 4537 vitae
2865 4483 3200 4549 institutum,
3223 4498 3438 4537 necnon

1871 4570 1995 4626 ﬁdei
2021 4573 2361 4641 dignitatem.
2391 4571 2516 4628 Haec
2547 4574 2691 4628 enim
2717 4584 2802 4629 est
2823 4575 3105 4644 perfectio,
3135 4575 3332 4644 inquit,
3380 4586 3441 4630 ut

1872 4664 2208 4720 ambidextra
2247 4665 2320 4720 sit
2345 4667 2544 4728 virtus,
2583 4681 2646 4720 ac
2690 4666 2738 4721 si
2769 4668 2954 4722 dicat‘:
3009 4665 3272 4737 Vigilate:
3329 4683 3439 4721 non

1869 4754 1999 4810 licet
2044 4757 2190 4810 enim
2221 4759 2457 4828 segniter
2495 4760 2676 4814 vivere
2702 4774 2768 4814 ac
2804 4775 3024 4815 rursum
3056 4760 3342 4830 baptizari,
3377 4775 3442 4814 ac

1869 4859 1968 4914 per
1996 4846 2406 4915 impositionem
2440 4863 2702 4904 manuum
2734 4848 2998 4919 Spiritum
3042 4860 3297 4905 sanctum
3345 4849 3443 4903 ad-

205 4937 496 4997 venientem
527 4943 790 5011 accipere.
824 4939 1096 4996 Fortassis
1122 4946 1304 4994 autem
1336 4937 1372 4991 ii
1395 4937 1489 5008 qui
1530 4935 1842 4991 Judaeorum
1887 4951 2040 4991 more
2073 4939 2338 5005 sentiunt,
2385 4941 2531 5010 quod
2585 4941 2723 4996 varii
2757 4942 2869 4996 sint
2914 4941 2972 4997 in
3010 4943 3126 5013 lege
3159 4943 3437 5013 baptismi,

206 5026 445 5088 volebant
500 5049 653 5089 novae
689 5047 908 5104 quoque
956 5033 1092 5103 legis
1139 5031 1426 5104 baptismo,
1471 5031 1566 5101 qui
1604 5029 2066 5099 regenerationem
2090 5033 2298 5095 tribuit,
2321 5033 2636 5104 plerumque
2665 5033 2967 5104 baptizari:
3008 5036 3152 5105 quod
3181 5044 3442 5104 cuperent

207 5131 337 5189 sape
381 5126 481 5182 sibi
521 5125 896 5182 remissionem
927 5127 1151 5182 concedi
1187 5132 1572 5196 peccatorum;
1601 5121 1955 5192 quamobrem
1988 5121 2188 5182 infert:
2217 5125 2547 5198 Impossibile
2576 5128 2715 5182 enim
2743 5136 2842 5194 est,
2885 5143 2971 5183 eos
3019 5128 3111 5200 qui
3135 5127 3294 5183 semel
3313 5126 3442 5188 illa-

207 5213 383 5268 minati
409 5228 530 5272 sunt
547 5215 620 5288 ⁷⁷,
645 5225 749 5274 etc.

271 5326 315 5359 τι
336 5328 493 5391 Hebr.
523 5351 603 5405 vr,
628 5335 682 5392 ε.
759 5336 806 5369 τι
831 5333 963 5392 ibid.
998 5337 1054 5391 ι.
1133 5335 1180 5367 το
1204 5332 1334 5390 ibid.
1361 5331 1416 5386 ε.
1493 5323 1538 5357 ⁷⁷
1572 5325 1703 5384 ibid.
1736 5331 1791 5386 4.
