3794 6226
330 370 469 429 m3

929 366 985 421 S.
1029 358 1401 421 ATHANASII
1440 359 1594 415 OPP.
1638 356 1816 413 PARS
1852 356 1891 410 l.
1931 384 1998 397 --
2036 348 2412 406 HISTORICA
2445 346 2534 401 ET
2570 341 2995 401 DOGMATICA.

3449 337 3593 391 1226

380 483 565 551 Cod.
624 476 800 546 Colb.
861 481 1021 542 £097
1077 473 1395 556 Panoplia
1424 471 1758 556 Euthymii
1821 466 2187 556 Zggabeni.
2222 463 2287 523 in
2334 478 2460 542 qua
2518 456 2833 556 permulta
2856 457 3111 556 exstant
3142 446 3591 556 esun‘th'a‘naﬁii

333 526 1144 651 op3F$u§V§5erVEAitis
1180 526 1500 632 excerpta.
1533 526 1772 612 Naé’és
1807 526 2018 609 sole
2049 526 2276 604 damus
2313 526 2457 622 quas
2497 526 2815 616 nusquam
2850 539 3105 594 exstant
3150 529 3345 591 edita.
3380 526 3594 589 Dubia

334 643 635 703 videntur
669 655 840 702 esse.

334 768 589 891 Ejrtit‘i‘t‘letg;
612 763 1253 904 σὲἒέἒιῗῧῗδῇιζπεὲῗᾛί
1277 763 1444 899 ἓξὲξξὲ
1452 763 1913 882 ειξῗετιῗῖὶιῖαιῖηὲιι

402 907 688 962 haereticis.

439 917 688 963 wreticis.

404 1040 548 1107 Quid
578 1053 760 1094 causae
790 1046 873 1092 est
898 1036 1043 1107 quod
1069 1033 1251 1090 dicitis
1273 1030 1576 1094 Christum,
1609 1028 1910 1092 cmlestem,

338 1150 450 1191 non
483 1134 778 1187 humanam
818 1130 1063 1184 induisse
1086 1142 1329 1188 carnem,
1351 1140 1477 1179 cum
1516 1120 1809 1190 Apostolus
1833 1118 1915 1171 di-

337 1235 467 1281 cat:
514 1224 618 1290 Qui
675 1222 977 1287 sanctiﬁcat
1030 1229 1080 1274 et
1110 1220 1200 1290 qui
1245 1212 1673 1285 sanc'tiﬁcantur,
1719 1225 1782 1263 ea:
1811 1224 1914 1262 uno

337 1309 560 1362 omnes?
589 1305 761 1372 Quam
788 1310 849 1359 ob
883 1318 1103 1360 causam
1130 1318 1233 1357 non
1260 1303 1537 1365 erubescit,
1570 1300 1763 1370 inquit,
1798 1299 1913 1370 fro-'-

340 1410 446 1453 tres
498 1415 587 1453 eos
629 1398 917 1468 appellare,
966 1397 1142 1451 dicens
1180 1411 1199 1449 :
1235 1393 1484 1448 Narrabo
1535 1410 1720 1446 nomen
1768 1401 1914 1446 tuum

339 1490 598 1560 fratribus
631 1491 759 1544 meis
786 1484 853 1542 τθ.
887 1481 971 1542 Ea:
1000 1505 1101 1542 uno
1130 1496 1333 1550 autem,
1357 1484 1631 1554 quonam?
1659 1498 1723 1537 ex
1744 1485 1915 1539 Adam

339 1583 610 1649 videlicet,
648 1580 858 1651 1013
884 1580 1037 1649 juxta
1065 1576 1227 1633 Luca:
1263 1574 1656 1647 genealogiam.
1687 1573 1767 1627 Ac
1792 1588 1915 1626 rur-

341 1690 496 1731 sum:
520 1673 660 1740 Quia
680 1674 837 1742 pueri
855 1671 1374 1724 communicaverunt
1403 1668 1550 1720 carni
1572 1675 1621 1721 et
1644 1665 1911 1736 sanguini,

339 1777 393 1822 et
427 1768 536 1836 ipse
561 1764 810 1819 similiter
833 1761 1176 1834 participavit
1200 1760 1397 1814 eisdem
1424 1759 1491 1813 '9.
1524 1757 1701 1827 Atque
1730 1765 1790 1811 ut
1813 1772 1918 1812 ete-

342 1857 496 1913 lestis
529 1856 709 1910 carnis
767 1854 972 1909 adimat
1025 1850 1412 1920 suspicionem,
1447 1848 1716 1917 subjecit:
1769 1844 1917 1900 Nus-

342 1958 501 2013 quam
533 1943 669 1995 euim
694 1939 907 2011 angelos
932 1938 1292 2009 apprehendit,
1327 1936 1416 1990 sed
1450 1952 1622 1990 semen
1651 1936 1877 1990 Abrahae
1896 1951 1915 1989 :

341 2034 481 2088 unde
522 2032 699 2087 debuit
731 2048 822 2101 per
848 2031 1024 2083 omnia
1049 2028 1304 2099 fratribus
1345 2028 1575 2081 similari
1598 2028 1664 2081 3°.
1707 2027 1773 2081 Et
1797 2027 1917 2098 plu-

1280 758 1621 813 Valentinum
1654 796 1669 821 ,
1723 755 1814 825 qui
1856 754 1912 807 in

2063 749 2134 803 οῦ
2161 746 2348 825 αὑζοῦ
2388 746 2405 815 (
2435 737 2821 825 Ἀθανασίςυ)
2851 735 3493 825 ωτὰαούαλεζοτιίνοίρζ
3521 732 3596 786 τὰ

2086 816 2287 872 πολλὰ
2331 804 2663 883 σύμφώνου
2712 804 2887 874 ὄντος
2938 805 3065 873 τοῖς
3114 804 3596 874 προδηλωθεῐσιν

2083 888 2416 957 αἰρετικοῐς.

2082 1019 2209 1083 Πῶς
2256 1017 2442 1087 λέγετε
2474 1014 2709 1086 Χριστὸν
2747 1009 3004 1083 οὑρανίαν
3047 1007 3226 1079 σάρκα
3260 1005 3595 1078 περιϐεϐλῆ-

2016 1113 2160 1176 σθαι,
2212 1110 2307 1164 καὶ
2348 1109 2449 1161 οὑκ
2481 1103 2849 1177 ἀνθρωπίνην,
2905 1101 3082 1155 καίτοι
3125 1099 3219 1152 τοῦ
3266 1098 3592 1152 Ἀποστόλου

2015 1205 2315 1273 φάσκοντος
2356 1216 2372 1232 ’
2419 1200 2474 1251 Ὁ
2540 1196 2789 1266 ἁγιάζων
2845 1195 2942 1249 καὶ
2998 1196 3053 1246 ol
3103 1190 3475 1262 ἁγιαζόμενοι
3524 1189 3593 1255 ἐξ

2012 1290 2154 1358 ἐνὸς
2180 1289 2434 1355 πάντες
2468 1286 2544 1340 Δι’
2575 1288 2641 1359 ἦν
2688 1284 2866 1339 αἰτίαν
2908 1282 3456 1354 οὑκὲπαισχὺνεται,
3488 1299 3593 1351 φη-

2018 1385 2122 1447 σὶν,
2153 1381 2413 1450 ἀδελφοὺς
2450 1378 2648 1440 αὑτοὺς
2689 1375 2875 1429 καλεῖν
2896 1414 2910 1437 ,
2960 1374 3138 1443 λέγων
3162 1389 3176 1403 ⁸
3244 1370 3595 1441 Ἀπαγγελῶ

2015 1471 2081 1525 τὸ
2121 1469 2307 1540 ὄνομα
2348 1486 2465 1524 σου
2513 1467 2638 1533 τοῖς
2689 1464 2977 1535 ἀδελφοῖς
3010 1481 3152 1534 μου.
3195 1463 3293 1528 Ἐξ
3322 1462 3467 1531 ἑνὸς
3496 1463 3594 1525 δὲ,

2014 1567 2193 1630 τίνος;
2248 1563 2355 1617 Τοῦ
2397 1562 2569 1631 ’Δδὰμ
2610 1559 2872 1631 δηλονότι,
2906 1557 3052 1612 κατὰ
3101 1556 3200 1630 τὴν
3252 1556 3349 1609 τοῦ
3410 1556 3598 1610 Λουκᾶ

2016 1654 2367 1727 γενεαλογίαν
2399 1669 2413 1684 ο
2453 1652 2550 1705 καὶ
2588 1649 2784 1704 πάλιν⁸
2826 1647 2992 1703 Ἐπεὶ
3043 1649 3118 1701 τὰ
3161 1645 3371 1700 παιδία
3406 1662 3599 1699 κεκοι-

2016 1747 2250 1817 νώνηκε
2302 1744 2532 1814 σαρκὸς
2581 1743 2678 1799 καὶ
2722 1742 2992 1811 αἵματος,
3024 1740 3123 1794 καὶ
3181 1738 3369 1804 αὐτὸς
3408 1753 3596 1808 παραρ

2017 1840 2292 1907 πλησίως
2327 1837 2553 1904 ἐπέσχε
2584 1832 2702 1887 τῶν
2727 1831 2946 1887 αὐτῶν.
2985 1830 3251 1902 Ἀναιρῶν
3285 1829 3343 1883 δὲ
3375 1828 3473 1883 καὶ
3498 1828 3598 1899 τὴν

2018 1931 2283 2002 ὑπόληψιν
2308 1929 2409 2000 τῆς
2445 1927 2696 2000 οὐρανίου
2731 1925 2953 2002 σαρκὸς,
2983 1925 3263 1996 ἐπήγαγεν
3288 1941 3302 1953 ·
3347 1924 3433 1977 Οὐ
3486 1921 3598 1992 γὰρ

2017 2001 2213 2091 δήποο
2238 2020 2511 2094 ἀγγέλων
2545 2001 3029 2086 ἐπιλαμϐάιῖεται,
3065 2013 3228 2068 ἀλλὰ
3256 2012 3599 2082 σπέρματος

343 2128 481 2182 rima
505 2125 795 2195 ejusmodi.
831 2121 934 2177 Sed
966 2122 1250 2186 Dominus,
1288 2120 1460 2184 aiunt,
1491 2119 1629 2173 dixit
1655 2120 1710 2173 in
1737 2119 1912 2173 Evan-

2063 2112 2280 2181 λϐραάμ
2314 2129 2328 2142 σ
2374 2109 2516 2165 ὅθεν
2552 2108 2772 2177 ὤφειλε
2820 2102 2971 2157 κατὰ
3000 2101 3199 2156 πάντα
3248 2101 3374 2166 τοῖς
3422 2100 3600 2154 ἀδελ-

345 2216 534 2285 geliis:
569 2212 737 2267 Nemo
766 2213 999 2268 ascendit
1028 2212 1083 2265 in
1113 2210 1321 2273 coelum,
1349 2208 1452 2261 nisi
1470 2208 1559 2277 qui
1581 2224 1645 2261 ex
1673 2208 1802 2261 caelo
1822 2208 1916 2261 de-

344 2306 550 2362 scendit
585 2305 763 2359 Filius
789 2304 1038 2369 hominis,
1064 2304 1155 2372 qui
1177 2310 1252 2355 est
1275 2301 1331 2354 in
1356 2298 1483 2352 coelo
1506 2298 1572 2351 ⁸¹.
1597 2298 1675 2353 Ac
1696 2304 1916 2353 rursum

343 2397 635 2468 Apostolus
661 2415 674 2450 :
699 2395 910 2449 Primus
938 2395 1091 2449 homo
1111 2394 1175 2448 de
1205 2402 1345 2447 terra
1377 2402 1643 2455 terrenus;
1662 2392 1917 2446 secundus

342 2493 521 2556 homo,
556 2489 820 2545 Dominus
852 2487 1079 2547 scilicet.
1124 2487 1187 2540 de
1236 2485 1364 2538 creto
1410 2484 1633 2537 caelestis
1657 2483 1723 2536 δ’.
1780 2482 1919 2538 Ecce

344 2585 490 2641 enim
529 2581 819 2652 utrobique
852 2579 1090 2635 caelestis
1134 2578 1297 2630 homo
1342 2574 1674 2630 nominatur.
1708 2571 1919 2639 Quibus

345 2671 782 2742 respondemus:
813 2667 951 2723 Cum
985 2665 1257 2729 Christus,
1286 2663 1382 2733 qui
1410 2662 1607 2732 duplex
1641 2670 1725 2716 est
1761 2670 1919 2715 natu-

348 2765 426 2820 ris
456 2765 592 2827 suis,
623 2763 823 2815 unicus
847 2767 1026 2813 tamen
1053 2758 1124 2813 sit
1146 2754 1450 2827 hypostasi,
1481 2768 1603 2825 quas
1634 2753 1920 2822 utriusque

351 2868 480 2913 sunt
510 2864 721 2909 naturae
749 2852 851 2907 sibi
892 2850 1112 2921 propria
1158 2846 1343 2901 edicit.
1376 2844 1444 2899 Et
1477 2844 1639 2900 sicuti
1681 2844 1918 2913 Aposto-

351 2951 437 3006 lus
467 2961 591 3003 cum
622 2946 759 3000 dixit
789 2943 854 2998 de
888 2943 956 2996 iis
992 2940 1086 3011 qui
1132 2937 1409 2993 Christum
1458 2936 1773 2991 occiderunt
1801 2953 1814 2989 :
1852 2933 1919 2990 Si

348 3037 706 3110 cognovissent
727 3075 742 3100 ,
774 3048 1041 3104 nunquam
1084 3030 1367 3084 Dominum
1398 3028 1582 3099 gloria
1623 3029 1921 3099 cruciﬁzis-

348 3131 529 3194 sent”,
546 3143 889 3200 nequaquam
901 3123 1171 3195 signiﬁcat
1200 3135 1418 3191 passam
1472 3135 1594 3175 esse
1619 3120 1873 3175 deitatem
1902 3160 1916 3186 ,

2024 2205 2160 2275 goig
2198 2200 2576 2273 ὁμοιωθῆναι.
2605 2198 2718 2252 Καὶ
2746 2194 2919 2249 πολλὰ
2958 2192 3207 2247 τοιαῦτα.
3248 2191 3391 2246 Ἀλλ’
3432 2194 3461 2245 6
3493 2191 3602 2244 Κύ-

2026 2318 2161 2374 ριος,
2196 2299 2382 2369 φασιν,
2433 2296 2651 2369 εἴρηκεν
2703 2294 2761 2345 ἐν
2790 2293 2902 2353 τοῖς
2952 2286 3345 2356 Εὑαγγελίοις·
3385 2283 3602 2349 Οὐδεὶς

2022 2392 2391 2459 ἀναϐέϐηκεν
2413 2392 2500 2454 εἰς
2529 2386 2637 2441 τὸν
2664 2384 2944 2453 οὐρανὸν,
2979 2383 3031 2434 εἰ
3067 2378 3154 2449 μὴ
3184 2381 3218 2432 ό
3253 2378 3323 2430 ἐκ
3354 2375 3463 2429 τοῦ
3502 2377 3602 2429 οὐ-

2016 2483 2209 2552 ρανοῦ
2233 2479 2512 2545 καταϐὰς,
2550 2481 2583 2532 ὀ
2602 2476 2733 2541 Υἱὸς
2760 2473 2866 2527 τοῦ
2889 2470 3223 2540 ἀνθρώπου,
3253 2470 3285 2521 ὁ
3313 2466 3398 2520 ὢν
3426 2466 3497 2519 ἐν
3522 2464 3602 2530 τῷ

2022 2574 2257 2644 οἱφανῷ
2281 2591 2295 2605 ·
2330 2573 2426 2627 καὶ
2458 2575 2487 2625 6
2537 2567 2856 2630 Ἀπόστολος
2890 2564 3050 2618 πάλιν
3075 2580 3091 2594 ’
3138 2564 3202 2616 '0
3233 2560 3467 2630 πρῶτος
3499 2559 3603 2613 ἆν-

2025 2673 2257 2738 θρωπος
2283 2662 2502 2734 ἐνί-γῆς
2540 2661 2750 2733 χοϊκός
2774 2677 2787 2690 ·
2826 2662 2861 2713 ὁ
2891 2657 3170 2723 δεύτερος
3201 2652 3534 2722 ἄνθρωπος,
3571 2652 3602 2703 6

2023 2762 2251 2835 Κύριος,
2295 2758 2363 2823 ἐξ
2402 2754 2662 2826 οὐρανοῦ
2694 2750 2994 2821 οὐράνιος.
3051 2748 3182 2801 Ἰδοὺ
3217 2746 3325 2816 γὰρ
3358 2743 3603 2815 ἀμφοτέ-

2030 2834 2199 2927 ρωθεν
2250 2850 2501 2924 οὐράνιος
2568 2846 2854 2918 ἄνθρωπος
2914 2840 3257 2912 ὀνομάζεται.
3303 2837 3450 2907 Πρὸς
3508 2834 3605 2898 οὓς

2026 2945 2280 3019 ἐροῦμεν,
2302 2945 2383 2997 ὅτι
2408 2941 2530 2994 ἐπεὶ
2544 2938 2763 3001 διπλοῦς
2787 2936 2863 2990 ὣν
2890 2937 3009 2998 ταῖς
3038 2932 3263 3002 φύσεσιν
3290 2932 3319 2983 6
3342 2928 3604 3001 Χριστὸς,

2030 3035 2314 3110 μοναδικός
2346 3034 2463 3087 ἐστι
2495 3031 2595 3102 τὴν
2641 3029 2940 3083 ὑπόστασιν
2965 3062 2982 3090 ,
3019 3025 3349 3077 ἱδιοποιεῐται
3392 3019 3466 3073 τὰ
3504 3019 3607 3089 τῆς

2026 3128 2294 3200 ἑκατέρας
2330 3124 2566 3194 φύσεως.
2599 3121 2709 3175 Καὶ
2737 3117 2990 3189 καθάπερ
3018 3118 3047 3168 6
3082 3112 3403 3174 ’Δπόστολος
3430 3110 3606 3163 εἰπὼν

349 3239 471 3295 quae
492 3230 576 3277 est
606 3220 870 3274 Dominus
903 3215 1107 3286 gloriae,
1139 3218 1232 3268 sed
1267 3228 1383 3267 rem
1413 3221 1749 3282 assumptam
1784 3229 1799 3279 ;
1839 3211 1920 3267 sic

2063 3221 2154 3292 rapi.
2184 3217 2291 3272 τῶν
2311 3214 2719 3290 Χριστοκτόνων
2747 3213 2851 3265 ὅτι·
2871 3212 2941 3263 El
2958 3208 3254 3280 ἔγνωσαν,
3267 3206 3377 3258 οὐκ
3399 3202 3479 3257 ἂν
3496 3204 3612 3257 τὸν

350 3315 407 3369 in
440 3314 590 3369 hisce
617 3311 778 3391 dictis
807 3309 988 3380 ipsum
1023 3304 1220 3359 Filium
1245 3312 1298 3357 et
1326 3302 1493 3357 Deum
1538 3317 1759 3373 passum
1797 3316 1921 3355 esse

2063 3313 2242 3380 ἷύριον
2263 3308 2373 3379 τῆς
2399 3307 2586 3374 δόξης
2603 3305 3017 3371 ἐσταύρωσαν,
3035 3300 3096 3352 οὑ
3116 3299 3214 3369 τὴν
3246 3295 3477 3367 θεότητα
3504 3313 3611 3349 m-

349 3403 568 3470 dicitur,
597 3401 666 3456 ob
697 3387 862 3455 unam
893 3396 1112 3452 deitatis
1145 3393 1486 3466 hypostasin,
1518 3408 1641 3462 qua:
1668 3392 1921 3447 humana:

2063 3401 2279 3457 :ovOévat
2308 3399 2493 3470 φησὶν,
2527 3398 2649 3469 ἦτις
2680 3397 2795 3449 ἐστὶ
2818 3395 3023 3466 Κύριος
3040 3393 3139 3463 τῆς
3160 3391 3337 3461 δόξης,
3546 3387 3612 3440 τὺ

350 3467 570 3568 quoque
600 3500 813 3547 naturae
850 3486 1161 3561 hypostasis
1206 3484 1350 3540 facta
1397 3493 1520 3550 est;
1553 3481 1647 3538 sed
1697 3495 1922 3551 passum

2063 3467 2399 3567 τρόσλημμαλ
2421 3467 2563 3543 οὕτω
2600 3488 2695 3542 κα)⁸
2732 3487 2824 3540 ἐπὶ
2851 3486 2960 3539 τῶν
2987 3483 3167 3557 ῥητῶν
3201 3482 3405 3536 τούτων
3440 3478 3612 3543 αὑτὸς

352 3586 654 3644 secundum
680 3584 977 3638 humanam
1011 3594 1166 3635 suam
1201 3585 1477 3640 naturam,
1506 3586 1668 3645 atque
1693 3590 1757 3629 ex
1786 3575 1922 3630 coelo

2063 3587 2130 3640 ,ὲν
2177 3587 2206 3639 6
2242 3584 2371 3647 Υἱὸς
2415 3582 2511 3636 καὶ⁹
2559 3578 2691 3643 Θεδς
2737 3577 3062 3651 πεπονθέναι
3098 3576 3335 3645 λέγεται,
3367 3572 3458 3627 διὰ
3505 3572 3613 3644 τὴν

353 3681 574 3751 quidem
602 3675 972 3737 descendisse,
1015 3682 1069 3727 et
1103 3669 1461 3725 nihilominus
1508 3666 1564 3722 in
1598 3667 1740 3723 caelo
1781 3681 1924 3734 esse,

355 3770 657 3829 secundum
683 3765 1002 3839 hypostasin
1035 3762 1274 3827 deitatis,
1308 3759 1507 3814 Filium
1536 3768 1715 3814 autem
1750 3757 1929 3812 homi-

360 3863 450 3919 nis
476 3877 598 3918 esse
625 3858 925 3917 secundum
959 3864 1213 3911 naturam
1245 3862 1522 3924 postremo
1566 3861 1926 3921 assumptam,

359 3964 485 4029 post
508 3956 831 4010 descensum
863 3966 930 4005 ex
971 3949 1131 4004 coelo.
1161 3946 1239 4001 Ac
1275 3958 1494 4001 rursum
1522 3963 1536 3999 :
1572 3943 1714 3999 idem
1748 3942 1931 3997 Domi-

357 4064 463 4103 nus
514 4056 734 4117 propter
780 4057 946 4097 unam
994 4036 1333 4111 hypostasin,
1382 4034 1654 4092 secundus
1708 4033 1929 4105 quidem

334 4142 524 4203 homo
574 4137 875 4193 secundum
925 4133 1136 4188 unitam
1184 4128 1616 4183 humanitatem:
1669 4141 1734 4180 ex
1790 4124 1930 4180 caelo

359 4240 566 4296 autem,
609 4225 910 4283 secundum
955 4221 1316 4277 divinitatem.
1366 4215 1486 4272 Nisi
1531 4216 1679 4272 enim
1736 4230 1930 4270 unam-

357 4333 629 4392 quamque
688 4315 906 4388 proprie
959 4311 1408 4376 intellexerimus,
1462 4310 1517 4364 in
1571 4305 1931 4378 repugnantia

358 4410 681 4482 Apostolum
715 4404 1097 4477 conjiciemus.
1129 4400 1414 4468 Quomodo
1441 4403 1589 4454 enim
1620 4414 1715 4469 per
1746 4397 1931 4452 omnia

359 4500 558 4557 similis
586 4496 744 4551 nobis
785 4490 1062 4551 terrenis?
1094 4489 1383 4555 Quomodo
1410 4488 1573 4544 etiam
1618 4487 1785 4542 frater
1826 4500 1929 4538 no-

356 4602 490 4657 Slel',
522 4589 615 4660 qui
667 4600 834 4642 carne
880 4586 1088 4640 caelesti
1142 4580 1366 4639 indutus
1412 4580 1530 4636 sit?
1564 4576 1631 4631 Et
1675 4584 1930 4633 sexcenta

355 4680 464 4735 alia
495 4677 735 4735 absurda
762 4677 891 4733 hinc
922 4680 1348 4745 consequentur.

2029 3678 2158 3750 μίαν
2192 3676 2488 3730 ὑπόστασιν
2538 3672 2638 3743 τῆς
2684 3671 2959 3742 θεότητος,
2997 3669 3120 3741 ἥτις
3166 3668 3261 3721 καὶ
3289 3668 3356 3737 τῇ
3392 3664 3613 3736 ἀνθρω-

2032 3770 2167 3843 πίνῃ
2192 3767 2350 3839 φύσει
2376 3766 2597 3835 γέγονεν
2643 3762 2941 3826 ὑπόστασις
2961 3779 2976 3793 ο
3018 3759 3341 3815 πεπονθέναι
3369 3759 3427 3811 δὲ
3461 3757 3612 3812 κατὰ

2026 3861 2126 3933 τὴν
2163 3856 2514 3931 ἀνθρωπίνην
2544 3854 2706 3924 φύσιν
2752 3854 2941 3920 αὑτοῦ,
2989 3854 3084 3907 καὶ⁵
3126 3853 3192 3905 ὲκ
3232 3851 3327 3904 τοῦ
3366 3849 3609 3921 οὐρανοῦ

2032 3951 2131 4026 μὲν
2161 3948 2615 4020 καταδεὸηκέναι,
2650 3946 2746 4000 καὶ
2775 3948 2833 3998 ὲν
2870 3944 2949 4016 τῷ
2994 3941 3207 4014 οὑρανῷ
3252 3939 3410 4005 εἶναι,
3461 3942 3611 3995 κατὰ

2029 4046 2126 4116 τὴν
2170 4041 2466 4095 ὑπόστασιν
2502 4039 2599 4109 τῆς
2631 4037 2883 4108 θεότητος
2906 4053 2920 4066 ·
2961 4034 3090 4088 Υἰὸν
3117 4034 3173 4088 δὲ
3205 4032 3493 4103 ἀνθρώπου
3525 4029 3609 4085 εἶ·-
3700 4053 3707 4059 η

2029 4155 2115 4191 ναι
2158 4135 2301 4189 κατὰ
2344 4134 2445 4205 τὴν
2477 4131 2706 4202 ὕστερον
2747 4126 3182 4200 προσληφθεῖσαν
3239 4125 3421 4195 φύσιν,
3465 4124 3614 4194 μετὰ

2029 4226 2128 4299 τὴν
2156 4224 2216 4290 ἐξ
2241 4221 2469 4295 οὑρανοῢ
2503 4220 2750 4275 κάθοδον.
2783 4218 2891 4272 Καὶ
2924 4217 3087 4271 πάλιν
3126 4219 3155 4271 ὁ
3192 4217 3354 4279 αὑτὸς
3396 4214 3613 4285 Κύριος

2028 4316 2117 4369 διὰ
2147 4313 2246 4386 τὴν
2298 4311 2424 4384 μίαν
2474 4310 2773 4363 ὑπόστασιν
2804 4323 2819 4336 ·
2867 4305 3118 4377 δεύτερος
3173 4304 3273 4374 μὲν
3316 4301 3614 4374 ἄνθρωπος

2030 4407 2173 4462 κατὰ
2202 4406 2303 4477 τὴν
2335 4402 2621 4475 ἡνωμένην
2683 4399 3099 4471 ἀνθρωπότητα,
3153 4397 3212 4463 ὲξ
3252 4394 3484 4466 οὐρανοῦ
3551 4394 3613 4447 δὲ

2030 4493 2174 4549 κατὰ
2202 4492 2302 4565 τὴν
2347 4489 2610 4563 θεότητῆ’
2660 4491 2709 4542 εἰ
2761 4488 2871 4560 γὰρ
2923 4488 2997 4559 μὴ
3036 4489 3317 4559 νοήσωμεν
3366 4484 3614 4555 ἑκάστην

2030 4587 2268 4651 οἰκείως,
2311 4580 2732 4651 ὲναντιολογίαις
2782 4578 3161 4646 ὑποϐαλοῦμεν
3200 4576 3293 4630 τὸν
3347 4575 3612 4628 Ἀπόστο-

2030 4680 2141 4733 λον.
2176 4675 2302 4739 Πῶς
2353 4674 2462 4746 γὰρ
2499 4673 2641 4728 κατὰ
2694 4671 2873 4725 πάντα
2921 4670 3106 4739 ὅμοιος
3136 4671 3298 4740 ἡμῖν,
3314 4670 3428 4730 τοῖς
3476 4667 3610 4737 γηΐ-

2032 4788 2144 4835 νοις
2168 4786 2184 4835 ;
2226 4766 2354 4831 Πῶς
2380 4766 2438 4819 δὲ
2467 4763 2693 4833 ἀδελφὸς
2721 4762 2900 4834 ἡμῶν,
2944 4763 2973 4814 6
3014 4760 3193 4832 σάρκα
3224 4758 3481 4832 οὑρανίαν
3509 4775 3613 4811 πε-

2038 4862 2458 4936 ριδεῦλημένοςς
2492 4860 2603 4913 Καὶ
2633 4858 2770 4913 ἄλλα
2799 4858 2858 4912 δὲ
2886 4858 3056 4929 μυρία
3087 4858 3267 4913 ἄτοπα
3287 4856 3496 4926 ἕψεται.

358 5023 444 5081 Ea:
473 5021 752 5092 Euthymii
788 5016 1030 5073 monachi
1064 5011 1355 5093 Zygabeni,
1389 5006 1711 5091 Orth'odoxa:
1733 5003 1860 5125 σάοι
1887 5002 2191 5072 dogmatica
2219 4995 2493 5077 panoplia,
2514 5010 2541 5047 e
2562 4991 2747 5078 Grach
2778 4992 3043 5048 translata
3068 5006 3159 5060 per
3184 4988 3404 5063 Petrum
3428 4985 3612 5040 Fran-

1266 5095 1464 5125 “scum
1506 5076 1700 5125 linum
1776 5088 2098 5125 eronensem.
2144 5068 2369 5122 Parisiis
2392 5081 2529 5119 anno
2559 5064 2720 5119 155b.

1266 5085 1464 5136 eiscum
1505 5076 1700 5129 Zinum

430 5233 613 5304 Magni
649 5226 953 5304 Athanasii,
1006 5223 1257 5277 adversus
1307 5220 1430 5274 illos
1460 5258 1474 5284 ,
1523 5214 1937 5290 qui'Christum

360 5342 521 5383 unam
557 5339 670 5378 esse
698 5321 880 5374 dicunt
921 5326 1171 5372 naturam
1199 5314 1570 5381 compositam.
1597 5308 1743 5362 Licet
1796 5307 1937 5361 enim

362 5435 537 5491 postea
595 5421 660 5474 ab
714 5415 948 5486 Eutyche
996 5421 1046 5467 et
1094 5410 1345 5463 Dioscoro
1390 5402 1771 5474 monophysitis
1824 5400 1935 5455 hac

363 5516 572 5572 haresis
597 5511 757 5582 fuerit
797 5512 1105 5578 prorogata,
1134 5501 1346 5571 fuerunt
1390 5505 1565 5550 tamen
1611 5502 1769 5548 antea
1816 5490 1938 5562 qui-

363 5608 506 5671 dam,
551 5604 641 5673 qui
674 5599 894 5669 nefaria:
934 5594 1091 5650 istius
1145 5589 1407 5662 opinionis
1453 5587 1658 5642 semina
1702 5582 1938 5656 projece-

1776 5063 2098 5127 eroneiisem.
2144 5063 2370 5122 Parisiis
2392 5081 2529 5119 anno
2559 5063 2720 5119 1556.

2033 5221 2179 5266 runt.
2210 5208 2442 5265 Sanctus
2483 5218 2660 5263 autem
2694 5208 2962 5262 Maximus
3005 5221 3121 5260 eam
3167 5203 3300 5257 dicit
3324 5201 3610 5272 Apollina-

2035 5307 2175 5359 rium
2205 5302 2604 5358 disseminassc.

2104 5396 2242 5462 Quid
2295 5398 2677 5466 argumentum
2741 5388 2899 5456 illud,
2926 5403 3037 5458 quo
3068 5385 3237 5440 veluti
3269 5383 3441 5440 ariete
3482 5383 3609 5439 ani—

2036 5503 2156 5542 mas
2188 5485 2424 5552 petunt?
2452 5494 2688 5554 partem,
2741 5482 3018 5552 inquiunt,
3069 5478 3324 5535 essentia!
3371 5475 3609 5546 propriae

2033 5577 2178 5634 Deus
2207 5575 2336 5632 iecit
2360 5588 2583 5631 carnem
2629 5582 2991 5643 assumptam.
3040 5568 3115 5625 Ut
3161 5586 3229 5626 eo
3277 5576 3439 5639 pacto
3495 5579 3605 5621 una

426 5756 471 5788 ⁷⁸
503 5754 662 5811 Hebr.
700 5772 760 5813 ιι.
788 5754 871 5811 Η.
908 5753 992 5808 12.
1070 5754 1114 5785 τ’
1143 5751 1274 5807 ibid.
1314 5750 1400 5806 14.
1477 5749 1523 5783 ⁸ο
1550 5746 1682 5804 ibid.
1719 5740 1807 5805 16.
1836 5739 1922 5795 17.

2084 5733 2242 5791 Joan.
2281 5749 2365 5799 ιιι,
2398 5731 2482 5786 l3.
2556 5727 2650 5783 "l
2683 5726 2811 5784 Cor.
2849 5741 2938 5792 xv,
2970 5714 3180 5778 47.“’⁸³
3213 5721 3233 5776 ι
3276 5717 3404 5775 Cor.
3443 5712 3508 5782 ll,
3540 5712 3596 5770 8.
