3794 6226
191 280 338 338 1225

1459 272 1884 331 FRAGMENTA
1919 269 2152 329 VARIA.

3285 270 3422 326 1226

194 414 488 472 utrumque
539 397 778 454 essentia
825 395 1196 468 intelligatur,
1257 411 1380 466 qua
1438 395 1758 466 impatibilis
1785 401 1834 457 Α
1859 393 1949 449 bet
1982 407 2104 464 qua
2127 391 2397 462 patiatur?
2419 389 2561 458 Quid
2589 388 2694 444 ista
2731 387 3007 460 impietate
3035 390 3209 464 magis
3261 394 3421 448 nefa-

195 491 290 554 sit,
321 497 590 559 quatenus
633 487 870 544 Verbum
902 495 1016 555 est;
1047 487 1286 558 patiatur
1310 493 1492 541 autem
1548 494 1759 557 partem

195 583 398 647 carnis,
423 595 547 652 qua
569 595 695 636 cum
723 579 900 636 Verbo
935 579 1002 634 ad
1034 594 1198 634 unam
1242 579 1538 635 essentiam
1576 579 1760 634 absol-

195 673 428 730 vendam
476 669 776 726 concurrit.
834 668 951 726 Hoc
991 680 1170 726 autem
1209 670 1508 733 absurdum
1545 685 1669 726 esse
1708 680 1763 727 et

195 766 434 820 maxime
456 763 874 828 exsecrandum,
900 761 1058 818 facile
1081 763 1260 833 quivis
1288 763 1570 834 intelligat.
1601 761 1758 831 Pars,

195 854 477 924 inquiunt,
508 851 705 908 divina
744 851 995 907 essentia
1025 866 1176 920 caro,
1206 858 1260 906 et
1296 852 1444 921 quod
1477 852 1652 922 magis
1683 853 1762 908 ri-

193 947 434 1002 dendum
464 952 566 1009 est,
598 959 726 1014 pars
747 943 938 1010 tillius,
986 944 1079 1014 qui
1130 943 1308 1000 nullas
1344 944 1505 999 habet
1554 953 1760 1014 partes.

192 1037 574 1108 Compositam
601 1035 833 1104 faciunt,
865 1051 986 1107 qua
1017 1037 1244 1106 simplex
1279 1046 1381 1094 est.
1413 1035 1549 1092 Nam
1583 1038 1630 1094 si
1679 1040 1762 1094 ha

192 1138 403 1185 mutua
435 1131 576 1183 inter
617 1143 676 1183 se
725 1136 907 1199 partes
949 1129 1018 1182 ad
1068 1145 1238 1183 unum
1277 1129 1764 1199 aliquod'coucur-

191 1230 376 1286 runt,
437 1220 801 1289 compositum
841 1219 1118 1275 diversum
1167 1222 1493 1286 ostenditur,
1533 1223 1680 1293 quod
1735 1237 1766 1278 e

191 1313 447 1383 partibus
504 1319 718 1368 constat
780 1310 1175 1368 differentibus.
1222 1311 1490 1369 Praterea
1535 1313 1766 1384 suscipit

191 1404 597 1458 incrementum
629 1417 697 1456 ex
734 1416 898 1456 carne
921 1402 1126 1469 addita,
1170 1419 1292 1474 qua
1335 1420 1446 1460 non
1472 1405 1530 1460 in
1567 1415 1767 1462 natura

191 1493 423 1564 propria
469 1503 764 1562 spectatur,
799 1493 896 1549 sed
945 1508 1073 1564 pars
1114 1504 1198 1550 est
1247 1497 1496 1552 essentia
1543 1512 1766 1554 carnem

193 1586 377 1654 ipsam
407 1584 745 1654 accipientis.
770 1584 912 1652 Quin
936 1587 1099 1641 etiam
1129 1604 1194 1642 ex
1223 1587 1311 1643 liis
1340 1589 1568 1644 mutatio
1598 1597 1764 1660 patet,

191 1692 327 1732 cum
363 1675 604 1731 Verbum
656 1677 890 1747 amplius
911 1677 1210 1732 secundum
1262 1685 1522 1733 aternam
1573 1694 1765 1734 essen-

1864 485 2050 542 rium?
2103 482 2279 540 Unam
2319 483 2616 540 essentiam
2646 483 2849 548 dicere,
2877 492 2932 538 et
2961 484 3101 539 hanc
3132 484 3191 539 in
3241 494 3426 554 partes

1865 594 2050 637 secare
2081 581 2263 636 varias
2307 587 2363 634 et
2399 577 2706 634 diﬂerentes
2729 617 2744 642 ,
2786 585 2840 631 et
2874 592 3036 633 voces
3084 578 3266 633 dicere
3294 593 3427 634 con-

1865 673 2219 737 tumeliosas,
2255 685 2376 742 quae
2427 671 2504 724 rei
2543 670 2838 740 proposita
2875 671 3280 726 accommodari
3327 685 3426 726 ne-

1867 772 2087 836 queant,
2104 763 2207 819 nisi
2220 761 2468 832 perl'ecta
2484 775 2689 817 natura
2712 778 2839 832 pars
2855 763 3116 834 patibilis,
3135 770 3188 819 et
3203 778 3328 833 pars
3355 763 3430 819 sit

1868 854 2214 925 impatibilis;
2247 862 2302 908 et
2328 868 2454 923 pars
2482 853 2733 922 patiatur,
2764 869 2890 923 pars
2935 861 3118 909 autem
3165 870 3275 909 non
3332 869 3429 923 pa-

1869 948 2070 1013 tiatur;
2109 955 2162 1002 et
2190 960 2316 1015 pars
2364 945 2530 1027 vivat,
2559 953 2614 998 et
2644 961 2772 1015 pars
2807 947 3058 1004 intereat.
3084 946 3255 1019 Magis
3303 957 3431 1018 pro-

1869 1028 2012 1098 fecto
2058 1040 2425 1097 miserandum
2487 1040 2709 1106 animal,
2745 1039 2904 1110 cujus
2949 1040 3149 1094 mortui
3203 1041 3424 1096 dolores

1869 1148 1998 1205 pars
2017 1147 2180 1188 sensu
2216 1129 2500 1201 percipiat.
2541 1129 2824 1200 Siquidem
2854 1130 3020 1184 unius
3053 1131 3306 1186 essentia
3351 1134 3432 1185 sit

1871 1225 2033 1282 simul
2062 1233 2116 1280 et
2145 1223 2364 1279 interire
2389 1232 2442 1278 et
2484 1223 2684 1278 vivere.
2715 1221 2821 1276 Sed
2858 1222 3136 1291 rejiciatur
3168 1223 3284 1278 hac
3312 1223 3434 1276 ina-

1871 1320 1958 1373 nis
1979 1317 2248 1373 doctrina.
2277 1314 2388 1371 Nec
2419 1324 2626 1387 partem
2655 1325 2862 1370 natura
2898 1315 3182 1384 simplicis,
3229 1324 3283 1370 et
3314 1329 3438 1385 qua

1871 1408 2038 1463 dividi
2068 1421 2174 1462 non
2200 1414 2401 1476 potest,
2441 1405 2774 1476 accepimus.
2817 1404 2928 1462 Nec
2958 1405 3102 1475 quod
3132 1413 3216 1460 est
3260 1406 3435 1474 impa-

1874 1496 2048 1565 tibile,
2083 1507 2237 1566 parte
2264 1496 2483 1566 quidem
2513 1495 2648 1566 pati,
2683 1505 2832 1567 parte
2863 1505 3042 1551 autem
3075 1510 3184 1550 non
3216 1496 3328 1566 pati
3356 1496 3440 1551 di-

1872 1589 2126 1645 dicimus.
2170 1586 2358 1660 Neque
2387 1588 2551 1644 unius
2583 1601 2790 1644 natura
2820 1588 3191 1644 deﬁnitionem
3220 1588 3276 1642 in
3296 1587 3438 1642 dua-

1835 1677 1838 1680 ’
1874 1679 1978 1738 bus
2005 1681 2375 1752 agnoscimus,
2404 1695 2584 1751 neque
2607 1680 2859 1748 diversa,
2890 1680 2995 1738 etsi
3030 1695 3228 1736 nomen
3264 1679 3443 1734 admi-

196 1767 335 1822 tiam
383 1782 494 1822 non
522 1777 760 1835 maneat,
792 1768 887 1824 sed
917 1768 1066 1823 aliud
1101 1769 1362 1838 quiddam
1409 1776 1629 1840 propter
1662 1785 1764 1824 au-
1796 1761 1839 1819 Β
1875 1775 2070 1830 simus.
2113 1771 2246 1839 Qua
2283 1771 2505 1842 quidem
2557 1772 2741 1828 omnia
2785 1772 3123 1828 constituere
3146 1770 3440 1842 deprehen-

195 1868 487 1931 gmentum
527 1874 650 1915 esse
703 1861 1000 1930 contingat.
1036 1859 1207 1914 Deum
1239 1869 1492 1916 naturam
1536 1861 1777 1916 mutabi-

195 1950 332 2016 lem,
381 1950 664 2006 mutabilis
707 1958 917 2006 natura
949 1958 1158 2022 partem
1189 1951 1498 2020 constituis,
1528 1960 1584 2008 et
1611 1965 1775 2006 unam

200 2043 371 2097 istam
400 2058 466 2097 ex
500 2050 732 2112 utraque
784 2058 982 2098 novam
1035 2045 1488 2114 compositionem
1515 2051 1571 2098 et
1597 2052 1777 2098 muta-

201 2133 417 2190 tionem
449 2135 714 2202 ostendis,
744 2135 880 2191 adeo
915 2145 975 2191 ut
1003 2151 1198 2207 magna
1245 2135 1531 2192 diﬂicultas
1562 2137 1621 2192 in
1659 2135 1778 2190 ani-

203 2242 300 2282 mo
335 2227 640 2294 oboriatur,
679 2244 802 2283 cum
836 2243 936 2284 nec
969 2229 1099 2298 quid
1149 2229 1275 2284 inde
1315 2240 1576 2298 sequatur
1609 2231 1778 2286 videri

203 2327 396 2389 queat,
430 2335 606 2390 neque
632 2322 711 2376 rei
745 2321 1036 2392 proposita
1060 2337 1258 2377 nomen
1303 2325 1622 2393 reperiatur.
1657 2323 1777 2390 Quo

204 2413 356 2468 enim
389 2414 612 2469 nomine
647 2430 811 2470 unam
861 2430 930 2470 ex
969 2416 1216 2484 utrisque
1249 2417 1542 2470 essentiam
1589 2416 1778 2486 appel-

205 2507 428 2562 lemus?
457 2505 695 2563 Verbum
746 2508 1009 2563 tantum?
1058 2508 1128 2561 At
1178 2508 1360 2563 carnis
1407 2523 1533 2578 pars
1585 2509 1637 2563 id
1673 2524 1781 2563 non

209 2600 498 2670 permittit.
554 2602 787 2656 Carnem
823 2601 1243 2657 tantummodo?
1289 2603 1358 2656 At
1395 2602 1446 2656 id
1491 2600 1654 2656 Verbi
1686 2617 1784 2656 na-

211 2704 339 2748 tura
389 2709 498 2749 non
539 2695 805 2750 concedit.
855 2694 1250 2750 Christumne?
1309 2683 1780 2764 Dispensationis,

213 2802 326 2840 non
355 2795 536 2840 autem
570 2787 838 2850 essentia.
872 2787 1017 2843 istud
1047 2797 1131 2843 est
1160 2802 1379 2843 nomen.
1408 2785 1550 2839 Proh
1585 2786 1782 2854 impio-

214 2892 340 2930 rum
370 2876 656 2932 hominum
709 2878 982 2932 insaniam
1015 2917 1032 2942 ,
1067 2881 1158 2948 qui
1211 2878 1341 2932 dum
1389 2877 1782 2932 immutabilem

216 2968 423 3023 audent
461 2968 753 3023 essentiam
807 2977 1060 3033 tractare,
1090 2969 1311 3038 proprio
1353 2971 1519 3023 etiam
1568 2969 1788 3024 nomine

1874 1866 2100 1930 duntur,
2126 1864 2221 1935 qui
2246 1861 2484 1920 Verbum
2529 1873 2586 1920 et
2637 1879 2858 1922 carnem
2917 1865 2974 1919 in
3028 1878 3194 1918 unam
3249 1877 3442 1918 essen-

1841 1956 2008 2013 -tiam
2061 1956 2385 2012 convenisse
2435 1953 2642 2011 dicunt.
2700 1952 2984 2022 Quomodo
3020 1954 3185 2025 igitur
3225 1961 3280 2009 et
3309 1967 3441 2009 caro

1877 2055 2094 2117 sumpta
2121 2055 2228 2114 est,
2266 2055 2319 2102 et
2348 2046 2442 2118 qui
2471 2040 2616 2100 illam
2645 2045 2879 2114 sumpsit
2925 2059 3036 2100 non
3065 2053 3149 2100 est
3178 2045 3441 2099 immuta-

1877 2138 2005 2193 tus?
2043 2147 2096 2193 et
2123 2138 2363 2207 quicum
2389 2137 2480 2190 illa
2510 2135 2838 2205 conjunctus
2856 2142 2960 2200 est,
2987 2145 3168 2190 servat
3192 2135 3441 2190 eamdem

1882 2229 2177 2285 essentiam
2203 2244 2330 2285 cum
2364 2227 2525 2283 Patre
2556 2225 2700 2282 suo?
2728 2225 3013 2292 Quomodo
3044 2240 3111 2282 ex
3143 2226 3326 2282 carnis
3349 2239 3443 2281 as-

1881 2320 2211 2391 sumptione,
2239 2328 2294 2374 et
2341 2334 2408 2375 ex
2447 2320 2514 2374 iis
2551 2333 2674 2389 qua
2702 2332 2797 2388 per
2825 2318 3023 2387 ipsam,
3055 2318 3326 2389 sapienter
3348 2333 3445 2373 su-

1882 2432 1978 2487 pra
2029 2431 2191 2487 quam
2241 2415 2348 2471 dici
2384 2421 2581 2485 potest,
2615 2422 2765 2484 gesta
2795 2421 2943 2478 sunt,
2998 2427 3111 2468 non
3155 2413 3224 2467 ad
3274 2413 3447 2468 incre-

1883 2515 2146 2572 mentum,
2178 2515 2272 2560 aut
2301 2504 2950 2562 mutationem'essentia
2997 2503 3232 2573 propria
3253 2518 3449 2573 perre-

1882 2603 1983 2665 nit,
2023 2600 2119 2655 sed
2147 2600 2212 2654 ad
2244 2599 2795 2654 communicationem
2826 2598 3096 2652 naturalis
3143 2597 3446 2667 dignitatis,

1885 2707 2052 2762 quam
2079 2706 2296 2757 arcanae
2338 2691 2744 2761 conjunctionis
2787 2688 2959 2761 gratia
2993 2686 3262 2758 perfecit?
3285 2687 3451 2744 Aliud

1885 2786 2030 2840 enim
2063 2784 2367 2850 estdicere,
2407 2783 2544 2838 duas
2593 2792 2818 2838 naturas
2857 2779 3124 2852 perfectas
3172 2781 3228 2834 in
3283 2796 3449 2835 unam

1887 2891 2175 2945 personam
2209 2876 2550 2940 convenisse,
2581 2885 2636 2930 et
2659 2875 2807 2929 aliud
2848 2890 2912 2929 ex
2945 2874 3158 2930 duabus
3206 2875 3454 2943 partibus

1890 2982 2055 3022 unam
2084 2969 2375 3024 essentiam
2417 2982 2538 3024 esse
2568 2965 2878 3022 conﬂatam.
2912 2963 3049 3020 Nam
3077 2967 3276 3021 divinae
3327 2965 3454 3035 quio

218 3060 404 3130 ipsum
447 3060 736 3130 spoliarint
765 3061 776 3114 !
815 3059 922 3116 Ista
968 3061 1113 3116 enim
1146 3061 1357 3116 ratione
1389 3060 1526 3117 Filio
1555 3076 1623 3114 ne
1653 3061 1784 3117 illud
1817 3113 1854 3130 η
1889 3059 2014 3114 dem
2063 3059 2312 3116 essentia
2345 3059 2486 3115 ratio
2533 3059 2762 3128 simplex
2808 3065 2912 3124 est,
2965 3057 3218 3112 humana
3271 3066 3457 3114 autem

217 3150 441 3222 quidem
481 3151 810 3218 servabitur,
845 3161 904 3206 ut
929 3151 1170 3221 ejusdem
1205 3167 1330 3206 cum
1362 3150 1523 3206 Patre
1566 3153 1639 3206 sit
1686 3167 1784 3207 es-
1813 3113 1856 3171 ς’
1894 3151 2318 3221 dispensationis
2360 3151 2682 3206 miraculum
2715 3148 2934 3219 duplex.
2985 3149 3167 3216 Quare
3224 3165 3325 3205 nec
3375 3166 3460 3206 es-

218 3243 429 3298 sentia.
461 3241 565 3308 Qui
613 3243 759 3297 enim
807 3243 1057 3298 essentia
1105 3243 1339 3312 propriae
1396 3243 1786 3310 accessionem,

221 3342 278 3388 et
324 3334 682 3388 mutationem
716 3349 782 3388 ex
822 3334 1046 3389 alterius
1094 3333 1331 3388 admittit
1363 3334 1708 3400 admistione,
1742 3335 1790 3390 is

221 3441 351 3481 cum
409 3425 504 3480 illo
572 3426 666 3496 qui
720 3425 776 3481 in
812 3427 1001 3481 eadem
1033 3433 1218 3480 manet
1267 3425 1524 3490 essentia,
1566 3441 1678 3479 non
1703 3432 1787 3480 est

221 3517 473 3588 ejusdem
502 3517 773 3573 essentia.
800 3515 958 3574 Pater
979 3517 1124 3572 enim
1161 3527 1356 3588 prater
1389 3517 1622 3587 gloriam
1664 3531 1793 3587 pro-

224 3611 405 3682 priam
458 3611 515 3665 in
564 3619 759 3665 natura
807 3611 942 3666 nihil
979 3611 1240 3681 possidet.
1285 3609 1456 3664 Filius
1509 3618 1693 3664 autem
1733 3607 1788 3662 in

225 3711 424 3757 natura
453 3717 677 3756 carnem
708 3702 970 3773 adjungit,
1006 3709 1068 3758 ut
1094 3703 1276 3758 carnis
1303 3712 1357 3757 et
1390 3701 1556 3758 Verbi
1586 3719 1693 3758 una
1725 3703 1796 3758 sit

225 3791 494 3859 essentia,
535 3790 765 3846 multum
797 3792 987 3847 abesse
1017 3792 1443 3861 deprehenditur
1487 3793 1556 3847 ab
1582 3807 1671 3860 eo,
1700 3792 1795 3862 qui

225 3883 438 3938 nullam
460 3882 828 3940 accessionem
848 3884 913 3939 ad
940 3879 1194 3939 essentiae‘
1216 3885 1449 3954 propria
1481 3885 1789 3940 incremen-

230 3984 348 4030 tum
379 3981 475 4028 aut
499 3973 855 4030 mutationem
877 3976 1166 4044 acceperit.
1207 3973 1440 4030 Necesse
1490 3975 1656 4045 igitur
1686 3984 1791 4040 est,

225 4075 291 4121 ut
324 4081 490 4121 unam
541 4069 837 4122 essentiam
890 4065 1055 4122 Verbi
1101 4076 1156 4123 et
1211 4069 1415 4134 carnis,
1454 4083 1562 4123 non
1595 4067 1791 4123 confu-

226 4172 352 4214 sam
399 4171 664 4228 agnoscas
694 4199 710 4225 ,
765 4165 860 4212 aut
906 4159 962 4212 in
1015 4173 1206 4214 eorum
1251 4159 1348 4229 qui
1380 4158 1572 4212 Arium
1625 4160 1798 4213 secuti

226 4261 383 4315 sunt,
415 4265 657 4306 errorem
689 4251 900 4308 incidas
925 4292 942 4319 ,
979 4258 1034 4306 et
1077 4251 1295 4307 illorum
1335 4254 1586 4308 essentia
1619 4252 1798 4307 diver-

229 4342 451 4398 sitatem
488 4344 825 4408 introducas,
865 4350 918 4398 et
945 4345 1117 4399 sacris
1175 4342 1390 4399 Domini
1445 4344 1670 4400 vocibus
1707 4345 1802 4396 ad-

228 4435 492 4500 verseris,
522 4443 578 4489 et
627 4450 826 4506 magno
879 4450 1005 4490 cum
1050 4435 1292 4504 periculo
1335 4449 1562 4504 respuas
1609 4434 1742 4488 illud
1784 4452 1798 4487 :
1835 4469 1881 4524 Β

230 4525 352 4596 Ego
375 4534 426 4580 et
457 4529 638 4594 Pater,
664 4543 826 4580 unum
854 4543 1037 4581 sumus
1063 4527 1129 4581 ⁸⁸.
1159 4525 1246 4592 Ει,
1271 4525 1372 4592 Qui
1398 4527 1528 4580 vidit
1557 4542 1658 4592 me,
1688 4525 1803 4579 Pa—

233 4631 376 4676 trem
406 4618 538 4673 vidit
574 4619 641 4674 3'.
693 4618 974 4684 Quomodo
998 4633 1188 4684 unum,
1226 4619 1314 4674 ubi
1374 4626 1526 4673 tanta
1557 4617 1808 4673 diﬂeren-

233 4711 318 4766 tia
363 4711 669 4781 reperitur?
723 4709 796 4765 Ut
850 4726 996 4766 unus
1045 4710 1261 4781 quidem
1310 4711 1376 4764 ad
1434 4711 1598 4765 linem
1634 4724 1810 4780 usque

235 4805 525 4868 manserit,
561 4803 740 4874 qualis
768 4802 837 4857 ab
866 4803 1016 4856 omni
1043 4801 1346 4856 aternitate
1387 4801 1634 4857 creditur
1667 4801 1808 4857 fuis-

241 4911 306 4952 se
337 4915 351 4950 :
385 4895 520 4949 alter
555 4903 736 4948 autem
767 4893 950 4949 carnis
979 4894 1378 4963 compositione
1410 4896 1687 4964 propriam
1716 4910 1806 4950 es-

239 4989 473 5046 sentiam
501 4988 802 5055 miscuerit,
832 4996 926 5041 aut
963 4988 1195 5051 auxerit,
1239 4997 1332 5041 aut
1377 5002 1473 5057 per
1524 4988 1805 5044 confusio-

236 5097 366 5135 nem
413 5079 469 5133 in
515 5078 664 5132 aliud
716 5078 1108 5132 commutarit?
1146 5077 1358 5150 1014
1397 5077 1681 5144 Quomodo
1711 5080 1806 5149 qui

239 5175 390 5228 hunc
418 5169 583 5236 videt,
638 5169 783 5223 videt
833 5168 1008 5238 illum,
1059 5168 1106 5224 si
1137 5167 1316 5224 Patris
1367 5169 1583 5239 quidem
1615 5185 1806 5226 essen-

235 5264 375 5316 tiam
403 5261 661 5316 divinitas
703 5261 969 5316 duntaxat
1013 5261 1245 5328 indicat;
1278 5253 1400 5315 Filii
1436 5277 1565 5317 vero
1603 5261 1804 5317 divini-

238 5363 329 5410 tas
351 5363 406 5410 et
425 5354 756 5420 humanitas,
787 5369 908 5424 qua
938 5369 1108 5408 unum
1131 5355 1390 5424 quiddam
1422 5366 1616 5411 natura
1643 5357 1809 5412 sunt?

238 5444 311 5500 Et
341 5444 520 5500 Patris
563 5444 782 5514 quidem
808 5443 1045 5499 essentia
1072 5453 1282 5513 partem
1341 5459 1450 5500 non
1499 5445 1661 5499 habet
1688 5460 1809 5514 qua

241 5537 500 5607 patiatur.
539 5536 698 5592 Verbi
737 5544 916 5592 autem
949 5544 1146 5591 natura
1171 5576 1187 5604 ,
1241 5536 1422 5592 carnis
1452 5544 1663 5607 partem
1710 5536 1809 5595 lia-

1895 3243 2086 3299 sentia
2119 3243 2437 3312 simplicitas
2469 3244 2524 3297 in
2553 3244 2736 3298 varias
2765 3252 2947 3312 partes
2978 3251 3196 3298 secatur
3219 3283 3236 3309 ,
3279 3257 3459 3313 neque

1895 3336 2095 3406 duplex
2122 3334 2544 3404 dispensationis
2586 3337 2727 3390 ratio
2757 3335 2813 3389 in
2852 3342 3019 3389 tinam
3061 3333 3330 3390 conﬂatur
3369 3349 3462 3389 es-

1899 3428 2152 3484 sentiam.
2187 3426 2292 3493 Qui
2329 3428 2473 3482 enim
2522 3426 2638 3480 ﬁeri
2687 3435 2883 3496 potest,
2916 3435 2975 3480 ut
3001 3426 3148 3494 quod
3193 3433 3460 3480 aternum

1898 3530 2000 3588 est,
2031 3529 2086 3575 et
2116 3519 2261 3589 quod
2289 3528 2374 3575 est
2401 3533 2616 3583 recens,
2646 3517 2704 3570 in
2749 3531 2856 3571 una
2906 3516 3322 3571 eonsidcrentur
3367 3531 3464 3570 na..-

1901 3609 2227 3667 tura?Num
2264 3618 2318 3664 et
2351 3609 2570 3679 sanguis
2623 3618 2676 3663 et
2731 3623 2872 3676 aqua
2918 3607 3016 3662 fuit
3047 3606 3348 3662 divinitatis
3373 3621 3464 3662 es-

1903 3703 2096 3764 sentia.
2127 3718 2248 3772 qua
2284 3700 2452 3756 fontis
2494 3701 2665 3755 instar
2684 3699 2906 3755 deﬂuxit
2939 3713 2969 3754 e
2999 3699 3164 3754 latere
3184 3700 3208 3753 ?
3228 3697 3286 3753 Si
3313 3698 3462 3769 ejus-

1902 3796 2023 3850 dem
2061 3804 2145 3850 est
2167 3805 2221 3850 et
2254 3795 2364 3864 pati
2409 3803 2463 3850 et
2507 3809 2621 3848 non
2673 3792 2804 3862 pati,
2830 3807 3053 3847 necesse
3078 3799 3163 3846 est
3186 3798 3241 3855 et
3273 3791 3466 3846 volun-

1903 3898 2042 3945 tates
2065 3904 2188 3944 esse
2206 3889 2449 3944 diversas
2469 3929 2484 3954 ,
2540 3896 2594 3940 et
2641 3902 2749 3940 non
2782 3885 3001 3941 easdem
3049 3885 3311 3941 actiones.
3342 3886 3466 3941 Alia

1903 3981 2046 4035 enim
2078 3979 2330 4034 convenit
2357 3978 2545 4033 forma
2570 3978 2686 4045 Dei,
2712 3987 2765 4033 et
2797 3978 2902 4032 alia
2927 3975 3113 4032 forma
3137 3977 3312 4032 servi:
3358 3977 3466 4033 alia

1906 4072 2128 4141 templo,
2151 4082 2203 4126 et
2224 4071 2330 4125 alia
2358 4071 2684 4125 inhabitanti
2717 4071 2845 4126 Deo.
2872 4069 3193 4139 Perpetuam
3217 4069 3382 4141 igitur
3407 4070 3468 4127 in

1906 4179 2074 4220 unam
2104 4163 2399 4219 essentiam
2435 4163 2787 4218 introducunt
2817 4163 3162 4229 seditionem,
3195 4164 3354 4234 cujus
3379 4178 3468 4219 es-

1907 4255 2094 4310 sentia
2123 4269 2250 4323 pars
2283 4246 2449 4308 unum
2496 4255 2630 4319 vult,
2662 4270 2790 4324 pars
2835 4255 3002 4310 aliud.
3043 4253 3099 4308 Si
3129 4270 3237 4310 una
3277 4271 3469 4310 essen-

1909 4347 2005 4410 tia,
2033 4362 2130 4400 cur
2161 4345 2332 4400 dicit:
2368 4343 2491 4399 Non
2519 4347 2656 4416 quod
2693 4363 2787 4417 ego
2833 4347 2967 4413 volo,
3000 4348 3090 4401 sed
3120 4347 3258 4417 quod
3288 4357 3344 4400 tu
3375 4347 3420 4379 ⁸⁸
3445 4349 3470 4400 Υ

1910 4437 2194 4502 Quomodo
2231 4438 2419 4491 eadem
2449 4446 2534 4492 est
2565 4453 2686 4506 qua
2733 4437 2863 4492 fecit
2907 4447 2961 4493 et
2989 4454 3110 4508 qua
3155 4439 3301 4494 facta
3343 4440 3472 4494 est?

1907 4526 2193 4592 Quomodo
2231 4527 2420 4582 eadem
2450 4540 2505 4582 et
2547 4528 2730 4582 omnia
2758 4528 2907 4583 novit
2930 4537 3220 4598 antequam
3255 4528 3469 4595 tierent,

1907 4628 1961 4674 et
2007 4627 2309 4674 extremum
2349 4619 2492 4674 diem
2539 4629 2592 4674 et
2647 4619 2837 4673 horam
2871 4619 3133 4689 ignorat?
3184 4618 3472 4685 Quomodo

1907 4713 2098 4768 eadem
2135 4725 2186 4767 et
2221 4720 2474 4782 precatur
2523 4719 2577 4766 et
2628 4727 2816 4782 preces
2866 4713 3130 4781 suscipit?
3187 4711 3474 4778 Quomodo

1909 4802 2074 4858 dicit:
2108 4801 2247 4856 Deus
2274 4819 2438 4867 meus,
2469 4784 2609 4855 Deus
2627 4819 2790 4864 meus,
2816 4819 2910 4854 cur
2937 4818 3016 4855 me
3040 4802 3368 4872 dereliquisti
3395 4802 3478 4854 ‘7?

1912 4897 2049 4964 Quis
2082 4897 2231 4952 novit
2259 4895 2502 4951 eamdem
2546 4910 2577 4948 a
2609 4895 2785 4963 seipsa
2845 4901 3092 4948 naturam
3151 4893 3475 4961 derclinqui,

1911 4999 1966 5045 et
1995 4991 2255 5059 seipsam,
2291 4997 2350 5042 ut
2405 4987 2570 5040 alium
2606 4985 2879 5048 invocare,
2915 5000 3037 5054 qua
3089 4984 3309 5053 quidem
3356 4998 3478 5037 om-

1914 5083 2004 5138 nia
2029 5091 2279 5137 naturam
2308 5080 2576 5149 duplicem
2612 5078 3059 5147 consequuntur?
3103 5076 3303 5132 Verum
3337 5092 3476 5147 quo-

1913 5173 2062 5227 niam
2115 5179 2169 5227 et
2212 5174 2463 5226 humana
2498 5180 2712 5226 natura
2746 5171 3054 5240 exemplum
3107 5185 3210 5225 nos
3257 5169 3477 5239 quidem
3526 5213 3528 5215 μ

1914 5263 1982 5319 ad
2014 5263 2267 5333 pietatem
2307 5261 2736 5317 conﬁrmandam
2787 5260 3102 5324 attulimus,
3150 5259 3243 5314 alii
3294 5267 3479 5313 autem

1916 5356 1984 5411 ad
2008 5356 2347 5411 eversionem
2398 5345 2742 5423 detorquent,
2782 5368 3007 5408 necesse
3059 5362 3143 5407 est
3205 5361 3264 5406 ut
3314 5359 3368 5406 et
3409 5351 3477 5406 de

1917 5447 2021 5503 hoc
2048 5446 2174 5502 item
2207 5445 2564 5501 disseramus.

311 5717 359 5750 ⁸⁸
391 5714 551 5774 Joan.
586 5735 640 5782 x,
668 5719 756 5773 '50.
833 5719 879 5753 ⁸³
905 5719 1063 5775 Joan.
1113 5735 1205 5775 xtv
1232 5762 1248 5787 ,
1285 5720 1338 5777 9.
1415 5721 1461 5754 ⁸⁸
1508 5721 1673 5779 Marc.
1725 5739 1787 5780 xt‘

1893 5723 1980 5779 '56.
2055 5721 2099 5754 ⁸⁷
2144 5719 2285 5777 Psal.
2324 5734 2435 5788 xxI,
2476 5719 2496 5773 ί
2531 5737 2546 5789 ;
2582 5717 2768 5775 Matth.
2833 5732 3005 5782 xxv",
3061 5717 3153 5770 46.

567 5816 840 5877 ΡΑΤιιοι..
871 5816 990 5877 Gn.
1029 5815 1234 5878 XXVI

3171 5806 3247 5867 39
