3794 6226
367 325 499 380 1927

752 444 1005 514 Ejusdem
1035 443 1284 497 adversus
1308 439 1541 495 eosdem.

435 534 575 591 Ecce
597 536 743 590 enim
770 534 963 590 falsam
994 535 1221 590 alteram
1255 548 1382 588 cum
1411 530 1692 600 impietate
1716 526 1940 582 ratioci-

367 629 640 681 nationem
686 636 1032 696 pepererunt.
1074 623 1548 691 Quemadmodum
1580 661 1595 686 ,
1641 620 1937 690 inquiunt,

369 723 531 774 homo
561 734 628 773 ex
661 719 878 774 duobus
911 719 1222 775 consistens
1253 758 1267 780 ,
1301 732 1410 771 una
1444 715 1645 771 dicitur
1689 722 1888 768 natura
1921 751 1936 774 ,

365 812 448 866 sic
478 812 640 865 etiam
691 809 980 864 Dominum
1015 811 1292 866 Christum
1343 825 1408 863 ex
1459 807 1634 862 Verbo
1676 814 1731 862 et
1777 819 1941 860 carne

365 903 739 966 exsistentem,
774 919 938 957 unam
983 918 1104 958 esse
1156 911 1371 958 constat
1414 901 1732 957 essentiam.
1783 897 1938 965 Quod

364 999 473 1050 duo
501 1005 710 1051 tantum
747 997 888 1050 inter
911 1012 971 1050 se
993 995 1297 1050 differentia
1332 993 1623 1064 perfectam
1649 1007 1813 1047 unam
1839 1006 1924 1044 ne-

361 1096 565 1159 queant
589 1089 881 1142 essentiam
923 1088 1210 1150 conﬁcere,
1244 1097 1297 1140 et
1331 1102 1454 1155 qua:
1502 1099 1609 1139 non
1650 1084 1721 1139 sit
1765 1091 1940 1137 muta-

362 1178 508 1241 bilis,
538 1178 727 1247 paucis
773 1188 931 1232 antea
961 1179 1391 1233 demonstratum
1425 1187 1526 1232 est.
1561 1175 1721 1242 Quod
1753 1183 1934 1229 autem

362 1271 674 1340 exemplum
711 1269 816 1325 hoc
843 1270 921 1324 rei
957 1271 1025 1323 ab
1067 1271 1198 1339 ipsis
1246 1269 1541 1340 propositae
1573 1268 1708 1322 nihil
1740 1267 1934 1338 prosit,

365 1363 547 1417 statim
575 1363 914 1418 ostendetur.
951 1361 1129 1417 Homo
1167 1379 1232 1418 ex
1274 1365 1457 1417 anima
1490 1374 1668 1416 mente
1690 1361 1937 1431 praedita,

357 1467 418 1528 et
454 1471 678 1524 corpore
724 1457 979 1511 sensibus
1028 1456 1220 1510 affecto
1268 1457 1470 1511 animal
1504 1456 1628 1525 jure
1660 1462 1935 1509 censetur.

363 1547 634 1613 Quoniam
682 1548 877 1602 horum
925 1558 1179 1602 neutrum
1209 1550 1329 1603 sine
1356 1549 1527 1604 altero
1569 1547 1716 1616 prius
1759 1547 1939 1602 consi-

362 1642 480 1706 stit,
511 1657 686 1712 neque
712 1651 919 1696 naturae
947 1642 1239 1696 terminum
1273 1652 1581 1702 conservat,
1639 1655 1762 1695 cum
1795 1640 1939 1693 exsi-

359 1733 538 1787 stendi
577 1731 904 1802 principium
949 1742 1169 1787 sumant
1205 1749 1270 1788 ex
1318 1743 1472 1788 utero
1503 1775 1517 1797 ,
1556 1742 1720 1801 atque
1773 1732 1846 1786 ita
1883 1732 1936 1785 in

931 322 986 377 S.
1031 319 1407 376 ATIIANASH
1442 317 1590 372 OPP.
1635 313 1815 369 PARS
1854 311 1891 367 ι.
1935 342 2003 352 —-
2043 305 2415 367 HISTORICA
2450 306 2539 362 ET
2582 305 3002 363 DOGMATICA.

1035 443 1284 494 adversus
1308 439 1541 494 eosdem.
1961 438 2006 494 Α
2035 432 2446 487 ostenderemus
2469 436 2524 483 et
2548 435 2876 483 testaremur
2916 424 3031 480 ﬁeri
3063 438 3222 494 posse
3263 432 3324 479 ut
3383 423 3612 480 duarum

3459 305 3610 360 ’1228

2043 539 2223 578 rerum
2256 536 2584 592 congressus
2611 521 2702 586 sit,
2735 533 2788 574 et
2819 535 2929 574 una
2972 532 3228 588 persona.
3268 515 3407 571 Nam
3454 519 3502 572 si
3531 520 3613 572 ni-

2041 617 2116 670 hil
2154 617 2408 687 prohibet
2451 614 2750 685 quominus
2798 612 3038 667 hominis
3086 621 3279 666 natura
3323 611 3465 666 duas
3521 611 3616 665 ha-

2041 711 2166 765 beat
2225 719 2430 780 partes,
2484 724 2552 763 ex
2600 707 2801 778 quibus
2847 722 2956 761 una
3011 705 3298 775 consurgit
3356 719 3612 775 persona,

2042 801 2206 857 homo
2244 802 2530 865 nimirum,
2557 801 2649 869 qui
2681 799 2754 854 ita
2778 806 3032 864 constat;
3079 806 3287 868 quanto
3316 797 3495 867 magis
3537 797 3618 850 di-

2039 894 2163 947 vina
2197 894 2370 963 gratia
2398 893 2544 947 valet
2596 891 2806 947 efﬁcere
2853 901 2912 945 ut
2960 890 3082 944 duae
3121 896 3335 944 natum
3365 888 3619 959 perfecta:

2042 986 2094 1038 in
2145 985 2587 1055 conjunctionem
2635 983 2861 1037 minime
2905 981 3189 1038 confusam
3236 994 3615 1045 concurrant,

2041 1091 2140 1130 nec
2175 1085 2356 1130 tamen
2384 1091 2492 1130 una
2528 1074 2823 1144 singularis
2845 1073 3065 1128 tollatur
3096 1074 3380 1143 persona?
3417 1072 3619 1139 Quem-

2039 1167 2336 1222 admodum
2389 1176 2570 1221 autem
2621 1182 2745 1221 cum
2795 1165 3092 1220 audimus:
3159 1163 3305 1220 Unus
3362 1164 3618 1218 Dominus

2038 1258 2192 1312 Jesus
2231 1256 2493 1324 Christus,
2517 1275 2610 1327 per
2653 1273 2806 1328 quem
2841 1259 3019 1311 omnia
3039 1258 3106 1322 ⁸⁸,
3143 1273 3328 1312 rerum
3367 1257 3617 1312 omnium

2039 1352 2494 1421 procreationem,
2519 1359 2576 1405 ut
2602 1366 2700 1420 par
2725 1358 2830 1415 est,
2855 1350 2960 1405 soli
2986 1349 3281 1404 tribuimus
3310 1349 3616 1412 divinitati,

2040 1446 2118 1499 sie
2152 1444 2437 1499 audientes
2465 1463 2477 1498 :
2511 1445 2669 1499 Unus
2700 1444 2939 1514 patibilis
2969 1441 3218 1497 Christus
3241 1483 3256 1508 ,
3309 1441 3624 1507 conjuncta:

2039 1537 2222 1592 carnis
2247 1536 2591 1590 aﬂectionem
2628 1536 3001 1606 agnoscimus.
3030 1533 3135 1601 Qui
3159 1534 3305 1588 enim
3338 1534 3624 1603 possimus

2038 1631 2281 1700 ejusdem
2313 1632 2566 1686 essentia:
2603 1641 2657 1686 et
2699 1631 2754 1684 in
2815 1631 3004 1686 eodem
3027 1671 3042 1696 ,
3096 1631 3544 1685 imbecillitatem
3571 1641 3620 1684 et

2039 1724 2297 1778 virtutem
2355 1723 2694 1795 intelligere?
2743 1721 3016 1792 Spiritus,
3064 1723 3262 1793 inquit,
3316 1732 3618 1792 promptus,

360 1825 527 1876 vitam
553 1832 770 1886 exeant,
805 1831 859 1877 et
903 1826 1064 1878 unius
1093 1824 1344 1878 animalis
1387 1823 1834 1878 constitutionem
1864 1821 1936 1876 cf-
1970 1789 2012 1844 Β
2041 1829 2165 1866 caro
2197 1822 2371 1867 autem
2403 1813 2619 1882 inﬁrma
2649 1815 2714 1880 ⁸⁸,
2749 1829 2856 1867 non
2888 1823 3068 1867 autem
3113 1829 3238 1883 Pars
3262 1814 3473 1879 carnis.
3529 1823 3622 1868 ³1η

361 1913 564 1968 ﬁciant.
603 1913 671 1966 At
697 1912 962 1967 Dominus
990 1910 1149 1968 Jesus
1179 1928 1284 1967 non
1342 1909 1725 1982 imperfectise
1774 1911 1934 1966 rebus

359 2005 658 2060 exsistendi
694 2005 1022 2074 principium
1069 2005 1283 2076 accipit,
1319 2005 1414 2059 sed
1442 2012 1762 2058 naturarum
1811 2017 1936 2073 per-

362 2098 624 2152 fectarum
650 2097 704 2150 in
739 2112 797 2152 se
819 2097 1146 2166 principium
1181 2095 1437 2151 ostendit.
1471 2093 1650 2166 Atque
1673 2095 1784 2149 illic
1807 2093 1930 2164 qui-

360 2189 483 2244 dem
521 2189 761 2243 hominis
812 2197 994 2259 partes
1041 2196 1190 2254 sunt,
1244 2189 1426 2242 anima
1478 2195 1533 2242 et
1575 2202 1814 2257 corpus:
1849 2186 1936 2238 hic

360 2290 564 2345 autem,
601 2293 777 2348 neque
807 2295 937 2333 caro
966 2294 1094 2348 pars
1126 2278 1288 2333 Verbi
1322 2287 1426 2345 est,
1472 2293 1648 2348 neque
1695 2277 1933 2332 Verbum

360 2385 488 2440 pars
537 2369 738 2424 carnis.
797 2368 1002 2423 Horum
1045 2369 1190 2423 enim
1248 2378 1561 2438 utrumque,
1615 2368 1934 2438 priusquam

359 2463 782 2533 conjungantur,
819 2461 1113 2531 perfectam
1165 2472 1418 2516 naturam
1454 2462 1716 2527 ostendit,
1762 2469 1822 2515 ut
1855 2461 1937 2514 ui-

360 2556 437 2608 hil
467 2555 693 2609 omnino
726 2568 904 2623 neque
929 2554 1200 2608 divinitati
1235 2555 1301 2608 ad
1335 2555 1604 2608 rationem
1632 2553 1934 2624 propriam,

360 2662 536 2717 neque
568 2646 894 2701 humanitati
933 2645 1095 2702 desit.
1126 2646 1285 2698 Aliud
1309 2645 1456 2699 enim
1483 2655 1587 2709 est,
1622 2645 1836 2699 duabus
1865 2659 1932 2699 ex

360 2740 607 2809 partibus
637 2740 935 2795 essentiam
959 2737 1188 2801 absolvi,
1214 2747 1267 2790 et
1299 2737 1469 2799 aliud,
1500 2737 1639 2791 duas
1666 2735 1934 2792 essentias

359 2829 639 2899 conjungi,
669 2843 901 2898 quarum
928 2838 1158 2897 utraque
1185 2827 1422 2897 perfecta
1440 2826 1531 2882 sit.
1563 2825 1934 2892 Quamobrem

358 2932 412 2978 et
460 2923 636 2978 forma
683 2921 777 2977 Dei
824 2923 1048 2986 dicitur,
1072 2931 1127 2977 et
1165 2921 1342 2977 forma
1383 2920 1546 2976 servi.
1603 2919 1662 2974 ln
1715 2919 1936 2976 homine

359 3029 490 3069 vero
541 3029 718 3085 neque
772 3015 957 3069 anima
1007 3015 1122 3069 sola
1169 3024 1254 3068 est
1288 3015 1496 3076 homo,
1552 3027 1732 3082 neque
1783 3027 1932 3072 caro.

2037 1920 2165 1974 pars
2198 1905 2426 1974 spiritus
2454 1924 2466 1957 :
2491 1913 2547 1960 et
2583 1922 2802 1961 rursum
2838 1924 2852 1957 :
2909 1905 2972 1961 Si
3018 1907 3177 1970 enim,
3215 1907 3413 1977 inquit,
3447 1909 3622 1961 cruci-

2037 1995 2174 2062 ﬁxus
2207 2003 2286 2048 est
2338 1995 2673 2064 inﬁrmitate,
2707 1996 2831 2050 vivit
2864 2011 2929 2050 ea:
2958 1998 3151 2050 virtute
3181 1997 3280 2050 Dei
3315 1998 3384 2051 9°.
3427 1998 3626 2053 Cernis

2037 2087 2262 2142 nomina
2288 2097 2340 2140 et
2378 2103 2486 2149 res,
2514 2087 2739 2158 spiritus
2764 2097 2819 2144 et
2846 2103 2997 2153 caro,
3021 2091 3196 2145 virtus
3217 2100 3273 2144 et
3296 2091 3620 2156 infirmitas,

2037 2194 2172 2233 crux
2198 2187 2253 2234 et
2281 2180 2412 2247 vita,
2430 2180 2522 2250 qui
2550 2182 2783 2236 suscitat
2808 2190 2863 2236 et
2883 2182 2976 2252 qui
3001 2183 3323 2249 suscitatur,
3346 2184 3442 2253 qui
3465 2186 3624 2238 exal-

2037 2280 2117 2324 tat
2141 2280 2196 2325 et
2225 2271 2320 2341 qui
2366 2271 2658 2325 exaltatur.
2693 2270 2885 2326 Cernis
2909 2281 3091 2327 autem
3136 2274 3190 2326 in
3221 2290 3327 2326 una
3353 2290 3618 2343 persona,

2036 2379 2142 2417 non
2178 2364 2416 2433 partium
2447 2363 2924 2434 compositionem,
2951 2364 3044 2419 sed
3090 2364 3463 2434 perfectarum
3519 2384 3621 2420 na-

2037 2464 2283 2508 turarum
2317 2453 2782 2523 conjunctionem,
2824 2469 2932 2524 qua
2985 2470 3094 2508 non
3140 2456 3264 2510 duae
3316 2472 3424 2510 una
3479 2456 3624 2512 ﬁunt

2037 2546 2298 2608 essentia,
2329 2547 2421 2600 sed
2449 2561 2558 2600 una
2585 2547 2822 2618 dignitas
2846 2557 2899 2602 et
2928 2547 3099 2618 gloria
3124 2548 3460 2604 declaratur.
3494 2549 3619 2606 Non

2037 2639 2206 2709 igitur
2232 2649 2552 2694 naturarum
2611 2655 2875 2710 negamus
2915 2641 3385 2711 conjunctionem,
3426 2643 3523 2698 sed
3561 2643 3619 2697 in

2038 2747 2202 2784 unam
2243 2733 2538 2786 essentiam
2573 2733 2808 2788 dicimus
2865 2749 3014 2787 nunc
3067 2732 3432 2789 confluxisse.
3469 2733 3624 2790 Fieri

2036 2838 2144 2878 non
2193 2838 2376 2893 posse,
2411 2833 2471 2877 ut
2513 2824 2634 2879 duae
2667 2841 2776 2880 una
2828 2825 2960 2878 ﬁant
3009 2826 3268 2892 essentia,
3321 2827 3482 2881 docet
3515 2842 3625 2883 na-

2034 2924 2174 2971 turae
2217 2915 2322 2980 lex,
2376 2916 2533 2971 docet
2578 2924 2632 2970 et
2681 2917 3086 2986 praedicationis
3118 2918 3280 2983 ratio,
3327 2918 3524 2972 suadet
3558 2917 3621 2971 in

2037 3007 2188 3063 omni
2224 3022 2409 3062 rerum
2438 3022 2634 3078 genere
2661 3009 2993 3078 experientia
3023 3027 3038 3075 ;
3069 3021 3254 3077 aperte
3286 3010 3448 3064 etiam
3501 3010 3625 3080 ipse

358 3105 494 3160 Nam
521 3107 570 3161 si
613 3106 804 3159 harum
853 3105 1022 3167 altera
1049 3105 1228 3175 reipsa
1256 3103 1494 3175 perfecta
1521 3103 1662 3159 foret
1687 3113 1882 3160 natura
1917 3145 1933 3171 ,
1962 3143 2003 3200 C
2041 3099 2305 3156 Dominus
2336 3101 2575 3164 indicat.
2631 3102 2725 3172 qui
2778 3110 2903 3171 pOSl
2945 3103 3405 3157 resurreClionem
3455 3117 3621 3157 suam

359 3196 560 3266 aliquid
595 3197 757 3252 etiam
789 3197 910 3251 sine
970 3196 1139 3251 altera
1174 3195 1510 3266 perfecisset.
1565 3195 1631 3249 Et
1678 3196 1781 3251 hoc
1813 3211 1934 3265 per-

357 3290 612 3359 spicuum
651 3297 756 3353 est,
791 3304 899 3344 non
940 3289 1117 3344 solum
1147 3304 1213 3344 ex
1246 3291 1448 3344 divinis
1473 3290 1707 3360 legibus,
1743 3305 1932 3344 verum

356 3379 524 3435 etiam
556 3394 624 3433 ex
654 3380 834 3433 verbis
875 3379 1151 3434 humanis.
1213 3379 1447 3446 Etenim,
1491 3380 1586 3450 qui
1622 3381 1736 3434 haec
1770 3384 1936 3450 proli-

357 3479 561 3536 teutur,
585 3470 668 3525 sic
708 3471 982 3525 hominem
1014 3470 1302 3535 deﬁniunt,
1334 3485 1460 3526 esse
1487 3472 1690 3525 animal
1720 3472 1935 3528 ratione

356 3563 668 3634 praeditum,
720 3565 950 3619 mortale
983 3582 998 3619 :
1050 3574 1109 3618 ut
1143 3565 1353 3618 ratione
1391 3565 1680 3634 praeditum
1720 3565 1788 3620 ad
1824 3565 1936 3619 ani-

356 3671 524 3723 mam,
584 3657 812 3711 mortale
853 3664 1064 3726 spectet
1113 3657 1182 3712 ad
1222 3672 1445 3726 corpus.
1503 3657 1593 3712 Sic
1633 3668 1930 3728 utrumque

357 3747 523 3802 unius
556 3762 682 3802 esse
732 3762 1001 3818 personae,
1034 3762 1145 3802 non
1192 3757 1376 3803 autem
1416 3748 1651 3804 duarum
1704 3762 1933 3802 censue-

353 3849 510 3894 runt.
557 3838 685 3893 Pari
743 3839 959 3894 ratione
1009 3846 1065 3894 et
1099 3838 1284 3894 divina
1336 3838 1621 3909 Scriptura
1655 3840 1934 3895 hominem

354 3932 538 4000 ipsum
566 3939 621 3986 et
664 3930 733 3986 ad
766 3931 1058 4001 imaginem
1106 3930 1199 3986 Dei
1243 3931 1534 4002 signiﬁcat,
1564 3941 1784 4001 propter
1815 3931 1938 3985 ani-

356 4040 461 4078 mae
493 4024 702 4078 ratione
729 4023 970 4093 praedita:
996 4023 1400 4088 excellentiam,
1424 4031 1479 4077 et
1506 4025 1810 4079 masculum
1839 4037 1935 4092 ap-

355 4114 520 4184 pellat
541 4124 594 4169 et
629 4114 886 4168 feminam
935 4120 1160 4182 propter
1200 4112 1384 4166 carnis
1415 4113 1806 4182 preprietatem
1833 4129 1846 4177 ;
1875 4123 1936 4165 ut

356 4206 592 4260 animam
633 4214 689 4260 et
715 4218 917 4274 corpus
965 4205 1130 4259 unius
1161 4221 1429 4274 persona},
1457 4222 1564 4258 non
1591 4215 1774 4259 autem
1795 4204 1934 4258 dua-

357 4313 504 4360 rum,
540 4305 722 4367 partes
753 4311 874 4352 esse
901 4296 1160 4350 declaret.
1193 4296 1304 4351 Cur
1348 4297 1515 4368 igitur
1546 4297 1650 4351 hoc
1708 4306 1936 4351 utuntur

354 4391 627 4459 exemplo,
674 4388 816 4459 quod
869 4388 1074 4442 nullam
1129 4388 1292 4444 habet
1348 4388 1820 4444 similitudinem?
1877 4389 1934 4442 Si

2037 3209 2146 3248 non
2177 3193 2528 3250 credentibus
2564 3195 2742 3249 adhuc
2767 3194 3053 3265 discipulis
3086 3215 3097 3248 :
3130 3192 3377 3264 Palpate,
3411 3195 3621 3264 inquit,

2037 3303 2139 3350 me,
2159 3296 2208 3340 et
2234 3286 2420 3346 videte,
2449 3288 2571 3356 quia
2595 3287 2815 3356 spiritus
2850 3303 3064 3340 carnem
3086 3297 3138 3340 et
3167 3303 3287 3340 ossa
3312 3303 3414 3340 non
3437 3286 3620 3349 habet,

2035 3378 2172 3430 sicut
2219 3394 2298 3431 mc
2338 3378 2524 3432 videtis
2575 3377 2762 3431 habere
2791 3379 2858 3430 ".
2905 3378 3161 3446 Palpate,
3199 3379 3396 3447 inquit,
3438 3379 3624 3448 prius,

2036 3478 2096 3522 ut
2123 3468 2431 3522 ostenderet
2487 3483 2545 3522 se
2603 3469 2830 3539 spiritus
2855 3485 2963 3524 non
2999 3485 3123 3524 esse
3174 3478 3472 3539 spectrum,
3505 3486 3626 3541 quo

2037 3569 2346 3628 Spectantes
2370 3561 2769 3631 deciperentur,
2789 3563 2882 3618 sed
2910 3577 3112 3632 corpus
3139 3562 3305 3616 tactui
3331 3563 3624 3618 resistens.

2037 3652 2170 3717 Quis
2197 3668 2307 3707 non
2340 3653 2521 3707 videat
2567 3663 2886 3708 naturarum
2929 3654 3314 3724 proprietates,
3347 3670 3469 3710 cum
3502 3656 3628 3726 spi-

2036 3745 2178 3799 ritus
2199 3745 2419 3814 quidem
2455 3761 2679 3802 carnem
2711 3756 2764 3802 et
2789 3762 2917 3802 ossa
2949 3764 3056 3801 non
3089 3747 3305 3811 habeat,
3339 3762 3462 3817 quae
3492 3763 3628 3802 cor-

2036 3836 2156 3905 pori
2183 3837 2420 3902 adsunt;
2452 3846 2506 3892 et
2549 3854 2753 3909 corpus
2803 3839 3026 3908 quidem
3078 3839 3347 3903 videatur,
3386 3840 3626 3908 spiritus

2037 3938 2214 3983 autem
2252 3945 2360 3983 non
2399 3940 2690 3994 cernatur;
2737 3945 2936 3999 corpus
2988 3932 3154 3986 tactui
3190 3933 3263 3986 sit
3292 3931 3622 3995 obnoxium,

2037 4023 2265 4090 Spiritus
2297 4033 2481 4077 autem
2534 4024 2638 4078 sub
2686 4032 2888 4078 tactum
2928 4040 3032 4078 non
3086 4025 3278 4080 cadat?
3327 4024 3626 4092 Quomodo

2038 4114 2204 4184 igitur
2233 4116 2469 4170 essentia
2506 4131 2635 4182 una,
2663 4133 2788 4170 cum
2828 4125 2979 4169 tanta
3023 4117 3095 4172 sit
3125 4116 3472 4172 differentia?

2407 4207 2686 4278 Ejusdem,
2720 4208 2971 4262 adversus
3003 4210 3229 4262 eosdem.

2107 4301 2248 4368 Quid
2287 4299 2516 4356 dicitis?
2554 4298 2694 4365 Quid
2727 4299 3164 4354 demonstratis?
3213 4299 3342 4352 Abit
3395 4306 3629 4353 natura-

2040 4410 2159 4448 rum
2190 4392 2529 4459 differentia;
2559 4401 2612 4448 et
2638 4392 2844 4447 nullum
2894 4407 3086 4447 earum
3134 4391 3401 4445 indicium
3451 4392 3629 4446 relin-

355 4483 504 4536 enim
534 4483 670 4537 duas
700 4496 966 4551 personas
991 4481 1260 4550 perfectas
1287 4481 1645 4538 ostenderent
1675 4483 1727 4535 in
1765 4498 1932 4536 unam
1965 4491 2010 4546 1)
2037 4486 2260 4557 quitur?
2284 4485 2570 4552 Quomodo
2601 4486 2767 4556 igitur
2813 4485 3118 4554 subjectum
3149 4484 3562 4552 appellabimus
3595 4485 3624 4537 ?

355 4575 648 4629 conclusas
681 4574 1002 4638 essentiam,
1029 4582 1176 4628 recte
1200 4575 1511 4644 exemplum
1548 4575 1928 4642 protulisseut.

358 4665 466 4720 Sed
511 4665 674 4720 unius
727 4681 973 4735 personae
1005 4665 1146 4720 duas
1196 4677 1376 4735 partes
1399 4667 1662 4729 dicentes,
1688 4668 1825 4721 duas
1860 4667 1937 4720 di-

356 4768 490 4812 cunt
517 4771 800 4827 personas,
832 4771 956 4810 cum
997 4755 1261 4811 Dominus
1288 4755 1544 4811 Christus
1569 4756 1680 4810 duo
1710 4764 1938 4812 vocetur

356 4850 618 4920 perfecta,
649 4858 705 4904 et
733 4847 876 4902 Deus
912 4857 969 4904 et
1011 4848 1197 4914 homo,
1243 4858 1464 4917 propter
1499 4849 1785 4918 utriusque
1815 4865 1939 4918 per-

358 4943 671 4998 fectionem.
703 4941 794 4996 Sic
813 4941 958 4997 enim
999 4939 1310 4997 Servatoris
1330 4941 1537 4996 Christi
1562 4957 1762 4995 nomen
1788 4956 1936 4995 nunc

357 5035 578 5102 quidem
624 5034 794 5088 solam
838 5032 1082 5087 ostendit
1121 5032 1484 5096 divinitatem,
1520 5041 1708 5100 utpote
1765 5031 1933 5085 abso-

359 5129 528 5180 lutam
578 5135 633 5180 et
691 5124 984 5194 perfectam
1014 5166 1028 5188 ,
1082 5141 1226 5180 nunc
1266 5133 1447 5178 autem
1509 5123 1935 5186 humanitatem,

355 5219 558 5288 quippe
586 5218 743 5286 cujus
773 5216 1091 5285 perfectioni
1147 5216 1285 5270 nihil
1340 5215 1497 5270 desit.
1543 5213 1624 5268 Nu
1642 5230 1707 5268 ne
1754 5224 1939 5269 autem

355 5326 481 5364 cum
517 5309 634 5378 ipsa
659 5324 888 5377 persona
921 5317 1153 5378 utraque
1181 5309 1413 5362 duarum
1451 5317 1770 5361 naturarum
1829 5304 1938 5359 dif-

358 5400 644 5455 ferentiam
675 5407 728 5454 ct
750 5398 1137 5468 perfectionem
1165 5415 1302 5454 nova
1325 5400 1717 5469 conjunctione
1749 5398 1939 5453 susci-

358 5493 488 5561 piat,
517 5492 594 5545 illi
626 5491 846 5562 quidem
880 5492 948 5546 ad
977 5492 1277 5546 divinitatis
1313 5493 1674 5548 mutationem
1709 5502 1763 5546 et
1784 5507 1938 5546 ever-

358 5589 592 5652 sionem,
622 5587 1014 5642 humanitatem
1050 5587 1416 5641 adhibuernnt
1447 5604 1461 5641 :
1495 5603 1597 5642 nos
1630 5596 1836 5650 autem,
1875 5596 1935 5641 ut

2039 4577 2353 4633 Verbumne
2402 4579 2624 4634 solum?
2667 4576 2852 4648 Neque
2890 4579 3036 4631 enim
3095 4577 3148 4630 id
3187 4577 3462 4647 quispiam
3495 4591 3626 4632 car-

2039 4689 2163 4727 nem
2213 4672 2432 4734 dixerit,
2473 4673 2565 4741 qui
2597 4686 2662 4726 eo
2713 4669 2934 4725 nomine
2987 4685 3046 4723 se
3095 4668 3225 4722 illud
3264 4678 3415 4738 putet
3444 4668 3630 4724 hono-

2040 4779 2180 4816 rare.
2235 4762 2304 4816 At
2331 4762 2606 4831 quomodo
2660 4775 2769 4816 non
2803 4761 2984 4830 ipsum
3013 4759 3227 4815 aﬂicitis
3263 4760 3621 4824 contumelia,

2041 4872 2165 4911 eum
2201 4855 2362 4908 talem
2410 4853 2584 4922 ipsius
2614 4851 2911 4906 essentiam
2949 4851 3154 4920 putatis
3197 4864 3340 4914 esse,
3375 4858 3433 4903 ut
3462 4849 3628 4904 alteri

2043 4949 2202 5002 liceat
2233 4946 2485 5000 essentiae
2509 4952 2809 5013 procreata:
2834 4943 2887 4997 in
2919 4958 3038 4997 eam
3077 4941 3442 4996 commutari?
3465 4941 3629 5006 Quod

2045 5040 2188 5095 enim
2247 5055 2276 5092 a
2307 5037 2671 5091 deterioribus
2699 5035 2820 5106 capi
2859 5044 3038 5104 potest
3074 5050 3366 5089 commune
3420 5037 3631 5090 multo-

2047 5146 2169 5184 rum
2199 5138 2302 5194 est,
2326 5137 2380 5181 et
2415 5143 2520 5181 non
2555 5127 2718 5180 unius
2750 5127 3032 5181 eximium.
3065 5125 3167 5179 Cui
3197 5133 3378 5184 autem
3420 5123 3470 5177 id
3501 5140 3636 5194 pro-

2047 5223 2225 5292 prium
2256 5229 2338 5274 est
2374 5230 2430 5273 ut
2464 5221 2534 5273 sit
2571 5220 2937 5284 inaccessum,
2986 5218 3114 5271 huic
3158 5216 3435 5285 quomodo
3485 5217 3634 5271 alte-

2046 5330 2168 5368 rum
2218 5311 2597 5382 adjungatur?
2633 5310 2702 5363 At
2750 5326 2860 5365 non
2915 5309 3082 5363 modo
3120 5307 3360 5362 Verbum
3413 5305 3634 5360 afﬁcitis

2049 5403 2404 5464 contumelia,
2436 5415 2625 5454 verum
2658 5400 2822 5453 etiam
2857 5399 3039 5453 carnis
3078 5413 3371 5468 personam
3402 5394 3627 5450 tollitis.

2047 5493 2218 5563 Cujus
2269 5493 2413 5546 enim
2473 5488 2735 5543 indicium
2799 5488 3036 5557 amplius
3092 5501 3203 5540 non
3254 5482 3630 5552 relinquitur,

2050 5587 2212 5656 hujus
2267 5586 2496 5654 gloriam
2560 5581 2838 5652 quomodo
2891 5577 3332 5650 cognoscemus?
3368 5575 3428 5630 Si
3479 5573 3635 5630 enim

425 5765 472 5798 ⁸³
500 5763 794 5828 ICor.vm,
830 5764 884 5821 6.
960 5767 1003 5799 ⁸⁸
1033 5763 1220 5818 Matth.
1257 5780 1403 5830 xxvi,
1433 5765 1520 5819 41.
1599 5766 1644 5798 ³ο
1697 5766 1738 5820 ll
1788 5767 1912 5823 Cor.

2057 5809 2070 5831 ,
2120 5767 2172 5821 4.
2252 5767 2294 5798 θ’
2334 5764 2466 5820 Luc.
2506 5781 2650 5828 xxiv,
2683 5762 2784 5842 59.‘
