3794 6226
188 311 325 369 1229

1485 318 1906 376 FRAGMENTA
1939 323 2173 382 VARIA.

3299 323 3440 391 433.1

185 429 554 501 cognoscitur,
603 425 862 501 quoniam
892 443 998 498 est,
1030 437 1228 492 merito
1272 452 1393 493 eam
1441 440 1752 496 honoratis.
1788 445 1835 501 Α
1862 444 2074 498 modum
2108 446 2334 514 vidistis,
2367 447 2424 502 id
2471 456 2556 504 est
2584 450 2770 507 carnis
2825 449 3026 506 oculis.
3082 449 3209 506 Haec
3241 453 3336 522 qui
3370 453 3446 507 ita

190 524 244 578 Si
277 540 388 579 non
420 532 523 590 est,
555 526 830 595 quomodo
885 527 1069 599 gloria
1106 528 1309 586 fruitur
1368 533 1769 603 amplitudine?

187 615 298 673 Nisi
363 617 717 674 ostenderitis
784 619 836 674 id
909 621 1057 690 quod
1120 622 1441 690 honoratis,
1504 641 1616 680 non
1673 641 1770 695 ap-

188 710 399 781 parebit
432 711 617 782 gloria
659 713 1000 782 magnitudo.
1031 711 1416 771 Necessarium
1470 717 1637 788 igitur
1685 725 1771 772 est

188 803 464 869 conﬁteri,
530 803 765 859 duorum
853 805 1087 862 minime
1144 808 1454 880 confusam
1530 809 1766 880 conjun-

188 897 445 963 ctionem,
515 911 617 952 nec
683 895 748 951 ad
814 879 1150 967 accipientis.
1188 900 1596 965 mutationem,
1640 879 1762 957 nec

188 990 252 1046 ad
297 988 509 1059 accepti
563 989 844 1044 interitum
877 1005 1001 1045 esse
1041 989 1265 1055 factam,
1306 993 1403 1047 sed
1463 991 1532 1046 ad
1583 993 1768 1064 gloria

188 1081 539 1142 societatem.
601 1095 724 1150 qua
796 1081 849 1135 in
913 1073 1077 1136 unius
1129 1097 1364 1152 persona
1433 1083 1762 1138 declaratur.

186 1171 448 1238 Quamvis
511 1169 656 1225 enim
734 1179 1032 1243 utrumque
1103 1173 1332 1227 verbum
1403 1173 1618 1240 solum,
1668 1190 1765 1229 na-

187 1272 304 1317 tura
337 1261 506 1316 etiam
554 1271 913 1332 repugnante,
958 1264 1144 1317 vocari
1192 1263 1500 1333 patiamini,
1537 1280 1645 1320 non
1678 1274 1765 1319 ta-

144 1361 150 1368 '
187 1368 308 1407 men
337 1352 633 1408 discrimen
663 1354 1034 1410 abscondetis.
1093 1354 1558 1426 Quandoquidem
1589 1373 1764 1412 unum

187 1454 300 1501 erat
329 1461 360 1501 a
400 1447 693 1517 principio,
725 1448 957 1502 alterum
991 1457 1174 1502 autem
1199 1447 1402 1504 factum
1442 1458 1546 1506 est.
1579 1448 1763 1505 Unum

188 1538 329 1608 quod
360 1553 464 1594 nec
494 1540 645 1594 cerni
677 1555 778 1595 nec
809 1541 954 1611 tangi
990 1550 1190 1610 potest,
1211 1552 1278 1597 ex
1319 1542 1532 1598 inﬁnito
1575 1543 1765 1598 inlini-

187 1642 338 1699 tum;
392 1631 606 1702 1015
635 1633 866 1687 alterum
916 1641 1096 1689 autem
1162 1649 1230 1689 ex
1288 1649 1354 1691 eo
1408 1636 1554 1706 quod
1617 1638 1763 1692 cerni

188 1724 444 1796 tangique
475 1733 677 1794 potest,
705 1725 760 1779 in
786 1725 862 1790 id,
916 1727 1062 1797 quod
1095 1741 1196 1783 nec
1229 1729 1476 1783 cernitur
1509 1744 1611 1785 nec
1645 1739 1764 1785 tan—

189 1815 347 1886 gitur,
375 1817 614 1872 transiit.
642 1815 709 1872 Et
738 1833 910 1872 unum
933 1818 1157 1887 quidem
1189 1819 1361 1874 semel
1391 1820 1761 1886 immutabile,

189 1911 416 1966 alterum
446 1922 633 1993 autem
674 1928 740 1970 ex
789 1913 1040 1969 mutabili
1069 1914 1140 1970 ad
1173 1916 1615 1986 praestantiorem
1642 1932 1766 1986 per-

190 2005 331 2060 venit
353 2004 748 2062 conditionem.
778 2004 1073 2072 Praterea,
1103 2007 1150 2062 si
1184 2008 1290 2063 hoc
1309 2017 1392 2063 est
1421 2008 1597 2063 solum
1634 2005 1766 2063 Ver-

189 2095 336 2162 bum,
364 2112 467 2152 cur
493 2113 606 2153 non
640 2099 972 2165 invenimus,
1007 2114 1138 2155 caro
1168 2099 1312 2154 facta
1345 2109 1430 2156 cst
1468 2095 1710 2156 Verbum
1747 2119 1763 2168 ;

193 2187 302 2251 sed,
346 2187 571 2242 Verbum
616 2205 738 2242 caro
773 2189 979 2258 factum
1012 2199 1088 2244 est
1117 2189 1205 2242 "?
1239 2189 1375 2255 Quis
1427 2205 1592 2260 porro
1629 2191 1765 2247 adeo

190 2279 407 2346 insanit,
439 2290 496 2336 et
525 2290 707 2336 mente
759 2289 955 2352 captus
1003 2290 1108 2347 est,
1145 2290 1206 2336 ut
1245 2281 1443 2336 audeat
1471 2282 1652 2339 dicere
1685 2285 1767 2338 di-

192 2374 364 2429 vinam
402 2376 700 2430 essentiam
725 2374 1095 2446 assumpsisse
1130 2375 1296 2430 aliam
1341 2374 1646 2431 divinitatis
1674 2391 1764 2433 es-

193 2467 417 2521 sentiam
461 2483 534 2523 ex
581 2468 752 2523 altera
778 2467 1192 2538 provenientem
1221 2476 1440 2536 natura,
1472 2476 1534 2523 ut
1559 2483 1657 2540 per
1686 2477 1767 2524 ta-

193 2558 293 2613 lem
323 2560 700 2616 accessionem
731 2560 1133 2616 incrementum
1164 2560 1334 2625 illius,
1373 2561 1524 2631 quod
1569 2571 1766 2617 natura

194 2651 388 2708 nullius
420 2653 651 2724 indiget,
686 2660 740 2708 et
766 2653 1068 2724 perfectum
1115 2661 1221 2718 est,
1257 2654 1652 2726 compararet?
1681 2649 1763 2711 Ad

195 2748 323 2814 hac,
361 2750 643 2819 quomodo
697 2750 882 2805 divina
921 2749 1227 2820 Scriptura,
1275 2751 1441 2806 etiam
1490 2760 1615 2821 post
1666 2767 1764 2807 no-

195 2853 313 2894 vum
345 2841 604 2910 reditum,
652 2841 914 2911 pradicat
958 2857 1081 2912 quae
1130 2842 1315 2898 carnis
1346 2852 1475 2898 sunt
1518 2843 1761 2922 propria,

196 2946 379 3003 nempe
408 2949 632 2989 rursum
658 2945 944 2990 venturum
967 2976 982 3002 ,
1028 2935 1333 3006 eodemque
1371 2937 1532 2992 modo
1583 2937 1764 2991 visum

197 3022 294 3078 iri?
323 3025 462 3080 Num
486 3027 695 3098 angelis
723 3027 885 3082 etiam
917 3028 1316 3098 repugnabitis,
1335 3030 1431 3098 qui
1458 3038 1647 3099 aperte
1674 3029 1762 3084 di-

1872 550 1981 589 non
2009 537 2230 607 accipit,
2263 538 2313 594 is
2347 554 2455 594 non
2489 541 2668 596 solum
2698 542 2910 612 angelis
2940 549 3228 615 repugnat,
3257 559 3448 598 verum

1870 625 2035 680 etiam
2065 628 2238 683 sacris
2280 626 2521 699 Spiritus
2560 632 2736 687 sancti
2792 632 3034 688 oraculis
3085 632 3447 689 adversatur:

1871 715 2155 782 Quomodo
2208 719 2498 777 intercedit
2531 737 2629 792 pro
2653 723 2841 779 multis
2875 722 3144 781 Dominus
3170 723 3446 788 Christus,

1869 799 1939 864 ut
1956 809 2198 866 Verbum
2247 811 2466 867 solum?
2518 811 2585 868 Et
2631 815 2725 870 ubi
2759 822 2845 872 est
2871 815 3099 886 aqualis
3129 826 3254 871 cum
3288 814 3450 872 Patre

1869 900 2127 972 dignitas,
2164 901 2212 957 si
2249 911 2512 974 tanquam
2561 903 2792 961 inferior
2833 906 3122 962 intercedit
3144 945 3162 972 ,
3196 921 3308 962 non
3342 921 3446 962 au-i

1869 1000 1979 1048 tem
2005 1006 2131 1048 cum
2164 994 2489 1050 auctoritate
2521 997 2770 1066 largitur,
2819 1011 2946 1052 cum
2979 1005 3052 1053 sn
3078 997 3290 1066 pariter
3320 1011 3444 1052 om-

1869 1081 2163 1153 niporens?
2188 1083 2378 1140 Nonne
2401 1088 2754 1157 perspicuum
2785 1095 2892 1152 est,
2909 1088 3272 1157 primitiarum
3296 1104 3441 1156 esse,

1866 1189 1968 1244 pro
1995 1190 2177 1232 massa
2203 1178 2422 1248 propria
2452 1178 2809 1246 intercedere,
2844 1184 2906 1233 ut
2949 1186 3106 1234 suam
3153 1190 3283 1250 erga
3325 1194 3445 1234 car-

1867 1268 1955 1324 nis
1989 1278 2240 1324 naturam
2298 1269 2646 1327 affectionem
2697 1271 2986 1327 ostendat?
3035 1271 3206 1338 Quem
3259 1280 3440 1329 autem

1868 1379 1976 1419 non
2013 1376 2229 1419 moveat
2271 1365 2577 1421 clarissima
2613 1365 3004 1435 sapientissimi
3051 1365 3206 1420 Pauli
3245 1367 3444 1436 pradi-

1867 1456 2047 1524 catio;
2079 1456 2192 1526 qui,
2231 1454 2399 1523 Deus,
2432 1457 2629 1526 inquit,
2657 1458 2980 1528 ignorantia:
3009 1466 3244 1528 tempora
3268 1458 3445 1527 despi-

1867 1550 2030 1614 ciens,
2066 1549 2339 1602 denuntiat
2395 1541 2637 1602 omnibus
2698 1550 2928 1619 ubique,
2979 1557 3040 1602 ut
3083 1549 3446 1618 paenitentiam

1867 1651 2044 1711 agant,
2072 1641 2322 1711 quoniam
2351 1643 2631 1695 constituit
2669 1641 2812 1696 diem
2863 1641 2918 1694 in
2959 1655 3065 1711 qua
3097 1642 3444 1710 judicaturus

1865 1741 1940 1786 est
1971 1730 2146 1785 orbem
2174 1739 2456 1796 terrarum,
2491 1731 2548 1783 in
2571 1728 2814 1799 justitia,
2855 1729 2912 1782 in
2943 1730 3076 1796 viro,
3121 1745 3222 1799 quo
3261 1729 3442 1798 defini-

1866 1825 1957 1890 vit,
1981 1824 2138 1894 ﬁdem
2169 1822 2410 1877 omnibus
2439 1823 2640 1892 faciens
2663 1864 2678 1887 ,
2728 1823 2903 1892 ipsum
2948 1840 2982 1876 a
3015 1823 3239 1876 mortuis
3273 1823 3446 1876 susci-

1868 1926 2008 1971 tasse
2033 1916 2099 1971 “.
2127 1914 2321 1971 Nonne
2351 1915 2717 1970 differentiam
2765 1914 3024 1971 sustulit?
3069 1913 3261 1970 Nonne
3307 1914 3446 1970 dixit

1866 2006 2035 2064 Deum
2064 2007 2119 2060 in
2147 2007 2265 2063 viro
2287 2006 2310 2060 ?
2331 2003 2527 2061 Nonne
2554 2007 2952 2062 demonstravit
2993 2005 3166 2061 Deum
3191 2006 3287 2077 qui
3327 2020 3446 2061 sus-

1866 2099 2098 2164 citavit,
2138 2108 2192 2154 et
2231 2099 2510 2154 hominem
2549 2097 2647 2170 qui
2703 2100 3006 2154 suscitatus
3048 2097 3177 2154 est?
3237 2097 3443 2153 Verum

1867 2205 2178 2265 quanquam
2226 2189 2587 2246 diﬂerentiam
2623 2190 2884 2258 ostendit,
2930 2205 3040 2246 non
3094 2199 3275 2245 tamen
3310 2202 3444 2246 con-

1862 2284 2205 2355 junctionem
2248 2283 2666 2353 inseparabilem
2724 2284 3096 2354 praetermisit.
3147 2281 3266 2338 Non
3294 2285 3441 2339 enim

1867 2377 2024 2443 dixit,
2058 2376 2228 2431 Deum
2264 2392 2390 2432 cum
2442 2377 2594 2444 viro;
2643 2379 2760 2442 sed,
2802 2377 2972 2432 Deum
3029 2377 3082 2431 in
3135 2377 3271 2431 viro.
3320 2376 3441 2431 Jam

1866 2470 2139 2540 Quomodo
2187 2469 2323 2524 illud
2378 2470 2746 2540 intelligemus
2795 2489 2808 2524 :
2873 2467 3129 2524 Videbunt
3180 2471 3235 2523 in
3289 2485 3442 2539 quem

1868 2559 2354 2630 transﬁxerunt”;
2406 2559 2513 2615 nisi
2553 2560 2738 2615 carnis
2779 2568 2974 2614 natura
3009 2602 3025 2626 ,
3084 2574 3207 2629 qua
3258 2560 3443 2614 clavos

1865 2653 2127 2724 suscepit,
2158 2661 2341 2724 aperte
2364 2651 2635 2709 foramina
2665 2652 3040 2708 demonstret?
3073 2651 3260 2722 Neque
3288 2651 3436 2706 enim

1865 2748 2164 2804 divinitatis
2195 2748 2455 2814 essentia,
2495 2763 2619 2817 qua
2650 2762 2753 2802 nec
2771 2747 2996 2802 videtur
3046 2758 3150 2800 nec
3176 2747 3438 2816 tangitur.

1864 2839 2092 2912 vestigia
2149 2839 2434 2894 vulnerum
2495 2839 2551 2893 in
2608 2839 2986 2895 testimonium
3039 2847 3125 2894 est
3176 2838 3442 2902 allatura;

1866 2931 1961 2988 sed
1991 2939 2186 2986 natura
2210 2946 2279 2984 ex
2329 2929 2539 3000 patibili
2596 2943 2796 2998 genere
2834 2937 3109 2999 suscepta,
3145 2929 3439 2999 impiorum

1866 3025 2045 3082 scelus
2105 3024 2432 3095 redarguet,
2502 3024 2594 3093 qui
2647 3033 2906 3094 cogentur
2957 3023 3177 3094 propria
3238 3022 3442 3093 ﬂagitia

195 3125 415 3173 xerunt:
449 3117 557 3171 Hic
578 3116 735 3173 Jesus
758 3120 847 3189 qui
881 3128 1185 3188 assumptus
1213 3129 1291 3174 est
1313 3137 1346 3173 a
1378 3119 1540 3185 vobis,
1573 3122 1648 3174 sic
1678 3139 1762 3175 ve-
1789 3125 1832 3183 C
1865 3131 2165 3188 agnoscere
2196 3118 2251 3170 in
2297 3131 2462 3171 carne
2501 3130 2662 3185 quam
2700 3118 3098 3170 vulnerarunt:
3131 3115 3211 3169 sic
3242 3125 3297 3168 et
3339 3127 3440 3168 na-

197 3208 293 3260 niet
318 3211 756 3279 quemadmodum
789 3211 994 3265 vidistis
1021 3228 1140 3264 eum
1173 3213 1537 3266 ascendentem
1565 3213 1622 3266 in
1661 3228 1760 3266 coe-

195 3298 405 3355 lum”?
461 3301 661 3358 Omnia
720 3303 788 3357 ad
843 3318 1065 3358 carnem
1127 3302 1541 3375 signiﬁcandam
1599 3304 1760 3374 plane

199 3399 451 3458 spectant.
489 3392 648 3458 Illud,
678 3395 763 3446 hic
805 3394 992 3459 veniet,
1038 3392 1182 3447 sicut
1236 3393 1291 3446 in
1319 3407 1574 3462 corpore,
1609 3403 1759 3446 nunc

198 3481 400 3547 quidem
425 3485 538 3553 hic,
573 3501 719 3540 nunc
741 3493 923 3540 autem
981 3485 1090 3539 illic
1141 3494 1466 3556 perspecto;
1501 3485 1759 3556 quemad-

1866 3213 2113 3259 turarum
2141 3205 2499 3273 proprietates
2526 3219 2634 3258 non
2659 3219 2782 3259 esse
2807 3204 3050 3259 sublatas
3079 3221 3094 3268 ;
3127 3212 3182 3258 et
3229 3211 3440 3257 certum

1868 3295 2122 3349 humana
2145 3295 2330 3348 carnis
2360 3303 2655 3364 assumpta
2685 3294 2920 3362 lucrum,
2949 3303 3002 3349 et
3032 3293 3320 3364 impudens
3344 3291 3442 3348 ad-

1867 3385 2204 3442 versantium
2254 3394 2659 3456 argumentum,
2710 3395 2765 3443 et
2798 3388 2907 3442 vim
2930 3385 3177 3442 veritatis
3212 3385 3443 3455 inexpua

1871 3479 2141 3556 gnabilem
2169 3478 2686 3534 demonstravimus.

260 3670 302 3700 "
331 3667 489 3728 Joan.
525 3690 564 3737 ι,
599 3674 686 3728 14.
764 3675 810 3706 ⁸³
841 3675 961 3730 Act.
992 3689 1030 3740 I,
1063 3671 1151 3729 11.
1229 3671 1252 3704 ⁴
1277 3674 1398 3731 Act.
1445 3664 1579 3742 rivu,
1604 3672 1695 3740 50,
1733 3675 1762 3728 5

1898 3674 1943 3704 ⁸⁵
1976 3671 2136 3729 Joan.
2179 3688 2294 3739 xu,
2317 3664 2404 3726 37.

1491 4034 2113 4132 MONITUM.

269 4371 469 4456 1016
494 4379 620 4439 Hac
642 4383 768 4454 ﬁdei
793 4379 1064 4455 Confessio
1126 4386 1393 4454 exseripta
1421 4381 1524 4455 fuit
1555 4403 1580 4440 e
1608 4387 1784 4441 codice
1829 4387 2084 4441 Vaticano
2157 4401 2298 4440 num.
2323 4384 2484 4452 1451,
2513 4384 2930 4450 membranaceo,
2978 4384 3190 4454 optima
3217 4392 3361 4437 notat
3388 4391 3440 4436 et

195 4475 509 4544 perantiquo,
533 4479 588 4529 in
609 4493 711 4546 quo
732 4483 941 4531 exstant
963 4476 1152 4546 Cyrilli
1177 4493 1354 4546 opera,
1385 4478 1620 4547 interque
1643 4459 1741 4530 illa
1769 4493 1892 4547 pag.
1916 4477 1987 4530 24
2015 4485 2280 4546 comparet
2311 4475 2589 4530 Athanasii
2629 4477 2836 4530 nomine
2865 4493 3080 4548 sequens
3102 4476 3437 4545 opusculum.

197 4556 403 4620 Initium
422 4586 579 4639 porro
608 4569 824 4640 hujusce
846 4569 900 4621 id
929 4565 1102 4636 ipsum
1129 4573 1224 4628 est,
1253 4565 1390 4634 quod
1415 4565 1512 4618 illa
1535 4565 1661 4634 ﬁdei
1684 4565 1917 4634 formula
1945 4567 2013 4620 ad
2044 4564 2334 4620 Iovianum
2365 4567 2664 4635 Augustum
2694 4565 2878 4627 missa,
2907 4566 3252 4635 superiusque
3281 4580 3432 4618 cusa.

198 4651 258 4709 In
283 4660 704 4732 subsequentibus
724 4671 899 4716 autem
923 4660 1123 4731 liquido
1145 4660 1508 4730 expenduntur
1531 4658 1766 4729 Symboli
1796 4662 1934 4732 quod
1964 4671 2181 4716 vocatur
2207 4662 2573 4732 apostolorum
2593 4660 2809 4715 articuli
2833 4676 2852 4715 :
2881 4678 2986 4715 non
3007 4661 3282 4732 indignum
3309 4675 3439 4713 sane

195 4757 485 4817 Opusculum
506 4768 585 4813 est
604 4759 916 4825 Athanasio,
946 4759 1113 4829 iisque
1151 4759 1496 4828 compositum
1523 4757 1730 4812 vocibus
1761 4768 1812 4813 et
1853 4759 2130 4819 clausulis.
2165 4749 2282 4830 qua:
2309 4759 2592 4813 Athanasii
2622 4773 2730 4813 avo
2755 4758 3054 4811 obtinebant
3083 4773 3102 4810 :
3131 4772 3295 4826 neque
3329 4754 3437 4808 lere

193 4848 261 4891 est
305 4858 664 4915 argumentum
697 4848 836 4918 quod
874 4847 1021 4901 illius
1049 4847 1222 4901 solum
1249 4847 1344 4902 arui
1376 4847 1720 4914 Arianorum,
1753 4848 2374 4914 Pneumatomachorum,
2408 4850 2912 4920 Apollinaristarum
2958 4864 3160 4904 errores
3203 4847 3436 4901 dilucide

194 4929 269 4984 hic
291 4941 644 5006 repudientur.
673 4939 758 4994 Ex
777 4956 875 4993 usu
891 4955 1091 5010 quoque
1121 4940 1262 4994 vocis
1293 4939 1589 5004 ὑπόστασις
1613 4957 1706 5010 pro
1739 4943 2038 4996 substantia
2072 4940 2278 5009 Patris,
2303 4943 2515 4996 videtur
2533 4945 2899 4999 ascribendum
2927 4945 3242 4998 Athanasio.
3272 4943 3438 4996 Dam-

194 5032 372 5080 nantur
391 5032 527 5084 enim
550 5031 642 5101 qui
687 5041 875 5101 negant
905 5029 1107 5084 Filium
1139 5047 1248 5085 esse
1297 5046 1362 5083 ex
1403 5033 1586 5085 eadem
1623 5033 1895 5101 hypostasi
1941 5034 2017 5086 vel
2047 5033 2225 5105 οὐσίᾳ,
2262 5049 2327 5087 ea:
2363 5051 2469 5105 qua
2512 5033 2700 5099 Pater,
2730 5051 2846 5104 qute
2887 5035 3028 5088 ratio
3049 5031 3295 5103 loquendi
3318 5041 3436 5101 post

193 5108 451 5170 Athanasii
479 5134 646 5172 auum
672 5118 760 5172 via:
781 5119 1158 5187 usurpabatur.
1193 5118 1379 5172 Exstat
1406 5121 1532 5174 item
1563 5120 1674 5175 hac
1701 5119 1938 5191 Symboli
1963 5123 2328 5192 interpretatio
2365 5124 2422 5176 in
2454 5126 2572 5178 cod.
2606 5124 2736 5197 Reg.
2769 5124 2943 5191 2502,
2962 5126 3020 5179 in
3058 5127 3240 5179 charta
3268 5139 3435 5194 papyc

192 5214 334 5258 racea
364 5207 567 5280 vulgari
599 5210 858 5282 descripto
889 5232 1026 5270 anno
1061 5215 1220 5283 1562,
1245 5216 1394 5286 cujus
1417 5215 1664 5273 lectiones
1685 5218 2024 5272 adnotamus.
2054 5218 2121 5273 Et
2153 5219 2345 5290 ubique
2376 5222 2669 5277 ascribitur
2703 5222 3017 5277 Athanasio.
