3794 6226
379 317 510 373 1251

942 319 999 374 S.
1040 318 1413 376 ATHANASI
1452 319 1606 377 OPP.
1640 317 1824 375 PARS
1861 319 1902 374 Ι.
1938 349 2008 363 —-
2044 318 2418 376 HISTORICA
2455 319 2545 376 ET
2586 320 3012 378 DOGMATICA.

3480 318 3623 375 1232

720 530 1351 631 ΑΘΑΝΑΣΙΟΥ
1433 539 2355 628 ΑΡΧΙΕΠΙΣΚΟΠΟΥ
2427 533 3254 630 ΑΛΕΞΑΝΔΡΕΙΑΣ

1390 764 1761 817 EPMHNEIA
1793 753 1920 819 ΕΙΣ
1952 767 2036 817 T0
2062 767 2359 820 ΣΥΜΒΟΛ
2368 769 2465 820 οΝ
2489 767 2618 838 (32).

452 1126 889 1189 ATHANASII
944 1128 1557 1193 ARGHIEPISCOPI
1612 1128 2172 1192 ALEXANDRINI
2228 1127 2887 1190 INTERPRETATIO
2929 1127 3011 1188 IN
3065 1125 3535 1190 SYMBOLUM.

1944 1323 2014 1335 ...-

441 1478 726 1534 Credimus
763 1480 814 1533 in
843 1495 1010 1534 unum
1039 1480 1204 1536 Deum
1229 1479 1450 1534 Patrem
1478 1479 1933 1550 omnipotentem,

2111 1478 2246 1549 (52⁸)
2279 1479 2612 1550 Πιστεύομεν
2641 1481 2720 1540 είς
2751 1477 2848 1530 ἕνα
2885 1476 3017 1530 Θεὸν
3051 1476 3269 1547 Πατέρα
3309 1475 3619 1548 παντοκρά-

371 1571 616 1626 omnium
651 1571 942 1625 visibilium
967 1580 1017 1625 et
1046 1571 1400 1627 invisibilium
1432 1571 1692 1627 factorem
1721 1592 1734 1626 :
1794 1581 1847 1626 et
1883 1572 1937 1626 in

373 1677 542 1718 unum
568 1662 859 1717 Dominum
902 1661 1085 1719 Jesum
1141 1663 1420 1720 Christum
1464 1663 1663 1719 Filium
1696 1664 1810 1731 Dei,
1845 1681 1937 1736 ge-

373 1753 546 1808 nitum
568 1769 632 1808 ex
660 1753 839 1820 Patre,
873 1753 1043 1810 Deum
1092 1771 1159 1810 ex
1201 1755 1329 1818 Deo,
1376 1757 1558 1811 lumen
1595 1773 1662 1811 ex
1692 1757 1933 1824 lumine,

370 1843 539 1901 Deum
562 1861 749 1900 verum
779 1862 846 1900 ex
893 1846 1002 1902 Deo
1045 1861 1195 1912 vero,
1251 1849 1494 1917 genitum
1549 1866 1659 1904 non
1699 1849 1932 1914 factum,

369 1939 885 1995 consubstantialem
916 1939 1084 2005 Patri,
1109 1955 1202 2010 per
1227 1957 1386 2010 quem
1412 1943 1596 1996 omnia
1615 1941 1758 1997 facta
1781 1953 1935 2007 sunt,

369 2044 490 2098 quae
519 2028 572 2082 in
603 2029 743 2082 coelo
772 2037 826 2082 et
854 2043 974 2097 quae
1003 2028 1056 2082 in
1086 2038 1250 2092 terra,
1281 2029 1514 2084 visibilia
1537 2039 1593 2084 et
1615 2029 1932 2084 invisibilia.

369 2116 472 2183 Qui
503 2125 722 2188 propter
748 2133 847 2172 nos
883 2117 1132 2173 homines
1165 2127 1217 2173 et
1249 2127 1472 2189 propter
1505 2130 1749 2174 nostram
1784 2121 1939 2174 salu-

369 2217 478 2265 tem
529 2210 828 2275 descendit,
876 2210 1191 2266 incarnatus
1224 2219 1288 2265 'et
1334 2211 1498 2265 homo
1532 2209 1710 2266 factus
1741 2219 1844 2277 est,
1886 2212 1939 2265 id

348 2313 452 2358 est
486 2304 700 2372 genitus
722 2300 960 2372 perfecte
991 2318 1058 2356 ex
1105 2301 1274 2356 Maria
1323 2318 1535 2373 semper
1577 2303 1791 2373 virgine
1844 2319 1939 2372 per

370 2391 632 2464 Spiritum
657 2402 936 2448 sanctum:
964 2393 1059 2464 qui
1102 2408 1302 2464 corpus
1327 2401 1381 2448 et
1409 2395 1648 2448 animam
1685 2403 1740 2449 et
1786 2411 1939 2450 men-

369 2496 497 2551 tem,
538 2495 592 2540 et
613 2485 796 2539 omnia
819 2501 941 2556 quae
968 2494 1096 2541 sunt
1118 2485 1171 2539 in
1205 2485 1550 2548 hominibus,
1582 2493 1779 2554 prmter
1810 2501 1936 2556 pec-

367 2587 550 2634 catum
583 2578 721 2650 (54),
753 2594 896 2642 vere,
938 2595 1038 2634 nec
1087 2580 1268 2648 specie
1308 2587 1524 2634 tantum
1568 2579 1758 2634 habuit
1791 2599 1804 2634 :
1845 2581 1940 2650 qui

370 2687 567 2742 passus
597 2681 702 2736 est,
762 2671 816 2725 id
857 2680 940 2726 est
991 2670 1310 2736 crucifixus,
1365 2673 1632 2741 sepultus,
1665 2680 1721 2727 et
1758 2687 1942 2726 resur-

367 2761 510 2816 rexit
541 2761 696 2816 lertia
733 2761 840 2824 die,
897 2768 950 2814 et
997 2761 1238 2816 ascendit
1277 2761 1329 2814 in
1381 2762 1549 2816 cmlos
1590 2777 1716 2816 cum
1768 2762 1940 2834 gloria

368 2854 425 2907 in
472 2853 590 2922 ipso
619 2867 874 2922 corpore:
926 2853 1078 2906 sedet
1118 2852 1184 2906 ad
1207 2851 1486 2918 dexteram
1518 2853 1716 2918 Patris,
1738 2862 1932 2907 ventu-
1967 2841 2009 2896 Β

366 2958 572 3014 rusque
613 2952 698 2998 est
738 2943 794 2996 in
850 2943 970 3013 ipso
1011 2958 1243 3012 corpore
1281 2959 1402 2997 cum
1429 2944 1595 3014 gloria
1627 2944 1934 3014 judicatum

365 3040 520 3093 vivos
552 3047 606 3092 et
635 3046 907 3106 mortuos,
944 3036 1104 3108 cujus
1153 3036 1308 3106 regni
1360 3053 1466 3091 non
1513 3038 1617 3092 erit
1671 3038 1819 3092 linis.
1872 3039 1939 3093 Et

363 3131 640 3186 credimus
672 3130 727 3184 in
765 3127 1027 3198 Spiritum
1080 3139 1328 3184 sanctum
1357 3169 1372 3194 ,
1413 3129 1506 3198 qui
1555 3143 1662 3183 non
1723 3129 1936 3184 alienus

362 3232 451 3278 est
477 3239 508 3276 a
535 3221 696 3277 Patre
722 3231 776 3276 et
808 3219 965 3285 Filio,
1010 3220 1104 3276 sed
1144 3221 1627 3275 consubstantialis
1671 3231 1755 3275 est
1790 3199 1935 3274 Patri

361 3327 421 3371 ct.
454 3315 617 3381 Filio,
649 3316 944 3378 increatus,
978 3312 1250 3384 perfectus
1308 3315 1441 3386 (55),
1477 3313 1816 3380 Paracletus,
1871 3314 1924 3370 id

360 3419 451 3464 est
498 3408 794 3464 advocatus
831 3425 845 3462 :
877 3409 972 3477 qui
1005 3408 1217 3462 locutus
1247 3419 1330 3463 est
1364 3409 1417 3461 in
1453 3408 1587 3479 lege,
1627 3409 1682 3462 in
1711 3409 1937 3478 prophe-

365 3500 458 3566 iis,
481 3507 537 3554 et
565 3500 619 3552 in
650 3498 978 3568 Evangeliis.
1011 3497 1117 3564 Qui
1162 3499 1441 3554 descendit
1477 3500 1532 3552 in
1587 3498 1886 3555 Jordanem
1918 3540 1936 3566 ,

364 3591 680 3662 praedicavit
709 3591 995 3660 apostolis,
1033 3591 1126 3660 qui
1158 3591 1367 3646 habitat
1395 3590 1448 3644 in
1474 3593 1702 3647 sanctis.
1723 3591 1792 3646 Et
1826 3608 1938 3648 cre-

364 3682 546 3737 dimus
591 3683 646 3736 in
689 3698 854 3736 unam
886 3683 1058 3737 solam
1096 3684 1239 3738 hanc
1281 3684 1604 3739 catholicam
1635 3693 1691 3738 et
1717 3693 1936 3754 aposto-

365 3777 527 3832 licam
587 3774 928 3841 Ecclesiam,
977 3775 1032 3830 in
1065 3791 1235 3830 unum
1286 3775 1553 3846 baptisma
1597 3777 1934 3846 pcenitentiae

365 3882 417 3926 et
445 3870 781 3926 remissionis
802 3877 1170 3938 peccatorum,
1207 3869 1262 3924 in
1286 3869 1750 3926 resurrectionem
1787 3884 1934 3923 mor-

366 3972 583 4017 tuorum
610 3977 624 4017 :
656 3962 711 4014 in
737 3960 1007 4030 judicium
1052 3967 1314 4014 aeternum
1351 3959 1658 4012 animarum
1716 3967 1772 4014 et
1815 3974 1937 4014 cor-

365 4068 601 4124 porum,
638 4052 694 4106 in
751 4067 974 4122 regnum
1023 4051 1286 4106 caelorum
1335 4057 1390 4104 et
1436 4051 1604 4104 vitam
1648 4058 1932 4104 :rternam.

366 4148 473 4204 Eos
523 4155 703 4201 autem
738 4146 828 4216 qui
864 4144 1052 4199 dicunt
1093 4162 1108 4197 :
1143 4141 1269 4197 Fuit
1298 4141 1599 4211 aliquando
1653 4156 1779 4196 cum
1820 4157 1932 4194 non

2039 1587 2176 1642 τορα
2202 1611 2218 1634 ,
2271 1571 2485 1624 πάντων
2516 1570 2726 1642 ὁρατῶν
2771 1586 2831 1622 τε
2895 1569 2989 1622 καὶ
3042 1570 3288 1640 ἀοράτων
3342 1570 3574 1641 ποιητήν
3603 1587 3616 1598 ο

2041 1665 2134 1717 καὶ
2158 1665 2238 1728 είς
2282 1663 2378 1716 ἕνα
2425 1663 2630 1736 Κύριον
2681 1659 2889 1732 Ἰησοῦν
2924 1661 3159 1732 Χριστὸν
3198 1660 3290 1714 τὸν
3351 1660 3482 1715 Υἰὸν
3519 1660 3618 1714 τοῦ

2039 1755 2198 1820 Θεοῦ,
2252 1755 2582 1826 γεννηθέντα
2632 1757 2696 1807 ὲκ
2739 1753 2832 1807 τοῦ
2870 1753 3104 1824 Πατρὸς,
3153 1753 3286 1806 Θεὸν
3342 1755 3408 1806 ὲκ
3458 1751 3620 1817 Θεοῦ,

2044 1847 2158 1916 φῶς
2187 1847 2251 1901 ὲκ
2307 1847 2484 1916 φωτὸς
2526 1847 2659 1918 (55),
2694 1845 2828 1899 Θεὸν
2879 1845 3128 1916 ἀληθινὸν
3169 1847 3234 1899 ὲκ
3265 1845 3401 1899 Θεοῦ
3434 1846 3623 1916 ἀληθιο

2046 1938 2159 2001 νοῦ,
2181 1939 2530 2010 γεννηθέντα,
2558 1940 2618 1991 ού
2651 1937 2962 2009 ποιηθέντα,
2997 1937 3281 2008 ὁμοούσιον
3313 1938 3393 2010 τῷ
3419 1939 3619 2011 Πατρὶ,

2041 2033 2110 2086 δι’
2141 2027 2202 2087 οὗ
2244 2033 2312 2087 τά
2364 2033 2540 2086 πάντα
2578 2031 2817 2099 ἐγένετο,
2851 2031 2921 2083 τά
2948 2040 3008 2082 τε
3058 2032 3115 2083 ὲν
3147 2030 3225 2102 τῷ
3267 2029 3483 2102 οὐρανῷ
3524 2033 3625 2084 καὶ

2041 2119 2108 2172 τὰ
2138 2120 2231 2173 ἐπὶ
2260 2121 2360 2191 τῆς
2399 2120 2520 2189 γῆς,
2553 2120 2724 2191 ὁρατά
2755 2136 2814 2171 τε
2844 2119 2938 2172 καὶ
2968 2118 3177 2191 ἀόρατα
3202 2136 3217 2150 ⁸
3248 2121 3338 2174 τὸν
3372 2121 3438 2174 δι’
3472 2122 3625 2192 ἡμᾶς

2039 2214 2166 2276 τοὺς
2217 2213 2534 2284 ἀνθρώπους
2591 2215 2683 2266 καὶ
2729 2212 2818 2266 διὰ
2867 2214 2966 2284 τὴν
3016 2213 3291 2285 ἡμετέραν
3346 2216 3624 2287 σωτηρίαν

2043 2306 2389 2370 κατελθόντα,
2428 2306 2799 2377 σαρκωθέντα,
2825 2306 3343 2378 ὲνανθρωπήσαντα,
3372 2310 3623 2362 τουτέστι

2041 2401 2368 2472 γεννηθέντα
2397 2401 2618 2465 τελείως
2650 2403 2714 2455 ὲκ
2742 2401 2960 2473 Μαρίας
3001 2402 3102 2473 τῆς
3127 2403 3486 2474 ἀειπαρθένου
3530 2406 3624 2458 διά

2042 2490 2354 2560 Πνεύματος
2405 2490 2583 2560 ἁγίου,
2632 2491 2794 2562 σῶμα
2845 2491 2938 2546 καὶ
2992 2491 3170 2564 ψυχὴν
3202 2494 3298 2548 καὶ
3347 2495 3492 2560 νοῦν,
3526 2498 3625 2550 καὶ

2044 2578 2221 2632 πάντα
2252 2579 2350 2632 ὅσα
2377 2580 2525 2634 ἐστὶν
2552 2579 2880 2651 ἀνθρώποις,
2897 2583 3068 2654 χωρὶς
3092 2585 3386 2656 ἁμαρτίας,
3430 2587 3626 2658 ἀληθι-

2041 2672 2149 2735 νῶς
2181 2673 2275 2725 καὶ
2310 2673 2370 2725 ού
2420 2673 2635 2746 δοκήσει
2680 2674 2982 2746 ἐσχηκότα·
3031 2677 3273 2731 παθόντα
3303 2720 3316 2744 ,
3371 2682 3624 2735 τουτέστι

2045 2765 2444 2836 σταυρωθέντα,
2476 2767 2716 2835 ταφέντα
2741 2768 2836 2820 καὶ
2869 2769 3178 2823 ἀναστάντα
3202 2773 3267 2841 τῇ
3299 2771 3459 2845 τρίτῃ
3486 2774 3626 2844 ἡμέ-

2041 2872 2130 2927 ρᾳ,
2160 2857 2254 2909 καὶ
2277 2857 2568 2910 ἀνελθόντα
2604 2860 2684 2922 είς
2725 2859 2986 2930 οὐρανοὺς
3030 2863 3087 2913 ὲν
3119 2861 3266 2931 αὐτῷ
3297 2862 3374 2932 τῷ
3407 2863 3626 2934 σώματι

2039 2947 2266 3014 ἐνδόξως
2288 2967 2305 2979 ‘
2339 2949 2636 3003 καθίσαντα
2681 2953 2740 3004 ὲν
2785 2951 2935 3022 δεξιᾷ
2971 2953 3065 3006 τοῦ
3107 2955 3358 3025 Πατρὸς,
3395 2958 3627 3029 ἐρχόμε-

2040 3057 2129 3092 νον
2153 3041 2209 3092 ὲν
2237 3041 2383 3111 αὐτῷ
2417 3042 2495 3113 τῷ
2539 3041 2752 3114 σώματι
2787 3045 2844 3096 ἐν
2882 3043 3009 3115 δόξῃ
3046 3049 3228 3116 κρῖναι
3269 3045 3482 3112 ζῶντας
3528 3053 3627 3103 καὶ

2040 3130 2287 3200 νεκροὺς,
2316 3123 2376 3182 οὗ
2404 3131 2505 3200 τῆς
2540 3131 2814 3200 βασιλείας
2857 3133 2957 3186 οὐκ
2990 3134 3143 3187 ἔσται
3177 3136 3348 3199 τέλος.
3381 3139 3494 3191 Καὶ
3530 3157 3627 3192 πι-

2042 3221 2300 3289 στεύομεν
2331 3223 2410 3284 είς
2438 3222 2498 3274 τὸ
2534 3222 2758 3293 Πνεῦμα
2805 3223 2865 3275 τὸ
2911 3225 3088 3293 ἅγιον,
3114 3225 3174 3279 τὸ
3208 3227 3307 3280 οὐκ
3342 3228 3630 3301 ἀλλότριον
3677 3225 3680 3228 ’

2039 3314 2251 3384 Πατρὸς
2277 3315 2370 3368 καὶ
2402 3314 2554 3377 Υίοῦ,
2589 3315 2704 3368 ἀλλ’
2733 3315 3018 3386 ὁμοούσιον
3046 3317 3106 3370 ὃν
3149 3320 3327 3391 Harp!
3361 3323 3458 3374 καὶ
3485 3324 3627 3393 Υίῷ,

2039 3403 2098 3456 τὸ
2120 3405 2392 3466 ἀκτιστον,
2431 3405 2490 3456 τὸ
2522 3404 2745 3469 τέλειον,
2785 3407 2844 3458 τὸ
2871 3408 3251 3479 Παράκλητον,
3294 3412 3355 3464 τὸ
3383 3412 3631 3484 λαλῆσαν

2039 3496 2097 3547 ὲν
2128 3494 2296 3564 νόμῳ,
2326 3495 2420 3548 καὶ
2456 3497 2512 3547 ὲν
2536 3497 2865 3567 προφήταις,
2893 3500 2986 3550 καὶ
3009 3500 3065 3550 ὲν
3096 3499 3455 3569 Εὑαγγελίοις
3488 3506 3628 3570 (56)-

2039 3585 2280 3638 καταὸἀν
2318 3586 2410 3638 ἐπὶ
2455 3587 2546 3640 τὸν
2619 3588 2925 3658 Ἰορδάνην,
2983 3590 3227 3661 κηρύξαν
3275 3594 3627 3659 ἀποστόλοις,

2039 3677 2218 3730 οἰκοῦν
2262 3679 2320 3731 ὲν
2367 3677 2564 3745 ἁγίοις.
2618 3680 2731 3731 Καὶ
2775 3680 3102 3752 πιστεύομεν
3135 3685 3212 3746 είς
3263 3685 3394 3753 μίαν
3457 3688 3632 3758 μόνην

2036 3769 2239 3838 ταύτην
2268 3767 2560 3839 καθολικὴν
2585 3769 2679 3822 καὶ
2714 3770 3079 3844 ἀποστολικὴν
3112 3774 3225 3844 (57)
3265 3776 3623 3848 Ἐκκλησίαν,

2039 3860 2119 3922 είς
2150 3858 2208 3912 ἓν
2238 3859 2521 3930 βάπτισμα
2556 3861 2864 3930 μετανοίας,
2900 3863 2994 3914 καὶ
3026 3864 3276 3932 ἀφέσεως
3309 3867 3624 3939 ἁμαρτιῶν,

2040 3953 2118 4015 εἰς
2149 3953 2446 4006 ἀνάστασιν
2477 3953 2710 4023 νεκρῶν,
2762 3956 2842 4015 εἰς
2879 3956 3061 4026 κρίσιν
3103 3957 3319 4011 αἰώνιον
3346 3959 3538 4029 ψυχῶν
3563 3981 3626 4016 τε

2040 4046 2134 4098 καὶ
2179 4045 2467 4115 σωμάτων,
2499 4047 2579 4108 είς
2605 4045 2880 4115 βασιλείαν
2924 4048 3035 4126 (58)
3075 4050 3320 4120 οὐρανῶν
3344 4054 3438 4104 καὶ
3473 4052 3628 4126 ζωὴν

2042 4136 2278 4193 αἰώνιον,
2310 4139 2447 4201 Τοὺς
2478 4137 2535 4190 δὲ
2568 4139 2844 4207 λέγοντας,
2876 4141 2957 4194 ὅτι
2988 4137 3055 4212 ἦν
3083 4160 3213 4195 ποτε
3238 4145 3326 4196 ὅτε
3360 4145 3462 4198 οὐκ
3489 4143 3557 4218 ἦν
3595 4151 3628 4200 ὁ

363 4249 509 4296 esset
540 4239 726 4302 Filius,
793 4237 873 4291 vel
913 4235 1081 4292 :Fuit
1135 4236 1427 4306 aliquando
1480 4251 1604 4290 cum
1641 4249 1750 4288 non
1791 4243 1933 4288 esset

2057 4230 2189 4293 Γὶὸς,
2220 4229 2276 4301 ἢ,
2311 4225 2421 4284 Ἦν
2454 4249 2583 4283 ποτε
2617 4232 2704 4285 ὅτε
2747 4233 2847 4286 οὐκ
2878 4229 2945 4304 ἦν
2983 4234 3044 4286 τὸ
3084 4234 3238 4303 ἆγιον
3279 4237 3507 4308 Πνεῦμα
3535 4255 3549 4266 ·
3586 4242 3622 4306 ἦ

365 4333 600 4403 Spiritus
673 4327 896 4387 sanctus
954 4348 968 4384 :
1039 4337 1183 4394 aut,
1262 4344 1330 4383 ex
1404 4344 1512 4383 non
1588 4325 1934 4382 exstantibus

364 4427 543 4481 factus
581 4434 684 4488 est,
717 4433 808 4478 aut
846 4422 940 4493 qui
989 4437 1055 4476 ex
1086 4421 1191 4475 alia
1231 4420 1535 4476 substantia
1575 4419 1661 4474 vel
1693 4419 1935 4474 essentia

363 4518 555 4571 dicunt
586 4529 708 4570 esse
737 4513 934 4567 Filium
971 4511 1061 4567 Dei
1091 4523 1185 4566 aut
1223 4511 1484 4581 Spiritum
1511 4518 1786 4575 sanctum,
1813 4525 1937 4564 mu-

365 4607 584 4662 tabilem
629 4615 791 4675 atque
819 4603 1173 4668 variabilem,
1221 4617 1315 4657 eos
1365 4600 1666 4674 (inquam)
1709 4601 1936 4655 anathe-

365 4706 509 4751 mate
541 4697 765 4751 damnat
791 4692 1056 4748 catholica
1094 4698 1267 4746 mater
1306 4699 1495 4744 nostra
1541 4696 1594 4743 et
1628 4686 1929 4757 apostolica

365 4788 628 4844 Ecclesia.
658 4785 724 4840 Et
758 4785 1100 4839 anathemate
1122 4783 1446 4837 damnamus
1473 4795 1666 4836 omnes
1691 4779 1787 4849 qui
1823 4794 1932 4832 non

361 4882 688 4937 conﬁtentur
740 4877 924 4934 carnis
968 4874 1465 4932 resurrectionem:
1517 4886 1738 4926 onmem
1800 4871 1930 4925 item

362 4972 618 5038 haeresin,
655 4970 864 5025 scilicet
915 4983 1105 5023 omnes
1138 4967 1232 5036 qui
1282 4965 1424 5020 hanc
1479 4979 1594 5019 non
1631 4971 1820 5019 tenent
1877 4962 1935 5015 ti-

357 5064 482 5120 dem
514 5069 719 5118 sanclae
741 5068 795 5115 et
825 5059 994 5116 solius
1023 5056 1301 5114 catholicae
1331 5054 1612 5111 Ecclesiae.

429 5216 708 5290 (32)er-
729 5215 899 5290 ,ξξςῖεδ
940 5214 1091 5284 ἅγιον
1125 5205 1411 5290 φΰμέολτέν-
1451 5279 1464 5290 .
1610 5277 1674 5290 -.
1713 5277 1726 5289 .

428 5277 573 5362 (52")
607 5277 817 5362 Sivmilia
847 5277 1109 5362 leguntur
1133 5277 1564 5362 in:_(3_oiz[qssione
1588 5277 1726 5362 ﬁdei
1759 5291 1925 5362 quam

353 5348 643 5431 cxr‘codice
684 5348 926 5431 Νομίοηό
953 5353 1114 5431 ΙίΧΙΔΙΑΙ
1145 5353 1313 5431 edidit
1340 5348 1645 5430 Mingarelli
1695 5348 1750 5431 in
1790 5348 1930 5431 libro

353 5430 444 5504 cui
497 5429 712 5504 titulum
749 5426 919 5504 fecit:
963 5424 1182 5479 Codices
1227 5420 1398 5504 (ii-ccci
1433 5415 1561 5504 ritas.
1598 5417 1738 5504 apud
1768 5415 1928 5504 “Illa-

355 5500 468 5554 nios
514 5499 762 5569 patricios
836 5493 1051 5549 Venetos
1104 5494 1384 5555 asservati.
1439 5490 1699 5544 Bononia:
1763 5487 1921 5551 1784,

357 5570 409 5609 in
442 5570 497 5609 ,1ο
553 5568 686 5609 Vidn.
711 5567 774 5609 nd
808 5567 1011 5609 calcem
1049 5568 1176 5609 tnmi
1209 5563 1273 5609 IV
1303 5562 1439 5609 Onn-
1470 5560 1669 5609 Athan.
1762 5555 1921 5609 EDIT.

357 5570 410 5622 in
442 5560 526 5623 4°:
553 5568 687 5623 Vide
710 5567 778 5621 ad
808 5567 1012 5635 calcem
1049 5568 1179 5642 tqmi
1209 5563 1273 5616 ιν
1303 5562 1439 5632 Opp.
1470 5560 1669 5614 Athan.
1762 5560 1923 5611 Εοιτ.

426 5640 538 5710 (55)
571 5638 703 5705 Reg.
729 5639 794 5710 ἐκ
812 5635 924 5710 Σοῦ
955 5636 1166 5710 Πατρός
1211 5635 1494 5702 μονογενῆ,
1547 5628 1826 5684 τουτέστιν
1860 5632 1923 5682 ὲκ

359 5705 457 5776 τῆς
477 5710 660 5771 οὐσίας
688 5706 781 5760 τοῦ
812 5705 1042 5776 Πατρός.

2038 4320 2119 4373 ὅτι
2150 4318 2209 4384 ἐξ
2241 4321 2339 4374 οὑκ
2372 4322 2540 4376 ὄντων
2602 4323 2837 4392 ἐγένετο,
2873 4325 2905 4395 ἢ
2935 4325 2994 4390 ἐξ
3023 4327 3218 4399 ἐτέρας
3267 4329 3624 4395 ὑποστάσεως

2037 4411 2285 4482 ἢούσίας
2314 4414 2622 4483 φάσκοντας
2669 4411 2803 4468 εἶναι
2850 4416 2940 4471 τὸν
2978 4417 3104 4471 Υἰὸν
3135 4419 3231 4473 τοῦ
3281 4420 3439 4486 Θεοῦ,
3482 4422 3516 4492 ἢ
3559 4426 3624 4475 τὸ

2038 4504 2262 4576 Πνεῦμα
2291 4507 2352 4560 τὸ
2384 4506 2556 4576 ἅγιον,
2583 4509 2816 4580 τρεπτὸν
2843 4509 2874 4580 ἢ
2911 4509 3219 4574 ἀλλοιωτὸν,
3250 4513 3474 4578 τούτους
3497 4517 3624 4570 ἀνα-

2039 4596 2438 4669 θεματίζομεν,
2471 4601 2552 4653 ὅτι
2599 4602 2795 4665 αὐτοὺς
2837 4602 3226 4674 ἀναθεματίζει
3272 4606 3304 4676 ή
3353 4607 3619 4680 καθολικὴ

2041 4690 2218 4761 μήτηρ
2252 4692 2544 4761 ήμῶν-καὶ
2582 4694 2914 4766 ἀποστολικὴ
2968 4696 3280 4766 Ἐκκλησία.
3328 4698 3439 4750 Καὶ
3481 4700 3611 4752 ἀνα·

2039 4779 2399 4852 θεματίξομεν
2421 4785 2626 4848 πάντας
2655 4785 2784 4849 τοὺς
2821 4786 2896 4858 μὴ
2939 4786 3336 4857 ὁμολογοῦντας
3379 4788 3624 4842 ἀνάστα-ε

2040 4887 2124 4924 σιν
2157 4872 2358 4943 σαρκὸς
2387 4873 2498 4941 (59)
2523 4876 2617 4928 καὶ
2641 4877 2822 4929 πᾶσαν
2853 4877 3083 4948 αἵρεσιν,
3111 4878 3355 4931 τουτέστι
3385 4879 3516 4942 τοὺς
3543 4880 3622 4951 μὴ

2036 4962 2198 5026 ὄντας
2239 4966 2303 5016 ὲκ
2339 4964 2541 5035 ταύτης
2566 4968 2665 5038 τῆς
2703 4968 2941 5032 πίστεως
2986 4969 3086 5041 τῆς
3121 4971 3280 5039 ἁγίας
3311 4970 3407 5024 καὶ
3449 4971 3623 5044 μόνης

2038 5052 2328 5124 καθολικῆς
2363 5055 2562 5127 Ἐκκλη
2571 5056 2708 5120 σίας.

2108 5211 2222 5351 (54)
2252 5209 2352 5268 Hic
2387 5222 2651 5267 notantur
2677 5214 3100 5283 Apollinaristae.

2109 5281 2200 5348 (55
2250 5281 2350 5337 Hic
2379 5282 2886 5339 Pneumatomachi.

2109 5281 2219 5348 (55)
2250 5281 2350 5337 Hic
2379 5281 2886 5339 Pneumatoniachi.

2107 5354 2220 5424 (56)
2245 5351 2473 5425 _Reg._év
2503 5356 2810 5425 προφήταις
2836 5355 2930 5425 καὶ
2962 5355 3021 5408 ὲν
3055 5355 3400 5420 ἀποστόλοις,
3430 5355 3532 5408 κα)⁵
3560 5356 3624 5411 ὲν

2035 5422 2209 5499 Eccl.
2390 5422 2524 5499 Reg.
2549 5422 2828 5499 κηρῦξαν.
2867 5424 3470 5499 νοιίοᾏκηρυξόμενον.

2109 5493 2218 5565 (57)
2247 5493 2363 5565 [ἰαὶ
2393 5493 2755 5565 ἀποστολικήν
2780 5496 2933 5550 deest
2960 5497 3015 5550 in
3050 5493 3228 5552 Vatic.

2127 5563 2215 5629 58)
2247 5561 2380 5633 Reg.
2410 5566 2488 5625 εἰς
2525 5561 2825 5632 βασιλείας.

2125 5633 2214 5705 59)
2245 5633 2375 5704 Reg.
2407 5635 2703 5690 ἀνάστασιν
2737 5637 2968 5710 νεκρῶν.
