3794 6226
199 260 341 318 1253
1490 271 1805 331 ΕΒΑΕΜΕΒ

1878 277 1914 336 Δ
1950 278 2187 337 VARIA.
2832 322 2837 329 ι
3297 299 3439 355 12Ξὶ

209 418 3379 473 ____.__________________________________________

921 569 1308 636 MONITUM
1368 575 1450 638 IN
1504 577 2069 646 FRAGMENTUM
2112 583 2485 660 SEQUENS.

273 887 486 958 1017
521 885 646 941 Non
666 888 779 943 sine
810 889 1059 959 scrupulo
1083 890 1537 964 ἀποσπασμάτιον
1563 912 1779 967 sequens
1812 900 1950 955 inter
1978 899 2351 959 Athanasiana
2389 905 2631 973 edimus;
2657 905 2776 964 licet
2808 912 2944 965 enim
2973 929 3074 967 non
3103 915 3174 968 sit
3198 915 3437 973 Athana-

196 982 279 1081 sio
308 982 663 1081 indignum
698 981 1219 1081 aipollinaristarum
1257 987 1473 1042 haeresis
1506 988 1592 1044 hic
1614 992 1919 1062 confutetur
1939 1035 1956 1061 ,
1989 1005 2038 1048 et
2083 996 2141 1050 in
2167 997 2343 1066 Epist.
2390 1000 2460 1055 ad
2505 1000 2827 1072 Epictetum,
2859 1012 2908 1058 et
2945 1004 3077 1060 alibi
3098 1019 3393 1081 oppugnata
3418 1047 3449 1073 ,.

196 1071 296 1174 olet
326 1081 502 1174 tamen
535 1074 808 1174 quidpiam
827 1079 1176 1149 peregrinum,
1209 1090 1258 1135 et
1288 1082 1492 1137 videtur
1529 1086 1759 1140 maxime
1812 1086 1907 1141 sub
1949 1089 2107 1158 ﬁnem
2138 1071 2596 1162 Eutychianorum
2636 1098 2867 1154 haeresin
2904 1071 3264 1174 impugnare}
3300 1071 3436 1159 unde

196 1168 332 1263 {frte
351 1172 585 1240 suspicio
616 1173 826 1227 oriatur
845 1176 1030 1244 quinto
1057 1177 1252 1232 stacqu
1278 1189 1558 1236 exaratum
1580 1183 1769 1253 fuisse.
1797 1182 1937 1250 Quia
1966 1195 2144 1243 tamen
2171 1205 2279 1244 una
2307 1207 2430 1245 cum
2452 1192 2767 1263 prazcedenti
2799 1168 3115 1261 εωροδίὶὶοἷιε
3142 1192 3266 1262 ﬁdei
3291 1194 3436 1248 nobis

197 1256 368 1357 Roma
399 1264 775 1357 transmissum
801 1266 929 1335 fuit,
961 1266 1047 1320 hic
1077 1266 1250 1322 locum
1278 1270 1469 1325 habeat
1493 1280 1543 1327 et
1571 1273 1903 1328 eruditorum
1923 1277 2160 1331 examini
2185 1256 2526 1349 subjiciatur.
2568 1281 2665 1338 Est
2706 1256 2873 1354 porro
2907 1256 3258 1357 fragmentum
3292 1286 3445 1343 istud.

194 1353 436 1418 superius
465 1353 603 1408 inter
640 1355 939 1427 fraginenta
972 1359 1250 1433 Eutltymii
1276 1364 1480 1421 editum
1500 1383 1566 1422 ea:
1597 1370 1835 1424 versione
1868 1368 2016 1439 Zini,
2040 1370 2134 1427 sed
2153 1372 2311 1443 plura
2335 1373 2420 1429 hic
2443 1353 2726 1443 habentur,
2760 1388 2808 1434 et
2837 1353 3077 1450 quartam
3109 1380 3296 1435 mutila
3320 1379 3441 1435 loca.

197 1449 569 1506 restituuntur.

1155 1716 1378 1804 ΤΟΥ
1458 1714 1832 1806 ΑΥΤΟΥ
1898 1715 2533 1811 ΑΘΑΝΑΣΙΟΥ

671 1927 856 1980 ΠΕΡΙ
913 1928 1266 1985 ΤΟΥΚΑΤΑ
1302 1931 1439 1985 ΊὉΝ
1480 1933 1761 1988 ΚΟῙΝΟΝ
1794 1963 1805 1987 Α

1878 1933 2191 1988 toponoN
2231 1935 2651 1991 ΥΠοΔΕΙΓΜΑ
2662 1922 2795 1989 ΤοΣ
2824 1932 2958 2006 (40).

1385 2267 1749 2331 EJUSDEM
1821 2268 2259 2332 ATHANASII

959 2451 1062 2508 DE
1094 2452 1474 2523 ,EXEMPLO
1509 2453 1947 2528 EX_NATURA
1990 2454 2337 2528 HQMINIS
2374 2456 2682 2513 ALLATO.‘

266 2782 476 2854 Πολλὴν
515 2781 627 2837 τῶν
662 2781 921 2837 ἐναντίων
969 2780 1067 2855 τὴν
1104 2782 1233 2856 περὶ
1278 2783 1340 2839 τὸ
1384 2786 1553 2841 κακὸν
1582 2789 1805 2860 ὲπιμέ-‹

1951 2789 2174 2846 Multam
2221 2787 2276 2842 in
2327 2785 2659 2843 adversariis
2706 2784 3010 2855 conspicati
3047 2782 3116 2839 ad
3151 2782 3453 2840 {Ovendum

201 2875 341 2930 λειαν
374 2875 737 2946 θεασάμενοι,
770 2873 965 2947 πολλὴν
992 2875 1189 2947 ἔχομεν
1215 2877 1312 2930 καὶ
1339 2878 1500 2949 ἡμεῖς
1528 2878 1775 2952 ἀνάγκην

1880 2882 2086 2938 malum
2126 2878 2582 2943 sollicitudinem,
2625 2890 2914 2933 necessum
2944 2883 3029 2932 est
3063 2883 3122 2931 ut
3150 2874 3467 2946 longiorem.

202 2968 544 3041 μακροτέρας
567 2968 705 3039 πρὸς
726 2969 925 3034 αὐτοὺς
948 2968 1376 3040 ἀντιστήσασθαι
1400 2969 1500 3034 τὰς
1519 2970 1777 3044 ἀντιρρή-

1880 2973 2014 3043 ipsis
2052 2985 2395 3044 opponamus
2423 2968 2873 3027 confutationem.
2907 2964 3079 3022 Nemo
3125 2968 3307 3037 itaque
3344 2981 3447 3019 no-

206 3076 328 3122 σεις.
356 3060 566 3131 Μηδεὶς
592 3055 685 3116 οὖν
709 3063 840 3132 ἡμῖν
866 3061 1162 3131 ὲγκαλείτω
1187 3060 1286 3133 τὴν
1314 3062 1639 3133 ἀμνηστίαν
1664 3067 1777 3128 τοῖς

1878 3064 1962 3120 bis
1991 3063 2124 3119 vitio
2153 3069 2361 3130 vertat,
2395 3061 2687 3135 quodnon
2731 3057 2897 3114 ﬁnem
2936 3057 3233 3113 altercandi
3281 3056 3449 3111 facia-

202 3148 256 3202 δὲ
285 3148 382 3219 τὴν
417 3150 667 3222 ἀνάγκην
709 3152 1003 3221 ἐπάγουσιν
1043 3150 1399 3222 ὲπιγραφέτω
1439 3151 1538 3215 τὰς
1571 3151 1774 3216 αἰτίας.

213 3238 338 3295 Ἰδοὺ
378 3240 492 3312 γὰρ
522 3242 617 3296 καὶ
653 3241 840 3314 ἕτερον
878 3241 1290 3315 παραλογισμδν
1333 3241 1475 3295 κατὰ
1507 3242 1606 3313 τῆς
1642 3242 1777 3312 ἀληο

205 3328 348 3395 θείας
374 3332 696 3404 ἐγέννησαν.
727 3333 959 3404 Ὥσπερ,
995 3335 1181 3404 φησὶν,
1210 3333 1241 3385 ὁ
1271 3332 1575 3404 ἄνθρωπος,
1606 3331 1778 3386 ἐκδύο

206 3410 491 3490 συνεστὼς,
531 3424 630 3495 μία
662 3424 823 3494 φύσις
840 3424 1091 3495 λέγεται,
1121 3425 1267 3479 οὕτω
1296 3425 1391 3479 καὶ
1430 3425 1460 3477 ὁ
1501 3423 1780 3493 Δεσπότης

208 3513 451 3584 Χριστὸς,
494 3516 562 3568 ὲκ
590 3515 768 3584 Λόγου
813 3514 908 3569 καὶ
932 3515 1133 3585 σαρκὸς
1162 3513 1454 3579 συνεστὼς,
1496 3513 1594 3585 μία
1621 3511 1781 3568 οὐσία

205 3598 491 3655 δείκνυται.
524 3600 596 3655 Τὸ
630 3601 731 3673 μὲν
758 3597 851 3657 οῦν
879 3602 1138 3679 δύνασθαι
1158 3602 1228 3656 τὰ
1252 3602 1504 3659 τοσοῦτον
1533 3600 1777 3676 ἀλλήλων

207 3692 631 3765 παρηλλαγμένα
656 3694 752 3747 καὶ
774 3695 957 3748 τέλεια
990 3694 1118 3766 μίαν
1143 3694 1333 3749 οὐσίαν
1355 3695 1658 3760 ἀποτελεῖν,
1684 3696 1779 3748 καὶ

207 3784 405 3855 τροπὴν
440 3784 519 3857 μὴ
549 3788 743 3852 ποιεῖν,
777 3787 1057 3859 συντόμως
1085 3788 1427 3859 προείρηταιο
1459 3787 1520 3840 τὸ
1553 3786 1609 3840 δὲ
1644 3786 1779 3858 μηδὲ

208 3873 381 3939 αὐτοῖς
403 3875 550 3930 κατὰ
569 3877 768 3931 σκοπὸν
789 3878 1035 3950 ἀπαντᾷν
1059 3880 1124 3932 ὲκ
1147 3878 1302 3933 τοῦδε
1324 3879 1420 3933 τοῦ
1448 3879 1779 3949 ὑποδείγμα-

101 4042 107 4049 .
208 3981 290 4029 τος
316 3968 516 4023 αὐτίκα
542 3968 901 4040 δειχθήσεται.
949 3970 1267 4042 Ἀνθρωπος
1303 3972 1400 4043 μὲν
1430 3971 1539 4043 γὰρ
1569 3972 1635 4024 ὲκ
1672 3970 1777 4040 ψυ-

208 4054 302 4125 χῆς
339 4059 540 4131 νοητῆς
567 4060 664 4113 καὶ
698 4059 950 4130 σώματος
996 4062 1254 4134 αἰσθητοῦ
1285 4061 1423 4127 ζῶον
1453 4063 1776 4136 γνωρίζεται

210 4148 440 4215 εἰκότως,
470 4150 560 4204 διὰ
581 4150 642 4204 τὸ
666 4151 960 4223 μηδέτερον
986 4153 1154 4224 χωρὶς
1179 4155 1273 4206 τοῦ
1300 4153 1486 4226 ἐτέρου
1509 4155 1778 4226 προάγου-

212 4253 304 4293 σαν
338 4240 482 4312 ἑχειν
511 4242 829 4308 ὑπόστασιν,
873 4243 1007 4314 μηδὲ
1044 4242 1237 4308 σώζειν
1273 4245 1364 4298 τὸν
1392 4246 1515 4317 ὅρον
1542 4247 1643 4318 τῆς
1672 4247 1774 4317 φύ-

213 4344 368 4395 σεως,
414 4331 562 4387 κατὰ
596 4334 763 4387 ταυτὸ
796 4334 895 4404 μὲν
938 4336 1113 4407 ἀρχὴν
1151 4335 1245 4389 τοῦ
1276 4332 1416 4391 εἶναι
1450 4337 1682 4393 λαϐόντα
1713 4341 1777 4393 ὲκ

211 4423 456 4491 γαστρὸς,
490 4425 586 4479 καὶ
614 4424 788 4490 οὕτως
830 4427 913 4490 είς
940 4427 1032 4481 τὸν
1078 4427 1192 4498 βίον
1240 4429 1544 4501 ἐρχόμενα,
1579 4431 1696 4496 ἑνὸς
1722 4432 1780 4486 δὲ

214 4507 344 4574 ζώου
375 4514 633 4569 σύστασιν
662 4515 1006 4589 ἐργαζόμενα
1025 4534 1038 4548 ·
1072 4520 1100 4572 ὁ
1122 4519 1180 4572 δὲ
1209 4520 1415 4589 Κύριος
1452 4521 1656 4593 Ἰησοῦς
1679 4524 1791 4578 οὐκ

213 4598 268 4663 ἐξ
293 4601 496 4659 ἀτελῶν
523 4606 865 4677 πραγμάτων
887 4606 947 4659 τὸ
966 4601 1106 4660 εἶναι
1133 4607 1366 4680 δέχεται,
1396 4609 1534 4665 ἀλλὰ
1557 4610 1778 4666 τελείων

216 4691 418 4759 φύσεων
444 4698 504 4751 ἐν
536 4697 719 4770 ἑαυτῷ
757 4699 975 4755 σύνοδον
1001 4701 1243 4757 δείκνυσι
1269 4721 1282 4734 ·
1320 4704 1481 4757 κάκεῖ
1507 4705 1604 4776 μὲν
1636 4706 1775 4778 μέρη

215 4786 489 4859 ανθρώπου
522 4791 668 4864 ψυχὴ
701 4795 796 4848 καὶ
837 4793 1028 4866 σῶμα⁸
1074 4794 1307 4850 ἐνταῦθα
1338 4796 1395 4849 δὲ
1425 4795 1546 4850 οὒτε
1575 4799 1607 4869 ἡ
1643 4797 1781 4869 σὰρξ

219 4879 371 4950 μέρος
405 4883 502 4937 τοῦ
536 4884 733 4954 Λόγου,
765 4883 891 4940 οὔτε
915 4888 945 4941 ὁ
993 4886 1167 4956 Λόγος
1207 4888 1372 4959 μέρος
1411 4889 1513 4959 τῆς
1543 4890 1773 4961 σαρκός·

217 4969 461 5047 ἑκάτερον
503 4977 612 5048 γὰρ
646 4977 846 5043 αὐτῶν,
892 4978 989 5033 καὶ
1021 4980 1129 5050 πρὸ
1149 4979 1250 5049 τῆς
1267 4979 1531 5046 ὲνώσεως,
1566 4981 1777 5037 τελείαν

217 5073 440 5120 οεικνυσι
480 5067 579 5139 τὴν
626 5068 822 5139 φύσιν,
854 5070 931 5134 ὡς
975 5071 1140 5141 μηδὲν
1174 5071 1318 5135 ὅλως
1354 5070 1591 5139 λείπειν,
1639 5075 1779 5145 μήτε

217 5155 276 5223 τῇ
302 5154 510 5228 θεότητι
532 5161 611 5222 είς
636 5159 726 5215 τὸν
755 5160 887 5214 ῐδιον
914 5159 1089 5229 λόγον,
1125 5162 1260 5234 μήτε
1284 5165 1351 5233 τῇ
1378 5161 1773 5235 ἀνθρωπότητι·

218 5242 334 5298 ἄλλο
360 5250 467 5321 γάρ
502 5251 617 5305 ἐστι
646 5252 706 5305 τὺ
747 5252 1187 5325 ἀναπληροῦσθαι
1218 5253 1404 5308 οὐσίαν
1446 5256 1511 5307 ὲκ
1553 5253 1646 5308 δύο
1677 5273 1777 5326 με-

223 5335 340 5403 ρῶν,
371 5343 463 5395 καὶ
496 5341 624 5397 ἄλλο
653 5344 714 5410 τὸ
745 5344 993 5399 ἐνοῦσθαι
1034 5345 1131 5399 δύο
1161 5346 1381 5409 οὐσίας,
1423 5339 1498 5399 ὧν
1537 5347 1777 5421 ἑκατέρα

219 5434 274 5479 τὸ
299 5430 495 5486 τέλειον
529 5433 673 5506 ἔχει·
718 5437 800 5490 διὸ
847 5439 940 5491 καὶ
977 5438 1158 5509 μορφὴ
1201 5438 1335 5492 Θεοῦ
1387 5438 1634 5508 λέγεται,
1683 5441 1778 5495 καὶ

225 5520 393 5594 μορφὴ
427 5523 631 5582 δούλου.
670 5528 794 5582 Ἐπὶ
835 5528 890 5583 δὲ
921 5529 1018 5583 τοῦ
1062 5528 1349 5601 ἀνθρώπου
1381 5528 1505 5583 οὔτε
1547 5531 1580 5601 ἡ
1627 5529 1772 5605 ψυχὴ

288 5633 394 5707 μθ)
422 5638 495 5694 Ex
525 5640 646 5697 cod.
692 5640 963 5700 Vaticano
998 5660 1150 5699 num.
1178 5641 1317 5713 400,
1352 5658 1676 5718 papyraceo.

1877 3169 2036 3221 mus;
2074 3152 2171 3209 sed
2201 3151 2386 3223 potius
2423 3149 2678 3205 homines
2710 3148 2805 3219 qui
2835 3149 2891 3203 in
2922 3161 3042 3204 eam
3074 3161 3177 3202 nos
3205 3144 3448 3216 compel-

1878 3245 1996 3300 lunt
2028 3243 2406 3299 necessitatem
2448 3240 2505 3296 in
2549 3241 2756 3295 crimen
2802 3246 2978 3294 vocet.
3034 3235 3115 3290 En
3165 3235 3260 3291 tibi
3297 3235 3445 3290 enim

1876 3330 2174 3400 captiosam
2204 3329 2366 3383 aliam
2397 3343 2562 3399 quam
2601 3335 2731 3383 sunt
2755 3326 3255 3383 contraveritatem
3297 3339 3449 3379 com.

1877 3421 2047 3478 menti
2071 3419 2567 3476 ratiocinationem.
2611 3417 3105 3487 Quemadmodum,
3125 3416 3235 3484 ait,
3277 3416 3444 3471 homo

1877 3528 1945 3569 ex
1963 3512 2180 3568 duobus
2202 3519 2481 3577 constans,
2518 3524 2635 3565 una,
2662 3508 2866 3564 dicitur
2895 3515 3126 3569 natura;
3162 3505 3237 3560 ita
3258 3514 3313 3561 et
3340 3504 3447 3561 Do-

1878 3603 2060 3659 minus
2077 3600 2353 3665 Christus,
2377 3614 2444 3653 ει
2461 3597 2639 3652 Verbo
2655 3606 2706 3652 et
2719 3612 2883 3653 carne
2893 3605 3172 3661 constans,
3195 3610 3304 3650 una
3320 3595 3449 3651 sub-

1878 3695 2079 3752 stantia
2133 3692 2541 3763 comprobatur.
2596 3689 2666 3744 At
2706 3689 2850 3744 enim
2900 3687 3049 3759 quod
3090 3686 3303 3759 possint
3356 3702 3446 3744 res

1877 3794 2091 3842 tantum
2124 3786 2266 3840 inter
2287 3800 2346 3840 se
2374 3785 2639 3855 dispares,
2669 3792 2724 3839 et
2759 3782 3011 3854 perfecta:
3035 3798 3201 3838 unam
3241 3782 3449 3838 consli-

1877 3887 2033 3933 tuere
2062 3877 2424 3934 substantiam
2454 3877 2602 3932 nulla
2637 3875 2779 3931 facta
2811 3874 3130 3942 mutatione,
3160 3876 3273 3945 jam
3312 3889 3449 3944 pau-

1879 3971 1959 4025 cis
1996 3969 2253 4039 superius
2286 3969 2491 4024 dictum
2531 3976 2654 4024 est:
2709 3966 2855 4038 quod
2908 3975 3091 4022 autem
3132 3965 3446 4034 huiusmodi

1879 4059 2186 4130 exemplum
2227 4058 2364 4114 nihil
2408 4059 2478 4114 ad
2517 4075 2632 4114 rem
2671 4068 2727 4113 et
2767 4059 3106 4129 propositum
3144 4073 3334 4114 eorum
3363 4056 3447 4112 fa-

1879 4150 2020 4215 ciat,
2061 4165 2193 4204 mox.
2234 4148 2775 4206 commonstrabitur.
2826 4147 3119 4204 Enimvero
3175 4148 3343 4203 homo
3380 4164 3463 4204 ex.

1882 4241 2066 4294 anima
2092 4240 2429 4311 intelligente
2474 4249 2529 4296 et
2562 4238 2808 4295 sensibili
2829 4254 3056 4309 corpore
3097 4240 3305 4295 animal
3325 4254 3453 4296 esse

1877 4332 2051 4402 probe
2085 4333 2437 4403 cognoscitur
2464 4351 2480 4387 :
2508 4331 2640 4402 quia
2666 4330 2784 4386 sine
2807 4330 2981 4386 altero
3010 4340 3268 4388 neutrum
3293 4332 3447 4402 prius

1878 4427 2238 4483 exsistentem
2265 4426 2426 4481 habet
2446 4425 2786 4497 hypostasin,
2822 4439 2997 4495 neque
3035 4433 3246 4480 naturae
3266 4426 3454 4481 termi-

1881 4534 2011 4574 num
2037 4534 2134 4589 per
2159 4533 2219 4575 se
2241 4526 2420 4588 potest
2443 4532 2683 4573 servare.
2720 4515 3026 4589 Utrumque
3053 4519 3197 4573 enim
3246 4519 3453 4591 pariter

1878 4627 1955 4666 exs
1976 4617 2135 4666 utero
2165 4610 2461 4666 exsistendi
2483 4609 2693 4681 accepit
2720 4610 2959 4674 initium,
2988 4618 3154 4681 atque
3184 4610 3261 4665 ita
3282 4610 3451 4665 vitam

1879 4701 2128 4773 ingressa
2178 4709 2308 4756 sunt
2348 4700 2532 4765 ambo,
2583 4701 2860 4771 uniusque
2887 4701 3141 4758 animalis
3179 4701 3450 4758 constitu-

1882 4795 2086 4849 tionem
2121 4792 2383 4848 eﬂieiunt.
2430 4792 2698 4849 Dominus
2729 4801 2910 4849 autem
2939 4792 3098 4849 Jesus
3126 4809 3233 4848 non
3257 4810 3323 4849 ex
3347 4792 3452 4848 im-

1884 4885 2140 4957 perfectis
2187 4885 2352 4940 rebus
2390 4884 2769 4939 exsistentiam
2797 4883 3011 4952 accipit,
3050 4883 3144 4938 sed
3177 4881 3450 4951 perfecta-

1880 4995 2002 5034 rum
2040 4979 2094 5034 in
2129 4992 2190 5034 se
2211 4984 2530 5032 naturarum
2577 4976 3019 5046 coniunctionem
3065 4976 3286 5032 exhibet
3331 4994 3346 5029 :
3397 4989 3450 5030 er

1880 5074 1990 5128 illic
2014 5071 2232 5142 quidem
2251 5086 2380 5141 pars
2398 5069 2636 5125 hominis
2661 5077 2808 5135 sunt,
2834 5068 3014 5122 anima
3032 5077 3085 5122 et
3107 5082 3337 5137 corpus;
3364 5064 3452 5122 hic

1878 5178 2010 5221 vero
2043 5178 2221 5233 neque
2253 5178 2383 5217 caro
2410 5176 2538 5232 pars
2588 5159 2773 5227 Verbi,
2824 5175 3002 5230 neque
3028 5158 3265 5214 Verbum
3320 5173 3450 5229 pars

1879 5256 2060 5311 carnis
2092 5273 2105 5308 :
2142 5270 2266 5308 nam
2297 5261 2612 5322 utrumque,
2637 5251 2799 5306 etiam
2829 5261 2954 5306 ante
2986 5250 3448 5320 conjunctionem,

1883 5345 2177 5418 perfectam
2209 5343 2431 5398 exhibet
2473 5351 2722 5397 naturam
2744 5381 2759 5405 ,
2810 5349 2872 5396 ut
2905 5340 3040 5394 nihil
3066 5341 3285 5410 penitus
3316 5338 3450 5396 deﬁ-

1879 5442 2010 5508 ciat,
2039 5437 2125 5492 vel
2144 5435 2412 5493 divinitati
2439 5434 2584 5505 quod
2614 5433 2681 5488 ad
2715 5432 2802 5489 sui
2838 5432 3111 5488 rationem
3157 5432 3447 5501 pertineat,

1886 5530 1971 5588 vel
2006 5527 2330 5587 humanitati
2359 5546 2374 5585 :
2400 5527 2547 5606 a‘iud
2577 5525 2776 5600 quippe
2813 5534 2899 5582 est
2928 5523 3189 5600 compleri
3236 5524 3479 5605 duabus.
