  <div class='ocr_page' id='page_1' title='image "/cluster/home/n/w/nwhite01/storage/ocr_20150623/26/nnc1.0046978577/633.png"; bbox 0 0 3794 6226; ppageno 0'>
   <div class='ocr_carea' id='block_1_1' title="bbox 297 293 436 350">
    <p class='ocr_par' dir='ltr' id='par_1_1' title="bbox 297 293 436 350">
     <span class='ocr_line' id='line_1_1' title="bbox 297 293 436 350; baseline 0.014 -2"><span class='ocrx_word' id='word_1_1' title='bbox 297 293 436 350; x_wconf 65' lang='lat'><strong>1235</strong></span> 
     </span>
    </p>
   </div>
   <div class='ocr_carea' id='block_1_2' title="bbox 908 278 1869 348">
    <p class='ocr_par' dir='ltr' id='par_1_2' title="bbox 908 287 1869 348">
     <span class='ocr_line' id='line_1_2' title="bbox 908 287 1869 348; baseline -0.007 0"><span class='ocrx_word' id='word_1_2' title='bbox 908 292 967 348; x_wconf 92' lang='lat' dir='ltr'><strong>S.</strong></span> <span class='ocrx_word' id='word_1_3' title='bbox 1007 289 1382 347; x_wconf 79' lang='lat' dir='ltr'><strong>ATHANASII</strong></span> <span class='ocrx_word' id='word_1_4' title='bbox 1422 289 1573 346; x_wconf 87' lang='lat' dir='ltr'><strong>OPP.</strong></span> <span class='ocrx_word' id='word_1_5' title='bbox 1614 287 1795 344; x_wconf 85' lang='lat' dir='ltr'><strong>PARS</strong></span> <span class='ocrx_word' id='word_1_6' title='bbox 1833 287 1869 342; x_wconf 87' lang='grc'>1.</span> 
     </span>
    </p>
   </div>
   <div class='ocr_carea' id='block_1_3' title="bbox 1971 278 2934 348">
    <p class='ocr_par' dir='ltr' id='par_1_3' title="bbox 1971 278 2934 342">
     <span class='ocr_line' id='line_1_3' title="bbox 1971 278 2934 342; baseline -0.008 -2"><span class='ocrx_word' id='word_1_7' title='bbox 1971 284 2353 342; x_wconf 72' lang='grc' dir='ltr'><strong>»ΗίὸΤΟΒΙΟΑ</strong></span> <span class='ocrx_word' id='word_1_8' title='bbox 2391 281 2482 338; x_wconf 83' lang='grc' dir='ltr'><strong>ΕΤ</strong></span> <span class='ocrx_word' id='word_1_9' title='bbox 2520 278 2934 338; x_wconf 80' lang='lat' dir='ltr'><strong>DOGMATICA.</strong></span> 
     </span>
    </p>
   </div>
   <div class='ocr_carea' id='block_1_4' title="bbox 3392 276 3527 333">
    <p class='ocr_par' dir='ltr' id='par_1_4' title="bbox 3392 276 3527 333">
     <span class='ocr_line' id='line_1_4' title="bbox 3392 276 3527 333; baseline 0.015 -3"><span class='ocrx_word' id='word_1_10' title='bbox 3392 276 3527 333; x_wconf 65' lang='lat'><strong>{256</strong></span> 
     </span>
    </p>
   </div>
   <div class='ocr_carea' id='block_1_5' title="bbox 295 376 1869 481">
    <p class='ocr_par' dir='ltr' id='par_1_5' title="bbox 295 376 1860 481">
     <span class='ocr_line' id='line_1_5' title="bbox 295 376 1860 481; baseline -0.001 -17"><span class='ocrx_word' id='word_1_11' title='bbox 295 409 540 481; x_wconf 86' lang='lat' dir='ltr'><strong>partibus</strong></span> <span class='ocrx_word' id='word_1_12' title='bbox 565 409 924 465; x_wconf 92' lang='lat' dir='ltr'><strong>substantiam</strong></span> <span class='ocrx_word' id='word_1_13' title='bbox 950 427 965 475; x_wconf 87' lang='lat'><strong>;</strong></span> <span class='ocrx_word' id='word_1_14' title='bbox 991 409 1136 464; x_wconf 86' lang='lat' dir='ltr'><strong>aliud</strong></span> <span class='ocrx_word' id='word_1_15' title='bbox 1160 409 1416 481; x_wconf 83' lang='lat' dir='ltr'><strong>conjungi</strong></span> <span class='ocrx_word' id='word_1_16' title='bbox 1446 392 1584 465; x_wconf 80' lang='lat' dir='ltr'><strong>duas</strong></span> <span class='ocrx_word' id='word_1_17' title='bbox 1613 376 1860 462; x_wconf 47' lang='lat' dir='ltr'><strong>subsian-</strong></span> 
     </span>
    </p>
   </div>
   <div class='ocr_carea' id='block_1_6' title="bbox 1971 376 3525 481">
    <p class='ocr_par' dir='ltr' id='par_1_6' title="bbox 1972 388 3525 476">
     <span class='ocr_line' id='line_1_6' title="bbox 1972 388 3525 476; baseline -0.008 -17"><span class='ocrx_word' id='word_1_18' title='bbox 1972 405 2104 476; x_wconf 89' lang='grc' dir='ltr'>μόνη</span> <span class='ocrx_word' id='word_1_19' title='bbox 2138 404 2420 475; x_wconf 81' lang='grc' dir='ltr'>ἄνθρωπος</span> <span class='ocrx_word' id='word_1_20' title='bbox 2451 400 2573 454; x_wconf 73' lang='grc' dir='ltr'>οὔτε</span> <span class='ocrx_word' id='word_1_21' title='bbox 2607 401 2641 470; x_wconf 83' lang='grc' dir='ltr'>ὴ</span> <span class='ocrx_word' id='word_1_22' title='bbox 2683 399 2836 469; x_wconf 80' lang='grc' dir='ltr'>σάρξ.</span> <span class='ocrx_word' id='word_1_23' title='bbox 2871 397 2934 449; x_wconf 77' lang='lat' dir='ltr'><strong>Ei</strong></span> <span class='ocrx_word' id='word_1_24' title='bbox 2979 395 3086 465; x_wconf 78' lang='grc' dir='ltr'>γὰρ</span> <span class='ocrx_word' id='word_1_25' title='bbox 3133 388 3199 464; x_wconf 75' lang='grc' dir='ltr'>ἦν</span> <span class='ocrx_word' id='word_1_26' title='bbox 3232 410 3284 446; x_wconf 88' lang='grc' dir='ltr'><strong>τι</strong></span> <span class='ocrx_word' id='word_1_27' title='bbox 3329 391 3525 446; x_wconf 88' lang='grc' dir='ltr'>τούτων</span> 
     </span>
    </p>
   </div>
   <div class='ocr_carea' id='block_1_7' title="bbox 299 499 1853 573">
    <p class='ocr_par' dir='ltr' id='par_1_7' title="bbox 299 499 1853 573">
     <span class='ocr_line' id='line_1_7' title="bbox 299 499 1853 573; baseline -0.001 -19"><span class='ocrx_word' id='word_1_28' title='bbox 299 503 422 565; x_wconf 77' lang='lat' dir='ltr'><strong>tias,</strong></span> <span class='ocrx_word' id='word_1_29' title='bbox 451 514 682 573; x_wconf 90' lang='lat' dir='ltr'><strong>quarum</strong></span> <span class='ocrx_word' id='word_1_30' title='bbox 740 510 969 571; x_wconf 91' lang='lat' dir='ltr'><strong>utraque</strong></span> <span class='ocrx_word' id='word_1_31' title='bbox 1002 516 1154 555; x_wconf 91' lang='lat' dir='ltr'><strong>suam</strong></span> <span class='ocrx_word' id='word_1_32' title='bbox 1195 501 1391 556; x_wconf 89' lang='lat' dir='ltr'><strong>habeat</strong></span> <span class='ocrx_word' id='word_1_33' title='bbox 1424 499 1804 570; x_wconf 79' lang='lat' dir='ltr'><strong>perfectionem</strong></span> <span class='ocrx_word' id='word_1_34' title='bbox 1841 518 1853 552; x_wconf 89' lang='lat'><strong>:</strong></span> 
     </span>
    </p>
   </div>
   <div class='ocr_carea' id='block_1_8' title="bbox 295 587 1854 660">
    <p class='ocr_par' dir='ltr' id='par_1_8' title="bbox 295 587 1854 660">
     <span class='ocr_line' id='line_1_8' title="bbox 295 587 1854 660; baseline -0.002 -16"><span class='ocrx_word' id='word_1_35' title='bbox 295 592 652 660; x_wconf 75' lang='lat' dir='ltr'><strong>quamobrem</strong></span> <span class='ocrx_word' id='word_1_36' title='bbox 698 599 753 646; x_wconf 88' lang='lat' dir='ltr'><strong>et</strong></span> <span class='ocrx_word' id='word_1_37' title='bbox 782 590 955 646; x_wconf 86' lang='lat' dir='ltr'><strong>forma</strong></span> <span class='ocrx_word' id='word_1_38' title='bbox 1004 589 1098 645; x_wconf 89' lang='lat' dir='ltr'><strong>Dei</strong></span> <span class='ocrx_word' id='word_1_39' title='bbox 1137 590 1335 644; x_wconf 87' lang='lat' dir='ltr'><strong>dicitur</strong></span> <span class='ocrx_word' id='word_1_40' title='bbox 1387 600 1440 644; x_wconf 91' lang='lat' dir='ltr'><strong>et</strong></span> <span class='ocrx_word' id='word_1_41' title='bbox 1484 588 1659 643; x_wconf 88' lang='lat' dir='ltr'><strong>forma</strong></span> <span class='ocrx_word' id='word_1_42' title='bbox 1691 587 1854 643; x_wconf 82' lang='lat' dir='ltr'><strong>servi.</strong></span> 
     </span>
    </p>
   </div>
   <div class='ocr_carea' id='block_1_9' title="bbox 297 680 1857 751">
    <p class='ocr_par' dir='ltr' id='par_1_9' title="bbox 297 680 1857 751">
     <span class='ocr_line' id='line_1_9' title="bbox 297 680 1857 751; baseline -0.001 -17"><span class='ocrx_word' id='word_1_43' title='bbox 297 681 452 748; x_wconf 89' lang='lat' dir='ltr'><strong>Quod</strong></span> <span class='ocrx_word' id='word_1_44' title='bbox 510 682 784 736; x_wconf 90' lang='lat' dir='ltr'><strong>hominem</strong></span> <span class='ocrx_word' id='word_1_45' title='bbox 843 696 972 735; x_wconf 89' lang='lat' dir='ltr'><strong>vero</strong></span> <span class='ocrx_word' id='word_1_46' title='bbox 1021 692 1251 750; x_wconf 89' lang='lat' dir='ltr'><strong>spectat,</strong></span> <span class='ocrx_word' id='word_1_47' title='bbox 1288 697 1463 751; x_wconf 92' lang='lat' dir='ltr'><strong>neque</strong></span> <span class='ocrx_word' id='word_1_48' title='bbox 1511 681 1691 734; x_wconf 90' lang='lat' dir='ltr'><strong>anima</strong></span> <span class='ocrx_word' id='word_1_49' title='bbox 1743 680 1857 734; x_wconf 90' lang='lat' dir='ltr'><strong>sola</strong></span> 
     </span>
    </p>
   </div>
   <div class='ocr_carea' id='block_1_10' title="bbox 301 771 1859 842">
    <p class='ocr_par' dir='ltr' id='par_1_10' title="bbox 301 771 1859 842">
     <span class='ocr_line' id='line_1_10' title="bbox 301 771 1859 842; baseline 0.001 -18"><span class='ocrx_word' id='word_1_50' title='bbox 301 776 483 835; x_wconf 87' lang='lat' dir='ltr'><strong>homo,</strong></span> <span class='ocrx_word' id='word_1_51' title='bbox 515 787 689 842; x_wconf 90' lang='lat' dir='ltr'><strong>neque</strong></span> <span class='ocrx_word' id='word_1_52' title='bbox 728 788 878 828; x_wconf 90' lang='lat' dir='ltr'><strong>caro.</strong></span> <span class='ocrx_word' id='word_1_53' title='bbox 911 771 1046 827; x_wconf 89' lang='lat' dir='ltr'><strong>Nam</strong></span> <span class='ocrx_word' id='word_1_54' title='bbox 1083 775 1128 828; x_wconf 92' lang='lat' dir='ltr'><strong>si</strong></span> <span class='ocrx_word' id='word_1_55' title='bbox 1168 774 1363 828; x_wconf 91' lang='lat' dir='ltr'><strong>horum</strong></span> <span class='ocrx_word' id='word_1_56' title='bbox 1396 773 1594 842; x_wconf 88' lang='lat' dir='ltr'><strong>aliquid</strong></span> <span class='ocrx_word' id='word_1_57' title='bbox 1623 771 1859 841; x_wconf 87' lang='lat' dir='ltr'><strong>perfecta</strong></span> 
     </span>
    </p>
   </div>
   <div class='ocr_carea' id='block_1_11' title="bbox 298 863 1858 935">
    <p class='ocr_par' dir='ltr' id='par_1_11' title="bbox 298 863 1858 935">
     <span class='ocr_line' id='line_1_11' title="bbox 298 863 1858 935; baseline -0.001 -16"><span class='ocrx_word' id='word_1_58' title='bbox 298 869 442 920; x_wconf 76' lang='lat' dir='ltr'><strong>esset</strong></span> <span class='ocrx_word' id='word_1_59' title='bbox 473 873 689 926; x_wconf 87' lang='lat' dir='ltr'><strong>natura,</strong></span> <span class='ocrx_word' id='word_1_60' title='bbox 715 863 768 917; x_wconf 86' lang='lat' dir='ltr'><strong>vi</strong></span> <span class='ocrx_word' id='word_1_61' title='bbox 798 864 1022 932; x_wconf 67' lang='lat' dir='ltr'><strong>praedita</strong></span> <span class='ocrx_word' id='word_1_62' title='bbox 1048 864 1266 935; x_wconf 82' lang='lat' dir='ltr'><strong>agendi,</strong></span> <span class='ocrx_word' id='word_1_63' title='bbox 1292 863 1550 934; x_wconf 84' lang='lat' dir='ltr'><strong>quiddam</strong></span> <span class='ocrx_word' id='word_1_64' title='bbox 1591 864 1709 918; x_wconf 91' lang='lat' dir='ltr'><strong>sine</strong></span> <span class='ocrx_word' id='word_1_65' title='bbox 1751 863 1858 920; x_wconf 88' lang='lat' dir='ltr'><strong>alio</strong></span> 
     </span>
    </p>
   </div>
   <div class='ocr_carea' id='block_1_12' title="bbox 297 952 1858 1020">
    <p class='ocr_par' dir='ltr' id='par_1_12' title="bbox 297 952 1858 1020">
     <span class='ocr_line' id='line_1_12' title="bbox 297 952 1858 1020; baseline 0.002 -16"><span class='ocrx_word' id='word_1_66' title='bbox 297 961 632 1020; x_wconf 77' lang='lat' dir='ltr'><strong>operaretur.</strong></span> <span class='ocrx_word' id='word_1_67' title='bbox 663 952 801 1006; x_wconf 79' lang='lat' dir='ltr'><strong>Cum</strong></span> <span class='ocrx_word' id='word_1_68' title='bbox 829 963 1010 1009; x_wconf 85' lang='lat' dir='ltr'><strong>autem</strong></span> <span class='ocrx_word' id='word_1_69' title='bbox 1055 955 1251 1008; x_wconf 92' lang='lat' dir='ltr'><strong>horum</strong></span> <span class='ocrx_word' id='word_1_70' title='bbox 1291 955 1611 1008; x_wconf 85' lang='lat' dir='ltr'><strong>alterutrum</strong></span> <span class='ocrx_word' id='word_1_71' title='bbox 1651 968 1858 1008; x_wconf 89' lang='lat' dir='ltr'><strong>memo-</strong></span> 
     </span>
    </p>
   </div>
   <div class='ocr_carea' id='block_1_13' title="bbox 297 1046 1857 1114">
    <p class='ocr_par' dir='ltr' id='par_1_13' title="bbox 297 1046 1857 1114">
     <span class='ocr_line' id='line_1_13' title="bbox 297 1046 1857 1114; baseline 0.002 -17"><span class='ocrx_word' id='word_1_72' title='bbox 297 1052 468 1109; x_wconf 87' lang='lat' dir='ltr'><strong>ratur,</strong></span> <span class='ocrx_word' id='word_1_73' title='bbox 500 1051 673 1098; x_wconf 91' lang='lat' dir='ltr'><strong>totum</strong></span> <span class='ocrx_word' id='word_1_74' title='bbox 709 1060 739 1099; x_wconf 87' lang='lat' dir='ltr'><strong>a</strong></span> <span class='ocrx_word' id='word_1_75' title='bbox 772 1055 924 1114; x_wconf 89' lang='lat' dir='ltr'><strong>parte</strong></span> <span class='ocrx_word' id='word_1_76' title='bbox 961 1047 1094 1100; x_wconf 80' lang='lat' dir='ltr'><strong>solet</strong></span> <span class='ocrx_word' id='word_1_77' title='bbox 1133 1046 1356 1099; x_wconf 90' lang='lat' dir='ltr'><strong>indicari</strong></span> <span class='ocrx_word' id='word_1_78' title='bbox 1386 1063 1398 1099; x_wconf 81' lang='grc' dir='ltr'><strong><em>τ</em></strong></span> <span class='ocrx_word' id='word_1_79' title='bbox 1453 1060 1625 1114; x_wconf 89' lang='lat' dir='ltr'><strong>neque</strong></span> <span class='ocrx_word' id='word_1_80' title='bbox 1675 1054 1857 1100; x_wconf 90' lang='lat' dir='ltr'><strong>tamen</strong></span> 
     </span>
    </p>
   </div>
   <div class='ocr_carea' id='block_1_14' title="bbox 299 1129 1858 1206">
    <p class='ocr_par' dir='ltr' id='par_1_14' title="bbox 299 1129 1858 1206">
     <span class='ocr_line' id='line_1_14' title="bbox 299 1129 1858 1206; baseline 0.001 -17"><span class='ocrx_word' id='word_1_81' title='bbox 299 1135 590 1204; x_wconf 84' lang='lat' dir='ltr'><strong>perfectam</strong></span> <span class='ocrx_word' id='word_1_82' title='bbox 622 1146 872 1191; x_wconf 89' lang='lat' dir='ltr'><strong>naturam</strong></span> <span class='ocrx_word' id='word_1_83' title='bbox 899 1137 1091 1206; x_wconf 85' lang='lat' dir='ltr'><strong>agendi</strong></span> <span class='ocrx_word' id='word_1_84' title='bbox 1122 1137 1169 1190; x_wconf 96' lang='lat' dir='ltr'><strong>vi</strong></span> <span class='ocrx_word' id='word_1_85' title='bbox 1210 1137 1486 1206; x_wconf 61' lang='lat' dir='ltr'><strong>praeditam</strong></span> <span class='ocrx_word' id='word_1_86' title='bbox 1542 1129 1704 1190; x_wconf 80' lang='lat' dir='ltr'><strong>habet</strong></span> <span class='ocrx_word' id='word_1_87' title='bbox 1751 1152 1858 1191; x_wconf 91' lang='lat' dir='ltr'><strong>una</strong></span> 
     </span>
    </p>
   </div>
   <div class='ocr_carea' id='block_1_15' title="bbox 300 1227 1856 1297">
    <p class='ocr_par' dir='ltr' id='par_1_15' title="bbox 300 1227 1856 1297">
     <span class='ocr_line' id='line_1_15' title="bbox 300 1227 1856 1297; baseline 0.001 -17"><span class='ocrx_word' id='word_1_88' title='bbox 300 1227 475 1280; x_wconf 86' lang='lat' dir='ltr'><strong>solum</strong></span> <span class='ocrx_word' id='word_1_89' title='bbox 506 1243 653 1297; x_wconf 88' lang='lat' dir='ltr'><strong>pars.</strong></span> <span class='ocrx_word' id='word_1_90' title='bbox 685 1228 752 1282; x_wconf 90' lang='lat' dir='ltr'><strong>Et</strong></span> <span class='ocrx_word' id='word_1_91' title='bbox 787 1230 898 1284; x_wconf 65' lang='lat' dir='ltr'><strong>haec</strong></span> <span class='ocrx_word' id='word_1_92' title='bbox 927 1229 1142 1297; x_wconf 90' lang='lat' dir='ltr'><strong>quidem</strong></span> <span class='ocrx_word' id='word_1_93' title='bbox 1171 1229 1336 1282; x_wconf 81' lang='lat' dir='ltr'><strong>homo</strong></span> <span class='ocrx_word' id='word_1_94' title='bbox 1363 1243 1481 1282; x_wconf 90' lang='lat' dir='ltr'><strong>esse</strong></span> <span class='ocrx_word' id='word_1_95' title='bbox 1521 1229 1719 1282; x_wconf 91' lang='lat' dir='ltr'><strong>dicitur</strong></span> <span class='ocrx_word' id='word_1_96' title='bbox 1748 1243 1856 1282; x_wconf 90' lang='lat' dir='ltr'><strong>non</strong></span> 
     </span>
    </p>
   </div>
   <div class='ocr_carea' id='block_1_16' title="bbox 300 1316 1855 1391">
    <p class='ocr_par' dir='ltr' id='par_1_16' title="bbox 300 1316 1855 1391">
     <span class='ocr_line' id='line_1_16' title="bbox 300 1316 1855 1391; baseline 0.002 -22"><span class='ocrx_word' id='word_1_97' title='bbox 300 1316 463 1370; x_wconf 90' lang='lat' dir='ltr'><strong>modo</strong></span> <span class='ocrx_word' id='word_1_98' title='bbox 494 1317 548 1370; x_wconf 91' lang='lat' dir='ltr'><strong>in</strong></span> <span class='ocrx_word' id='word_1_99' title='bbox 578 1317 757 1370; x_wconf 91' lang='lat' dir='ltr'><strong>divina</strong></span> <span class='ocrx_word' id='word_1_100' title='bbox 779 1317 915 1391; x_wconf 77' lang='lat' dir='ltr'><strong>lege,</strong></span> <span class='ocrx_word' id='word_1_101' title='bbox 945 1319 1040 1372; x_wconf 92' lang='lat' dir='ltr'><strong>sed</strong></span> <span class='ocrx_word' id='word_1_102' title='bbox 1066 1319 1228 1372; x_wconf 89' lang='lat' dir='ltr'><strong>etiam</strong></span> <span class='ocrx_word' id='word_1_103' title='bbox 1263 1318 1316 1371; x_wconf 94' lang='lat' dir='ltr'><strong>in</strong></span> <span class='ocrx_word' id='word_1_104' title='bbox 1357 1318 1640 1373; x_wconf 87' lang='lat' dir='ltr'><strong>hominum</strong></span> <span class='ocrx_word' id='word_1_105' title='bbox 1683 1318 1855 1372; x_wconf 89' lang='lat' dir='ltr'><strong>libris.</strong></span> 
     </span>
    </p>
   </div>
   <div class='ocr_carea' id='block_1_17' title="bbox 301 1408 1857 1480">
    <p class='ocr_par' dir='ltr' id='par_1_17' title="bbox 301 1408 1857 1480">
     <span class='ocr_line' id='line_1_17' title="bbox 301 1408 1857 1480; baseline 0 -18"><span class='ocrx_word' id='word_1_106' title='bbox 301 1408 576 1464; x_wconf 85' lang='lat' dir='ltr'><strong>Deﬁniunt</strong></span> <span class='ocrx_word' id='word_1_107' title='bbox 626 1411 808 1480; x_wconf 88' lang='lat' dir='ltr'><strong>itaque</strong></span> <span class='ocrx_word' id='word_1_108' title='bbox 856 1412 1131 1465; x_wconf 86' lang='lat' dir='ltr'><strong>hominem</strong></span> <span class='ocrx_word' id='word_1_109' title='bbox 1179 1411 1271 1480; x_wconf 90' lang='lat' dir='ltr'><strong>qui</strong></span> <span class='ocrx_word' id='word_1_110' title='bbox 1299 1419 1427 1465; x_wconf 90' lang='lat' dir='ltr'><strong>sunt</strong></span> <span class='ocrx_word' id='word_1_111' title='bbox 1465 1411 1655 1464; x_wconf 88' lang='lat' dir='ltr'><strong>harum</strong></span> <span class='ocrx_word' id='word_1_112' title='bbox 1701 1410 1857 1479; x_wconf 92' lang='lat' dir='ltr'><strong>periti</strong></span> 
     </span>
    </p>
   </div>
   <div class='ocr_carea' id='block_1_18' title="bbox 303 1498 1860 1568">
    <p class='ocr_par' dir='ltr' id='par_1_18' title="bbox 303 1498 1860 1568">
     <span class='ocr_line' id='line_1_18' title="bbox 303 1498 1860 1568; baseline 0.003 -20"><span class='ocrx_word' id='word_1_113' title='bbox 303 1511 484 1550; x_wconf 87' lang='lat' dir='ltr'><strong>rerum</strong></span> <span class='ocrx_word' id='word_1_114' title='bbox 505 1537 528 1564; x_wconf 34' lang='lat' dir='ltr'><strong>,I</strong></span> <span class='ocrx_word' id='word_1_115' title='bbox 554 1498 755 1553; x_wconf 87' lang='lat' dir='ltr'><strong>animal</strong></span> <span class='ocrx_word' id='word_1_116' title='bbox 783 1498 1045 1554; x_wconf 84' lang='lat' dir='ltr'><strong>ratiunale</strong></span> <span class='ocrx_word' id='word_1_117' title='bbox 1068 1499 1316 1562; x_wconf 82' lang='lat' dir='ltr'><strong>mortale,</strong></span> <span class='ocrx_word' id='word_1_118' title='bbox 1335 1509 1496 1568; x_wconf 90' lang='lat' dir='ltr'><strong>atque</strong></span> <span class='ocrx_word' id='word_1_119' title='bbox 1521 1502 1590 1553; x_wconf 90' lang='lat' dir='ltr'><strong>ita</strong></span> <span class='ocrx_word' id='word_1_120' title='bbox 1623 1516 1735 1554; x_wconf 91' lang='lat' dir='ltr'><strong>rem</strong></span> <span class='ocrx_word' id='word_1_121' title='bbox 1766 1515 1860 1553; x_wconf 78' lang='lat' dir='ltr'><strong>ex-</strong></span> 
     </span>
    </p>
   </div>
   <div class='ocr_carea' id='block_1_19' title="bbox 303 1588 1858 1660">
    <p class='ocr_par' dir='ltr' id='par_1_19' title="bbox 303 1588 1858 1660">
     <span class='ocr_line' id='line_1_19' title="bbox 303 1588 1858 1660; baseline 0.004 -20"><span class='ocrx_word' id='word_1_122' title='bbox 303 1588 523 1655; x_wconf 90' lang='lat' dir='ltr'><strong>plicant,</strong></span> <span class='ocrx_word' id='word_1_123' title='bbox 565 1599 623 1643; x_wconf 92' lang='lat' dir='ltr'><strong>ut</strong></span> <span class='ocrx_word' id='word_1_124' title='bbox 646 1591 908 1644; x_wconf 81' lang='lat' dir='ltr'><strong>rationale</strong></span> <span class='ocrx_word' id='word_1_125' title='bbox 945 1605 1007 1643; x_wconf 85' lang='lat' dir='ltr'><strong>ex</strong></span> <span class='ocrx_word' id='word_1_126' title='bbox 1035 1591 1216 1644; x_wconf 87' lang='lat' dir='ltr'><strong>anima</strong></span> <span class='ocrx_word' id='word_1_127' title='bbox 1267 1599 1472 1660; x_wconf 83' lang='lat' dir='ltr'><strong>petant,</strong></span> <span class='ocrx_word' id='word_1_128' title='bbox 1517 1593 1745 1646; x_wconf 82' lang='lat' dir='ltr'><strong>mortale</strong></span> <span class='ocrx_word' id='word_1_129' title='bbox 1794 1608 1858 1646; x_wconf 77' lang='lat' dir='ltr'><strong>ex</strong></span> 
     </span>
    </p>
   </div>
   <div class='ocr_carea' id='block_1_20' title="bbox 302 1673 1858 1749">
    <p class='ocr_par' dir='ltr' id='par_1_20' title="bbox 302 1673 1858 1749">
     <span class='ocr_line' id='line_1_20' title="bbox 302 1673 1858 1749; baseline 0.006 -24"><span class='ocrx_word' id='word_1_130' title='bbox 302 1685 532 1741; x_wconf 88' lang='lat' dir='ltr'><strong>corpore</strong></span> <span class='ocrx_word' id='word_1_131' title='bbox 553 1673 831 1729; x_wconf 87' lang='lat' dir='ltr'><strong>definiant.</strong></span> <span class='ocrx_word' id='word_1_132' title='bbox 873 1675 1075 1730; x_wconf 90' lang='lat' dir='ltr'><strong>Eodem</strong></span> <span class='ocrx_word' id='word_1_133' title='bbox 1120 1677 1284 1732; x_wconf 89' lang='lat' dir='ltr'><strong>modo</strong></span> <span class='ocrx_word' id='word_1_134' title='bbox 1319 1686 1606 1749; x_wconf 91' lang='lat' dir='ltr'><strong>utramque</strong></span> <span class='ocrx_word' id='word_1_135' title='bbox 1653 1689 1858 1749; x_wconf 87' lang='lat' dir='ltr'><strong>partem</strong></span> 
     </span>
    </p>
   </div>
   <div class='ocr_carea' id='block_1_21' title="bbox 1965 482 3527 564">
    <p class='ocr_par' dir='ltr' id='par_1_21' title="bbox 1965 482 3527 564">
     <span class='ocr_line' id='line_1_21' title="bbox 1965 482 3527 564; baseline -0.009 -15"><span class='ocrx_word' id='word_1_136' title='bbox 1965 495 2143 548; x_wconf 85' lang='grc' dir='ltr'>τελεία</span> <span class='ocrx_word' id='word_1_137' title='bbox 2194 494 2352 564; x_wconf 85' lang='grc' dir='ltr'><strong>φύσις</strong></span> <span class='ocrx_word' id='word_1_138' title='bbox 2397 493 2477 556; x_wconf 84' lang='grc' dir='ltr'><strong>εἰς</strong></span> <span class='ocrx_word' id='word_1_139' title='bbox 2515 489 2814 559; x_wconf 78' lang='grc' dir='ltr'><strong>ἐνέργειαν,</strong></span> <span class='ocrx_word' id='word_1_140' title='bbox 2850 484 3081 557; x_wconf 75' lang='grc' dir='ltr'>ἔπραξεν</span> <span class='ocrx_word' id='word_1_141' title='bbox 3115 483 3178 537; x_wconf 80' lang='grc' dir='ltr'>ἄν</span> <span class='ocrx_word' id='word_1_142' title='bbox 3205 501 3258 536; x_wconf 86' lang='grc' dir='ltr'><strong>τι</strong></span> <span class='ocrx_word' id='word_1_143' title='bbox 3291 483 3384 536; x_wconf 74' lang='grc' dir='ltr'><strong>καὶ</strong></span> <span class='ocrx_word' id='word_1_144' title='bbox 3410 482 3527 551; x_wconf 84' lang='grc' dir='ltr'>δίχα</span> 
     </span>
    </p>
   </div>
   <div class='ocr_carea' id='block_1_22' title="bbox 1967 574 3529 652">
    <p class='ocr_par' dir='ltr' id='par_1_22' title="bbox 1967 574 3529 652">
     <span class='ocr_line' id='line_1_22' title="bbox 1967 574 3529 652; baseline -0.012 -9"><span class='ocrx_word' id='word_1_145' title='bbox 1967 590 2059 643; x_wconf 79' lang='grc' dir='ltr'>τοῦ</span> <span class='ocrx_word' id='word_1_146' title='bbox 2087 589 2265 644; x_wconf 76' lang='grc' dir='ltr'>ἄλλου.</span> <span class='ocrx_word' id='word_1_147' title='bbox 2303 589 2466 642; x_wconf 85' lang='grc' dir='ltr'>Ὅταν</span> <span class='ocrx_word' id='word_1_148' title='bbox 2491 583 2548 638; x_wconf 80' lang='grc' dir='ltr'><strong>δέ</strong></span> <span class='ocrx_word' id='word_1_149' title='bbox 2575 601 2626 637; x_wconf 88' lang='grc' dir='ltr'><strong>τι</strong></span> <span class='ocrx_word' id='word_1_150' title='bbox 2650 583 2855 635; x_wconf 89' lang='grc' dir='ltr'>τούτων</span> <span class='ocrx_word' id='word_1_151' title='bbox 2891 575 3252 652; x_wconf 56' lang='grc' dir='ltr'>μημονευθῇ,</span> <span class='ocrx_word' id='word_1_152' title='bbox 3287 575 3438 646; x_wconf 89' lang='grc' dir='ltr'>δηλοί</span> <span class='ocrx_word' id='word_1_153' title='bbox 3470 574 3529 626; x_wconf 79' lang='grc' dir='ltr'><strong>τὸ</strong></span> 
     </span>
    </p>
   </div>
   <div class='ocr_carea' id='block_1_23' title="bbox 1967 667 3531 752">
    <p class='ocr_par' dir='ltr' id='par_1_23' title="bbox 1967 667 3531 752">
     <span class='ocr_line' id='line_1_23' title="bbox 1967 667 3531 752; baseline -0.01 -16"><span class='ocrx_word' id='word_1_154' title='bbox 1967 686 2073 738; x_wconf 77' lang='grc' dir='ltr'><strong>πᾶν</strong></span> <span class='ocrx_word' id='word_1_155' title='bbox 2105 682 2212 736; x_wconf 85' lang='grc' dir='ltr'><strong>ἀπὸ</strong></span> <span class='ocrx_word' id='word_1_156' title='bbox 2248 681 2447 752; x_wconf 83' lang='grc' dir='ltr'><strong>μέρους</strong></span> <span class='ocrx_word' id='word_1_157' title='bbox 2471 697 2483 708; x_wconf 89' lang='grc'><strong>·</strong></span> <span class='ocrx_word' id='word_1_158' title='bbox 2527 678 2586 730; x_wconf 85' lang='grc' dir='ltr'><strong>οὐ</strong></span> <span class='ocrx_word' id='word_1_159' title='bbox 2621 672 2830 729; x_wconf 84' lang='grc' dir='ltr'>τελείαν</span> <span class='ocrx_word' id='word_1_160' title='bbox 2859 672 3018 740; x_wconf 87' lang='grc' dir='ltr'>φύσιν</span> <span class='ocrx_word' id='word_1_161' title='bbox 3047 672 3124 735; x_wconf 86' lang='grc' dir='ltr'><strong>είς</strong></span> <span class='ocrx_word' id='word_1_162' title='bbox 3163 669 3444 740; x_wconf 75' lang='grc' dir='ltr'>ἐνέργειαν</span> <span class='ocrx_word' id='word_1_163' title='bbox 3472 667 3531 720; x_wconf 73' lang='grc' dir='ltr'>τὸ</span> 
     </span>
    </p>
   </div>
   <div class='ocr_carea' id='block_1_24' title="bbox 1969 758 3532 847">
    <p class='ocr_par' dir='ltr' id='par_1_24' title="bbox 1969 758 3532 847">
     <span class='ocr_line' id='line_1_24' title="bbox 1969 758 3532 847; baseline -0.012 -19"><span class='ocrx_word' id='word_1_164' title='bbox 1969 775 2154 847; x_wconf 82' lang='grc' dir='ltr'><strong>μέρος.</strong></span> <span class='ocrx_word' id='word_1_165' title='bbox 2184 775 2294 826; x_wconf 75' lang='grc' dir='ltr'><strong>Καὶ</strong></span> <span class='ocrx_word' id='word_1_166' title='bbox 2312 771 2469 824; x_wconf 80' lang='grc' dir='ltr'>τοῦτο</span> <span class='ocrx_word' id='word_1_167' title='bbox 2494 770 2777 841; x_wconf 81' lang='grc' dir='ltr'>ἄνθρωπος</span> <span class='ocrx_word' id='word_1_168' title='bbox 2796 766 2857 818; x_wconf 90' lang='grc' dir='ltr'><strong>ού</strong></span> <span class='ocrx_word' id='word_1_169' title='bbox 2887 763 3045 834; x_wconf 84' lang='grc' dir='ltr'>μόνον</span> <span class='ocrx_word' id='word_1_170' title='bbox 3066 760 3216 832; x_wconf 77' lang='grc' dir='ltr'>παρὰ</span> <span class='ocrx_word' id='word_1_171' title='bbox 3234 763 3346 822; x_wconf 85' lang='grc' dir='ltr'>τοῖς</span> <span class='ocrx_word' id='word_1_172' title='bbox 3372 758 3532 821; x_wconf 85' lang='grc' dir='ltr'>θείοις</span> 
     </span>
    </p>
   </div>
   <div class='ocr_carea' id='block_1_25' title="bbox 1965 851 3531 937">
    <p class='ocr_par' dir='ltr' id='par_1_25' title="bbox 1965 851 3531 937">
     <span class='ocr_line' id='line_1_25' title="bbox 1965 851 3531 937; baseline -0.013 -16"><span class='ocrx_word' id='word_1_173' title='bbox 1965 867 2148 937; x_wconf 90' lang='grc' dir='ltr'>νόμοις</span> <span class='ocrx_word' id='word_1_174' title='bbox 2168 905 2182 931; x_wconf 94' lang='grc'><strong>,</strong></span> <span class='ocrx_word' id='word_1_175' title='bbox 2216 864 2351 919; x_wconf 84' lang='grc' dir='ltr'><strong>ἀλλά</strong></span> <span class='ocrx_word' id='word_1_176' title='bbox 2386 863 2449 934; x_wconf 86' lang='grc' dir='ltr'>δὴ</span> <span class='ocrx_word' id='word_1_177' title='bbox 2494 864 2588 916; x_wconf 77' lang='grc' dir='ltr'><strong>καὶ</strong></span> <span class='ocrx_word' id='word_1_178' title='bbox 2627 856 2776 931; x_wconf 88' lang='grc' dir='ltr'><strong>παρά</strong></span> <span class='ocrx_word' id='word_1_179' title='bbox 2804 859 2915 920; x_wconf 82' lang='grc' dir='ltr'>τοῖς</span> <span class='ocrx_word' id='word_1_180' title='bbox 2951 854 3305 926; x_wconf 81' lang='grc' dir='ltr'>ἀνθρωπίνοις</span> <span class='ocrx_word' id='word_1_181' title='bbox 3335 851 3531 919; x_wconf 86' lang='grc' dir='ltr'>λόγοις.</span> 
     </span>
    </p>
   </div>
   <div class='ocr_carea' id='block_1_26' title="bbox 1976 939 3535 1028">
    <p class='ocr_par' dir='ltr' id='par_1_26' title="bbox 1976 939 3535 1028">
     <span class='ocr_line' id='line_1_26' title="bbox 1976 939 3535 1028; baseline -0.013 -17"><span class='ocrx_word' id='word_1_182' title='bbox 1976 957 2278 1028; x_wconf 79' lang='grc' dir='ltr'>Ὀρίζονται</span> <span class='ocrx_word' id='word_1_183' title='bbox 2307 954 2436 1025; x_wconf 80' lang='grc' dir='ltr'>γοῦν</span> <span class='ocrx_word' id='word_1_184' title='bbox 2477 957 2568 1005; x_wconf 85' lang='grc' dir='ltr'><strong>τὸν</strong></span> <span class='ocrx_word' id='word_1_185' title='bbox 2615 950 2896 1020; x_wconf 84' lang='grc' dir='ltr'>ἄνθρωπον</span> <span class='ocrx_word' id='word_1_186' title='bbox 2933 948 2984 999; x_wconf 89' lang='grc' dir='ltr'>οἱ</span> <span class='ocrx_word' id='word_1_187' title='bbox 3017 944 3145 1016; x_wconf 75' lang='grc' dir='ltr'>περὶ</span> <span class='ocrx_word' id='word_1_188' title='bbox 3171 942 3345 996; x_wconf 79' lang='grc' dir='ltr'>ταῦτα</span> <span class='ocrx_word' id='word_1_189' title='bbox 3374 939 3535 992; x_wconf 83' lang='grc' dir='ltr'>δεινοὶ</span> 
     </span>
    </p>
   </div>
   <div class='ocr_carea' id='block_1_27' title="bbox 1969 1031 3536 1116">
    <p class='ocr_par' dir='ltr' id='par_1_27' title="bbox 1969 1031 3536 1116">
     <span class='ocr_line' id='line_1_27' title="bbox 1969 1031 3536 1116; baseline -0.01 -16"><span class='ocrx_word' id='word_1_190' title='bbox 1969 1049 2106 1113; x_wconf 78' lang='grc' dir='ltr'>ζῶον</span> <span class='ocrx_word' id='word_1_191' title='bbox 2141 1047 2356 1116; x_wconf 85' lang='grc' dir='ltr'>λογικὸν</span> <span class='ocrx_word' id='word_1_192' title='bbox 2394 1044 2608 1115; x_wconf 82' lang='grc' dir='ltr'>θνητὸν,</span> <span class='ocrx_word' id='word_1_193' title='bbox 2637 1042 2696 1094; x_wconf 86' lang='grc' dir='ltr'><strong>τὸ</strong></span> <span class='ocrx_word' id='word_1_194' title='bbox 2739 1040 2836 1110; x_wconf 86' lang='grc' dir='ltr'><strong>μὲν</strong></span> <span class='ocrx_word' id='word_1_195' title='bbox 2866 1037 3082 1105; x_wconf 83' lang='grc' dir='ltr'>λογικὸν</span> <span class='ocrx_word' id='word_1_196' title='bbox 3118 1037 3183 1088; x_wconf 87' lang='grc' dir='ltr'>ὲκ</span> <span class='ocrx_word' id='word_1_197' title='bbox 3224 1033 3326 1102; x_wconf 81' lang='grc' dir='ltr'>τῆς</span> <span class='ocrx_word' id='word_1_198' title='bbox 3358 1031 3536 1101; x_wconf 71' lang='grc' dir='ltr'>ψυχῆς</span> 
     </span>
    </p>
   </div>
   <div class='ocr_carea' id='block_1_28' title="bbox 1966 1121 3537 1212">
    <p class='ocr_par' dir='ltr' id='par_1_28' title="bbox 1966 1121 3537 1212">
     <span class='ocr_line' id='line_1_28' title="bbox 1966 1121 3537 1212; baseline -0.013 -19"><span class='ocrx_word' id='word_1_199' title='bbox 1966 1139 2376 1212; x_wconf 79' lang='grc' dir='ltr'>ἑρμηνεύοντες,</span> <span class='ocrx_word' id='word_1_200' title='bbox 2406 1137 2466 1190; x_wconf 87' lang='grc' dir='ltr'><strong>τὸ</strong></span> <span class='ocrx_word' id='word_1_201' title='bbox 2491 1136 2547 1189; x_wconf 83' lang='grc' dir='ltr'><strong>δὲ</strong></span> <span class='ocrx_word' id='word_1_202' title='bbox 2575 1133 2764 1204; x_wconf 83' lang='grc' dir='ltr'>θνητὸν</span> <span class='ocrx_word' id='word_1_203' title='bbox 2796 1133 2861 1185; x_wconf 82' lang='grc' dir='ltr'>ὲκ</span> <span class='ocrx_word' id='word_1_204' title='bbox 2885 1128 2980 1182; x_wconf 76' lang='grc' dir='ltr'>τοῦ</span> <span class='ocrx_word' id='word_1_205' title='bbox 3026 1125 3273 1197; x_wconf 89' lang='grc' dir='ltr'>σώματος</span> <span class='ocrx_word' id='word_1_206' title='bbox 3302 1121 3537 1212; x_wconf 63' lang='grc' dir='ltr'>ἀποφαίέ</span> 
     </span>
    </p>
   </div>
   <div class='ocr_carea' id='block_1_29' title="bbox 1967 1211 3536 1298">
    <p class='ocr_par' dir='ltr' id='par_1_29' title="bbox 1967 1211 3536 1298">
     <span class='ocr_line' id='line_1_29' title="bbox 1967 1211 3536 1298; baseline -0.013 -13"><span class='ocrx_word' id='word_1_207' title='bbox 1967 1211 2165 1294; x_wconf 87' lang='grc' dir='ltr'>νοντες.</span> <span class='ocrx_word' id='word_1_208' title='bbox 2199 1229 2384 1291; x_wconf 80' lang='grc' dir='ltr'><strong>Οὕτως</strong></span> <span class='ocrx_word' id='word_1_209' title='bbox 2426 1226 2709 1298; x_wconf 81' lang='grc' dir='ltr'>ἀμφότερα</span> <span class='ocrx_word' id='word_1_210' title='bbox 2745 1221 2882 1294; x_wconf 85' lang='grc' dir='ltr'>μέρη</span> <span class='ocrx_word' id='word_1_211' title='bbox 2922 1217 3040 1281; x_wconf 80' lang='grc' dir='ltr'>ἐνὸς</span> <span class='ocrx_word' id='word_1_212' title='bbox 3082 1215 3404 1288; x_wconf 85' lang='grc' dir='ltr'>προσώπου,</span> <span class='ocrx_word' id='word_1_213' title='bbox 3437 1211 3536 1270; x_wconf 74' lang='grc' dir='ltr'>καὶ</span> 
     </span>
    </p>
   </div>
   <div class='ocr_carea' id='block_1_30' title="bbox 1967 1305 3532 1390">
    <p class='ocr_par' dir='ltr' id='par_1_30' title="bbox 1967 1305 3532 1390">
     <span class='ocr_line' id='line_1_30' title="bbox 1967 1305 3532 1390; baseline -0.012 -15"><span class='ocrx_word' id='word_1_214' title='bbox 1967 1323 2026 1375; x_wconf 88' lang='grc' dir='ltr'><strong>ού</strong></span> <span class='ocrx_word' id='word_1_215' title='bbox 2065 1322 2157 1374; x_wconf 90' lang='grc' dir='ltr'><strong>δύο</strong></span> <span class='ocrx_word' id='word_1_216' title='bbox 2195 1320 2411 1390; x_wconf 82' lang='grc' dir='ltr'>ἐνόμισε</span> <span class='ocrx_word' id='word_1_217' title='bbox 2444 1317 2534 1371; x_wconf 82' lang='grc' dir='ltr'><strong>τὸν</strong></span> <span class='ocrx_word' id='word_1_218' title='bbox 2576 1316 2689 1368; x_wconf 83' lang='grc' dir='ltr'>ίσον</span> <span class='ocrx_word' id='word_1_219' title='bbox 2717 1314 2914 1386; x_wconf 83' lang='grc' dir='ltr'>τρόπον</span> <span class='ocrx_word' id='word_1_220' title='bbox 2941 1311 3034 1364; x_wconf 74' lang='grc' dir='ltr'>καὶ</span> <span class='ocrx_word' id='word_1_221' title='bbox 3067 1310 3100 1378; x_wconf 85' lang='grc' dir='ltr'><strong>ή</strong></span> <span class='ocrx_word' id='word_1_222' title='bbox 3146 1307 3264 1360; x_wconf 87' lang='grc' dir='ltr'>θεία</span> <span class='ocrx_word' id='word_1_223' title='bbox 3304 1305 3532 1376; x_wconf 83' lang='grc' dir='ltr'>Γραφή·</span> 
     </span>
    </p>
   </div>
   <div class='ocr_carea' id='block_1_31' title="bbox 1965 1396 3537 1483">
    <p class='ocr_par' dir='ltr' id='par_1_31' title="bbox 1965 1396 3537 1483">
     <span class='ocr_line' id='line_1_31' title="bbox 1965 1396 3537 1483; baseline -0.013 -17"><span class='ocrx_word' id='word_1_224' title='bbox 1965 1413 2055 1468; x_wconf 78' lang='grc' dir='ltr'><strong>τὸν</strong></span> <span class='ocrx_word' id='word_1_225' title='bbox 2084 1412 2192 1483; x_wconf 87' lang='grc' dir='ltr'>γὰρ</span> <span class='ocrx_word' id='word_1_226' title='bbox 2219 1411 2378 1464; x_wconf 79' lang='grc' dir='ltr'>αὐτὸν</span> <span class='ocrx_word' id='word_1_227' title='bbox 2412 1409 2693 1480; x_wconf 81' lang='grc' dir='ltr'>ἄνθρωπον</span> <span class='ocrx_word' id='word_1_228' title='bbox 2721 1404 2863 1459; x_wconf 87' lang='grc' dir='ltr'><strong>κατά</strong></span> <span class='ocrx_word' id='word_1_229' title='bbox 2892 1402 3074 1456; x_wconf 77' lang='grc' dir='ltr'>εἰκόνα</span> <span class='ocrx_word' id='word_1_230' title='bbox 3103 1396 3236 1456; x_wconf 74' lang='grc' dir='ltr'>Θεοῦ</span> <span class='ocrx_word' id='word_1_231' title='bbox 3271 1397 3537 1474; x_wconf 73' lang='grc' dir='ltr'>μηνύεται</span> 
     </span>
    </p>
   </div>
   <div class='ocr_carea' id='block_1_32' title="bbox 1967 1487 3535 1572">
    <p class='ocr_par' dir='ltr' id='par_1_32' title="bbox 1967 1487 3535 1572">
     <span class='ocr_line' id='line_1_32' title="bbox 1967 1487 3535 1572; baseline -0.013 -14"><span class='ocrx_word' id='word_1_232' title='bbox 1967 1505 2107 1558; x_wconf 80' lang='grc' dir='ltr'>κατὰ</span> <span class='ocrx_word' id='word_1_233' title='bbox 2131 1505 2192 1556; x_wconf 83' lang='grc' dir='ltr'><strong>τὸ</strong></span> <span class='ocrx_word' id='word_1_234' title='bbox 2220 1503 2492 1572; x_wconf 76' lang='grc' dir='ltr'>ἐξαίρετον</span> <span class='ocrx_word' id='word_1_235' title='bbox 2519 1498 2612 1553; x_wconf 83' lang='grc' dir='ltr'>τοῦ</span> <span class='ocrx_word' id='word_1_236' title='bbox 2637 1495 2946 1568; x_wconf 87' lang='grc' dir='ltr'>προσώπου·</span> <span class='ocrx_word' id='word_1_237' title='bbox 2975 1493 3068 1547; x_wconf 75' lang='grc' dir='ltr'><strong>καὶ</strong></span> <span class='ocrx_word' id='word_1_238' title='bbox 3092 1491 3256 1561; x_wconf 83' lang='grc' dir='ltr'>ἄρσεν</span> <span class='ocrx_word' id='word_1_239' title='bbox 3279 1489 3376 1541; x_wconf 73' lang='grc' dir='ltr'>καὶ</span> <span class='ocrx_word' id='word_1_240' title='bbox 3401 1487 3535 1555; x_wconf 78' lang='grc' dir='ltr'>θῆλυ</span> 
     </span>
    </p>
   </div>
   <div class='ocr_carea' id='block_1_33' title="bbox 1967 1577 3538 1668">
    <p class='ocr_par' dir='ltr' id='par_1_33' title="bbox 1967 1577 3538 1668">
     <span class='ocr_line' id='line_1_33' title="bbox 1967 1577 3538 1668; baseline -0.013 -18"><span class='ocrx_word' id='word_1_241' title='bbox 1967 1594 2428 1668; x_wconf 83' lang='grc' dir='ltr'>προσαγορεύεται</span> <span class='ocrx_word' id='word_1_242' title='bbox 2454 1593 2594 1645; x_wconf 87' lang='grc' dir='ltr'>κατὰ</span> <span class='ocrx_word' id='word_1_243' title='bbox 2613 1591 2674 1643; x_wconf 86' lang='grc' dir='ltr'><strong>τὸ</strong></span> <span class='ocrx_word' id='word_1_244' title='bbox 2696 1588 2890 1658; x_wconf 82' lang='grc' dir='ltr'>ἰδίωμα</span> <span class='ocrx_word' id='word_1_245' title='bbox 2910 1586 3006 1655; x_wconf 83' lang='grc' dir='ltr'><strong>τῆς</strong></span> <span class='ocrx_word' id='word_1_246' title='bbox 3034 1582 3253 1654; x_wconf 81' lang='grc' dir='ltr'>σαρκὸς,</span> <span class='ocrx_word' id='word_1_247' title='bbox 3276 1580 3363 1633; x_wconf 77' lang='grc' dir='ltr'>ἵνα</span> <span class='ocrx_word' id='word_1_248' title='bbox 3386 1577 3538 1649; x_wconf 84' lang='grc' dir='ltr'>δείξῃ</span> 
     </span>
    </p>
   </div>
   <div class='ocr_carea' id='block_1_34' title="bbox 1967 1670 3534 1758">
    <p class='ocr_par' dir='ltr' id='par_1_34' title="bbox 1967 1670 3534 1758">
     <span class='ocr_line' id='line_1_34' title="bbox 1967 1670 3534 1758; baseline -0.013 -18"><span class='ocrx_word' id='word_1_249' title='bbox 1967 1689 2064 1758; x_wconf 81' lang='grc' dir='ltr'>τὴν</span> <span class='ocrx_word' id='word_1_250' title='bbox 2096 1686 2272 1758; x_wconf 74' lang='grc' dir='ltr'>ψυχὴν</span> <span class='ocrx_word' id='word_1_251' title='bbox 2315 1685 2406 1738; x_wconf 75' lang='grc' dir='ltr'>καὶ</span> <span class='ocrx_word' id='word_1_252' title='bbox 2444 1685 2507 1738; x_wconf 82' lang='grc' dir='ltr'><strong>τὸ</strong></span> <span class='ocrx_word' id='word_1_253' title='bbox 2553 1682 2711 1752; x_wconf 84' lang='grc' dir='ltr'>σῶμα</span> <span class='ocrx_word' id='word_1_254' title='bbox 2758 1679 2895 1750; x_wconf 86' lang='grc' dir='ltr'>μέρη</span> <span class='ocrx_word' id='word_1_255' title='bbox 2943 1676 3059 1738; x_wconf 79' lang='grc' dir='ltr'>ἑνὸς</span> <span class='ocrx_word' id='word_1_256' title='bbox 3109 1671 3439 1744; x_wconf 87' lang='grc' dir='ltr'>προσώπου,</span> <span class='ocrx_word' id='word_1_257' title='bbox 3475 1670 3534 1721; x_wconf 89' lang='grc' dir='ltr'><strong>ού</strong></span> 
     </span>
    </p>
   </div>
   <div class='ocr_carea' id='block_1_35' title="bbox 305 1759 1869 1846">
    <p class='ocr_par' dir='ltr' id='par_1_35' title="bbox 305 1763 1866 1836">
     <span class='ocr_line' id='line_1_35' title="bbox 305 1763 1866 1836; baseline 0.005 -18"><span class='ocrx_word' id='word_1_258' title='bbox 305 1763 465 1818; x_wconf 87' lang='lat' dir='ltr'><strong>unius</strong></span> <span class='ocrx_word' id='word_1_259' title='bbox 501 1779 622 1818; x_wconf 89' lang='lat' dir='ltr'><strong>esse</strong></span> <span class='ocrx_word' id='word_1_260' title='bbox 650 1780 915 1834; x_wconf 75' lang='lat' dir='ltr'><strong>personae,</strong></span> <span class='ocrx_word' id='word_1_261' title='bbox 957 1783 1065 1821; x_wconf 93' lang='lat' dir='ltr'><strong>non</strong></span> <span class='ocrx_word' id='word_1_262' title='bbox 1112 1778 1292 1823; x_wconf 90' lang='lat' dir='ltr'><strong>autem</strong></span> <span class='ocrx_word' id='word_1_263' title='bbox 1327 1771 1582 1836; x_wconf 90' lang='lat' dir='ltr'><strong>duarum,</strong></span> <span class='ocrx_word' id='word_1_264' title='bbox 1633 1764 1866 1827; x_wconf 67' lang='lat' dir='ltr'><strong>aestimat</strong></span> 
     </span>
    </p>
   </div>
   <div class='ocr_carea' id='block_1_36' title="bbox 1971 1759 3537 1846">
    <p class='ocr_par' dir='ltr' id='par_1_36' title="bbox 1971 1759 3537 1846">
     <span class='ocr_line' id='line_1_36' title="bbox 1971 1759 3537 1846; baseline -0.013 -14"><span class='ocrx_word' id='word_1_265' title='bbox 1971 1779 2076 1834; x_wconf 86' lang='grc' dir='ltr'>δύο.</span> <span class='ocrx_word' id='word_1_266' title='bbox 2107 1777 2229 1841; x_wconf 82' lang='grc' dir='ltr'><strong>Πῶς</strong></span> <span class='ocrx_word' id='word_1_267' title='bbox 2256 1773 2347 1830; x_wconf 74' lang='grc' dir='ltr'><strong>οὖν</strong></span> <span class='ocrx_word' id='word_1_268' title='bbox 2377 1776 2666 1846; x_wconf 86' lang='grc' dir='ltr'>κέχρηνται</span> <span class='ocrx_word' id='word_1_269' title='bbox 2695 1771 2829 1841; x_wconf 84' lang='grc' dir='ltr'>τῷδε</span> <span class='ocrx_word' id='word_1_270' title='bbox 2853 1769 2932 1839; x_wconf 79' lang='grc' dir='ltr'>τῷ</span> <span class='ocrx_word' id='word_1_271' title='bbox 2958 1766 3332 1834; x_wconf 84' lang='grc' dir='ltr'>ὑποδείγματι,</span> <span class='ocrx_word' id='word_1_272' title='bbox 3371 1759 3537 1832; x_wconf 89' lang='grc' dir='ltr'>μηδὲν</span> 
     </span>
    </p>
   </div>
   <div class='ocr_carea' id='block_1_37' title="bbox 304 1853 1862 1924">
    <p class='ocr_par' dir='ltr' id='par_1_37' title="bbox 304 1853 1862 1924">
     <span class='ocr_line' id='line_1_37' title="bbox 304 1853 1862 1924; baseline 0.01 -20"><span class='ocrx_word' id='word_1_273' title='bbox 304 1853 484 1907; x_wconf 90' lang='lat' dir='ltr'><strong>divina</strong></span> <span class='ocrx_word' id='word_1_274' title='bbox 511 1853 785 1924; x_wconf 87' lang='lat' dir='ltr'><strong>Scriptura</strong></span> <span class='ocrx_word' id='word_1_275' title='bbox 815 1876 826 1910; x_wconf 96' lang='lat'><strong>:</strong></span> <span class='ocrx_word' id='word_1_276' title='bbox 861 1860 1139 1914; x_wconf 87' lang='lat' dir='ltr'><strong>enimvero</strong></span> <span class='ocrx_word' id='word_1_277' title='bbox 1172 1863 1423 1916; x_wconf 90' lang='lat' dir='ltr'><strong>eumdem</strong></span> <span class='ocrx_word' id='word_1_278' title='bbox 1469 1863 1742 1919; x_wconf 89' lang='lat' dir='ltr'><strong>hominem</strong></span> <span class='ocrx_word' id='word_1_279' title='bbox 1775 1880 1862 1922; x_wconf 87' lang='lat' dir='ltr'><strong>se-</strong></span> 
     </span>
    </p>
   </div>
   <div class='ocr_carea' id='block_1_38' title="bbox 303 1945 1868 2024">
    <p class='ocr_par' dir='ltr' id='par_1_38' title="bbox 303 1945 1868 2024">
     <span class='ocr_line' id='line_1_38' title="bbox 303 1945 1868 2024; baseline 0.008 -26"><span class='ocrx_word' id='word_1_280' title='bbox 303 1945 538 2000; x_wconf 87' lang='lat' dir='ltr'><strong>cundum</strong></span> <span class='ocrx_word' id='word_1_281' title='bbox 573 1949 944 2004; x_wconf 81' lang='lat' dir='ltr'><strong>excellentiam</strong></span> <span class='ocrx_word' id='word_1_282' title='bbox 997 1967 1244 2021; x_wconf 74' lang='lat' dir='ltr'><strong>personae</strong></span> <span class='ocrx_word' id='word_1_283' title='bbox 1291 1954 1521 2008; x_wconf 79' lang='lat' dir='ltr'><strong>afﬁrmat</strong></span> <span class='ocrx_word' id='word_1_284' title='bbox 1563 1957 1628 2008; x_wconf 90' lang='lat' dir='ltr'><strong>ad</strong></span> <span class='ocrx_word' id='word_1_285' title='bbox 1677 1956 1868 2024; x_wconf 80' lang='lat' dir='ltr'><strong>imagi-</strong></span> 
     </span>
    </p>
   </div>
   <div class='ocr_carea' id='block_1_39' title="bbox 305 2037 1866 2118">
    <p class='ocr_par' dir='ltr' id='par_1_39' title="bbox 305 2037 1866 2118">
     <span class='ocr_line' id='line_1_39' title="bbox 305 2037 1866 2118; baseline 0.006 -25"><span class='ocrx_word' id='word_1_286' title='bbox 305 2051 425 2093; x_wconf 89' lang='lat' dir='ltr'><strong>ncm</strong></span> <span class='ocrx_word' id='word_1_287' title='bbox 458 2037 552 2095; x_wconf 90' lang='lat' dir='ltr'><strong>Dei</strong></span> <span class='ocrx_word' id='word_1_288' title='bbox 580 2054 730 2105; x_wconf 83' lang='lat' dir='ltr'><strong>esse,</strong></span> <span class='ocrx_word' id='word_1_289' title='bbox 767 2043 1067 2098; x_wconf 88' lang='lat' dir='ltr'><strong>secundum</strong></span> <span class='ocrx_word' id='word_1_290' title='bbox 1107 2061 1238 2099; x_wconf 89' lang='lat' dir='ltr'><strong>vero</strong></span> <span class='ocrx_word' id='word_1_291' title='bbox 1268 2047 1448 2101; x_wconf 89' lang='lat' dir='ltr'><strong>carnis</strong></span> <span class='ocrx_word' id='word_1_292' title='bbox 1483 2049 1866 2118; x_wconf 81' lang='lat' dir='ltr'><strong>proprietatem</strong></span> 
     </span>
    </p>
   </div>
   <div class='ocr_carea' id='block_1_40' title="bbox 306 2131 1868 2209">
    <p class='ocr_par' dir='ltr' id='par_1_40' title="bbox 306 2131 1868 2209">
     <span class='ocr_line' id='line_1_40' title="bbox 306 2131 1868 2209; baseline 0.006 -27"><span class='ocrx_word' id='word_1_293' title='bbox 306 2131 606 2185; x_wconf 86' lang='lat' dir='ltr'><strong>masculum</strong></span> <span class='ocrx_word' id='word_1_294' title='bbox 637 2143 690 2186; x_wconf 88' lang='lat' dir='ltr'><strong>et</strong></span> <span class='ocrx_word' id='word_1_295' title='bbox 719 2133 974 2189; x_wconf 83' lang='lat' dir='ltr'><strong>feminam</strong></span> <span class='ocrx_word' id='word_1_296' title='bbox 1015 2148 1314 2207; x_wconf 89' lang='lat' dir='ltr'><strong>nuncupat,</strong></span> <span class='ocrx_word' id='word_1_297' title='bbox 1341 2156 1450 2209; x_wconf 90' lang='lat' dir='ltr'><strong>quo</strong></span> <span class='ocrx_word' id='word_1_298' title='bbox 1470 2140 1718 2195; x_wconf 86' lang='lat' dir='ltr'><strong>ostendat</strong></span> <span class='ocrx_word' id='word_1_299' title='bbox 1751 2140 1868 2193; x_wconf 87' lang='lat' dir='ltr'><strong>ani-</strong></span> 
     </span>
    </p>
   </div>
   <div class='ocr_carea' id='block_1_41' title="bbox 307 2230 1870 2301">
    <p class='ocr_par' dir='ltr' id='par_1_41' title="bbox 307 2230 1870 2301">
     <span class='ocr_line' id='line_1_41' title="bbox 307 2230 1870 2301; baseline 0.008 -28"><span class='ocrx_word' id='word_1_300' title='bbox 307 2235 448 2274; x_wconf 92' lang='lat' dir='ltr'><strong>mam</strong></span> <span class='ocrx_word' id='word_1_301' title='bbox 483 2231 536 2276; x_wconf 90' lang='lat' dir='ltr'><strong>et</strong></span> <span class='ocrx_word' id='word_1_302' title='bbox 577 2239 776 2292; x_wconf 77' lang='lat' dir='ltr'><strong>corpus</strong></span> <span class='ocrx_word' id='word_1_303' title='bbox 825 2235 1002 2294; x_wconf 88' lang='lat' dir='ltr'><strong>partes</strong></span> <span class='ocrx_word' id='word_1_304' title='bbox 1048 2230 1212 2283; x_wconf 83' lang='lat' dir='ltr'><strong>unius</strong></span> <span class='ocrx_word' id='word_1_305' title='bbox 1244 2238 1298 2282; x_wconf 87' lang='lat' dir='ltr'><strong>et</strong></span> <span class='ocrx_word' id='word_1_306' title='bbox 1330 2230 1574 2299; x_wconf 87' lang='lat' dir='ltr'><strong>ejusdem</strong></span> <span class='ocrx_word' id='word_1_307' title='bbox 1623 2245 1870 2301; x_wconf 71' lang='lat' dir='ltr'><strong>personae</strong></span> 
     </span>
    </p>
   </div>
   <div class='ocr_carea' id='block_1_42' title="bbox 305 2319 1870 2392">
    <p class='ocr_par' dir='ltr' id='par_1_42' title="bbox 305 2319 1870 2392">
     <span class='ocr_line' id='line_1_42' title="bbox 305 2319 1870 2392; baseline 0.009 -27"><span class='ocrx_word' id='word_1_308' title='bbox 305 2326 448 2378; x_wconf 87' lang='lat' dir='ltr'><strong>esse,</strong></span> <span class='ocrx_word' id='word_1_309' title='bbox 475 2330 584 2368; x_wconf 87' lang='lat' dir='ltr'><strong>non</strong></span> <span class='ocrx_word' id='word_1_310' title='bbox 611 2326 789 2370; x_wconf 87' lang='lat' dir='ltr'><strong>autem</strong></span> <span class='ocrx_word' id='word_1_311' title='bbox 824 2319 959 2374; x_wconf 89' lang='lat' dir='ltr'><strong>duas</strong></span> <span class='ocrx_word' id='word_1_312' title='bbox 986 2336 1270 2390; x_wconf 87' lang='lat' dir='ltr'><strong>personas.</strong></span> <span class='ocrx_word' id='word_1_313' title='bbox 1314 2321 1452 2388; x_wconf 84' lang='lat' dir='ltr'><strong>Quid</strong></span> <span class='ocrx_word' id='word_1_314' title='bbox 1487 2339 1665 2378; x_wconf 69' lang='lat' dir='ltr'><strong>causae</strong></span> <span class='ocrx_word' id='word_1_315' title='bbox 1707 2323 1870 2392; x_wconf 79' lang='lat' dir='ltr'><strong>igitur</strong></span> 
     </span>
    </p>
   </div>
   <div class='ocr_carea' id='block_1_43' title="bbox 303 2404 1871 2482">
    <p class='ocr_par' dir='ltr' id='par_1_43' title="bbox 303 2404 1871 2482">
     <span class='ocr_line' id='line_1_43' title="bbox 303 2404 1871 2482; baseline 0.008 -29"><span class='ocrx_word' id='word_1_316' title='bbox 303 2409 388 2455; x_wconf 89' lang='lat' dir='ltr'><strong>est</strong></span> <span class='ocrx_word' id='word_1_317' title='bbox 411 2404 555 2471; x_wconf 90' lang='lat' dir='ltr'><strong>quod</strong></span> <span class='ocrx_word' id='word_1_318' title='bbox 578 2405 679 2460; x_wconf 90' lang='lat' dir='ltr'><strong>hoc</strong></span> <span class='ocrx_word' id='word_1_319' title='bbox 707 2418 926 2463; x_wconf 91' lang='lat' dir='ltr'><strong>utantur</strong></span> <span class='ocrx_word' id='word_1_320' title='bbox 945 2413 1212 2482; x_wconf 78' lang='lat' dir='ltr'><strong>exemplo,</strong></span> <span class='ocrx_word' id='word_1_321' title='bbox 1236 2415 1321 2468; x_wconf 90' lang='lat' dir='ltr'><strong>cui</strong></span> <span class='ocrx_word' id='word_1_322' title='bbox 1349 2415 1527 2469; x_wconf 90' lang='lat' dir='ltr'><strong>simile</strong></span> <span class='ocrx_word' id='word_1_323' title='bbox 1551 2415 1684 2468; x_wconf 87' lang='lat' dir='ltr'><strong>nihil</strong></span> <span class='ocrx_word' id='word_1_324' title='bbox 1709 2415 1871 2470; x_wconf 89' lang='lat' dir='ltr'><strong>inest?</strong></span> 
     </span>
    </p>
   </div>
   <div class='ocr_carea' id='block_1_44' title="bbox 307 2491 1868 2574">
    <p class='ocr_par' dir='ltr' id='par_1_44' title="bbox 307 2491 1868 2574">
     <span class='ocr_line' id='line_1_44' title="bbox 307 2491 1868 2574; baseline 0.007 -25"><span class='ocrx_word' id='word_1_325' title='bbox 307 2491 364 2549; x_wconf 81' lang='lat' dir='ltr'><strong>Si</strong></span> <span class='ocrx_word' id='word_1_326' title='bbox 396 2493 533 2549; x_wconf 88' lang='lat' dir='ltr'><strong>duas</strong></span> <span class='ocrx_word' id='word_1_327' title='bbox 576 2497 841 2564; x_wconf 89' lang='lat' dir='ltr'><strong>perfectas</strong></span> <span class='ocrx_word' id='word_1_328' title='bbox 890 2516 1152 2569; x_wconf 88' lang='lat' dir='ltr'><strong>personas</strong></span> <span class='ocrx_word' id='word_1_329' title='bbox 1197 2504 1412 2574; x_wconf 77' lang='lat'><strong>1018</strong></span> <span class='ocrx_word' id='word_1_330' title='bbox 1457 2506 1510 2558; x_wconf 92' lang='lat' dir='ltr'><strong>in</strong></span> <span class='ocrx_word' id='word_1_331' title='bbox 1541 2522 1702 2559; x_wconf 88' lang='lat' dir='ltr'><strong>unam</strong></span> <span class='ocrx_word' id='word_1_332' title='bbox 1736 2507 1868 2560; x_wconf 88' lang='lat' dir='ltr'><strong>sub-</strong></span> 
     </span>
    </p>
   </div>
   <div class='ocr_carea' id='block_1_45' title="bbox 307 2587 1869 2666">
    <p class='ocr_par' dir='ltr' id='par_1_45' title="bbox 307 2587 1869 2666">
     <span class='ocr_line' id='line_1_45' title="bbox 307 2587 1869 2666; baseline 0.007 -27"><span class='ocrx_word' id='word_1_333' title='bbox 307 2587 562 2639; x_wconf 86' lang='lat' dir='ltr'><strong>stantiam</strong></span> <span class='ocrx_word' id='word_1_334' title='bbox 588 2592 915 2658; x_wconf 86' lang='lat' dir='ltr'><strong>compositas</strong></span> <span class='ocrx_word' id='word_1_335' title='bbox 965 2594 1346 2658; x_wconf 89' lang='lat' dir='ltr'><strong>ostenderent,</strong></span> <span class='ocrx_word' id='word_1_336' title='bbox 1389 2598 1557 2666; x_wconf 86' lang='lat' dir='ltr'><strong>probe</strong></span> <span class='ocrx_word' id='word_1_337' title='bbox 1593 2597 1644 2650; x_wconf 90' lang='lat' dir='ltr'><strong>id</strong></span> <span class='ocrx_word' id='word_1_338' title='bbox 1685 2612 1869 2651; x_wconf 77' lang='lat' dir='ltr'><strong>exem-</strong></span> 
     </span>
    </p>
   </div>
   <div class='ocr_carea' id='block_1_46' title="bbox 307 2675 1872 2758">
    <p class='ocr_par' dir='ltr' id='par_1_46' title="bbox 307 2675 1872 2758">
     <span class='ocr_line' id='line_1_46' title="bbox 307 2675 1872 2758; baseline 0.009 -29"><span class='ocrx_word' id='word_1_339' title='bbox 307 2675 453 2745; x_wconf 87' lang='lat' dir='ltr'><strong>plum</strong></span> <span class='ocrx_word' id='word_1_340' title='bbox 489 2690 856 2748; x_wconf 88' lang='lat' dir='ltr'><strong>usurparent:</strong></span> <span class='ocrx_word' id='word_1_341' title='bbox 907 2699 1030 2738; x_wconf 90' lang='lat' dir='ltr'><strong>cum</strong></span> <span class='ocrx_word' id='word_1_342' title='bbox 1087 2694 1268 2739; x_wconf 87' lang='lat' dir='ltr'><strong>autem</strong></span> <span class='ocrx_word' id='word_1_343' title='bbox 1316 2689 1452 2743; x_wconf 91' lang='lat' dir='ltr'><strong>duas</strong></span> <span class='ocrx_word' id='word_1_344' title='bbox 1482 2697 1662 2758; x_wconf 87' lang='lat' dir='ltr'><strong>partes</strong></span> <span class='ocrx_word' id='word_1_345' title='bbox 1711 2689 1872 2743; x_wconf 85' lang='lat' dir='ltr'><strong>unius</strong></span> 
     </span>
    </p>
   </div>
   <div class='ocr_carea' id='block_1_47' title="bbox 307 2777 1871 2848">
    <p class='ocr_par' dir='ltr' id='par_1_47' title="bbox 307 2777 1871 2848">
     <span class='ocr_line' id='line_1_47' title="bbox 307 2777 1871 2848; baseline 0.008 -30"><span class='ocrx_word' id='word_1_346' title='bbox 307 2780 556 2835; x_wconf 78' lang='lat' dir='ltr'><strong>personae</strong></span> <span class='ocrx_word' id='word_1_347' title='bbox 581 2781 906 2839; x_wconf 85' lang='lat' dir='ltr'><strong>memorant,</strong></span> <span class='ocrx_word' id='word_1_348' title='bbox 936 2790 1278 2844; x_wconf 87' lang='lat' dir='ltr'><strong>nequaquam</strong></span> <span class='ocrx_word' id='word_1_349' title='bbox 1325 2777 1462 2832; x_wconf 91' lang='lat' dir='ltr'><strong>duas</strong></span> <span class='ocrx_word' id='word_1_350' title='bbox 1493 2793 1757 2848; x_wconf 91' lang='lat' dir='ltr'><strong>personas</strong></span> <span class='ocrx_word' id='word_1_351' title='bbox 1783 2778 1871 2830; x_wconf 82' lang='lat' dir='ltr'><strong>di-</strong></span> 
     </span>
    </p>
   </div>
   <div class='ocr_carea' id='block_1_48' title="bbox 309 2861 1870 2940">
    <p class='ocr_par' dir='ltr' id='par_1_48' title="bbox 309 2861 1870 2940">
     <span class='ocr_line' id='line_1_48' title="bbox 309 2861 1870 2940; baseline 0.006 -26"><span class='ocrx_word' id='word_1_352' title='bbox 309 2870 460 2914; x_wconf 90' lang='lat' dir='ltr'><strong>cunt.</strong></span> <span class='ocrx_word' id='word_1_353' title='bbox 491 2861 959 2928; x_wconf 87' lang='lat' dir='ltr'><strong>Quemadmodum</strong></span> <span class='ocrx_word' id='word_1_354' title='bbox 1004 2866 1186 2920; x_wconf 88' lang='lat' dir='ltr'><strong>anima</strong></span> <span class='ocrx_word' id='word_1_355' title='bbox 1220 2876 1273 2921; x_wconf 90' lang='lat' dir='ltr'><strong>et</strong></span> <span class='ocrx_word' id='word_1_356' title='bbox 1301 2883 1499 2937; x_wconf 88' lang='lat' dir='ltr'><strong>corpus</strong></span> <span class='ocrx_word' id='word_1_357' title='bbox 1531 2885 1870 2940; x_wconf 87' lang='lat' dir='ltr'><strong>nequaquam</strong></span> 
     </span>
    </p>
   </div>
   <div class='ocr_carea' id='block_1_49' title="bbox 308 2951 1873 3022">
    <p class='ocr_par' dir='ltr' id='par_1_49' title="bbox 308 2951 1873 3022">
     <span class='ocr_line' id='line_1_49' title="bbox 308 2951 1873 3022; baseline 0.008 -19"><span class='ocrx_word' id='word_1_358' title='bbox 308 2951 418 3006; x_wconf 91' lang='lat' dir='ltr'><strong>duo</strong></span> <span class='ocrx_word' id='word_1_359' title='bbox 448 2965 574 3007; x_wconf 89' lang='lat' dir='ltr'><strong>sunt</strong></span> <span class='ocrx_word' id='word_1_360' title='bbox 600 2955 834 3022; x_wconf 89' lang='lat' dir='ltr'><strong>perfecta</strong></span> <span class='ocrx_word' id='word_1_361' title='bbox 864 2957 1117 3011; x_wconf 90' lang='lat' dir='ltr'><strong>animalia</strong></span> <span class='ocrx_word' id='word_1_362' title='bbox 1149 2977 1160 3011; x_wconf 95' lang='lat'>:</span> <span class='ocrx_word' id='word_1_363' title='bbox 1213 2968 1267 3012; x_wconf 87' lang='lat' dir='ltr'><strong>at</strong></span> <span class='ocrx_word' id='word_1_364' title='bbox 1302 2961 1446 3014; x_wconf 91' lang='lat' dir='ltr'><strong>enim</strong></span> <span class='ocrx_word' id='word_1_365' title='bbox 1484 2961 1734 3016; x_wconf 87' lang='lat' dir='ltr'><strong>Christus</strong></span> <span class='ocrx_word' id='word_1_366' title='bbox 1767 2964 1873 3016; x_wconf 90' lang='lat' dir='ltr'><strong>duo</strong></span> 
     </span>
    </p>
   </div>
   <div class='ocr_carea' id='block_1_50' title="bbox 308 3041 1874 3120">
    <p class='ocr_par' dir='ltr' id='par_1_50' title="bbox 308 3041 1874 3120">
     <span class='ocr_line' id='line_1_50' title="bbox 308 3041 1874 3120; baseline 0.009 -26"><span class='ocrx_word' id='word_1_367' title='bbox 308 3041 508 3096; x_wconf 87' lang='lat' dir='ltr'><strong>dicitur</strong></span> <span class='ocrx_word' id='word_1_368' title='bbox 543 3057 684 3110; x_wconf 90' lang='lat' dir='ltr'><strong>esse,</strong></span> <span class='ocrx_word' id='word_1_369' title='bbox 720 3045 938 3103; x_wconf 90' lang='lat' dir='ltr'><strong>divinus</strong></span> <span class='ocrx_word' id='word_1_370' title='bbox 969 3049 1218 3104; x_wconf 86' lang='lat' dir='ltr'><strong>videlicet</strong></span> <span class='ocrx_word' id='word_1_371' title='bbox 1262 3059 1424 3120; x_wconf 84' lang='lat' dir='ltr'><strong>atque</strong></span> <span class='ocrx_word' id='word_1_372' title='bbox 1472 3051 1746 3107; x_wconf 90' lang='lat' dir='ltr'><strong>humanus</strong></span> <span class='ocrx_word' id='word_1_373' title='bbox 1801 3053 1874 3108; x_wconf 91' lang='lat' dir='ltr'><strong>ob</strong></span> 
     </span>
    </p>
   </div>
   <div class='ocr_carea' id='block_1_51' title="bbox 310 3133 1868 3213">
    <p class='ocr_par' dir='ltr' id='par_1_51' title="bbox 310 3133 1868 3213">
     <span class='ocr_line' id='line_1_51' title="bbox 310 3133 1868 3213; baseline 0.006 -25"><span class='ocrx_word' id='word_1_374' title='bbox 310 3133 596 3205; x_wconf 87' lang='lat' dir='ltr'><strong>utriusque</strong></span> <span class='ocrx_word' id='word_1_375' title='bbox 641 3149 850 3192; x_wconf 71' lang='lat' dir='ltr'><strong>natura:</strong></span> <span class='ocrx_word' id='word_1_376' title='bbox 891 3139 1301 3208; x_wconf 85' lang='lat' dir='ltr'><strong>perfectionem.</strong></span> <span class='ocrx_word' id='word_1_377' title='bbox 1339 3141 1429 3198; x_wconf 92' lang='lat' dir='ltr'><strong>Sic</strong></span> <span class='ocrx_word' id='word_1_378' title='bbox 1465 3143 1646 3213; x_wconf 88' lang='lat' dir='ltr'><strong>itaque</strong></span> <span class='ocrx_word' id='word_1_379' title='bbox 1677 3142 1868 3198; x_wconf 84' lang='lat' dir='ltr'><strong>Salva-</strong></span> 
     </span>
    </p>
   </div>
   <div class='ocr_carea' id='block_1_52' title="bbox 309 3228 1874 3298">
    <p class='ocr_par' dir='ltr' id='par_1_52' title="bbox 309 3228 1874 3298">
     <span class='ocr_line' id='line_1_52' title="bbox 309 3228 1874 3298; baseline 0.006 -18"><span class='ocrx_word' id='word_1_380' title='bbox 309 3228 442 3282; x_wconf 88' lang='lat' dir='ltr'><strong>toris</strong></span> <span class='ocrx_word' id='word_1_381' title='bbox 491 3228 696 3284; x_wconf 80' lang='lat' dir='ltr'><strong>Christi</strong></span> <span class='ocrx_word' id='word_1_382' title='bbox 733 3232 1083 3298; x_wconf 83' lang='lat' dir='ltr'><strong>vocabulum,</strong></span> <span class='ocrx_word' id='word_1_383' title='bbox 1112 3249 1256 3288; x_wconf 91' lang='lat' dir='ltr'><strong>nunc</strong></span> <span class='ocrx_word' id='word_1_384' title='bbox 1309 3234 1478 3287; x_wconf 90' lang='lat' dir='ltr'><strong>solam</strong></span> <span class='ocrx_word' id='word_1_385' title='bbox 1533 3236 1784 3290; x_wconf 90' lang='lat' dir='ltr'><strong>deitatem</strong></span> <span class='ocrx_word' id='word_1_386' title='bbox 1814 3245 1874 3290; x_wconf 93' lang='lat' dir='ltr'><strong>ut</strong></span> 
     </span>
    </p>
   </div>
   <div class='ocr_carea' id='block_1_53' title="bbox 310 3319 1875 3395">
    <p class='ocr_par' dir='ltr' id='par_1_53' title="bbox 310 3319 1875 3395">
     <span class='ocr_line' id='line_1_53' title="bbox 310 3319 1875 3395; baseline 0.006 -23"><span class='ocrx_word' id='word_1_387' title='bbox 310 3319 458 3374; x_wconf 91' lang='lat' dir='ltr'><strong>nullo</strong></span> <span class='ocrx_word' id='word_1_388' title='bbox 517 3321 842 3390; x_wconf 80' lang='lat' dir='ltr'><strong>indigentem</strong></span> <span class='ocrx_word' id='word_1_389' title='bbox 892 3333 944 3378; x_wconf 92' lang='lat' dir='ltr'><strong>et</strong></span> <span class='ocrx_word' id='word_1_390' title='bbox 985 3323 1278 3392; x_wconf 89' lang='lat' dir='ltr'><strong>perfectam</strong></span> <span class='ocrx_word' id='word_1_391' title='bbox 1307 3327 1517 3395; x_wconf 27' lang='lat' dir='ltr'><strong>.(modo</strong></span> <span class='ocrx_word' id='word_1_392' title='bbox 1566 3327 1875 3381; x_wconf 80' lang='lat' dir='ltr'><strong>humanita-</strong></span> 
     </span>
    </p>
   </div>
   <div class='ocr_carea' id='block_1_54' title="bbox 309 3413 1875 3486">
    <p class='ocr_par' dir='ltr' id='par_1_54' title="bbox 309 3413 1875 3486">
     <span class='ocr_line' id='line_1_54' title="bbox 309 3413 1875 3486; baseline 0.005 -21"><span class='ocrx_word' id='word_1_393' title='bbox 309 3413 465 3483; x_wconf 88' lang='lat' dir='ltr'><strong>tem),</strong></span> <span class='ocrx_word' id='word_1_394' title='bbox 501 3430 645 3468; x_wconf 87' lang='lat' dir='ltr'><strong>nunc</strong></span> <span class='ocrx_word' id='word_1_395' title='bbox 674 3424 985 3485; x_wconf 91' lang='lat' dir='ltr'><strong>utrumque,</strong></span> <span class='ocrx_word' id='word_1_396' title='bbox 1017 3427 1074 3470; x_wconf 92' lang='lat' dir='ltr'><strong>ut</strong></span> <span class='ocrx_word' id='word_1_397' title='bbox 1102 3419 1276 3486; x_wconf 88' lang='lat' dir='ltr'><strong>palam</strong></span> <span class='ocrx_word' id='word_1_398' title='bbox 1305 3418 1398 3472; x_wconf 85' lang='lat' dir='ltr'><strong>fiat</strong></span> <span class='ocrx_word' id='word_1_399' title='bbox 1424 3419 1653 3473; x_wconf 88' lang='lat' dir='ltr'><strong>duarum</strong></span> <span class='ocrx_word' id='word_1_400' title='bbox 1679 3420 1875 3474; x_wconf 85' lang='lat' dir='ltr'><strong>discri-</strong></span> 
     </span>
    </p>
   </div>
   <div class='ocr_carea' id='block_1_55' title="bbox 310 3503 1875 3578">
    <p class='ocr_par' dir='ltr' id='par_1_55' title="bbox 310 3503 1875 3578">
     <span class='ocr_line' id='line_1_55' title="bbox 310 3503 1875 3578; baseline 0.005 -22"><span class='ocrx_word' id='word_1_401' title='bbox 310 3518 433 3557; x_wconf 92' lang='lat' dir='ltr'><strong>men</strong></span> <span class='ocrx_word' id='word_1_402' title='bbox 468 3513 521 3557; x_wconf 91' lang='lat' dir='ltr'><strong>et</strong></span> <span class='ocrx_word' id='word_1_403' title='bbox 543 3503 803 3573; x_wconf 85' lang='lat' dir='ltr'><strong>perfectio</strong></span> <span class='ocrx_word' id='word_1_404' title='bbox 831 3516 1173 3568; x_wconf 84' lang='lat' dir='ltr'><strong>naturarum.</strong></span> <span class='ocrx_word' id='word_1_405' title='bbox 1208 3517 1370 3578; x_wconf 88' lang='lat' dir='ltr'><strong>atque</strong></span> <span class='ocrx_word' id='word_1_406' title='bbox 1420 3509 1564 3563; x_wconf 90' lang='lat' dir='ltr'><strong>illius</strong></span> <span class='ocrx_word' id='word_1_407' title='bbox 1597 3511 1875 3577; x_wconf 68' lang='lat' dir='ltr'><strong>stupendae</strong></span> 
     </span>
    </p>
   </div>
   <div class='ocr_carea' id='block_1_56' title="bbox 309 3593 1874 3666">
    <p class='ocr_par' dir='ltr' id='par_1_56' title="bbox 309 3593 1874 3666">
     <span class='ocr_line' id='line_1_56' title="bbox 309 3593 1874 3666; baseline 0.004 -18"><span class='ocrx_word' id='word_1_408' title='bbox 309 3593 712 3663; x_wconf 86' lang='lat' dir='ltr'><strong>conjunctionis</strong></span> <span class='ocrx_word' id='word_1_409' title='bbox 741 3612 1031 3666; x_wconf 91' lang='lat' dir='ltr'><strong>personam</strong></span> <span class='ocrx_word' id='word_1_410' title='bbox 1069 3599 1354 3654; x_wconf 85' lang='lat' dir='ltr'><strong>indivisam</strong></span> <span class='ocrx_word' id='word_1_411' title='bbox 1383 3616 1502 3655; x_wconf 78' lang='lat' dir='ltr'><strong>esse</strong></span> <span class='ocrx_word' id='word_1_412' title='bbox 1536 3620 1547 3654; x_wconf 92' lang='lat'><strong>:</strong></span> <span class='ocrx_word' id='word_1_413' title='bbox 1589 3599 1754 3665; x_wconf 85' lang='lat' dir='ltr'><strong>Unus,</strong></span> <span class='ocrx_word' id='word_1_414' title='bbox 1793 3601 1874 3654; x_wconf 87' lang='lat' dir='ltr'><strong>in-</strong></span> 
     </span>
    </p>
   </div>
   <div class='ocr_carea' id='block_1_57' title="bbox 310 3684 1870 3761">
    <p class='ocr_par' dir='ltr' id='par_1_57' title="bbox 310 3684 1870 3761">
     <span class='ocr_line' id='line_1_57' title="bbox 310 3684 1870 3761; baseline 0.007 -26"><span class='ocrx_word' id='word_1_415' title='bbox 310 3685 450 3752; x_wconf 87' lang='lat' dir='ltr'><strong>quit,</strong></span> <span class='ocrx_word' id='word_1_416' title='bbox 480 3684 733 3740; x_wconf 80' lang='lat' dir='ltr'><strong>Dominus</strong></span> <span class='ocrx_word' id='word_1_417' title='bbox 765 3686 921 3741; x_wconf 76' lang='lat' dir='ltr'><strong>Jesus</strong></span> <span class='ocrx_word' id='word_1_418' title='bbox 957 3689 1197 3743; x_wconf 80' lang='lat' dir='ltr'><strong>Christus</strong></span> <span class='ocrx_word' id='word_1_419' title='bbox 1224 3730 1237 3754; x_wconf 93' lang='lat'><strong>,</strong></span> <span class='ocrx_word' id='word_1_420' title='bbox 1281 3707 1373 3760; x_wconf 81' lang='lat' dir='ltr'><strong>per</strong></span> <span class='ocrx_word' id='word_1_421' title='bbox 1407 3708 1555 3761; x_wconf 86' lang='lat' dir='ltr'><strong>quem</strong></span> <span class='ocrx_word' id='word_1_422' title='bbox 1585 3693 1761 3745; x_wconf 81' lang='lat' dir='ltr'><strong>omnia</strong></span> <span class='ocrx_word' id='word_1_423' title='bbox 1781 3693 1826 3724; x_wconf 78' lang='lat'><strong>&quot;</strong></span> <span class='ocrx_word' id='word_1_424' title='bbox 1859 3713 1870 3746; x_wconf 92' lang='lat'><strong>:</strong></span> 
     </span>
    </p>
   </div>
   <div class='ocr_carea' id='block_1_58' title="bbox 311 3773 1874 3849">
    <p class='ocr_par' dir='ltr' id='par_1_58' title="bbox 311 3773 1874 3849">
     <span class='ocr_line' id='line_1_58' title="bbox 311 3773 1874 3849; baseline 0.006 -21"><span class='ocrx_word' id='word_1_425' title='bbox 311 3773 628 3842; x_wconf 87' lang='lat' dir='ltr'><strong>hujusmodi</strong></span> <span class='ocrx_word' id='word_1_426' title='bbox 659 3777 983 3847; x_wconf 78' lang='lat' dir='ltr'><strong>significatio</strong></span> <span class='ocrx_word' id='word_1_427' title='bbox 1026 3781 1093 3834; x_wconf 82' lang='lat' dir='ltr'><strong>ad</strong></span> <span class='ocrx_word' id='word_1_428' title='bbox 1137 3781 1390 3835; x_wconf 87' lang='lat' dir='ltr'><strong>deitatem</strong></span> <span class='ocrx_word' id='word_1_429' title='bbox 1443 3784 1717 3849; x_wconf 79' lang='lat' dir='ltr'><strong>pertinet:</strong></span> <span class='ocrx_word' id='word_1_430' title='bbox 1764 3799 1874 3837; x_wconf 89' lang='lat' dir='ltr'><strong>non</strong></span> 
     </span>
    </p>
   </div>
   <div class='ocr_carea' id='block_1_59' title="bbox 312 3865 1873 3941">
    <p class='ocr_par' dir='ltr' id='par_1_59' title="bbox 312 3865 1873 3941">
     <span class='ocr_line' id='line_1_59' title="bbox 312 3865 1873 3941; baseline 0.01 -24"><span class='ocrx_word' id='word_1_431' title='bbox 312 3865 456 3918; x_wconf 88' lang='lat' dir='ltr'><strong>enim</strong></span> <span class='ocrx_word' id='word_1_432' title='bbox 481 3881 604 3920; x_wconf 86' lang='lat' dir='ltr'><strong>cum</strong></span> <span class='ocrx_word' id='word_1_433' title='bbox 633 3883 795 3923; x_wconf 90' lang='lat' dir='ltr'><strong>carne</strong></span> <span class='ocrx_word' id='word_1_434' title='bbox 823 3879 941 3923; x_wconf 87' lang='lat' dir='ltr'><strong>erat</strong></span> <span class='ocrx_word' id='word_1_435' title='bbox 971 3887 1092 3925; x_wconf 88' lang='lat' dir='ltr'><strong>cum</strong></span> <span class='ocrx_word' id='word_1_436' title='bbox 1122 3874 1304 3926; x_wconf 91' lang='lat' dir='ltr'><strong>omnia</strong></span> <span class='ocrx_word' id='word_1_437' title='bbox 1347 3886 1575 3929; x_wconf 87' lang='lat' dir='ltr'><strong>crearet.</strong></span> <span class='ocrx_word' id='word_1_438' title='bbox 1623 3874 1834 3932; x_wconf 83' lang='lat' dir='ltr'><strong>Rursus</strong></span> <span class='ocrx_word' id='word_1_439' title='bbox 1857 3916 1873 3941; x_wconf 90' lang='lat'><strong>,</strong></span> 
     </span>
    </p>
   </div>
   <div class='ocr_carea' id='block_1_60' title="bbox 313 3956 1878 4035">
    <p class='ocr_par' dir='ltr' id='par_1_60' title="bbox 313 3956 1878 4035">
     <span class='ocr_line' id='line_1_60' title="bbox 313 3956 1878 4035; baseline 0.01 -26"><span class='ocrx_word' id='word_1_440' title='bbox 313 3956 360 4010; x_wconf 90' lang='lat' dir='ltr'><strong>si</strong></span> <span class='ocrx_word' id='word_1_441' title='bbox 390 3958 628 4025; x_wconf 83' lang='lat' dir='ltr'><strong>patibilis</strong></span> <span class='ocrx_word' id='word_1_442' title='bbox 661 3960 913 4016; x_wconf 83' lang='lat' dir='ltr'><strong>Christus</strong></span> <span class='ocrx_word' id='word_1_443' title='bbox 941 3963 1154 4017; x_wconf 90' lang='lat' dir='ltr'><strong>dicatur</strong></span> <span class='ocrx_word' id='word_1_444' title='bbox 1179 3981 1196 4031; x_wconf 87' lang='lat'><strong>;</strong></span> <span class='ocrx_word' id='word_1_445' title='bbox 1228 3965 1298 4018; x_wconf 87' lang='lat' dir='ltr'><strong>ita</strong></span> <span class='ocrx_word' id='word_1_446' title='bbox 1327 3981 1520 4035; x_wconf 87' lang='lat' dir='ltr'><strong>nempe</strong></span> <span class='ocrx_word' id='word_1_447' title='bbox 1544 3968 1776 4033; x_wconf 88' lang='lat' dir='ltr'><strong>dicitur,</strong></span> <span class='ocrx_word' id='word_1_448' title='bbox 1818 3977 1878 4023; x_wconf 94' lang='lat' dir='ltr'><strong>ut</strong></span> 
     </span>
    </p>
   </div>
   <div class='ocr_carea' id='block_1_61' title="bbox 315 4048 1874 4124">
    <p class='ocr_par' dir='ltr' id='par_1_61' title="bbox 315 4048 1874 4124">
     <span class='ocr_line' id='line_1_61' title="bbox 315 4048 1874 4124; baseline 0.008 -24"><span class='ocrx_word' id='word_1_449' title='bbox 315 4048 566 4103; x_wconf 67' lang='lat' dir='ltr'><strong>humanae</strong></span> <span class='ocrx_word' id='word_1_450' title='bbox 586 4066 707 4119; x_wconf 62' lang='lat' dir='ltr'><strong>quas</strong></span> <span class='ocrx_word' id='word_1_451' title='bbox 735 4067 891 4121; x_wconf 88' lang='lat' dir='ltr'><strong>passa</strong></span> <span class='ocrx_word' id='word_1_452' title='bbox 915 4062 997 4108; x_wconf 89' lang='lat' dir='ltr'><strong>est</strong></span> <span class='ocrx_word' id='word_1_453' title='bbox 1025 4063 1232 4109; x_wconf 69' lang='lat' dir='ltr'><strong>natura:</strong></span> <span class='ocrx_word' id='word_1_454' title='bbox 1257 4055 1518 4124; x_wconf 89' lang='lat' dir='ltr'><strong>perfectio</strong></span> <span class='ocrx_word' id='word_1_455' title='bbox 1537 4059 1874 4114; x_wconf 88' lang='lat' dir='ltr'><strong>ostendatur.</strong></span> 
     </span>
    </p>
   </div>
   <div class='ocr_carea' id='block_1_62' title="bbox 312 4136 1879 4215">
    <p class='ocr_par' dir='ltr' id='par_1_62' title="bbox 312 4136 1879 4215">
     <span class='ocr_line' id='line_1_62' title="bbox 312 4136 1879 4215; baseline 0.01 -24"><span class='ocrx_word' id='word_1_456' title='bbox 312 4136 428 4194; x_wconf 83' lang='lat' dir='ltr'><strong>Non</strong></span> <span class='ocrx_word' id='word_1_457' title='bbox 455 4142 597 4194; x_wconf 90' lang='lat' dir='ltr'><strong>enim</strong></span> <span class='ocrx_word' id='word_1_458' title='bbox 622 4143 697 4196; x_wconf 87' lang='lat' dir='ltr'><strong>ait</strong></span> <span class='ocrx_word' id='word_1_459' title='bbox 723 4146 994 4212; x_wconf 86' lang='lat' dir='ltr'><strong>patibilem</strong></span> <span class='ocrx_word' id='word_1_460' title='bbox 1020 4162 1141 4201; x_wconf 90' lang='lat' dir='ltr'><strong>esse</strong></span> <span class='ocrx_word' id='word_1_461' title='bbox 1167 4159 1396 4215; x_wconf 74' lang='lat' dir='ltr'><strong>partem,</strong></span> <span class='ocrx_word' id='word_1_462' title='bbox 1433 4156 1490 4202; x_wconf 90' lang='lat' dir='ltr'><strong>ut</strong></span> <span class='ocrx_word' id='word_1_463' title='bbox 1518 4151 1641 4203; x_wconf 92' lang='lat' dir='ltr'><strong>novi</strong></span> <span class='ocrx_word' id='word_1_464' title='bbox 1669 4151 1756 4205; x_wconf 87' lang='lat' dir='ltr'><strong>isti</strong></span> <span class='ocrx_word' id='word_1_465' title='bbox 1781 4151 1879 4205; x_wconf 89' lang='lat' dir='ltr'><strong>do-</strong></span> 
     </span>
    </p>
   </div>
   <div class='ocr_carea' id='block_1_63' title="bbox 314 4233 1875 4300">
    <p class='ocr_par' dir='ltr' id='par_1_63' title="bbox 314 4233 1875 4300">
     <span class='ocr_line' id='line_1_63' title="bbox 314 4233 1875 4300; baseline 0.008 -16"><span class='ocrx_word' id='word_1_466' title='bbox 314 4233 602 4300; x_wconf 67' lang='lat' dir='ltr'><strong>gmatistze.</strong></span> <span class='ocrx_word' id='word_1_467' title='bbox 623 4233 733 4290; x_wconf 85' lang='lat' dir='ltr'><strong>Nec</strong></span> <span class='ocrx_word' id='word_1_468' title='bbox 751 4237 893 4290; x_wconf 89' lang='lat' dir='ltr'><strong>enim</strong></span> <span class='ocrx_word' id='word_1_469' title='bbox 920 4239 994 4290; x_wconf 87' lang='lat' dir='ltr'><strong>ait</strong></span> <span class='ocrx_word' id='word_1_470' title='bbox 1024 4256 1036 4290; x_wconf 89' lang='lat'><strong>:</strong></span> <span class='ocrx_word' id='word_1_471' title='bbox 1071 4240 1296 4294; x_wconf 68' lang='lat' dir='ltr'><strong>l’atibile</strong></span> <span class='ocrx_word' id='word_1_472' title='bbox 1322 4250 1407 4294; x_wconf 89' lang='lat' dir='ltr'><strong>est</strong></span> <span class='ocrx_word' id='word_1_473' title='bbox 1431 4240 1664 4295; x_wconf 83' lang='lat' dir='ltr'><strong>Verbum</strong></span> <span class='ocrx_word' id='word_1_474' title='bbox 1693 4258 1875 4297; x_wconf 88' lang='lat' dir='ltr'><strong>carne.</strong></span> 
     </span>
    </p>
   </div>
   <div class='ocr_carea' id='block_1_64' title="bbox 314 4321 1878 4399">
    <p class='ocr_par' dir='ltr' id='par_1_64' title="bbox 314 4321 1878 4399">
     <span class='ocr_line' id='line_1_64' title="bbox 314 4321 1878 4399; baseline 0.008 -25"><span class='ocrx_word' id='word_1_475' title='bbox 314 4321 636 4391; x_wconf 89' lang='lat' dir='ltr'><strong>Hujusmodi</strong></span> <span class='ocrx_word' id='word_1_476' title='bbox 668 4341 800 4381; x_wconf 74' lang='lat' dir='ltr'><strong>Sane</strong></span> <span class='ocrx_word' id='word_1_477' title='bbox 829 4343 962 4382; x_wconf 73' lang='lat' dir='ltr'><strong>voce</strong></span> <span class='ocrx_word' id='word_1_478' title='bbox 993 4339 1284 4399; x_wconf 87' lang='lat' dir='ltr'><strong>utrumque</strong></span> <span class='ocrx_word' id='word_1_479' title='bbox 1311 4331 1638 4396; x_wconf 79' lang='lat' dir='ltr'><strong>declaratur,</strong></span> <span class='ocrx_word' id='word_1_480' title='bbox 1676 4333 1751 4385; x_wconf 89' lang='lat' dir='ltr'><strong>uti</strong></span> <span class='ocrx_word' id='word_1_481' title='bbox 1784 4349 1878 4387; x_wconf 57' lang='lat' dir='ltr'><strong>su.</strong></span> 
     </span>
    </p>
   </div>
   <div class='ocr_carea' id='block_1_65' title="bbox 1966 1851 3538 1939">
    <p class='ocr_par' dir='ltr' id='par_1_65' title="bbox 1966 1851 3538 1939">
     <span class='ocr_line' id='line_1_65' title="bbox 1966 1851 3538 1939; baseline -0.013 -17"><span class='ocrx_word' id='word_1_482' title='bbox 1966 1870 2147 1939; x_wconf 85' lang='grc' dir='ltr'>ὅμοιον</span> <span class='ocrx_word' id='word_1_483' title='bbox 2182 1866 2392 1938; x_wconf 76' lang='grc' dir='ltr'>ἔχοντι;</span> <span class='ocrx_word' id='word_1_484' title='bbox 2424 1866 2485 1918; x_wconf 79' lang='grc' dir='ltr'><strong>Εἰ</strong></span> <span class='ocrx_word' id='word_1_485' title='bbox 2532 1865 2624 1918; x_wconf 88' lang='grc' dir='ltr'><strong>δύο</strong></span> <span class='ocrx_word' id='word_1_486' title='bbox 2669 1862 2935 1933; x_wconf 87' lang='grc' dir='ltr'>πρόσωπα</span> <span class='ocrx_word' id='word_1_487' title='bbox 2972 1856 3150 1914; x_wconf 81' lang='grc' dir='ltr'>τέλεια</span> <span class='ocrx_word' id='word_1_488' title='bbox 3197 1851 3538 1917; x_wconf 81' lang='grc' dir='ltr'>ὑποδείξειαν</span> 
     </span>
    </p>
   </div>
   <div class='ocr_carea' id='block_1_66' title="bbox 1967 1940 3540 2030">
    <p class='ocr_par' dir='ltr' id='par_1_66' title="bbox 1967 1940 3540 2030">
     <span class='ocr_line' id='line_1_66' title="bbox 1967 1940 3540 2030; baseline -0.014 -16"><span class='ocrx_word' id='word_1_489' title='bbox 1967 1963 2045 2024; x_wconf 85' lang='grc' dir='ltr'><strong>εἰς</strong></span> <span class='ocrx_word' id='word_1_490' title='bbox 2077 1959 2202 2030; x_wconf 82' lang='grc' dir='ltr'>μίαν</span> <span class='ocrx_word' id='word_1_491' title='bbox 2232 1955 2674 2029; x_wconf 83' lang='grc' dir='ltr'>μεθαρμοσθέντα</span> <span class='ocrx_word' id='word_1_492' title='bbox 2709 1952 2914 2016; x_wconf 86' lang='grc' dir='ltr'>οὐσίαν,</span> <span class='ocrx_word' id='word_1_493' title='bbox 2940 1949 3118 2010; x_wconf 83' lang='grc' dir='ltr'>καλῶς</span> <span class='ocrx_word' id='word_1_494' title='bbox 3151 1945 3454 2016; x_wconf 78' lang='grc' dir='ltr'>προέφερον</span> <span class='ocrx_word' id='word_1_495' title='bbox 3478 1940 3540 1992; x_wconf 79' lang='grc' dir='ltr'>τὸ</span> 
     </span>
    </p>
   </div>
   <div class='ocr_carea' id='block_1_67' title="bbox 1969 2033 3538 2121">
    <p class='ocr_par' dir='ltr' id='par_1_67' title="bbox 1969 2033 3538 2121">
     <span class='ocr_line' id='line_1_67' title="bbox 1969 2033 3538 2121; baseline -0.014 -15"><span class='ocrx_word' id='word_1_496' title='bbox 1969 2052 2298 2121; x_wconf 85' lang='grc' dir='ltr'>ὑπόδειγμα·</span> <span class='ocrx_word' id='word_1_497' title='bbox 2332 2048 2425 2102; x_wconf 86' lang='grc' dir='ltr'><strong>δύο</strong></span> <span class='ocrx_word' id='word_1_498' title='bbox 2461 2049 2517 2101; x_wconf 82' lang='grc' dir='ltr'>δὲ</span> <span class='ocrx_word' id='word_1_499' title='bbox 2549 2047 2687 2118; x_wconf 91' lang='grc' dir='ltr'>μέρη</span> <span class='ocrx_word' id='word_1_500' title='bbox 2719 2045 2835 2107; x_wconf 82' lang='grc' dir='ltr'>ἑνὸς</span> <span class='ocrx_word' id='word_1_501' title='bbox 2858 2041 3146 2114; x_wconf 84' lang='grc' dir='ltr'>προσώπου</span> <span class='ocrx_word' id='word_1_502' title='bbox 3175 2038 3447 2106; x_wconf 83' lang='grc' dir='ltr'>λέγοντες,</span> <span class='ocrx_word' id='word_1_503' title='bbox 3477 2033 3538 2085; x_wconf 88' lang='grc' dir='ltr'><strong>ού</strong></span> 
     </span>
    </p>
   </div>
   <div class='ocr_carea' id='block_1_68' title="bbox 1968 2125 3539 2211">
    <p class='ocr_par' dir='ltr' id='par_1_68' title="bbox 1968 2125 3539 2211">
     <span class='ocr_line' id='line_1_68' title="bbox 1968 2125 3539 2211; baseline -0.013 -16"><span class='ocrx_word' id='word_1_504' title='bbox 1968 2143 2060 2195; x_wconf 86' lang='grc' dir='ltr'><strong>δύο</strong></span> <span class='ocrx_word' id='word_1_505' title='bbox 2093 2141 2358 2211; x_wconf 85' lang='grc' dir='ltr'>πρόσωπα</span> <span class='ocrx_word' id='word_1_506' title='bbox 2389 2139 2658 2205; x_wconf 86' lang='grc' dir='ltr'>λέγουσιν.</span> <span class='ocrx_word' id='word_1_507' title='bbox 2693 2136 2901 2205; x_wconf 81' lang='grc' dir='ltr'>Ὠσπερ</span> <span class='ocrx_word' id='word_1_508' title='bbox 2929 2132 3047 2184; x_wconf 76' lang='grc' dir='ltr'>ούδὲ</span> <span class='ocrx_word' id='word_1_509' title='bbox 3073 2127 3218 2200; x_wconf 75' lang='grc' dir='ltr'>ψυχὴ</span> <span class='ocrx_word' id='word_1_510' title='bbox 3249 2126 3344 2181; x_wconf 75' lang='grc' dir='ltr'><strong>καὶ</strong></span> <span class='ocrx_word' id='word_1_511' title='bbox 3379 2125 3539 2193; x_wconf 87' lang='grc' dir='ltr'>σῶμα</span> 
     </span>
    </p>
   </div>
   <div class='ocr_carea' id='block_1_69' title="bbox 1967 2213 3540 2298">
    <p class='ocr_par' dir='ltr' id='par_1_69' title="bbox 1967 2213 3540 2298">
     <span class='ocr_line' id='line_1_69' title="bbox 1967 2213 3540 2298; baseline -0.016 -9"><span class='ocrx_word' id='word_1_512' title='bbox 1967 2236 2059 2290; x_wconf 92' lang='grc' dir='ltr'><strong>δύο</strong></span> <span class='ocrx_word' id='word_1_513' title='bbox 2076 2234 2257 2287; x_wconf 79' lang='grc' dir='ltr'>τέλεια</span> <span class='ocrx_word' id='word_1_514' title='bbox 2286 2230 2399 2298; x_wconf 76' lang='grc' dir='ltr'><strong>ζῶα</strong></span> <span class='ocrx_word' id='word_1_515' title='bbox 2417 2245 2431 2258; x_wconf 84' lang='lat'>&#39;</span> <span class='ocrx_word' id='word_1_516' title='bbox 2463 2229 2557 2282; x_wconf 80' lang='grc' dir='ltr'>τοῦ</span> <span class='ocrx_word' id='word_1_517' title='bbox 2586 2226 2842 2280; x_wconf 87' lang='grc' dir='ltr'>δεσπότου</span> <span class='ocrx_word' id='word_1_518' title='bbox 2873 2219 3107 2294; x_wconf 81' lang='grc' dir='ltr'>Χριστοῦ</span> <span class='ocrx_word' id='word_1_519' title='bbox 3138 2217 3208 2271; x_wconf 89' lang='grc' dir='ltr'><strong>τά</strong></span> <span class='ocrx_word' id='word_1_520' title='bbox 3233 2215 3327 2270; x_wconf 89' lang='grc' dir='ltr'><strong>δύο</strong></span> <span class='ocrx_word' id='word_1_521' title='bbox 3347 2213 3540 2268; x_wconf 84' lang='grc' dir='ltr'>καλου-</span> 
     </span>
    </p>
   </div>
   <div class='ocr_carea' id='block_1_70' title="bbox 1973 2305 3539 2397">
    <p class='ocr_par' dir='ltr' id='par_1_70' title="bbox 1973 2305 3539 2397">
     <span class='ocr_line' id='line_1_70' title="bbox 1973 2305 3539 2397; baseline -0.015 -17"><span class='ocrx_word' id='word_1_522' title='bbox 1973 2327 2154 2397; x_wconf 88' lang='grc' dir='ltr'>μένου,</span> <span class='ocrx_word' id='word_1_523' title='bbox 2183 2326 2274 2377; x_wconf 73' lang='grc' dir='ltr'><strong>καὶ</strong></span> <span class='ocrx_word' id='word_1_524' title='bbox 2306 2321 2448 2374; x_wconf 86' lang='grc' dir='ltr'>θείου</span> <span class='ocrx_word' id='word_1_525' title='bbox 2479 2320 2572 2374; x_wconf 75' lang='grc' dir='ltr'><strong>καὶ</strong></span> <span class='ocrx_word' id='word_1_526' title='bbox 2603 2316 2961 2387; x_wconf 88' lang='grc' dir='ltr'>ἀνθρωπίνου,</span> <span class='ocrx_word' id='word_1_527' title='bbox 2987 2312 3072 2366; x_wconf 70' lang='grc' dir='ltr'><strong>διὰ</strong></span> <span class='ocrx_word' id='word_1_528' title='bbox 3111 2310 3171 2362; x_wconf 86' lang='grc' dir='ltr'><strong>τὸ</strong></span> <span class='ocrx_word' id='word_1_529' title='bbox 3199 2308 3402 2362; x_wconf 84' lang='grc' dir='ltr'>τέλειον</span> <span class='ocrx_word' id='word_1_530' title='bbox 3430 2305 3539 2374; x_wconf 78' lang='grc' dir='ltr'>ἀμ-</span> 
     </span>
    </p>
   </div>
   <div class='ocr_carea' id='block_1_71' title="bbox 1970 2397 3542 2486">
    <p class='ocr_par' dir='ltr' id='par_1_71' title="bbox 1970 2397 3542 2486">
     <span class='ocr_line' id='line_1_71' title="bbox 1970 2397 3542 2486; baseline -0.014 -17"><span class='ocrx_word' id='word_1_531' title='bbox 1970 2415 2229 2486; x_wconf 83' lang='grc' dir='ltr'>φοτέρων.</span> <span class='ocrx_word' id='word_1_532' title='bbox 2273 2409 2429 2464; x_wconf 74' lang='grc' dir='ltr'>Οὕτω</span> <span class='ocrx_word' id='word_1_533' title='bbox 2470 2408 2600 2477; x_wconf 78' lang='grc' dir='ltr'>γοῦν</span> <span class='ocrx_word' id='word_1_534' title='bbox 2629 2410 2662 2477; x_wconf 82' lang='grc' dir='ltr'><strong>ἡ</strong></span> <span class='ocrx_word' id='word_1_535' title='bbox 2694 2406 2944 2476; x_wconf 78' lang='grc' dir='ltr'>Σωτῆρος</span> <span class='ocrx_word' id='word_1_536' title='bbox 2973 2401 3066 2456; x_wconf 82' lang='grc' dir='ltr'>τοῦ</span> <span class='ocrx_word' id='word_1_537' title='bbox 3103 2397 3339 2471; x_wconf 78' lang='grc' dir='ltr'>Χριστοῦ</span> <span class='ocrx_word' id='word_1_538' title='bbox 3375 2411 3542 2466; x_wconf 84' lang='grc' dir='ltr'>προσ-</span> 
     </span>
    </p>
   </div>
   <div class='ocr_carea' id='block_1_72' title="bbox 1970 2486 3540 2578">
    <p class='ocr_par' dir='ltr' id='par_1_72' title="bbox 1970 2486 3540 2578">
     <span class='ocr_line' id='line_1_72' title="bbox 1970 2486 3540 2578; baseline 0.001 -23"><span class='ocrx_word' id='word_1_539' title='bbox 1970 2506 2166 2578; x_wconf 80' lang='grc' dir='ltr'>ηγορία</span> <span class='ocrx_word' id='word_1_540' title='bbox 2199 2503 2292 2556; x_wconf 83' lang='grc' dir='ltr'>νῦν</span> <span class='ocrx_word' id='word_1_541' title='bbox 2325 2502 2420 2573; x_wconf 83' lang='grc' dir='ltr'><strong>μὲν</strong></span> <span class='ocrx_word' id='word_1_542' title='bbox 2454 2501 2604 2570; x_wconf 87' lang='grc' dir='ltr'>δηλοῖ</span> <span class='ocrx_word' id='word_1_543' title='bbox 2632 2501 2798 2570; x_wconf 89' lang='grc' dir='ltr'>μόνην</span> <span class='ocrx_word' id='word_1_544' title='bbox 2823 2495 2918 2567; x_wconf 82' lang='grc' dir='ltr'>τὴν</span> <span class='ocrx_word' id='word_1_545' title='bbox 2947 2495 3174 2564; x_wconf 81' lang='grc' dir='ltr'>θεότητα</span> <span class='ocrx_word' id='word_1_546' title='bbox 3204 2491 3280 2554; x_wconf 83' lang='grc' dir='ltr'><strong>ὡς</strong></span> <span class='ocrx_word' id='word_1_547' title='bbox 3313 2486 3540 2556; x_wconf 81' lang='grc' dir='ltr'>ἀνενδεῆ</span> 
     </span>
    </p>
   </div>
   <div class='ocr_carea' id='block_1_73' title="bbox 1970 2580 3542 2660">
    <p class='ocr_par' dir='ltr' id='par_1_73' title="bbox 1970 2580 3542 2660">
     <span class='ocr_line' id='line_1_73' title="bbox 1970 2580 3542 2660; baseline -0.012 -10"><span class='ocrx_word' id='word_1_548' title='bbox 1970 2599 2063 2650; x_wconf 77' lang='grc' dir='ltr'><strong>καὶ</strong></span> <span class='ocrx_word' id='word_1_549' title='bbox 2094 2596 2322 2659; x_wconf 89' lang='grc' dir='ltr'>τελείαν,</span> <span class='ocrx_word' id='word_1_550' title='bbox 2359 2594 2453 2647; x_wconf 81' lang='grc' dir='ltr'>νῦν</span> <span class='ocrx_word' id='word_1_551' title='bbox 2485 2593 2542 2646; x_wconf 84' lang='grc' dir='ltr'>δὲ</span> <span class='ocrx_word' id='word_1_552' title='bbox 2580 2591 2641 2644; x_wconf 87' lang='grc' dir='ltr'><strong>τὸ</strong></span> <span class='ocrx_word' id='word_1_553' title='bbox 2671 2589 3094 2660; x_wconf 87' lang='grc' dir='ltr'>συναμφότερον,</span> <span class='ocrx_word' id='word_1_554' title='bbox 3127 2586 3212 2640; x_wconf 86' lang='grc' dir='ltr'><strong>ἵνα</strong></span> <span class='ocrx_word' id='word_1_555' title='bbox 3231 2581 3415 2658; x_wconf 74' lang='grc' dir='ltr'>δειχθῇ</span> <span class='ocrx_word' id='word_1_556' title='bbox 3445 2580 3542 2632; x_wconf 77' lang='grc' dir='ltr'><strong>καὶ</strong></span> 
     </span>
    </p>
   </div>
   <div class='ocr_carea' id='block_1_74' title="bbox 1969 2673 3544 2758">
    <p class='ocr_par' dir='ltr' id='par_1_74' title="bbox 1969 2673 3544 2758">
     <span class='ocr_line' id='line_1_74' title="bbox 1969 2673 3544 2758; baseline -0.013 -14"><span class='ocrx_word' id='word_1_557' title='bbox 1969 2691 2076 2744; x_wconf 82' lang='grc' dir='ltr'><strong>τῶν</strong></span> <span class='ocrx_word' id='word_1_558' title='bbox 2103 2689 2196 2743; x_wconf 91' lang='grc' dir='ltr'><strong>δύο</strong></span> <span class='ocrx_word' id='word_1_559' title='bbox 2229 2689 2440 2758; x_wconf 80' lang='grc' dir='ltr'>φύσεων</span> <span class='ocrx_word' id='word_1_560' title='bbox 2472 2687 2532 2739; x_wconf 83' lang='grc' dir='ltr'><strong>τὸ</strong></span> <span class='ocrx_word' id='word_1_561' title='bbox 2559 2683 2812 2754; x_wconf 87' lang='grc' dir='ltr'>διάφορόν</span> <span class='ocrx_word' id='word_1_562' title='bbox 2846 2699 2906 2734; x_wconf 88' lang='grc' dir='ltr'><strong>τε</strong></span> <span class='ocrx_word' id='word_1_563' title='bbox 2937 2681 3030 2734; x_wconf 75' lang='grc' dir='ltr'><strong>καὶ</strong></span> <span class='ocrx_word' id='word_1_564' title='bbox 3059 2677 3283 2738; x_wconf 82' lang='grc' dir='ltr'>τέλειον,</span> <span class='ocrx_word' id='word_1_565' title='bbox 3315 2675 3412 2728; x_wconf 74' lang='grc' dir='ltr'>καὶ</span> <span class='ocrx_word' id='word_1_566' title='bbox 3441 2673 3544 2744; x_wconf 83' lang='grc' dir='ltr'>τῆς</span> 
     </span>
    </p>
   </div>
   <div class='ocr_carea' id='block_1_75' title="bbox 1973 2762 3540 2853">
    <p class='ocr_par' dir='ltr' id='par_1_75' title="bbox 1973 2762 3540 2853">
     <span class='ocr_line' id='line_1_75' title="bbox 1973 2762 3540 2853; baseline -0.013 -17"><span class='ocrx_word' id='word_1_567' title='bbox 1973 2783 2129 2853; x_wconf 83' lang='grc' dir='ltr'>ξένης</span> <span class='ocrx_word' id='word_1_568' title='bbox 2165 2779 2408 2842; x_wconf 81' lang='grc' dir='ltr'>ὲνώσεως</span> <span class='ocrx_word' id='word_1_569' title='bbox 2450 2778 2513 2830; x_wconf 89' lang='grc' dir='ltr'><strong>τὸ</strong></span> <span class='ocrx_word' id='word_1_570' title='bbox 2545 2776 2832 2848; x_wconf 82' lang='grc' dir='ltr'>πρόσωπον</span> <span class='ocrx_word' id='word_1_571' title='bbox 2865 2772 3104 2842; x_wconf 80' lang='grc' dir='ltr'>ἄτμητον</span> <span class='ocrx_word' id='word_1_572' title='bbox 3124 2785 3137 2798; x_wconf 94' lang='grc'><strong>·</strong></span> <span class='ocrx_word' id='word_1_573' title='bbox 3183 2762 3322 2833; x_wconf 77' lang='grc' dir='ltr'>Εἷς,</span> <span class='ocrx_word' id='word_1_574' title='bbox 3384 2763 3540 2833; x_wconf 72' lang='grc' dir='ltr'>φησὶ,</span> 
     </span>
    </p>
   </div>
   <div class='ocr_carea' id='block_1_76' title="bbox 1973 2854 3545 2942">
    <p class='ocr_par' dir='ltr' id='par_1_76' title="bbox 1973 2854 3545 2942">
     <span class='ocr_line' id='line_1_76' title="bbox 1973 2854 3545 2942; baseline -0.015 -12"><span class='ocrx_word' id='word_1_575' title='bbox 1973 2877 2186 2942; x_wconf 79' lang='grc' dir='ltr'>Κύριος</span> <span class='ocrx_word' id='word_1_576' title='bbox 2231 2870 2468 2939; x_wconf 86' lang='grc' dir='ltr'>Ἰησοῦς</span> <span class='ocrx_word' id='word_1_577' title='bbox 2503 2867 2778 2937; x_wconf 83' lang='grc' dir='ltr'>Χριστὸς,</span> <span class='ocrx_word' id='word_1_578' title='bbox 2818 2865 2890 2918; x_wconf 85' lang='grc' dir='ltr'>δι’</span> <span class='ocrx_word' id='word_1_579' title='bbox 2931 2860 3002 2918; x_wconf 88' lang='grc' dir='ltr'>οὗ</span> <span class='ocrx_word' id='word_1_580' title='bbox 3038 2863 3110 2915; x_wconf 83' lang='grc' dir='ltr'>τὰ</span> <span class='ocrx_word' id='word_1_581' title='bbox 3141 2859 3369 2914; x_wconf 70' lang='grc' dir='ltr'>πάντα·</span> <span class='ocrx_word' id='word_1_582' title='bbox 3405 2854 3545 2926; x_wconf 81' lang='grc' dir='ltr'>αὐτὴ</span> 
     </span>
    </p>
   </div>
   <div class='ocr_carea' id='block_1_77' title="bbox 1972 2947 3546 3038">
    <p class='ocr_par' dir='ltr' id='par_1_77' title="bbox 1972 2947 3546 3038">
     <span class='ocr_line' id='line_1_77' title="bbox 1972 2947 3546 3038; baseline -0.013 -18"><span class='ocrx_word' id='word_1_583' title='bbox 1972 2967 2201 3038; x_wconf 85' lang='grc' dir='ltr'>δήλωσις</span> <span class='ocrx_word' id='word_1_584' title='bbox 2240 2965 2338 3035; x_wconf 78' lang='grc' dir='ltr'>τῆς</span> <span class='ocrx_word' id='word_1_585' title='bbox 2378 2962 2658 3031; x_wconf 70' lang='grc' dir='ltr'>θεότητος·</span> <span class='ocrx_word' id='word_1_586' title='bbox 2691 2960 2750 3012; x_wconf 82' lang='grc' dir='ltr'><strong>οὐ</strong></span> <span class='ocrx_word' id='word_1_587' title='bbox 2790 2958 2897 3029; x_wconf 84' lang='grc' dir='ltr'>γὰρ</span> <span class='ocrx_word' id='word_1_588' title='bbox 2944 2955 3081 3027; x_wconf 88' lang='grc' dir='ltr'><strong>μετά</strong></span> <span class='ocrx_word' id='word_1_589' title='bbox 3129 2951 3328 3024; x_wconf 73' lang='grc' dir='ltr'>σαρκὸς</span> <span class='ocrx_word' id='word_1_590' title='bbox 3365 2949 3441 3002; x_wconf 84' lang='grc' dir='ltr'>ὣν</span> <span class='ocrx_word' id='word_1_591' title='bbox 3467 2947 3546 3038; x_wconf 75' lang='grc' dir='ltr'>τὰ</span> 
     </span>
    </p>
   </div>
   <div class='ocr_carea' id='block_1_78' title="bbox 1975 3037 3547 3124">
    <p class='ocr_par' dir='ltr' id='par_1_78' title="bbox 1975 3037 3547 3124">
     <span class='ocr_line' id='line_1_78' title="bbox 1975 3037 3547 3124; baseline -0.014 -14"><span class='ocrx_word' id='word_1_592' title='bbox 1975 3057 2150 3110; x_wconf 81' lang='grc' dir='ltr'>πάντα</span> <span class='ocrx_word' id='word_1_593' title='bbox 2189 3052 2609 3124; x_wconf 76' lang='grc' dir='ltr'>ἐδημιούργησε.</span> <span class='ocrx_word' id='word_1_594' title='bbox 2645 3049 2834 3113; x_wconf 85' lang='grc' dir='ltr'>Πάλιν,</span> <span class='ocrx_word' id='word_1_595' title='bbox 2868 3048 2916 3099; x_wconf 84' lang='grc' dir='ltr'><strong>εί</strong></span> <span class='ocrx_word' id='word_1_596' title='bbox 2951 3043 3190 3115; x_wconf 82' lang='grc' dir='ltr'>παθητὸς</span> <span class='ocrx_word' id='word_1_597' title='bbox 3219 3045 3247 3094; x_wconf 87' lang='grc' dir='ltr'>ὁ</span> <span class='ocrx_word' id='word_1_598' title='bbox 3286 3037 3547 3110; x_wconf 84' lang='grc' dir='ltr'>Χριστὸς,</span> 
     </span>
    </p>
   </div>
   <div class='ocr_carea' id='block_1_79' title="bbox 1976 3131 3546 3218">
    <p class='ocr_par' dir='ltr' id='par_1_79' title="bbox 1976 3131 3546 3218">
     <span class='ocr_line' id='line_1_79' title="bbox 1976 3131 3546 3218; baseline -0.013 -16"><span class='ocrx_word' id='word_1_599' title='bbox 1976 3151 2061 3202; x_wconf 76' lang='grc' dir='ltr'>ἵνα</span> <span class='ocrx_word' id='word_1_600' title='bbox 2089 3146 2272 3218; x_wconf 83' lang='grc' dir='ltr'>δειχθῇ</span> <span class='ocrx_word' id='word_1_601' title='bbox 2311 3146 2372 3198; x_wconf 83' lang='grc' dir='ltr'><strong>τὸ</strong></span> <span class='ocrx_word' id='word_1_602' title='bbox 2402 3145 2504 3213; x_wconf 80' lang='grc' dir='ltr'>τῆς</span> <span class='ocrx_word' id='word_1_603' title='bbox 2543 3140 2822 3212; x_wconf 75' lang='grc' dir='ltr'>παθούσης</span> <span class='ocrx_word' id='word_1_604' title='bbox 2860 3136 3278 3208; x_wconf 85' lang='grc' dir='ltr'>ἀνθρωπότητος</span> <span class='ocrx_word' id='word_1_605' title='bbox 3317 3131 3546 3185; x_wconf 86' lang='grc' dir='ltr'>τέλειον.</span> 
     </span>
    </p>
   </div>
   <div class='ocr_carea' id='block_1_80' title="bbox 1975 3224 3550 3310">
    <p class='ocr_par' dir='ltr' id='par_1_80' title="bbox 1975 3224 3550 3310">
     <span class='ocr_line' id='line_1_80' title="bbox 1975 3224 3550 3310; baseline -0.012 -18"><span class='ocrx_word' id='word_1_606' title='bbox 1975 3241 2049 3293; x_wconf 87' lang='grc' dir='ltr'>Ού</span> <span class='ocrx_word' id='word_1_607' title='bbox 2075 3238 2184 3310; x_wconf 83' lang='grc' dir='ltr'>γὰρ</span> <span class='ocrx_word' id='word_1_608' title='bbox 2215 3234 2334 3290; x_wconf 72' lang='grc' dir='ltr'>εἷπε</span> <span class='ocrx_word' id='word_1_609' title='bbox 2362 3234 2602 3306; x_wconf 80' lang='grc' dir='ltr'>παθητὸν</span> <span class='ocrx_word' id='word_1_610' title='bbox 2625 3233 2686 3286; x_wconf 88' lang='grc' dir='ltr'><strong>τὸ</strong></span> <span class='ocrx_word' id='word_1_611' title='bbox 2725 3232 2907 3302; x_wconf 89' lang='grc' dir='ltr'>μέρος,</span> <span class='ocrx_word' id='word_1_612' title='bbox 2941 3230 3018 3292; x_wconf 86' lang='grc' dir='ltr'>ὠς</span> <span class='ocrx_word' id='word_1_613' title='bbox 3058 3229 3106 3280; x_wconf 89' lang='grc' dir='ltr'>οἰ</span> <span class='ocrx_word' id='word_1_614' title='bbox 3136 3227 3245 3279; x_wconf 79' lang='grc' dir='ltr'>νέοι</span> <span class='ocrx_word' id='word_1_615' title='bbox 3287 3224 3550 3293; x_wconf 84' lang='grc' dir='ltr'>δογματι-</span> 
     </span>
    </p>
   </div>
   <div class='ocr_carea' id='block_1_81' title="bbox 1976 3314 3553 3397">
    <p class='ocr_par' dir='ltr' id='par_1_81' title="bbox 1976 3314 3553 3397">
     <span class='ocr_line' id='line_1_81' title="bbox 1976 3314 3553 3397; baseline -0.013 -13"><span class='ocrx_word' id='word_1_616' title='bbox 1976 3331 2115 3384; x_wconf 84' lang='grc' dir='ltr'>σταί·</span> <span class='ocrx_word' id='word_1_617' title='bbox 2145 3329 2267 3382; x_wconf 78' lang='grc' dir='ltr'>οὐδὲ</span> <span class='ocrx_word' id='word_1_618' title='bbox 2304 3326 2410 3397; x_wconf 84' lang='grc' dir='ltr'>γὰρ</span> <span class='ocrx_word' id='word_1_619' title='bbox 2442 3321 2561 3378; x_wconf 74' lang='grc' dir='ltr'>εἷπε</span> <span class='ocrx_word' id='word_1_620' title='bbox 2595 3323 2840 3393; x_wconf 85' lang='grc' dir='ltr'>Παθητὸς</span> <span class='ocrx_word' id='word_1_621' title='bbox 2872 3322 2900 3373; x_wconf 86' lang='grc' dir='ltr'>ὁ</span> <span class='ocrx_word' id='word_1_622' title='bbox 2925 3320 3095 3387; x_wconf 75' lang='grc' dir='ltr'>Λόγος</span> <span class='ocrx_word' id='word_1_623' title='bbox 3119 3319 3184 3387; x_wconf 78' lang='grc' dir='ltr'>τῇ</span> <span class='ocrx_word' id='word_1_624' title='bbox 3220 3315 3405 3386; x_wconf 87' lang='grc' dir='ltr'>σαρκί.</span> <span class='ocrx_word' id='word_1_625' title='bbox 3436 3314 3553 3383; x_wconf 83' lang='grc' dir='ltr'><strong>Δη-</strong></span> 
     </span>
    </p>
   </div>
   <div class='ocr_carea' id='block_1_82' title="bbox 1974 3402 3554 3489">
    <p class='ocr_par' dir='ltr' id='par_1_82' title="bbox 1974 3402 3554 3489">
     <span class='ocr_line' id='line_1_82' title="bbox 1974 3402 3554 3489; baseline -0.012 -16"><span class='ocrx_word' id='word_1_626' title='bbox 1974 3420 2156 3473; x_wconf 85' lang='grc' dir='ltr'>λοῠται</span> <span class='ocrx_word' id='word_1_627' title='bbox 2186 3419 2251 3489; x_wconf 85' lang='grc' dir='ltr'>δὴ</span> <span class='ocrx_word' id='word_1_628' title='bbox 2278 3420 2343 3488; x_wconf 88' lang='grc' dir='ltr'>τῇ</span> <span class='ocrx_word' id='word_1_629' title='bbox 2373 3414 2595 3487; x_wconf 81' lang='grc' dir='ltr'>τοιαύτῃ</span> <span class='ocrx_word' id='word_1_630' title='bbox 2623 3408 2964 3482; x_wconf 73' lang='grc' dir='ltr'>προσηγορίᾳ</span> <span class='ocrx_word' id='word_1_631' title='bbox 2997 3408 3090 3461; x_wconf 71' lang='grc' dir='ltr'><strong>καὶ</strong></span> <span class='ocrx_word' id='word_1_632' title='bbox 3117 3407 3179 3459; x_wconf 89' lang='grc' dir='ltr'><strong>τὸ</strong></span> <span class='ocrx_word' id='word_1_633' title='bbox 3212 3402 3554 3472; x_wconf 79' lang='grc' dir='ltr'>συναμφότε-</span> 
     </span>
    </p>
   </div>
   <div class='ocr_carea' id='block_1_83' title="bbox 1976 3495 3554 3587">
    <p class='ocr_par' dir='ltr' id='par_1_83' title="bbox 1976 3495 3554 3587">
     <span class='ocr_line' id='line_1_83' title="bbox 1976 3495 3554 3587; baseline -0.014 -19"><span class='ocrx_word' id='word_1_634' title='bbox 1976 3533 2085 3587; x_wconf 90' lang='grc' dir='ltr'>ρον,</span> <span class='ocrx_word' id='word_1_635' title='bbox 2113 3514 2187 3577; x_wconf 89' lang='grc' dir='ltr'>ὡς</span> <span class='ocrx_word' id='word_1_636' title='bbox 2213 3511 2553 3583; x_wconf 85' lang='grc' dir='ltr'>προείρηται·</span> <span class='ocrx_word' id='word_1_637' title='bbox 2597 3505 2828 3573; x_wconf 81' lang='grc' dir='ltr'>Ἰησοῦς</span> <span class='ocrx_word' id='word_1_638' title='bbox 2852 3501 3106 3570; x_wconf 85' lang='grc' dir='ltr'>Χριστὸς</span> <span class='ocrx_word' id='word_1_639' title='bbox 3127 3498 3288 3570; x_wconf 81' lang='grc' dir='ltr'>χθὲς,</span> <span class='ocrx_word' id='word_1_640' title='bbox 3310 3497 3410 3550; x_wconf 79' lang='grc' dir='ltr'>καὶ</span> <span class='ocrx_word' id='word_1_641' title='bbox 3435 3495 3554 3563; x_wconf 83' lang='grc' dir='ltr'>σή-</span> 
     </span>
    </p>
   </div>
   <div class='ocr_carea' id='block_1_84' title="bbox 1969 3587 3556 3676">
    <p class='ocr_par' dir='ltr' id='par_1_84' title="bbox 1969 3587 3556 3676">
     <span class='ocr_line' id='line_1_84' title="bbox 1969 3587 3556 3676; baseline -0.015 -15"><span class='ocrx_word' id='word_1_642' title='bbox 1969 3623 2173 3676; x_wconf 79' lang='grc' dir='ltr'>μερον,</span> <span class='ocrx_word' id='word_1_643' title='bbox 2203 3608 2235 3658; x_wconf 83' lang='grc' dir='ltr'><em>ὀ</em></span> <span class='ocrx_word' id='word_1_644' title='bbox 2263 3602 2444 3667; x_wconf 81' lang='grc' dir='ltr'>αὐτὸς</span> <span class='ocrx_word' id='word_1_645' title='bbox 2472 3599 2570 3653; x_wconf 79' lang='grc' dir='ltr'>καὶ</span> <span class='ocrx_word' id='word_1_646' title='bbox 2596 3600 2683 3662; x_wconf 81' lang='grc' dir='ltr'>εὶς</span> <span class='ocrx_word' id='word_1_647' title='bbox 2706 3595 2848 3660; x_wconf 77' lang='grc' dir='ltr'>τοὺς</span> <span class='ocrx_word' id='word_1_648' title='bbox 2876 3591 3112 3658; x_wconf 75' lang='grc' dir='ltr'>αἰῶνας.</span> <span class='ocrx_word' id='word_1_649' title='bbox 3145 3591 3219 3644; x_wconf 89' lang='grc' dir='ltr'>Ού</span> <span class='ocrx_word' id='word_1_650' title='bbox 3256 3589 3422 3660; x_wconf 85' lang='grc' dir='ltr'>μέρος</span> <span class='ocrx_word' id='word_1_651' title='bbox 3451 3587 3556 3656; x_wconf 82' lang='grc' dir='ltr'><strong>μὲν</strong></span> 
     </span>
    </p>
   </div>
   <div class='ocr_carea' id='block_1_85' title="bbox 1974 3680 3550 3768">
    <p class='ocr_par' dir='ltr' id='par_1_85' title="bbox 1974 3680 3550 3768">
     <span class='ocr_line' id='line_1_85' title="bbox 1974 3680 3550 3768; baseline -0.014 -15"><span class='ocrx_word' id='word_1_652' title='bbox 1974 3699 2158 3762; x_wconf 76' lang='grc' dir='ltr'>οὐσίας</span> <span class='ocrx_word' id='word_1_653' title='bbox 2192 3697 2338 3768; x_wconf 82' lang='grc' dir='ltr'>χθὲς,</span> <span class='ocrx_word' id='word_1_654' title='bbox 2371 3693 2464 3747; x_wconf 76' lang='grc' dir='ltr'><strong>καὶ</strong></span> <span class='ocrx_word' id='word_1_655' title='bbox 2495 3693 2752 3763; x_wconf 86' lang='grc' dir='ltr'>σήμερον,</span> <span class='ocrx_word' id='word_1_656' title='bbox 2789 3689 2952 3759; x_wconf 88' lang='grc' dir='ltr'>μέρος</span> <span class='ocrx_word' id='word_1_657' title='bbox 2979 3685 3036 3737; x_wconf 84' lang='grc' dir='ltr'>δὲ</span> <span class='ocrx_word' id='word_1_658' title='bbox 3066 3685 3145 3746; x_wconf 81' lang='grc' dir='ltr'>εἰς</span> <span class='ocrx_word' id='word_1_659' title='bbox 3166 3684 3289 3744; x_wconf 77' lang='grc' dir='ltr'>τοὺς</span> <span class='ocrx_word' id='word_1_660' title='bbox 3315 3680 3550 3743; x_wconf 84' lang='grc' dir='ltr'>αἰῶνας·</span> 
     </span>
    </p>
   </div>
   <div class='ocr_carea' id='block_1_86' title="bbox 1975 3768 3557 3854">
    <p class='ocr_par' dir='ltr' id='par_1_86' title="bbox 1975 3768 3557 3854">
     <span class='ocr_line' id='line_1_86' title="bbox 1975 3768 3557 3854; baseline -0.013 -11"><span class='ocrx_word' id='word_1_661' title='bbox 1975 3788 2110 3844; x_wconf 84' lang='grc' dir='ltr'><strong>ἀλλά</strong></span> <span class='ocrx_word' id='word_1_662' title='bbox 2155 3791 2184 3841; x_wconf 85' lang='grc' dir='ltr'>ὁ</span> <span class='ocrx_word' id='word_1_663' title='bbox 2224 3786 2386 3848; x_wconf 81' lang='grc' dir='ltr'>αὐτὸς</span> <span class='ocrx_word' id='word_1_664' title='bbox 2418 3783 2565 3854; x_wconf 80' lang='grc' dir='ltr'>χθὲς,</span> <span class='ocrx_word' id='word_1_665' title='bbox 2609 3781 2704 3834; x_wconf 64' lang='grc' dir='ltr'><strong>καὶ¹</strong></span> <span class='ocrx_word' id='word_1_666' title='bbox 2748 3781 2986 3849; x_wconf 85' lang='grc' dir='ltr'>σήμερον</span> <span class='ocrx_word' id='word_1_667' title='bbox 3020 3773 3162 3828; x_wconf 87' lang='grc' dir='ltr'><strong>κατά</strong></span> <span class='ocrx_word' id='word_1_668' title='bbox 3197 3770 3295 3841; x_wconf 86' lang='grc' dir='ltr'><strong>τὴν</strong></span> <span class='ocrx_word' id='word_1_669' title='bbox 3335 3768 3557 3822; x_wconf 86' lang='grc' dir='ltr'>τελείαν</span> 
     </span>
    </p>
   </div>
   <div class='ocr_carea' id='block_1_87' title="bbox 1977 3861 3557 3951">
    <p class='ocr_par' dir='ltr' id='par_1_87' title="bbox 1977 3861 3557 3951">
     <span class='ocr_line' id='line_1_87' title="bbox 1977 3861 3557 3951; baseline -0.015 -17"><span class='ocrx_word' id='word_1_670' title='bbox 1977 3879 2402 3951; x_wconf 87' lang='grc' dir='ltr'>ἀνθρωπότητα·</span> <span class='ocrx_word' id='word_1_671' title='bbox 2436 3875 2530 3928; x_wconf 79' lang='grc' dir='ltr'><strong>καὶ</strong></span> <span class='ocrx_word' id='word_1_672' title='bbox 2570 3875 2649 3936; x_wconf 84' lang='grc' dir='ltr'><strong>είς</strong></span> <span class='ocrx_word' id='word_1_673' title='bbox 2693 3871 2820 3934; x_wconf 78' lang='grc' dir='ltr'>τοὺς</span> <span class='ocrx_word' id='word_1_674' title='bbox 2860 3867 3094 3929; x_wconf 81' lang='grc' dir='ltr'>αἰῶνας,</span> <span class='ocrx_word' id='word_1_675' title='bbox 3129 3863 3268 3916; x_wconf 83' lang='grc' dir='ltr'><strong>κατὰ</strong></span> <span class='ocrx_word' id='word_1_676' title='bbox 3313 3861 3413 3932; x_wconf 86' lang='grc' dir='ltr'>τὴν</span> <span class='ocrx_word' id='word_1_677' title='bbox 3457 3877 3557 3912; x_wconf 89' lang='grc' dir='ltr'>τε-</span> 
     </span>
    </p>
   </div>
   <div class='ocr_carea' id='block_1_88' title="bbox 1977 3952 3556 4039">
    <p class='ocr_par' dir='ltr' id='par_1_88' title="bbox 1977 3952 3556 4039">
     <span class='ocr_line' id='line_1_88' title="bbox 1977 3952 3556 4039; baseline -0.014 -14"><span class='ocrx_word' id='word_1_678' title='bbox 1977 3973 2124 4024; x_wconf 86' lang='grc' dir='ltr'>λείαν</span> <span class='ocrx_word' id='word_1_679' title='bbox 2155 3970 2383 4039; x_wconf 86' lang='grc' dir='ltr'>θεότητα</span> <span class='ocrx_word' id='word_1_680' title='bbox 2404 3984 2416 3996; x_wconf 90' lang='grc'><strong>·</strong></span> <span class='ocrx_word' id='word_1_681' title='bbox 2452 3965 2636 4018; x_wconf 86' lang='grc' dir='ltr'>λοιπὸν</span> <span class='ocrx_word' id='word_1_682' title='bbox 2671 3964 2728 4017; x_wconf 84' lang='grc' dir='ltr'><strong>δὲ</strong></span> <span class='ocrx_word' id='word_1_683' title='bbox 2759 3961 2854 4015; x_wconf 75' lang='grc' dir='ltr'>καὶ</span> <span class='ocrx_word' id='word_1_684' title='bbox 2887 3958 3010 4012; x_wconf 88' lang='grc' dir='ltr'>καθ’</span> <span class='ocrx_word' id='word_1_685' title='bbox 3050 3955 3318 4026; x_wconf 80' lang='grc' dir='ltr'>ἑκατέραν</span> <span class='ocrx_word' id='word_1_686' title='bbox 3346 3952 3556 4005; x_wconf 88' lang='grc' dir='ltr'>τούτων</span> 
     </span>
    </p>
   </div>
   <div class='ocr_carea' id='block_1_89' title="bbox 1980 4039 3557 4124">
    <p class='ocr_par' dir='ltr' id='par_1_89' title="bbox 1980 4039 3557 4124">
     <span class='ocr_line' id='line_1_89' title="bbox 1980 4039 3557 4124; baseline -0.015 -9"><span class='ocrx_word' id='word_1_687' title='bbox 1980 4062 2226 4122; x_wconf 83' lang='grc' dir='ltr'>αἰώνιος·</span> <span class='ocrx_word' id='word_1_688' title='bbox 2277 4059 2352 4120; x_wconf 86' lang='grc' dir='ltr'>ὼς</span> <span class='ocrx_word' id='word_1_689' title='bbox 2389 4056 2480 4108; x_wconf 77' lang='grc' dir='ltr'><strong>καὶ</strong></span> <span class='ocrx_word' id='word_1_690' title='bbox 2510 4054 2610 4124; x_wconf 81' lang='grc' dir='ltr'><strong>τῆς</strong></span> <span class='ocrx_word' id='word_1_691' title='bbox 2647 4049 2846 4122; x_wconf 79' lang='grc' dir='ltr'>σαρκὸς</span> <span class='ocrx_word' id='word_1_692' title='bbox 2871 4045 3141 4115; x_wconf 78' lang='grc' dir='ltr'>λαϐούσης</span> <span class='ocrx_word' id='word_1_693' title='bbox 3191 4044 3256 4113; x_wconf 83' lang='grc' dir='ltr'>τῇ</span> <span class='ocrx_word' id='word_1_694' title='bbox 3292 4040 3428 4108; x_wconf 83' lang='grc' dir='ltr'>πρὸς</span> <span class='ocrx_word' id='word_1_695' title='bbox 3458 4039 3557 4092; x_wconf 75' lang='grc' dir='ltr'><strong>τὸν</strong></span> 
     </span>
    </p>
   </div>
   <div class='ocr_carea' id='block_1_90' title="bbox 1981 4131 3558 4218">
    <p class='ocr_par' dir='ltr' id='par_1_90' title="bbox 1981 4131 3558 4218">
     <span class='ocr_line' id='line_1_90' title="bbox 1981 4131 3558 4218; baseline -0.016 -11"><span class='ocrx_word' id='word_1_696' title='bbox 1981 4153 2148 4207; x_wconf 74' lang='grc' dir='ltr'>ἀΐδιον</span> <span class='ocrx_word' id='word_1_697' title='bbox 2176 4149 2458 4218; x_wconf 74' lang='grc' dir='ltr'>συναφεία,</span> <span class='ocrx_word' id='word_1_698' title='bbox 2488 4146 2548 4198; x_wconf 88' lang='grc' dir='ltr'><strong>τὸ</strong></span> <span class='ocrx_word' id='word_1_699' title='bbox 2574 4142 2783 4204; x_wconf 82' lang='grc' dir='ltr'>ἀπαθές</span> <span class='ocrx_word' id='word_1_700' title='bbox 2804 4158 2863 4193; x_wconf 89' lang='grc' dir='ltr'><strong>τε</strong></span> <span class='ocrx_word' id='word_1_701' title='bbox 2890 4139 2983 4192; x_wconf 78' lang='grc' dir='ltr'><strong>καὶ</strong></span> <span class='ocrx_word' id='word_1_702' title='bbox 3010 4134 3382 4204; x_wconf 79' lang='grc' dir='ltr'>ἀτελεύτητον.</span> <span class='ocrx_word' id='word_1_703' title='bbox 3427 4131 3558 4183; x_wconf 78' lang='grc' dir='ltr'><strong>Ἐπὶ</strong></span> 
     </span>
    </p>
   </div>
   <div class='ocr_carea' id='block_1_91' title="bbox 1979 4224 3559 4309">
    <p class='ocr_par' dir='ltr' id='par_1_91' title="bbox 1979 4224 3559 4309">
     <span class='ocr_line' id='line_1_91' title="bbox 1979 4224 3559 4309; baseline -0.016 -10"><span class='ocrx_word' id='word_1_704' title='bbox 1979 4245 2189 4307; x_wconf 88' lang='grc' dir='ltr'>τούτοις</span> <span class='ocrx_word' id='word_1_705' title='bbox 2238 4245 2432 4294; x_wconf 77' lang='grc' dir='ltr'>ἐκεῖνοι</span> <span class='ocrx_word' id='word_1_706' title='bbox 2475 4238 2574 4309; x_wconf 83' lang='grc' dir='ltr'><strong>μὲν</strong></span> <span class='ocrx_word' id='word_1_707' title='bbox 2619 4237 2698 4298; x_wconf 85' lang='grc' dir='ltr'>εἰς</span> <span class='ocrx_word' id='word_1_708' title='bbox 2750 4231 2958 4304; x_wconf 82' lang='grc' dir='ltr'>τροπὴν</span> <span class='ocrx_word' id='word_1_709' title='bbox 3007 4228 3289 4296; x_wconf 88' lang='grc' dir='ltr'>θεότητος,</span> <span class='ocrx_word' id='word_1_710' title='bbox 3326 4224 3418 4278; x_wconf 72' lang='grc' dir='ltr'><strong>καὶ</strong></span> <span class='ocrx_word' id='word_1_711' title='bbox 3473 4225 3559 4285; x_wconf 86' lang='grc' dir='ltr'>εἱς</span> 
     </span>
    </p>
   </div>
   <div class='ocr_carea' id='block_1_92' title="bbox 1983 4317 3558 4408">
    <p class='ocr_par' dir='ltr' id='par_1_92' title="bbox 1983 4317 3558 4408">
     <span class='ocr_line' id='line_1_92' title="bbox 1983 4317 3558 4408; baseline -0.015 -16"><span class='ocrx_word' id='word_1_712' title='bbox 1983 4335 2294 4408; x_wconf 83' lang='grc' dir='ltr'>ἀνατροπὴν</span> <span class='ocrx_word' id='word_1_713' title='bbox 2323 4333 2432 4385; x_wconf 82' lang='grc' dir='ltr'>τῶν</span> <span class='ocrx_word' id='word_1_714' title='bbox 2462 4329 2730 4383; x_wconf 87' lang='grc' dir='ltr'>συνόντων</span> <span class='ocrx_word' id='word_1_715' title='bbox 2761 4328 2883 4388; x_wconf 84' lang='grc' dir='ltr'>ταῖς</span> <span class='ocrx_word' id='word_1_716' title='bbox 2904 4323 3118 4393; x_wconf 88' lang='grc' dir='ltr'>φύσεσι,</span> <span class='ocrx_word' id='word_1_717' title='bbox 3154 4320 3247 4373; x_wconf 74' lang='grc' dir='ltr'><strong>καὶ</strong></span> <span class='ocrx_word' id='word_1_718' title='bbox 3269 4320 3349 4381; x_wconf 88' lang='grc' dir='ltr'>εἰς</span> <span class='ocrx_word' id='word_1_719' title='bbox 3382 4317 3558 4386; x_wconf 84' lang='grc' dir='ltr'>ἀναρ-</span> 
     </span>
    </p>
   </div>
   <div class='ocr_carea' id='block_1_93' title="bbox 313 4409 1869 4500">
    <p class='ocr_par' dir='ltr' id='par_1_93' title="bbox 313 4417 1869 4493">
     <span class='ocr_line' id='line_1_93' title="bbox 313 4417 1869 4493; baseline 0.006 -24"><span class='ocrx_word' id='word_1_720' title='bbox 313 4431 408 4483; x_wconf 84' lang='lat' dir='ltr'><strong>pra</strong></span> <span class='ocrx_word' id='word_1_721' title='bbox 436 4417 640 4471; x_wconf 91' lang='lat' dir='ltr'><strong>dictum</strong></span> <span class='ocrx_word' id='word_1_722' title='bbox 691 4428 812 4473; x_wconf 89' lang='lat' dir='ltr'><strong>est:</strong></span> <span class='ocrx_word' id='word_1_723' title='bbox 842 4418 998 4474; x_wconf 80' lang='lat' dir='ltr'><strong>Jesus</strong></span> <span class='ocrx_word' id='word_1_724' title='bbox 1033 4420 1276 4476; x_wconf 83' lang='lat' dir='ltr'><strong>Christus</strong></span> <span class='ocrx_word' id='word_1_725' title='bbox 1309 4423 1420 4476; x_wconf 86' lang='lat' dir='ltr'><strong>heri</strong></span> <span class='ocrx_word' id='word_1_726' title='bbox 1470 4434 1517 4476; x_wconf 87' lang='lat' dir='ltr'><strong>et</strong></span> <span class='ocrx_word' id='word_1_727' title='bbox 1553 4424 1739 4491; x_wconf 75' lang='lat' dir='ltr'><strong>hodie,</strong></span> <span class='ocrx_word' id='word_1_728' title='bbox 1770 4426 1869 4493; x_wconf 86' lang='lat' dir='ltr'><strong>ipse</strong></span> 
     </span>
    </p>
   </div>
   <div class='ocr_carea' id='block_1_94' title="bbox 1971 4409 3559 4500">
    <p class='ocr_par' dir='ltr' id='par_1_94' title="bbox 1985 4409 3559 4500">
     <span class='ocr_line' id='line_1_94' title="bbox 1985 4409 3559 4500; baseline -0.015 -18"><span class='ocrx_word' id='word_1_729' title='bbox 1985 4430 2214 4500; x_wconf 88' lang='grc' dir='ltr'>μόστους</span> <span class='ocrx_word' id='word_1_730' title='bbox 2239 4423 2502 4496; x_wconf 81' lang='grc' dir='ltr'>φλυαρίας</span> <span class='ocrx_word' id='word_1_731' title='bbox 2537 4421 2837 4491; x_wconf 74' lang='grc' dir='ltr'>ἐχρήσαντο</span> <span class='ocrx_word' id='word_1_732' title='bbox 2869 4418 2937 4485; x_wconf 78' lang='grc' dir='ltr'>τῇ</span> <span class='ocrx_word' id='word_1_733' title='bbox 2974 4412 3112 4468; x_wconf 78' lang='grc' dir='ltr'>κατὰ</span> <span class='ocrx_word' id='word_1_734' title='bbox 3148 4413 3238 4464; x_wconf 84' lang='grc' dir='ltr'><strong>τὸν</strong></span> <span class='ocrx_word' id='word_1_735' title='bbox 3267 4409 3559 4479; x_wconf 82' lang='grc' dir='ltr'>ἄνθρωπον</span> 
     </span>
    </p>
   </div>
   <div class='ocr_carea' id='block_1_95' title="bbox 311 4501 1869 4591">
    <p class='ocr_par' dir='ltr' id='par_1_95' title="bbox 311 4510 1869 4584">
     <span class='ocr_line' id='line_1_95' title="bbox 311 4510 1869 4584; baseline 0.006 -21"><span class='ocrx_word' id='word_1_736' title='bbox 311 4510 444 4564; x_wconf 84' lang='lat' dir='ltr'><strong>etin</strong></span> <span class='ocrx_word' id='word_1_737' title='bbox 473 4511 672 4569; x_wconf 75' lang='lat' dir='ltr'><strong>swcula</strong></span> <span class='ocrx_word' id='word_1_738' title='bbox 723 4515 790 4566; x_wconf 72' lang='grc'><strong>⁸⁷.</strong></span> <span class='ocrx_word' id='word_1_739' title='bbox 847 4512 1201 4583; x_wconf 86' lang='lat' dir='ltr'><strong>Nequaquam</strong></span> <span class='ocrx_word' id='word_1_740' title='bbox 1250 4532 1376 4584; x_wconf 88' lang='lat' dir='ltr'><strong>pars</strong></span> <span class='ocrx_word' id='word_1_741' title='bbox 1409 4517 1504 4570; x_wconf 91' lang='lat' dir='ltr'><strong>fuit</strong></span> <span class='ocrx_word' id='word_1_742' title='bbox 1557 4518 1869 4573; x_wconf 62' lang='lat' dir='ltr'><strong>substantia:</strong></span> 
     </span>
    </p>
   </div>
   <div class='ocr_carea' id='block_1_96' title="bbox 1971 4501 3557 4591">
    <p class='ocr_par' dir='ltr' id='par_1_96' title="bbox 1983 4501 3557 4591">
     <span class='ocr_line' id='line_1_96' title="bbox 1983 4501 3557 4591; baseline -0.014 -17"><span class='ocrx_word' id='word_1_743' title='bbox 1983 4521 2218 4591; x_wconf 65' lang='grc' dir='ltr'>θεωρίᾳ·</span> <span class='ocrx_word' id='word_1_744' title='bbox 2261 4519 2418 4588; x_wconf 83' lang='grc' dir='ltr'>ὑμεῖς</span> <span class='ocrx_word' id='word_1_745' title='bbox 2453 4515 2510 4568; x_wconf 83' lang='grc' dir='ltr'>δὲ</span> <span class='ocrx_word' id='word_1_746' title='bbox 2555 4516 2636 4576; x_wconf 87' lang='grc' dir='ltr'><strong>είς</strong></span> <span class='ocrx_word' id='word_1_747' title='bbox 2670 4507 2939 4572; x_wconf 79' lang='grc' dir='ltr'>ἀπόδειξιν</span> <span class='ocrx_word' id='word_1_748' title='bbox 2987 4507 3081 4559; x_wconf 76' lang='grc' dir='ltr'>καὶ</span> <span class='ocrx_word' id='word_1_749' title='bbox 3115 4502 3418 4575; x_wconf 86' lang='grc' dir='ltr'>μαρτυρίαν</span> <span class='ocrx_word' id='word_1_750' title='bbox 3457 4501 3557 4554; x_wconf 83' lang='grc' dir='ltr'><strong>τοῦ</strong></span> 
     </span>
    </p>
   </div>
   <div class='ocr_carea' id='block_1_97' title="bbox 316 4591 1869 4679">
    <p class='ocr_par' dir='ltr' id='par_1_97' title="bbox 316 4601 1869 4679">
     <span class='ocr_line' id='line_1_97' title="bbox 316 4601 1869 4679; baseline 0.006 -25"><span class='ocrx_word' id='word_1_751' title='bbox 316 4601 432 4654; x_wconf 90' lang='lat' dir='ltr'><strong>heri</strong></span> <span class='ocrx_word' id='word_1_752' title='bbox 465 4610 520 4656; x_wconf 90' lang='lat' dir='ltr'><strong>et</strong></span> <span class='ocrx_word' id='word_1_753' title='bbox 549 4603 729 4669; x_wconf 91' lang='lat' dir='ltr'><strong>hodie,</strong></span> <span class='ocrx_word' id='word_1_754' title='bbox 759 4620 996 4674; x_wconf 89' lang='lat' dir='ltr'><strong>parsque</strong></span> <span class='ocrx_word' id='word_1_755' title='bbox 1047 4607 1177 4659; x_wconf 90' lang='lat' dir='ltr'><strong>item</strong></span> <span class='ocrx_word' id='word_1_756' title='bbox 1229 4607 1285 4660; x_wconf 89' lang='lat' dir='ltr'><strong>in</strong></span> <span class='ocrx_word' id='word_1_757' title='bbox 1325 4608 1520 4662; x_wconf 66' lang='lat' dir='ltr'><strong>saecula</strong></span> <span class='ocrx_word' id='word_1_758' title='bbox 1552 4628 1564 4662; x_wconf 92' lang='lat'><strong>:</strong></span> <span class='ocrx_word' id='word_1_759' title='bbox 1619 4610 1714 4664; x_wconf 92' lang='lat' dir='ltr'><strong>sed</strong></span> <span class='ocrx_word' id='word_1_760' title='bbox 1761 4609 1869 4679; x_wconf 82' lang='lat' dir='ltr'><strong>ipse</strong></span> 
     </span>
    </p>
   </div>
   <div class='ocr_carea' id='block_1_98' title="bbox 1971 4591 3559 4679">
    <p class='ocr_par' dir='ltr' id='par_1_98' title="bbox 1983 4591 3559 4665">
     <span class='ocr_line' id='line_1_98' title="bbox 1983 4591 3559 4665; baseline -0.013 0"><span class='ocrx_word' id='word_1_761' title='bbox 1983 4611 2203 4665; x_wconf 81' lang='grc' dir='ltr'>δυνατὸν</span> <span class='ocrx_word' id='word_1_762' title='bbox 2233 4605 2370 4662; x_wconf 78' lang='grc' dir='ltr'>εἶναι</span> <span class='ocrx_word' id='word_1_763' title='bbox 2409 4607 2502 4660; x_wconf 77' lang='grc' dir='ltr'><strong>καὶ</strong></span> <span class='ocrx_word' id='word_1_764' title='bbox 2530 4604 2622 4658; x_wconf 93' lang='grc' dir='ltr'><strong>δύο</strong></span> <span class='ocrx_word' id='word_1_765' title='bbox 2647 4601 2806 4656; x_wconf 83' lang='grc' dir='ltr'>τινῶν</span> <span class='ocrx_word' id='word_1_766' title='bbox 2835 4598 3050 4652; x_wconf 81' lang='grc' dir='ltr'>σύνοδον</span> <span class='ocrx_word' id='word_1_767' title='bbox 3077 4594 3336 4656; x_wconf 76' lang='grc' dir='ltr'>νοεῖσθαι,</span> <span class='ocrx_word' id='word_1_768' title='bbox 3370 4593 3465 4646; x_wconf 79' lang='grc' dir='ltr'>καὶ</span> <span class='ocrx_word' id='word_1_769' title='bbox 3499 4591 3559 4644; x_wconf 84' lang='grc' dir='ltr'>ἓν</span> 
     </span>
    </p>
   </div>
   <div class='ocr_carea' id='block_1_99' title="bbox 315 4691 1876 4773">
    <p class='ocr_par' dir='ltr' id='par_1_99' title="bbox 315 4691 1876 4773">
     <span class='ocr_line' id='line_1_99' title="bbox 315 4691 1876 4773; baseline 0.007 -28"><span class='ocrx_word' id='word_1_770' title='bbox 315 4691 431 4747; x_wconf 86' lang='lat' dir='ltr'><strong>heri</strong></span> <span class='ocrx_word' id='word_1_771' title='bbox 465 4702 518 4747; x_wconf 86' lang='lat' dir='ltr'><strong>et</strong></span> <span class='ocrx_word' id='word_1_772' title='bbox 557 4694 720 4748; x_wconf 86' lang='lat' dir='ltr'><strong>hodie</strong></span> <span class='ocrx_word' id='word_1_773' title='bbox 760 4697 1060 4750; x_wconf 86' lang='lat' dir='ltr'><strong>secundum</strong></span> <span class='ocrx_word' id='word_1_774' title='bbox 1094 4696 1387 4768; x_wconf 81' lang='lat' dir='ltr'><strong>perfectam</strong></span> <span class='ocrx_word' id='word_1_775' title='bbox 1437 4700 1828 4773; x_wconf 82' lang='lat' dir='ltr'><strong>humanitatem</strong></span> <span class='ocrx_word' id='word_1_776' title='bbox 1861 4721 1876 4756; x_wconf 87' lang='lat'><strong>:</strong></span> 
     </span>
    </p>
   </div>
   <div class='ocr_carea' id='block_1_100' title="bbox 311 4783 1881 4862">
    <p class='ocr_par' dir='ltr' id='par_1_100' title="bbox 311 4783 1881 4862">
     <span class='ocr_line' id='line_1_100' title="bbox 311 4783 1881 4862; baseline 0.006 -26"><span class='ocrx_word' id='word_1_777' title='bbox 311 4793 369 4837; x_wconf 87' lang='lat' dir='ltr'><strong>et</strong></span> <span class='ocrx_word' id='word_1_778' title='bbox 394 4783 447 4836; x_wconf 88' lang='lat' dir='ltr'><strong>in</strong></span> <span class='ocrx_word' id='word_1_779' title='bbox 478 4786 696 4850; x_wconf 67' lang='lat' dir='ltr'><strong>saecula,</strong></span> <span class='ocrx_word' id='word_1_780' title='bbox 726 4787 1024 4841; x_wconf 78' lang='lat' dir='ltr'><strong>secundum</strong></span> <span class='ocrx_word' id='word_1_781' title='bbox 1059 4788 1350 4857; x_wconf 83' lang='lat' dir='ltr'><strong>perfectam</strong></span> <span class='ocrx_word' id='word_1_782' title='bbox 1385 4790 1636 4845; x_wconf 88' lang='lat' dir='ltr'><strong>deitatem</strong></span> <span class='ocrx_word' id='word_1_783' title='bbox 1669 4810 1681 4844; x_wconf 92' lang='lat'><strong>:</strong></span> <span class='ocrx_word' id='word_1_784' title='bbox 1717 4801 1881 4862; x_wconf 88' lang='lat' dir='ltr'><strong>atque</strong></span> 
     </span>
    </p>
   </div>
   <div class='ocr_carea' id='block_1_101' title="bbox 312 4875 1882 4952">
    <p class='ocr_par' dir='ltr' id='par_1_101' title="bbox 312 4875 1882 4952">
     <span class='ocr_line' id='line_1_101' title="bbox 312 4875 1882 4952; baseline 0.005 -22"><span class='ocrx_word' id='word_1_785' title='bbox 312 4875 533 4931; x_wconf 85' lang='lat' dir='ltr'><strong>demum</strong></span> <span class='ocrx_word' id='word_1_786' title='bbox 559 4880 856 4933; x_wconf 88' lang='lat' dir='ltr'><strong>secundum</strong></span> <span class='ocrx_word' id='word_1_787' title='bbox 891 4889 1175 4950; x_wconf 87' lang='lat' dir='ltr'><strong>utramque</strong></span> <span class='ocrx_word' id='word_1_788' title='bbox 1205 4881 1528 4936; x_wconf 86' lang='lat' dir='ltr'><strong>immortalis</strong></span> <span class='ocrx_word' id='word_1_789' title='bbox 1558 4903 1569 4936; x_wconf 88' lang='lat'>:</span> <span class='ocrx_word' id='word_1_790' title='bbox 1608 4883 1732 4952; x_wconf 83' lang='lat' dir='ltr'><strong>quia</strong></span> <span class='ocrx_word' id='word_1_791' title='bbox 1754 4899 1882 4938; x_wconf 85' lang='lat' dir='ltr'><strong>caro</strong></span> 
     </span>
    </p>
   </div>
   <div class='ocr_carea' id='block_1_102' title="bbox 313 4970 1880 5041">
    <p class='ocr_par' dir='ltr' id='par_1_102' title="bbox 313 4970 1880 5041">
     <span class='ocr_line' id='line_1_102' title="bbox 313 4970 1880 5041; baseline 0.003 -18"><span class='ocrx_word' id='word_1_792' title='bbox 313 4985 378 5023; x_wconf 81' lang='lat' dir='ltr'><strong>ex</strong></span> <span class='ocrx_word' id='word_1_793' title='bbox 406 4970 792 5039; x_wconf 86' lang='lat' dir='ltr'><strong>conjunctione</strong></span> <span class='ocrx_word' id='word_1_794' title='bbox 823 4987 949 5026; x_wconf 86' lang='lat' dir='ltr'><strong>cum</strong></span> <span class='ocrx_word' id='word_1_795' title='bbox 979 4971 1270 5026; x_wconf 88' lang='lat' dir='ltr'><strong>immortali</strong></span> <span class='ocrx_word' id='word_1_796' title='bbox 1306 4973 1761 5041; x_wconf 87' lang='lat' dir='ltr'><strong>impatibilitatem</strong></span> <span class='ocrx_word' id='word_1_797' title='bbox 1789 4990 1880 5028; x_wconf 81' lang='lat' dir='ltr'><strong>ac-</strong></span> 
     </span>
    </p>
   </div>
   <div class='ocr_carea' id='block_1_103' title="bbox 315 5061 1881 5132">
    <p class='ocr_par' dir='ltr' id='par_1_103' title="bbox 315 5061 1881 5132">
     <span class='ocr_line' id='line_1_103' title="bbox 315 5061 1881 5132; baseline 0.003 -16"><span class='ocrx_word' id='word_1_798' title='bbox 315 5061 459 5132; x_wconf 87' lang='lat' dir='ltr'><strong>cepit</strong></span> <span class='ocrx_word' id='word_1_799' title='bbox 483 5071 645 5132; x_wconf 85' lang='lat' dir='ltr'><strong>atque</strong></span> <span class='ocrx_word' id='word_1_800' title='bbox 701 5063 1279 5118; x_wconf 89' lang='lat' dir='ltr'><strong>interminabilitatem.</strong></span> <span class='ocrx_word' id='word_1_801' title='bbox 1315 5065 1391 5118; x_wconf 89' lang='lat' dir='ltr'><strong>Ita</strong></span> <span class='ocrx_word' id='word_1_802' title='bbox 1442 5065 1518 5118; x_wconf 88' lang='lat' dir='ltr'><strong>illi</strong></span> <span class='ocrx_word' id='word_1_803' title='bbox 1563 5067 1779 5132; x_wconf 86' lang='lat' dir='ltr'><strong>quidem</strong></span> <span class='ocrx_word' id='word_1_804' title='bbox 1813 5067 1881 5121; x_wconf 89' lang='lat' dir='ltr'><strong>ad</strong></span> 
     </span>
    </p>
   </div>
   <div class='ocr_carea' id='block_1_104' title="bbox 313 5155 1884 5228">
    <p class='ocr_par' dir='ltr' id='par_1_104' title="bbox 313 5155 1884 5228">
     <span class='ocr_line' id='line_1_104' title="bbox 313 5155 1884 5228; baseline 0.002 -18"><span class='ocrx_word' id='word_1_805' title='bbox 313 5157 729 5210; x_wconf 85' lang='lat' dir='ltr'><strong>conversionem</strong></span> <span class='ocrx_word' id='word_1_806' title='bbox 749 5155 984 5220; x_wconf 81' lang='lat' dir='ltr'><strong>deitatis,</strong></span> <span class='ocrx_word' id='word_1_807' title='bbox 1007 5166 1060 5210; x_wconf 91' lang='lat' dir='ltr'><strong>et</strong></span> <span class='ocrx_word' id='word_1_808' title='bbox 1083 5157 1150 5210; x_wconf 91' lang='lat' dir='ltr'><strong>ad</strong></span> <span class='ocrx_word' id='word_1_809' title='bbox 1180 5157 1518 5212; x_wconf 89' lang='lat' dir='ltr'><strong>eversionem</strong></span> <span class='ocrx_word' id='word_1_810' title='bbox 1547 5174 1734 5211; x_wconf 86' lang='lat' dir='ltr'><strong>eorum</strong></span> <span class='ocrx_word' id='word_1_811' title='bbox 1763 5174 1884 5228; x_wconf 70' lang='lat' dir='ltr'><strong>quae</strong></span> 
     </span>
    </p>
   </div>
   <div class='ocr_carea' id='block_1_105' title="bbox 315 5245 1879 5318">
    <p class='ocr_par' dir='ltr' id='par_1_105' title="bbox 315 5245 1879 5318">
     <span class='ocr_line' id='line_1_105' title="bbox 315 5245 1879 5318; baseline 0.003 -20"><span class='ocrx_word' id='word_1_812' title='bbox 315 5245 528 5299; x_wconf 87' lang='lat' dir='ltr'><strong>naturis</strong></span> <span class='ocrx_word' id='word_1_813' title='bbox 557 5253 894 5314; x_wconf 88' lang='lat' dir='ltr'><strong>competunt,</strong></span> <span class='ocrx_word' id='word_1_814' title='bbox 927 5255 980 5301; x_wconf 91' lang='lat' dir='ltr'><strong>et</strong></span> <span class='ocrx_word' id='word_1_815' title='bbox 1027 5247 1093 5300; x_wconf 89' lang='lat' dir='ltr'><strong>ad</strong></span> <span class='ocrx_word' id='word_1_816' title='bbox 1146 5263 1318 5317; x_wconf 84' lang='lat' dir='ltr'><strong>nugas</strong></span> <span class='ocrx_word' id='word_1_817' title='bbox 1369 5248 1836 5318; x_wconf 86' lang='lat' dir='ltr'><strong>absurditatesque</strong></span> <span class='ocrx_word' id='word_1_818' title='bbox 1865 5290 1879 5315; x_wconf 91' lang='lat'><strong>,</strong></span> 
     </span>
    </p>
   </div>
   <div class='ocr_carea' id='block_1_106' title="bbox 316 5334 1884 5407">
    <p class='ocr_par' dir='ltr' id='par_1_106' title="bbox 316 5334 1884 5407">
     <span class='ocr_line' id='line_1_106' title="bbox 316 5334 1884 5407; baseline 0.004 -19"><span class='ocrx_word' id='word_1_819' title='bbox 316 5334 554 5391; x_wconf 91' lang='lat' dir='ltr'><strong>hominis</strong></span> <span class='ocrx_word' id='word_1_820' title='bbox 580 5338 830 5406; x_wconf 86' lang='lat' dir='ltr'><strong>exemplo</strong></span> <span class='ocrx_word' id='word_1_821' title='bbox 860 5353 923 5392; x_wconf 89' lang='lat' dir='ltr'><strong>ac</strong></span> <span class='ocrx_word' id='word_1_822' title='bbox 950 5339 1319 5407; x_wconf 89' lang='lat' dir='ltr'><strong>speculatione</strong></span> <span class='ocrx_word' id='word_1_823' title='bbox 1344 5347 1471 5393; x_wconf 90' lang='lat' dir='ltr'><strong>sunt</strong></span> <span class='ocrx_word' id='word_1_824' title='bbox 1503 5340 1606 5394; x_wconf 93' lang='lat' dir='ltr'><strong>usi.</strong></span> <span class='ocrx_word' id='word_1_825' title='bbox 1639 5338 1752 5394; x_wconf 90' lang='lat' dir='ltr'><strong>Nos</strong></span> <span class='ocrx_word' id='word_1_826' title='bbox 1792 5355 1884 5394; x_wconf 87' lang='lat' dir='ltr'><strong>au-</strong></span> 
     </span>
    </p>
   </div>
   <div class='ocr_carea' id='block_1_107' title="bbox 312 5428 1880 5501">
    <p class='ocr_par' dir='ltr' id='par_1_107' title="bbox 312 5428 1880 5501">
     <span class='ocr_line' id='line_1_107' title="bbox 312 5428 1880 5501; baseline 0.001 -19"><span class='ocrx_word' id='word_1_827' title='bbox 312 5435 422 5491; x_wconf 77' lang='lat' dir='ltr'><strong>tem</strong></span> <span class='ocrx_word' id='word_1_828' title='bbox 476 5428 544 5483; x_wconf 91' lang='lat' dir='ltr'><strong>ad</strong></span> <span class='ocrx_word' id='word_1_829' title='bbox 589 5439 968 5498; x_wconf 77' lang='lat' dir='ltr'><strong>argumentum</strong></span> <span class='ocrx_word' id='word_1_830' title='bbox 1005 5437 1060 5482; x_wconf 89' lang='lat' dir='ltr'><strong>et</strong></span> <span class='ocrx_word' id='word_1_831' title='bbox 1099 5430 1514 5495; x_wconf 89' lang='lat' dir='ltr'><strong>testimonium,</strong></span> <span class='ocrx_word' id='word_1_832' title='bbox 1575 5431 1718 5501; x_wconf 86' lang='lat' dir='ltr'><strong>quod</strong></span> <span class='ocrx_word' id='word_1_833' title='bbox 1764 5430 1880 5485; x_wconf 84' lang='lat' dir='ltr'><strong>ﬁeri</strong></span> 
     </span>
    </p>
   </div>
   <div class='ocr_carea' id='block_1_108' title="bbox 317 5519 1879 5602">
    <p class='ocr_par' dir='ltr' id='par_1_108' title="bbox 317 5519 1879 5602">
     <span class='ocr_line' id='line_1_108' title="bbox 317 5519 1879 5602; baseline 0.004 -30"><span class='ocrx_word' id='word_1_834' title='bbox 317 5519 490 5602; x_wconf 84' lang='lat' dir='ltr'><strong>possit</strong></span> <span class='ocrx_word' id='word_1_835' title='bbox 527 5528 586 5573; x_wconf 92' lang='lat' dir='ltr'><strong>ut</strong></span> <span class='ocrx_word' id='word_1_836' title='bbox 635 5520 868 5574; x_wconf 88' lang='lat' dir='ltr'><strong>duorum</strong></span> <span class='ocrx_word' id='word_1_837' title='bbox 913 5521 1225 5590; x_wconf 88' lang='lat' dir='ltr'><strong>conjunctio</strong></span> <span class='ocrx_word' id='word_1_838' title='bbox 1261 5521 1625 5591; x_wconf 79' lang='lat' dir='ltr'><strong>intelligatur,</strong></span> <span class='ocrx_word' id='word_1_839' title='bbox 1672 5539 1732 5578; x_wconf 86' lang='lat' dir='ltr'><strong>ac</strong></span> <span class='ocrx_word' id='word_1_840' title='bbox 1785 5539 1879 5592; x_wconf 78' lang='lat' dir='ltr'><strong>per</strong></span> 
     </span>
    </p>
   </div>
   <div class='ocr_carea' id='block_1_109' title="bbox 383 5701 1523 5772">
    <p class='ocr_par' dir='ltr' id='par_1_109' title="bbox 383 5701 1523 5772">
     <span class='ocr_line' id='line_1_109' title="bbox 383 5701 1523 5772; baseline 0.004 -18"><span class='ocrx_word' id='word_1_841' title='bbox 383 5702 425 5744; x_wconf 59' lang='lat'><strong>99</strong></span> <span class='ocrx_word' id='word_1_842' title='bbox 471 5701 636 5769; x_wconf 71' lang='lat' dir='ltr'><strong>lCor.</strong></span> <span class='ocrx_word' id='word_1_843' title='bbox 688 5721 814 5768; x_wconf 77' lang='lat' dir='ltr'><strong>vxu,</strong></span> <span class='ocrx_word' id='word_1_844' title='bbox 853 5705 903 5759; x_wconf 88' lang='grc'>6.</span> <span class='ocrx_word' id='word_1_845' title='bbox 1025 5708 1065 5738; x_wconf 72' lang='lat'><strong>97</strong></span> <span class='ocrx_word' id='word_1_846' title='bbox 1104 5704 1267 5760; x_wconf 79' lang='lat' dir='ltr'><strong>Hebr.</strong></span> <span class='ocrx_word' id='word_1_847' title='bbox 1309 5721 1438 5772; x_wconf 75' lang='lat' dir='ltr'><strong>xm,</strong></span> <span class='ocrx_word' id='word_1_848' title='bbox 1475 5705 1523 5760; x_wconf 89' lang='lat'><strong>8.</strong></span> 
     </span>
    </p>
   </div>
   <div class='ocr_carea' id='block_1_110' title="bbox 1986 4684 3556 4775">
    <p class='ocr_par' dir='ltr' id='par_1_110' title="bbox 1986 4684 3556 4775">
     <span class='ocr_line' id='line_1_110' title="bbox 1986 4684 3556 4775; baseline -0.013 -18"><span class='ocrx_word' id='word_1_849' title='bbox 1986 4704 2274 4775; x_wconf 87' lang='grc' dir='ltr'>πρόσωπον</span> <span class='ocrx_word' id='word_1_850' title='bbox 2305 4702 2370 4754; x_wconf 89' lang='grc' dir='ltr'>δι’</span> <span class='ocrx_word' id='word_1_851' title='bbox 2401 4697 2727 4770; x_wconf 83' lang='grc' dir='ltr'>ἀμφοτέρων</span> <span class='ocrx_word' id='word_1_852' title='bbox 2754 4692 3001 4765; x_wconf 77' lang='grc' dir='ltr'>ὁρᾶσθαι.</span> <span class='ocrx_word' id='word_1_853' title='bbox 3032 4691 3096 4744; x_wconf 73' lang='lat' dir='ltr'><strong>Ei</strong></span> <span class='ocrx_word' id='word_1_854' title='bbox 3122 4687 3230 4759; x_wconf 81' lang='grc' dir='ltr'>γὰρ</span> <span class='ocrx_word' id='word_1_855' title='bbox 3265 4684 3556 4775; x_wconf 73' lang='grc' dir='ltr'>ἀνθρώπου</span> 
     </span>
    </p>
   </div>
   <div class='ocr_carea' id='block_1_111' title="bbox 1987 4768 3558 4866">
    <p class='ocr_par' dir='ltr' id='par_1_111' title="bbox 1987 4768 3558 4866">
     <span class='ocr_line' id='line_1_111' title="bbox 1987 4768 3558 4866; baseline -0.015 -17"><span class='ocrx_word' id='word_1_856' title='bbox 1987 4768 2144 4866; x_wconf 85' lang='grc' dir='ltr'>φύσις</span> <span class='ocrx_word' id='word_1_857' title='bbox 2173 4796 2272 4847; x_wconf 85' lang='grc' dir='ltr'><strong>οὐκ</strong></span> <span class='ocrx_word' id='word_1_858' title='bbox 2307 4768 2550 4860; x_wconf 77' lang='grc' dir='ltr'>ἐκωλύθη</span> <span class='ocrx_word' id='word_1_859' title='bbox 2583 4787 2674 4840; x_wconf 91' lang='grc' dir='ltr'><strong>δύο</strong></span> <span class='ocrx_word' id='word_1_860' title='bbox 2710 4785 2809 4856; x_wconf 83' lang='grc' dir='ltr'><strong>μὲν</strong></span> <span class='ocrx_word' id='word_1_861' title='bbox 2841 4783 2984 4853; x_wconf 82' lang='grc' dir='ltr'>ἔχειν</span> <span class='ocrx_word' id='word_1_862' title='bbox 3008 4779 3076 4832; x_wconf 83' lang='grc' dir='ltr'>τὰ</span> <span class='ocrx_word' id='word_1_863' title='bbox 3110 4781 3271 4849; x_wconf 79' lang='grc' dir='ltr'>μέρη,</span> <span class='ocrx_word' id='word_1_864' title='bbox 3307 4775 3366 4841; x_wconf 76' lang='grc' dir='ltr'><strong>ἐξ</strong></span> <span class='ocrx_word' id='word_1_865' title='bbox 3391 4768 3467 4828; x_wconf 82' lang='grc' dir='ltr'>ὧν</span> <span class='ocrx_word' id='word_1_866' title='bbox 3496 4775 3558 4826; x_wconf 82' lang='grc' dir='ltr'><strong>τὸ</strong></span> 
     </span>
    </p>
   </div>
   <div class='ocr_carea' id='block_1_112' title="bbox 1990 4866 3560 4960">
    <p class='ocr_par' dir='ltr' id='par_1_112' title="bbox 1990 4866 3560 4960">
     <span class='ocr_line' id='line_1_112' title="bbox 1990 4866 3560 4960; baseline -0.018 -19"><span class='ocrx_word' id='word_1_867' title='bbox 1990 4888 2303 4960; x_wconf 89' lang='grc' dir='ltr'>πρόσωπον,</span> <span class='ocrx_word' id='word_1_868' title='bbox 2332 4883 2388 4934; x_wconf 75' lang='grc' dir='ltr'>ἓν</span> <span class='ocrx_word' id='word_1_869' title='bbox 2411 4881 2467 4934; x_wconf 77' lang='grc' dir='ltr'><strong>δὲ</strong></span> <span class='ocrx_word' id='word_1_870' title='bbox 2489 4877 2760 4932; x_wconf 85' lang='grc' dir='ltr'>δεικνύναι</span> <span class='ocrx_word' id='word_1_871' title='bbox 2782 4873 3070 4944; x_wconf 89' lang='grc' dir='ltr'>πρόσωπον</span> <span class='ocrx_word' id='word_1_872' title='bbox 3093 4868 3182 4921; x_wconf 84' lang='grc' dir='ltr'><strong>τὸν</strong></span> <span class='ocrx_word' id='word_1_873' title='bbox 3215 4866 3388 4928; x_wconf 74' lang='grc' dir='ltr'>οὕτως</span> <span class='ocrx_word' id='word_1_874' title='bbox 3430 4881 3560 4916; x_wconf 81' lang='grc' dir='ltr'>συν-</span> 
     </span>
    </p>
   </div>
   <div class='ocr_carea' id='block_1_113' title="bbox 1986 4954 3560 5043">
    <p class='ocr_par' dir='ltr' id='par_1_113' title="bbox 1986 4954 3560 5043">
     <span class='ocr_line' id='line_1_113' title="bbox 1986 4954 3560 5043; baseline -0.016 -13"><span class='ocrx_word' id='word_1_875' title='bbox 1986 4954 2197 5030; x_wconf 80' lang='grc' dir='ltr'>εστῶτα</span> <span class='ocrx_word' id='word_1_876' title='bbox 2236 4973 2548 5043; x_wconf 81' lang='grc' dir='ltr'>ἄνθρωπον·</span> <span class='ocrx_word' id='word_1_877' title='bbox 2580 4967 2728 5036; x_wconf 82' lang='grc' dir='ltr'>πόσῳ</span> <span class='ocrx_word' id='word_1_878' title='bbox 2763 4964 2959 5036; x_wconf 81' lang='grc' dir='ltr'>μᾶλλον</span> <span class='ocrx_word' id='word_1_879' title='bbox 2988 4963 3022 5032; x_wconf 90' lang='grc' dir='ltr'><strong>ή</strong></span> <span class='ocrx_word' id='word_1_880' title='bbox 3059 4959 3177 5013; x_wconf 84' lang='grc' dir='ltr'>θεία</span> <span class='ocrx_word' id='word_1_881' title='bbox 3210 4957 3367 5028; x_wconf 85' lang='grc' dir='ltr'>χάρις</span> <span class='ocrx_word' id='word_1_882' title='bbox 3396 4954 3560 5026; x_wconf 84' lang='grc' dir='ltr'>ἱκανὴ</span> 
     </span>
    </p>
   </div>
   <div class='ocr_carea' id='block_1_114' title="bbox 1984 5046 3560 5130">
    <p class='ocr_par' dir='ltr' id='par_1_114' title="bbox 1984 5046 3560 5130">
     <span class='ocr_line' id='line_1_114' title="bbox 1984 5046 3560 5130; baseline -0.015 -12"><span class='ocrx_word' id='word_1_883' title='bbox 1984 5066 2151 5130; x_wconf 83' lang='grc' dir='ltr'>δεῖξαι</span> <span class='ocrx_word' id='word_1_884' title='bbox 2187 5063 2410 5117; x_wconf 77' lang='grc' dir='ltr'>δυνατὸν</span> <span class='ocrx_word' id='word_1_885' title='bbox 2447 5061 2540 5113; x_wconf 72' lang='grc' dir='ltr'>καὶ</span> <span class='ocrx_word' id='word_1_886' title='bbox 2563 5055 2859 5112; x_wconf 73' lang='grc' dir='ltr'>ἀκόλουθον</span> <span class='ocrx_word' id='word_1_887' title='bbox 2897 5053 2956 5105; x_wconf 81' lang='grc' dir='ltr'>τὺ</span> <span class='ocrx_word' id='word_1_888' title='bbox 2991 5051 3085 5105; x_wconf 78' lang='grc' dir='ltr'><strong>καὶ</strong></span> <span class='ocrx_word' id='word_1_889' title='bbox 3125 5049 3217 5101; x_wconf 89' lang='grc' dir='ltr'><strong>δύο</strong></span> <span class='ocrx_word' id='word_1_890' title='bbox 3245 5046 3434 5116; x_wconf 86' lang='grc' dir='ltr'>φύσεις</span> <span class='ocrx_word' id='word_1_891' title='bbox 3466 5061 3560 5097; x_wconf 84' lang='grc' dir='ltr'>τε-</span> 
     </span>
    </p>
   </div>
   <div class='ocr_carea' id='block_1_115' title="bbox 1985 5136 3561 5220">
    <p class='ocr_par' dir='ltr' id='par_1_115' title="bbox 1985 5136 3561 5220">
     <span class='ocr_line' id='line_1_115' title="bbox 1985 5136 3561 5220; baseline -0.015 -10"><span class='ocrx_word' id='word_1_892' title='bbox 1985 5157 2134 5220; x_wconf 87' lang='grc' dir='ltr'>λείας</span> <span class='ocrx_word' id='word_1_893' title='bbox 2157 5157 2233 5218; x_wconf 89' lang='grc' dir='ltr'>εἰς</span> <span class='ocrx_word' id='word_1_894' title='bbox 2257 5154 2447 5207; x_wconf 82' lang='grc' dir='ltr'>’ένωσιν</span> <span class='ocrx_word' id='word_1_895' title='bbox 2465 5150 2765 5220; x_wconf 84' lang='grc' dir='ltr'>ἀσύγχυτον</span> <span class='ocrx_word' id='word_1_896' title='bbox 2788 5144 3129 5215; x_wconf 80' lang='grc' dir='ltr'>συνδραμεῖν,</span> <span class='ocrx_word' id='word_1_897' title='bbox 3159 5141 3252 5192; x_wconf 57' lang='grc' dir='ltr'><strong>καὶ⁸</strong></span> <span class='ocrx_word' id='word_1_898' title='bbox 3274 5136 3367 5190; x_wconf 76' lang='grc' dir='ltr'>τοῦ</span> <span class='ocrx_word' id='word_1_899' title='bbox 3390 5153 3561 5207; x_wconf 80' lang='grc' dir='ltr'>προσ-</span> 
     </span>
    </p>
   </div>
   <div class='ocr_carea' id='block_1_116' title="bbox 1987 5228 3562 5318">
    <p class='ocr_par' dir='ltr' id='par_1_116' title="bbox 1987 5228 3562 5318">
     <span class='ocr_line' id='line_1_116' title="bbox 1987 5228 3562 5318; baseline -0.013 -15"><span class='ocrx_word' id='word_1_900' title='bbox 1987 5249 2134 5303; x_wconf 86' lang='grc' dir='ltr'>ώπου</span> <span class='ocrx_word' id='word_1_901' title='bbox 2175 5248 2237 5300; x_wconf 87' lang='grc' dir='ltr'><strong>τὸ</strong></span> <span class='ocrx_word' id='word_1_902' title='bbox 2287 5245 2566 5318; x_wconf 84' lang='grc' dir='ltr'>μοναδικὸν</span> <span class='ocrx_word' id='word_1_903' title='bbox 2596 5239 2857 5313; x_wconf 87' lang='grc' dir='ltr'>μηδαμῶς</span> <span class='ocrx_word' id='word_1_904' title='bbox 2881 5237 3129 5307; x_wconf 88' lang='grc' dir='ltr'>ἀμελείν;</span> <span class='ocrx_word' id='word_1_905' title='bbox 3157 5230 3302 5301; x_wconf 77' lang='grc' dir='ltr'>ψυχὴ</span> <span class='ocrx_word' id='word_1_906' title='bbox 3334 5230 3430 5300; x_wconf 82' lang='grc' dir='ltr'><strong>μὲν</strong></span> <span class='ocrx_word' id='word_1_907' title='bbox 3453 5228 3562 5318; x_wconf 74' lang='grc' dir='ltr'><strong>γάρ</strong></span> 
     </span>
    </p>
   </div>
   <div class='ocr_carea' id='block_1_117' title="bbox 1992 5313 3568 5410">
    <p class='ocr_par' dir='ltr' id='par_1_117' title="bbox 1992 5313 3568 5410">
     <span class='ocr_line' id='line_1_117' title="bbox 1992 5313 3568 5410; baseline -0.017 -15"><span class='ocrx_word' id='word_1_908' title='bbox 1992 5342 2084 5394; x_wconf 79' lang='grc' dir='ltr'>καὶ</span> <span class='ocrx_word' id='word_1_909' title='bbox 2115 5339 2269 5410; x_wconf 82' lang='grc' dir='ltr'>σῶμα</span> <span class='ocrx_word' id='word_1_910' title='bbox 2287 5313 2742 5406; x_wconf 64' lang='grc' dir='ltr'><strong>⁷συναρμοσθέντα</strong></span> <span class='ocrx_word' id='word_1_911' title='bbox 2765 5330 2822 5382; x_wconf 81' lang='grc' dir='ltr'>ἓν</span> <span class='ocrx_word' id='word_1_912' title='bbox 2848 5328 2982 5392; x_wconf 83' lang='grc' dir='ltr'>ζῶον</span> <span class='ocrx_word' id='word_1_913' title='bbox 3004 5324 3355 5396; x_wconf 78' lang='grc' dir='ltr'>ἐργάζονται·</span> <span class='ocrx_word' id='word_1_914' title='bbox 3384 5317 3479 5371; x_wconf 86' lang='grc' dir='ltr'><strong>δύο</strong></span> <span class='ocrx_word' id='word_1_915' title='bbox 3505 5313 3568 5370; x_wconf 73' lang='grc' dir='ltr'><em>δέ</em></span> 
     </span>
    </p>
   </div>
   <div class='ocr_carea' id='block_1_118' title="bbox 1990 5409 3563 5501">
    <p class='ocr_par' dir='ltr' id='par_1_118' title="bbox 1990 5409 3563 5501">
     <span class='ocr_line' id='line_1_118' title="bbox 1990 5409 3563 5501; baseline -0.016 -16"><span class='ocrx_word' id='word_1_916' title='bbox 1990 5409 2538 5501; x_wconf 84' lang='grc' dir='ltr'>φύσειςὲτεροούσιοι</span> <span class='ocrx_word' id='word_1_917' title='bbox 2585 5423 2937 5492; x_wconf 85' lang='grc' dir='ltr'>συναφθεῖσαι</span> <span class='ocrx_word' id='word_1_918' title='bbox 2972 5419 3097 5489; x_wconf 87' lang='grc' dir='ltr'>μίαν</span> <span class='ocrx_word' id='word_1_919' title='bbox 3143 5414 3366 5484; x_wconf 87' lang='grc' dir='ltr'>υἱότητα</span> <span class='ocrx_word' id='word_1_920' title='bbox 3398 5409 3563 5501; x_wconf 63' lang='grc' dir='ltr'>ἀτρέο</span> 
     </span>
    </p>
   </div>
   <div class='ocr_carea' id='block_1_119' title="bbox 1990 5497 3566 5594">
    <p class='ocr_par' dir='ltr' id='par_1_119' title="bbox 1990 5497 3566 5594">
     <span class='ocr_line' id='line_1_119' title="bbox 1990 5497 3566 5594; baseline -0.016 -13"><span class='ocrx_word' id='word_1_921' title='bbox 1990 5544 2136 5589; x_wconf 85' lang='grc' dir='ltr'>πτως</span> <span class='ocrx_word' id='word_1_922' title='bbox 2164 5526 2223 5578; x_wconf 89' lang='grc' dir='ltr'><strong>ού</strong></span> <span class='ocrx_word' id='word_1_923' title='bbox 2258 5519 2641 5594; x_wconf 79' lang='grc' dir='ltr'>σχεδιὰζουσιν.</span> <span class='ocrx_word' id='word_1_924' title='bbox 2676 5518 2885 5585; x_wconf 81' lang='grc' dir='ltr'>Ὥσπερ</span> <span class='ocrx_word' id='word_1_925' title='bbox 2915 5512 3020 5582; x_wconf 81' lang='grc' dir='ltr'>γὰρ</span> <span class='ocrx_word' id='word_1_926' title='bbox 3058 5508 3419 5568; x_wconf 80' lang='grc' dir='ltr'>ἀκούσαντες·</span> <span class='ocrx_word' id='word_1_927' title='bbox 3457 5497 3566 5569; x_wconf 72' lang='grc' dir='ltr'><strong>Εἷς</strong></span> 
     </span>
    </p>
   </div>
  </div>
