3794 6226
167 271 302 328 1257

1447 276 1871 334 FRAGMENTA
1910 279 1998 336 VA
2007 279 2140 334 RIA.

3283 273 3422 329 1238

164 389 382 456 Κύριος
442 388 675 457 Ἰησοῦς
723 390 996 458 Χριστὸς,
1049 393 1124 448 δι’
1169 389 1246 451 οὗ
1289 394 1358 448 τὰ
1405 394 1633 460 πάντα,
1687 397 1752 466 τῇ

1861 407 2152 466 utrumque
2203 377 2604 464 una'persona
2660 388 3046 460 conspiciatur.
3098 383 3154 441 Si
3193 402 3426 457 namque

167 480 380 550 θεότητι
432 479 575 551 μόνῃ
605 478 667 533 τὸ
712 482 983 538 ποιεῖσθαι
1020 484 1088 538 τὰ
1134 486 1311 538 πάντα
1342 485 1484 539 κατὰ
1513 485 1571 539 τὸ
1609 486 1753 549 εἰκὸς

167 571 554 643 ἐπιγράφομεν
586 591 599 603 ο
625 571 798 638 οὕτως
847 575 1180 640 ἀκούσαντες
1226 576 1321 641 τὸ,
1383 577 1685 647 Ἀπὰθητος
1726 579 1754 630 ὁ

171 661 425 733 Χριστὸς,
471 662 574 733 τῆς
614 663 901 735 ὴνωμένης
942 667 1146 738 σαρκὸς
1186 667 1248 720 τὸ
1281 666 1452 730 πάθος
1487 666 1753 736 γινώσκο-

173 770 286 824 μεν.
329 753 493 806 Ἑπεὶ
531 753 647 818 πῶς
672 757 942 827 νοήσομεν
964 758 1066 829 τῆς
1106 758 1278 829 αὐτῆς
1303 759 1490 822 οὐσίας
1522 757 1617 813 καὶ
1656 758 1754 830 τὴν

167 843 454 900 ἀσθένειαν
493 847 552 899 ὲν
601 845 784 918 ταυτῷ
838 849 933 901 καὶ
977 849 1078 920 τὴν
1108 849 1364 920 δύναμιν;
1413 852 1480 904 Τὸ
1520 849 1756 919 πνεῦμα

169 935 501 1004 πρόθυμον,
538 939 577 1006 ἠ
605 937 763 1005 σὰρξ
790 939 1057 1008 ἀσθενής
1077 959 1090 972 ·
1121 941 1181 994 οὐ
1220 941 1384 1013 μέρος
1424 941 1750 1013 πνεύματος,

169 1027 287 1081 οὐδὲ
314 1027 490 1099 μέρος
523 1029 751 1102 σαρκός·
793 1032 888 1085 καὶ
929 1032 1120 1086 πάλιν·
1154 1036 1222 1087 Et
1256 1033 1366 1103 γὰρ
1409 1033 1753 1103 ἐσταυρώθη

168 1119 235 1184 ἐξ
277 1121 606 1188 ἀσθενείας
629 1163 643 1186 ,
677 1123 839 1179 ἀλλὰ
883 1121 951 1193 ζῇ
986 1124 1055 1178 ἐκ
1107 1124 1432 1195 δυνάμεως.
1482 1125 1651 1179 Ἀλλα
1687 1125 1756 1179 τὰ

170 1211 426 1282 ὀνόματα,
461 1213 599 1266 ἄλλα
623 1214 693 1268 τὰ
735 1215 1036 1287 πράγματα
1055 1232 1068 1247 ⁶
1112 1216 1328 1288 πνεῦμα
1351 1217 1444 1270 καὶ
1472 1217 1627 1290 σὰρξ,
1660 1217 1754 1270 δύ-

171 1321 331 1374 ναμις
364 1306 463 1358 καὶ
505 1305 778 1371 ἀσθένεια,
810 1309 1040 1380 σταυρὸς
1067 1309 1160 1362 καὶ
1195 1308 1330 1380 ζωὴ,
1360 1310 1420 1362 τὸ
1450 1311 1660 1380 ὲγεῖρον
1695 1309 1756 1362 τὸ

171 1396 544 1468 ἐγειρόμενον,
585 1397 645 1451 τὸ
685 1398 996 1469 ὑπερυψοῦν
1041 1399 1100 1452 τὸ
1139 1398 1608 1471 ὑπερυψούμενον.
1667 1399 1754 1451 Ἐν

173 1489 250 1541 ἑνὶ
271 1488 329 1542 δὲ
355 1491 663 1561 προσώπῳ,
689 1491 748 1544 ού
775 1491 918 1545 κατά
945 1490 1193 1545 σύνθεσιν
1221 1490 1423 1563 μερῶν,
1451 1491 1587 1545 ἀλλὰ
1615 1489 1756 1544 κατά

170 1579 359 1634 ἕνωσιν
415 1582 644 1638 τελείων
689 1582 925 1653 φύσεων.
979 1585 1052 1638 Oh
1105 1583 1234 1655 μίαν
1285 1584 1474 1637 οὐσίαν
1516 1583 1614 1647 τὰς
1665 1583 1756 1636 δύο

172 1671 467 1736 ποιούσαςο
507 1672 646 1726 ἀλλὰ
682 1674 810 1744 μίαν
837 1673 993 1738 ἀξίαν
1025 1675 1120 1728 κα)⁵
1150 1675 1304 1740 δόξαν
1332 1672 1614 1744 δηλοῦσαν.
1651 1665 1779 1726 Ούέ

1857 488 2096 544 hominis
2130 495 2381 542 naturam
2436 483 2574 538 nihil
2630 479 2914 552 prohibuit
2957 479 3250 548 quominus
3287 477 3424 533 duas

1855 579 2080 634 haberet
2110 587 2291 648 partes
2347 576 2554 648 quibus
2581 587 2818 644 persona
2851 570 3224 635 constituitur,
3265 577 3426 639 atque

1856 686 1964 724 una
1997 670 2173 726 solum
2199 681 2432 739 persona
2470 673 2636 728 esset,
2675 663 2840 717 homo
2869 661 3078 716 scilicet
3117 660 3190 714 ita
3217 659 3425 728 consti-

1856 769 2042 828 tutus;
2073 767 2277 830 quanto
2311 757 2488 827 magis
2520 755 2702 808 divina
2736 751 2910 824 gratia
2945 750 3304 821 comprobare
3329 764 3429 820 po-

1858 859 1980 918 test,
2016 863 2178 921 posse
2218 848 2336 903 ﬁeri
2359 853 2722 916 congruenter
2747 852 2808 897 ut
2840 843 2962 898 duae
2990 839 3244 912 perfectae
3265 847 3428 895 natu-

1854 940 2010 994 raain
2035 937 2476 1009 conjunctionem
2527 933 2663 988 nihil
2711 930 2998 986 confusam
3044 935 3426 991 concurrant,

1854 1032 1990 1086 nihil
2024 1031 2154 1085 laesa
2192 1043 2440 1100 personae
2469 1026 2716 1082 unitate?
2743 1025 2939 1079 Anima
2964 1036 3199 1092 namque
3227 1028 3282 1076 et
3305 1034 3428 1074 cor-

1855 1140 1957 1194 pus
1985 1124 2276 1195 conjuncta
2306 1120 2492 1188 simul,
2519 1118 2722 1174 animal
2765 1133 2936 1172 unum
2985 1114 3261 1179 eﬂiciunt;
3306 1112 3429 1166 dua:

1855 1225 2037 1272 autem
2082 1224 2292 1270 natura:
2341 1213 2573 1269 diversae
2605 1209 2921 1268 substantiae
2967 1222 3074 1262 una
3118 1205 3383 1276 copulatae
3411 1244 3426 1266 ,

1856 1322 2021 1362 unam
2051 1305 2369 1361 ﬁliationem
2401 1318 2512 1359 non
2536 1301 2895 1358 tumultuario
2923 1312 3087 1369 opere
3107 1297 3226 1353 sine
3251 1303 3431 1350 muta-

1855 1399 2003 1454 tione
2030 1397 2292 1454 etﬁciunt.
2329 1394 2804 1464 Quemadmodum
2822 1392 2968 1446 enim
3000 1403 3123 1445 cum
3141 1387 3427 1442 audimus:

1859 1488 2005 1544 Unus
2049 1490 2309 1544 Dominus
2352 1487 2510 1542 Jesus
2544 1485 2810 1549 Christus,
2863 1498 2957 1552 per
3011 1496 3162 1551 quem
3208 1478 3429 1543 omnia;

1856 1583 1958 1638 soli
1988 1582 2286 1647 divinitati,
2315 1587 2370 1636 et
2391 1580 2590 1635 merito
2604 1577 2846 1650 quidem,
2865 1572 3160 1629 tribuimus
3184 1571 3428 1626 omnium

1856 1674 2169 1746 opiﬁcium;
2218 1674 2289 1728 ita
2327 1687 2545 1743 quoque
2593 1685 2718 1725 cum
2770 1665 3080 1729 audiamus,
3112 1661 3433 1733 lmpatibilis

173 1779 276 1825 τως
297 1762 398 1816 ούκ
424 1762 744 1834 ἀρνούμεθα
769 1764 867 1837 τὴν
894 1765 1109 1832 ἕνωσιν,
1138 1764 1551 1838 παραιτούμεθα
1572 1765 1628 1817 δὲ
1656 1763 1754 1835 τὴν

1861 1766 2130 1832 Christus,
2172 1765 2337 1820 unitae
2385 1763 2569 1818 carnis
2608 1759 2920 1832 passionem
2971 1771 3095 1813 esse
3142 1753 3430 1825 cognosci-

173 1855 443 1908 ούσίωσιν.
473 1855 599 1908 ’Ότι
631 1855 740 1927 γὰρ
772 1856 1034 1911 ἀδύνατον
1064 1857 1161 1921 τὰς
1180 1857 1273 1910 δύο
1301 1857 1486 1919 οὐσίας
1507 1855 1755 1925 γενέσθαι

178 1942 322 2013 μίαν,
358 1944 609 1998 διδάσκει
646 1946 744 2018 μὲν
782 1949 810 2000 ὁ
845 1948 948 2018 τῆς
980 1948 1193 2017 φύσεως
1219 1949 1402 2020 νόμος,
1432 1948 1670 2002 διδάσκει
1701 1947 1757 2001 δὲ

174 2035 202 2086 ὁ
222 2034 312 2088 τοῦ
341 2035 703 2107 κηρύγματος
735 2037 913 2108 λόγος,
941 2039 1117 2093 πείθει
1145 2039 1202 2094 δὲ
1225 2039 1314 2094 διὰ
1341 2041 1539 2104 παντὸς
1569 2040 1758 2108 γένους

176 2127 208 2196 ἠ
244 2129 445 2199 πεῖρα,
480 2128 730 2195 θεσπίζει
769 2131 824 2185 δὲ
867 2132 1148 2203 προδήλως
1198 2135 1227 2187 ὁ
1285 2133 1508 2206 Κύριος.
1545 2132 1758 2205 Μηκέτι

179 2218 303 2287 γοῦν
329 2220 429 2292 τὴν
473 2223 776 2277 ἀνάστασιν
820 2226 1192 2280 ἀπιστούντων
1221 2225 1302 2279 ἔτι
1337 2227 1445 2280 τῶν
1479 2225 1758 2298 μαθητῶν,

185 2312 598 2382 Ψηλαφήσατέ
634 2333 744 2384 με,
783 2316 950 2388 φησὶ,
1000 2317 1099 2371 καὶ
1148 2317 1336 2383 ἴδετε,
1393 2317 1481 2370 ὅτι
1525 2315 1761 2384 πνεῦμα

181 2401 370 2471 σάρκα
413 2405 518 2460 καὶ
569 2407 754 2461 ὀστέα
810 2410 920 2462 οὐκ
957 2408 1102 2478 ἔχει,
1139 2407 1334 2475 καθὼς
1388 2408 1494 2478 ἐμὲ
1547 2406 1762 2476 ἑωρᾶτε

181 2493 410 2582 ἔχοντα.
448 2498 821 2570 Ψηλαφήσατε
858 2499 1142 2572 πρότερον,
1175 2501 1262 2554 ἵνα
1302 2499 1487 2571 δειχθῇ
1532 2500 1592 2553 ού
1629 2517 1763 2570 φαν-

183 2586 334 2640 τασία
382 2588 698 2660 πνεύματος
748 2591 1017 2646 ἁπατῶσα
1066 2592 1192 2655 τοὺς
1239 2591 1578 2663 Θεωμένους,
1629 2590 1764 2644 ἀλλὰ

182 2678 464 2735 ἀντιτυπία
492 2682 749 2754 σώματος
783 2683 1206 2756 πληροφοροῦσα
1243 2687 1370 2748 τοὺς
1401 2684 1760 2756 ἁπτομένους.

183 2770 273 2836 Τίς
303 2770 395 2828 οὖν
423 2776 527 2847 ούχ
564 2779 666 2848 ὁρᾷ
694 2777 762 2830 τὰ
787 2777 897 2831 τῶν
931 2778 1147 2848 φύσεων
1181 2777 1288 2832 ἴδια
1311 2794 1324 2808 °
1355 2779 1437 2832 ὅτι
1475 2777 1569 2830 τοῦ
1603 2777 1763 2831 πνεύ-

188 2881 346 2932 ματος
385 2869 528 2939 μήτε
553 2868 614 2922 τὸ
642 2869 742 2940 μὲν
772 2869 915 2941 ἔχειν
950 2872 1152 2942 σάρκα,
1186 2870 1322 2942 μήτε
1354 2869 1505 2935 ὀστᾶ,
1535 2868 1628 2922 τοῦ
1661 2867 1765 2921 σώ-

189 2972 345 3024 ματος
376 2960 434 3013 δὲ
459 2960 525 3014 τὸ
553 2959 696 3032 ἔχειν
715 2979 728 2992 ·
756 2962 850 3016 καὶ
879 2962 972 3016 τοῦ
1004 2962 1102 3033 μὲν
1129 2962 1192 3015 τὸ
1217 2961 1564 3032 θεωρεῖσθαι,
1590 2959 1682 3013 τοῦ
1706 2959 1763 3012 δὲ

184 3046 242 3099 τὸ
264 3049 335 3120 μὴ
363 3052 630 3123 ὁρᾶσθαι⁸
654 3055 843 3108 τούτου
873 3055 934 3108 τὸ
959 3056 1068 3126 ἀφῇ
1101 3053 1522 3120 ὑποϐάλλεσθαι,
1553 3052 1760 3106 ἐκείνου

187 3138 242 3190 τὸ
267 3140 404 3213 ἁφὴν
435 3144 515 3217 μὴ
541 3145 880 3214 προσίεσθαι.
910 3146 1034 3211 Πῶς
1057 3141 1149 3200 οὖν
1177 3145 1276 3217 μία
1299 3145 1478 3208 οὐσία,
1505 3143 1762 3216 τοιαύτης

187 3227 343 3303 οὔσης
365 3236 726 3309 παραλλαγῆς
745 3255 760 3304 ;
781 3240 845 3292 Εἰ
867 3238 1084 3311 πνεῦμα
1109 3239 1290 3311 μόνον,
1314 3237 1476 3291 πόθεν
1495 3235 1759 3308 σαρκεύς;

188 3323 233 3374 εἰ
255 3324 408 3396 σῶμα
436 3328 622 3400 μόνον,
652 3330 816 3385 πόθεν
843 3330 998 3398 δόξα;
1042 3330 1204 3385 Ἀλλὰ
1224 3329 1442 3401 πνεῦμα
1475 3328 1572 3400 μὲν
1593 3328 1764 3400 ἄσαρ-

190 3429 296 3480 κον,
329 3419 424 3492 τὴν
453 3418 618 3490 φύσιν
649 3422 803 3486 Θεὸς,
846 3422 1006 3494 σῶμα
1038 3423 1095 3476 δὲ
1129 3421 1394 3494 ἔμψυχον,
1427 3420 1631 3492 λογικῷ
1666 3421 1762 3492 μὲν

189 3507 362 3564 κάλλει
389 3513 792 3586 κοσμούμενον,
825 3515 891 3569 δι’
920 3515 1122 3570 ὀστέων
1151 3516 1210 3570 δὲ
1247 3516 1341 3569 καὶ
1374 3513 1590 3585 σαρκῶν
1625 3529 1764 3581 γνω-

195 3598 463 3672 ριζόμενον
489 3608 557 3678 τῇ
576 3607 710 3678 ἀφῇ.
741 3605 898 3661 Οὕτω
916 3608 1186 3662 δείκνυται
1212 3608 1273 3661 τὸ
1293 3606 1400 3660 τῶν
1428 3605 1521 3660 δύο
1550 3605 1765 3674 φύσεων

191 3689 453 3767 διάφορον,
492 3699 588 3753 καὶ
616 3700 676 3752 τὸ
704 3699 802 3771 τῆς
831 3699 1076 3764 ἐνώσεως
1105 3699 1430 3770 ἀσύγχυτον,
1464 3698 1634 3752 καὶτὸ
1666 3697 1766 3768 τῆς

196 3791 610 3860 προσκυνήσεως
636 3790 961 3864 ἀδιαίρετον.

1858 1877 2002 1915 mus.
2044 1859 2338 1914 Enimvero
2367 1872 2476 1926 qua
2499 1855 2710 1910 ratione
2744 1851 2987 1923 ejusdem
3017 1857 3229 1903 natura:
3258 1847 3313 1900 in
3335 1860 3431 1900 ea-

1857 1954 1978 2009 dem
2007 1953 2122 2022 ipsa
2147 1949 2600 2005 reinﬁrmitatem
2650 1960 2756 2001 una
2810 1954 2865 1999 et
2892 1941 3186 2013 potentiam
3231 1952 3433 2010 cogno-

1859 2045 2120 2100 scemus?
2153 2041 2383 2112 Spiritus
2409 2049 2682 2110 promptus
2712 2045 2814 2102 est,
2842 2051 2965 2089 caro
2993 2033 3207 2103 inﬁrma
3227 2032 3295 2096 ⁸⁸,
3323 2045 3432 2084 non

1858 2154 1986 2209 pars
2026 2136 2273 2208 spiritus,
2311 2150 2490 2204 neque
2518 2128 2884 2207 pars‘carnis.
2931 2127 2998 2182 Et
3044 2140 3265 2182 rursum
3299 2141 3312 2176 :
3373 2121 3434 2177 Si

1859 2231 1998 2284 enim
2033 2229 2322 2298 cruciﬁxus
2367 2235 2446 2280 est
2494 2241 2558 2278 ea:
2588 2223 2923 2292 inﬁrmitate,
2953 2218 3043 2275 sed
3064 2219 3186 2273 vivit
3218 2233 3282 2272 ea:
3327 2218 3435 2270 vir-

1864 2329 1972 2374 tute
1999 2319 2066 2373 ”.
2101 2318 2221 2372 Alia
2250 2316 2497 2383 nomina,
2529 2314 2634 2369 alia
2661 2327 2861 2383 opera;
2893 2311 3119 2382 spiritus
3167 2317 3220 2363 et
3263 2323 3389 2363 caro
3418 2348 3433 2372 ,

1861 2413 2036 2468 virtus
2067 2419 2121 2467 et
2150 2410 2463 2475 inﬁrmitas,
2499 2423 2632 2462 crux
2661 2414 2716 2461 et
2753 2403 2888 2470 vita,
2934 2401 3081 2474 quod
3129 2401 3334 2457 excitat
3381 2409 3438 2453 et

1862 2502 2007 2572 quod
2045 2501 2338 2565 excitatur,
2368 2499 2516 2569 quod
2555 2494 2925 2567 superexaltat
2960 2502 3014 2548 et
3071 2492 3218 2562 quod
3245 2504 3437 2560 super-

1862 2595 2152 2651 exaltatur.
2179 2591 2304 2649 Haec
2331 2605 2511 2647 autem
2536 2591 2591 2644 in
2624 2603 2732 2644 una
2768 2599 3004 2657 persona
3030 2595 3179 2646 sunt,
3208 2598 3316 2637 non
3351 2595 3438 2635 se-

1864 2686 2104 2745 cundum
2156 2684 2611 2756 compositionem
2667 2681 2928 2752 partium,
2986 2677 3078 2733 sed
3136 2674 3437 2731 secundum

1863 2775 2304 2847 conjunctionem
2340 2771 2708 2844 pet-fectarum
2741 2761 3088 2824 naturarum.
3111 2763 3233 2820 Non
3271 2778 3439 2819 unam

1866 2864 2230 2923 substantiam
2255 2877 2416 2933 quam
2445 2861 2566 2916 duae
2590 2858 2856 2924 eﬁiciant;
2887 2855 2984 2912 sed
3017 2870 3138 2926 quae
3159 2868 3325 2909 unam
3360 2851 3442 2905 di—

1864 2958 2126 3031 gnitatem
2159 2967 2211 3011 et
2244 2969 2409 3010 unam
2438 2953 2666 3025 gloriam
2702 2947 3002 3021 signiﬁcet;
3029 2949 3102 3002 ita
3138 2949 3252 3000 no‘n
3279 2959 3442 3014 nega-

1866 3066 1991 3106 mus
2023 3050 2323 3115 unionem,
2373 3047 2469 3102 sed
2514 3059 2779 3115 negamus
2830 3040 3267 3098 substantiarum
3325 3037 3443 3092 ﬁeri

1868 3143 2228 3198 identitatem.
2281 3140 2438 3207 Quod
2489 3139 2635 3192 enim
2690 3135 2808 3192 ﬁeri
2855 3140 3092 3204 nequeat
3140 3132 3277 3188 duas
3310 3129 3442 3186 sub-

1869 3235 2102 3292 stantias
2129 3249 2294 3290 unam
2321 3233 2478 3295 efﬁci,
2518 3230 2676 3286 docet
2701 3230 2786 3284 lex
2806 3226 3093 3288 naturalis,
3121 3225 3280 3280 docet
3307 3238 3447 3293 pra:-

1869 3327 2158 3386 dicationis
2199 3325 2462 3391 verbum,
2501 3321 2692 3378 suadet
2743 3320 2989 3375 omnium
3033 3317 3442 3388 generationum

1870 3419 2236 3492 experientia,
2287 3415 2576 3471 manifeste
2612 3413 2929 3484 pronuntiat
2970 3410 3257 3465 Dominus.
3306 3407 3443 3462 Dum

1870 3512 2016 3568 enim
2043 3509 2222 3564 adhuc
2245 3505 2498 3576 discipuli
2529 3502 2988 3559 resurrectionem
3008 3515 3114 3554 non
3139 3498 3443 3554 crederent:

1875 3601 2105 3669 Palpate
2133 3615 2233 3666 me,
2265 3596 2461 3666 inquit,
2493 3605 2542 3649 et
2568 3594 2756 3660 videte,
2789 3594 2918 3670 quia
2964 3591 3185 3662 spiritus
3232 3605 3445 3644 carnem

1872 3704 1921 3750 et
1943 3709 2066 3748 ossa
2099 3707 2204 3745 non
2235 3688 2412 3753 habet,
2444 3688 2580 3741 sicut
2611 3703 2689 3740 me
2720 3685 2904 3739 videtis
2925 3685 3114 3738 habere
3143 3684 3182 3736 ¹.
3221 3681 3442 3752 Palpate

1874 3787 2051 3857 prius,
2086 3792 2148 3838 ut
2172 3780 2548 3837 ostenderetur
2581 3793 2702 3834 esse
2735 3793 2842 3832 non
2875 3762 3162 3846 phantasia
3214 3776 3444 3849 spiritus

196 3872 375 3982 ἷέηξηε
426 3885 646 3982 1919
702 3902 798 3942 eos
861 3887 954 3957 qui
1009 3889 1125 3942 rem
1174 3897 1498 3955 cernerent;
1555 3888 1648 3944 sed
1695 3888 1810 3957 ipsa
1849 3884 2093 3955 corporis
2171 3882 2380 3947 forma,
2432 3896 2554 3951 quae
2591 3895 2683 3935 eos
2716 3879 3156 3950 ,qui'tangerent
3199 3873 3266 3927 de
3297 3885 3362 3924 ea
3389 3883 3447 3922 re

196 3969 442 4031 certiores
463 3975 670 4032 faceret
691 3979 822 4050 (59).
845 3977 1177 4050 Quisitaque
1198 3996 1308 4035 non
1335 3981 1483 4036 videt
1536 3997 1658 4052 quae
1697 3982 1806 4036 sint
1846 3987 2164 4034 naturarum
2211 3977 2469 4047 propria:
2517 3975 2742 4044 spiritus
2789 3973 3036 4044 quidem,
3084 3967 3229 4039 quod
3268 3977 3447 4033 neque

196 4078 402 4125 carnem
451 4073 654 4128 habeat
709 4089 887 4144 neque
920 4089 1090 4140 ossa;
1119 4076 1366 4145 corporis
1403 4091 1554 4140 vero,
1589 4077 1735 4146 quod
1775 4076 1972 4131 habeat
2032 4092 2047 4128 :

197 4163 331 4227 quod
363 4181 471 4222 non
499 4168 674 4243 possit
737 4187 750 4223 :

2113 4081 2168 4130 et
2195 4073 2360 4143 hujus
2396 4072 2638 4142 quidem,
2679 4069 2828 4141 quod
2868 4066 3042 4129 videri
3074 4066 3266 4136 possit,
3300 4061 3448 4116 illius

831 4169 1017 4240 hujus,
1051 4171 1196 4240 quod
1235 4172 1403 4226 tactui
1440 4171 1768 4242 subjiciatur
1798 4190 1813 4238 ;
1855 4172 2022 4236 illius,
2055 4170 2200 4241 quod
2234 4178 2438 4224 tactum
2470 4184 2582 4223 non
2609 4164 2901 4222 admittat?
2933 4163 3056 4231 Quo
3089 4173 3250 4233 pacto
3278 4159 3444 4242 igitur

197 4264 299 4354 una
333 4257 637 4315 substantia
693 4257 878 4325 fuerit,
911 4276 1037 4316 cum
1072 4272 1223 4319 tanta
1258 4264 1329 4318 sit
1393 4280 1577 4318 rerum
1641 4263 2048 4334 discrepantia?
2072 4230 2158 4318 -Si
2197 4261 2420 4332 spiritus
2481 4262 2658 4318 solum
2688 4270 2788 4324 est,
2817 4230 3204 4314 undeicarnem
3240 4230 3448 4309 habet?

199 4346 241 4396 si
266 4361 459 4420 corpus
514 4361 747 4417 tantum,
811 4355 956 4409 unde
981 4354 1195 4425 gloria?
1220 4353 1326 4409 Sed
1357 4355 1584 4424 Spiritus
1611 4354 1830 4426 quidem
1870 4355 1990 4410 sine
2022 4368 2188 4410 carne
2218 4361 2323 4419 est,
2349 4359 2546 4407 natura
2578 4351 2722 4406 Deus
2753 4363 2988 4419 :corpus
3013 4357 3194 4402 autem
3233 4346 3448 4399 anima-

198 4439 326 4504 tum,
363 4444 678 4500 rationabili
721 4446 1129 4515 pulchritudine
1191 4457 1471 4513 ornatum,
1519 4465 1615 4519 per
1665 4464 1793 4504 ossa
1833 4464 1965 4503 vero
2001 4456 2056 4503 et
2085 4463 2307 4504 carnem
2340 4454 2491 4502 tactu
2559 4445 2824 4517 agnitum.
2862 4441 3279 4498 ltaostenditur
3309 4440 3446 4493 dua.-

201 4539 312 4584 rum
341 4533 633 4592 discrimen
657 4547 1009 4602 naturarum,
1040 4548 1096 4593 et
1124 4554 1231 4594 non
1264 4540 1490 4597 confusa
1532 4541 1662 4596 unio
1682 4582 1696 4607 ,
1737 4550 1791 4594 et
1824 4540 2227 4596 indivisibilitas
2258 4537 2616 4595 adorationis.

608 4678 1108 4754 SEQUUNTUR
1149 4681 1344 4742 ALIA
1405 4681 1804 4744 EIUSDEM
1849 4682 1913 4742 S.
1969 4681 2445 4746 ATHANASII
2480 4678 3046 4754 FRAGMENTA,

791 4824 822 4862 Ε
864 4824 1042 4864 VARUS
1092 4825 1370 4865 νΑιιιοιιυκ
1418 4824 1711 4867 Αυετοιιωι
1756 4830 1762 4860 4

1861 4824 2018 4864 RIBUS
2059 4825 2380 4866 DEPROHPTA
2415 4829 2447 4862 Δ
2489 4823 2854 4863 FELCKMANNO.

209 4931 564 5008 Theodoretus,
597 4944 821 5014 Dialogo
847 4946 1018 5013 primo
1050 4945 1127 5016 τῷ
1155 4946 1410 5018 ἀτρέπτῳ
1443 4946 1550 4999 ἀπὸ
1567 4945 1660 5020 τοῦ
1678 4947 1762 5020 Αλὸε

1866 4948 2014 5020 ,Περὶ
2041 4949 2140 5020 τῆς
2167 4948 2402 5012 πίστεως
2423 4912 2516 5000 τοῦ
2555 4946 2822 5018 μείζονος,
2850 4944 3132 4998 Athanasii
3169 4944 3279 4998 hazc
3303 4943 3452 5007 citat.

1341 5033 1458 5086 qua:
1497 5017 1690 5071 nullibi
1722 5020 1777 5072 in
1809 5017 1969 5073 editis
2013 5017 2285 5073 habentur.

267 5127 336 5182 Τὸ
362 5135 688 5206 γεγράφθαι,
744 5137 838 5190 Ἐν
875 5137 1036 5207 ἀρχῇ
1080 5134 1159 5209 ἦν
1207 5141 1240 5192 ό
1270 5139 1480 5208 Λόγος,
1523 5139 1762 5211 φανερῶς

1953 5140 2111 5208 Quod
2147 5141 2410 5210 scriptum
2453 5147 2571 5201 est,
2617 5136 2686 5191 In
2719 5135 2978 5206 principio
3009 5145 3121 5186 erat
3168 5131 3385 5185 Verbum
3409 5133 3452 5194 ',

204 5216 293 5288 τὴν
318 5221 542 5300 θεότητα
567 5229 744 5301 δηλοῖ’
780 5231 840 5284 τὸ
872 5231 949 5295 δὲ,
1006 5232 1058 5284 '0
1090 5233 1280 5300 Λόγος
1321 5231 1478 5299 σὰρξ
1505 5232 1762 5301 ἐγένετο,

1879 5242 2064 5302 aperte
2099 5231 2441 5287 divinitatem
2473 5229 2779 5303 signiﬁcat;
2809 5226 2941 5281 illud
2973 5233 3178 5286 autem,
3228 5222 3453 5284 Verbum

207 5311 292 5366 τὸν
317 5317 591 5394 ἄνθρωπον
619 5323 712 5377 τοῦ
747 5323 954 5396 Κυρίου
980 5324 1268 5378 δείκνυσιν.

1878 5341 2002 5379 caro
2037 5325 2239 5394 factum
2267 5335 2344 5379 est
2375 5325 2418 5390 ³,
2458 5323 2674 5378 Domini
2704 5318 3102 5377 humanitatem
3136 5315 3360 5372 indicat.

282 5473 323 5503 ’⁸
365 5474 550 5536 Matth.
591 5497 743 5550 xxvr,
790 5482 878 5536 M.
953 5481 999 5512 9°
1036 5478 1080 5532 ll
1114 5479 1242 5535 Cor.
1280 5483 1479 5547 xm,4.
1562 5483 1574 5512 ³
1614 5479 1747 5534 Luc.
1795 5482 2058 5545 xxrv,59.
2140 5485 2158 5513 ²
2185 5479 2342 5538 Joan.
2378 5496 2415 5546 ι,
2453 5481 2501 5534 l.
2580 5479 2600 5510 ³
2628 5477 2756 5532 ibid.
2795 5476 2879 5530 14.

296 5614 378 5691 ⁵9)
414 5622 642 5696 Tangere
671 5632 806 5686 enim
842 5639 935 5685 aut
967 5631 1133 5700 tangi,
1168 5631 1269 5683 nisi
1306 5647 1516 5699 corpus,
1548 5629 1694 5684 nulla
1725 5636 1889 5697 potest
1924 5643 2028 5683 res.

954 5724 1192 5782 Lucner.
1226 5725 1301 5780 De
1327 5735 1438 5779 nat.
1474 5741 1572 5780 rer.
1608 5725 1698 5779 lib.
1733 5740 1770 5790 ι,
1801 5724 1924 5780 ⁸504.
