3794 6226
133 271 262 330 12·ιῖ

1439 268 1861 326 FRAGMENTA
1898 273 2134 331 VARIA.

3247 287 3388 343 ιειθι

139 389 290 461 μεθα.
347 383 640 457 Ἐδεόμεθα
686 385 744 439 δέ
780 384 920 439 κατά
953 386 1021 440 τὰ
1055 386 1202 459 πάθη
1221 387 1360 451 ,οἴνα
1419 388 1590 443 ταῦτα
1635 387 1714 453 είς

1827 393 2025 447 mutari
2056 400 2236 447 autem
2269 395 2564 465 egebamus
2606 397 2905 454 secundum
2958 399 3275 470 passiones,
3328 411 3388 456 ut

135 478 401 535 ἀπάθειαν
445 478 708 549 μεταστῇ.
754 476 961 548 Μηδεὶς
998 477 1062 550 δὴ
1105 479 1402 533 ἀπιστείτω
1444 481 1711 551 περὶτῶν

137 570 319 626 παθῶν
340 570 588 640 οἰόμενος
605 569 900 641 τρέπεσθαι
927 570 1024 644 τὴν
1047 571 1296 644 θεότητα,
1322 571 1457 626 ἀλλὰ
1480 589 1712 643 προσγε-

137 668 354 738 νόμενον
381 665 524 737 αὑτῇ
547 665 608 718 τὸ
628 665 798 728 πάθος
829 665 936 718 ἀπὸ
961 665 1054 718 τοῦ
1082 666 1343 737 σαρκικοῦ
1367 666 1461 720 xui
1480 666 1710 737 ψυχικοῦ

139 761 432 829 κινήματος
466 757 823 827 ἐνθυμείσθω,
848 758 942 811 xui
969 758 1395 828 ,προσγινόμενον
1429 759 1523 811 xui
1553 755 1713 810 νικώ-

143 870 314 924 μενον.
347 850 452 904 Διὰ
486 851 595 922 γὰρ
620 849 779 904 τοῦτο
820 850 1203 923 προσγέγονεν,
1243 852 1330 906 ἵνα
1357 852 1552 923 νικηθῇ
1573 869 1586 883 ο
1617 853 1712 906 καὶ

139 942 242 998 ἀπὸ
267 942 462 996 τούτου
503 942 800 1015 νενίκηται,
844 944 991 1014 ἴναή
1032 945 1182 997 πᾶσα
1214 941 1514 1014 ἀνθρώπων
1553 943 1714 1012 φύσις

141 1035 274 1090 κατὰ
306 1035 370 1088 τὸ
411 1035 676 1104 συγγενὲς
715 1035 1066 1106 εὑεργετηθῇ.
1121 1035 1359 1089 Ἐκεῖθεν
1400 1036 1508 1108 γὰρ
1545 1035 1714 1107 ἀρξά-

144 1143 288 1195 μενοι
347 1125 944 1197 μετασχηματιζόμεθα
1001 1126 1203 1189 πάντες
1270 1128 1336 1180 ἐκ
1399 1126 1713 1197 πασχόντων

142 1219 383 1283 απαθεῖς,
426 1220 522 1272 xui
553 1219 662 1272 ἀπὸ
701 1218 910 1290 νεκρῶν
939 1216 1140 1284 ζῶντες
1173 1219 1580 1288 καθιστάμενοι.
1620 1219 1712 1290 Μὴ

141 1306 227 1363 οὖν
251 1310 608 1383 ταραττέσθω
634 1327 719 1373 τις
747 1312 826 1375 είς
863 1311 1142 1374 ἀπιστίαν,
1173 1313 1220 1364 εί
1247 1311 1394 1379 λέγει
1425 1311 1556 1375 Θεὸς
1584 1309 1659 1364 ὣν
1687 1312 1715 1364 ὁ

142 1402 339 1474 Κύριος
372 1402 494 1473 ἅμα
536 1405 630 1456 xui
664 1402 981 1476 ἄνθρωπος·
1023 1404 1154 1458 Νῦν
1193 1405 1228 1471 ἡ
1261 1402 1431 1472 ψυχή
1457 1420 1576 1472 μου
1622 1419 1716 1456 τε-

142 1491 438 1560 τάρακται.
469 1492 641 1546 Τοῦτο
668 1493 778 1565 γὰρ
811 1493 1047 1562 ἐγένετο,
1074 1493 1178 1562 τῆς
1212 1494 1310 1563 μὲν
1349 1493 1601 1563 θεότητος
1640 1493 1717 1544 εί-

147 1584 370 1656 κούσης,
399 1586 500 1656 τῆς
544 1585 600 1638 δὲ
632 1585 834 1657 σαρκὸς
878 1585 1235 1657 ἐγειρομένης
1255 1605 1267 1616 ·
1302 1585 1522 1638 δυνατὸν
1559 1584 1618 1637 ὃν
1649 1587 1714 1655 τῇ

147 1675 349 1746 θεότητι
398 1674 644 1728 κωλύσαι
677 1675 776 1745 τὴν
810 1674 1088 1747 ταραχὴν,
1123 1674 1235 1728 ἀλλ’
1284 1674 1344 1730 οὑ
1389 1673 1717 1744 βουλομένης

1816 480 1899 534 hae
1931 483 1987 537 in
2022 482 2511 552 impassibilitatem
2537 486 2982 543 transferrentur.
3003 487 3195 546 Nullus
3221 490 3387 561 igitur

1819 573 1936 628 haec
1976 574 2042 629 de
2085 575 2432 644 passionibus
2466 592 2573 632 non
2617 579 2841 647 credat,
2890 580 3209 637 existimans
3247 582 3385 636 verti

1821 662 2100 728 deitatem,
2136 665 2229 719 sed
2263 666 2644 735 supervenisse
2666 668 2712 722 ei
2752 669 3062 738 passionem
3085 685 3152 723 ex
3181 670 3386 724 carnali

1817 763 1872 810 et
1895 756 2116 810 animali
2145 758 2341 813 animae
2361 761 2603 814 motione
2626 761 2913 830 conjectet,
2933 771 2985 815 et
3007 762 3387 832 supervenisse

1822 856 1876 900 et
1904 848 2099 900 victam
2127 847 2316 903 fuisse.
2347 849 2473 905 Ideo
2510 867 2745 922 namque
2772 853 3006 919 advenit,
3038 862 3098 907 ut
3135 854 3386 908 vincatur

1812 945 1887 999 ab
1913 945 2053 1015 ipso.
2096 944 2329 1015 ideoque
2350 946 2492 1002 victa
2521 956 2622 1013 est,
2642 958 2699 1001 ut
2720 947 2898 1002 omnis
2926 956 3119 1002 natura
3145 948 3387 1002 humana

1820 1053 1915 1110 per
1942 1041 2317 1109 cognationem
2350 1041 2674 1095 beneﬁcium
2719 1042 2918 1110 capiat.
2948 1040 3027 1095 Ex
3055 1042 3158 1096 hoc
3188 1043 3388 1112 quippe

1816 1131 2144 1200 incipientes
2200 1131 2654 1201 transﬁguramur
2685 1147 2899 1197 omnes,
2933 1148 2996 1187 ex
3038 1134 3390 1202 passibilibus

1820 1222 1892 1276 im
1906 1223 2218 1292 passibiles.
2249 1233 2303 1278 et
2335 1239 2398 1278 ex
2425 1223 2656 1279 mortuis
2682 1224 2926 1278 viventes
2965 1224 3162 1280 effecti.
3198 1223 3390 1280 Nullus

1821 1315 1988 1384 igitur
2013 1316 2365 1384 perturbatus
2394 1316 2462 1370 ad
2499 1316 2870 1371 inﬁdelitatem
2901 1317 3146 1380 accedat,
3175 1317 3221 1372 si
3256 1317 3392 1372 dicit

1825 1405 1970 1461 Deus
1991 1407 2084 1476 qui
2114 1406 2379 1462 Dominus
2420 1408 2732 1478 pariterque
2768 1417 2821 1462 et
2849 1408 3014 1462 homo
3048 1418 3131 1463 est
3171 1427 3184 1462 :
3232 1406 3391 1461 Nunc

1830 1499 2010 1551 anima
2039 1515 2156 1551 mea
2181 1499 2392 1552 turbata
2414 1509 2512 1553 est.
2539 1498 2654 1553 Hoc
2683 1499 2828 1554 enim
2859 1499 3060 1554 factum
3087 1507 3172 1554 est
3193 1500 3391 1554 deitate

1818 1590 2038 1660 quidem
2074 1591 2468 1660 acquiescenle,
2494 1607 2659 1646 carne
2689 1602 2870 1645 autem
2904 1593 3235 1662 insurgente.
3267 1589 3397 1648 Pos-

1822 1684 1979 1738 sibile
2017 1685 2160 1738 enim
2187 1694 2306 1739 erat
2332 1684 2522 1739 deitati
2555 1684 2840 1754 prohibere
2886 1685 3346 1754 perturbationem
3376 1727 3392 1750 ,

147 1743 326 1836 αὑτῆς,
351 1767 440 1821 ἵνα
475 1765 551 1838 μὴ
575 1767 674 1836 τὴν
706 1743 1092 1837 ὁῖμοίωσινήτὴν
1126 1764 1261 1835 πρὸς
1294 1743 1441 1835 ἡμᾶς
1469 1743 1714 1834 διαλύσῃ.

1827 1778 1916 1833 sed
1955 1778 2149 1841 noluit,
2177 1787 2235 1832 ut
2269 1743 2679 1832 similitudinem
2701 1819 2716 1843 ,
2746 1743 2910 1846 quam
2952 1778 3016 1831 ad
3046 1792 3146 1831 nos
3180 1776 3394 1839 habuit,

146 1856 360 1910 Τοιοῦτο
397 1857 463 1928 δή
504 1873 558 1909 τι
605 1856 823 1926 νοητέον
865 1857 928 1908 ἐκ
966 1855 1074 1908 τῶν
1114 1855 1235 1908 καθ’
1271 1856 1419 1925 ἡμᾶς
1461 1853 1722 1924 πραγμά-

146 1963 275 2002 corr
309 1945 652 2019 κεκραμένον
685 1945 805 2016 μέλι
844 1946 979 2018 πρὸς
1009 1945 1174 2015 ὕδωρ,
1200 1946 1261 1998 ού
1286 1945 1348 2016 δὴ
1377 1945 1436 1997 τὸ
1471 1945 1592 2016 μέλι
1621 1961 1720 2015 με-

149 2039 489 2111 ταϐέϐληται,
521 2038 657 2093 ἀλλὰ
698 2038 760 2092 τὸ
805 2038 950 2109 ὕδωρ
991 2037 1333 2091 ἐπλεόνασεν.
1367 2038 1496 2090 Ὅτε
1535 2036 1597 2108 δὴ
1635 2035 1720 2088 κί-

151 2133 289 2202 νημά
311 2150 362 2185 τι
396 2132 499 2202 τῆς
539 2131 741 2204 σαρκός
783 2134 928 2184 ἐστιν
974 2133 1029 2185 ἐν
1057 2130 1136 2202 τῷ
1173 2130 1395 2202 Κυρίῳ,
1427 2129 1634 2183 τοιοῦτὸ
1671 2147 1722 2182 τι

150 2224 388 2296 λάϐωμεν
413 2225 687 2296 ὁμοίωμα,
719 2224 908 2297 ὥσπερ
940 2223 1130 2287 ὓδατος
1152 2224 1210 2275 ἐν
1227 2222 1536 2293 μελικράτῳ
1562 2220 1720 2272 πλεοη

151 2319 365 2389 νασμόν.
404 2319 577 2371 Ὅταν
611 2317 668 2370 δὲ
708 2316 870 2370 πάλιν
925 2315 986 2368 τὸ
1019 2314 1197 2369 θεῖκὺν
1240 2314 1594 2386 ἐμφαίνηται,
1628 2311 1724 2365 xui

154 2410 335 2482 ἐνεργῇ
374 2410 660 2481 δυνάμεις,
697 2411 790 2462 καὶ
823 2408 1063 2461 δείκνυσι
1098 2407 1198 2477 τὴν
1247 2406 1516 2473 ἐξουσίαν,
1551 2405 1726 2458 τοιαύ-

152 2518 243 2570 την
279 2503 538 2573 ὁμοίωσιν
570 2500 843 2572 λάϐωμεν,
887 2500 1078 2572 ὥσπερ
1105 2499 1202 2552 τοῦ
1241 2498 1457 2568 μέλιτος
1491 2502 1723 2569 ἐπικρα-

154 2593 357 2658 τοῦντος
383 2595 444 2648 τὸ
473 2594 637 2666 ὕδωρ.
663 2594 892 2648 Δυνατὸν
923 2593 1030 2664 γὰρ
1057 2595 1121 2664 τῇ
1151 2592 1362 2663 θεότητι
1388 2589 1565 2655 τοῦτο,
1593 2590 1724 2643 ποτέ

160 2687 246 2754 μὲν
275 2690 338 2759 τῇ
370 2687 538 2758 σαρκὶ
568 2688 919 2758 παραχωρεῖν
953 2687 1032 2748 εἰς
1057 2685 1118 2737 τὸ
1158 2684 1476 2746 πλεονάσαι,
1507 2681 1636 2735 ποτὲ
1666 2681 1723 2734 δὲ

157 2779 313 2850 αὐτὴν
352 2778 722 2850 ἐπικρατῆσαι
751 2777 1082 2849 ἀναιροῦσαν
1108 2777 1169 2829 τὸ
1203 2776 1376 2839 πάθος
1399 2776 1494 2830 xui
1521 2774 1583 2828 τὸ
1625 2775 1724 2844 τῆς

159 2873 344 2941 σαρκὸς
393 2872 645 2935 ἀσθενές.
693 2871 1002 2941 Τεκμήριον
1043 2870 1101 2923 δὲ
1145 2869 1555 2939 τεσσαράκοντα
1597 2865 1724 2929 ὅλας

159 2963 354 3032 ἡμέρας
401 2963 670 3032 ἀπέχεται
713 2960 922 3033 τροφῆς
959 2959 1278 3029 σωματικῆς
1325 2959 1420 3012 xui
1454 2957 1514 3010 οὑ
1563 2957 1725 3026 πεινᾷ

1821 1885 1930 1924 non
1963 1869 2304 1924 dissolveret.
2332 1869 2462 1925 Tale
2495 1885 2624 1937 ergo
2643 1869 2846 1940 aliquid
2875 1875 2961 1923 est
2989 1868 3393 1938 intelligendum

1823 1976 1889 2017 ex
1929 1961 2093 2016 rebus
2116 1975 2236 2031 quae
2266 1961 2410 2016 circa
2446 1976 2546 2016 nos
2577 1969 2724 2016 sunt.
2750 1960 2887 2015 Cum
2929 1969 3257 2030 temperatur
3284 1960 3392 2014 mel

1823 2068 1945 2108 cum
1978 2067 2141 2121 aqua,
2173 2067 2281 2106 non
2318 2052 2424 2106 mel
2461 2061 2733 2107 mutatum
2765 2059 2884 2116 est,
2919 2052 3012 2106 sed
3047 2050 3395 2120 superabun-

1823 2145 1970 2197 davit
2000 2159 2142 2214 aqua
2174 2161 2186 2197 :
2224 2145 2476 2200 similiter
2514 2145 2733 2214 quando
2779 2144 3044 2198 duntaxat
3073 2145 3240 2196 motio
3269 2158 3393 2196 ear-

1823 2236 1909 2290 nis
1940 2247 2025 2290 est
2063 2237 2119 2289 in
2151 2235 2412 2299 Domino,
2449 2237 2607 2291 talem
2655 2236 2948 2305 quamdam
2979 2236 3394 2290 similitudinem

1826 2342 2210 2391 assumamus,
2243 2328 2384 2382 sicut
2425 2342 2624 2396 aquam
2676 2326 2729 2380 iu
2780 2327 3086 2392 melicrato,
3125 2326 3178 2380 id
3222 2337 3305 2381 est
3339 2327 3393 2379 in

1823 2419 1983 2474 melle
2013 2428 2312 2488 temperato
2343 2418 2897 2488 superabundantem.
2923 2418 3152 2484 Quando
3172 2417 3393 2484 iterum,

1824 2513 1971 2583 quod
2001 2513 2242 2566 divinum
2275 2519 2378 2576 est,
2410 2510 2838 2574 demonstratur,
2885 2518 2940 2564 et
2978 2519 3240 2578 operatur
3279 2509 3396 2562 vir-

1829 2612 1990 2676 tutes,
2024 2612 2077 2657 et
2113 2602 2353 2659 ostendit
2394 2594 2741 2671 potestatem,
2777 2601 2941 2654 talem
2979 2599 3395 2655 similitudinem

1827 2711 2210 2759 assumamus,
2264 2694 2408 2749 sicut
2445 2693 2576 2747 dum
2611 2693 2719 2747 mel
2762 2708 2960 2762 aquam
2995 2700 3236 2761 superat.
3284 2690 3400 2746 Hoc

1823 2785 1972 2840 enim
1998 2785 2258 2855 possibile
2295 2793 2378 2840 est
2406 2784 2623 2847 deitati,
2661 2783 2954 2852 aliquando
2983 2782 3202 2851 quidem
3245 2781 3399 2836 carni

1823 2877 2138 2948 permittere
2181 2884 2242 2930 ut
2276 2875 2684 2946 superabundet
2733 2894 2747 2929 :
2785 2874 3077 2944 aliquando
3107 2887 3236 2928 vero
3275 2887 3399 2927 eam

1827 2983 2086 3037 superare
2112 2966 2178 3020 ad
2217 2965 2590 3036 perimendam
2626 2966 2939 3035 passionem
2967 2964 3140 3033 ipsam
3181 2971 3236 3017 et
3275 2977 3402 3016 car-

158 3054 214 3106 τὸ
245 3055 416 3126 σῶμα.
448 3054 608 3110 Μετὰ
647 3053 756 3125 γὰρ
784 3052 992 3115 ταῦτα,
1027 3050 1207 3114 καθὼς
1246 3050 1590 3122 γέγραπται,
1623 3065 1721 3101 πε-

1827 3061 1913 3116 nis
1942 3061 2337 3115 inﬁrmitatem.
2381 3058 2646 3114 Indicium
2686 3074 2816 3113 vero
2843 3067 2956 3122 est,
2988 3057 3132 3126 quod
3166 3055 3404 3125 quadra—

162 3149 416 3204 πείνακεν.
475 3147 745 3202 Ἐνταῦθα
779 3147 980 3218 σαρκὸς
1012 3146 1386 3214 πλεονασμός-
1423 3139 1540 3196 εἶτα
1575 3143 1723 3195 ἐπεί-

162 3257 276 3293 νασε
306 3241 440 3312 μετὰ
471 3241 568 3295 τὸν
605 3238 860 3293 τοσοῦτον
895 3238 1107 3310 χρόνον.
1169 3234 1489 3290 Ἐπλεόνασε
1535 3232 1596 3285 τὸ
1623 3233 1720 3303 τῆς

163 3333 347 3405 σαρκὸς
373 3333 460 3389 διὰ
503 3332 695 3396 τοῦτο,
727 3332 814 3386 ἵνα
847 3335 940 3384 καὶ
971 3332 1138 3401 πεῖρα
1172 3325 1538 3400 προσενεχθῇ,
1567 3323 1660 3378 xui
1693 3325 1722 3376 ὁ

162 3425 417 3497 πειράζων
441 3425 838 3496 καταισχυνθῇ,
865 3425 958 3476 xui
980 3423 1010 3474 ὁ
1037 3419 1097 3487 ἐξ
1127 3421 1305 3493 ἀρχῆς
1328 3419 1610 3490 ἄνθρωπος
1635 3416 1723 3470 διὰ

167 3515 343 3588 βρῶμα
372 3517 558 3572 πεσὼν
589 3517 657 3570 δι’
687 3515 1015 3588 ἐγκράτειαν
1047 3513 1333 3586 βρώματος
1364 3513 1590 3582 ἀναστῇ.
1619 3509 1721 3563 Φέη

169 3626 239 3680 ρει
264 3610 318 3662 δὲ
346 3611 438 3664 καὶ
470 3609 572 3682 τὴν
610 3607 855 3680 ταραχὴν
892 3607 993 3677 τῆς
1034 3606 1236 3677 σαρκὸς
1277 3604 1370 3656 ἐπὶ
1401 3602 1477 3674 τῷ
1509 3603 1722 3674 θανάτῳ

167 3703 440 3772 προσιόντι.
476 3703 590 3757 Καὶ
627 3702 745 3766 πῶς
783 3699 892 3771 γὰρ
933 3697 1156 3770 ἔμελλεν
1191 3697 1430 3768 ὑπήκοος
1469 3693 1722 3765 γενέσθαι

165 3792 251 3864 τὴν
277 3797 545 3870 ἡμετέραν
572 3794 818 3865 ὑπακοὴν
850 3793 1072 3864 πληρῶν
1093 3791 1209 3846 ἀνθ’
1241 3789 1420 3862 ήμῶν,
1449 3790 1500 3842 εί
1531 3787 1605 3860 μὴ
1630 3788 1723 3842 xui

168 3891 597 3961 προσεναντίωμα
624 3887 772 3960 ἔσχε,
801 3888 895 3941 xui
926 3883 1021 3938 τοῦ
1054 3881 1452 3954 ἐναντιώματος
1481 3880 1722 3951 ἐπεκρά-

167 3992 341 4048 τησεν;
387 3981 550 4053 Ἥμῖν
581 3981 691 4052 γὰρ
736 3979 957 4033 ἐπειδάν
997 3994 1051 4031 τι
1081 3979 1147 4032 ἐκ
1185 3975 1383 4049 σαρκὸς
1415 3973 1722 4042 ἐναντίωμα

169 4070 392 4144 γένηται,
417 4077 463 4130 εί
500 4071 952 4146 παρακούσαιμεν
979 4069 1073 4123 τοῦ
1101 4071 1538 4142 προστάγματος,
1565 4083 1721 4137 νικη-

169 4159 336 4230 θέντες
372 4168 560 4240 σαρκὶ,
591 4164 779 4220 τοῦτον
803 4165 896 4218 τὸν
920 4164 1120 4235 τρόπον
1150 4165 1184 4234 ὴ
1219 4161 1462 4232 ἁμαρτία
1489 4158 1724 4229 συμϐαί-

169 4271 255 4310 νει.
282 4260 483 4314 Οὐκοῦν
519 4264 576 4314 ἐν
601 4259 677 4330 τῷ
710 4258 899 4330 Κυρίῳ
927 4257 987 4310 τὸ
1029 4257 1129 4329 μὲν
1157 4254 1464 4324 ἐναντίωμα
1495 4252 1601 4305 ἔδει
1631 4269 1724 4321 γε-

169 4347 336 4404 νέσθαι
382 4353 442 4406 τὸ
492 4351 600 4406 ἀπὸ
646 4352 746 4422 τῆς
802 4349 1022 4423 σαρκὸς,
1084 4348 1303 4418 νικῆσαι
1357 4345 1412 4398 δὲ
1475 4343 1573 4415 τὴν
1621 4345 1724 4396 ὑπ-

1835 3153 1981 3225 ginta
2010 3154 2140 3208 totis
2164 3153 2359 3207 diebus
2389 3151 2656 3206 abstinuit
2687 3149 2959 3219 corporali
2993 3148 3150 3213 cibo,
3201 3153 3256 3202 et
3289 3161 3399 3200 non

1832 3245 2029 3300 esuriit
2059 3245 2237 3314 ipsum
2274 3259 2496 3313 corpus.
2525 3241 2660 3296 Post
2685 3241 2801 3296 haec
2837 3241 3038 3311 quippe
3064 3240 3230 3296 (sicut
3265 3240 3404 3294 scri-

1828 3347 1982 3409 ptum
2017 3338 2121 3408 est)
2151 3339 2365 3393 esuriit.
2417 3335 2515 3390 Hic
2543 3335 2724 3390 carnis
2753 3334 3136 3402 exsuperantia
3163 3351 3177 3387 :
3207 3331 3402 3386 deinde

1827 3429 2024 3485 esuriit
2062 3436 2187 3498 post
2213 3436 2422 3482 tantum
2453 3436 2690 3496 tempus.
2727 3425 3089 3494 Exsuperavit
3109 3423 3254 3493 quod
3281 3439 3404 3478 car-

1828 3519 1915 3574 nis
1946 3528 2050 3586 est,
2077 3519 2278 3574 ideirco
2309 3528 2364 3572 ut
2397 3519 2622 3572 tentatio
2647 3518 3021 3588 ingereretur,
3073 3526 3127 3572 et
3161 3527 3403 3573 tentator

1829 3609 2277 3674 confunderetur,
2310 3623 2362 3664 et
2389 3611 2572 3673 homo,
2604 3609 2698 3678 qui
2727 3625 2757 3662 a
2794 3609 3062 3678 principio
3087 3625 3184 3678 per
3217 3610 3401 3664 cibum

1831 3701 2019 3772 lapsus
2044 3711 2148 3766 est,
2183 3716 2278 3771 per
2305 3701 2689 3756 abstinentiam
2717 3700 2823 3754 cibi
2859 3709 3188 3771 resurgeret.
3229 3699 3395 3756 Τοιο-

1826 3804 1915 3850 rat
1940 3805 2118 3850 autem
2145 3804 2199 3850 et
2218 3795 2680 3866 perturbationem
2720 3792 2924 3858 carnis,
2961 3793 3079 3862 ipsa
3108 3801 3280 3847 morte
3305 3791 3404 3846 ad-

1828 3888 2098 3944 veniente.
2124 3885 2335 3943 Etenim
2375 3886 2652 3957 quomodo
2685 3885 2948 3940 obediens
2983 3883 3204 3940 futurus
3233 3892 3402 3950 esset,

1833 3989 2075 4036 nostram
2118 3995 2218 4050 pro
2235 3958 2413 4034 .nobis
2454 3976 2823 4032 obedientiam
2865 3974 3180 4045 complens,
3211 3973 3318 4028 nisi
3347 3982 3404 4030 et

1829 4073 2210 4129 adversitatem
2243 4071 2490 4138 haberet,
2512 4079 2565 4125 et
2594 4069 2834 4124 vinceret
2856 4068 3236 4123 adversitatem
3252 4068 3276 4122 ἲ
3295 4065 3406 4122 Νο-

1828 4167 1914 4222 bis
1941 4167 1987 4222 si
2019 4166 2236 4236 quidem
2281 4180 2349 4220 ex
2386 4179 2550 4220 carne
2591 4163 2866 4219 infestatio
2899 4164 2998 4230 lit,
3042 4172 3095 4218 et
3121 4163 3167 4217 si
3208 4162 3402 4218 iuobe-

1829 4257 2041 4312 dientes
2077 4257 2344 4312 fuerimus
2385 4258 2665 4324 mandato,
2706 4258 2832 4312 victi
2879 4273 3063 4319 carne,
3107 4257 3211 4311 hoc
3241 4255 3405 4309 modo

1832 4356 2114 4417 peccatum
2140 4347 2386 4418 emergit.
2421 4347 2563 4418 Ergo
2587 4357 2642 4402 et
2676 4349 2728 4402 in
2765 4348 2996 4403 Domino
3022 4347 3405 4402 adversitatem

171 4440 339 4515 ακοήν.
366 4445 501 4518 (45“)
523 4447 588 4499 Εἰ
610 4445 720 4518 γὰρ
750 4447 844 4499 xui
864 4444 1016 4507 Θεὸς,
1047 4441 1161 4496 ἀλλ’
1193 4443 1249 4493 ἐν
1285 4440 1446 4511 σαρκὶ
1473 4441 1567 4494 xui
1586 4439 1721 4493 κατὰ

1840 4441 2060 4510 quidem
2093 4443 2208 4496 lieri
2259 4441 2548 4510 oportebat
2581 4459 2609 4495 a
2642 4458 2838 4510 carne,
2886 4441 3248 4497 obedientiam
3275 4456 3407 4496 vero

172 4533 332 4605 σάρκα
366 4533 461 4610 τὴν
497 4537 744 4608 ὑπακοὴν
777 4535 1006 4606 πληροῖ,
1042 4533 1137 4587 xui
1165 4530 1262 4585 τοῦ
1294 4531 1596 4604 θελήματος
1622 4531 1722 4602 τῆς

172 4629 356 4697 σαρκὸς
380 4631 454 4702 τῷ
489 4629 752 4700 θελήματι
790 4627 891 4696 τῆς
929 4625 1183 4695 θεότητος
1214 4625 1426 4694 κρατεῖ,
1469 4622 1722 4693 καθάπερ

171 4717 370 4789 εἴρηκεν
393 4740 406 4754 ·
443 4724 574 4777 Ὀτι
613 4719 987 4788 καταϐέϐηκα
1031 4717 1100 4771 ἐκ
1141 4717 1248 4770 τοῦ
1279 4715 1573 4783 οὐρανοῦ,
1609 4716 1721 4784 οὐχ

171 4809 260 4864 ἵνα
289 4815 427 4869 ποιῶ
449 4816 517 4870 τὸ
543 4815 772 4883 θέλημα
794 4812 861 4866 τὸ
889 4811 1056 4882 ἐμὸν,
1083 4808 1243 4864 ἀλλὰ
1271 4807 1337 4862 τὸ
1366 4807 1595 4877 θέλημα
1617 4806 1722 4860 τοῦ

173 4901 500 4976 πέμψαντός
532 4925 610 4978 με
648 4907 898 4975 Πατρός,
947 4904 1074 4958 ἴδιον
1111 4903 1283 4970 λέγων
1313 4901 1524 4972 θέλημα
1561 4899 1726 4952 αὑτοῦ

171 4995 224 5047 τὸ
247 4998 338 5068 τῆς
361 5003 579 5074 σαρκός.
623 5000 773 5054 Ἐπεὶ
800 4999 895 5052 xui
920 4999 954 5069 ή
993 4995 1130 5067 σὰρξ
1163 4996 1269 5048 ίδία
1294 4993 1456 5048 αὑτοῦ
1482 4992 1724 5062 γέγονεν·

174 5089 228 5140 οὐ
257 5093 356 5164 γάρ
385 5097 498 5149 ἐστι
531 5095 744 5167 θέλημα
777 5091 910 5146 Υἱοῦ
941 5090 1121 5144 θεῖκὺν
1147 5087 1448 5158 θελήματος
1477 5083 1611 5137 Θεοῦ
1635 5101 1729 5136 κε-

174 5185 505 5256 Χωρισμένον.
541 5187 650 5259 (44)
686 5185 834 5238 Ἔδει
861 5184 919 5238 δὲ
946 5182 1006 5236 τὸ
1037 5181 1138 5252 τῆς
1169 5179 1368 5250 σαρκὸς
1401 5177 1611 5248 θέλημα
1640 5192 1727 5230 κι-

176 5266 402 5340 νηθῆναι,
433 5273 771 5343 ὑποταγῆναι
797 5273 855 5326 δὲ
881 5270 959 5343 τῷ
993 5271 1258 5340 θελήματι
1289 5267 1367 5339 τῷ
1395 5267 1580 5338 θεῖκῷ.
1611 5265 1723 5319 Kui

175 5359 328 5428 οὕτως
358 5371 410 5422 αἱ
443 5371 551 5424 τῶν
592 5367 894 5440 ἀνθρώπων
935 5365 1211 5439 παρακοαὶ
1241 5363 1457 5418 λύονται
1499 5363 1586 5416 διὰ
1622 5363 1722 5434 τῆς

179 5458 460 5526 παραδόξου
495 5463 700 5536 ταύτης
732 5459 1015 5532 ὑπακοῆς,
1048 5460 1112 5531 ἢν
1144 5457 1377 5531 Χριστὸς
1414 5458 1720 5529 ὑπήκουσεν

239 5565 279 5599 ¹⁶
332 5569 480 5633 Joan.
510 5595 566 5633 νι
605 5579 704 5634 38.

212 5660 368 5743 ,(45⁸)
398 5667 526 5743 ΙίτιεεΔ
563 5673 832 5732 habentur
863 5671 919 5726 in
953 5669 1185 5728 concilio
1212 5667 1563 5728 Lateranensi
1585 5677 1624 5726 t.
1648 5669 1718 5728 Vl

187 5727 361 5806 Caua,
379 5754 429 5811 ν,
469 5741 593 5801 290,

1827 4537 2070 4591 vincere.
2113 4534 2374 4601 Quamvis
2403 4536 2546 4590 enim
2576 4533 2718 4589 Deus
2741 4544 2844 4602 est,
2865 4550 3048 4589 veram
3077 4533 3130 4587 in
3169 4547 3334 4588 carne
3353 4541 3407 4587 et

1830 4626 2136 4682 secundum
2178 4642 2396 4681 carnem
2429 4627 2793 4681 obedientiam
2830 4627 3036 4695 implet,
3079 4633 3132 4678 et
3155 4623 3406 4678 volunta-

1828 4728 1944 4774 tem
1979 4719 2165 4774 carnis
2191 4721 2472 4773 voluntate
2495 4727 2715 4788 superat
2743 4719 2979 4781 deitatis,
3025 4717 3166 4773 sicut
3215 4717 3352 4771 dixit
3388 4736 3402 4770 :

1841 4811 1982 4876 Quia
2031 4812 2277 4866 descendi
2308 4811 2373 4865 de
2415 4811 2564 4876 caelo,
2597 4828 2696 4864 non
2734 4821 2790 4863 ut
2842 4811 3038 4880 faciam
3083 4809 3406 4862 voluntatem

1835 4921 2028 4968 nteant,
2056 4905 2146 4958 sed
2181 4917 2237 4959 ut
2283 4905 2477 4972 faciam.
2509 4904 2823 4958 coluntalem
2850 4903 2984 4972 ejus,
3015 4903 3103 4972 qui
3134 4901 3277 4953 misit
3302 4915 3404 4965 me,

1838 4993 2028 5050 Patris
2068 4997 2110 5028 ³ο
2141 5038 2156 5064 ,
2182 4998 2463 5066 prepriam
2489 4996 2824 5050 voluntatem
2864 4996 3050 5050 dicens
3072 4994 3242 5062 ipsam
3282 5007 3407 5061 qua:

1835 5089 2018 5144 carnis
2072 5099 2175 5144 est.
2221 5088 2355 5143 Nam
2397 5099 2450 5145 et
2489 5104 2618 5144 caro
2651 5089 2866 5160 propria
2896 5087 3015 5158 ejus
3041 5095 3195 5141 erat:
3228 5099 3405 5155 neque

1835 5181 1982 5235 enim
2035 5183 2292 5237 voluntas
2326 5181 2446 5236 Filii
2477 5183 2690 5249 divina,
2745 5197 2774 5236 a
2814 5182 3087 5236 voluntate
3117 5177 3209 5233 Dei
3242 5193 3401 5247 sepa-

1837 5283 1956 5329 rata
1983 5283 2085 5330 est.
2124 5273 2419 5344 Oportebat
2459 5275 2660 5344 quippe
2694 5274 2899 5328 moveri
2940 5273 3120 5327 carnis
3149 5271 3402 5326 volunta-

1841 5375 1973 5432 tem,
2017 5366 2210 5436 subjici
2244 5383 2374 5421 vcro
2412 5367 2680 5422 voluntati
2729 5365 2967 5421 deitalis.
2996 5364 3172 5434 Atque
3196 5365 3268 5417 ita
3303 5364 3378 5417 ho

1831 5461 2040 5516 minum
2072 5459 2462 5518 inobedientia:
2491 5460 2776 5518 solvuntur
2797 5475 2892 5531 per
2932 5458 3071 5515 hanc
3103 5456 3376 5514 admirabi

1895 5665 2007 5740 (tt)
2025 5626 2029 5631 ’
2047 5663 2180 5722 Ibid.
