3794 6226
394 287 534 346 1245

1034 289 1091 344 S.
1133 287 1504 343 ATHANASII
1540 287 1691 342 OPP.
1750 284 1930 340 PARS
1968 281 2008 338 1.
2051 313 2122 328 -—
2161 282 2528 341 HISTORICA
2578 285 2666 340 ET
2702 286 3120 344 DOGMATICA.

3511 294 3642 350 1244

391 402 500 459 lem
530 401 890 456 obedientiam
911 443 925 466 ,
947 415 1057 470 qua
1101 399 1357 456 Christus
1400 399 1642 454 obedivit
1665 414 1763 469 pro
1788 397 1889 451 noh

2140 396 2210 468 ῖὲρ
2251 397 2427 468 ἡμῶν.
2477 398 2621 470 Ὅρα
2659 399 2746 471 δὴ,
2777 399 2870 452 τοῦ
2913 402 3212 472 κινήματος
3243 409 3334 457 τοῦ
3385 411 3638 476 σαρκικοῦ

391 493 694 550 Considera
727 493 913 564 igitur,
946 491 1088 546 facta
1120 493 1362 547 motione
1391 491 1625 556 carnali,
1665 491 1796 561 quid
1827 506 1973 545 asse-

391 599 496 641 rat.
529 584 596 638 Et
618 586 743 655 quid
767 586 942 639 dicam
961 588 987 641 ?
1009 585 1191 650 Peter,
1209 584 1356 638 salva
1376 601 1457 638 me
1478 600 1542 639 ea:
1562 586 1661 638 hac
1685 585 1838 636 hora.
1864 581 1969 636 Sed

392 679 510 733 ideo
527 680 641 733 veni
669 678 738 731 ad
767 678 902 731 hanc
921 679 1128 731 lteram.
1151 675 1336 742 Pater,
1355 677 1595 746 clari/ica
1613 693 1798 729 nomen
1824 685 1970 728 tuum

390 773 564 839 ipsum
603 770 664 823 ”.
698 769 831 822 Illud
859 769 1000 834 Quid
1049 769 1271 822 dicam?
1309 767 1470 822 Salva
1492 784 1571 820 nte
1598 783 1662 820 ea:
1685 767 1784 820 ltac
1811 766 1968 828 liora,

389 863 634 932 loquitur
655 863 958 918 secundum
993 861 1293 916 motionem
1326 861 1510 916 carnis
1543 879 1557 914 :
1610 859 1738 913 Ideo
1770 860 1881 912 ueni
1913 859 1969 912 in

387 957 525 1009 hanc
576 955 797 1020 horam,
848 955 1134 1010 divinitate
1181 954 1436 1009 vincente
1474 952 1668 1007 cﬂ‘atus
1694 961 1796 1016 est,
1832 965 1970 1020 pene

388 1063 490 1103 nec
511 1062 778 1117 apparere
816 1047 1094 1102 carnalem
1138 1047 1475 1100 voluntatem
1507 1044 1854 1113 permittente
1887 1043 1970 1097 di-

387 1139 536 1194 vina.
573 1137 756 1208 Ipsum
793 1137 979 1208 igitur,
1023 1138 1235 1206 1022
1278 1136 1419 1202 Quid
1455 1137 1674 1191 dicam?
1709 1145 1968 1204 tanquam

385 1228 763 1284 abscindentis
790 1236 877 1282 est
899 1243 1101 1294 sermo,
1132 1237 1190 1281 ut
1219 1236 1503 1296 appareret
1526 1227 1745 1296 quidem
1787 1226 1966 1289 nobis,

385 1321 518 1393 quia
545 1331 599 1376 et
629 1336 758 1376 caro
788 1327 934 1389 vera,
968 1322 1213 1388 subjecta
1230 1335 1361 1376 vero
1393 1328 1497 1384 est,
1527 1336 1634 1374 non
1657 1320 1841 1374 valens
1862 1318 1970 1373 cir-

384 1415 748 1480 cumducere,
789 1416 932 1470 sicut
981 1430 1156 1484 equus
1203 1429 1474 1468 sessorem
1505 1452 1522 1478 ,
1589 1425 1690 1465 nec
1743 1413 1968 1468 omnino

386 1507 559 1576 ipsam
602 1523 824 1562 manum
856 1524 977 1577 qua:
1007 1507 1173 1577 regit,
1219 1507 1513 1560 inﬂectere.
1554 1504 1798 1576 Denique
1835 1505 1969 1576 quid

384 1599 682 1654 arbitratur
713 1600 1070 1670 passionem?
1103 1598 1222 1653 Non
1255 1598 1649 1668 ignominiam,
1679 1612 1787 1652 non
1837 1613 1970 1652 con-

385 1685 659 1742 fusionem
695 1705 708 1741 :
744 1686 837 1742 sed
864 1688 1091 1756 gloriam
1119 1702 1273 1741 suam
1302 1696 1355 1740 et
1383 1686 1583 1750 Patris,
1612 1697 1666 1741 et
1698 1687 1967 1742 accelerat

385 1778 582 1849 magis,
618 1793 783 1848 quam
807 1780 996 1844 evitat,
1034 1778 1370 1848 passionem.
1396 1780 1579 1842 Pater,
1603 1777 1842 1846 clari/ica
1872 1793 1967 1830 no-

381 1885 499 1922 men
527 1877 692 1922 tuum.
721 1866 838 1923 Non
863 1869 988 1933 erit,
1021 1868 1220 1937 induit,
1252 1884 1282 1922 a
1307 1883 1395 1922 me
1419 1868 1524 1921 ulla
1553 1869 1847 1935 recusatio,
1871 1869 1966 1924 sed

383 1965 648 2015 recusans
679 1960 1039 2030 obtemperat,
1070 1970 1125 2014 et
1153 1975 1265 2014 non
1293 1975 1556 2016 recusans
1572 1961 1799 2015 obtinet.
1832 1960 1967 2014 Car-

385 2052 529 2108 nalis
553 2051 699 2108 enim
734 2062 932 2107 natura
966 2061 1187 2108 recusat
1238 2061 1492 2120 mortem,
1527 2063 1583 2108 et
1612 2063 1731 2108 erat
1755 2054 1872 2109 haec
1909 2055 1963 2107 in

380 2144 627 2213 Christo,
673 2146 933 2216 quoniam
994 2145 1230 2201 Verbum
1279 2162 1411 2201 caro
1454 2148 1723 2202 veraciter
1761 2147 1963 2201 factum

378 2249 489 2294 est.
524 2238 752 2295 Deitatis
783 2251 966 2294 autem
1005 2241 1260 2294 voluntas
1282 2239 1443 2310 elegit
1483 2240 1672 2294 mundi
1707 2240 1962 2306 salutem,

377 2347 545 2402 quam
584 2348 735 2386 mors
768 2343 989 2402 operata
1021 2341 1126 2386 est.
1173 2331 1378 2386 Dehinc
1416 2331 1699 2401 impletum
1751 2332 1964 2386 videtur

379 2425 433 2479 id
461 2443 474 2478 :
517 2422 586 2477 Ut
615 2425 814 2490 faciant
838 2425 1165 2478 voluntatem
1187 2423 1324 2492 ejus,
1369 2423 1458 2493 qui
1491 2424 1633 2476 misit
1680 2438 1781 2475 me.
1814 2421 1964 2476 Dixit

378 2516 631 2571 Christus
661 2534 674 2570 :
711 2515 896 2580 Pater,
933 2516 1175 2583 clari/ica
1209 2531 1395 2568 nomen
1421 2524 1590 2570 tuum.
1644 2513 1709 2569 Et
1738 2529 1964 2584 respon-

378 2624 502 2664 sum
532 2616 616 2664 est
639 2608 707 2664 de
745 2609 926 2664 caelo:
961 2607 1031 2661 Et
1069 2608 1384 2678 clariﬁcavi,
1431 2619 1482 2662 et
1525 2610 1714 2661 iterum
1761 2608 1964 2676 clari/i-

375 2701 507 2755 cabo
537 2702 600 2756 ¹².
636 2699 722 2767 ΙΙι.⁵
757 2702 1031 2766 sciamus,
1068 2701 1197 2771 quia
1245 2702 1505 2756 distantia
1539 2700 1686 2754 nulla
1722 2710 1824 2768 est,
1867 2717 1963 2756 ne-

376 2809 488 2865 que
527 2795 801 2864 separatio
821 2793 999 2851 Patris
1029 2805 1084 2850 et
1109 2794 1253 2859 Filii,
1279 2793 1452 2863 magis
1481 2803 1660 2847 autem
1691 2804 1750 2847 ut
1778 2795 1959 2849 lucre-

378 2902 506 2942 mur
524 2885 970 2956 conjunctionem
996 2895 1266 2951 nostram,
1292 2901 1414 2956 quae
1438 2886 1504 2939 ad
1531 2884 1698 2939 Deum
1727 2886 1777 2938 in
1800 2886 1962 2940 Chri-

376 2988 468 3035 sto
495 2978 636 3034 facta
663 2988 766 3034 est.
807 2977 1003 3036 Nullus
1029 2979 1230 3048 quippe
1260 2979 1545 3032 hominum
1581 2986 1685 3044 est,
1717 2979 1811 3048 qui
1848 2994 1959 3034 non

2073 490 2384 560 γενομένου,
2425 490 2477 544 τί
2519 507 2690 563 φησι·
2726 492 2836 545 Καὶ
2881 494 2938 545 τί
2972 495 3119 546 εἴπω
3134 510 3152 557 ;
3181 495 3394 565 Πάτερ,
3443 497 3645 554 σῶσόν

2067 598 2142 650 με
2170 581 2238 634 ἐκ
2266 581 2378 650 τῆς
2404 581 2560 651 ὥρας
2592 569 2834 651 ταύτης.
2891 584 3071 639 Ἀλλὰ
3105 585 3204 639 διὰ
3240 589 3417 642 τοῦτο
3460 586 3644 659 ἦλθον

2071 680 2157 743 εὶς
2182 676 2297 745 τὴν
2333 676 2495 745 ὥραν
2537 677 2782 742 ταύτην.
2832 676 3058 747 Πάτερ,
3109 679 3377 745 δόξασόν
3423 698 3542 738 σου
3583 685 3645 738 τὸ

2073 770 2281 839 ὄνομα.
2311 770 2402 834 Τὸ,
2446 771 2508 824 Τί
2539 771 2718 832 εἴπω;
2749 769 3269 842 Πάτερ,σῶσόνμε
3284 775 3351 828 ἐκ
3371 775 3646 846 τῆςᾶφας

2070 862 2308 928 ταύτης,
2341 860 2640 931 ἐφθέγξατο
2668 861 2810 914 κατά
2832 861 2930 933 τὴν
2962 864 3173 932 κίνησιν
3198 865 3298 936 τῆς
3319 869 3544 938 σαρκόςο
3567 870 3645 932 τὸ,

2069 955 2158 1008 διὰ
2189 954 2348 1006 τοῦτο
2368 949 2530 1024 ἦλθον
2562 957 2642 1018 εἰς
2667 955 2765 1026 τὴν
2788 955 2938 1026 ὤραν
2963 956 3184 1026 ταύτην,
3207 958 3463 1030 θεότητος
3486 963 3648 1034 ὑπερ-

2070 1046 2306 1118 νικώσης
2335 1047 2650 1116 φθέγγεται,
2681 1049 2865 1120 σχεδόν
2887 1067 2969 1102 τοι
2999 1050 3133 1120 μηδὲ
3156 1051 3392 1120 φανῆναι
3412 1054 3493 1123 τῷ
3521 1071 3649 1125 σαρ-

2072 1139 2216 1208 κικῷ
2250 1137 2514 1209 θελήματι
2552 1140 2957 1213 συγχωροῦντος
3003 1141 3096 1194 τοῦ
3149 1143 3352 1198 θεῖκοῦ.
3402 1145 3477 1198 Τὸ
3517 1146 3646 1218 γάρ,

2076 1229 2137 1280 Τι
2167 1229 2350 1292 sine);
2374 1229 2562 1301 ὥσπερ
2588 1231 2947 1299 ἐγκύπτοντος
2974 1234 3090 1284 ἐστι
3118 1234 3290 1303 ρἧα,
3319 1234 3398 1297 ὡς
3419 1236 3650 1306 φανῆναι

2073 1321 2173 1390 μὲν
2219 1324 2369 1391 ἡμῖν,
2414 1323 2497 1376 ὅτι
2541 1323 2633 1376 καὶ
2669 1323 2805 1394 σάρξ
2848 1324 3072 1396 ἀληθὴς,
3112 1326 3527 1398 ὐποταττομένη
3574 1328 3648 1392 δὲ,

2069 1409 2164 1460 καὶ
2204 1409 2264 1460 οὐ
2317 1409 2587 1480 δυναμένη
2632 1415 2992 1482 περισπάσαι,
3041 1414 3291 1487 καθάπερ
3347 1417 3518 1480 ἵππος
3565 1418 3652 1470 τὸν

2070 1501 2371 1571 ἐπιϐάτην,
2405 1503 2525 1555 οὐδὲ
2551 1504 2672 1557 ὅσον
2700 1505 2926 1559 ὀκλάσαι
2955 1507 3056 1578 τὴν
3082 1509 3238 1579 χεῖρα
3270 1509 3372 1577 τὴν
3403 1507 3654 1579 ἡνιοχοῦ-

2071 1608 2189 1647 σαν.
2217 1593 2327 1646 Καὶ
2353 1593 2416 1663 δὴ
2441 1595 2533 1647 καὶ
2558 1595 2607 1647 τί
2638 1595 2909 1664 λογίζεται
2939 1597 2997 1650 τὸ
3028 1599 3196 1660 πάθος
3221 1617 3235 1663 ;
3266 1601 3381 1652 Οὐκ
3415 1600 3654 1668 ἀδοξίαν,

2069 1687 2169 1739 οὐκ
2205 1686 2488 1759 αἰσχύνην,
2531 1688 2667 1742 ἀλλά
2711 1689 2868 1754 δόξαν
2903 1689 3094 1742 ἑαυτοῦ
3144 1692 3237 1744 καὶ¹
3269 1691 3364 1744 τοῦ
3412 1693 3654 1765 Πατρός.

2071 1779 2180 1831 Καὶ
2210 1779 2522 1832 ὲπιοπεύδει
2559 1780 2777 1850 μᾶλλον,
2811 1782 2844 1852 ἢ
2879 1781 3176 1851 ἀποτρέπει
3210 1784 3271 1836 τὸ
3301 1783 3496 1848 πάθος.
3532 1786 3654 1839 Πά-

2067 1886 2188 1938 τερ,
2218 1870 2485 1934 δόξασόν
2510 1887 2626 1926 σου
2654 1872 2722 1925 τὸ
2751 1873 2966 1942 ὄνομα·
2994 1874 3093 1926 οὐκ
3126 1873 3298 1939 ἔσται,
3333 1879 3524 1946 φησὶν,
3561 1879 3656 1930 οὑ-

2066 1961 2225 2032 δεμία
2256 1963 2586 2034 παραίτησις
2614 1967 2741 2036 παρ’
2774 1965 2930 2036 ἐμοῦ,
2965 1967 3080 2020 ἀλλ’
3105 1968 3236 2035 εῖξει
3261 1969 3322 2021 τὸ
3346 1971 3655 2042 παραιτού-

2070 2072 2252 2126 μενον,
2289 2058 2382 2110 καὶ
2412 2059 2676 2130 κρατήσει
2703 2059 2764 2111 τὸ
2799 2059 2874 2131 μὴ
2906 2061 3364 2132 παραιτούμενον.
3401 2065 3654 2136 Σαρκικὴ

2069 2149 2168 2219 μὲν
2211 2148 2320 2220 γάρ
2378 2149 2538 2218 φύσις
2585 2155 2934 2223 παραιτεῖται
2982 2152 3077 2206 τὸν
3128 2153 3379 2222 θάνατον,
3431 2157 3532 2210 καὶ
3583 2153 3655 2228 ἦν

2064 2240 2222 2294 τοῦτο
2253 2245 2311 2295 ὲν
2355 2242 2596 2314 Χριστῷ,
2641 2243 2829 2316 ἐπειδὴ
2864 2245 2959 2298 καὶ
2990 2245 3179 2315 γέγονε
3228 2247 3364 2318 σάρξ
3402 2251 3430 2300 6
3479 2249 3657 2318 Λόγος

2066 2330 2281 2402 ἀληθῶς
2300 2347 2314 2360 ·
2347 2331 2500 2402 θεῖκὴ
2530 2333 2586 2386 δὲ
2619 2333 2871 2406 βούλησις
2902 2335 3136 2406 αἱρεῖται
3171 2337 3273 2408 τὴν
3300 2339 3512 2410 κόσμου
3546 2358 3656 2394 σω-

2064 2423 2282 2493 τηρίαν,
2315 2423 2381 2492 ἣν
2401 2424 2430 2475 6
2455 2422 2684 2488 θάνατος
2716 2426 3136 2494 κατειργάσατο.
3169 2423 3303 2481 Εἶτα
3329 2431 3436 2501 πλη
3449 2431 3653 2502 ρούμε-

2064 2532 2154 2567 νον
2202 2515 2451 2584 φαίνεται
2481 2516 2570 2581 τὸ,
2602 2518 2728 2571 Ἵνα
2781 2517 2927 2571 ποιῶ
2959 2517 3027 2571 τὸ
3064 2519 3292 2591 θέλημα
3343 2523 3450 2575 τοῦ
3498 2523 3651 2592 πέμ-

2066 2608 2297 2674 ψαντός
2313 2624 2408 2675 με.
2444 2605 2606 2676 Λέγει
2639 2609 2667 2660 6
2698 2608 2960 2679 Χριστόςο
2997 2609 3210 2678 Πάτερ,
3235 2610 3509 2675 δόξασόν
3532 2627 3654 2664 σου

2065 2700 2130 2753 τὸ
2175 2701 2390 2767 ὄνομα·
2423 2700 2517 2754 καὶ
2544 2701 2836 2773 ἀπόκρισις
2860 2702 2918 2769 ἐξ
2942 2704 3001 2755 οὑ
3013 2703 3172 2774 ρανοῦ
3191 2721 3204 2733 ο
3226 2704 3333 2757 Καὶ
3359 2703 3652 2768 ἐδόξασα,

2065 2793 2163 2847 καὶ
2194 2792 2378 2847 πάλιν·
2402 2792 2642 2858 δοξάσω
2662 2811 2674 2824 ·
2709 2795 2795 2848 ἵνα
2826 2794 3088 2866 εἰδῶμεν,
3119 2796 3199 2849 ὃτι
3238 2796 3524 2860 διάστασις
3560 2798 3656 2849 οὐ·

2063 2883 2246 2953 δεμία,
2283 2883 2402 2936 οὐδὲ
2456 2884 2734 2954 χωρισμὸς
2783 2886 2877 2938 τοῦ
2933 2887 3147 2957 Πατρὸς
3197 2889 3291 2942 καὶ
3337 2888 3433 2940 τοῦ
3480 2887 3651 2940 Υἱοῦ⁶

2069 2973 2268 3044 μᾶλλον
2301 2975 2358 3028 δὲ
2386 2975 2474 3027 ἵνα
2504 2975 2856 3046 κερδάνωμεν
2886 2977 2986 3049 τὴν
3020 2979 3310 3048 συνάφειαν
3352 2980 3512 3051 ἡμῶν
3549 2980 3652 3050 τὴν

375 3073 618 3143 seipsum
634 3067 966 3127 abstraxei'it
1001 3086 1032 3124 a
1058 3071 1339 3125 voluntate
1357 3069 1449 3124 Dei
1474 3086 1541 3124 ex
1572 3071 1751 3141 aliqua
1780 3087 1873 3141 par

2154 3063 2208 3128 ὸς
2256 3064 2388 3118 Θεὸν
2426 3064 2485 3119 ὲν
2531 3066 2752 3138 Χριστῷ
2791 3070 3114 3141 γενομένην.
3167 3072 3358 3136 Οὐδεὶς
3404 3073 3505 3142 μὲν
3540 3073 3652 3144 γὰρ

373 3167 461 3221 vel
487 3181 572 3229 re,
601 3165 686 3219 vel
719 3174 983 3235 tempore.
1020 3165 1080 3218 In
1122 3164 1240 3220 solo
1276 3173 1458 3218 autem
1487 3164 1710 3218 Christo
1738 3165 1960 3234 insepa-

376 3258 566 3313 rabilis
593 3257 845 3312 voluntas
869 3267 1082 3320 servata
1102 3265 1206 3323 est,
1234 3271 1398 3326 quem
1433 3267 1794 3326 assequentcs
1827 3272 1961 3311 con-

370 3349 711 3420 iunctionem
753 3349 819 3404 ad
848 3347 1020 3402 Deum
1047 3347 1244 3402 lucrati
1282 3363 1498 3415 sumus,
1551 3349 1961 3419 unitionemque

380 3442 681 3498 salutarem
709 3443 776 3496 ad
801 3441 1222 3497 similitudinem
1248 3440 1448 3496 divina:
1475 3441 1740 3496 unitionis
1761 3482 1775 3502 ,
1817 3440 1962 3496 sicut

374 3535 494 3606 ipse
513 3535 791 3605 perhibuit
827 3553 840 3588 :
873 3533 982 3606 Ego
1007 3544 1058 3589 et
1088 3534 1251 3590 Pater
1278 3551 1441 3589 unum
1473 3551 1677 3601 sumus,
1716 3537 1793 3589 ita
1827 3544 1876 3589 et
1905 3535 1960 3587 hi

376 3629 433 3681 in
466 3628 617 3683 nobis
648 3643 812 3680 unum
834 3627 940 3680 sint
966 3627 1028 3679 ¹³.

2067 3155 2390 3226 ἀνθρώπων,
2428 3156 2488 3220 ὃς
2514 3157 2613 3210 οὐκ
2640 3158 2959 3214 ἀπέσπασεν
2991 3162 3181 3215 ἑαυτὸν
3206 3164 3313 3216 ἀπὺ
3342 3164 3653 3235 θελήματος

2064 3247 2200 3300 Θεοῦ
2247 3248 2390 3301 κατά
2435 3265 2488 3302 τι
2541 3249 2707 3321 μέρος
2754 3250 2788 3320 ἢ
2837 3253 3163 3324 πράγματος
3211 3254 3245 3324 ἢ
3285 3255 3502 3326 χρόνου.
3561 3256 3652 3306 Ἕν

2069 3338 2214 3410 μόνῳ
2246 3339 2302 3392 δὲ
2351 3340 2570 3411 Χριστῷ
2615 3340 2676 3393 τὸ
2705 3341 3006 3412 ἀχώριστον
3054 3343 3154 3413 τῆς
3199 3343 3471 3415 θελήσεως
3522 3347 3654 3414 ἐφυ-

2063 3431 2272 3502 λάχθη·
2323 3423 2368 3498 ᾧ
2417 3430 2935 3495 συνακολουθοῦντες
2978 3433 3331 3503 κερδαίνομεν
3375 3435 3477 3504 τὴν
3527 3451 3654 3486 συν-

2067 3524 2265 3592 ἀφειαν
2298 3523 2398 3594 τὴν
2431 3523 2570 3594 πρὸς
2597 3522 2750 3588 Θεὸν,
2775 3522 2873 3576 καὶ
2902 3522 3002 3594 τὴν
3027 3524 3218 3577 ἕνωσιν
3241 3524 3338 3595 τὴν
3382 3526 3652 3596 σωτήριον

2067 3615 2188 3671 καθ’
2219 3616 2478 3686 ὁμοίωσιν
2503 3614 2692 3681 αὑτοῦ,
2715 3614 2838 3668 καθ’
2860 3615 3119 3687 ὁμοίωσιν
3144 3616 3246 3686 τῆς
3275 3616 3426 3679 θείας
3452 3617 3653 3670 ένὼσε-

2066 3729 2160 3778 ως,
2185 3710 2261 3774 ὡς
2282 3709 2445 3772 αὐτὸς
2469 3709 2690 3779 εἴρηκεν
2709 3724 2724 3737 ο
2761 3706 2904 3777 Ἐγὼ
2929 3708 3029 3762 καὶ
3061 3711 3094 3762 ό
3125 3708 3328 3779 Πατὴρ
3347 3709 3417 3763 ἓν
3438 3710 3651 3780 ἐσμεν,

2067 3805 2219 3859 οὕτω
2243 3802 2343 3857 καὶ
2373 3797 2538 3859 οὗτοι
2562 3800 2634 3854 ἐν
2660 3799 2806 3870 ἡμῖν
2829 3799 2900 3854 ἐν
2917 3795 3089 3856 ὦσιν.

453 3941 603 4020 Latet
634 3940 880 4010 fortassis
909 3940 1081 4020 adhuc
1117 3939 1268 4020 lib-en
1293 3939 1378 3992 hic
1416 3940 1614 4020 alicubi
1653 3943 1815 3996 etiant
1858 3947 2115 4020 integer,
2140 3946 2404 4020 siquidem
2449 3938 2898 4020 episcopihCyprii
2924 3938 3192 4020 incudem
3227 3948 3332 4020 act.
3369 3937 3438 4020 η
3487 3939 3647 4020 paulo

376 4023 500 4068 ante
527 4009 734 4085 dicunt,
769 4027 880 4064 esse
912 4011 1014 4085 sibi
1045 4011 1188 4064 domi
1220 4010 1332 4079 ejus
1357 4012 1623 4085 quoddam
1659 4009 2028 4085 exentplarfet
2063 4009 2219 4072 aliud
2254 4009 2722 4085 Constantinopoli
2744 4009 3179 4085 uetustissimum.
3208 4010 3439 4085 Apparet
3471 4019 3649 4062 autent

372 4102 440 4139 ea:
469 4085 564 4137 hoc
601 4083 896 4156 fragmento
924 4081 1059 4134 hunc
1097 4077 1393 4156 tractatum
1423 4083 1684 4156 scriptum
1707 4077 1820 4139 esse
1839 4077 2025 4143 conira
2054 4090 2309 4151 Arianos,
2353 4087 2443 4156 qui
2471 4102 2530 4139 eo
2564 4077 2766 4137 Cltristi
2793 4079 2956 4156 dicto,
2989 4077 3141 4133 Nunc
3167 4079 3351 4134 anima
3377 4093 3500 4132 mea
3529 4088 3650 4132 tur-

376 4157 502 4211 bata
529 4150 632 4220 est,
665 4150 1022 4206 a'liutebantur
1055 4153 1124 4205 ad
1154 4152 1488 4205 evertendam
1517 4150 1614 4206 Dei
1655 4152 1836 4212 Patris
1859 4169 1909 4212 et
1938 4160 2076 4214 Filii
2109 4150 2688 4218 eamdem'esseutiam,
2726 4159 2786 4204 ut
2812 4150 2991 4205 uidere
3025 4161 3186 4204 estea:
3214 4159 3352 4205 orat.
3383 4165 3434 4203 tv
3458 4161 3647 4206 contra

374 4226 630 4281 Arianos.

447 4297 548 4350 Est
580 4296 636 4349 in
668 4293 872 4348 illustr.
913 4291 1153 4347 biblioth.
1181 4292 1577 4360 archipalatina
1608 4295 1770 4349 codex
1803 4315 1901 4353 ms.
1946 4311 2135 4355 uetust.
2183 4299 2452 4352 continens
2492 4295 2747 4351 Catenam
2787 4291 3174 4361 expositionum
3204 4290 3267 4343 ab
3300 4291 3502 4343 incerto
3544 4308 3644 4343 au-

371 4377 515 4440 ctore
535 4381 600 4420 ex
630 4364 885 4418 Patribus
914 4362 1111 4418 Graecis
1146 4364 1201 4416 in
1237 4361 1583 4434 Evangelium
1608 4363 1676 4419 ι).
1709 4365 1868 4422 Luca:
1892 4371 2189 4438 collectam,
2220 4371 2276 4423 in
2305 4384 2407 4440 qua
2440 4367 2510 4420 ad
2546 4381 2666 4435 cap.
2696 4379 2856 4428 χχιιι,
2887 4363 2984 4431 fol.
3012 4361 3139 4427 216,
3164 4361 3334 4416 solide
3357 4362 3468 4416 Itwc
3490 4362 3642 4414 verba

370 4439 619 4510 leguntur
645 4452 664 4489 :

444 4533 683 4588 Sanctus
710 4529 1046 4585 Athanasius
1075 4529 1129 4583 in
1157 4528 1290 4584 illud
1321 4528 1624 4600 Evangelii,
1660 4529 1942 4604 Postquam

2144 4535 2236 4590 [οῦ
2281 4533 2436 4603 ἁγίου
2465 4529 2780 4586 Ἀθανασίου
2814 4530 2894 4591 είς
2925 4527 3016 4581 τόο
3066 4525 3176 4580 Καὶ
3213 4525 3402 4578 ταῦτα
3437 4524 3642 4588 εἰπὼν,

371 4627 484 4682 hac
508 4624 754 4687 dixisset,
781 4622 1068 4692 exspiravit
1099 4637 1116 4674 :
1149 4619 1298 4676 Talis
1322 4621 1426 4676 fuit
1453 4622 1757 4679 Salvatoris
1783 4626 1953 4680 nostri

371 4732 545 4782 mors,
577 4731 742 4787 quam
790 4713 1010 4783 quidem
1057 4712 1176 4783 ejus
1210 4728 1412 4782 corpus
1447 4713 1751 4769 secundum
1791 4725 1951 4771 natu-

372 4827 491 4865 ram
537 4809 694 4874 obiit,
744 4806 985 4863 Verbum
1031 4815 1212 4861 autem
1267 4807 1567 4860 secundum
1615 4807 1954 4862 voluntatem

371 4903 637 4974 suscepit,
666 4910 856 4972 utpote
881 4901 975 4969 qui
1005 4901 1176 4955 libere
1211 4914 1412 4968 corpus
1449 4915 1611 4953 suum
1643 4901 1808 4954 morti
1837 4910 1950 4955 tra-

367 4995 593 5064 diderit,
625 5003 686 5049 ut
713 5007 815 5064 pro
843 4992 1002 5047 nobis
1030 4990 1331 5047 secundum
1355 4990 1476 5059 ejus
1503 4998 1713 5044 natura:
1757 4989 1953 5045 condi-

370 5086 576 5155 tipnem
604 5090 902 5154 pateretur,
938 5081 1235 5151 itidemque
1258 5095 1357 5150 pro
1389 5080 1547 5135 nobis
1576 5079 1840 5136 divinitus
1865 5095 1952 5134 re-

371 5181 620 5244 surgeret
645 5189 659 5226 :
690 5187 800 5242 qua
823 5171 879 5224 in
907 5186 966 5225 re
986 5177 1136 5226 totus
1163 5170 1493 5225 conditionis
1513 5170 1766 5224 humanae
1785 5170 1953 5226 cardo

370 5266 603 5323 vertitur
627 5305 643 5332 ,
674 5274 862 5319 nostra
909 5263 1161 5337 videlicet
1201 5263 1268 5317 ad
1307 5263 1478 5317 vitam
1535 5263 1807 5330 evocatio,
1841 5271 1895 5317 et
1923 5277 1954 5316 a

371 5372 549 5420 morte
579 5358 886 5416 suscitatio.

2061 4627 2452 4692 ἐξέπνευσεν·
2489 4622 2646 4677 Οὕτω
2673 4619 2781 4690 γὰρ
2824 4619 2916 4672 καὶ
2957 4618 2986 4670 ὁ
3018 4617 3247 4678 θάνατος
3293 4615 3523 4683 γέγονε,
3553 4615 3644 4668 τοῦ

2065 4719 2164 4790 μὲν
2209 4717 2462 4788 σώματος
2493 4712 2634 4767 κατὰ
2668 4709 2827 4781 φύσιν
2872 4707 3196 4778 δεχομένου,
3232 4705 3326 4758 τοῦ
3371 4705 3430 4758 δὲ
3470 4705 3643 4773 Λόγου

2062 4811 2204 4865 κατὰ
2231 4810 2449 4880 θέλησιν
2479 4805 2827 4877 ἀνεχομένου,
2858 4804 2954 4856 καὶ
2979 4797 3399 4867 ὲξουσιαστικῶς
3423 4798 3485 4850 τὸ
3514 4799 3643 4852 ἴδιον

2063 4903 2223 4972 σῶμα
2265 4902 2344 4964 εὶς
2379 4900 2608 4954 θάνατον
2651 4896 2995 4968 προϊεμένου,
3039 4895 3125 4953 ἵνα
3162 4892 3258 4946 καὶ
3299 4892 3447 4966 πάθῃ
3482 4909 3642 4962 φυσι-

2060 4994 2173 5057 κῶς
2201 4992 2345 5064 ὑπὲρ
2374 4990 2553 5062 ἡμῶν,
2585 4989 2678 5043 καὶ
2710 4989 2916 5058 ἀναστῇ
2945 4985 3142 5049 θεῖκῶς
3163 4984 3301 5055 ὑπὲρ
3324 4986 3357 5055 ή
3367 4983 3506 5055 μῶν.
3535 4985 3645 5038 Καὶ

2059 5088 2156 5158 ὅλη
2188 5088 2288 5157 τῆς
2337 5085 2609 5154 γενέσεως
2655 5081 2748 5135 καὶ
2785 5079 2880 5133 τοῦ
2927 5079 3158 5133 θανάτου
3201 5081 3234 5148 ἡ
3287 5078 3644 5150 πραγματεία

2061 5179 2142 5240 εἰς
2189 5175 2285 5248 τὴν
2336 5174 2609 5246 ἡμετέραν
2656 5172 2881 5242 ζήτησιν
2909 5211 2922 5234 ,
2988 5170 3081 5223 καὶ
3135 5169 3435 5240 ἀνάκλησιν
3511 5168 3642 5222 θεω-

2065 5288 2256 5342 ρειται.

443 5477 598 5543 Quod
626 5492 746 5530 vero
776 5477 873 5528 Itoc
903 5474 1256 5544 fragmentum
1282 5474 1451 5527 nostri
1482 5473 1549 5526 sit
1573 5471 1878 5544 Athanasii,
1910 5472 2107 5526 indicio
2144 5482 2242 5538 est,
2276 5471 2417 5544 quod
2444 5472 2582 5544 idem
2624 5471 2718 5544 ille
2749 5469 3226 5544 Codex,_fol._,_ll4
3264 5466 3637 5544 sintili_ter_jroﬁ

371 5541 528 5616 ἁγίου
564 5546 884 5600 Ἀθανασίου
903 5541 1085 5606 ἀξιῖηε,
1119 5545 1525 5616 huncnostrum
1553 5559 1616 5598 ex
1644 5543 1881 5616 secunda
1907 5545 2155 5599 oratione
2181 5541 2627 5616 contraArianos
2666 5543 2817 5609 citat,
2848 5551 2895 5596 et
2937 5541 3028 5611 fol.
3055 5541 3123 5595 43
3165 5556 3367 5603 averso,
3397 5541 3638 5594 similiter

370 5611 437 5679 ea:
462 5619 616 5688 epist.
644 5616 718 5671 De
749 5617 983 5671 decretis
1013 5616 1200 5686 synodi
1234 5613 1486 5679 Niczenae,
1518 5624 1574 5668 ut
1604 5631 1700 5668 suo
1726 5614 1838 5668 loco
1875 5630 2163 5669 monemus.
2194 5612 2320 5668 [hec
2355 5611 2772 5669 Fclckmannus.

489 5734 529 5770 "
563 5732 699 5793 Joan
730 5748 822 5800 xu,
856 5733 944 5797 ‘27,
973 5733 1060 5787 9.8.
1151 5734 1188 5764 "
1219 5731 1347 5786 ibid.
1393 5732 1480 5786 ‘28.

1563 5732 1606 5762 '-"
1640 5728 1797 5786 Joan.
1832 5748 1881 5794 ιι,
1919 5733 2016 5794 50;
2047 5748 2179 5799 xvn,
2214 5727 2304 5784 ‘23.
