3794 6226
127 316 262 372 1245

1393 319 1833 380 FRAGMENTA
1877 326 2075 383 VARIA
2087 369 2112 399 ,ι

3222 337 3361 394 1246

129 432 195 487 Et
224 437 348 502 quia
386 431 705 485 mentionem
727 433 923 490 codicis
950 435 1110 505 hujus
1145 436 1386 506 fecimus,
1420 440 1684 563 asjrib‘rltm
1727 443 1892 564 etianlt
1933 443 2098 497 alium
2154 445 2324 498 locum
2375 461 2440 499 ex
2477 447 2670 501 eodem.
2701 446 2791 502 Sic
2813 449 2976 520 igitur
3009 451 3096 516 15,
3131 451 3227 521 fol.
3267 453 3360 520 ΞΘ,

1517 527 1590 564 .a
1660 527 1823 564 eam:
1899 530 2028 564 nar.

1517 551 1532 576 ,
1560 527 1627 564 aa
1660 527 1777 582 cap.
1807 529 1823 564 ι
1853 527 2028 567 Lucan

204 614 578 667 Ἀθανασίου.
623 613 711 666 Ἐν
805 615 833 668 6
865 615 972 685 πρὸ
1001 613 1210 672 αἰώνων
1239 619 1303 671 ὲκ
1330 619 1573 690 Πατρὸς,
1611 621 1702 672 ἐπ’
1730 674 1734 683 ,

1883 626 2180 680 Athanasii.
2231 627 2287 682 In
2317 644 2422 698 qua
2456 629 2548 698 qui
2581 639 2704 684 ante
2733 633 2927 686 saecula
2956 649 3021 688 ex
3049 633 3208 689 Patre
3237 647 3320 694 est
3343 673 3362 699 ν

129 707 364 777 ἐσχάτων
388 707 457 758 ὲκ
489 705 588 776 τῆς
611 704 892 778 Παρθένου
916 710 1192 776 γεννᾶται,
1215 711 1307 763 καὶ
1330 711 1360 762 6
1385 711 1612 782 ἀόρατος
1639 713 1701 766 τὸ

129 799 249 870 πρὶν
300 797 397 851 καὶ
443 800 567 861 ταῖς
595 799 654 853 ὲν
687 798 902 871 οὐρανῷ
934 799 1117 869 ἁγίαις
1154 802 1478 874 δυνάμεσιν,
1509 805 1700 875 ὁρατὸς

129 890 325 955 γίνεται
346 886 438 940 διὰ
458 887 559 958 τὴν
585 886 723 959 πρὸς
756 887 849 942 τὸν
872 886 1144 960 ὁρώμενον
1175 889 1458 962 ἄνθρωπον
1487 892 1695 945 ἕνωσιν.

138 977 436 1050 Ὀρώμενος
479 977 538 1031 δέ
575 995 718 1050 φημι
747 979 810 1032 οὐ
840 982 908 1052 τῇ
947 980 1166 1052 ἀοράτῳ
1198 981 1429 1054 θεότητι,
1461 982 1593 1036 ἀλλὰ
1629 985 1697 1055 τῇ

127 1071 220 1140 τῆς
248 1071 507 1141 θεότητος
535 1071 787 1144 ἐνεργείᾳ
818 1071 908 1125 διὰ
949 1071 1044 1126 τοῦ
1073 1072 1414 1145 ἀνθρωπίνου
1450 1071 1699 1145 σώματος

128 1163 215 1215 καὶ
239 1162 363 1217 ὅλου
394 1163 710 1236 ἀνθρώπου,
745 1166 803 1218 ὃν
834 1164 1199 1231 ἀνεκαίνισεν,
1229 1169 1294 1238 τῇ
1327 1166 1596 1220 οἰκειώσει
1629 1171 1696 1239 τῇ

129 1255 256 1326 πρὸς
295 1256 513 1310 ἑαυτόν.
558 1258 800 1329 Κτίστης
829 1258 937 1329 γὰρ
982 1255 1058 1312 ὢν
1095 1261 1122 1312 6
1169 1259 1358 1328 Λόγος,
1407 1261 1567 1324 αὐτὸς
1606 1263 1698 1314 ἐπὶ

129 1346 400 1418 συντελείᾳ
463 1347 574 1402 τῶν
623 1347 834 1403 αἰώνων
881 1350 942 1403 τὺ
992 1350 1209 1404 κτιστὸν
1258 1350 1566 1406 ἐνεδύσατοο
1611 1353 1697 1406 ἵνα

130 1436 279 1491 πάλιν
327 1437 491 1492 τοῦτο
535 1440 878 1515 ἀνακαινίσῃο
930 1441 1088 1513 χρεία
1134 1441 1242 1514 γὰρ
1294 1437 1363 1514 ἦν
1415 1444 1553 1515 πρὸς
1597 1445 1696 1516 τὴν

128 1527 413 1598 ἀνάκλησιν
444 1529 540 1582 τοῦ
568 1531 660 1583 καὶ
691 1533 808 1587 κατ’
848 1532 1023 1604 ἀρχὰς
1061 1535 1124 1586 ὲκ
1155 1534 1248 1586 τοῦ
1295 1534 1368 1606 μὴ
1407 1534 1558 1601 ὄντος
1596 1553 1696 1590 πε-

131 1619 405 1690 ποιηκότος
443 1620 582 1674 Θεοῦ
624 1621 818 1690 Λόγου.
852 1624 1054 1678 Τούτου
1092 1624 1156 1698 δὴ
1194 1627 1378 1680 ἕνεκεν
1418 1629 1446 1680 6
1473 1627 1695 1698 ἀσώμα-

127 1727 211 1773 τος
233 1713 313 1775 είς
341 1712 443 1784 τὴν
475 1713 751 1786 ἡμετέραν
793 1713 975 1786 χώραν
1014 1716 1394 1788 παραγίνεται,
1435 1719 1529 1771 καὶ
1565 1717 1697 1789 λαμ-

131 1800 270 1856 ϐάνει
310 1803 495 1876 ἑαυτῷ
533 1805 692 1876 σῶμα
730 1807 830 1860 οὐκ
858 1808 1135 1879 ἀλλότριον
1166 1807 1261 1862 τοῦ
1295 1811 1564 1881 ἡμετέρου
1585 1851 1601 1876 ,
1636 1809 1696 1875 ἐξ

128 1894 382 1967 ἀχράντου
412 1897 698 1970 Παρθένου
724 1899 830 1952 ὑπὸ
857 1899 950 1953 τοῦ
979 1901 1136 1969 ἁγίου
1167 1901 1402 1955 πλασθὲν
1443 1901 1696 1973 Πνεῦμα-

1802 711 1858 766 ἰη
1889 713 2094 768 ultimis
2114 717 2459 785 temporibus
2477 733 2542 771 ex
2571 716 2790 788 Virgine
2815 722 3074 787 nascitur,
3112 725 3362 781 invisibi-

1799 803 1868 858 lis
1901 813 2056 858 antea
2077 805 2160 859 vel
2181 806 2405 872 sanctis,
2433 823 2553 875 quae
2574 810 2626 862 in
2651 811 2788 863 coelo
2810 821 2954 878 sunt,
2979 815 3361 884 potestatibus,

1800 894 1997 949 deinde
2025 895 2256 952 visibilis
2288 908 2505 967 propter
2535 901 2788 956 unionem
2829 904 2948 974 ejus
2989 921 3111 960 cum
3143 907 3366 964 homine

1801 985 2034 1040 visibili.
2065 985 2330 1053 Visibilis,
2367 989 2612 1059 inquam,
2635 1007 2743 1046 non
2773 1008 2868 1062 per
2893 996 3215 1052 invisibilem
3247 999 3362 1054 dei-

1801 1083 1993 1140 tatem,
2031 1075 2126 1131 sed
2155 1092 2250 1146 per
2275 1087 2588 1147 operantem
2613 1077 2708 1134 Dei
2744 1082 2998 1138 virtutem
3033 1100 3128 1154 per
3174 1087 3360 1142 huma-

1799 1181 1933 1219 num
1966 1181 2180 1236 corpus
2204 1175 2257 1221 et
2295 1177 2466 1222 totum
2509 1170 2778 1225 hominem
2828 1190 2989 1244 quem
3038 1181 3357 1243 renovavit,

1797 1259 2050 1328 proprius
2074 1259 2179 1328 ipsi
2202 1259 2445 1315 eﬂ‘ectus.
2466 1261 2692 1318 Creator
2706 1265 2848 1318 enim
2872 1281 2994 1321 cum
3015 1279 3158 1324 esset
3180 1270 3360 1340 ipsum

1797 1348 1851 1402 in
1892 1346 2126 1403 Verbum
2156 1389 2172 1414 ,
2223 1353 2696 1407 consummatione
2755 1355 3077 1411 saeculorum
3115 1369 3361 1415 creatum

1799 1438 1996 1506 induit,
2026 1448 2086 1492 ut
2119 1439 2256 1494 illud
2286 1441 2482 1496 iterum
2512 1452 2861 1511 restauraret,
2907 1461 2972 1500 eo
3019 1447 3217 1518 quippe
3258 1449 3364 1504 fuit

1799 1543 1939 1597 opus
1968 1530 2035 1584 ad
2070 1530 2307 1586 hominis
2339 1534 2764 1602 revocationem,
2790 1537 2885 1605 qui
2918 1537 2986 1591 ab
3015 1538 3171 1594 initio
3191 1555 3258 1594 ex
3279 1541 3364 1595 ni-

1797 1619 1910 1674 hilo
1940 1620 2069 1675 fecit
2101 1622 2303 1677 omnia.
2356 1621 2532 1694 Hujus
2573 1626 2650 1680 rei
2683 1628 2858 1696 gratia
2885 1628 3241 1700 incorporeus
3274 1632 3364 1688 ille

1798 1712 1850 1766 in
1885 1721 2058 1768 terras
2088 1715 2256 1781 venit,
2295 1729 2602 1786 corpusque
2637 1717 2739 1772 sibi
2773 1735 2880 1772 non
2907 1719 3146 1775 alienum
3179 1737 3210 1776 a
3261 1739 3365 1778 ηοσ-

1796 1811 1934 1867 stro,
1976 1803 2069 1858 sed
2103 1819 2168 1858 ex
2201 1803 2404 1859 intacta
2440 1803 2682 1874 Virgine,
2709 1806 2905 1860 virtute
2928 1805 3164 1876 Spiritus
3185 1811 3362 1865 sancti

1788 1893 2142 1948 ‘etl‘ormatum
2165 1895 2491 1964 assumpsit;
2524 1897 2666 1966 quod
2695 1897 2988 1953 adorabilis
3036 1897 3192 1954 Verbi
3217 1902 3360 1956 ami-

129 2003 230 2051 τος,
251 1988 342 2042 καὶ
367 1987 461 2042 τοῦ
494 1968 672 2058 Λόγου
702 1992 924 2060 γεγονὸς
953 1992 1156 2064 ἔνδυμα
1185 1994 1576 2066 προσκυνητὸν,
1593 1968 1690 2048 ⁷ἵνα
1723 1968 1734 2023 1

1799 1996 1920 2042 ctus
1953 1986 2209 2042 etl‘ectum
2238 1996 2340 2053 est,
2369 1996 2428 2042 ut
2457 1988 2811 2059 [promulgata
2862 1989 3070 2059 1023
3115 1991 3198 2045 lex
3239 2005 3362 2045 cor-

130 2077 183 2131 ἐν
209 2078 352 2150 αὖτῷ
377 2079 515 2154 λυθῇ
549 2083 577 2136 6
605 2082 744 2136 κατὰ
774 2084 872 2154 τῆς
906 2083 1110 2156 φθορᾶς
1133 2085 1241 2139 τῶν
1269 2084 1568 2157 ἀνθρώπων
1607 2086 1691 2138 νό-

1795 2078 2071 2148 ruptionis
2108 2079 2362 2134 humana:
2415 2078 2470 2133 in
2528 2095 2593 2134 eo
2633 2080 2976 2147 aboleretur,
3010 2089 3065 2135 et
3093 2097 3253 2150 quem
3289 2081 3360 2137 ab

135 2186 242 2239 μος,
265 2170 358 2226 καὶ
378 2174 408 2227 6
443 2174 638 2243 Λόγος,
668 2175 805 2246 πρὸς
830 2178 1123 2248 ὁμοιότητα
1150 2177 1247 2249 τὴν
1278 2176 1469 2230 ἑαυτοῦ
1500 2177 1690 2240 κτίσας

1799 2170 1954 2224 initio
1987 2168 2305 2224 condiderat
2347 2169 2624 2225 hominem
2666 2170 2730 2224 ad
2763 2171 2848 2226 sui
2899 2171 3307 2228 similitudinem
3339 2213 3357 2238 ,

131 2260 212 2314 τὸν
240 2264 523 2337 ἄνθρωπον
549 2267 609 2330 ἐξ
629 2267 824 2340 ἀρχῆς,
851 2269 1012 2323 πάλιν
1037 2271 1118 2333 εἰς
1148 2269 1404 2340 ὁμοίωσιν
1425 2270 1524 2341 τὴν
1553 2269 1690 2342 πρὸς

1799 2263 1966 2316 eidem
2005 2278 2200 2317 rursus
2232 2277 2260 2314 a
2292 2263 2384 2317 tali
2417 2263 2584 2333 gradu
2615 2263 2857 2333 collapso
2907 2263 3085 2319 factus
3125 2264 3241 2334 ipse
3282 2265 3362 2320 si-

133 2352 278 2410 αὑτὸν
313 2357 600 2427 ἐπανάγει,
626 2359 911 2430 όμοιωθεὶς
932 2360 1012 2430 τῷ
1045 2360 1157 2431 ἰδίῳ
1190 2362 1472 2432 ποιήματι.

1799 2355 1968 2416 milis.
2011 2354 2421 2410 similitudinem
2462 2355 2702 2412 hominis
2744 2371 2868 2411 cum
2912 2357 3032 2426 ipso
3069 2355 3357 2426 pristinam

1789 2451 2113 2504 restitueret.

976 2729 994 2759 ς
1030 2671 1461 2738 SEQUENTIA
1503 2673 1692 2730 ITEM
1731 2671 1928 2730 SUNT
1965 2668 2488 2726 FELCKMANNI.

199 2779 261 2835 Et
288 2793 408 2839 sunt
433 2784 650 2856 quidem
669 2784 788 2838 huic
816 2786 1020 2840 similia
1042 2784 1157 2839 loca
1182 2785 1448 2855 qutedam,
1475 2797 1531 2840 ut
1555 2797 1680 2841 tom.
1709 2784 1730 2838 1

1799 2801 1901 2855 tag.
1930 2784 2020 2848 45,
2042 2783 2131 2848 48,
2157 2782 2280 2848 127,
2307 2781 2432 2848 128,
2456 2781 2583 2849 547,
2606 2781 2709 2836 548
2730 2801 2744 2849 ;
2764 2792 2819 2837 at
2839 2786 2930 2854 qui
2953 2786 3168 2840 totidem
3193 2787 3356 2842 verbis

137 2871 255 2928 idem
274 2877 483 2931 sitcum
516 2879 634 2946 hoc,
665 2893 699 2932 a
729 2893 810 2933 me
840 2879 1088 2935 hactenus
1117 2878 1470 2935 animadverti
1494 2894 1596 2932 non
1628 2879 1821 2948 potuit.
1850 2878 2021 2946 Atque
2054 2875 2250 2929 idcirco
2279 2874 2449 2928 malui
2479 2873 2558 2927 bis
2602 2871 2672 2943 (si
2703 2875 2898 2947 tamen)
2931 2878 3190 2948 egregium
3221 2879 3357 2932 hunc

137 2964 288 3022 locum
308 2969 516 3038 haberi,
543 2987 700 3042 quam
726 2972 934 3041 penitus
957 2973 1157 3029 omitti.

197 3062 540 3137 Hieronymus
573 3068 631 3122 in
658 3067 918 3138 Catalogo
947 3066 1214 3121 librorum
1252 3065 1744 3122 ecclesiasticorum
1782 3066 1944 3136 refert
1973 3065 2108 3120 duos
2136 3065 2298 3120 libros
2320 3065 2600 3118 Athanasii
2623 3065 2826 3122 Contra
2855 3069 3082 3138 gentiles
3113 3086 3208 3124 suo
3232 3078 3361 3126 tem-

137 3167 245 3218 pore
268 3160 532 3214 exstitisse
554 3175 573 3213 :
594 3167 649 3213 at
679 3158 826 3212 nobis
851 3156 1004 3210 hodie
1031 3173 1168 3211 unus
1202 3165 1408 3210 tantum
1430 3165 1526 3211 est.
1561 3157 1683 3210 Nisi
1711 3156 1848 3226 forte
1874 3157 2161 3211 secundum
2197 3172 2308 3211 esse
2348 3155 2569 3210 uoluerit
2599 3154 2951 3225 Hieronymus
2991 3174 3129 3224 eum,
3164 3163 3253 3232 qui
3282 3153 3361 3216 es‘

138 3237 202 3295 De
229 3244 603 3304 lncarnatione
635 3248 773 3318 (45),
804 3244 941 3317 quod
982 3245 1157 3314 ipsum
1202 3255 1251 3299 et
1282 3247 1497 3300 initium
1528 3246 1684 3300 istius
1714 3247 1927 3300 innuere
1963 3247 2192 3312 videtur,
2223 3247 2312 3300 ubi
2346 3245 2543 3300 brevem
2591 3235 2850 3300 summam
2888 3250 3225 3317 praecedentis
3273 3269 3360 3308 rs-

136 3335 266 3396 petit.

200 3423 336 3481 Idem
361 3429 718 3503 Hieronymus
744 3434 937 3488 ibidem
965 3433 1162 3489 librum
1193 3433 1308 3503 ejus
1341 3435 1620 3506 quemdam
1669 3445 1856 3489 contra
1899 3433 2178 3489 Ursacium
2201 3447 2249 3489 et
2288 3434 2554 3511 Valentem
2592 3449 2982 3494 commemorat.
3011 3441 3087 3493 Ac
3123 3443 3358 3498 meminit

138 3513 323 3586 quidem
359 3519 578 3575 illorum
621 3538 850 3592 perswpe
889 3524 1240 3592 Athanasius,
1267 3543 1458 3597 eosque
1502 3528 1736 3597 exagitat
1778 3529 1836 3581 in
1868 3528 2181 3598 Apologiis,
2219 3537 2278 3581 ut
2323 3529 2376 3582 in
2404 3545 2555 3598 opere
2593 3527 2670 3583 De
2695 3529 2917 3600 synodis
2940 3531 3270 3588 Ariminensi
3304 3544 3360 3589 et

140 3602 352 3674 Selene,
387 3621 438 3664 et
481 3611 539 3664 in
573 3610 814 3682 Epistola
851 3615 920 3670 ad
965 3613 1272 3682 Africanos,
1300 3624 1351 3670 et
1391 3615 1557 3670 alibi:
1580 3625 1634 3670 at
1671 3616 1761 3686 qui
1794 3617 1848 3670 in
1877 3617 2015 3685 ipsos
2044 3624 2250 3668 tantum
2289 3617 2515 3685 scriptus
2553 3616 2621 3668 sit
2647 3619 2780 3674 liber
2805 3621 2868 3674 ab
2892 3622 3028 3690 ipso,
3053 3623 3175 3678 talis
3204 3625 3361 3679 hodie

140 3699 295 3756 nullus
323 3714 522 3760 exstat.

200 3793 342 3850 Liber
365 3799 438 3856 De
462 3800 806 3858 Psalmorum
838 3805 1032 3870 titulis,
1059 3821 1212 3877 quem
1243 3805 1306 3859 ab
1328 3803 1507 3859 eodem
1529 3804 1783 3874 scriptum
1805 3806 1879 3858 ait
1898 3804 2246 3875 Hieronymus
2271 3803 2406 3876 (i6),
2425 3820 2676 3875 quemque
2698 3804 2917 3860 Photius
2935 3805 3358 3879 Hypomnemata

140 3882 187 3938 in
213 3884 445 3948 Psalmos
477 3893 736 3958 nominat,
777 3895 824 3948 si
868 3897 913 3950 is
948 3905 1175 3961 nonest,
1213 3897 1306 3966 qui
1330 3905 1456 3948 tom.
1493 3895 1537 3959 l,
1565 3893 1660 3948 sub
1710 3895 1867 3948 titulo
1898 3893 1973 3949 De
2010 3894 2453 3963 interpretatione
2481 3892 2824 3950 Psalmorum
2853 3897 2920 3952 ad
2962 3897 3355 3966 Marcellinum,

140 3973 367 4048 habetur;
394 3984 667 4054 probabile
692 3986 850 4057 fuerit
879 4003 999 4040 eum
1051 4003 1182 4054 esse,
1206 4002 1360 4055 quem
1386 3986 1440 4038 in
1473 3983 1659 4056 synodi
1687 3999 1762 4039 vu
1786 3985 2134 4047 azcumenicte,
2157 3981 2390 4038 Nicwnw
2420 3997 2478 4048 II,
2506 3992 2610 4035 act.
2645 3984 2700 4050 Δ,
2743 3982 3030 4052 Germanus
3053 3986 3360 4055 patriarcha

140 4065 725 4150 Constantinopolitanus
758 4081 812 4133 in
845 4079 1056 4150 epistol.
1082 4080 1152 4134 ad
1180 4078 1432 4134 Thomam
1452 4081 1753 4150 episcopum
1794 4078 2216 4148 Claudiopoleos,
2241 4078 2350 4132 htec
2377 4080 2530 4132 verba
2561 4076 2753 4147 psalmi
2766 4085 2966 4145 "LXXIX,
2989 4077 3149 4146 juxta
3185 4076 3357 4135 Crtec.

141 4169 207 4222 uel
228 4187 358 4230 un
370 4179 535 4248 juxta
558 4178 722 4234 Hebr.
750 4178 974 4244 codices,
991 4194 1012 4230 ι
1039 4175 1144 4241 Qui
1167 4176 1312 4230 sedes
1338 4191 1497 4246 super
1520 4175 1822 4240 Cherubim,
1851 4192 2127 4245 apparens,
2153 4193 2172 4226 ›
2199 4183 2530 4245 exponentem
2555 4175 2705 4240 citat,
2722 4177 2775 4229 in
2799 4175 2906 4228 hwc
2928 4174 3080 4228 verba
3104 4191 3122 4228 :
3145 4173 3358 4229 Etenim

141 4263 394 4327 cherubim
420 4275 642 4330 illorum
667 4272 1021 4344 exemplaria,
1053 4271 1409 4341 ignotajuxta
1443 4279 1693 4324 naturam
1731 4271 1984 4325 omnibus
2028 4271 2342 4325 hominibus
2380 4269 2722 4333 exsistentia,
2759 4268 2985 4338 spiritus
3009 4276 3062 4322 et
3091 4267 3231 4337 ignis
3262 4283 3358 4321 ex-

143 4355 338 4430 sistunt,
365 4376 418 4424 et
445 4369 516 4424 ab
545 4370 695 4423 omni
729 4384 992 4438 corporea
1027 4366 1349 4438 ﬁguratione
1374 4377 1429 4422 et
1461 4378 1658 4420 natura
1687 4365 1891 4432 aliena,
1921 4382 2004 4429 ea,
2038 4381 2159 4436 qua:
2181 4367 2246 4420 de
2280 4366 2414 4436 ipsis
2445 4382 2474 4419 a
2501 4366 2762 4435 propheta
2796 4363 3132 4434 corporalius
3159 4363 3356 4417 dicun-

142 4452 241 4517 ίυτν
270 4459 622 4525 Symbolicum
648 4469 702 4516 et
735 4461 900 4515 altius
929 4459 1154 4513 ductum
1185 4474 1406 4514 sensum
1439 4458 1662 4512 habent.
1694 4457 1866 4510 Aliter
1909 4459 2052 4510 enim
2098 4457 2395 4527 intelligere
2423 4456 2578 4526 juxta
2622 4471 2831 4509 sacram
2864 4464 2917 4509 et
2953 4453 3228 4523 corporeis
3251 4470 3356 4508 non

142 4536 390 4602 decentem
422 4551 688 4606 rationem
722 4559 954 4623 oportet.
993 4552 1124 4606 Haec
1157 4551 1252 4606 ibi.
1293 4551 1461 4606 Natat
1493 4549 1695 4604 Fronto
1725 4550 1947 4604 Ducwus
2001 4550 2288 4621 Burdegal.
2316 4568 2364 4606 υ.
2393 4551 2461 4604 cl.
2479 4551 2534 4604 in
2563 4551 2675 4603 suis
2703 4549 3013 4629 quibusdam
3041 4550 3098 4602 in
3119 4549 3358 4602 Athana-

143 4628 260 4686 sium
286 4638 627 4708 collectaneis,
654 4648 744 4716 qui
772 4664 836 4702 ex
855 4649 1174 4705 bibltatheca
1200 4650 1513 4706 Commelini
1536 4650 1811 4714 habemus,
1839 4667 1946 4704 esse
1973 4651 2113 4718 apud
2139 4650 2472 4704 Politianum
2498 4650 2778 4704 Athanasii
2797 4665 2974 4718 opusc.
2998 4650 3051 4701 in
3089 4647 3354 4702 Psalmos.

146 4724 379 4792 Similiter
408 4741 484 4797 Μ.
521 4742 741 4801 Crasius
767 4749 825 4801 in
850 4749 1020 4803 indice
1060 4750 1288 4821 quodam
1313 4749 1407 4804 lib.
1443 4765 1568 4803 mss.
1610 4751 1701 4820 qui
1739 4748 2203 4818 Constantinopoli
2235 4749 2406 4803 adhuc
2442 4757 2673 4814 exstant,
2705 4747 2859 4815 refert
2889 4744 3028 4815 apud
3054 4744 3357 4799 illustrissi-

143 4835 265 4881 mum
287 4836 568 4909 principem
591 4843 847 4896 Iacobum
882 4841 1263 4897 Marmoretant
1291 4859 1399 4898 esse
1444 4841 1504 4898 S.
1528 4843 1812 4898 Athanasii
1858 4843 2241 4912 archiepiscopi
2272 4841 2618 4896 Alexandrini
2657 4839 3052 4910 explicationem
3077 4840 3130 4890 in
3160 4835 3360 4891 Psalte-

143 4914 262 4972 rium
281 4923 490 4986 Davidis
513 4948 532 4986 :
556 4951 626 4988 an
650 4951 767 4988 vero
791 4934 846 4989 id
878 4935 968 4998 sit,
999 4935 1062 4988 de
1081 4950 1181 5004 quo
1215 4934 1442 5004 agimus,
1471 4950 1574 4988 non
1599 4942 1790 4988 temere
1812 4933 2058 4988 dixerim.
2081 4955 2086 4958 ·

200 5009 381 5074 Eadem
399 5028 651 5095 ‘ynodus,
678 5038 784 5089 act.
807 5031 861 5096 6,
889 5049 952 5087 ex
985 5033 1226 5104 Epistola
1251 5033 1536 5090 Athanasii
1577 5034 1646 5090 ad
1692 5033 2086 5106 Eupsychium,
2115 5030 2264 5101 cujus
2296 5033 2364 5086 sit
2401 5030 2650 5084 initium:
2687 5045 2706 5078 ι
2737 5025 2803 5080 1η
2830 5025 3015 5096 quibus
3044 5040 3138 5078 nos
3175 5025 3360 5078 existi-

140 5109 298 5174 masti,
320 5132 338 5165 ι
369 5118 461 5174 hoc
489 5122 838 5188 t'raqmentum
861 5129 993 5182 citat
1018 5143 1036 5181 :

1850 5245 2189 5300 Athanasius
2227 5242 2470 5314 quidem,
2501 5243 2554 5296 in
2590 5240 2898 5311 supradicta
2922 5236 3170 5307 epistola,
3200 5234 3358 5304 cujus

1778 5338 1994 5392 initium
2018 5347 2126 5402 est,
2147 5338 2263 5406 Ἐφ’
2279 5331 2360 5400 οἷς
2384 5335 2482 5406 μὲν
2497 5336 2684 5407 ᾠήθης
2703 5337 2866 5406 ἡμᾶς,
2885 5331 3262 5393 εὐλαϐέπατε,
3284 5332 3338 5382 in

206 5223 496 5304 Ἀθανάσιος
527 5241 626 5311 μὲν
653 5243 711 5295 ὲν
743 5246 810 5314 τῇ
850 5243 1208 5316 προλεχθείσῃ
1247 5245 1382 5317 πρὸς
1406 5243 1676 5316 Εὑψύχιον

138 5306 380 5407 ῗπῖστολῇ»
403 5325 469 5401 ἦς
499 5306 540 5402 ii
569 5333 731 5405 ἀρχή’
773 5306 1142 5406 ’ἶῖφδοῖίμὲν
1171 5306 1676 5407 {bitias—huis}?

137 5395 558 5490 λαϐέστατεξμεθ
782 5395 944 5496 φτγσι·
982 5395 1222 5488 Κόινὸςό
1389 5395 1674 5498 ττροέατων

1801 5445 1860 5483 er
1882 5430 1988 5483 alia
2007 5430 2172 5484 dicit:
2195 5429 2514 5485 Communis
2549 5429 2728 5483 ovium
2757 5427 2965 5482 fructus
2981 5433 3086 5490 est,
3111 5424 3245 5486 haec,
3274 5424 3355 5477 in.

142 5501 340 5566 καρπός·
383 5513 536 5566 τοῦτο
585 5514 642 5568 δὲ
697 5516 759 5568 τὸ
808 5519 1056 5572 νωτιαῖον
1095 5517 1274 5589 θέρος,
1317 5517 1377 5570 τὸ
1415 5517 1560 5589 ἔριον
1593 5520 1673 5582 είς

1799 5538 1962 5592 luam,
1982 5531 2131 5593 tergo
2147 5523 2222 5577 ris
2242 5523 2459 5587 messis,
2477 5522 2616 5576 haud
2634 5538 2753 5592 qua:
2769 5521 3022 5576 omnibus
3038 5519 3104 5574 ad
3119 5533 3359 5574 cominus

204 5626 299 5720 (i5)
337 5636 462 5720 Vide
508 5646 559 5700 in
603 5646 794 5720 Monit.
831 5649 900 5701 ad
941 5661 1074 5705 orat.
1102 5656 1285 5704 contra
1317 5658 1508 5720 gentes,
1545 5649 1674 5708 quid

173 5656 322 5732 “vain
345 5656 462 5732 vitae
508 5663 559 5700 tn
603 5656 794 5732 litauit.
831 5656 899 5701 ad
941 5661 1074 5705 orat.
1102 5656 1285 5704 contra
1317 5658 1508 5720 gentes,
1545 5656 1674 5708 quid
1853 5656 1966 5732 (l6)
1997 5657 2130 5716 Vide
2155 5659 2211 5715 in
2255 5659 2456 5714 Manilo
2488 5659 2552 5714 ad
2584 5658 2960 5732 Expositiones
2984 5658 3035 5712 in
3069 5656 3270 5719 Psalm,

146 5700 202 5746 sit
235 5700 322 5766 hac
347 5712 406 5765 de
435 5731 489 5768 re
518 5700 878 5773 sentiendum.
