3794 6226
413 304 555 362 1247

969 303 1026 360 8.
1068 301 1446 360 ATHANASII
1484 303 1635 360 OPP.
1674 303 1856 361 PARS
1894 305 1936 361 Ι.
1976 335 2040 348 --
2080 301 2451 358 HISTORKJA

1540 304 1635 360 PP.
1674 303 1856 361 PARS
1894 305 1936 361 Ι.
1976 335 2040 348 --
2080 301 2451 358 ΗιετοῐιιιιΑ
2489 301 2579 356 ΕΤ
2621 299 3038 357 DOGMATICA.

3528 304 3690 361 ηεξ

413 432 537 474 nom
549 431 736 473 casum
755 426 982 488 prostat,
1003 432 1190 472 verum
1209 426 1500 488 postquam
1517 419 1773 483 tinctura,
1793 433 1911 489 quae.

2187 417 2280 486 νὴν
2306 415 2500 486 χρῆσιν
2530 417 2642 479 τοῖς
2671 415 2845 469 ἅπασι
2865 411 3239 484 προκείμενον,
3283 414 3421 468 Ἀλλ’
3445 417 3583 471 ὅταν
3602 420 3685 489 τῇ

419 509 558 562 mari
589 508 871 578 accipitur,
895 508 1059 562 tincta
1080 506 1258 574 fuerit,
1289 524 1562 578 purpurea
1587 510 1874 572 dicitur,et
1895 523 1991 578 ap-

410 598 697 668 pellatione
727 607 932 651 mutata
965 607 1020 652 et
1053 613 1178 663 usu,
1211 607 1434 668 propter
1476 599 1858 653 excellentiam
1905 613 1992 652 re-

409 690 568 755 gibus
598 689 974 743 tantummodo
996 697 1236 758 optatur.
1266 687 1344 743 lta
1373 690 1497 743 lana
1527 697 1632 751 est,
1668 698 1722 743 et
1747 705 1857 743 non
1883 696 1986 744 est.

407 779 617 836 Natura
647 781 864 850 quidem
895 789 1079 835 manet
1106 781 1159 835 id
1201 781 1348 850 quod
1373 797 1404 834 a
1437 781 1710 851 principio
1736 780 1859 845 fuit,
1884 795 1988 834 usu

406 881 587 925 autem
607 888 714 926 non
733 873 965 941 amplius
984 872 1247 943 [vulgaris
1264 873 1409 927 enim
1437 888 1571 927 usus
1597 871 1746 943 fuit],
1766 880 1988 942 propter

405 963 757 1018 colorationis
779 965 1120 1033 dignitatem.
1141 967 1218 1018 lta
1245 981 1462 1036 quoque
1478 980 1606 1020 caro
1626 974 1816 1018 natura
1845 979 1990 1018 com-

407 1053 560 1106 muni
608 1051 836 1123 [videtur
883 1055 967 1107 hic
1013 1053 1338 1122 addendum]
1389 1050 1454 1109 de
1497 1062 1796 1123 assumpta,
1838 1062 1989 1122 post-

405 1144 572 1213 quam
599 1143 747 1198 enim
781 1143 864 1215 [τό
893 1145 1038 1199 enim
1071 1144 1330 1216 abundat]
1360 1143 1501 1198 facta
1535 1144 1699 1198 fuerit
1727 1143 1868 1212 regis
1901 1145 1986 1196 in-

404 1236 762 1302 dumentum,
799 1253 920 1290 cum
962 1237 1081 1305 ipso
1124 1252 1251 1306 rege
1301 1237 1543 1305 ejusdem
1585 1235 1642 1288 lit
1682 1233 1983 1300 dignitatis,

404 1343 722 1398 quanquam
759 1338 951 1382 natura
982 1344 1090 1381 non
1133 1327 1298 1381 fuerit
1346 1325 1686 1392 talis.Quare
1714 1335 1857 1380 recte
1882 1323 1986 1377 Do-

407 1419 590 1474 minus
622 1421 807 1489 gloria:
833 1421 1051 1475 dicitur.
1088 1419 1152 1474 Et
1175 1421 1476 1475 secundum
1498 1419 1641 1489 quod
1668 1419 1832 1472 homo
1851 1433 1984 1488 quo-

405 1526 512 1579 que
537 1511 660 1571 fuit.
692 1512 1026 1584 assertipnes
1060 1520 1112 1564 et
1146 1512 1430 1580 passiones
1492 1522 1698 1564 naturae
1729 1526 1853 1564 eum
1892 1511 1980 1564 in-

406 1610 686 1665 vaserunt,
706 1611 758 1656 et
779 1602 1120 1656 contumeliis
1143 1603 1373 1655 aliorum
1403 1601 1504 1654 fuit
1529 1600 1821 1655 obnoxius.
1837 1598 1984 1664 Quo-

406 1707 531 1747 nam
560 1694 703 1748 enim
732 1695 893 1748 modo
927 1710 1018 1748 rex
1067 1705 1214 1749 veste
1254 1696 1442 1757 utitur,
1484 1693 1564 1747 sic
1614 1692 1728 1762 ipse
1767 1707 1984 1762 quoque

406 1801 466 1841 se
513 1801 676 1839 carne
725 1785 1120 1840 circumcinxit.
1146 1783 1612 1850 Quemadmodum
1661 1792 1843 1836 autem
1886 1782 1978 1851 qui
2015 1763 2054 1819 Β

405 1877 550 1946 regis
592 1892 890 1946 purpuram
941 1893 1223 1946 rumpens,
1261 1877 1372 1943 regi
1412 1893 1628 1946 poenam
1678 1876 1790 1940 dat,
1821 1876 1980 1946 quasi

404 1967 691 2022 insidiator
727 1976 821 2021 aut
859 1969 1188 2033 malevolus,
1222 1983 1534 2036 quanquam
1579 1969 1693 2036 ipse
1722 1982 1813 2020 rex
1842 1967 1979 2020 nihil

404 2057 571 2112 fuerit
607 2075 822 2128 passus,
862 2075 1114 2128 purpurae
1142 2069 1320 2112 autem
1354 2060 1538 2129 passio
1566 2060 1632 2113 ad
1673 2059 1850 2129 ipsum
1893 2075 1980 2113 re—

405 2151 577 2206 fertur
607 2171 620 2205 :
657 2153 728 2205 ita
779 2166 996 2221 quoque
1035 2153 1219 2207 carnis
1270 2151 1478 2221 passio,
1517 2149 1695 2205 Verbo
1731 2152 1820 2205 Dei
1856 2166 1975 2205 ma-

405 2251 570 2296 nente
621 2242 980 2313 impassihili,
1017 2244 1070 2296 in
1124 2245 1299 2313 ipsum
1334 2253 1556 2312 propter
1591 2247 1975 2298 contumeliam

402 2335 730 2389 descendere
765 2334 986 2388 dicitur.
1011 2335 1076 2388 Et
1104 2336 1174 2389 ob
1202 2336 1252 2389 id
1281 2334 1484 2389 Paulus
1511 2335 1796 2389 Dominum
1821 2336 1979 2390 Chri-

404 2439 571 2492 stum,
604 2437 874 2497 quatenus
918 2431 1102 2491 homo,
1140 2427 1339 2482 Filium
1387 2429 1478 2482 Dei
1530 2430 1713 2483 tradit.
1743 2428 1811 2482 Et
1851 2438 1978 2483 ante

405 2522 552 2576 hunc
579 2519 794 2574 Gabriel
828 2521 1163 2589 paradoxum
1210 2521 1332 2573 novi
1363 2531 1548 2589 partus
1590 2520 1772 2574 Mariae
1814 2537 1977 2574 evan-

403 2615 641 2682 gelizaus
670 2631 682 2666 :
712 2613 836 2676 Ave,
864 2612 1058 2681 inquit,
1095 2613 1269 2681 gratia
1291 2613 1466 2681 plena,
1500 2611 1756 2665 Dominus
1785 2622 1972 2666 tecum.

403 2704 538 2758 Ecce
577 2713 633 2757 tu
673 2705 726 2756 in
768 2712 914 2756 utero
949 2703 1183 2765 habebis,
1224 2713 1273 2755 et
1310 2704 1482 2771 paries
1513 2703 1706 2770 ﬁlium,
1731 2715 1778 2756 et
1817 2719 1974 2756 voca-

404 2801 530 2850 bunt
555 2811 668 2849 eum
691 2793 896 2847 Jesum.
924 2793 1026 2845 llic
1055 2795 1153 2847 erit
1180 2810 1420 2863 magnus,
1443 2803 1491 2847 et
1517 2793 1690 2847 Filius
1715 2794 1976 2847 Altissimi

403 2887 673 2942 vocabitur
687 2886 750 2938 “.
777 2885 960 2951 Quare
979 2883 1138 2939 Jesus
1152 2884 1322 2939 Filius
1338 2884 1428 2938 Dei
1447 2896 1693 2948 vocatur,
1707 2901 1812 2940 non
1831 2886 1974 2955 quod

401 2994 532 3032 caro
580 2980 650 3033 sit
683 2977 736 3031 in
773 2976 1011 3030 divinam
1054 2985 1306 3058 naturam
1353 2987 1581 3043 mutata,
1613 2977 1707 3032 sed
1756 2986 1976 3047 propter

404 3070 703 3124 unitionem
735 3067 802 3122 ad
843 3066 1011 3122 Deum
1052 3065 1291 3120 Verbum
1317 3068 1693 3140 c0gnominem
1738 3068 1971 3140 dignita-

405 3171 511 3214 tem
547 3160 775 3227 accepit.

2094 509 2159 560 ὲκ
2182 507 2280 577 τῆς
2311 505 2580 576 Θαλάττης
2615 504 2991 576 προσομιλήσῃ
3022 504 3187 574 βαφῇ,
3218 506 3468 576 προφύρα
3505 507 3684 576 λέγε-

2091 616 2203 661 ται,
2229 597 2324 650 καὶ
2352 597 2449 666 τῆς
2479 596 2848 668 προσηγορίας
2875 596 3260 668 ἀμειϐομένης,
3293 598 3512 666 καὶτῆς
3543 600 3686 670 χρή-

2094 707 2232 754 σεως
2276 689 2393 744 κατ’
2430 689 2705 761 ἐξαίρετον
2736 689 3008 759 βασιλεῦσι
3042 688 3217 758 μόνοις
3252 689 3547 759 ἁρμόττειν
3577 691 3684 743 λα.-

2088 783 2311 853 χούσης.
2343 783 2454 836 Καὶ
2476 783 2625 836 ἔστιν
2657 782 2800 853 ἔρια,
2836 781 2931 834 καὶ
2959 781 3061 833 οὐκ
3093 781 3226 833 ἔστι·
3250 782 3346 850 τὴν
3376 782 3472 850 μὲν
3502 781 3681 850 φύσιν

2088 876 2265 928 ἐκεῖνο
2289 876 2420 946 ὅπερ
2460 876 2720 946 πρότερον
2747 870 2834 944 ἦν,
2861 873 2959 943 τὴν
2982 873 3037 926 δὲ
3070 875 3262 944 χρῆσιν
3290 873 3489 926 οὐκέτι.
3528 875 3678 927 Φεύ-

2087 985 2173 1036 γει
2207 966 2315 1037 γὰρ
2342 968 2438 1037 τὴν
2473 967 2759 1037 κοινότητα
2787 966 2875 1020 διὰ
2905 967 2966 1018 τὸ
2997 963 3090 1018 τοῦ
3117 964 3396 1035 χρωμένου
3421 965 3672 1035 ἀξίωμα·

2087 1056 2229 1109 οὕτω
2252 1056 2380 1124 γοῦν
2412 1057 2506 1109 καὶ
2537 1059 2570 1128 ἡ
2612 1055 2748 1128 σὰρξ
2780 1057 2878 1127 τῆς
2913 1055 3100 1125 κοινῆς
3131 1054 3393 1124 ληφθεῖσα
3425 1055 3674 1124 φύσεως,

2086 1148 2272 1218 ἐπειδὴ
2330 1149 2520 1216 γέγονε
2592 1148 2934 1219 περιϐόλαιον
2999 1146 3286 1216 βασιλέως,
3343 1147 3442 1216 τῆς
3491 1149 3678 1216 αὐτῆς

2085 1240 2290 1309 ἠξιώθη
2320 1240 2476 1310 δόξης
2504 1239 2583 1310 τῷ
2612 1239 2960 1311 χρησαμένῳ,
2992 1236 3093 1290 κᾶν
3129 1237 3201 1307 μὴ
3227 1236 3324 1306 τὴν
3357 1237 3520 1304 φύσιν
3545 1237 3678 1304 ἐγέ-

2084 1347 2223 1384 νετο.
2257 1333 2418 1384 Ὥστε
2452 1332 2656 1402 Κύριος
2692 1330 2849 1400 δόξης
2893 1330 3109 1398 λέγεται
3149 1329 3369 1392 εἰκότως
3404 1329 3500 1382 καὶ
3530 1329 3674 1382 καθὸ

2083 1420 2386 1491 ἄνθρωπος’
2422 1421 2518 1490 τῆς
2563 1420 2658 1489 μὲν
2697 1419 2819 1472 καθ’
2854 1417 3015 1472 αὑτὸν
3051 1418 3262 1487 φύσεως
3293 1417 3672 1489 προσιεμένης

2081 1511 2144 1564 τὸ
2194 1511 2382 1575 πάθος,
2421 1511 2521 1580 τῆς
2566 1511 2622 1564 δὲ
2675 1510 2882 1581 ὕϐρεως
2933 1509 3310 1579 διαϐαινούσης
3361 1510 3448 1562 ἐπ’
3498 1510 3671 1564 αὑτὸν

2082 1604 2173 1656 τὸν
2197 1603 2383 1676 ὥσπερ
2411 1603 2595 1673 ἐσθῆτι
2633 1604 2975 1674 χρησάμενον
3007 1605 3072 1673 τῇ
3106 1603 3287 1674 σαρκί.
3317 1603 3532 1672 Ὥσπερ
3553 1603 3670 1672 γὰρ

2083 1697 2112 1748 ό
2146 1696 2246 1765 τὴν
2270 1695 2560 1766 ἁλουργίδα
2586 1693 2901 1766 διαρρήξας,
2921 1693 2996 1756 ὡς
3029 1691 3374 1763 ἐπιϐεϐηκὼς
3399 1691 3553 1762 αὑτῷ
3583 1691 3673 1762 τῷ

2087 1785 2292 1855 βασιλεί
2320 1786 2417 1857 τὴν
2441 1786 2710 1856 τιμωρίαν
2734 1786 2941 1855 ὑπέχει·
2967 1785 3061 1840 καί
3090 1803 3173 1838 τοι
3206 1801 3268 1852 γε
3301 1785 3455 1838 οὐδὲν
3484 1785 3673 1839 δεινὸν

2080 1878 2241 1942 αὐτὸς
2264 1878 2530 1932 πέπονθεν
2557 1879 2584 1929 ὀ
2615 1878 2882 1948 βασιλεὺς,
2917 1879 3014 1948 τῆς
3045 1878 3101 1930 δὲ
3136 1878 3420 1950 πορφύρας
3452 1880 3516 1931 τὸ
3550 1879 3670 1932 mi-

2081 1970 2169 2033 θος
2189 1971 2275 2022 ἐπ’
2301 1970 2458 2023 αὐτὸν
2481 1971 2792 2040 ἀνήνεκταιυ
2817 1969 2959 2022 οὕτω
2988 1971 3082 2022 καὶ
3108 1969 3169 2022 τὸ
3196 1970 3294 2039 τῆς
3323 1971 3526 2041 σαρκὸς
3556 1971 3670 2024 πά-

2082 2060 2172 2124 θος
2199 2063 2297 2132 μὲν
2324 2063 2381 2114 ἐν
2405 2065 2470 2132 τῇ
2500 2061 2740 2131 ἀπαθείᾳ
2769 2061 2863 2114 τοῦ
2896 2062 3054 2129 λόγου
3078 2060 3165 2113 διὰ
3195 2062 3295 2132 τῆς
3334 2061 3549 2131 ὕϐρεως
3572 2063 3668 2116 ἐπ’

2079 2155 2240 2208 αὑτὸν
2272 2154 2586 2225 ἐληλυθέναι
2611 2154 2848 2222 λέγεται.
2884 2157 2993 2208 Καὶ
3020 2155 3107 2208 διὰ
3139 2154 3296 2207 τοῦτο
3327 2154 3543 2218 Παῦλος
3568 2155 3670 2208 τὸν

2077 2247 2350 2317 Δεσπότην
2386 2248 2638 2320 Χριστὸν,
2674 2247 2810 2300 καθὸ
2841 2248 3122 2318 ἄνθρωπον
3147 2248 3272 2300 Υίὺν
3309 2246 3444 2299 θεοῦ
3476 2265 3671 2319 παρα-

2078 2339 2280 2402 δίδωσι,
2334 2340 2426 2392 καὶ
2471 2339 2577 2410 πρὸ
2622 2338 2812 2391 τούτου
2864 2337 3103 2409 Γαϐριὴλ
3133 2339 3161 2389 ὀ
3198 2339 3538 2408 ἀρχάγγελος
3567 2340 3668 2392 τὸν

2078 2431 2374 2500 παράδοξον
2415 2430 2570 2484 τόκον
2604 2430 3082 2500 εὐαγγελιζόμενος
3120 2433 3184 2500 τῇ
3221 2429 3427 2500 Μαρία,
3455 2430 3666 2498 Χαῖρε.

2077 2523 2230 2592 φησὶ,
2258 2521 2716 2590 κεχαριτωμένη,
2741 2525 2773 2574 ό
2811 2523 3023 2589 Κύριος
3046 2521 3194 2590 μετὰ
3217 2521 3352 2575 σοῦ.
3399 2522 3547 2576 Ἰδοὺ
3573 2523 3666 2575 σὺ

2075 2614 2144 2665 ἐν
2176 2613 2383 2681 γαστρὶ
2424 2611 2601 2678 ἕξεις,
2640 2611 2737 2664 καὶ
2770 2611 2910 2678 τέξῃ
2946 2610 3102 2676 υἱὸν,
3143 2610 3241 2664 καὶ
3276 2610 3668 2663 καλέσουσιν

2075 2705 2260 2760 αὑτὸν
2292 2705 2542 2772 Ἰησοῦν·
2567 2700 2744 2769 οὗτος
2766 2704 2937 2757 ἔσται
2965 2703 3173 2771 μέγας,
3198 2703 3296 2754 καὶ
3327 2702 3456 2768 Υἱὸς
3483 2703 3668 2771 ’Υψι-

2075 2809 2225 2847 στου
2251 2793 2634 2861 κληθήσεται.
2666 2796 2825 2847 ’Ὠστε
2846 2794 3092 2847 καλεῖται
3113 2793 3237 2856 Υἱὸς
3257 2793 3389 2846 Θεοῦ
3426 2793 3664 2864 Ἰησοῦς,

2074 2889 2174 2941 οὐκ
2204 2888 2284 2950 εἰς
2311 2886 2460 2939 θείαν
2486 2886 2645 2954 φύσιν
2673 2887 2772 2957 τῆς
2805 2885 3007 2955 σαρκὸς
3043 2885 3491 2956 μεταϐληθείσης,
3519 2884 3667 2937 ἀλλὰ

2073 2977 2140 3046 τῇ
2175 2975 2310 3046 πρὸς
2341 2975 2432 3028 τὸν
2463 2975 2594 3028 Θεὸν
2627 2974 2798 3044 Λόγον
2826 2974 3018 3029 ὲνὼσει
3050 2975 3149 3047 τὴν
3177 2973 3466 3046 ὁμώνυμον
3496 2975 3667 3041 ἀξίαν

2080 3064 2369 3136 λαϐούσης.

479 3270 611 3324 Hart:
640 3271 711 3322 ibi
743 3271 994 3340 synodus,
1028 3271 1117 3324 ubi
1145 3281 1194 3325 et
1225 3270 1585 3342 Eupsychium
1619 3275 1975 3344 presbyterum
2017 3275 2274 3330 Cwsarea:
2316 3275 2476 3344 fuisse
2519 3276 2668 3329 dicit.
2707 3275 2782 3328 Ac
2820 3275 3054 3327 meminit
3099 3274 3208 3343 ipse
3232 3273 3559 3326 Athanasius
3601 3276 3662 3326 it

403 3366 649 3438 Epistola
685 3367 752 3420 ad
787 3366 1088 3420 Palladium
1117 3366 1352 3434 epistola:
1375 3369 1650 3435 cujusdam
1680 3386 1792 3423 sum
1817 3369 1884 3422 ad
1916 3371 2195 3423 monachos
2230 3368 2578 3423 Cmsarienses
2603 3385 2621 3422 :
2654 3371 2717 3421 de
2743 3385 2964 3438 quorum
2995 3384 3207 3422 numero
3234 3385 3302 3421 an
3338 3377 3385 3422 et
3415 3369 3496 3420 hic
3540 3367 3663 3421 Eu-

402 3459 649 3528 psychius
693 3457 874 3527 fuerit,
911 3458 1027 3527 quis
1063 3459 1222 3526 facile
1251 3459 1492 3513 dixerit?
1523 3461 1642 3513 Nisi
1676 3461 1813 3530 forte
1841 3461 1996 3514 malis
2029 3459 2386 3530 Eupsychium
2431 3461 2564 3511 hunc
2603 3459 2738 3512 male
2773 3459 2877 3512 dici
2910 3458 3286 3527 presbyterum,
3329 3458 3492 3527 fuisse
3533 3475 3666 3513 vero

401 3556 701 3624 episcopum
729 3553 1132 3609 Ctesariensem.
1164 3555 1309 3610 Nam
1331 3558 1386 3610 in
1418 3565 1559 3612 orat.
1597 3558 1624 3610 1
1663 3567 1854 3612 contra
1884 3556 2140 3621 Arianos,
2172 3555 2409 3609 meminit
2438 3553 2726 3625 Eupsychii
2758 3553 3106 3624 Cappadocia:
3134 3556 3384 3624 episcopi,
3415 3556 3500 3625 qui
3528 3571 3666 3609 con-

406 3657 490 3701 tra
510 3647 740 3700 Arianos
768 3647 1059 3715 scripserit.

475 3737 648 3792 Porro
676 3738 1024 3791 Theodoretus
1057 3754 1276 3808 quoque,
1306 3739 1360 3792 in
1393 3739 1596 3810 Dialog.
1617 3739 1695 3805 τῷ
1709 3739 2050 3809 ἁσυγχύτῳ,
2081 3737 2390 3792 mentionem
2413 3737 2544 3806 facit
2571 3735 2805 3804 epistola:
2825 3738 2896 3787 ad
2920 3733 3294 3803 Eupsychium,
3320 3733 3469 3801 cujus
3489 3735 3664 3788 etiam

404 3833 598 3885 mentio
621 3842 697 3886 est
726 3844 830 3886 act.
862 3833 959 3886 ult.
992 3833 1177 3902 synodi
1204 3831 1661 3900 Chalcedonensis,
1690 3844 1744 3888 at
1772 3851 1872 3888 non
1902 3832 2211 3898 Athanasio,
2230 3832 2318 3886 sed
2340 3832 2510 3885 Attico
2537 3827 3139 3898 Constantinopolitano,
3160 3827 3247 3895 qui
3279 3823 3660 3896 Chrysostomo

403 3929 654 3998 suffectus
683 3938 782 3990 est,
816 3927 1089 3980 tribuitur.

478 4022 722 4078 Gelasius
745 4036 944 4090 quoque
965 4021 1258 4086 Romanus,
1287 4021 1342 4074 in
1373 4020 1680 4091 fragmentis
1709 4020 1964 4074 librorum
1993 4037 2025 4074 v
2052 4019 2125 4074 De
2166 4019 2380 4073 duabus
2428 4017 2482 4071 in
2526 4015 2743 4071 Christo
2776 4013 2986 4069 naturis
3021 4020 3210 4067 contra
3255 4010 3562 4066 Nestorium
3598 4022 3658 4068 et

403 4118 726 4190 Eutychem,
760 4119 898 4172 inter
923 4117 1036 4171 alia
1065 4117 1174 4172 haec
1197 4131 1261 4169 ea;
1285 4115 1576 4171 Athanasio
1632 4117 1806 4185 affert,
1841 4132 1978 4186 quae,
2006 4117 2129 4186 quia
2160 4115 2410 4168 hactenus
2439 4114 2494 4165 in
2517 4112 2711 4166 nostris
2745 4110 2983 4180 operibus
3007 4110 3236 4163 invenire
3257 4125 3359 4162 non
3382 4112 3655 4180 potuimus

403 4212 608 4285 (ῥητῶς
635 4213 870 4282 inquam,
899 4211 1025 4280 quia
1052 4213 1250 4265 similia
1279 4211 1507 4282 plurima
1526 4219 1694 4277 sunt),
1722 4213 1834 4266 ideo
1863 4213 1942 4267 his
1966 4213 2156 4266 addere
2179 4211 2458 4266 voluimus.

474 4303 779 4368 Athanasii,
810 4303 1006 4370 inquit,
1034 4303 1273 4373 episcopi
1307 4305 1663 4359 Alexandrini
1692 4306 1744 4358 in
1785 4306 1939 4359 libris
1970 4311 2163 4360 contra
2197 4303 2430 4357 Arianos
2462 4319 2476 4357 :
2515 4299 2653 4367 Quia
2679 4299 2842 4371 igitur
2874 4297 3063 4367 aliqui,
3103 4297 3278 4367 magis
3314 4307 3492 4351 autem
3528 4299 3656 4367 plu-

400 4395 550 4460 rimi,
583 4395 677 4464 qui
702 4393 946 4448 nondum
978 4393 1229 4462 discipuli
1257 4391 1407 4457 facti,
1439 4409 1505 4449 ex
1533 4410 1641 4464 qua
1673 4395 1971 4464 petulantia
1995 4394 2059 4448 ad
2082 4392 2385 4446 docendum
2417 4397 2703 4451 venerunt,
2757 4386 3060 4441 nescientes
3088 4400 3262 4453 neque
3284 4400 3406 4454 quae
3439 4384 3651 4451 dicunt,

403 4502 580 4556 neque
612 4485 679 4539 de
710 4486 911 4554 quibus
935 4483 1224 4548 allirmant,
1249 4485 1536 4539 excaecatis
1563 4486 1736 4539 oculis
1761 4485 1978 4546 mentis,
2007 4500 2116 4537 non
2146 4483 2403 4536 habentes
2426 4480 2753 4534 intellectum
2779 4481 3046 4535 videntem
3074 4480 3262 4545 Deum,
3289 4481 3431 4536 sicut
3457 4480 3648 4546 Jacob,

403 4593 579 4647 neque
605 4577 867 4629 mundum
899 4591 992 4630 cor
1021 4576 1211 4629 videns
1241 4575 1434 4636 Deum,
1467 4591 1530 4630 ea
1563 4591 1684 4644 qua:
1722 4584 1939 4644 propter
1975 4574 2248 4627 hominem
2283 4572 2582 4625 Salvatoris
2618 4571 2812 4636 nostri,
2845 4588 3006 4641 quem
3041 4582 3259 4641 prepter
3298 4589 3399 4628 nos
3426 4574 3651 4629 indutus

401 4675 504 4732 est,
536 4676 661 4720 sunt
691 4666 916 4735 scripta,
949 4674 1002 4719 et
1027 4679 1191 4734 opera
1225 4666 1468 4728 humilia,
1503 4674 1557 4719 et
1584 4680 1851 4734 pauperes
1878 4680 2060 4731 voces,
2090 4664 2360 4718 divinitati
2391 4663 2692 4716 tribuentes
2716 4661 2899 4728 Verbi,
2939 4675 3120 4718 errant
3144 4674 3196 4718 et
3223 4681 3406 4720 errare
3441 4666 3651 4720 faciunt

402 4756 584 4809 minus
613 4755 804 4809 doctos
834 4763 888 4809 et
916 4755 1185 4817 inﬁrmos,
1225 4763 1285 4808 ut
1319 4755 1600 4809 humiliter
1632 4755 1698 4810 de
1729 4756 1958 4810 Domino
1989 4754 2236 4824 sapiant;
2273 4752 2652 4807 necessitatem
2700 4753 2962 4808 habemus
2984 4771 3274 4824 exponere,
3303 4759 3443 4811 sicut
3475 4757 3646 4814 Judas

403 4853 593 4906 scribit
632 4867 722 4922 per
762 4852 1083 4922 Epistulam,
1115 4869 1237 4922 qum
1282 4864 1589 4924 congruant
1623 4857 1785 4909 verba
1825 4855 2094 4908 divinitati
2130 4852 2316 4917 Verbi,
2348 4862 2401 4906 et
2441 4867 2563 4922 quae
2603 4853 2900 4907 secundum
2941 4849 3273 4906 Salvatorem
3298 4853 3646 4922 intelligendo

402 4943 632 4996 homini.
671 4943 824 4998 Sicut
847 4944 990 4996 enim
1017 4943 1069 4995 in
1102 4944 1322 4997 sacculo
1359 4944 1509 4998 aurei
1551 4944 1709 4998 solidi
1745 4953 1799 4998 et
1840 4951 2124 5012 argentum
2160 4943 2396 5011 positum
2429 4941 2592 4996 unius
2629 4941 2968 5009 imperatoris
3017 4943 3308 5013 imaginem
3353 4956 3406 4997 et
3451 4945 3648 4999 inscri-

401 5037 638 5101 ptionem
669 5037 906 5091 nominis
936 5045 1165 5106 utraque
1192 5036 1416 5101 habent,
1445 5036 1538 5090 sed
1580 5037 1730 5089 novit
1756 5035 2156 5089 nummularius
2185 5041 2370 5088 custos
2409 5048 2598 5086 eorum
2636 5033 2752 5085 auri
2791 5033 3162 5086 excellentiam
3206 5035 3347 5088 ultra
3381 5036 3642 5090 honorem

402 5130 679 5185 inferioris
712 5133 953 5202 argenti;
985 5133 1080 5198 ita,
1117 5133 1243 5186 licet
1274 5132 1326 5186 in
1353 5149 1459 5186 una
1485 5133 1754 5201 scriptura
1783 5133 1849 5186 de
1874 5131 2158 5186 divinitate
2200 5128 2344 5194 Filii,
2375 5137 2430 5182 et
2459 5127 2525 5180 de
2555 5139 2785 5193 corpore
2823 5139 2886 5177 ex
2921 5124 3087 5180 Maria
3120 5129 3263 5196 quod
3300 5137 3517 5197 propter
3545 5145 3644 5185 nos

401 5227 626 5280 indutus
655 5237 762 5287 est,
794 5227 863 5280 sit
895 5227 1180 5295 scriptum,
1216 5227 1430 5294 singula
1467 5236 1644 5281 tamen
1686 5244 1875 5282 eorum
1921 5227 2154 5290 scimus,
2183 5225 2342 5280 sicuti
2375 5220 2625 5290 discipuli
2656 5220 2928 5288 sapientes
2961 5220 3119 5275 unius
3152 5229 3206 5274 et
3233 5238 3359 5276 vere
3381 5221 3642 5293 Magistri.

400 5316 752 5387 Quzecnnque
789 5317 951 5386 igitur
987 5317 1214 5373 humilia
1244 5320 1408 5374 verba
1438 5329 1492 5375 et
1521 5335 1683 5389 opera
1721 5327 1866 5382 sunt,
1899 5318 1954 5372 in
1993 5333 2194 5388 corpus
2233 5315 2355 5370 Filii
2389 5313 2628 5382 intellige
2664 5310 2900 5379 scripta;
2942 5327 3281 5382 quaecunque
3309 5313 3501 5367 littera:
3532 5313 3646 5384 glo-

403 5407 585 5472 riosae,
617 5408 671 5461 in
702 5406 865 5463 Verbi
889 5408 1254 5465 divinitatem.

481 5499 693 5570 1024
722 5500 854 5553 Tum
901 5503 1116 5571 subjicit
1142 5520 1160 5556 :
1197 5504 1448 5574 Ejusdem
1480 5515 1668 5560 contra
1689 5505 1930 5562 eosdem.
1953 5503 2267 5559 Certissima
2299 5501 2478 5569 itaque
2497 5498 2632 5551 sciat
2661 5497 2840 5551 omnis
2865 5497 3057 5550 domus
3085 5490 3272 5557 Israel,
3301 5492 3427 5559 quia
3460 5489 3643 5545 Jesum

404 5594 459 5643 et
481 5590 753 5645 Christum
785 5607 911 5646 eum
944 5592 1088 5649 Deus
1119 5594 1264 5659 fecit,
1309 5597 1452 5652 hunc
1485 5595 1692 5665 Jesum,
1729 5612 1890 5668 quem
1927 5611 2023 5652 vos
2048 5593 2424 5659 cruciﬁxistis.
2448 5589 2516 5644 Et
2550 5590 2726 5658 ipsum
2769 5602 2898 5658 ergo
2945 5582 3267 5638 cruciﬁxum
3300 5579 3646 5637 Dominicum

478 5703 520 5734 ²²
552 5701 684 5759 Luc.
720 5721 757 5771 I,
782 5691 872 5768 ‘58,
901 5703 990 5759 35.
