3794 6226
401 281 534 339 1851
988 276 1472 339 ΒΪΑἸἮΑΝΑΞΠ
1510 274 1667 341 ΟΡΡῖ
1700 285 1880 342 PARS
1913 287 1946 341 Ι.

2051 279 2082 326 -“
2107 279 2492 344 ΗΙδΤΟΒΙΟΚ
2518 287 2607 342 ΕΤ
2645 287 3064 346 DOGMATICA.

1711 610 2339 705 MONITUM.

458 950 667 1022 1025
690 950 1012 1023 Fragmenta
1041 954 1428 1027 subsequentia,
1454 975 1489 1011 a
1509 960 1622 1012 uiro
1648 958 1945 1014 clarissimo
1976 958 2177 1014 Iacobo
2205 957 2380 1024 Milia,
2409 955 2692 1026 principali
2729 953 2950 1026 Callegii
2985 953 3170 1010 Sancti
3199 951 3470 1007 Edmundi
3504 952 3662 1009 01:0-

387 1049 603 1112 niensis,
636 1049 784 1103 nobis
811 1051 1144 1113 transmissa,
1177 1049 1424 1101 nimirum
1452 1049 1659 1120 χρυσέα
1688 1049 1962 1120 χαλκείοις
1998 1050 2254 1111 immista,
2280 1059 2338 1101 ut
2373 1047 2553 1100 oblata
2595 1047 2743 1100 nobis
2775 1054 2898 1098 sunt
2929 1047 3015 1100 edi
3044 1047 3366 1099 curavimus.
3403 1043 3662 1098 Primum

382 1157 558 1199 autem
600 1147 928 1215 opusculum,
961 1147 1026 1201 de
1073 1163 1252 1200 novem
1298 1145 1525 1201 Herodis
1560 1147 1781 1210 morbis,
1808 1148 1854 1200 si
1896 1163 1999 1200 non
2032 1155 2208 1216 aperte
2246 1145 2504 1214 spurium,
2558 1143 2843 1197 admodum
2870 1149 3170 1209 suspectum
3199 1138 3405 1191 videtur
3454 1138 3510 1190 in
3551 1151 3663 1206 quo

381 1249 498 1290 sunt
525 1237 769 1308 pleraque
799 1238 1036 1310 μυθώδη.
1070 1239 1146 1294 De
1174 1257 1350 1294 novem
1379 1239 1607 1294 Herodis
1652 1243 1870 1308 morbis,
1907 1239 2022 1294 ride
2057 1250 2094 1294 t.
2137 1242 2179 1294 ll
2211 1239 2348 1312 [IV].
2384 1239 2495 1294 Nec
2537 1239 2738 1312 minore
2764 1238 3060 1307 suspicione
3093 1236 3299 1291 laborat
3334 1235 3657 1290 secundum.

381 1414 792 1470 ATIIANASII
830 1415 1384 1478 ALEXANDRINI,
1413 1416 1511 1470 EX
1555 1391 1962 1472 INTERPRE-

681 1481 1016 1542 TATIONE
1058 1487 1148 1540 IN
1187 1487 1658 1542 ΜΑΤΤΗΑΞΠΜ.

466 1599 536 1654 De
557 1616 738 1654 navem
775 1601 1162 1673 insanabilibus
1192 1603 1385 1656 morbis
1415 1602 1602 1673 quibus
1637 1601 1873 1657 Herodes

924 1672 1148 1738 afﬂictus
1175 1674 1400 1728 interiit.

2065 1420 2489 1472 ΑΘΑΝΑΣΙΟΥ
2538 1415 3124 1478 ΑΛΕΞΑΝΔΡΕΙᾹΣ,
3177 1415 3278 1468 EK
3321 1416 3463 1469 ΤΗΣ
3514 1413 3662 1468 ΤΟΥ

2546 1492 2640 1540 ΚΑ
2653 1491 2736 1540 TA
2777 1489 2879 1539 MA
2893 1485 3170 1549 ΤθΑιοΥ,

2165 1600 2303 1668 Περὶ
2343 1599 2462 1653 τῶν
2501 1598 2680 1653 ἐννέα
2719 1596 2979 1652 ἀνιάτων
3029 1595 3235 1668 παθῶν
3278 1596 3391 1666 τῆς
3433 1595 3546 1650 τοῦ

2555 1668 2806 1738 Ἡρώδου
2847 1667 3136 1735 τελευτῆς

454 1773 676 1835 Mortua
702 1772 930 1850 Herode,
957 1801 1072 1838 ecce
1112 1783 1328 1854 angelus
1355 1783 1569 1838 Domini
1604 1787 1850 1855 apparuit
1897 1786 1946 1838 in

2132 1785 2615 1848 Τελευτησαντος
2655 1778 2928 1848 Ἡρώδου,
2971 1778 3099 1832 ἰδοὺ
3131 1777 3388 1848 ἅγγελος
3420 1778 3658 1849 Kvplov

379 1875 574 1927 somnis
621 1873 815 1945 Ioseph
866 1877 922 1929 in
973 1874 1206 1946 Egypto
1247 1875 1722 1947 dicens:Surgens
1779 1875 1955 1944 accipe

378 1980 598 2034 puerum
638 1974 686 2021 et
734 1977 959 2022 matrem
1005 1971 1140 2040 ejus,
1173 1979 1220 2022 et
1250 1971 1378 2024 vade
1417 1972 1473 2024 in
1509 1980 1704 2024 terram
1740 1969 1954 2024 Israel:

379 2059 577 2111 mortui
616 2067 738 2112 sunt
783 2059 923 2112 enim
950 2061 1039 2129 qui
1092 2062 1395 2126 quazrebant
1437 2063 1673 2115 animum
1712 2064 1860 2132 pueri
1887 2063 1950 2116 ¹⁹.

379 2147 552 2204 Erant
581 2161 760 2205 autem
791 2153 885 2222 qui
914 2150 1103 2206 Jesum
1154 2154 1403 2208 occidere
1436 2155 1750 2224 quaerebant
1778 2153 1951 2209 Hero-

379 2239 475 2296 des
503 2249 556 2295 et
585 2241 867 2312 Antipater
887 2242 1034 2298 ﬁlius
1061 2245 1200 2314 ejus.
1227 2245 1434 2299 lnteriit
1462 2255 1645 2301 autem
1669 2247 1950 2318 Antipater

376 2324 557 2396 gladio
613 2327 1083 2383 transverberatus
1139 2329 1195 2383 iu
1247 2344 1488 2385 carcere.
1541 2328 1950 2400 Deprehensum

377 2415 577 2485 quippe
616 2415 718 2470 fuit
758 2417 935 2486 ipsum
981 2419 1284 2474 veneficum
1335 2436 1479 2488 esse,
1507 2431 1563 2476 et
1590 2420 1785 2477 fratres
1818 2437 1950 2478 suos

375 2506 746 2562 Alexandrum
801 2519 858 2564 et
898 2509 1275 2566 Aristobulum
1330 2513 1543 2569 insidiis
1588 2515 1947 2584 oppressisse.

376 2597 498 2669 Ipse
524 2615 744 2670 quoque
764 2599 1006 2658 Herodes
1026 2614 1257 2658 mortem
1281 2604 1437 2669 obiit,
1459 2620 1688 2676 corpore
1717 2607 1836 2676 ejus
1857 2622 1950 2660 va-

377 2692 480 2746 riis
521 2707 586 2746 ac
635 2693 866 2749 diversis
914 2695 1122 2750 morbis
1163 2696 1380 2751 tradito.
1408 2695 1617 2762 Primo,
1651 2697 1818 2754 febris
1846 2699 1947 2770 ipsi

377 2783 554 2838 inerat
575 2783 792 2840 fornace
812 2786 1109 2841 ardentior.
1136 2786 1406 2854 Secundo,
1433 2789 1790 2846 intolerabilis
1815 2807 1947 2861 pru-

377 2875 499 2947 rigo
540 2892 635 2946 per
672 2885 841 2932 totam
881 2879 1130 2949 corporis
1175 2882 1538 2950 superﬁciem.
1575 2881 1796 2950 Tertio,
1842 2885 1950 2938 fre-

376 2977 608 3038 quentes
629 2969 896 3026 viscerum
915 2971 1215 3027 cruciatus.
1229 2972 1456 3038 Quarto,
1486 2974 1681 3043 pedum
1705 2983 1948 3030 tumores

375 3059 536 3128 quasi
567 3075 711 3130 aqua
738 3060 994 3118 intereuti
1022 3063 1242 3118 distenti
1270 3062 1524 3120 fuissent.
1559 3063 1781 3133 Quinto,
1811 3081 1947 3122 ven»

377 3152 557 3207 triculi
588 3154 796 3210 tumida
825 3154 1200 3210 inﬂammatio.
1243 3159 1408 3212 Sexto
1435 3197 1450 3222 ,
1483 3158 1538 3212 in
1569 3161 1819 3215 verendis
1846 3177 1946 3232 pu-
1979 3148 2021 3204 Β

374 3244 531 3299 tredo
545 3261 760 3302 vermes
781 3261 1067 3317 generans.
1084 3248 1348 3319 Septimo,
1365 3251 1432 3306 ad
1452 3253 1586 3318 haec,
1604 3254 1944 3322 orthopnoza,

375 3344 437 3388 ut
470 3351 577 3390 non
601 3345 787 3405 posset
808 3337 913 3392 nisi
939 3348 1121 3393 erecta
1151 3341 1362 3395 cervice
1392 3341 1682 3411 respirare.
1715 3341 1943 3406 Octavo,

375 3425 665 3482 diiIieultas
717 3428 1011 3484 anhelitus.
1055 3427 1234 3498 Nono,
1275 3433 1658 3489 convulsiones
1700 3436 1948 3489 omnium

375 3515 770 3572 membrorum.
799 3515 937 3571 Sunt
958 3528 1138 3574 autem
1165 3519 1340 3576 morbi
1364 3537 1592 3577 numero
1615 3537 1829 3579 novem.
1850 3522 1950 3579 Fe-

374 3607 491 3662 bris
529 3617 712 3663 autem
747 3610 925 3665 inerat
966 3609 1189 3666 fornace
1220 3610 1536 3679 ferventior,
1566 3613 1696 3684 quia
1723 3614 1951 3670 ardebat

374 3698 617 3755 libidinis
642 3709 697 3755 et
722 3697 1106 3758 fornicationis
1136 3704 1349 3759 morbo.
1375 3697 1664 3777 Prurigine
1687 3707 1948 3762 intolera-

375 3792 470 3848 bili
498 3793 805 3861 laborabat,
837 3795 964 3864 quia
994 3795 1405 3866 obtemperabat
1429 3799 1705 3869 magistris
1730 3801 1823 3870 qui
1845 3815 1949 3856 au-

376 3884 532 3940 ribus
552 3887 861 3954 prurientes
898 3897 1074 3942 erant.
1115 3880 1401 3944 Viscerum
1445 3891 1782 3947 cruciatibus
1823 3901 1942 3947 tor-

376 3975 644 4046 quebatur
665 3977 904 4043 assidue,
920 3979 1048 4048 quia
1071 3993 1182 4033 non
1209 3979 1471 4049 psallebat
1501 3981 1633 4036 illud
1657 3999 1671 4035 :
1699 3981 1947 4050 Benedic,

375 4069 556 4122 anima
583 4086 718 4135 mea,
758 4069 1009 4138 Domino,
1036 4079 1086 4125 et
1114 4073 1293 4125 omnia
1317 4073 1572 4127 interiora
1609 4090 1726 4128 mea
1749 4075 1949 4128 nomini

376 4174 560 4219 sancta
589 4165 700 4234 ejus
723 4165 790 4220 ³ο.
831 4165 1036 4222 Pedum
1079 4167 1384 4225 tumoribus
1415 4170 1572 4239 quasi
1605 4186 1746 4241 aqua
1778 4172 1947 4226 inter-

377 4254 490 4309 euti
517 4255 810 4324 distentus,
833 4257 959 4327 quia
993 4259 1379 4314 contemnebat
1402 4276 1594 4330 puram
1619 4269 1674 4316 et
1699 4277 1809 4317 non
1839 4270 1947 4317 tur-

375 4347 560 4402 bidam
607 4363 804 4418 aquam
849 4348 1018 4405 fontis
1063 4350 1306 4406 salientis
1347 4353 1402 4406 in
1453 4353 1622 4407 vitam
1663 4362 1944 4412 aeternam.

376 4438 676 4495 Ventriculi
713 4439 923 4496 tumida
954 4439 1331 4509 inflammatio,
1384 4446 1512 4514 quia
1537 4454 1654 4500 erat
1676 4445 1946 4516 impotens

377 4530 473 4584 irae
514 4540 568 4586 et
618 4531 1010 4588 immisericors
1064 4533 1118 4587 in
1175 4535 1443 4591 subditos.
1476 4534 1722 4592 Verenda
1761 4549 1943 4596 autem

375 4623 496 4693 ejus
543 4639 754 4679 vermes
801 4624 1112 4694 gignebant,
1147 4627 1276 4694 quia
1321 4627 1736 4697 intemperantia
1773 4647 1945 4702 equos

375 4716 691 4772 emissarios
734 4717 1068 4772 imitabatur.
1097 4717 1427 4790 Orthopnaaa
1469 4723 1789 4790 tenebatur,
1816 4729 1947 4796 quia

377 4821 487 4861 non
512 4805 767 4876 surgebat
796 4806 1038 4862 diluculo
1072 4807 1139 4862 ad
1167 4805 1452 4863 Dominum
1494 4811 1829 4866 adorandum
1853 4814 1948 4883 qui

380 4896 485 4966 ipsi
516 4897 720 4966 regiam
754 4897 1053 4952 tradiderat
1083 4882 1424 4969 dignitatem.
1455 4901 1712 4958 Anhelitu
1738 4882 1950 4960 labora-

376 4985 494 5053 bat,
526 4987 652 5055 quia
683 5003 791 5042 non
819 4990 1182 5058 respiraverat
1209 4991 1620 5048 odoramentum
1646 4995 1947 5065 eharitatis,

377 5078 473 5132 sed
506 5076 755 5134 faetorem
785 5081 908 5135 belli
938 5081 1302 5152 inexpiabilis.
1327 5085 1524 5141 Omnia
1557 5097 1734 5142 autem
1766 5103 1943 5147 mem-

376 5170 476 5226 bra
507 5171 627 5241 ejus
657 5174 1009 5230 convulsione
1037 5175 1425 5243 adiciebantur,
1448 5179 1577 5250 quia
1598 5189 1648 5236 et
1679 5182 1795 5251 ipse
1821 5199 1942 5238 om-
1971 5221 1982 5232 ο

378 5277 475 5318 nes
498 5277 697 5332 pueros
723 5265 816 5334 qui
838 5276 992 5321 erant
1015 5266 1069 5321 in
1091 5266 1400 5324 Bethlehem
1433 5272 1776 5328 convulserat
1800 5292 1814 5328 :
1838 5290 1946 5345 qua

377 5361 560 5408 autem
588 5369 845 5410 mensura
868 5371 1092 5414 mensus
1120 5359 1391 5429 quispiam
1418 5359 1599 5427 fuerit,
1632 5363 1829 5418 merito
1851 5379 1945 5418 ea-

378 5443 500 5498 dem
536 5444 604 5499 de
636 5447 775 5502 coelo
813 5449 1125 5504 remetietur
1170 5451 1296 5520 ipsi.
1332 5451 1438 5506 Per
1476 5468 1594 5523 qua:
1640 5454 1777 5507 enim
1827 5455 1945 5524 quis

2057 1874 2184 1926 κατ’
2222 1873 2370 1942 ὄναρ
2397 1871 2589 1942 ἐφάνη
2628 1872 2708 1937 τῷ
2757 1870 2971 1938 Ἰωσὴφ
3011 1869 3080 1922 ἐν
3110 1871 3389 1939 Αἰγύπτῳ
3420 1870 3650 1938 λέγων·

2069 1966 2352 2036 Ἐγερθεὶς
2383 1964 2690 2033 παράλαϐε
2730 1963 2798 2018 τὸ
2839 1962 3079 2015 παιδίον
3122 1962 3222 2016 καί
3265 1961 3382 2031 τὴν
3414 1962 3655 2032 μητέρα

2053 2059 2263 2124 αὐτοῦ,
2307 2057 2405 2112 καὶ
2440 2057 2696 2124 πορεύου
2734 2057 2818 2122 εἰς
2852 2055 2970 2125 γῆν
3010 2054 3267 2123 Ἰσραήλ·
3312 2054 3655 2121 τεθνήκασι

2051 2149 2164 2220 γὰρ
2197 2152 2250 2202 οὶ
2289 2147 2603 2216 ζητοῦντες
2635 2145 2751 2214 τὴν
2784 2147 3000 2216 ψυχὴν
3026 2145 3133 2199 τοῦ
3163 2144 3428 2199 παιδίου.
3460 2141 3656 2200 *Ησαν

2051 2242 2110 2294 δὲ
2139 2242 2190 2294 οἰ
2231 2239 2520 2311 ζητοῦντες
2564 2238 2875 2292 θανατῶσαι
2919 2238 3011 2291 τὸν
3055 2237 3261 2309 Ἰησοῦν
3302 2238 3353 2290 οἱ
3395 2239 3527 2308 περὶ
3551 2237 3650 2290 τὸν

2065 2329 2308 2403 Ἡρώδην
2327 2331 2419 2383 τὸν
2447 2329 2671 2400 βασιλέα
2694 2330 2788 2382 καὶ
2810 2330 2899 2382 τὸν
2923 2330 3036 2382 υἱὸν
3059 2329 3224 2382 αὑτοῦ
3259 2329 3645 2400 Ἀντίπατρον.

2065 2423 2322 2476 ’Δπέθανε
2347 2423 2403 2475 δὲ
2429 2424 2458 2474 ὁ
2487 2422 2586 2493 μὲν
2617 2421 2970 2492 Ἀντίπατρος
2999 2423 3056 2474 ἐν
3080 2422 3325 2492 ῥομφαίᾳ
3349 2421 3645 2493 διαπαρεὶς

2051 2518 2108 2570 ὲν
2140 2520 2206 2588 τῇ
2241 2517 2478 2588 φυλακῇ,
2509 2515 2868 2586 ἀπελεγχθεὶς
2907 2515 3197 2584 φαρμακὸς
3231 2514 3326 2567 καὶ
3353 2513 3646 2577 ἐπίϐουλος

2049 2607 2158 2662 τῶν
2193 2609 2338 2662 ἰδίων
2376 2607 2642 2677 ἀδελφῶν,
2681 2606 3030 2674 Ἀλεξάνδρου
3067 2607 3158 2658 καὶ
3197 2604 3635 2676 Ἀριστοϐούλου·

2049 2705 2078 2755 ὁ
2106 2701 2162 2755 δὲ
2205 2699 2448 2774 Ἡρώδης
2493 2701 2588 2753 καὶ
2625 2700 2790 2763 αὐτὸς
2822 2698 3192 2770 καταστρέφει
3231 2698 3323 2750 τὸν
3359 2697 3496 2768 βίον,
3541 2695 3642 2750 τοῦ

2052 2793 2303 2864 σώματος
2335 2791 2481 2863 αὐτῷ
2511 2791 2955 2864 διαμερισθέντος
2993 2793 3074 2854 εἰς
3111 2790 3344 2860 διάφορα
3378 2791 3475 2842 καὶ
3509 2806 3637 2842 ποι-

2049 2886 2174 2940 κίλα
2199 2885 2364 2957 πάθη.
2391 2887 2470 2951 Α’,
2499 2886 2730 2956 πυρετὸς
2755 2884 2864 2956 γάρ
2889 2880 2956 2956 ἦν
2985 2883 3131 2954 αὑτῷ
3156 2883 3388 2953 καμίνου
3420 2880 3643 2954 ἐνεργέ-

2052 2994 2257 3048 στερος·
2283 2977 2358 3043 B',
2381 2977 2625 3048 κνησμός
2652 2993 2712 3028 τε
2738 2977 3010 3046 ἀφόρητος
3027 2974 3125 3042 τῆς
3141 2973 3466 3042 ἐπιφανείας
3486 2973 3638 3044 ὅλης·

2049 3068 2124 3132 Γ¹,
2151 3067 2259 3121 τῶν
2280 3068 2430 3131 ἐντὸς
2455 3070 2695 3138 συνεχεῖς
2723 3066 3032 3135 ἀλγηδόνες·
3065 3068 3139 3127 Δ¹,
3163 3082 3228 3116 πε
3237 3065 3292 3135 pl.
3315 3065 3443 3127 τοὺς
3472 3064 3642 3127 πόδας

2049 3159 2125 3222 ὡς
2165 3158 2546 3230 ὑδρωπιῶντος
2589 3157 2876 3228 οἰδήματα·
2928 3156 3004 3221 Ε’,
3037 3155 3132 3208 τοῦ
3159 3157 3326 3226 ἤτρου
3358 3155 3641 3226 φλεγμονὴ

2051 3250 2374 3322 ὑπέρογκος·
2394 3249 2485 3316 (τ’,
2509 3249 2598 3302 διὰ
2617 3249 2710 3302 τοῦ
2747 3249 2944 3320 μέλους
2974 3248 3072 3319 τῆς
3104 3247 3366 3318 αἰσχύνης
3392 3246 3641 3317 σηπεδὼν

2049 3341 2293 3410 γεννῶσα
2338 3340 2642 3411 σκώληκας·
2691 3340 2766 3405 Z',
2813 3339 2950 3412 πρὸς
2993 3338 3203 3402 τούτοις
3242 3338 3554 3408 ὀρθόπνοια·
3575 3325 3639 3390 Η’

2049 3433 2328 3486 δύσπνοια·
2375 3433 2452 3497 Θ’,
2497 3434 2592 3486 καὶ
2644 3433 2883 3503 σπασμοὶ
2916 3433 3134 3486 πάντων
3161 3431 3267 3484 τῶν
3302 3430 3502 3500 μελῶν.
3529 3430 3639 3482 Καί

2050 3529 2156 3580 εἰσι
2185 3525 2253 3578 τά
2282 3525 2427 3596 πάθη
2457 3524 2548 3578 τὸν
2575 3523 2806 3596 ἀριθμὸν
2835 3523 3010 3577 ἐννέα.
3048 3521 3288 3594 Πυρετὸς
3324 3519 3424 3591 μὲν
3447 3515 3515 3590 ἦν
3547 3517 3642 3573 ἐπ”

2051 3618 2198 3689 αὑτῷ
2246 3618 2476 3687 καμίνου
2527 3617 2929 3689 ὲνεργέστερος,
2979 3615 3168 3687 ἐπειδὴ
3213 3613 3492 3680 ἐξεκαίετο
3523 3615 3635 3676 τοῖς

2051 3711 2278 3765 πάθεσιν
2311 3713 2389 3773 εἰς
2417 3709 2515 3779 τὴν
2549 3708 2802 3779 ἀθέμιτον
2831 3706 3028 3780 πρᾶξιν
3063 3706 3163 3776 τῆς
3199 3705 3464 3776 μοιχείας.
3499 3704 3636 3758 Ὀ-δὲ

2051 3803 2291 3874 κνησμὸς
2322 3797 2388 3872 ἦν
2417 3803 2503 3852 ἐπ’
2527 3800 2675 3871 αύτῷ
2700 3799 2992 3870 ἀφόρητος,
3020 3797 3107 3850 διὰ
3135 3797 3194 3850 τὸ
3220 3794 3506 3848 πείθεσθαι
3539 3796 3636 3848 αὑ-

2048 3896 2140 3947 τὸν
2182 3893 2292 3947 τῶν
2342 3893 2690 3964 κνηθομένων
2738 3891 3072 3944 διδασκάλων
3123 3888 3222 3960 τὴν
3267 3888 3441 3959 ἀκοὴν
3495 3887 3634 3958 πρὸς

2049 3986 2284 4056 ἀπάτην.
2327 3985 2447 4038 Τῶν
2486 3984 2636 4048 ἐντὸς
2662 3983 2719 4036 δὲ
2743 3981 2844 4044 τὰς
2877 3983 3118 4051 συνεχεῖς
3147 3979 3469 4049 ἀλγηδόνας,
3511 3977 3630 4030 ἐπεὶ

2049 4078 2151 4131 οὑκ
2182 4075 2429 4146 ἔψαλλεν·
2469 4074 2744 4142 Εὺλότει,
2777 4074 2816 4142 ἡ
2857 4071 3029 4142 ψυχή
3064 4088 3206 4142 μου,
3248 4071 3355 4124 τὸν
3392 4070 3625 4139 Κύριον,

2049 4170 2146 4223 καί
2175 4168 2371 4222 πάντα
2393 4168 2465 4222 τὰ
2485 4168 2658 4234 ἐντός
2682 4184 2800 4236 μου
2823 4165 2892 4219 τὸ
2921 4147 3108 4233 ὄνομα
3130 4162 3198 4216 τὸ
3223 4162 3397 4232 ἄτιον
3419 4159 3624 4214 αὐτοῦ.

2048 4262 2186 4334 Περὶ
2227 4261 2284 4314 δὲ
2315 4262 2442 4324 τοὺς
2483 4259 2650 4324 πόδας
2683 4259 2954 4330 οἰδήματα
2999 4256 3402 4328 ὑδρωπιῶντος,
3442 4254 3627 4324 ἐπειδὴ

2049 4353 2315 4421 ὲξουθένει
2344 4352 2407 4406 τὸ
2438 4351 2678 4422 καθαρὸν
2721 4351 2818 4404 καὶ
2862 4350 3130 4404 ἀθόλωτον
3159 4347 3304 4420 ὓδωρ
3333 4348 3436 4418 τῆς
3472 4347 3623 4400 ἀλλο-

2053 4445 2219 4516 μένης
2239 4445 2424 4517 πηγῆς
2445 4445 2524 4508 εἰς
2550 4442 2696 4514 ζωὴν
2717 4442 2954 4497 αἰώνιον.
2989 4441 3096 4495 Τοῦ
3129 4441 3185 4494 δὲ
3213 4441 3381 4510 ἤτρου
3407 4441 3440 4511 ἡ
3465 4439 3627 4510 ὑπέρ-

2049 4555 2210 4606 ογκος
2241 4535 2537 4607 φλεγμονὴ,
2559 4535 2646 4589 διὰ
2676 4535 2738 4590 τὺ
2774 4536 2850 4606 μὴ
2877 4535 3143 4605 ὑπάρχειν
3177 4532 3338 4586 αὑτὸν
3362 4532 3421 4583 ἐν
3446 4534 3512 4602 τῇ
3533 4529 3623 4584 τοῦ

2051 4631 2222 4701 θυμοῦ
2253 4630 2528 4700 φλεγμονῇ
2560 4629 2849 4701 κρατητὸν,
2893 4628 2989 4681 καὶ
3022 4626 3360 4697 ἀνελεήμονα
3392 4625 3473 4687 εἰς
3503 4625 3623 4688 τοὺς

2051 4723 2411 4794 ὑποχειρίους.
2440 4723 2513 4775 Τὸ
2538 4722 2597 4775 δὲ
2627 4721 2726 4792 τῆς
2753 4719 3017 4790 αἰσχύνης
3047 4718 3212 4772 αὑτοῦ
3245 4717 3405 4788 μέλος
3436 4715 3623 4784 ἐγέννα

2052 4813 2359 4884 σκώληκας,
2386 4812 2574 4882 ἐπειδὴ
2606 4813 2664 4865 ὲν
2697 4814 2765 4882 τῇ
2797 4810 3062 4881 ἀκολασίᾳ
3085 4808 3278 4881 ἐζήλου
3311 4808 3440 4872 τοὺς
3468 4807 3624 4878 θηλυ-

2054 4909 2242 4979 μανεῖς
2265 4907 2485 4970 ἵππους.
2526 4905 2590 4958 Ἡ
2613 4904 2670 4957 δὲ
2695 4904 2985 4977 ὀρθόπνοια
3021 4903 3183 4957 αὑτὸν
3211 4904 3429 4972 κατεῖχε
3458 4900 3543 4954 διὰ
3564 4901 3624 4954 τὸ

2055 5001 2130 5073 μὴ
2153 5000 2426 5073 όρθρίζειν
2459 4999 2622 5053 αὑτὸν
2654 5001 2734 5063 εἰς
2753 4998 3122 5072 προσκύνησιν
3147 4995 3242 5049 τοῦ
3272 4995 3454 5058 δόντος
3481 4993 3624 5063 αὑτῷ

2051 5093 2256 5165 Κυρίου
2290 5092 2351 5144 τὸ
2385 5091 2661 5162 βασιλικὸν
2694 5092 2932 5162 ἀξίωμα.
2979 5091 3044 5143 'H
3077 5089 3141 5174 bi.
3174 5088 3439 5142 δύσπνοια
3459 5128 3474 5152 ,
3507 5085 3623 5139 ἐπεὶ

2049 5185 2149 5237 οὑκ
2181 5183 2343 5237 ἔπνεε
2375 5184 2437 5237 τὸ
2471 5183 2641 5256 μύρον
2673 5179 2773 5254 τῆς
2802 5184 3044 5254 ἀγάπης,
3076 5181 3212 5235 ἀλλά
3241 5181 3342 5250 τῆς
3366 5179 3623 5241 δυσωδίας

2049 5276 2142 5329 τοῦ
2177 5276 2485 5348 ἀκηρύκτου
2537 5277 2797 5347 πολέμου.
2843 5276 3023 5329 Πάντα
3068 5273 3127 5327 δὲ
3171 5272 3244 5326 τὰ
3278 5272 3416 5344 μέλη
3465 5269 3620 5324 αὑτοῦ

2050 5368 2314 5434 ὲσπῶντο,
2340 5369 2428 5423 διὰ
2449 5370 2508 5422 τὸ
2533 5371 2625 5424 καὶ
2646 5367 2805 5423 αὑτὸν
2829 5368 3005 5421 πάντα
3023 5365 3091 5420 τὰ
3114 5365 3304 5420 παιδία
3336 5365 3538 5417 σπᾶσαι
3557 5361 3620 5414 τὰ

2049 5457 2179 5512 ὄντα.
2207 5461 2263 5512 ὲν
2291 5457 2558 5531 Βηθλεέμ.
2592 5454 2663 5529 ᾯ
2692 5457 2750 5510 δὲ
2788 5456 2973 5529 μέτρῳ
3003 5454 3286 5527 μετρεῖταί
3317 5471 3423 5516 τις,
3452 5451 3617 5520 τούτῳ

376 5540 695 5607 peccaverit,
739 5556 830 5610 per
881 5541 991 5596 haec
1042 5552 1091 5597 et
1121 5545 1397 5615 ,punietur
1430 5547 1497 5600 “.
1539 5545 1697 5603 Hunc
1752 5547 1936 5619 itaque

2051 5551 2448 5624 ἀντιμετρεῖται
2492 5549 2780 5622 οὐρανόθεν
2809 5549 3052 5612 δικαίως.
3095 5549 3176 5600 Δι’
3203 5540 3292 5601 ὧν
3310 5543 3380 5599 δὲ
3410 5545 3510 5598 καί
3534 5561 3618 5610 τις

451 5721 494 5752 ι’
526 5718 715 5776 Matth.
741 5736 799 5789 η,
832 5721 918 5791 l9,
944 5721 1036 5780 ιο.
1078 5723 1122 5756 ²⁰
1146 5721 1288 5780 Psal.
1319 5739 1412 5792 cn,
1447 5723 1496 5777 l.
1578 5727 1618 5757 ’ί
1655 5723 1782 5795 Sap.
1820 5741 1896 5790 ιι,
1949 5724 2038 5780 Π.
