3794 6226
122 332 263 391 1255

1393 319 1819 378 FRAGMENTA
1856 317 2087 373 VARIA.

3231 310 3372 368 1254

122 444 473 520 ἁμαρτάνει,
510 444 606 498 διὰ
631 445 859 499 τούτων
876 443 976 497 καὶ
1000 440 1324 502 κολάζεται.
1358 438 1558 494 Τοῦτον
1584 440 1694 495 τοί-

1802 436 2062 493 Herodem
2094 434 2169 489 ait
2191 434 2462 505 Josephus
2485 441 2711 505 paterno
2741 430 2962 503 quidem
3007 444 3206 501 genere
3240 429 3372 486 ldu-

122 554 211 591 νυν
232 536 323 590 τὸν
365 534 618 606 Ἡρώδην
648 535 677 587 6
707 533 806 605 μὲν
848 531 1106 602 Ἰώσηπος
1135 530 1281 600 λέγει
1312 528 1454 584 κατὰ
1484 530 1696 601 πατέρα

126 624 260 683 εῖναι
283 626 347 679 τὸ
364 624 532 694 γένος
566 625 880 695 Ἰδουμαῖον,
916 621 1164 694 Ἀράϐιον
1209 621 1266 674 δὲ
1295 619 1437 674 κατὰ
1464 619 1695 691 μητέρα’

125 722 153 773 6
179 719 233 771 δὲ
277 715 613 789 Ἀφρικανὸς
642 714 735 768 καὶ
764 715 814 768 οἱ
851 713 969 767 κατ’
993 713 1155 767 αὐτὸν
1185 710 1539 783 ἀκριϐοῦντες
1582 711 1700 764 Ἀν-

126 810 384 881 τιπάτρου
420 808 525 879 μὲν
557 803 695 861 εἶναι
725 806 857 859 υἱόν·
892 804 982 858 τὸν
1001 805 1057 858 δὲ
1089 803 1441 875 Ἀντίπατρον
1472 801 1700 873 ἐσχηκέ-

125 920 207 957 ναι
251 900 474 972 πατέρα
518 898 762 970 Ἡρώδην
818 897 1234 967 Ἀσκαλωνίτην,
1281 896 1578 969 ἱερόδουλον
1607 898 1701 951 τοῦ

124 992 224 1046 νεὼ
262 991 361 1044 τοῦ
418 989 777 1052 Ἀπόλλωνος.
823 989 926 1041 Τὸν
954 988 1013 1043 δὲ
1065 988 1413 1060 Ἀντίπατρον
1449 989 1540 1042 τὸν
1583 988 1701 1043 υἱὸν

127 1081 305 1150 αὑτοῦ,
360 1081 582 1136 παιδίον
631 1081 782 1144 ὄντα,
835 1078 1332 1150 αἰχμαλωτισθῆναι
1384 1078 1539 1150 παρὰ
1591 1077 1701 1132 τῶν

125 1171 329 1245 λῃστῶν
376 1171 720 1242 Ἰδουμαίων⁸
754 1169 845 1222 τὸν
874 1168 933 1221 δὲ
979 1168 1189 1240 πατέρα
1232 1167 1396 1221 αὐτοῦ
1452 1166 1700 1240 Ἡρώδην

130 1264 197 1333 μὴ
228 1262 533 1333 δυνηθῆναι
566 1261 748 1314 δοῦναι
789 1259 957 1331 λύτρα
999 1260 1138 1330 ὑπὲρ
1182 1257 1369 1313 αὐτοῦ’
1413 1260 1701 1330 ἐντραφεὶς

124 1349 209 1408 οὖν
238 1357 352 1417 τοῖς
378 1353 495 1406 τῶν
533 1352 843 1424 Ἰδουμαίων
870 1352 1083 1421 ἔθεσιν,
1108 1350 1401 1421 Ἰδουμαῖος
1433 1348 1692 1421 ἐνομίσθη

126 1442 277 1509 εἶναι,
310 1444 387 1498 ὣν
404 1443 827 1515 Ἀσκαλωνίτης.
869 1439 998 1514 Εἶχε
1026 1442 1085 1495 δὲ
1111 1439 1205 1495 καὶ
1247 1442 1368 1495 τότε
1390 1441 1695 1511 Αὔγουστος

1798 545 2017 596 meeum,
2047 537 2296 584 materno
2333 527 2595 583 Arabem.
2626 524 2920 581 Africanus
2967 532 3172 593 autem,
3195 532 3250 580 et
3277 524 3370 595 qui

1799 626 2020 694 perinde
2078 635 2244 695 atque
2305 623 2397 678 ille
2444 623 2632 679 sedulo
2692 620 3160 691 conscripserunt,
3216 619 3374 676 aiunt

1798 716 1951 771 illum
1980 716 2248 786 Antipatri
2282 715 2474 780 ﬁlium,
2501 715 2845 786 Antipatrum
2876 728 3007 768 vero
3030 721 3241 784 patrem
3271 713 3374 768 ha-

1800 808 1989 863 buisse
2016 807 2285 862 Herodem
2308 805 2673 861 Ascalonitem
2706 805 2969 861 mdituum
3003 804 3186 875 templi
3205 803 3373 874 Apol-

1800 897 2323 967 linis;Antipatrum
2339 904 2518 951 autem
2543 896 2714 951 ﬁlium
2735 895 2877 966 ejus,
2901 897 3031 952 dum
3055 910 3189 966 puer
3202 903 3370 964 esset,

1802 996 2018 1059 captum
2041 1003 2071 1041 a
2094 987 2402 1054 latronibus
2421 984 2695 1053 Idumaeis,
2729 1002 2854 1042 cum
2878 1002 2985 1041 non
3009 994 3194 1057 posset
3215 992 3371 1055 pater

1802 1082 1920 1151 ejus
1934 1079 2174 1137 Herodes
2200 1079 2587 1150 redemptionis
2610 1080 2839 1151 pretium
2864 1081 3095 1145 solvere,
3114 1078 3373 1134 Idumaeo-

1802 1186 1925 1225 rum
1943 1170 2186 1225 moribus
2201 1169 2512 1234 educatum,
2530 1183 2630 1238 pro
2644 1168 2884 1224 Iduman
2904 1168 3151 1224 habitum
3173 1165 3368 1229 fuisse,

1798 1261 1931 1316 licet
1949 1260 2261 1317 Ascalonita
2287 1268 2453 1315 esset.
2477 1259 2684 1330 Agebat
2703 1266 2835 1313 tunc
2851 1258 3133 1329 Augustus
3158 1256 3371 1327 imperii

1803 1367 2004 1405 annum
2052 1352 2307 1418 quintum
2362 1365 2529 1420 supra
2573 1349 3091 1433 quadragesimum,
3144 1348 3373 1404 consulo

1803 1442 2058 1515 Sylvano,
2087 1452 2283 1499 octavo
2315 1444 2583 1499 Kalendas
2616 1442 2883 1498 Januarii.

125 1537 178 1587 ἐν
212 1537 277 1605 τῇ
326 1534 582 1605 βασιλείᾳ.
630 1532 749 1596 ἔτος
792 1532 1038 1604 πέμπτον
1090 1532 1185 1586 καὶ
1228 1533 1684 1604 τεσσαρακοστὸν,
1723 1533 2080 1599 ὑπατεύοντος
2140 1534 2424 1589 Σιλουανοῦ
2447 1575 2462 1600 ,
2501 1534 2608 1605 πρὸ
2635 1532 2777 1588 ὀκτὼ
2809 1531 3100 1588 Καλανδῶν
3139 1530 3372 1585 Ἰανουα-

128 1631 273 1703 ρίων.

138 1740 486 1796 Ἀθανασίου
519 1737 975 1809 Ἀλεξανδρείας,
1002 1741 1128 1810 περὶ
1152 1739 1685 1810 ψευδοπροφητῶν.

1851 1738 2064 1809 1026
2087 1737 2366 1791 Athanasii
2379 1718 2752 1803 Alexandrini,
2778 1737 2841 1790 de
2866 1735 3021 1805 falsis
3036 1734 3330 1805 prophetis.

194 1853 304 1925 (50)
345 1849 519 1906 Εἶπεν
557 1854 585 1906 6
623 1855 826 1926 Κύριος
849 1869 866 1886 ο
899 1853 1231 1924 Προσέχετε
1253 1854 1373 1909 ἀπὸ
1400 1854 1519 1907 τῶν
1543 1857 1696 1922 ψευ-

127 1943 540 2013 δοπροφητῶν,
573 1945 790 2010 οἵτινες
829 1945 1104 2014 ἔρχονται
1136 1944 1285 2013 πρὸς
1322 1943 1477 2013 ὑμᾶς
1505 1943 1573 1999 ἐν
1598 1944 1694 1996 ἐν·-

131 2034 331 2104 δύματι
359 2035 682 2104 προϐάτου,
705 2036 953 2091 ἔνδοθεν
978 2034 1047 2089 δέ
1072 2038 1192 2089 εἱσι
1210 2036 1384 2105 λύκοι
1410 2034 1692 2104 ἅρπαγες·

130 2126 238 2181 ἀπὸ
257 2126 376 2181 τῶν
390 2127 642 2197 καρπῶν
656 2127 852 2182 αὐτῶν
872 2127 1278 2198 ἐπίτνώσεσθε
1291 2128 1474 2180 αὐτού
1481 2148 1532 2193 ς.
1571 2127 1697 2180 Ἐάν

132 2214 359 2286 οὖν,τινα
388 2219 539 2291 ῖδῃς,“
566 2220 783 2289 ἀδελφέ,
813 2220 895 2273 ὅτι
926 2220 1037 2292 ἔχει
1079 2221 1264 2290 σχῆμα
1298 2219 1693 2291 σεμνοπρεπὲς,

136 2308 205 2380 μὴ
231 2310 497 2385 πρόσχῃς,
529 2311 611 2364 ὅτι
640 2311 909 2365 ένδέδυται
933 2311 1125 2365 κώδιον
1152 2310 1446 2382 προϐάτου,
1480 2312 1561 2364 ὅτι
1582 2310 1698 2364 δνο-

139 2418 208 2471 μα
236 2402 346 2472 ἔχει
380 2403 781 2475 πρεσϐυτέρου,
826 2404 860 2475 ἢ
911 2403 1231 2470 ἐπισκόπου,
1278 2403 1311 2474 ἢ
1357 2402 1624 2466 διακόνου,
1660 2401 1694 2473 ἢ

134 2493 383 2566 ἀσκητοῦ,
425 2496 567 2552 ἀλλὰ
609 2495 708 2559 τὰς
755 2495 981 2567 πράξεις
1022 2493 1187 2548 αὐτοῦ
1227 2494 1606 2566 περιέργασαι’
1647 2496 1696 2546 εἰ

136 2583 240 2639 ἐστι
271 2586 526 2659 σώφρων,
561 2588 609 2640 εί
644 2587 764 2640 ἐστι
793 2586 1081 2657 φιλόξενος,
1122 2585 1156 2657 ἢ
1194 2586 1459 2658 ἐλεήμων,
1495 2580 1529 2657 ἢ
1562 2585 1698 2654 ἀγα-

136 2678 371 2748 πητικδς,
416 2679 450 2750 ἢ
486 2681 548 2732 ὲν
576 2681 902 2750 προσευχαῖς
928 2676 1270 2749 καρτερικὸς,
1301 2675 1335 2747 ἢ
1370 2676 1696 2748 ὑπομονητι-

138 2766 240 2831 κός.
286 2767 349 2821 El
394 2768 514 2841 ἔχει
546 2769 752 2822 κοιλίαν
797 2767 944 2833 θεὸν,
983 2769 1078 2821 καὶ
1115 2768 1207 2821 τὸν
1244 2768 1500 2837 φάρυγγα
1537 2766 1692 2838 ᾅδην,

137 2859 292 2912 νοσῶν
318 2862 602 2932 χρήματα,
628 2862 722 2914 καὶ
741 2859 1063 2930 καπηλεύων
1089 2859 1185 2931 τὴν
1206 2858 1534 2922 θεοσέϐειαν,
1560 2858 1695 2928 ἄφες

139 2949 302 3003 αὐτόν’
328 2952 388 3004 οὐ
408 2953 524 3023 γάρ
546 2955 663 3005 ἐστι
684 2951 886 3022 ποιμῆν
913 2949 1349 3021 ὲπιστημονικὸς,
1372 2948 1507 3004 ἀλλὰ
1534 2948 1695 3013 λύκος

136 3038 482 3109 ἁρπακτικός.
526 3043 589 3095 Εἰ
621 3043 677 3095 δὲ
714 3037 860 3106 οἶδας
899 3041 968 3096 τὰ
1007 3040 1197 3112 δένδρα
1233 3041 1546 3112 δοκιμάζειν
1585 3042 1696 3098 61:6

136 3130 235 3184 τῶν
257 3134 509 3205 καρπῶν,
547 3134 675 3187 ποῖά
707 3135 823 3186 ἐστι
847 3135 913 3205 τῇ
939 3132 1116 3203 φύσει,
1143 3137 1207 3205 τῇ
1241 3132 1446 3203 γεύσει,
1477 3136 1542 3205 τῇ
1573 3133 1693 3187 πιό-

136 3236 267 3293 τητι’
301 3223 483 3298 πολλῷ
518 3224 716 3296 μᾶλλον
743 3224 851 3279 61:6
878 3225 984 3278 τῶν
1010 3224 1186 3297 ἔργων
1209 3225 1440 3293 ὀφείλεις
1470 3226 1695 3297 δοκιμὰ-

139 3310 240 3376 ζειν
272 3318 396 3380 τοὺς
435 3316 908 3387 Χριστεμπόρους,
937 3316 1039 3381 ὅτι,
1085 3316 1375 3388 φοροῦντες
1421 3316 1694 3388 φημάριον

139 3406 424 3477 εὐλαϐείας,
460 3410 642 3481 ψυχὴν
690 3409 980 3480 κέκτηνται
1029 3408 1358 3480 διαϐολικήν.
1399 3409 1463 3461 Ei
1504 3408 1562 3461 66
1598 3408 1695 3462 καὶ

140 3497 236 3552 6116
252 3501 502 3556 ἀκανθῶν
528 3503 588 3555 ού
619 3501 895 3571 συλλέγεις
919 3500 1214 3570 σταφυλὰς,
1243 3500 1277 3573 ἢ
1300 3500 1410 3554 61:6
1430 3499 1694 3572 τριϐόλων

143 3587 287 3652 σῦκα,
314 3590 366 3643 τί
401 3590 827 3662 ὑπολαμϐάνεις,
868 3590 948 3643 ὅτι
977 3588 1085 3643 61:6
1110 3579 1436 3661 παραϐατῶν
1465 3588 1609 3659 ἔχεις
1638 3606 1693 3641 τι

142 3676 323 3746 ἀγαθὸν
350 3683 601 3744 ἀκοῦσαι,
624 3681 658 3752 ἦ
678 3679 786 3734 61:6
806 3678 1079 3751 προδοτῶν
1105 3678 1296 3751 μαθεῖν
1320 3696 1373 3731 τι
1391 3680 1693 3751 χρήσιμον;

153 3766 404 3838 Ἐκείνους
427 3773 608 3828 τοίνυν
630 3774 976 3843 ἀποστρέφου
1010 3772 1085 3836 ὡς
1118 3770 1315 3834 λύκους
1351 3770 1694 3841 Ἀραϐικοὺς,

145 3861 228 3915 καὶ
266 3864 507 3931 ἀκάνθας
568 3867 874 3938 παρακοῆς,
940 3867 1033 3920 καὶ
1092 3866 1369 3939 τριϐόλους
1426 3863 1696 3934 ἀδικημά-

145 3966 239 4005 των
251 3953 381 4026 (51),
406 3958 502 4012 καὶ
529 3957 720 4032 δένδρα
745 3957 974 4030 πονηρά.
994 3958 1121 4012 Ἐὰν
1148 3958 1263 4029 ἴδῃς
1292 3954 1531 4018 συνετὸν,
1560 3952 1699 4008 κατὰ

145 4041 233 4114 τὴν
254 4047 721 4116 συμϐουλεύουσαν
746 4050 957 4120 σοφίαν,
983 4049 1202 4121 δρθριζε
1226 4049 1360 4120 πρὸς
1391 4049 1576 4111 αὐτὸν,
1604 4047 1698 4101 καὶ

149 4135 399 4211 σταθμοὺς
432 4140 614 4213 θυρῶν
650 4139 815 4195 αὐτοῦ
862 4141 1156 4212 ὲκτριϐέτω
1200 4142 1228 4194 6
1273 4139 1408 4204 ποῦς
1444 4157 1536 4193 σου
1559 4180 1574 4205 ,
1610 4139 1697 4191 ἴνα

148 4229 263 4299 παρ’
289 4232 450 4287 αὐτοῦ
485 4233 737 4305 διδαχθῇς
764 4235 928 4304 νόμου
959 4233 1440 4305 σκιαγραφήματα,
1467 4232 1560 4285 καὶ
1589 4248 1696 4302 χα-

150 4316 296 4386 ρίτων
313 4322 628 4399 δωρήματα.
656 4323 793 4379 Ούτε
818 4325 875 4378 66
897 4324 1055 4394 λόγος
1081 4323 1411 4394 σοφιστικὸς,
1444 4322 1478 4395 ἢ
1509 4323 1695 4394 σχῆμα

1866 1852 2281 1907 Ait-Dominus:
2311 1850 2577 1906 Attendite
2604 1868 2638 1905 a
2667 1850 2820 1921 falsis
2852 1849 3117 1920 prophetis
3147 1849 3241 1919 qui
3268 1865 3363 1903 ve-

1795 1943 1948 1997 niunt
1972 1943 2041 1996 ad
2069 1959 2155 1996 vos
2181 1943 2235 1996 in
2266 1943 2571 1996 vestimento
2615 1943 2809 2008 ovium,
2839 1941 3157 1995 intrinsecus
3188 1948 3370 1994 autem

1797 2044 1915 2086 sunt
1939 2031 2050 2101 lupi
2070 2047 2282 2093 rapaces
2302 2049 2320 2085 :
2339 2048 2372 2085 a
2387 2032 2644 2101 fructibus
2661 2047 2841 2086 eorum
2858 2013 3178 2101 cognoscetis
3195 2045 3282 2084 eos
3296 2030 3366 2084 ”.

1799 2121 1857 2177 Si
1885 2124 2067 2193 itaque
2093 2122 2405 2193 quempiam
2427 2122 2653 2186 videris,
2680 2137 2714 2177 o
2746 2120 2935 2189 frater,
2970 2113 3063 2192 qui
3095 2121 3169 2177 sit
3192 2122 3367 2177 hone-

1797 2221 1880 2268 sto
1932 2208 2153 2269 indutus
2203 2213 2547 2279 vestimento,
2578 2228 2647 2267 ne
2674 2212 2943 2280 attendas,
2983 2211 3145 2267 etiam
3176 2211 3228 2267 si
3250 2212 3369 2267 ovis

1796 2303 1931 2373 pelle
1962 2305 2184 2359 indutus
2226 2304 2318 2369 sit,
2347 2312 2403 2360 et
2444 2319 2641 2360 nomen
2673 2303 2871 2360 habeat
2905 2302 3245 2374 presbyteri,
3273 2311 3370 2356 aut

1794 2397 2053 2467 episc0pi,
2080 2404 2176 2451 aut
2221 2396 2460 2458 diaconi.
2488 2408 2584 2452 aut
2635 2405 2868 2463 ascetaa;
2904 2397 2998 2453 sed
3051 2396 3173 2467 ejus
3202 2410 3366 2466 opera

1794 2488 2064 2543 curiosius
2090 2487 2304 2558 inquire
2333 2508 2346 2543 :
2382 2503 2513 2542 num
2546 2488 2617 2543 sit
2641 2495 2970 2555 temperans,
3016 2502 3145 2542 num
3180 2484 3370 2555 hospi-

1795 2579 1944 2645 talis,
1980 2594 2109 2635 num
2159 2579 2514 2635 misericors:
2548 2593 2619 2633 an
2667 2578 2989 2634 charitatem
3039 2577 3260 2644 habeat,
3295 2589 3368 2629 an

1792 2678 2099 2740 perseveret
2140 2670 2197 2724 in
2225 2670 2582 2737 orationibus,
2606 2685 2675 2724 an
2714 2669 2787 2725 sit
2816 2670 3050 2739 patiens.
3104 2668 3162 2724 Si
3203 2670 3367 2727 deum
3420 2703 3423 2706 -

1794 2769 2036 2816 ventrem
2071 2761 2288 2828 habeat,
2319 2770 2373 2815 et
2401 2769 2588 2830 guttur
2614 2759 2910 2825 infernum,
2936 2760 3248 2816 divitiarum
3273 2777 3370 2817 co-

1793 2851 2091 2920 gendarum
2134 2852 2327 2906 morbo
2363 2852 2656 2915 laborans,
2702 2852 2962 2922 pietatem
3011 2865 3111 2921 pro
3154 2860 3368 2922 quaestu

1792 2942 2022 3009 habens,
2049 2942 2259 2999 dimitte
2280 2942 2435 2998 illum
2465 2961 2480 2998 :
2511 2958 2619 2998 non
2635 2951 2721 2998 est
2747 2943 2891 2997 enim
2926 2950 3114 3013 pastor
3136 2942 3367 3013 peritus,

1797 3033 1893 3089 sed
1913 3035 2074 3104 lupus
2088 3050 2277 3106 rapax.
2301 3035 2358 3090 Si
2381 3042 2561 3091 autem
2584 3035 2728 3090 nosti
2761 3034 2985 3089 arbores
3006 3048 3072 3089 ex
3099 3033 3369 3089 fructibus

1798 3125 2052 3194 probare,
2088 3141 2338 3195 quamam
2374 3125 2584 3181 scilicet
2615 3125 2744 3193 sint,
2775 3132 2995 3193 natura,
3028 3133 3212 3196 gustu,
3239 3124 3366 3194 pin-

1794 3216 2046 3284 guedine,
2075 3217 2249 3271 multo
2277 3216 2453 3288 magis
2481 3232 2547 3272 ex
2571 3215 2828 3286 operibus
2857 3215 3161 3286 periculum
3184 3212 3367 3271 facere

1794 3306 1956 3361 debes
1972 3321 2161 3361 eorum
2192 3308 2286 3377 qui
2312 3307 2530 3363 Christo
2549 3308 2617 3363 ad
2645 3315 2913 3378 quaestum
2932 3313 3183 3371 utuntur,
3212 3304 3365 3374 quiao

1794 3397 1924 3453 dum
1942 3398 2178 3469 aliquam
2212 3400 2516 3455 sanctitatis
2543 3398 2746 3453 fam-am
2777 3395 3095 3468 praeferunt,
3125 3397 3360 3451 animam

1794 3489 2079 3560 possident
2098 3489 2445 3546 diabolicam.
2470 3488 2625 3557 Quod
2650 3489 2699 3544 si
2725 3502 2791 3543 ex
2816 3487 2987 3557 spinis
3013 3501 3123 3542 non
3154 3486 3363 3555 colligis

1798 3596 1952 3648 uvas,
1984 3595 2084 3636 nec
2117 3596 2184 3635 ex
2214 3580 2430 3635 tribulis
2472 3581 2631 3643 licus,
2667 3577 2798 3648 quid
2831 3576 3073 3648 opinaris
3112 3589 3273 3647 posse
3310 3584 3364 3629 te

1796 3685 1864 3725 ex
1899 3670 2405 3741 praevaricatoribus
2448 3668 2729 3740 quidpiam
2754 3666 2885 3722 boni
2922 3666 3133 3733 audire,
3163 3674 3259 3720 aut
3294 3679 3364 3721 ex

1796 3762 2166 3831 proditoribus
2192 3760 2472 3832 quidpiam
2520 3758 2651 3815 utile
2685 3757 2972 3814 ediscere?
3009 3756 3136 3812 Illos
3179 3756 3365 3826 itaque

1798 3867 2050 3907 aversare
2071 3860 2131 3908 ut
2154 3853 2310 3922 lupos
2321 3849 2607 3918 Arabicos,
2623 3857 2677 3905 et
2701 3848 2886 3919 spinas
2910 3848 3358 3918 inobsequentiae,
3445 3860 3454 3874 ·

1799 3943 2135 4014 tribulosque
2164 3942 2488 4011 iniquitatis,
2515 3949 2569 3997 et
2594 3940 2816 3996 arbores
2847 3940 3038 3995 malas.
3075 3936 3133 3994 Si
3159 3939 3365 3993 videris

1799 4034 2094 4105 sapientem
2115 4033 2373 4103 aliquem,
2385 4031 2539 4103 juxta
2558 4030 2848 4101 Sapientiae
2868 4029 3178 4094 consilium,
3197 4045 3361 4085 mane

1800 4126 1961 4196 vigila
1990 4126 2055 4181 ad
2084 4126 2256 4192 illum,
2279 4134 2334 4181 et
2366 4125 2627 4181 stationes
2652 4130 2932 4194 portarum
2956 4122 3076 4193 ejus
3098 4131 3238 4178 terat
3264 4137 3361 4192 pes

1800 4227 1948 4284 tuus,
1966 4228 2027 4273 ut
2047 4220 2116 4273 ab
2137 4232 2202 4273 eo
2219 4217 2428 4273 ediscas
2450 4217 2585 4288 legis
2610 4216 2852 4284 umbras,
2875 4215 3173 4287 gratiarum
3195 4216 3358 4271 dona.

1797 4309 1984 4380 Neque
2009 4311 2154 4366 enim
2181 4310 2509 4380 sophisticus
2527 4322 2729 4376 sermo,
2756 4319 2810 4364 et
2831 4308 3050 4364 habitus
3080 4306 3389 4363 modestus.

149 4397 774 4486 ἐπιθετικδννείσάγουσιν
813 4417 893 4480 είς
932 4417 1032 4488 τὴν
1075 4415 1350 4487 βασιλείαν
1392 4414 1501 4469 τῶν
1531 4414 1694 4488 οὐρα-

1802 4401 2153 4457 introducunt
2178 4403 2232 4455 in
2257 4414 2484 4471 regnum
2509 4400 2771 4456 calorum
2793 4416 2807 4465 ;
2833 4399 2928 4455 sed
2957 4398 3092 4455 ﬁdes
3124 4397 3363 4469 perfecta

150 4499 262 4566 νῶν,
291 4504 422 4561 ἀλλὰ
470 4507 652 4571 πίστις
696 4505 875 4560 τελεία
920 4507 1013 4560 καὶ
1055 4508 1386 4578 ἀπερίεργος
1432 4506 1568 4559 μετὰ
1598 4505 1695 4570 τῆς

149 4587 382 4664 ἐναρέτου
410 4600 505 4653 καὶ
535 4598 944 4671 διαλαμπούσης
970 4599 1242 4669 προνοίας.

224 4706 560 4768 Ἀθαναο-ίου
602 4714 1062 4784 Ἀλεξανδρείας.
1095 4713 1226 4780 Πῶς
1259 4713 1509 4780 νοητέον
1539 4713 1624 4765 τόο

261 4822 278 4838 .
386 4802 404 4835 ι
435 4787 490 4837 Ὁ
519 4785 823 4855 ἐμϐλέψας
852 4783 1125 4856 γυναῖκα,
1161 4803 1181 4837 ι
1225 4801 1281 4840 κ.
1305 4801 1357 4837 τ.
1395 4783 1446 4838 λ.

213 4885 317 4960 (52)
352 4895 606 4968 Μοιχεύει
635 4899 867 4967 γυναῖκα
907 4899 972 4968 τῇ
1019 4895 1212 4968 καρδία
1245 4897 1470 4959 ἐκεῖνος,
1507 4897 1536 4948 6
1571 4911 1696 4948 συν-

153 4974 493 5058 διατιθέμενος
534 4994 599 5063 τῇ
634 4991 846 5063 πράξει’
891 4988 1208 5045 ἀπεκώλυσε
1245 4989 1301 5041 δὲ
1330 4988 1421 5041 τὸν
1452 4986 1689 5040 τοιοῦτον

154 5067 248 5123 ἀπὸ
268 5075 361 5147 τῆς
379 5083 693 5153 παρανόμου
728 5083 821 5136 καὶ
843 5083 1099 5154 ἀθεμίτου
1125 5078 1427 5143 κοινωνίας,
1450 5079 1482 5149 ἢ
1504 5079 1687 5143 τόπος,

154 5158 466 5244 ἢχρόνος,ῆ
514 5173 676 5243 φόϐος
724 5174 832 5228 τῶν
886 5172 1205 5240 Ῥωμαϊκῶν
1247 5172 1447 5242 νόμων.
1489 5172 1611 5223 Ὅτι
1639 5171 1697 5223 δὲ

158 5252 339 5338 Τωλλοῖν
374 5264 445 5337 μὴ
474 5266 768 5337 δράσαντες
797 5266 894 5338 τὴν
923 5265 1196 5331 ἀσέϐειαν,
1238 5265 1314 5328 ὡς
1357 5264 1532 5335 μοιχοὶ
1568 5264 1695 5315 ἐκοσν

156 5334 645 5426 λάσθησαν,νραδίως
670 5357 784 5410 ἐστὶ
811 5334 936 5420 τοὺς
965 5357 1170 5421 πάντας
1196 5334 1652 5428 πληροφορηθῆνα
1677 5372 1693 5407 ι

230 5496 273 5530 ’¹
298 5499 479 5562 Matth.
522 5525 617 5573 vn,
651 5509 739 5565 l5.

349 5627 479 5689 Ibid.
510 5634 549 5690 f.
585 5635 709 5690 150.

353 5700 446 5760 Ms.
468 5705 623 5767 ὰδική
633 5724 707 5767 μα

353 5700 446 5760 Ms.
468 5705 623 5779 ὰδική
633 5722 801 5778 ματα.

1800 4504 1866 4550 ac
1902 4492 2125 4547 minime
2170 4491 2409 4558 curiosa,
2454 4506 2579 4547 cum
2625 4491 2910 4561 prudentia
2938 4491 3156 4548 virtutis
3204 4491 3364 4553 plena

1772 4620 1773 4623 η
1801 4591 1856 4638 et
1878 4583 2194 4652 conspicua.

1871 4700 2159 4770 Athanasii
2181 4699 2547 4755 Alexandrini.
2578 4698 2694 4764 Quo
2715 4709 2867 4770 pacto
2889 4697 3291 4768 intelligendum

2026 4769 2162 4824 illud
2184 4786 2203 4824 :
2239 4788 2257 4822 ι
2290 4770 2395 4836 Qui
2422 4770 2632 4839 respicit
2663 4769 2955 4835 mulierem,
2978 4787 2998 4820 ι
3031 4779 3135 4823 etc.

1870 4879 2174 4937 Moechatur
2191 4882 2352 4938 corde
2370 4896 2494 4937 cum
2513 4881 2739 4937 muliere
2757 4880 2850 4952 qui
2864 4880 3195 4951 perﬁciendo
3212 4880 3362 4949 operi

1801 4975 2098 5040 consensit,
2123 4977 2217 5031 sed
2251 4975 2321 5029 ab
2352 4975 2541 5029 illicito
2571 4983 2625 5029 et
2655 4988 2828 5045 pravo
2852 4986 3148 5043 congressu
3176 4973 3364 5041 prohi-

1801 5064 1920 5119 buit
1945 5080 2067 5120 eum
2101 5076 2196 5120 aut
2227 5066 2379 5123 locus
2422 5074 2517 5121 aut
2555 5076 2792 5136 tempus,
2824 5074 2918 5120 aut
2956 5073 3132 5120 metus
3162 5062 3363 5120 Roma-

1801 5171 1994 5211 narum
2036 5157 2238 5226 legum.
2283 5157 2441 5225 Quod
2470 5166 2654 5214 autem
2698 5158 2855 5213 multi
2888 5157 2983 5228 qui
3030 5157 3271 5213 exterius
3305 5155 3363 5211 in

1802 5256 2083 5317 peccatum
2110 5257 2497 5319 proruperunt,
2529 5249 2687 5321 quasi
2731 5249 2932 5304 moechi
2971 5246 3236 5317 supplicio
3281 5243 3365 5299 af—

1802 5338 1926 5394 fecti
1957 5337 2177 5405 fuerint,
2207 5337 2365 5395 facile
2388 5349 2473 5395 est
2507 5339 2559 5394 id
2588 5337 2843 5395 omnibus
2877 5337 3057 5409 palam
3089 5335 3265 5392 facere
3291 5349 3363 5391 ex

1877 5630 1987 5704 (ετ)
2022 5631 2152 5688 ibid.
2176 5631 2214 5688 ι.
2243 5632 2360 5689 118.
