3794 6226
393 278 534 337 1255

852 278 910 334 S.
949 277 1320 334 ΑἸἮΑΝΑΞΠ
1358 277 1510 334 ΟΡΡ.
1574 277 1752 334 PARS
1783 277 1825 333 Ι.
1869 307 1936 320 --

2054 275 2343 335 STORICA
2380 278 2471 333 ET
2500 277 2922 336 DOGMATICA.

3503 286 3665 344 19.56

390 391 755 462 Holopherne.
785 390 919 446 Nam
947 409 1069 448 cum
1100 392 1304 448 fcedum
1335 408 1474 464 opus
1502 409 1762 464 peragere
1793 393 1941 465 gesti-

2060 395 2124 448 ἐκ
2147 393 2241 447 τοῦ
2279 394 2651 466 Ὀλοφέρνους.
2675 395 3003 459 Σπεύδοντος
3021 396 3129 468 γὰρ
3151 397 3343 469 δρᾶσαι
3361 397 3423 454 τδ
3445 400 3657 472 μύσος,

390 494 491 550 ret,
522 483 728 550 Judith,
752 500 851 539 ceu
880 485 964 539 lex
991 485 1238 555 quzedam
1275 485 1523 554 iustitiae,
1553 485 1806 541 districto
1845 485 1961 555 gla-

390 578 480 633 dio
512 585 675 647 caput
719 576 837 646 ejus
871 577 1120 640 abscidit,
1150 585 1438 647 postquam
1471 579 1536 630 ad
1571 592 1727 647 opem
1773 585 1826 630 et
1863 592 1962 645 pa-

390 670 683 724 trocinium
707 669 790 730 sui
819 669 996 738 legum
1038 671 1284 724 datorem
1321 672 1487 724 Deum
1525 679 1579 723 et
1611 668 1962 724 continentiae

387 762 688 830 adjutorem
745 762 1072 815 invocasset.
1117 761 1319 815 Eodem
1371 777 1592 831 quoque
1642 761 1804 815 modo
1850 762 1960 816 duo

386 851 701 922 presbyteri,
727 867 851 904 cum
879 850 1144 905 Susanna:
1165 851 1431 905 dixissent
1455 871 1467 905 :
1498 852 1564 904 ln
1591 853 1961 920 concupiscen-

387 943 463 996 tia
492 944 568 995 tui
595 942 861 1007 sumus",
900 941 1113 995 etiamsi
1149 940 1363 995 facinus
1396 957 1503 994 non
1532 949 1956 1009 perpetrassent,

383 1040 446 1086 ut
473 1032 672 1086 moechi
705 1032 844 1101 plexi
877 1038 1028 1097 sunt,
1055 1041 1106 1085 et
1153 1041 1328 1086 morte
1373 1030 1606 1085 multati.
1668 1031 1726 1085 Si
1773 1032 1955 1100 itaque

383 1123 489 1178 hoc
520 1132 762 1193 tempore
796 1121 1064 1192 quispiam
1097 1122 1167 1175 sit
1199 1121 1514 1189 hujusmodi
1563 1121 1954 1190 intemperans,

380 1213 642 1281 lascivus,
672 1215 876 1268 alienas
907 1229 1102 1267 uxores
1127 1223 1407 1282 appetens,
1432 1214 1478 1268 is
1501 1213 1684 1266 animo
1715 1213 1955 1267 fornica-

387 1317 492 1361 tur.
524 1305 658 1360 Nam
699 1306 790 1376 qui
825 1307 877 1359 in
926 1305 1151 1359 aﬂ‘ectus
1177 1319 1308 1359 suos
1356 1305 1640 1374 imperium
1683 1305 1872 1369 habet,
1903 1305 1950 1359 si

383 1411 553 1466 purus
587 1395 658 1450 sit
687 1412 718 1450 a
747 1395 1003 1466 quopiam
1051 1395 1247 1449 delicto
1277 1403 1330 1448 et
1362 1394 1431 1448 ab
1481 1394 1732 1449 obscenis
1769 1394 1952 1461 dictis,

383 1493 473 1546 hic
501 1507 608 1546 non
634 1501 714 1545 est
737 1492 1002 1551 moechus,
1032 1491 1122 1543 sed
1155 1490 1437 1558 passiones
1460 1489 1740 1554 cohibens,
1770 1488 1954 1542 divino

382 1596 527 1640 metu
562 1586 863 1655 reprimens
893 1585 1232 1653 voluptatum
1275 1583 1536 1652 impetum
1557 1623 1572 1648 ,
1601 1584 1757 1652 quasi
1781 1584 1950 1639 decu-

382 1691 601 1730 manum
649 1677 816 1730 maris
852 1675 1078 1731 ﬂuctum
1108 1691 1139 1729 a
1167 1674 1342 1729 solida
1385 1682 1441 1729 et
1469 1674 1764 1744 praevalida
1796 1681 1949 1745 petra

380 1781 712 1838 repressum.

381 1878 661 1932 Athanasii
684 1876 1052 1931 Alexandrini.
1078 1876 1455 1946 Interpretatio
1481 1875 1535 1928 in
1559 1873 1733 1946 illud:
1766 1891 1784 1924 ι
1807 1871 1952 1946 Lau-

450 1949 565 2004 date
577 1948 861 2002 Dominum
883 1948 944 2000 de
967 1957 1128 2014 terra,
1146 1942 1394 2000 dracones
1405 1953 1455 1998 et
1473 1963 1646 2001 omnes
1659 1944 1838 2019 abyssi
1849 1942 1915 1995 “.
1925 1961 1943 1995 ›

1982 1742 2026 1797 Β

447 2125 742 2196 Postquam
780 2124 948 2194 jussit
987 2121 1222 2190 Spiritus
1252 2133 1476 2178 sanctus
1506 2121 1821 2176 ctelestibus
1854 2135 1948 2174 or-

379 2219 598 2274 dinibus
630 2226 690 2273 ut
721 2217 1011 2272 Dominum
1040 2216 1292 2270 laudibus
1314 2215 1606 2280 celebrent,
1634 2227 1941 2268 sermonem

379 2309 638 2366 transfert
681 2309 748 2363 ad
781 2309 1399 2377 terrena,.idipsumque
1436 2307 1611 2376 jubet.
1657 2305 1796 2359 Cum
1838 2315 1946 2358 tres

379 2413 561 2457 autem
592 2403 703 2458 sint
731 2401 972 2467 ordines,
1006 2400 1310 2455 caelestium
1355 2414 1571 2468 nempe,
1609 2399 1942 2453 terrestrium

378 2503 433 2548 et
463 2492 822 2558 infernarum,
847 2492 940 2562 qui
970 2490 1563 2562 genuﬂectuut1027
1581 2488 1706 2543 Jesu
1728 2530 1742 2554 ,
1783 2488 1947 2542 caele-

380 2595 490 2641 stes
517 2585 735 2654 quidem
767 2584 986 2638 ordines
1026 2582 1454 2652 praecedentibus
1485 2581 1662 2635 verbis
1694 2581 1760 2634 ad
1791 2580 1945 2650 hym-

379 2692 508 2732 num
548 2684 812 2731 utuntur:
850 2684 1131 2730 terrestres
1162 2685 1341 2728 autem
1373 2673 1602 2727 dicendo
1627 2665 1642 2725 ἑ
1667 2671 1939 2740 Principes

375 2778 426 2823 et
451 2784 624 2822 omnes
641 2767 847 2836 judices
879 2777 1030 2820 terra:
1052 2767 1302 2834 :'juveues
1335 2774 1382 2818 et
1422 2765 1643 2832 virgines
1673 2763 1737 2815 ".
1772 2761 1940 2816 Ante-

377 2876 541 2932 quam
587 2869 768 2914 autem
813 2873 1004 2914 eorum
1053 2858 1380 2910 mentionem
1409 2854 1590 2920 faciat,
1616 2853 1683 2908 ad
1733 2853 1943 2907 inferna

375 2951 772 3020 vertitur,quaa
821 2963 917 3019 per
964 2948 1232 3002 dracones
1281 2955 1336 3001 et
1376 2945 1602 3015 abyssos
1652 2942 1939 3012 signiﬁcat.

374 3039 511 3095 Nam
559 3048 615 3094 et
651 3038 780 3108 ipsa!
823 3051 1040 3107 quoque
1069 3036 1284 3090 illorum
1323 3034 1451 3088 olim
1502 3034 1781 3103 gigantum
1821 3032 1988 3108 συί-ί

375 3148 499 3196 mae,
529 3131 622 3200 qui
654 3089 782 3184 orllm
812 3089 1073 3183 iitcreduli
1105 3126 1319 3181 fuerant
1345 3135 1399 3180 et
1425 3089 1623 3178 bellum
1653 3131 1933 3194 gesserant
1968 3089 2008 3146 Ο

375 3225 632 3280 adversus
649 3221 837 3283 Deum,
863 3235 956 3288 per
978 3219 1242 3274 dracones
1261 3215 1652 3287 signiﬁcantur.
1679 3213 1790 3268 lmo
1808 3229 1940 3268 vero

375 3317 490 3386 ipsa
519 3327 734 3384 quoque
767 3311 1053 3365 multitudo
1088 3309 1368 3363 hominum
1397 3316 1509 3362 toto
1550 3307 1685 3361 orbe
1710 3315 1937 3360 conten-

375 3415 575 3467 torum,
607 3419 727 3473 quae
772 3402 959 3471 primis
989 3400 1201 3454 saaculis
1248 3399 1521 3464 exstitere,
1555 3406 1608 3451 et
1635 3407 1808 3451 morte
1838 3397 1936 3451 de-

374 3496 522 3549 tenti
547 3504 692 3559 sunt,
723 3508 896 3564 genua
939 3492 1181 3555 ﬂectunt,
1211 3498 1395 3559 utpote
1438 3488 1650 3542 liberati
1699 3488 1766 3542 ab
1799 3488 1889 3542 illa
1920 3505 1932 3542 :

372 3587 525 3641 Dixit
558 3588 694 3640 enim
726 3586 790 3639 iis
815 3587 902 3654 qui
932 3585 987 3636 in
1015 3583 1235 3637 vinculis
1263 3591 1434 3647 erant,
1465 3579 1641 3645 Exite,
1666 3589 1714 3633 et
1745 3581 1810 3633 iis
1846 3581 1936 3650 qui

372 3677 428 3728 in
461 3676 819 3730 tenebris...".
849 3673 1184 3742 Quapropter
1211 3681 1264 3726 et
1293 3673 1392 3742 ipsi
1436 3673 1502 3726 ad
1551 3671 1814 3742 hymnum
1842 3685 1938 3725 vo-

371 3775 567 3820 cantur
599 3781 723 3820 cum
762 3763 1092 3834 principibus
1145 3763 1384 3829 illorum,
1419 3771 1472 3817 et
1507 3778 1628 3816 cum
1674 3769 1937 3831 priestan-

375 3858 518 3912 tibus
550 3858 703 3912 viris.
736 3857 889 3922 Quod
927 3865 1105 3910 autem
1146 3855 1184 3908 ii
1219 3854 1312 3924 qui
1352 3855 1481 3908 olim
1514 3853 1777 3908 increduli
1800 3852 1935 3920 [fue-

371 3958 496 4002 rant
521 3957 574 4004 et
595 3948 705 4004 Deo
728 3949 1035 4004 restiterant
1073 3947 1280 4002 liberati
1319 3946 1539 4012 fuerint,
1567 3947 1618 4001 id
1649 3947 1840 4000 Petrus
1871 3947 1930 4001 in

371 4040 664 4094 Catholicis
709 4040 1070 4094 subindicavit
1112 4039 1292 4094 dicens
1317 4056 1331 4092 :
1356 4037 1420 4090 In
1461 4055 1561 4108 quo
1597 4051 1645 4092 et
1682 4039 1721 4090 ii
1749 4042 1839 4109 qui
1877 4040 1932 4092 in

371 4131 573 4200 inferno
595 4142 743 4183 erant
771 4129 1040 4198 spiritibus
1067 4129 1270 4182 veniens
1293 4126 1615 4196 praedicavit,
1642 4130 1730 4198 qui
1759 4129 1932 4181 incre-

354 4223 485 4276 .duli
512 4223 720 4291 fuerant
743 4222 1030 4290 aliquando
1062 4223 1128 4276 ⁸⁷.

2063 487 2096 556 ἠ
2129 485 2351 556 Ἰουδὴθ,
2374 487 2450 550 ὡς
2469 488 2622 558 νόμοι
2641 488 3007 560 δικαιοσύνης,
3033 491 3353 563 σπασαμένη
3377 493 3436 546 τὸ
3460 494 3657 561 ξίφος,

2060 577 2337 645 ἀπέτεμεν
2383 577 2555 630 αὐτοῦ
2610 579 2710 650 τὴν
2757 579 3018 650 κεφαλὴν,
3071 581 3516 654 ἐπικαλεσαμένη
3567 588 3656 649 είς

2067 669 2318 740 βοήθειαν
2349 673 2441 724 καὶ
2479 672 2895 743 ὑπερασπισμὺν
2936 673 3026 726 τὸν
3061 673 3262 746 δοτῆρα
3301 675 3408 729 τῶν
3452 677 3654 747 νόμων

2059 758 2189 811 Θεὸν
2214 761 2308 814 καὶ
2338 761 2594 830 συνεργὸν
2621 763 2718 832 τῆς
2750 761 3122 833 σωφροσύνης.
3161 764 3432 827 Ὡσαύτως
3462 767 3571 818 καὶ
3595 768 3649 817 οἱ

2057 849 2150 904 δύο
2181 853 2560 927 πρεσϐύτεροι,
2595 854 2876 926 εἰρηκότες
2926 859 2990 926 τῇ
3040 857 3316 926 Σωσάννῃ,
3374 857 3534 912 Ἰδοὺ
3573 859 3648 911 ἐν

2056 941 2481 1010 ἐπιθυμίᾳοσού
2514 944 2720 1012 ἐσμεν,
2763 944 2964 1015 καίπερ
3009 944 3166 998 τοῦτο
3201 946 3275 1016 μὴ
3305 947 3646 1016 πράξαντες,

2057 1031 2132 1094 ὡς
2163 1033 2340 1102 μοιχοὶ
2369 1033 2761 1104 ἐκολάσθησαν,
2794 1034 2886 1088 καὶ
2918 1036 3016 1106 τὴν
3052 1035 3253 1106 ζημίαν
3279 1036 3433 1106 ἔσχον
3468 1036 3644 1091 θάνα-

2056 1139 2169 1178 τον.
2205 1123 2332 1177 Ἐάν
2365 1119 2457 1178 οὖν
2490 1125 2583 1178 καὶ
2609 1125 2733 1198 ἄρτι
2762 1126 2845 1188 τίς
2874 1126 3277 1191 ἐστι’τοιοῦτος,
3314 1117 3642 1191 ἀκόλαστος,

2055 1214 2322 1286 ἀκρατὴς,
2356 1215 2640 1286 ἐπιθυμῶν
2677 1216 2969 1288 ἀλλοτρίων
3001 1220 3300 1286 γυναικῶν,
3345 1220 3485 1272 κατὰ
3515 1220 3637 1272 διά-

2054 1322 2200 1360 νοιαν
2225 1307 2481 1378 μοιχεύει.
2497 1309 2556 1362 Ὀ
2586 1308 2694 1381 γάρ
2719 1310 3064 1381 ἡγεμονεύων
3089 1311 3195 1363 τῶν
3223 1310 3429 1374 παθῶν,
3457 1312 3640 1364 καθα-

2057 1397 2231 1467 ρεύων
2261 1399 2367 1452 ἀπὸ
2391 1399 2724 1471 ὀφλήματος,
2785 1401 2894 1455 ἀπὸ
2921 1402 3322 1472 αἰσχρολογίας,
3352 1397 3506 1465 οὗτος
3532 1403 3639 1456 οὐκ

2052 1489 2168 1542 ἐστι
2207 1490 2417 1561 μοιχὸς,
2471 1491 2606 1545 ἀλλὰ
2649 1492 3137 1565 παθοκρατορικὸς,
3185 1493 3527 1546 ἀναστέλλων
3573 1494 3639 1546 τὸ

2054 1579 2286 1650 ἐπαχθὲς
2317 1581 2418 1650 τῆς
2445 1576 2636 1652 ἡδονῆς
2661 1580 2738 1651 τῷ
2759 1581 2924 1652 θεῖκῷ
2953 1581 3123 1652 φόϐῳ,
3153 1582 3228 1645 ὼς
3252 1581 3399 1652 κῦμα
3427 1582 3640 1635 θαλάσ-

2055 1685 2167 1724 σιον
2189 1673 2626 1744 ἀνακοπτόμενον
2649 1673 2754 1726 ὑπὸ
2783 1675 3006 1746 ἰσχυρᾶς
3033 1676 3124 1729 καὶ
3147 1676 3370 1746 στερεᾶς
3395 1675 3634 1745 πέτρας.

2063 1865 2410 1939 Ἆθανασζου
2473 1868 2940 1939 Ἀλεξανδρείας.
3007 1869 3321 1939 ίἙρμηνειά
3384 1871 3471 1935 είς
3533 1869 3631 1923 td-

2125 1953 2143 1984 ‹
2181 1935 2408 2013 dirigite
2438 1937 2547 2013 τόν
2574 1935 2792 2006 Κύριον
2838 1935 2908 1992 ἐκ
2954 1935 3078 2008 τῆς(
3104 1935 3244 2009 ⁷γῆς,
3300 1940 3636 2009 δράκοντες

2118 2007 2217 2058 καὶ
2254 2007 2442 2060 πᾶσαι
2469 2007 2750 2061 ἄϐυσσοι.
2784 2027 2803 2059 ι

2120 2115 2230 2187 (55)
2269 2099 2820 2190 Παρακελευσάμενον
2862 2122 2922 2175 τὸ
2959 2122 3182 2193 Πνεῦμα
3227 2122 3290 2176 τὸ
3323 2123 3475 2192 ἅγιον
3509 2127 3634 2187 τοῖς

2047 2203 2104 2255 ἐν
2147 2205 2395 2274 οὐρανοῖς
2437 2208 2709 2278 τάγμασιν
2743 2212 2908 2264 αἰνεῖν
2935 2211 3026 2264 τὸν
3057 2212 3280 2284 Κύριον,
3325 2215 3632 2285 μεταφέρει

2045 2295 2134 2346 τὸν
2158 2294 2311 2363 λόγον
2344 2301 2456 2362 τοῖς
2496 2301 2758 2368 ἐπιγείοις
2793 2303 3316 2372 παρακελευόμενον.
3350 2305 3532 2374 Τριῶν
3561 2305 3622 2356 δὲ

2044 2384 2210 2438 όντων
2242 2390 2560 2458 ταγμάτων,
2596 2391 2954 2462 ἐπουρανίων,
2992 2393 3267 2458 ἐπιγείων,
3318 2395 3436 2446 καὶ.
3450 2410 3630 2446 κατα-

2044 2475 2287 2544 χθονίων,
2321 2479 2428 2532 τῶν
2477 2483 2836 2552 καμπτόντων
2870 2483 2996 2552 γόνυ
3039 2484 3115 2555 τῷ
3155 2485 3350 2556 Ἰησοῦ,
3394 2484 3461 2537 τά
3518 2486 3628 2554 μὲν

2043 2567 2267 2639 οὐράνια
2301 2569 2388 2623 διὰ
2426 2573 2532 2624 τῶν
2567 2575 2980 2646 προειρημένων
3027 2577 3118 2630 ἐπὶ
3155 2577 3246 2630 τὸν
3285 2577 3450 2647 ὕμνον
3489 2578 3625 2646 τρέ-

2044 2677 2252 2713 πονταιο
2283 2661 2352 2713 τὰ
2382 2661 2437 2714 δὲ
2476 2662 2690 2731 ἐπίγεια
2717 2665 2803 2716 διὰ
2827 2663 2918 2718 τοῦ
2943 2667 3134 2720 εἰπεῖν·
3173 2669 3483 2736 Ἄρχοντες
3515 2667 3621 2719 καὶ

2043 2749 2263 2817 πάντες
2298 2754 2484 2820 κριταὶ
2515 2753 2644 2822 γῆς’
2677 2757 2985 2810 νεανίσκοι
3017 2759 3113 2810 καὶ
3148 2759 3445 2826 παρθένοι.
3475 2759 3626 2829 Πρὶν

2041 2841 2097 2894 δέ
2121 2842 2322 2896 τούτων
2352 2846 2571 2916 μνήμην
2613 2849 2853 2914 ποιῆσαι,
2889 2849 2982 2900 ἐπὶ
3021 2849 3088 2901 τά
3131 2849 3457 2919 καταχθόνια
3488 2850 3624 2920 τρέ-

2043 2951 2222 3000 πεται,
2253 2935 2287 2989 ἀ
2313 2936 2400 2989 διὰ
2428 2936 2535 2990 τῶν
2562 2939 2866 3008 δρακόντων
2897 2942 2989 2992 καὶ
3015 2940 3122 2992 τῶν
3147 2941 3395 2994 ἀϐύσσων
3421 2943 3624 3013 σημαί-

2042 3043 2210 3082 νεται.
2239 3030 2348 3081 Καὶ
2371 3029 2532 3083 αὑταὶ
2559 3030 2666 3100 γὰρ
2694 3033 2748 3084 αἱ
2779 3032 2942 3085 πάλαι
2970 3032 3077 3086 τῶν
3099 3035 3368 3102 γιγάντων
3390 3035 3619 3087 ἐκείνων

2041 3118 2226 3189 ψυχαὶ,
2272 3121 2378 3172 τῶν
2416 3121 2825 3193 άπειθησάντων
2868 3124 2997 3176 ποτὲ
3049 3125 3143 3177 καὶ
3169 3125 3620 3195 πολεμησάντων

2042 3209 2181 3279 Θεῷ,
2215 3211 2271 3263 αἳ
2312 3211 2400 3265 διὰ
2431 3211 2538 3267 τῶν
2579 3213 2886 3283 δρακόντων
2936 3215 3310 3285 σημαίνσνται.
3352 3216 3461 3269 Καὶ
3507 3216 3621 3287 μὴν

2043 3299 2136 3350 καὶ
2167 3300 2228 3352 τὸ
2261 3299 2388 3353 ἄλλο
2418 3303 2526 3354 πᾶν
2560 3300 2760 3372 πλῆθος
2789 3302 2887 3372 τῆς
2927 3304 3270 3374 οἰκουμένης,
3310 3305 3371 3356 τὸ
3404 3306 3461 3356 ἐν
3491 3309 3617 3368 ταῖς

2041 3391 2332 3462 προτέραις
2367 3392 2464 3462 μὲν
2497 3392 2744 3463 ὑπάρξαν
2777 3397 3008 3460 γενεαῖς,
3050 3395 3382 3465 κατασχεθέν
3422 3395 3478 3448 δὲ
3518 3396 3618 3448 θα-

2041 3483 2203 3550 νάτῳ,
2235 3481 2543 3551 κάμπτουσι
2574 3482 2725 3550 γόνυ,
2767 3482 2861 3535 ἅτε
2897 3483 3354 3556 ἐλευθερωθέντες
3387 3486 3480 3539 ἀπ’
3509 3487 3614 3538 αὺ-

2035 3569 2149 3622 τοῦ·
2181 3571 2400 3640 Εῖρηκε
2430 3570 2539 3640 γὰρ
2569 3571 2692 3636 τοῖς
2729 3571 2798 3624 ἐν
2825 3571 3089 3641 δεσμοῖς,
3151 3574 3468 3642 Ἐξέλθετε,
3509 3579 3616 3632 καὶ

2035 3661 2159 3726 τοῖς
2193 3662 2263 3714 ἐν
2293 3660 2372 3727 τῷ
2397 3664 2691 3717 σκότει....
2739 3664 2828 3716 Διὸ
2871 3666 2964 3717 καὶ
3007 3659 3167 3719 αὗται
3198 3667 3290 3719 ἐπὶ
3316 3668 3407 3721 τὸν
3440 3669 3616 3739 ὕμνον

2035 3754 2323 3808 καλοῦνται
2357 3757 2452 3808 σὺν
2483 3757 2595 3819 τοῖς
2642 3755 2898 3827 ἄρχουσιν
2944 3757 3121 3810 αὐτῶν
3164 3761 3464 3830 γινομένοις
3515 3763 3612 3816 καὶ

2045 3846 2296 3916 μεγάλοις
2337 3846 2664 3918 ἀνθρώποις.
2715 3849 2833 3900 Ὅτι
2865 3848 2920 3901 δὲ
2959 3851 3007 3902 οἱ
3047 3852 3175 3903 ποτέ
3211 3852 3614 3924 ἀπειθήσαντες

2041 3938 2131 3990 καὶ
2158 3937 2483 4009 άντάραντες
2503 3938 2620 4008 Θεῷ
2640 3939 3054 4012 ἡλευθέρωνται,
3077 3945 3105 3996 ὁ
3121 3944 3326 4015 Πέτρος
3361 3946 3607 4016 ᾐνίξατο,

2039 4028 2098 4080 ἐν
2128 4028 2454 4092 Καθολικαῖς
2470 4029 2654 4084 εἰπών·
2697 4033 2798 4086 Ἐν
2821 4026 2869 4098 ᾦ
2895 4035 2990 4087 καί
3017 4035 3142 4101 τοῖς
3162 4037 3231 4089 ἐν
3251 4037 3398 4103 ᾅδου
3424 4041 3609 4093 πνεύ-

2031 4135 2182 4188 μασι
2220 4123 2527 4188 πορευθεὶς
2559 4123 2874 4191 ἐκήρυξεν,
2907 4126 3274 4192 ἀπειθήσασι
3308 4144 3472 4183 ποτε.

444 4334 546 4388 Ms.
571 4333 688 4389 cod.
717 4333 928 4388 Grcecus
958 4332 1277 4384 bibliotheca:
1315 4327 1582 4383 Vaticana:
1613 4347 1756 4386 num.
1790 4331 1913 4399 790,
1937 4334 2085 4388 in-l?
2111 4338 2299 4404 spisso,
2325 4346 2375 4391 et
2400 4337 2456 4391 in
2483 4338 2669 4391 charta
2696 4354 3014 4408 papyracea,
3048 4340 3252 4395 videtur
3275 4342 3464 4398 habere
3495 4345 3606 4400 400

372 4445 535 4482 annos
563 4444 580 4481 :
609 4438 685 4480 est
717 4426 940 4496 eleganti
975 4441 1154 4488 manu,
1188 4431 1238 4475 et
1279 4422 1584 4474 minusculis
1619 4421 1811 4476 litteris
1852 4435 2124 4481 exoratus.
2159 4427 2254 4480 Est
2289 4427 2523 4482 collectio
2571 4430 2895 4484 diversorum
2935 4433 3353 4504 fragmentorum
3383 4453 3604 4504 operum

371 4535 668 4579 sanctorum
699 4521 942 4577 Patrum.
974 4519 1098 4574 Tale
1125 4519 1474 4588 fragmentum
1499 4519 1634 4571 inter
1663 4517 1777 4572 alia
1810 4521 2068 4590 reperitur
2095 4538 2115 4576 :

473 4637 657 4695 Maani
679 4633 978 4703 'Athanasii,
1005 4653 1069 4691 ex
1093 4654 1324 4692 sermone
1361 4646 1545 4692 contra
1577 4638 1820 4696 hwreses.

443 4749 543 4814 Qui
573 4766 691 4802 cum
712 4750 765 4803 in
791 4749 963 4818 forma
984 4748 1080 4803 Dei
1106 4759 1254 4815 esset,
1293 4767 1393 4805 non
1427 4753 1668 4821 rapinam
1692 4753 1928 4807 arbitra-

370 4851 451 4893 tus
484 4849 560 4893 est
585 4857 694 4894 esse
721 4857 774 4894 se
805 4842 1058 4911 usqualem
1098 4841 1203 4896 Deo
1225 4859 1244 4896 :
1268 4843 1355 4896 sed
1385 4844 1720 4914 semetipsum
1746 4848 1931 4899 exina-

370 4933 520 4996 nivit,
550 4933 774 5002 formam
790 4934 922 4988 servi
948 4934 1204 5004 accipiens
1230 4935 1293 4989 '3.
1331 4935 1476 4992 Duas
1505 4937 1667 4992 habet
1701 4937 1925 5005 formas,

1957 4645 2009 4702 D
2040 4643 2148 4697 Τοῦ
2174 4643 2439 4714 μεγάλου
2479 4644 2844 4711 Ἀθανασίου,
2876 4646 2945 4700 ἐκ
2975 4646 3082 4701 τοῦ
3111 4648 3262 4702 κατὰ
3289 4653 3597 4719 αἱρέσεων.

2108 4755 2205 4819 Ὃς
2255 4755 2325 4806 ἐν
2364 4753 2566 4823 μορφῇ
2618 4755 2764 4808 Θεοῦ
2804 4755 3090 4824 ὑπάρχων
3131 4760 3243 4827 οὐχ
3285 4759 3602 4830 ἁρπαγμὸν

2029 4843 2300 4914 ἡγήσατο
2327 4847 2388 4898 τό
2415 4843 2565 4900 εἶναι
2596 4848 2734 4899 ἴσον
2756 4847 2894 4911 Θεῷ·
2920 4848 3054 4902 ἀλλ’
3079 4849 3294 4903 ἑαυτὸν
3312 4851 3595 4915 ἐκένωσε,

2023 4939 2264 5008 μορφὴν
2301 4937 2523 4992 δούλου
2564 4940 2780 4994 λαϐὼν.
2827 4940 2932 4993 Δύο
2975 4940 3088 5012 ἔχει
3123 4943 3354 5013 μορφάςο
3403 4946 3598 5015 κράτει

368 5041 462 5081 eas
489 5027 677 5091 retine,
709 5015 958 5083 neutram
1001 5029 1290 5084 adulteres.
1327 5028 1512 5099 Neque
1547 5032 1716 5096 enim,
1761 5033 1928 5086 homo

2054 5030 2246 5095 ταύτας,
2280 5030 2403 5102 μήθ’
2429 5031 2620 5102 ἑτέραν
2644 5034 3055 5104 παραχαράξῃς.
3085 5033 3219 5086 Οὔτε
3247 5037 3358 5107 γάρ
3379 5036 3595 5108 ἄνθρω-

369 5132 492 5172 cum
515 5119 584 5172 sit
609 5117 777 5174 Filius
803 5119 895 5174 Dei
929 5130 982 5174 et
1011 5119 1184 5184 Deus,
1217 5120 1445 5175 formam
1483 5121 1577 5176 Dei
1609 5122 1924 5187 destruxit;

369 5224 562 5280 neque,
598 5210 738 5266 Deus
776 5227 898 5265 cum
929 5213 1019 5276 sit,
1051 5212 1339 5266 humanam
1368 5211 1598 5267 formam
1622 5216 1923 5272 recusavit.

368 5299 812 5371 Quandoquidem
862 5302 1024 5371 igitur
1070 5302 1203 5356 duas
1245 5301 1676 5370 habet-formas,
1715 5305 1919 5359 domini

368 5392 574 5446 scilicet
594 5401 647 5446 et
671 5392 810 5446 servi
838 5409 851 5445 :
883 5392 1041 5446 aliam
1067 5405 1258 5447 natura
1285 5393 1915 5459 divinam,aliamnatura

439 5544 485 5574 “
517 5543 658 5617 Dan.
690 5561 810 5617 χιιι,
839 5545 929 5598 2t).
1006 5545 1052 5576 "
1076 5546 1221 5604 Psal.
1249 5562 1474 5617 cnvnt,
1506 5547 1558 5604 7.

364 5608 496 5681 lipp.
536 5631 597 5678 ιι,
631 5614 684 5680 6,
729 5614 778 5666 7.

2027 5138 2126 5183 πος
2151 5120 2227 5175 ὢν
2255 5123 2283 5174 ό
2310 5121 2436 5184 Υἱὸς
2459 5122 2551 5174 τοῦ
2576 5122 2709 5176 Θεοῦ
2732 5124 2825 5176 καὶ
2847 5124 2997 5190 Θεὸς,
3024 5126 3254 5195 ἠφάνισε
3283 5128 3380 5198 τὴν
3407 5128 3597 5200 θεῖκὴν

2030 5213 2263 5293 μορφήνο
2297 5211 2419 5264 οὔτε
2451 5212 2579 5276 Θεὸς
2602 5213 2697 5278 ὢν,
2741 5219 3092 5289 παρῃτήσατο
3116 5217 3214 5288 τὴν
3243 5218 3594 5293 ἀνθρωπίνην

2031 5305 2264 5374 μορφήν.
2307 5305 2458 5357 Ἐπεὶ
2484 5301 2576 5358 οὖν
2607 5305 2700 5358 δύο
2723 5308 2977 5378 ἐχόμενος
3007 5311 3243 5381 μορφὰς,
3274 5311 3372 5381 τὴν
3398 5313 3596 5366 δεσπο-

2027 5395 2183 5465 τικήν
2213 5411 2374 5466 φημι,
2400 5397 2493 5449 καὶ
2521 5397 2619 5468 τὴν
2646 5397 2912 5469 δουλικήν·
2939 5398 3034 5470 τὴν
3061 5400 3162 5469 μὲν
3192 5399 3350 5470 φύσει
3380 5401 3592 5476 θεῖκὴν,

1647 5545 1695 5579 ³⁵
1721 5542 1854 5604 ibid.
1891 5540 1941 5600 ll

2054 5550 2094 5606 ἰ.
2171 5551 2215 5583 ³⁸
2257 5549 2359 5608 lsa.
2396 5569 2546 5616 mx,
2574 5554 2626 5609 9.
2706 5553 2798 5607 "l
2829 5555 2972 5612 Petr.
3007 5575 3101 5626 ιιι,
3131 5560 3216 5627 l9,
3258 5561 3347 5616 20.
3399 5553 3446 5584 ’³
3473 5551 3604 5604 Plu-

439 5705 551 5778 (55)
589 5708 643 5761 ln
669 5709 860 5765 eodem
895 5709 1100 5777 codice,
1133 5713 1170 5766 f.
1207 5713 1327 5768 15L
1355 5713 1450 5768 Est
1476 5713 1706 5771 fortasse
1737 5731 1862 5787 pars
1894 5714 2306 5790 Expositionum
2332 5718 2384 5772 in
2420 5719 2556 5786 psal.
2603 5735 2824 5782 CXLVIII.
