3794 6226
149 311 288 364 12.37
1441 309 1870 369 FRAGMENTA
1910 311 2146 370 VARIA.
3299 315 3440 371 1238

139 439 241 498 την
267 425 329 480 δε
357 425 534 497 φύσει
570 426 940 499 ἀνθρωπίνην,
969 427 1070 498 τὴν
1103 427 1202 498 μὲν
1239 427 1344 500 πρὸ
1376 426 1614 493 αἰώνων,
1641 428 1742 500 τὴν
1770 435 1791 490 1

1886 436 2142 486 unianam
2163 447 2178 497 ;
2201 429 2362 486 aliam
2382 438 2507 486 ante
2527 429 2748 497 saecula,
2774 430 2936 486 aliam
2959 430 3278 487 novissimis
3295 439 3442 486 tem-

139 517 194 571 δὲ
230 517 293 582 ἐξ
333 517 595 590 ὑστέρων
624 518 854 590 χρόνωψ
891 518 991 590 τὴν
1031 519 1131 590 μὲν
1161 519 1226 573 ὲκ
1257 519 1352 573 τοῦ
1387 521 1622 592 Πατρός,
1649 521 1750 592 τὴν

1886 523 2114 587 oribus;
2144 521 2307 577 aliam
2346 537 2414 578 ex
2456 522 2642 589 Patre,
2678 522 2839 578 aliam
2877 537 2944 578 ex
2977 521 3228 592 Virgine;
3274 523 3437 578 aliam

140 609 198 664 δὲ
223 612 290 663 ὲκ
315 611 423 682 τῆς
458 611 739 683 Παρθένου
757 628 768 639 ·
794 611 895 682 τὴν
930 612 1030 683 μὲν
1055 614 1119 666 ἐκ
1153 612 1336 682 μόνου,
1360 613 1458 684 τὴν
1487 613 1546 667 δὲ
1570 614 1635 668 ὲκ
1655 614 1752 684 μό-

1887 632 1920 671 x
1959 615 2101 680 solo,
2133 615 2296 669 aliam
2330 629 2397 670 ex
2427 615 2567 679 sola,
2597 623 2760 685 atque
2786 631 2852 669 ex
2885 615 3038 670 hisce
3062 613 3280 670 duabus
3316 630 3441 672 con-

139 721 256 776 νηςο
296 703 430 756 ἐπεὶ
475 704 574 758 δύο
614 703 844 768 ταύταις
883 705 1163 775 ὑφέστηκε
1197 705 1522 776 πράγματα,
1565 705 1659 759 δύο
1688 709 1747 761 ὲν

1886 719 2003 763 tans
2026 707 2211 769 rebus,
2234 708 2343 761 duo
2364 708 2417 761 in
2447 723 2556 762 uno
2583 715 2730 762 sunt.
2761 705 2947 776 Neque
2969 705 3115 760 enim
3141 705 3438 762 dividimus

142 797 238 849 ἑνί.
265 794 413 850 Οὔτε
438 796 554 868 γὰρ
577 797 894 868 διαιροῦμεν
918 796 1010 850 τὸν
1037 797 1170 850 Θεὸν
1201 797 1374 866 Λόγον
1401 797 1509 851 ἀπὸ
1526 797 1621 851 τοῦ
1644 797 1750 852 σώ-

1886 810 2018 856 leum
2042 798 2279 853 Verbum
2315 815 2346 854 a
2375 814 2623 869 corpore,
2658 814 2836 870 neque
2880 800 3020 853 duos
3058 797 3315 854 novimus
3348 795 3439 853 Fi-

144 903 333 956 ματος,
364 885 504 941 οὔτε
533 887 628 940 δύο
659 887 882 958 οἴδαμεν
921 886 1106 950 Υίοὺς,
1142 887 1238 940 καὶ
1277 889 1568 960 Χριστοὺς,
1609 888 1746 943 ἀλλὰ

137 979 226 1028 τὸν
257 983 369 1047 πρὸ
402 976 624 1030 αἰώνων
671 977 802 1030 Υἰὸν
833 975 928 1029 τοῦ
972 975 1110 1030 Θεοῦ
1143 976 1202 1030 ἐν
1241 978 1488 1049 ὑστέροις
1531 983 1742 1052 καιροῖς

141 1067 433 1140 ἄνθρωπον
465 1068 529 1134 ἐξ
553 1070 722 1141 αὐτῆς
767 1069 983 1142 μήτρας
1011 1070 1114 1140 τῆς
1141 1069 1420 1142 Παρθένου
1449 1072 1740 1142 γενόμενον

137 1159 360 1214 τέλειον·
405 1159 490 1225 ὡς
518 1160 626 1233 γὰρ
649 1163 678 1214 ὁ
701 1163 968 1232 γεννήσας
998 1161 1190 1234 Πατὴρ
1216 1161 1420 1216 τέλειον
1449 1162 1740 1234 ἐγέννησεν

140 1252 285 1315 Υίὸν,
307 1251 498 1316 οὕτως
525 1253 689 1316 αὐτὸς
718 1253 812 1306 καί⁵
835 1248 915 1317 εἷς
932 1253 1060 1316 Υἱὸς
1081 1253 1177 1306 καὶ
1194 1253 1368 1320 Λόγος
1385 1252 1478 1306 τοῦ
1504 1255 1737 1325 Πατρὸς,

134 1345 223 1396 τὸν
257 1344 498 1408 τελείως
532 1343 905 1416 ἀπολλύμενον
938 1344 1228 1416 ἄνθρωπον
1271 1343 1446 1399 σῶσαι
1479 1345 1740 1418 βουλόμε-

1886 1350 2095 1404 inditus
2138 1349 2374 1419 perierat
2401 1349 2614 1405 salvum
2645 1346 2827 1403 facere
2849 1347 3080 1418 cupiens
3114 1348 3280 1403 homo
3307 1363 3432 1418 per-

135 1455 242 1502 νος,
291 1437 512 1502 τέλειος
555 1437 774 1506 ἐγένετο
803 1439 1124 1511 ἄνθρωπος’
1168 1439 1236 1491 ἵν’
1269 1439 1386 1510 ἅμα
1435 1441 1496 1492 τὸ
1537 1439 1737 1505 ἔξωθεν

1886 1447 2019 1494 tctus
2047 1438 2273 1495 eﬂ'ectus
2299 1448 2421 1506 est;
2457 1448 2518 1493 ut
2551 1437 2718 1494 simul
2745 1439 3075 1494 exteriorem
3107 1437 3322 1493 salvum
3348 1435 3432 1492 t’a-

137 1529 336 1594 σώσας,
363 1529 430 1583 τὸ
455 1529 662 1585 ἔσωθεν
692 1531 1078 1604 προδεδομένος
1108 1532 1265 1604 ἐάσῃ.
1288 1531 1424 1585 Οὐδὲ
1442 1521 1550 1606 γὰρ
1577 1531 1735 1603 σῶμα

1886 1534 2014 1597 iens,
2044 1531 2360 1586 interiorem
2402 1530 2632 1587 minime
2682 1531 3000 1602 negligeret.
3046 1528 3236 1601 Neque
3277 1528 3426 1584 enim

136 1622 426 1680 ἀναλαϐὼν
457 1621 614 1676 εἴασε
642 1622 742 1695 τὴν
773 1623 973 1695 ψυχὴν,
1009 1622 1146 1678 ἀλλὰ
1175 1623 1270 1677 καὶ
1308 1624 1408 1696 τὴν
1428 1623 1606 1696 ψυχὴν
1638 1626 1728 1680 καί

1886 1630 2124 1690 ssumpto
2157 1634 2387 1690 corpore
2421 1619 2662 1675 animam
2696 1621 2938 1690 reliquit,
2974 1620 3068 1676 sed
3095 1631 3150 1676 et
3183 1620 3424 1674 animam

135 1715 254 1771 νοῦν
279 1715 576 1770 ἀνέλαϐεν.
1765 1711 1791 1766 Ε

1886 1753 1890 1765 .
1915 1723 2154 1768 mentem
2186 1713 2507 1784 assumpsit.

1845 890 1951 946 lios
1982 899 2038 944 et
2058 888 2339 955 Chi-istos;
2374 889 2467 944 sed
2501 887 2700 943 Filium
2734 888 2828 943 Dei
2859 896 2986 943 ante
3021 887 3222 943 saecula
3247 888 3300 941 in
3337 903 3438 958 po-

1847 981 2066 1036 stremis
2091 980 2433 1049 temporibus
2478 979 2777 1044 hominem,
2817 993 2885 1033 ex
2909 979 3026 1049 ipsa
3054 978 3218 1033 vulva
3259 976 3434 1049 Virgi-

1846 1074 1934 1129 nis
1979 1073 2184 1129 editum
2233 1072 2556 1142 perfectum.
2615 1069 3090 1138 Quemadmodum
3141 1070 3287 1126 enim
3337 1070 3432 1141 qui

1847 1166 2026 1237 ipsum
2060 1166 2248 1236 genuit
2289 1163 2452 1220 Pater
2480 1162 2779 1234 perfectum
2810 1163 2997 1234 genuit
3019 1161 3240 1230 Filium,
3274 1162 3350 1218 ita
3378 1172 3434 1217 et

1846 1259 1964 1328 ipse
2006 1273 2150 1314 unus
2196 1256 2370 1313 Filius
2401 1266 2456 1311 et
2490 1255 2730 1310 Verbum
2772 1255 2972 1322 Patris,
3007 1256 3284 1312 hominem
3333 1253 3431 1325 qui

2233 1911 2466 1922 ____.~.—

1017 2037 1403 2100 MONITUM
1451 2036 1532 2096 1N
1581 2030 1940 2106 SEQUENS
1977 2032 2570 2095 FRAGMENTUM.

1725 2181 1799 2195 —

202 2297 508 2351 Meminerit
549 2292 790 2348 eruditus
819 2288 1003 2353 lector,
1035 2284 1393 2340 Athanasium
1436 2287 1494 2340 in
1538 2284 1782 2342 Historia
1815 2285 2148 2341 Arianorum
2179 2284 2246 2339 ad
2275 2285 2581 2340 monachos
2617 2283 2919 2354 frequenter
2947 2300 3102 2356 agere
3122 2283 3188 2340 de
3215 2286 3420 2357 episco-

137 2391 210 2458 pis
241 2388 578 2448 Meletiauis.
615 2377 933 2440 Simoniacis
961 2376 1301 2446 Arianisque,
1345 2377 1452 2430 imo
1491 2377 1714 2430 ethnicis
1742 2377 1969 2447 aliisque
1998 2390 2314 2444 magnorum
2349 2373 2635 2458 criminum
2662 2377 2789 2440 reis,
2815 2385 2983 2432 totam
3031 2377 3328 2450 Egyptum
3359 2382 3416 2433 in

134 2455 395 2547 postrema
427 2476 731 2534 Constantii
761 2475 1123 2546 persecutione
1155 2474 1558 2542 occupantibus.
1595 2473 1685 2528 Ita
1723 2483 1781 2528 ut
1805 2474 1895 2528 via:
1928 2473 2212 2543 quisquam
2240 2480 2375 2526 esset
2404 2471 2460 2524 in
2478 2455 2855 2529 .Alexandrino
2882 2475 3257 2545 patriarchatu
3287 2476 3420 2548 quin

138 2576 207 2630 rel
235 2576 473 2630 Arianus
503 2574 883 2630 Meletiauusve
902 2580 1057 2635 esset,
1082 2569 1162 2625 vel
1186 2569 1402 2624 Arianis
1438 2571 1679 2641 partibus
1718 2571 1970 2626 simulate
2007 2570 2251 2624 hazreret.
2283 2567 2397 2623 Hos
2431 2569 2666 2623 aversari
2700 2579 2857 2640 atque
2883 2585 2917 2623 a
2943 2577 3080 2623 coetu
3101 2584 3199 2623 suo
3225 2568 3418 2639 pellere

137 2669 422 2726 Catholicis
435 2670 592 2740 jubet
617 2669 967 2733 Athanasius,
994 2668 1042 2724 si
1079 2677 1257 2722 tamen
1294 2667 1443 2722 illius
1475 2669 1546 2723 sit
1579 2669 1674 2722 hoc
1702 2667 2182 2739 ἀποσπασμάτιον,
2211 2666 2355 2737 quod
2387 2663 2671 2720 verisimile
2715 2676 2792 2719 est
2812 2679 2832 2719 :
2860 2681 2983 2719 nam
3025 2665 3142 2738 ejus
3192 2663 3417 2734 tempori

139 2762 238 2816 hac
266 2779 562 2834 congruere
588 2762 894 2832 opinamur,
919 2759 1043 2814 licet
1069 2760 1301 2830 excerpti
1339 2758 1568 2814 brevitas
1597 2776 1703 2813 rem
1735 2759 2022 2828 deﬁniendi
2061 2758 2266 2813 adimat
2309 2757 2646 2826 facultatem.
2687 2755 2933 2812 Videmus
2969 2774 3096 2814 sane
3125 2757 3420 2829 Oxyrinchi

137 2853 260 2905 ciues
282 2855 602 2919 catholicos,
623 2853 762 2924 quod
787 2868 972 2906 eorum
999 2851 1271 2920 episcopus
1301 2849 1604 2905 Theodorus
1639 2866 1748 2904 sese
1782 2851 1836 2903 in
1870 2849 2193 2904 Arianorum
2230 2857 2412 2902 castra
2448 2847 2777 2916 conjecisset,
2813 2849 2878 2902 ab
2910 2848 3026 2917 ejus
3054 2849 3420 2906 communione

139 2948 421 3013 recessisse,
452 2949 633 3017 aitque
661 2943 991 2999 Athanasius
1024 2959 1202 2998 omnes
1226 2957 1318 3012 per
1336 2940 1629 3012 ngyptum
1658 2942 1880 3012 populos
1910 2959 1945 2996 a
1973 2940 2210 2996 scelestis
2242 2939 2546 3009 hujusmodi
2578 2939 2894 3008 praesulibus
2919 2941 3256 2997 abhorruisse
3278 2942 3414 3011 (54)·

138 3031 319 3089 Prodit
347 3047 535 3092 autem
562 3037 658 3091 hoc
687 3039 1048 3109 fragmentum
1069 3055 1134 3095 ea:
1155 3041 1333 3094 codice
1369 3038 1651 3108 Vaticano,
1677 3056 1824 3094 num.
1857 3039 1987 3104 592,
2020 3037 2420 3093 membranaceo
2445 3037 2660 3106 optima:
2689 3046 2848 3102 notat,
2886 3038 3139 3109 uobisque
3165 3056 3198 3093 a
3226 3038 3417 3106 [ratri-

140 3126 225 3182 bus
245 3135 443 3188 nostris
470 3133 642 3189 Roma
675 3137 1049 3191 transmissum
1079 3145 1179 3190 est.

325 3247 436 3302 Τοῦ
469 3248 644 3319 ἁγίου
690 3250 1042 3308 Ἀθανασίου
1071 3252 1178 3308 τοῦ
1214 3252 1516 3323 Μεγάλου.

202 3354 515 3425 Βαδίζοντες
562 3361 619 3414 δὲ
669 3362 767 3434 τὴν
811 3365 1028 3437 ἀπλανῆ
1084 3367 1177 3420 καὶ
1227 3365 1511 3438 ζωηφόρον
1563 3366 1714 3428 ὁδὸν,

138 3447 398 3524 ὀφθαλμὸν
450 3456 550 3526 μὲν
595 3457 916 3530 ὲκκόψωμεν
973 3459 1424 3525 σκανδαλίζονταο
1484 3459 1559 3531 μὴ
1622 3458 1717 3513 τὸν

141 3541 402 3615 αἰσθητὸν,
433 3547 572 3602 ἀλλὰ
598 3549 692 3603 τὸν
717 3550 928 3622 νοητόν·
965 3545 1075 3606 οἷον
1103 3551 1198 3606 ἐὰν
1235 3555 1264 3606 ὁ
1293 3550 1592 3613 ἐπίσκοπος
1622 3551 1656 3622 ἢ
1688 3551 1718 3605 6

140 3635 521 3713 πρεσϐύτερος,
549 3642 596 3694 οἱ
625 3641 782 3706 ὄντες
808 3643 1079 3715 ὀφθαλμοί⁵
1108 3645 1206 3715 τῆς
1243 3643 1592 3714 Ἐκκλησίας,
1619 3659 1716 3696 κα-

143 3720 242 3785 κῶς
275 3726 722 3800 ἀναστρέφωνται
754 3733 850 3786 καὶ
875 3732 1272 3798 σκανδαλίζωσι
1304 3732 1396 3786 τὸν
1420 3731 1570 3796 λαὸν,
1609 3731 1715 3804 χρὴ

142 3814 324 3882 αὐτοὺς
356 3821 742 3878 ἐκϐάλλεσθαι.
775 3825 1060 3898 Συμφέρον
1089 3825 1198 3898 γὰρ
1224 3825 1354 3880 ἄνευ
1385 3825 1566 3880 αὐτῶν
1592 3842 1716 3878 συν-

144 3903 478 3977 αθροίζεσθαι
509 3916 589 3977 εἰς
625 3915 914 3988 εὑκτήριον
956 3911 1125 3982 οἶκον,
1169 3917 1202 3989 ἢ
1240 3915 1358 3987 μετ’
1392 3914 1573 3968 αὐτῶν
1617 3915 1717 3985 ὲμο

141 3993 407 4072 ὅληθῆναι,
435 4006 514 4069 ὡς
543 4007 682 4076 μετὰ
700 4008 869 4062 Ἀννα
893 4010 986 4064 καὶ
1001 4009 1248 4079 Καῖάφα,
1268 4011 1347 4073 εἰς
1369 4007 1466 4080 τὴν
1486 4008 1710 4075 γέενναν

143 4088 226 4172 ῗθῦ
257 4097 440 4167 πυρόςο
493 4097 724 4168 ὐμοεως
754 4099 850 4154 καὶ
876 4102 909 4171 ἠ
943 4101 1064 4172 χεὶρ
1095 4103 1124 4154 ό
1155 4100 1400 4162 διάκονος
1419 4139 1434 4162 ,
1481 4098 1576 4152 ἐὰν
1619 4099 1712 4151 ἀν-

143 4171 276 4241 άξιόν
302 4199 353 4236 τι
385 4184 624 4257 πράττῃ,
655 4186 972 4258 χωριζέσθω
998 4171 1094 4243 τοῦ
1120 4188 1527 4261 θυσιαστηρίου.

2269 3250 2456 3306 Sancti
2481 3250 2769 3305 Athanasii
2804 3249 3008 3322 Magni.

1895 3364 2214 3422 lneedentes
2255 3376 2435 3420 autem
2478 3363 2535 3420 in
2596 3363 2684 3419 via
2720 3363 2853 3418 nulli
2896 3364 3069 3418 errori
3095 3364 3330 3420 obnoxia
3361 3375 3414 3419 nt

1824 3456 2058 3521 vivitiea,
2084 3455 2304 3510 oculum
2332 3469 2592 3510 eruamus
2611 3454 2658 3510 si
2683 3453 2842 3509 nobis
2860 3454 3076 3525 1028
3087 3454 3415 3511 oﬂ‘endiculo

1824 3547 1914 3613 sit,
1939 3561 2045 3602 non
2080 3546 2300 3616 quidem
2334 3546 2650 3601 sensibilem
2685 3545 2862 3608 illum,
2889 3548 2984 3601 sed
3021 3547 3358 3616 spiritualem
3391 3566 3406 3604 :

1823 3648 1884 3694 ut
1915 3639 1982 3706 si,
2013 3639 2166 3694 verbi
2195 3654 2383 3703 causa,
2403 3639 2696 3708 episcopus
2719 3648 2816 3692 aut
2847 3638 3132 3709 presbyter
3155 3639 3251 3710 qui
3279 3651 3410 3696 sunt

1822 3730 2082 3787 Ecclesiae
2105 3731 2272 3793 oculi.
2299 3731 2542 3801 improbe
2559 3741 2847 3786 versentur
2876 3739 2931 3786 et
2958 3731 3218 3802 populum
3249 3747 3410 3790 scan-

1821 3823 2082 3889 dalizent,
2109 3823 2444 3893 abjiciendos
2469 3831 2706 3893 oportet.
2733 3820 2963 3877 Prazstat
2983 3823 3130 3879 enim
3158 3824 3213 3878 in
3243 3823 3410 3880 domo

1822 3915 2111 3981 orationis,
2138 3917 2348 3986 absque
2383 3915 2493 3970 illis
2529 3927 2690 3984 agere
2714 3921 3044 3981 conventus,
3074 3929 3242 3984 quam
3277 3930 3402 3970 cum

1823 4009 1932 4064 illis
1960 4008 2134 4078 injici,
2162 4007 2318 4078 quasi
2341 4021 2465 4062 cum
2491 4005 2650 4059 Anna
2679 4003 2980 4075 etCaipha,
3017 4007 3070 4059 in
3104 4006 3409 4078 gehennam

1817 4101 1980 4172 ignis.
2013 4098 2295 4166 Similiter,
2331 4099 2375 4154 si
2407 4098 2677 4154 diaconus
2700 4098 2793 4167 qui
2831 4113 2930 4168 pro
2958 4114 3127 4153 manu
3148 4100 3412 4156 habetur

1819 4185 2103 4256 indignum
2131 4183 2266 4256 quid
2291 4183 2482 4255 egerit,
2513 4183 2583 4239 ab
2615 4183 2776 4238 altari
2804 4193 3141 4255 segregetur.

1002 4301 1086 4355 Ea:
1117 4301 1375 4357 Chronico
1402 4299 1680 4366 Paschali,
1703 4313 1828 4369 pag.
1857 4299 1891 4352 4
1914 4307 2196 4368 postrema:
2223 4297 2494 4352 editionis.

203 4405 308 4463 Kal.
358 4411 674 4478 Ἀθανάσιος
717 4413 774 4467 δὲ
815 4415 845 4469 ὁ
900 4412 1072 4486 μέγας
1149 4413 1247 4485 τῆς
1309 4410 1702 4482 Ἀλεξανδρέων

153 4493 464 4574 Ἐκκλησίας
487 4505 735 4578 φωστὴρ,
760 4507 817 4559 ὲν
842 4509 908 4578 τῇ
944 4505 1377 4578 μνημονευθείσῃ
1398 4503 1534 4575 πρὸς
1563 4503 1708 4555 Ἐπι-

143 4587 315 4653 ςὰνιον
354 4596 655 4650 ἐπίσκοπον
685 4596 938 4669 ἐπιστολῇ
969 4597 1208 4652 διδάσκει
1238 4596 1413 4666 λέγων
1438 4594 1633 4657 οὕτως·

205 4681 403 4740 Οὐκοῦν
444 4685 634 4760 ὥσπερ
677 4688 1039 4762 συνήθλησας,
1078 4689 1172 4742 καὶ
1208 4687 1534 4759 συνεχάρης,
1564 4683 1708 4738 οὕτω

1882 4407 1951 4463 Ει
2000 4409 2345 4466 Athanasius
2390 4425 2652 4482 magnum
2700 4412 2832 4467 illud
2880 4411 3139 4469 Ecclesiae
3166 4415 3410 4472 Alexan-

1813 4501 1989 4558 drinie
2020 4502 2292 4558 luminare
2340 4503 2394 4557 in
2440 4505 2694 4574 superius
2736 4515 3038 4562 memorata
3074 4507 3142 4562 ad
3169 4507 3411 4580 Epipha-

1812 4594 1964 4649 nium
1987 4595 2216 4665 epistola
2249 4595 2365 4650 haec
2398 4596 2557 4651 docet
2581 4597 2666 4652 his
2691 4598 2876 4653 verbis
2912 4617 2927 4652 :

1883 4684 2072 4756 Itaque
2099 4686 2242 4742 sicut
2271 4689 2636 4743 certaminum
2657 4698 2711 4745 et
2740 4690 2923 4761 gaudii
2953 4706 3189 4747 consors
3222 4689 3402 4757 fuisti,

143 4771 228 4825 καὶ
244 4776 334 4829 τοῦ
361 4779 676 4851 μέμφεσθαι
703 4781 927 4835 παῦσαι·
961 4780 1056 4835 καὶ
1085 4780 1285 4852 μᾶλλον
1320 4778 1483 4851 εὔχου
1508 4781 1594 4834 ἴνα
1612 4782 1707 4836 τοῦ
1746 4851 1766 4853 _

1886 4826 1887 4829 η
1915 4778 2075 4832 linem
2105 4778 2453 4849 querelarum
2501 4779 2669 4836 facito
2699 4797 2715 4847 ;
2746 4783 2857 4836 imo
2884 4783 3070 4852 potius
3099 4799 3324 4853 precare
3349 4792 3409 4836 ut

143 4860 312 4922 λοιποῦ
333 4873 364 4943 ή
394 4873 496 4944 μὲν
527 4871 823 4944 Ἐκκλησία
845 4873 1070 4945 βεϐαίαν
1090 4851 1194 4944 τὴν
1222 4873 1450 4944 εἰρήνην
1470 4871 1590 4944 ἔχῃ,
1613 4874 1709 4928 καὶ
1743 4851 1786 4905 D

1887 4867 2071 4940 inceps
2110 4867 2358 4926 Ecclesia
2396 4872 2554 4928 lirma
2585 4889 2720 4944 pace
2752 4875 2988 4942 fruatur,
3017 4884 3072 4930 et
3108 4877 3344 4932 haereses
3375 4885 3405 4931 a

145 4956 436 5018 παύσωνται
470 4965 529 5019 αἱ
561 4963 809 5036 αἱρέσεις
849 4963 950 5036 τῆς
986 4963 1274 5036 μιαιφόνου
1311 4963 1706 5034 προαιρέσεωςο

147 5049 436 5112 παύσωνται
456 5057 514 5112 δὲ
533 5059 628 5112 καὶ
644 5053 792 5112 οῦτοι
823 5057 1275 5127 φιλονεικοῦντες,
1299 5058 1348 5110 οἱ
1381 5057 1711 5127 ἐφευρόντες

145 5136 336 5210 ἑαυτοῖς
375 5148 688 5221 ζητήματα,
737 5148 1008 5220 προφάσει
1053 5148 1152 5220 μὲν
1192 5145 1287 5202 τοῦ
1330 5145 1712 5218 σωτηριὼδους

144 5229 338 5307 Πάσχα,
359 5239 506 5312 ἔργῳ
536 5240 593 5296 δὲ
623 5241 724 5312 τῆς
752 5239 890 5304 ἰδίας
915 5240 1090 5313 ἔριδος
1120 5240 1281 5312 χάριν
1317 5239 1572 5310 μάλιστα
1601 5240 1705 5304 ὅτι,

145 5321 197 5388 ἐξ
238 5327 382 5398 ἡμῶν
429 5329 568 5386 εἶναι
601 5330 886 5396 δοκοῦντες
927 5332 1022 5386 καὶ
1064 5329 1381 5402 Χριστιανοὶ
1413 5327 1707 5400 αὐχοῦντες

145 5410 395 5490 λέγεσθαι,
433 5425 657 5500 ζηλοῦσι
693 5425 900 5480 τούτων
943 5424 1358 5496 προδεδωκότων
1410 5422 1701 5476 Ἰουδαίων.

155 5503 323 5566 Ὀποία
354 5518 461 5592 γὰρ
498 5519 684 5584 αὐτοῖς
725 5519 819 5572 καὶ
853 5518 1054 5590 πιθανὴ
1095 5516 1359 5586 ἀπολογία
1400 5515 1597 5585 γένοιτ’
1637 5515 1704 5568 ἂν

145 5599 256 5668 ἄρα,
280 5608 460 5684 ἐπειδὴ
478 5611 809 5684 γέγραπται·
846 5609 926 5680 Τῇ
956 5609 1024 5664 δὲ
1055 5609 1255 5680 πρώτῃ
1273 5606 1396 5662 τῶν
1428 5607 1700 5678 Ἀζύμων,

205 5713 305 5783 (Si)
336 5720 386 5776 ln
430 5721 551 5776 Vita
585 5723 886 5788 Athanasii,
915 5739 1060 5778 anno
1089 5723 1214 5789 536,
1250 5739 1303 5776 ιι.
1336 5721 1423 5776 ‘25.

409 5819 664 5878 Parnm.
696 5817 830 5895 .Gn.
867 5818 1103 5880 XXVI.

1814 4956 2022 5014 nefario
2045 4961 2331 5031 proposito
2366 4962 2760 5032 cohibeantur;
2791 4973 2848 5019 et
2885 4965 2941 5019 hi
2972 4964 3156 5035 jurgia
3187 4980 3406 5035 compe-

1813 5058 1987 5119 scant,
2011 5052 2103 5122 qui
2126 5052 2231 5107 sibi
2253 5054 2585 5123 qitazstiones
2607 5056 3007 5126 excogitarunt,
3032 5058 3257 5111 obtentu
3283 5059 3404 5128 qui-

1817 5144 1940 5198 dem
2006 5145 2266 5202 salutaris
2325 5145 2637 5215 Paschatis,
2703 5164 2894 5204 revera
2951 5159 3134 5205 autem
3187 5150 3404 5206 rixandi

1813 5238 2050 5294 ruaxime
2075 5255 2261 5296 causa.
2293 5239 2430 5295 Nam
2453 5257 2580 5296 cum
2618 5258 2685 5297 CX
2721 5251 3037 5298 nostrorum
3061 5258 3293 5298 numero
3322 5245 3404 5298 ’(’ί-

1813 5328 2048 5384 deantur
2084 5347 2228 5397 esse,
2253 5341 2308 5387 et
2338 5332 2782 5389 Christianorum
2819 5335 3042 5389 nomine
3075 5334 3399 5405 glorientur,

1813 5422 2122 5490 proditores
2141 5424 2360 5481 Judaaos
2383 5427 2735 5482 aemulantur.
2757 5426 2821 5482 Et
2841 5442 3094 5490 quasnam
3118 5427 3253 5498 ipsis
3277 5443 3402 5482 con-

1814 5521 2070 5572 sentanea
2103 5517 2439 5576 defensionis
2476 5521 2618 5574 ratio
2661 5529 2935 5590 suppetat,
2981 5533 3107 5573 cum
3134 5519 3396 5590 scriptun-
3462 5543 3468 5554 -

1813 5607 1924 5662 sit:
1956 5606 2142 5665 Prima
2185 5620 2362 5669 autem
2401 5613 2483 5669 die
2519 5612 2866 5684 Asymorum,
2896 5623 2946 5668 et
2986 5629 3092 5684 qua
3125 5611 3397 5684 oportebat

2997 5815 3074 5874 ἷιθ
