3794 6226
153 322 283 381 €261

1163 321 1394 378 SERMO
1429 321 1654 379 MAIOR
1692 318 1781 375 DE
1818 319 1995 374 FIDE.
2027 318 2457 378 —MONlTUM.

3292 318 3430 375 £2132

789 449 854 495 ut
880 442 1128 511 inferius,
1157 460 1277 515 pag.
1304 442 1429 511 506,
1458 442 1604 497 aliud
1629 442 1980 512 fragmentum
2005 442 2226 496 dubium
2254 442 2433 512 a/fert,
2458 443 2533 497 sic
2556 441 2750 498 habens
2773 443 2820 514 ,ξ

222 558 365 626 Quid
416 568 561 626 erat,
608 558 807 628 inquit,
835 558 1209 613 voluntarium
1240 566 1295 613 et
1334 571 1442 611 non
1490 557 1740 611 volunta-
1770 566 1819 621 Α
1846 557 2115 624 studebat,
2149 572 2257 611 non
2289 558 2552 615 voluisset
2579 560 2711 630 pati.
2739 559 3011 627 Quoniam
3042 566 3225 615 autem
3250 560 3431 614 omni-

156 652 294 707 rium
326 650 590 706 Christo?
633 666 664 704 a
691 648 896 706 Iudaeis
923 650 1304 713 exhonoratio,
1345 649 1737 714 detractiones,

158 744 390 813 injuriae,
410 743 604 814 plagae,
624 757 790 814 super
807 744 923 798 haec
944 758 1161 813 quoque
1185 740 1499 804 calumniae,
1518 748 1573 794 et
1594 740 1741 809 quod

158 842 239 888 est
265 832 318 886 in
344 833 609 888 omnibus
638 834 890 888 ultimum
922 849 1070 888 mors
1092 832 1362 902 corporis.
1392 831 1498 886 Sed
1522 830 1570 885 si
1600 829 1741 885 fuis-

158 934 236 980 set
265 926 551 992 possibile,
583 935 643 980 ut
672 941 781 981 non
808 942 1005 996 passus
1033 926 1303 981 obtineret
1330 925 1386 978 in
1410 923 1569 979 nobis
1592 921 1736 993 quod

1845 664 1919 703 no
1960 658 2013 704 et
2064 649 2507 704 inexcusabiliter
2548 650 2717 706 futuri
2789 660 2949 707 erant
3006 650 3181 707 Judaei
3223 665 3430 721 praesu-

1848 756 1994 797 mere
2032 757 2154 813 quae
2195 743 2251 797 in
2295 758 2363 798 eo
2409 742 2551 798 facta
2592 755 2739 808 sunt,
2774 744 3017 813 suscepit
3043 753 3101 797 ut
3128 751 3429 813 pateretur,

1846 846 1901 888 et
1930 834 2061 889 fecit
2096 834 2467 889 voluntarium
2503 837 2649 905 quod
2704 851 2811 890 non
2865 843 2985 890 erat
3032 833 3429 900 voluntarium,

1844 935 2066 997 propter
2094 927 2383 981 utilitatem
2414 942 2481 982 ex
2517 928 2791 998 passione.

302 1037 389 1092 Ea:
414 1037 677 1093 Facundo
709 1040 1081 1095 Hermaniensi
1106 1042 1247 1095 alius
1279 1042 1481 1095 accedit
1509 1042 1654 1094 locus
1680 1040 1914 1092 melioris
1949 1049 2087 1094 nota:
2117 1041 2186 1093 ad
2212 1040 2712 1095 commendationem
2746 1041 2962 1095 Diodori
2988 1040 3283 1104 Tarsensis,

550 1121 726 1180 estque
746 1122 1049 1182 excerptum
1076 1113 1314 1182 epistola:
1341 1111 1622 1181 cujusdam
1643 1111 1925 1164 Athanasii
1950 1112 2017 1163 ad
2047 1110 2363 1177 Diodorum,
2402 1112 2465 1165 ab
2499 1113 2673 1176 initio,
2705 1113 2783 1167 his
2808 1112 2973 1165 verbis
3002 1129 3021 1167 :

226 1225 431 1282 Beatus
477 1226 645 1298 igitur
697 1228 1033 1285 Athanasius
1072 1228 1148 1283 ita
1193 1235 1502 1284 memorato
1552 1235 1745 1282 sancto
1844 1236 2054 1281 rectum
2082 1227 2306 1281 verbum
2336 1227 2571 1296 pietatis.
2603 1226 2668 1280 Et
2691 1243 2793 1298 ego
2829 1228 3050 1298 quidem
3079 1228 3427 1286 occasionem

160 1320 395 1375 Diodoro
436 1322 630 1376 scribit
659 1341 671 1375 :

225 1412 459 1469 Domino
494 1430 618 1469 meo
651 1414 783 1478 tilio,
814 1424 869 1471 ct
910 1415 1290 1470 amantissimo
1331 1413 1739 1477 consacerdoti,

158 1509 411 1577 episcopo
450 1506 613 1564 Tarsi
640 1508 896 1575 Diodoro,
927 1508 1263 1563 Athanasius
1292 1508 1352 1562 in
1380 1507 1614 1562 Domino
1650 1522 1743 1561 sar

161 1600 343 1655 lutem.

226 1692 443 1749 Gratias
497 1693 730 1749 Domino
773 1708 919 1761 meo,
955 1694 1056 1764 qui
1100 1693 1414 1763 ubicunque
1440 1706 1597 1747 suam
1642 1691 1741 1746 do-

160 1785 383 1840 ctrinam
412 1786 631 1853 fundat,
659 1796 714 1842 et
740 1787 978 1842 maxime
1010 1802 1107 1857 per
1140 1787 1282 1841 ﬁlios
1312 1785 1587 1858 proprios,
1611 1799 1743 1853 qua-

160 1878 258 1931 lem
282 1888 345 1933 et
380 1878 621 1949 teipsum
657 1895 748 1935 res
788 1880 905 1949 ipsa
947 1878 1312 1934 demonstrat.
1340 1875 1554 1931 Etenim
1583 1883 1742 1929 ante-

160 1983 315 2037 quam
332 1970 604 2024 scriberet
618 1977 799 2025 vestra
814 1969 1139 2033 reverentia,
1153 1962 1517 2039 cognovimus
1533 1974 1741 2035 quanta

1845 1332 2135 1374 assumens
2160 1320 2355 1389 scripsi
2396 1320 2517 1384 tibi,
2550 1319 2905 1376 dilectissime
2940 1329 2995 1375 et
3024 1322 3420 1377 amantissime.

1847 1408 1930 1465 Tu
1953 1427 2080 1466 vero
2103 1413 2378 1483 quomodo
2400 1428 2487 1466 me
2515 1412 2790 1467 scribente
2815 1427 2925 1467 non
2950 1412 3302 1483 rescripsisti,
3328 1415 3428 1469 mi-

1844 1514 1998 1558 ratus
2024 1520 2167 1559 sum.
2195 1503 2384 1575 Itaque
2409 1520 2519 1559 non
2551 1506 2627 1561 sis
2666 1505 2851 1576 segnis
2882 1507 3125 1561 scribere
3147 1508 3426 1571 continue,

1842 1597 2045 1662 sciens,
2066 1596 2193 1666 quia
2219 1597 2361 1652 sicut
2386 1597 2531 1652 Iilius
2551 1597 2896 1667 requiescere
2925 1613 3013 1654 me
3036 1597 3173 1655 facis
3195 1608 3427 1668 patrem,

1840 1697 1898 1742 et
1920 1689 2061 1743 sicut
2102 1704 2281 1758 pratco
2321 1688 2570 1744 veritatis
2604 1689 3018 1758 superlaatiﬁcas
3052 1706 3160 1746 me.
3190 1689 3259 1745 Et
3292 1691 3429 1745 nihil

1842 1780 2141 1834 contendas
2167 1780 2431 1835 adversus
2458 1780 2769 1844 haereticos,
2795 1781 2891 1835 sed
2930 1780 3149 1836 silentio
3176 1781 3429 1835 verbosi-

1842 1881 2006 1928 tatem
2048 1873 2264 1928 illorum
2309 1888 2529 1943 supera,
2557 1873 2982 1928 mansuetudine
3024 1873 3311 1927 malitiam.
3338 1872 3432 1927 Sic

1842 1965 1989 2019 enim
2028 1979 2209 2020 sermo
2238 1974 2385 2030 tuus,
2429 1964 2544 2020 sale
2588 1966 2861 2027 conditus,
2899 1964 3119 2019 habebit
3164 1964 3426 2036 gratiam,

159 2062 323 2130 gratia
359 2062 506 2117 facta
547 2072 631 2118 est
658 2064 715 2117 in
746 2061 890 2133 Tyro
921 2077 1017 2132 per
1055 2069 1205 2115 tuam
1234 2060 1697 2130 perseverantiam
1726 2075 1741 2111 :
1778 2062 1819 2120 Β
1847 2059 1923 2114 illi
1950 2067 2132 2113 autem
2160 2058 2303 2129 apud
2332 2057 2581 2112 omnium
2617 2057 3033 2113 conscientiam.
3066 2100 3078 2112 .
3106 2097 3120 2110 .
3148 2096 3163 2111 .

161 2162 212 2207 et
240 2156 647 2226 congaudemus
684 2156 802 2221 tibi,
837 2155 967 2225 quia
993 2169 1092 2224 per
1120 2162 1173 2208 te
1203 2152 1461 2223 cognovit
1491 2161 1545 2207 et
1569 2150 1745 2221 Tyrus

661 2272 824 2328 Tomo
855 2272 898 2327 ν
930 2271 1143 2328 Concil.
1175 2271 1229 2324 in
1254 2268 1562 2341 Hispalensi
1586 2284 1648 2336 ll,
1671 2284 1787 2338 pag.
1818 2264 1975 2330 1673,
2013 2266 2122 2319 haec
2146 2264 2251 2317 duo
2280 2263 2578 2333 fragmenta
2603 2260 2934 2330 aﬂ‘eruntur:

224 2386 458 2445 Sanctus
491 2389 827 2444 Athanasius
855 2388 910 2442 in
934 2387 1191 2443 Tractatu
1214 2401 1376 2458 quem
1408 2384 1628 2454 scripsit
1660 2383 1726 2437 de

164 2479 353 2535 Christi
384 2482 693 2546 nativitate,
718 2483 800 2537 sic
825 2480 957 2535 dicit
983 2496 998 2533 :

228 2569 282 2624 ln
308 2572 411 2627 hoc
430 2573 507 2626 sit
529 2586 680 2642 ergo,
711 2569 909 2625 fratres
924 2569 1265 2635 charissimi,
1292 2567 1426 2623 ﬁdes
1452 2574 1661 2630 nostra,
1682 2564 1737 2618 in

166 2663 260 2719 hoc
291 2673 400 2719 tota
426 2665 582 2721 salus
610 2673 665 2720 et
689 2665 799 2718 vita
833 2665 1120 2729 consistat,
1158 2673 1216 2717 ut
1248 2660 1538 2717 credamus
1565 2658 1737 2713 Deum

167 2754 252 2811 Dei
284 2757 476 2822 lilium,
510 2759 748 2828 primum
777 2768 904 2812 ante
936 2756 1124 2811 omnia
1151 2754 1350 2810 sacula
1382 2769 1415 2809 a
1439 2752 1551 2809 Deo
1576 2750 1739 2806 Patre

166 2844 501 2903 invisibiliter
546 2846 659 2917 (55)
701 2846 944 2917 genitum
975 2864 988 2900 :
1021 2845 1217 2901 deinde
1260 2860 1292 2899 a
1330 2843 1500 2898 Maria
1531 2843 1738 2913 virgine

167 2938 451 2993 secundum
488 2939 766 2994 hominem
797 2947 1007 3005 natum,
1042 2949 1097 2995 et
1124 2937 1427 2994 secundum
1460 2937 1607 2991 hunc
1640 2936 1738 2990 hoc

167 3027 354 3084 minem
374 3046 624 3102 passum,
642 3040 942 3097 mortuum,
958 3031 1255 3102 sepultum,
1277 3029 1647 3085 resurrexisse
1667 3027 1736 3081 ab

168 3114 362 3186 inferis,
393 3121 716 3179 ascendisse
740 3121 796 3176 in
825 3122 1049 3177 coelum.

232 3314 339 3387 (55)
366 3316 423 3374 In
454 3319 707 3391 margine
732 3319 958 3376 additur
984 3319 1407 3390 impossibiliter.

2154 2379 2290 2435 Item
2327 2378 2462 2433 idem
2496 2378 2551 2431 in
2574 2375 2915 2445 Expositione
2938 2374 3062 2444 ﬁdei
3078 2386 3096 2423 :

1914 2498 2174 2564 Verbum,
2207 2498 2404 2568 inquit,
2430 2496 2679 2552 nascitur
2709 2495 2779 2550 de
2806 2493 2976 2549 Maria
3001 2491 3248 2562 Virgine,
3283 2490 3431 2547 acci-

1840 2589 1999 2660 piens
2021 2605 2223 2659 corpus
2246 2588 2483 2643 animale
2509 2606 2523 2643 :
2550 2587 2645 2643 sed
2666 2602 2847 2657 neque
2870 2600 3051 2641 sermo
3073 2582 3431 2653 comprehcn-

1844 2697 1940 2737 sus
1964 2691 2047 2737 est
2075 2696 2272 2746 carne;
2292 2679 2387 2735 sed
2410 2678 2465 2733 in
2491 2693 2657 2735 carne
2678 2685 2733 2731 et
2766 2691 2932 2745 supra
2954 2686 3197 2729 carnem.
3229 2669 3296 2725 Et
3322 2671 3433 2726 sic-

1843 2781 1904 2826 ut
1944 2770 2086 2826 Deus
2134 2772 2352 2836 dicitur,
2381 2772 2457 2825 ita
2483 2769 2577 2824 Dei
2604 2768 2800 2831 virtus,
2836 2767 2929 2822 Dei
2960 2766 3161 2820 veritas
3190 2782 3205 2831 ;
3235 2778 3432 2834 passus

1834 2872 2023 2920 autem
2066 2864 2305 2918 humana
2351 2877 2552 2927 carne;
2603 2861 2697 2916 sed
2732 2873 2912 2915 sermo
2948 2856 3042 2911 Dei
3082 2854 3433 2925 impassibilis

1843 2964 1947 3011 est.
1979 2953 2038 3010 lu
2066 2956 2322 3026 passione
2360 2954 2583 3024 quidem
2633 2952 2868 3008 moritur
2908 2951 3094 3017 homo,
3149 2956 3209 3001 ut
3256 2946 3433 3000 viviti-

1848 3056 1998 3103 caret
2051 3047 2447 3118 protoplastum
2487 3045 2582 3117 qui
2631 3045 2902 3101 ceciderat
2961 3057 3057 3112 per
3117 3038 3433 3095 inobedicu-

1836 3138 1995 3194 .tiam.

186 3441 3387 3475 Μ

806 3626 1399 3741 EUGENII
1486 3623 2087 3739 DIACONI
2158 3618 2779 3735 LEGATlO

1277 3866 1429 3953 AD
1519 3863 2305 3955 ATHANASIUM

545 4070 667 4129 Pro
697 4081 889 4129 causa
921 4063 1210 4127 Marcelli
1246 4061 1570 4143 Ancyrani
1631 4067 1693 4123 et
1733 4058 2070 4123 Confessio
2126 4058 2275 4121 ﬁdei
2313 4056 2618 4119 Ecclesm
2679 4057 2811 4115 Anc
2821 4072 3063 4135 yrantn.

1104 4228 1265 4300 (Vide
1298 4229 1355 4283 in
1385 4226 1641 4283 Marcello
1668 4227 1973 4295 Ancyrano,
2004 4226 2071 4279 ad
2093 4241 2293 4279 annum
2322 4224 2473 4294 372.)

588 4575 972 4639 MONITUM
1033 4576 1112 4637 IN
1166 4573 1619 4635 SERMONEM
1673 4572 2066 4634 MAJOllEM
2129 4573 2567 4635 ATHANASII
2627 4574 2734 4633 DE
2794 4573 3003 4633 FIDE.

481 4890 589 4944 Diu
616 4901 694 4945 est
724 4889 863 4960 quod
891 4889 1153 4959 egregium
1182 4888 1461 4941 Athanasii
1486 4905 1638 4954 opus,
1662 4905 1736 4940 cui

1914 4905 1993 4953 ns,
2024 4887 2241 4950 Μείζων
2261 4884 2421 4953 λόγος
2452 4884 2580 4952 περὶ
2603 4883 2859 4948 πίστεως,
2882 4886 2933 4938 in
2960 4885 3182 4939 tenebris
3205 4883 3423 4949 latebat,

173 4986 557 5038 amanuensium
595 4984 805 5037 incuria
830 4983 885 5036 in
909 4981 1189 5035 Athanasii
1217 4980 1612 5035 collectionibus
1641 4982 2096 5049 praetermissum;
2134 4998 2167 5034 a
2199 4980 2522 5034 Theodoreto
2551 4990 2599 5033 et
2638 4978 2851 5032 Gelasio
2884 4977 3193 5047 plerumque
3223 4994 3422 5031 memo-

175 5084 349 5146 ratum,
372 5081 646 5152 quietiam
691 5079 805 5147 ejus
846 5075 1277 5147 ἀποσπασμάτια
1322 5077 1525 5146 aliquot
1570 5077 1627 5130 in
1673 5078 1884 5146 scriptis
1914 5080 2026 5132 suis
2062 5078 2351 5131 inseruere.
2401 5094 2433 5129 a
2465 5075 2610 5129 nobis
2645 5073 2790 5127 edita
2819 5082 2945 5126 tom.
2974 5072 2993 5125 Ι
3020 5089 3232 5142 operum
3252 5072 3422 5127 Atha-

174 5174 318 5242 nasii,
345 5192 462 5249 pag.
494 5178 631 5231 1019
655 5176 840 5248 (supra
863 5175 966 5229 col.
993 5173 1176 5243 1239).
1206 5172 1308 5226 Hic
1333 5189 1524 5238 sermo,
1557 5172 1662 5226 sive
1690 5173 1841 5236 liber,
1872 5190 1993 5227 nam
2018 5174 2093 5227 sic
2117 5175 2293 5242 aptius
2315 5172 2470 5240 λόγον
2492 5181 2760 5232 verterem,
2787 5172 2841 5223 ni
2863 5179 3056 5225 vetaret
3077 5173 3422 5236 consuetudo,

175 5278 255 5319 nec
282 5273 511 5339 opinanti
540 5274 689 5336 mihi,
722 5271 973 5342 aliudque
999 5268 1191 5339 agenti,
1224 5283 1332 5320 sese
1360 5267 1571 5321 obtulit.
1614 5265 1889 5338 Siquidem
1920 5286 2037 5321 cum
2070 5268 2437 5340 Chrysostomi
2465 5278 2515 5320 et
2551 5266 2747 5320 Basilii
2786 5268 2990 5320 codices
3022 5268 3077 5321 in
3109 5267 3424 5322 bibliotheca

173 5359 511 5425 Laurentiana
542 5373 844 5437 evolverem,
875 5385 1003 5422 casu
1027 5366 1192 5420 incidi
1218 5366 1273 5418 in
1301 5365 1723 5437 manuscriptum
1744 5365 1936 5418 decimi
1960 5367 2163 5431 seaculi,
2187 5364 2275 5418 ubi
2306 5367 2442 5418 inter
2469 5365 2578 5417 alia
2608 5361 2877 5417 variorum
2902 5360 3101 5429 scripta
3134 5360 3232 5412 hoc
3253 5360 3423 5412 Atim-

175 5455 297 5508 nasii
324 5476 445 5528 opus
467 5464 674 5528 aderat,
698 5461 785 5515 sed
816 5436 946 5530 proh
976 5457 1169 5511 dolor!
1201 5456 1382 5511 multis
1409 5457 1463 5509 in
1492 5436 1622 5509 locis
1649 5466 1958 5510 truncatum
1983 5474 2046 5510 ac
2070 5458 2349 5521 mutilum;
2377 5457 2455 5510 ita
2485 5465 2661 5510 tamen
2690 5465 2747 5508 ut
2780 5454 3045 5507 sententia
3069 5468 3269 5522 semper
3295 5463 3423 5524 apta

175 5544 235 5597 sit
256 5558 301 5602 et
322 5558 551 5625 apprime
573 5556 855 5611 cohaereat.

239 5634 351 5695 Non
382 5647 620 5702 absimile
648 5664 765 5702 vero
790 5657 865 5700 est
892 5644 1028 5697 hunc
1057 5658 1351 5697 sermonem
1380 5659 1514 5710 esse,
1539 5661 1693 5714 quem
1728 5644 1971 5701 libellum
2008 5646 2291 5701 Athanasii
2328 5654 2478 5700 vocat
2510 5646 2730 5714 Ruﬁnus
2766 5649 2820 5700 in
2855 5646 3115 5715 Apologia
3153 5661 3254 5715 pro
3293 5642 3418 5700 Ori-

178 5737 315 5797 89M,
355 5736 439 5791 ubi
495 5739 590 5793 has
639 5755 807 5807 voces,
837 5738 1002 5795 homo
1044 5736 1387 5806 Dominicus,
1422 5740 1689 5793 exstitisse
1737 5750 1921 5793 narrat
1953 5739 2086 5794 idem
2128 5739 2367 5809 Ruﬁnus.
2411 5739 2518 5794 Nec
2569 5750 2643 5793 est
2678 5743 2817 5805 quod
2881 5756 2973 5793 vos
3012 5741 3127 5799 illa.
3158 5739 3394 5795 Libellus
