3794 6226
342 258 483 315 1263
908 255 965 311 S.
1005 255 1385 312 ATHANASII
1424 255 1577 314 OPP.
1612 255 1797 313 PARS
1848 256 1890 313 l.
1916 286 1986 300 --
2029 257 2402 316 HISTORICA
2449 259 2539 315 ΕΤ
2579 260 3000 320 DOGMATICA.
3482 267 3619 323 1264

340 383 404 437 ab
430 381 533 436 hac
557 382 839 442 sententia,
867 379 993 449 quia
1021 378 1335 448 opusculum
1363 395 1586 451 parvum
1627 380 1867 435 indicare
1905 381 2168 446 videatur,
2194 398 2288 437 nos
2332 383 2617 440 dimoveat.
2670 382 2806 439 Cum
2848 385 3118 440 videamus
3150 393 3298 456 longe
3321 383 3620 456 proliuiora

356 496 514 551 opera
549 478 719 533 libelli
760 478 966 531 nomine
995 476 1331 546 compellato,
1358 487 1418 531 ut
1435 487 1512 532 est
1562 476 1803 534 Libellus
1838 493 2061 549 precum
2099 477 2347 535 Faustini
2387 489 2443 536 et
2487 479 2822 548 Marcellini;
2853 478 3038 550 quidni
3080 479 3314 534 libellum
3345 481 3444 534 hoc
3494 480 3618 537 item

337 595 468 650 opus
502 578 726 649 Ruﬁnus
757 573 1140 645 appellaverit?
1162 571 1228 627 Ut
1254 574 1323 628 ad
1347 573 1480 626 illud
1508 573 1671 629 homo
1694 573 2038 644 Dominicus,
2068 575 2174 630 sive
2231 575 2511 647 Κυριακὸς
2572 575 2880 647 ἄνθρωπος,
2915 574 3212 640 redeamus,
3236 575 3539 645 frequenter
3567 578 3616 628 in

337 673 434 726 hoc
462 685 614 742 opere
636 670 701 722 ab
732 667 1026 721 Athanasio
1056 677 1406 734 usurpatum;
1431 654 1487 718 id
1527 675 1830 735 suspectum
1889 682 2015 720 sane
2055 666 2237 721 multis
2289 668 2413 736 fuit.
2449 666 2594 721 Nam
2649 667 2872 736 Ruﬁnus
2926 665 3108 719 eodem
3166 665 3223 718 in
3259 665 3374 719 loco
3403 676 3615 729 narrat,

337 763 629 820 Damasum
658 775 776 814 cum
806 758 870 813 de
897 759 1213 829 recipiendis
1255 763 1310 815 in
1342 761 1638 817 Ecclesium
1670 762 2069 832 Apollinaristis
2110 775 2309 836 ageret,
2346 764 2672 837 Hieronymo
2709 763 3099 818 conscribendas
3125 761 3249 832 ﬁdei
3274 761 3616 832 confessionis

334 857 655 928 provinciam
690 852 1058 918 demandasse,
1088 855 1142 906 in
1163 870 1268 924 qua
1287 854 1369 908 lue
1394 870 1563 919 voces,
1587 853 1907 910 Dominicus
1933 854 2120 920 homo,
2169 855 2414 910 aderant.
2443 855 2535 910 Illi
2577 872 2696 910 vero
2725 856 2864 910 vocis
2897 852 3181 907 insolentia
3207 853 3458 923 permoti,
3491 870 3615 905 con-

336 953 550 1022 fessioni
579 949 885 1020 hujusmodi
925 962 1113 1001 nomen
1153 945 1281 998 dare
1315 943 1635 997 abnuebant.
1673 943 1792 1009 Qua
1831 944 1888 996 in
1932 959 1986 997 re
2028 944 2155 1015 quid
2182 955 2387 1015 gestum
2424 944 2613 999 deinde
2642 945 2735 1009 sit,
2775 939 3021 1012 pluribus
3071 950 3298 993 recenset
3349 939 3460 1007 ille,
3493 957 3614 995 nos-

333 1058 432 1108 que
459 1044 514 1095 in
558 1040 929 1094 Admonitione
956 1038 1022 1092 ad
1049 1035 1461 1106 Expositionem
1492 1033 1638 1099 ﬁdei,
1670 1042 1798 1088 tom.
1855 1035 1876 1088 1
1903 1050 2117 1104 operum
2143 1036 2450 1103 Athanasii,
2486 1054 2540 1108 p.
2570 1037 2658 1102 78,
2679 1037 2794 1107 jam
2830 1047 3038 1087 monere
3067 1031 3463 1100 occupavimus.
3506 1033 3614 1086 Au-

331 1132 571 1199 gustinus
599 1130 721 1184 item
755 1146 874 1182 cum
915 1129 973 1181 in
1011 1125 1105 1184 lib.
1135 1143 1173 1182 ιι
1209 1127 1283 1182 De
1317 1142 1571 1183 sermone
1608 1125 1827 1182 Domini
1874 1128 1931 1190 in
1985 1137 2190 1196 monte,
2238 1147 2285 1184 c.
2319 1130 2370 1194 6,
2403 1148 2458 1185 η.
2487 1130 2578 1198 ‘20,
2609 1130 2884 1183 Christum
2948 1134 3182 1181 vocasset
3210 1127 3478 1180 hominem
3507 1125 3616 1182 Do-

331 1227 611 1289 minicum,
642 1231 822 1294 postea
853 1223 908 1275 in
934 1221 1067 1274 libro
1099 1219 1592 1285 Retractationum,
1623 1236 1670 1274 c.
1709 1218 1795 1287 l9,
1819 1236 1871 1273 η.
1903 1221 1956 1284 8,
1988 1220 2084 1273 hoc
2112 1221 2311 1276 dixisse
2340 1239 2392 1278 se
2417 1222 2574 1288 nolle,
2604 1223 2725 1276 licet
2757 1222 2940 1294 aliqua
2961 1224 3164 1278 ratione
3190 1223 3404 1292 defendi
3427 1227 3612 1293 possit,

332 1324 670 1379 testiﬁcatur.

401 1324 451 1376 :ti
497 1332 670 1376 catur.

401 1323 534 1473 thm
565 1418 729 1487 igitur
757 1415 838 1469 ha:
875 1430 1042 1479 voces,
1079 1411 1399 1468 Dominicus
1434 1411 1625 1477 homo,
1651 1409 1792 1479 apud
1817 1409 2098 1464 nonnullos
2127 1410 2428 1479 suspicione
2462 1411 2782 1478 laborarint,
2814 1410 2935 1464 hinc
2972 1411 3196 1481 factum,
3228 1421 3287 1466 ut
3326 1414 3460 1484 περὶ
3485 1429 3615 1486 γνη-

331 1508 575 1580 nemo;
615 1505 990 1577 Expositionis
1022 1503 1166 1569 ﬁdei,
1203 1518 1319 1573 qute
1350 1503 1491 1556 inter
1521 1502 1894 1555 Athanasiana
1941 1517 2100 1570 opera
2128 1512 2422 1570 comparet,
2457 1511 2588 1556 tom.
2613 1500 2654 1569 Ι,
2695 1520 2817 1573 pag.
2848 1502 2938 1570 79,
2966 1519 3185 1574 quaeque
3235 1520 3327 1559 ceu
3368 1522 3615 1577 compen-

329 1602 477 1656 dium
512 1599 668 1668 hujus
695 1597 950 1652 sermonis
987 1604 1098 1660 est,
1135 1594 1303 1665 aliqui
1332 1593 1726 1658 dubitaverint;
1753 1611 1820 1664 qu

2119 1593 2372 1663 tpusculo,
2403 1593 2485 1659 τὸ,
2521 1595 2803 1666 Κυριακὸς
2832 1597 3136 1671 ἄνθρωπος,
3164 1601 3242 1655 bis
3273 1600 3472 1673 legitur
3493 1619 3514 1656 :
3533 1621 3617 1658 ve-

328 1710 447 1749 runt
476 1693 714 1762 injuria;
746 1706 870 1744 nam
893 1690 1005 1744 htec
1030 1685 1275 1757 loquendi
1303 1683 1537 1753 formula
1570 1699 1634 1736 ea:
1665 1699 1723 1737 eo
1751 1699 1935 1752 genere
1957 1700 2141 1738 vocum
2164 1695 2423 1750 censetur,
2447 1701 2565 1756 qute
2590 1689 2792 1756 possint
2817 1689 2873 1743 in
2903 1689 3094 1745 bonam
3124 1693 3386 1748 malamve
3403 1709 3611 1762 partem

325 1807 420 1862 pro
448 1790 698 1860 cujusque
726 1788 920 1858 affectu
947 1794 998 1840 et
1030 1781 1289 1838 sententia
1310 1781 1585 1850 usurpari.
1625 1777 1765 1832 Male
1795 1796 1818 1832 s

2116 1781 2380 1851 ςυριακὸς
2421 1779 2728 1852 ἄνθρωπος,
2767 1784 2813 1837 si
2851 1785 2970 1855 quis
3005 1786 3061 1838 in
3115 1786 3326 1842 Christo
3347 1790 3614 1845 hominem

325 1899 359 1937 α
394 1881 557 1936 Verbo
580 1881 912 1943 distinctum,
949 1877 1041 1947 qui
1069 1891 1160 1946 per
1192 1890 1246 1929 se
1277 1871 1451 1928 solum
1479 1888 1705 1942 persona
1730 1872 1820 1938 sit,
1851 1872 2164 1938 constituat,
2203 1881 2263 1924 ut
2297 1871 2589 1929 Dimteritw
2624 1875 2864 1944 quidam,
2890 1878 2982 1947 qui
3010 1879 3169 1949 impie
3199 1881 3448 1936 dicebant
3483 1881 3617 1936 Ver-

325 1973 449 2026 bum
470 1973 526 2026 in
546 1970 730 2028 Jesum
753 1971 1050 2032 Christum,
1083 1963 1528 2037 quemadmodum
1557 1962 1684 2017 olim
1721 1964 1774 2017 in
1797 1964 2080 2033 prophetas
2114 1963 2424 2030 advenisse;
2465 1976 2606 2020 caste
2640 1977 2817 2021 autem
2849 1972 3083 2026 sentiunt
3116 1984 3166 2028 et
3201 1974 3496 2046 loquuntur
3521 1978 3614 2049 qui

329 2064 661 2119 Dominicum
683 2064 947 2118 hominem
983 2078 1080 2132 pro
1114 2061 1352 2114 humana
1381 2060 1438 2113 in
1482 2057 1692 2114 Christo
1723 2067 1920 2112 natura
1950 2058 2174 2124 habent;
2201 2075 2308 2129 qua
2347 2061 2609 2115 sententia
2656 2079 2758 2116 non
2792 2064 2848 2118 in
2894 2065 3249 2138 Expositione
3287 2080 3500 2126 tantum
3529 2074 3613 2129 his

323 2158 535 2214 vocibus
560 2168 639 2215 est
673 2176 800 2216 usus
828 2158 1178 2225 Athanasius,
1207 2157 1298 2213 sed
1325 2157 1484 2211 etiam
1512 2157 1711 2226 passim
1738 2155 1794 2210 in
1813 2156 1909 2210 hoc
1939 2155 2207 2211 Sermone
2254 2156 2465 2226 majore
2481 2158 2549 2213 de
2590 2157 2716 2226 ﬁde,
2765 2171 2822 2215 ut
2855 2162 3040 2232 cuique
3070 2163 3246 2217 videre
3275 2164 3433 2230 licet;
3485 2174 3534 2219 et
3555 2171 3614 2219 in

326 2256 776 2328 Expositionibus
805 2255 1174 2319 Psalmorum,
1193 2255 1262 2309 ad
1281 2270 1412 2308 vers.
1440 2252 1681 2324 6psalmi
1706 2268 1795 2307 XL.
1829 2250 1943 2305 Nec
1973 2251 2128 2306 modo
2143 2251 2493 2318 Athanasius,
2525 2254 2615 2307 sed
2667 2253 2996 2325 Epiphanius
3023 2274 3225 2328 quoque
3246 2269 3372 2314 tom.
3406 2257 3452 2312 ll
3476 2262 3609 2314 edit.

322 2352 532 2417 Petav.,
565 2371 621 2424 p.
654 2354 724 2408 84
747 2372 758 2407 :
781 2353 953 2408 Τοῦτο
985 2352 1095 2425 γὰρ
1127 2354 1208 2416 εἰς
1243 2352 1335 2406 τὸν
1369 2349 1648 2423 κυριακὸν
1674 2349 1820 2421 ἀνθρι

2114 2349 2315 2421 ροῢται,
2340 2353 2440 2416 ait,
2472 2351 2528 2406 id
2547 2361 2646 2419 est,
2681 2352 2796 2410 Hoc
2824 2356 2969 2411 enim
2994 2354 3049 2407 in
3073 2339 3359 2413 Dominieo
3385 2356 3612 2413 homine

322 2445 599 2518 impletur.
631 2446 701 2500 Et
740 2445 1232 2502 Pseudathanasius
1255 2446 1310 2498 in
1333 2443 1717 2514 Disputatione
1756 2451 1946 2496 contra
1984 2441 2203 2508 Arium,
2255 2454 2386 2500 tom.
2414 2443 2459 2498 II
2491 2443 2652 2517 [nunc
2683 2443 2825 2519 IV],
2858 2465 2913 2518 p.
2961 2450 3122 2516 1115,
3163 2451 3349 2506 eadem
3403 2465 3614 2523 pamer

317 2544 567 2616 loquendi
597 2542 832 2611 formula
858 2543 1051 2602 utitur.
1091 2541 1238 2597 Unde
1271 2539 1448 2594 videas
1472 2554 1576 2592 non
1603 2536 1728 2592 bene
1759 2537 1974 2592 cessisse
2001 2545 2250 2591 conatum
2271 2538 2341 2594 iis
2371 2541 2463 2610 qui
2489 2540 2716 2610 apellant
2747 2541 3052 2612 hujusmodi
3077 2557 3143 2596 ex
3165 2542 3454 2598 Athanasii
3474 2561 3612 2616 γνη-

319 2634 456 2698 σίοις
480 2634 722 2688 exsulare
750 2633 1047 2698 voluerunt,
1077 2648 1204 2687 sane
1224 2631 1602 2683 immerentem.

392 2725 495 2782 Hic
520 2743 677 2796 porro
698 2725 1026 2780 Athanasius
1069 2722 1394 2794 syllogistico
1424 2736 1568 2774 more
1600 2719 1856 2789 procedit,
1883 2736 1947 2774 ac
1971 2719 2168 2776 Christi
2197 2721 2471 2792 deitatem,
2517 2737 2830 2796 argumenta
2867 2741 2932 2780 ex
2972 2725 3266 2796 Scripturis
3303 2739 3610 2798 mutuatus,

315 2830 634 2892 propugnat.
669 2820 1014 2883 Arianorum,
1044 2833 1173 2889 quos
1210 2826 1386 2870 tamen
1420 2831 1680 2886 nusquam
1710 2824 2003 2882 memorat,
2037 2827 2354 2886 argumenta
2389 2821 2693 2873 earumdem
2718 2817 3125 2888 Scripturarum
3161 2821 3481 2875 testimoniis
3512 2825 3608 2875 dt-

315 2915 488 2986 pellit.
520 2913 632 2968 Nec
660 2931 792 2968 unos
815 2914 1069 2980 Arianos,
1095 2917 1188 2968 sed
1216 2914 1377 2968 etiam
1407 2913 1544 2967 alios
1574 2911 1834 2984 quoslibet
1863 2913 2138 2969 haereticos
2163 2916 2254 2985 qui
2291 2916 2711 2971 incarnationem
2755 2916 2954 2972 Christi
2983 2920 3167 2989 quavis
3201 2919 3406 2974 ratione
3435 2923 3610 2990 impe-

315 3014 500 3069 terent,
523 3003 712 3059 iisdem
743 3004 880 3070 telis,
907 3002 1309 3072 Scripturarum
1343 2999 1549 3056 scilicet
1582 2999 1762 3064 dictis,
1801 3001 2074 3072 proﬂigat.
2099 3003 2270 3074 Atque
2300 3004 2380 3057 ita
2414 3003 2558 3059 clare
2589 3013 2640 3060 et
2670 3007 2941 3074 perspicue
2975 3005 3304 3077 syllogismos
3336 3009 3508 3078 effert,
3545 3017 3608 3061 ns

314 3093 394 3149 vel
421 3092 544 3148 inde
571 3093 734 3148 etiam
763 3094 1067 3150 detruncati
1097 3096 1266 3166 operis
1293 3095 1449 3151 dolor
1480 3105 1775 3166 augeatur;
1806 3111 1932 3149 nam
1960 3098 2196 3151 maxima
2225 3098 2309 3152 sui
2338 3105 2490 3168 parte
2526 3097 2796 3164 mutilum,
2825 3115 2889 3154 ac
2921 3116 3049 3155 casu
3080 3103 3255 3157 nescio
3279 3118 3380 3172 quo
3412 3102 3608 3172 deper-

313 3186 488 3241 ditum
519 3187 778 3240 arbitror.

384 3282 650 3338 Craterum
679 3281 829 3337 nulla
856 3283 941 3336 hic
971 3282 1217 3352 temporis
1247 3291 1373 3337 nota
1401 3291 1690 3352 comparet.
1726 3279 1880 3335 Nihil
1909 3281 2100 3350 quippe
2127 3283 2298 3353 tangit
2355 3283 2686 3338 Athanasius
2721 3299 2902 3338 eorum
2940 3301 3058 3356 qua:
3096 3294 3385 3357 temporum
3414 3287 3608 3342 condi-

314 3375 506 3428 tionem
537 3384 794 3444 spectant.
829 3374 1004 3440 Quam
1026 3383 1202 3428 tamen
1226 3373 1453 3443 fortasse
1483 3373 1864 3444 deprehendere
1891 3372 2148 3438 licuisset,
2173 3376 2222 3428 si
2269 3390 2400 3444 opus
2432 3377 2696 3447 integrum
2734 3377 3076 3450 omnibusque
3104 3381 3212 3435 suis
3240 3381 3473 3435 numeris
3497 3381 3602 3434 ab-

311 3464 544 3524 solutum
573 3465 643 3520 ad
668 3481 762 3520 nos
792 3481 952 3539 usque
981 3469 1225 3524 venisset.
1255 3465 1492 3522 Solitum
1517 3467 1710 3538 quippe
1745 3466 2039 3521 Athanasio
2068 3477 2206 3537 erat,
2235 3472 2533 3537 praesertim
2558 3471 2652 3525 sub
2677 3473 2893 3526 initium
2915 3475 3194 3541 librorum,
3223 3485 3272 3530 et
3295 3493 3413 3546 qute
3431 3491 3610 3531 causa

310 3563 537 3633 suscepti
559 3564 729 3634 operis
759 3573 913 3630 esset,
939 3574 986 3620 et
1011 3564 1100 3635 qui
1123 3563 1226 3619 sibi
1248 3564 1543 3618 adversarii
1570 3563 1639 3618 ad
1668 3579 1779 3618 rem
1825 3563 2202 3633 capessendam
2241 3565 2600 3634 impulissent,
2627 3584 2719 3622 nec
2750 3568 2969 3623 obscure
3009 3568 3368 3623 subindicare.
3393 3569 3463 3622 At
3510 3569 3606 3640 hic

310 3657 526 3710 initium
555 3666 723 3710 totum
747 3656 1102 3728 desideratur,
1128 3668 1178 3714 et
1207 3661 1263 3713 in
1289 3660 1515 3714 decursu
1539 3661 1710 3730 operis
1735 3660 1914 3715 hiatus
1943 3664 2240 3731 frequentes
2263 3664 2644 3732 deprehendas.

381 3749 663 3825 [Eiusdem
715 3757 970 3810 sermonis
1034 3755 1410 3827 fragmentum,
1458 3757 1597 3827 quod
1649 3758 1732 3812 hic
1793 3771 1898 3837 non
1947 3767 2234 3827 comparet,
2283 3759 2600 3828 subjecimus
2649 3776 2714 3816 ea:
2761 3759 3095 3818 Bibliotheca
3139 3773 3280 3815 nova
3305 3758 3605 3814 cardinalis

310 3842 448 3900 Maii
483 3849 563 3918 ,(ι.
589 3845 654 3903 ll.
677 3862 732 3920 p.
761 3848 912 3922 583),
952 3850 1334 3924 depromptum.
1378 3851 1569 3923 Ent'r.]

1380 4079 1518 4134 ΤΟΥ
1569 4081 1661 4134 ΕΝ
1719 4080 1944 4135 ΑΓῘΟΙΣ
2007 4079 2281 4133 ΠΑΤΡΟΣ
2341 4077 2537 4135 ΗΜΩΝ

1627 4246 2266 4338 ΑΘΑΝΑΣΙΟΥ

703 4441 1052 4558 ΠΕΡΙ
1113 4444 1759 4561 ΠΙΣΤΕΩΣ
1819 4438 2354 4562 ΛΟΓΟΣ
2416 4445 2521 4563 Ο
2570 4448 3188 4566 ΜΕΙΖΩΝ.

1208 4726 1329 4839 s.
1424 4729 1554 4840 P.
1665 4730 1808 4843 N.
1894 4644 2688 4845 XTHANASII

527 5020 546 5052 ν
1055 4961 1526 5055 SEBMO
1610 4963 2025 5058 MAJOI

1333 4963 1526 5055 ΜΟ
1610 4963 2079 5058 MAJOR
2153 4964 2318 5054 DE
2425 4967 2827 5057 FIDE.

377 5287 428 5339 l.
463 5281 598 5340 Illud
625 5285 793 5350 enim,
827 5292 941 5339 erat
962 5284 1035 5349 “,
1064 5283 1302 5341 refertur
1328 5283 1396 5340 ad
1421 5287 1540 5354 ejus
1568 5285 1823 5340 deitatem
1848 5303 1864 5349 ;

2079 5278 2114 5332 ι.
2152 5277 2265 5348 (56)
2288 5278 2362 5331 Τὸ
2390 5277 2520 5348 γὰρ,
2545 5272 2646 5347 ἦν,
2677 5277 2771 5330 ἐπὶ
2789 5278 2886 5348 τῆς
2912 5278 3164 5350 θεότητος
3191 5280 3354 5335 αὑτοῦ
3380 5285 3577 5352 ἀναφέ-

301 5376 433 5432 illud
494 5392 645 5442 vero,
699 5393 823 5432 caro
870 5379 1070 5446 factum
1127 5388 1222 5445 est,
1263 5377 1332 5433 ad
1389 5392 1608 5449 corpus.
1647 5377 1799 5434 Verbi

2084 5387 2143 5422 at
2165 5383 2182 5398 '
2216 5371 2278 5434 τὸ
2300 5369 2380 5434 δὲ,
2417 5369 2578 5438 σὰρξ
2611 5368 2870 5438 ἐγένετο,
2911 5373 3002 5424 ἐπὶ
3051 5372 3146 5426 τοῦ
3204 5373 3474 5442 σώματος.
3519 5375 3582 5433 Ὁ

370 5468 416 5501 ³⁴⁵
438 5467 594 5524 Joan.
627 5485 666 5534 ι,
700 5470 749 5525 1.

498 5564 819 5656 illatenus
831 5583 883 5656 La
914 5567 1265 5656 AT-lieodnorreto
1297 5570 1521 5629 aliertur
1553 5572 1609 5628 in
1638 5571 1854 5644 Dialoga

2078 5581 2184 5652 ιτῷ
2211 5581 2492 5654 ἀτρέπτῳ,
2543 5590 2648 5639 eta
2671 5583 2830 5640 uobis
2886 5599 3052 5640 rusus
3077 5595 3161 5640 est
3188 5600 3312 5641 cum
3361 5586 3576 5656 aliquot

299 5636 423 5691 aliis
453 5637 946 5703 ἀποσπασιιατίοις,
982 5655 1033 5710 p.
1065 5639 1218 5696 1019.
