3794 6226
159 309 292 366 1265

1379 304 1616 364 SEBMO
1649 306 1877 365 MAIOR
1913 308 2002 364 DE
2038 309 2217 367 FIDE.

151 433 344 501 Λόγος
366 428 538 498 σὰρξ
563 427 821 500 ἐγένετο,
839 445 940 482 ουκ
963 429 1043 492 εἰς
1071 426 1250 499 σάρκα
1272 427 1580 494 ἃναλυθεὶς,
1613 429 1752 484 ἀλλά

1932 449 1990 487 ro
2016 437 2218 504 [actum
2249 446 2322 490 est
2338 434 2406 504 ⁸⁵,
2449 451 2556 492 non
2613 436 2668 492 in
2696 453 2918 498 carnem
2979 442 3307 510 resolutum,
3340 448 3437 503 sed

156 523 333 594 σάρκα
355 521 606 593 φορέσας
627 537 642 552 ⁸
684 521 763 585 ὡς
799 521 843 574 δ’
867 520 935 574 ἂν
955 520 1100 573 είποι
1128 535 1210 584 τις
1235 537 1248 550 ·
1292 519 1352 573 '0
1379 519 1528 574 δεῖνα
1556 519 1748 590 γέγονε

153 615 353 688 γέρων,
386 614 494 668 οὐκ
535 615 594 682 ἐξ
623 613 799 686 ἀρχῆς
826 611 1142 683 γεννηθείςο
1189 611 1261 684 ἢ,
1310 611 1366 666 '0
1408 611 1749 685 στρατιώτης

159 705 444 778 βετεράνος
473 705 713 774 ἐγένετο,
748 705 810 757 οὐ
841 704 1107 774 πρότερον
1125 702 1364 768 τοιοῦτος
1395 703 1491 770 ὢν,
1521 701 1633 768 οἷος
1657 705 1749 775 γέ-

155 815 327 867 γονεν.
371 797 658 870 Ἰωάννης,
693 797 1031 867 Ἐγενόμην,
1063 794 1250 867 φησὶν,
1276 796 1347 850 ἐν
1377 796 1454 865 τῇ
1479 796 1652 866 νήσῳ
1672 796 1749 868 τῇ

158 890 389 960 Πάτμῳ,
411 891 489 944 ἐν
520 890 598 961 τῇ
623 890 812 961 ἡμέρᾳ
833 889 1128 962 Κυριακῇο
1181 891 1280 962 οὐχ
1311 892 1394 947 ὅτι
1433 893 1550 946 ἐκεῖ
1585 891 1748 961 γέγο-

157 997 263 1044 νεν,
297 982 332 1054 ἢ
365 980 671 1054 γεγένηται
689 997 704 1013 ο
730 981 847 1035 ἀλλ’
869 977 1044 1046 εἶπεν,
1075 982 1398 1052 Ἐγενόμην
1426 981 1497 1036 ἐν
1511 981 1747 1052 Πάτμῳ,

158 1074 274 1128 ἀντὶ
306 1073 428 1140 τοῦ,
482 1074 900 1146 Παρεγενόμην.
949 1073 1139 1139 Οὕτως
1169 1076 1198 1128 ό
1227 1074 1401 1143 Λόγος
1435 1075 1516 1138 είς
1568 1073 1750 1144 σάρκα

160 1165 564 1236 παραγέγονεν,
593 1164 670 1230 ὼς
693 1165 964 1221 λέλεκται⁹
998 1168 1060 1220 '0
1082 1167 1274 1237 Λόγος
1299 1165 1458 1236 σὰρξ
1489 1163 1746 1236 ἐγένετο.

163 1259 430 1311 Ἀκουσον
480 1259 735 1328 λέγοντος
754 1276 768 1290 ·
818 1258 1148 1330 Ἐγενόμην
1188 1259 1330 1314 ὡσεὶ
1364 1258 1588 1325 σκεῦος
1632 1259 1750 1313 ἀπ-

159 1350 410 1417 ολωλὸς,
441 1352 565 1417 καὶ,
602 1352 931 1422 Ἐγενόμην
944 1350 1750 1422 ὼεὶᾶνθρωποςάϐοήθητος

162 1445 229 1496 ἐν
257 1442 503 1520 νεκροῖς
535 1443 870 1512 ἐλεύθερος.

228 1625 283 1680 2.
314 1625 390 1680 Τὸ
439 1625 797 1699 ἐγειρόμενον
850 1628 916 1681 ὲκ
964 1625 1176 1700 νεκρῶν
1224 1625 1512 1699 ἄνθρωπος
1549 1621 1673 1698 γῆν,
1715 1627 1748 1699 ἢ

161 1717 323 1784 θεόςς
361 1718 698 1790 Ἑρμηνεύει
726 1718 932 1791 Πέτρος
960 1720 989 1772 ό
1015 1719 1333 1784 ἀπόστολος,
1361 1719 1520 1791 ἡμῶν
1551 1719 1750 1792 μᾶλλον

1856 539 2077 581 carnem
2114 535 2372 598 gestans;
2427 532 2889 600 quemadmodum
2953 533 3002 590 si
3051 535 3252 592 dixerit
3287 539 3437 608 quis.

1855 617 2002 688 piam
2037 617 2177 675 :Hic
2215 635 2381 676 senex
2419 619 2596 678 factus
2649 636 2762 690 est,
2791 640 2917 680 cum
2948 641 3060 681 non
3117 628 3250 685 talis
3276 641 3434 687 antea

1857 719 2004 765 esset
2056 711 2304 782 genitus;
2363 715 2478 780 vel,
2537 713 2694 772 Miles
2746 714 2926 774 factus
2984 726 3070 774 est
3119 729 3434 789 veteranus,

1854 817 1984 857 cum
2013 818 2123 857 non
2158 805 2286 860 talis
2315 815 2474 862 antea
2506 816 2673 874 esset,
2695 809 2874 878 qualis
2905 808 3131 868 effectus
3157 822 3259 869 est.
3277 811 3437 869 Joan-

1854 908 1972 959 nes,
1991 891 2630 968 Ἑγενόμην,ἰοι1ιιίι,1ωο
2655 907 2758 963 est,
2777 898 2978 956 Factus
3012 919 3148 968 sum,
3179 901 3293 959 sive
3325 902 3434 958 Fui

1855 985 1913 1040 in
1943 987 2123 1042 insula
2145 986 2358 1054 Patmo,
2380 990 2437 1044 in
2473 991 2558 1044 die
2602 989 2884 1046 Dominica
2903 993 2983 1060 ³⁶;
3014 1008 3124 1049 non
3154 994 3301 1064 quod
3325 995 3436 1068 illic

1856 1077 2039 1137 factus
2081 1088 2168 1136 vel
2212 1089 2375 1139 natus
2425 1079 2624 1150 fuerit;
2665 1084 2759 1139 sed
2799 1084 2956 1149 dixit,
2992 1084 3191 1141 Factus
3230 1103 3349 1142 sum
3378 1089 3435 1142 in

1858 1170 2073 1238 Patmo,
2103 1173 2263 1243 quasi
2291 1174 2464 1240 dicas,
2498 1174 2737 1232 Accessi.
2771 1175 2850 1232 Ita
2887 1178 3051 1234 etiam
3078 1176 3327 1236 Verbum
3364 1180 3434 1236 ad

1856 1279 2076 1320 carnem
2106 1267 2360 1332 accessit,
2401 1276 2460 1322 ut
2501 1267 2707 1323 dictum
2743 1279 2864 1324 est:
2917 1269 3141 1324 Verbum
3185 1288 3310 1326 caro
3346 1271 3436 1342 fa-

1857 1365 1998 1410 ctum
2027 1367 2125 1414 est.
2155 1358 2295 1414 Audi
2331 1359 2597 1415 dicentem
2629 1379 2642 1415 :
2674 1359 2875 1414 Factus
2900 1377 3019 1415 sum
3059 1371 3310 1434 tanquam
3343 1380 3435 1417 uas

1854 1449 2124 1519 perditura
2155 1451 2200 1483 ³⁷
2225 1469 2241 1520 ;
2264 1458 2319 1507 et
2344 1470 2357 1505 :
2393 1450 2598 1507 Factus
2629 1468 2747 1506 sum
2776 1453 2913 1508 sicut
2951 1453 3106 1509 homo
3137 1453 3247 1508 sine
3278 1453 3440 1523 adjuo

1859 1544 1994 1597 torio
2023 1543 2162 1596 inter
2189 1553 2424 1596 mortuos
2449 1543 2580 1596 liber
2603 1541 2668 1598 ³⁸.

1925 1631 1981 1687 2.
2013 1631 2170 1700 Quod
2212 1630 2315 1687 fuit
2358 1632 2656 1687 excitatum
2686 1647 2716 1686 a
2747 1633 3002 1702 mortuis,
3035 1633 3272 1689 homone
3301 1645 3438 1700 erat,

1857 1739 1926 1780 an
1963 1723 2147 1780 Deus?
2168 1723 2303 1780 Rem
2329 1724 2564 1794 explicat
2587 1724 2784 1781 Petrus
2808 1725 3107 1796 apostolus,
3130 1724 3219 1781 cui
3244 1725 3440 1781 melius

164 1807 467 1876 γινώσκων,
501 1811 598 1865 καὶ
627 1810 774 1881 λέγει
794 1829 809 1843 ·
833 1812 1207 1880 Καθελόντες
1249 1811 1440 1866 αὑτὸν
1479 1811 1598 1867 ἀπὸ
1647 1811 1753 1867 τοῦ

1939 1833 2026 1872 am
2057 1817 2218 1874 nobis
2244 1817 2297 1872 id
2322 1825 2510 1873 notum
2534 1825 2675 1882 erat,
2708 1818 2933 1888 aitque:
2968 1816 3297 1888 Deponcntes
3322 1833 3440 1871 eum

164 1902 388 1967 ξύλου,
436 1904 674 1972 ἔθηκαν
700 1907 788 1973 είς
836 1905 1169 1975 μνημεῖον·
1213 1909 1246 1961 ὁ
1278 1905 1347 1960 δὲ
1373 1906 1521 1972 Θεὸς
1566 1905 1754 1961 αὐτὸν

168 1993 400 2066 ἤγειρεν
421 1997 495 2051 ἐκ
522 1997 771 2066 νεκρῶν.
805 1997 879 2051 Τὸ
909 1997 1040 2068 γοῦν
1060 1999 1168 2053 ἀπὸ
1193 1999 1286 2053 τοῦ
1314 1998 1472 2064 ξύλου
1497 1998 1753 2071 καθαιρε-

168 2089 254 2142 θὲν
287 2090 452 2161 σῶμα
479 2089 677 2162 νεκρὸν
713 2089 808 2144 τοῦ
845 2090 1024 2163 Ἰησοῦ
1050 2092 1144 2146 καὶ
1177 2092 1258 2157 είς
1295 2094 1556 2164 μνημεῖον
1577 2091 1751 2156 τεθὲν,

172 2182 529 2251 ἰνταφιασθέν
572 2201 632 2238 τε
673 2185 776 2238 ὑπὸ
828 2184 1026 2257 Ἰωσὴφ
1066 2184 1162 2240 τοῦ
1208 2185 1592 2258 Ἀριμαθείας,
1622 2183 1755 2239 αὐτὸ

170 2277 382 2348 ἧγειρεν
413 2279 444 2330 ὁ
469 2278 648 2348 Λόγος
675 2277 848 2346 λέγων
871 2295 886 2308 ·
922 2279 1164 2334 Λύσατε
1195 2278 1306 2334 τὸν
1347 2278 1500 2333 ναὸν
1536 2278 1755 2334 τοῦτον

173 2367 266 2422 καὶ
299 2369 368 2423 ἐν
389 2371 598 2440 τρισὶν
617 2371 867 2441 ἡμέραις
901 2370 1084 2440 ἐγερῶ
1118 2373 1328 2426 αὐτόν.
1372 2369 1430 2426 '0
1478 2370 1586 2445 γὰρ
1614 2371 1744 2426 πάν·

173 2477 262 2523 τας
286 2461 415 2526 τοὺς
453 2464 689 2534 νεκροὺς
735 2462 1035 2528 ζωοποιῶν,
1065 2463 1160 2518 καὶ
1191 2463 1283 2518 τὸν
1314 2467 1380 2518 ὲκ
1404 2463 1624 2538 Μαρίας
1655 2466 1752 2521 ἄν·

173 2551 382 2622 θρωπον
413 2554 655 2626 Χριστὸν
689 2554 896 2626 Ἰησοῦν
925 2555 1313 2629 ὲζωοποίησεν,
1359 2556 1419 2610 ὃν
1441 2556 1748 2629 ἀνείληφεν.

176 2643 232 2694 El
259 2643 386 2716 γὰρ,
434 2645 536 2699 ἐπὶ
568 2645 802 2718 σταυροῦ
851 2645 948 2712 ὢν,
993 2647 1063 2701 τὰ
1110 2647 1535 2721 προδιαλυθέντα
1583 2649 1755 2721 νεκρά

173 2733 274 2789 τῶν
304 2737 477 2807 ἀγίων
528 2738 718 2810 ἧγειρε
773 2736 1020 2810 σώματα,
1071 2739 1252 2811 πολλῷ
1282 2738 1484 2811 μᾶλλον
1543 2743 1754 2811 ἐγεῖραι

173 2827 405 2896 δύναται,
425 2830 456 2884 ὃ
497 2831 726 2902 ὲφόρεσε
760 2831 940 2902 σῶμα,
973 2831 1002 2884 ὁ
1032 2832 1119 2885 ἀεὶ
1146 2832 1256 2897 ζῶν
1279 2832 1412 2898 Θεὸς
1449 2833 1650 2904 Λόγος,
1677 2835 1754 2905 ὥς

178 2937 332 2991 φησιν
367 2925 396 2977 ὁ
443 2923 660 2988 Παῦλος
685 2942 700 2954 ’
737 2923 870 2978 Ζῶν
914 2923 1026 2995 γὰρ
1052 2927 1084 2980 ὀ
1117 2925 1308 2996 Λόγος
1339 2926 1445 2981 τοῦ
1474 2925 1622 2980 Θεοῦ
1656 2927 1754 2980 καὶ

179 3015 440 3086 ἐνεργής.

247 3107 297 3162 3.
337 3109 461 3182 Ζωὴ
488 3109 782 3165 ἀποθανεῖν
815 3109 875 3162 οὐ
902 3109 1148 3174 δύναται,
1183 3108 1382 3181 μᾶλλον
1426 3110 1483 3164 δὲ
1505 3111 1631 3175 τοὺς
1663 3129 1752 3166 νε-

182 3203 336 3271 κροὺς
359 3201 637 3266 ζωοποιεῖ.
670 3202 828 3254 Ἔστι
855 3202 1033 3256 τοίνυν
1072 3203 1168 3256 καὶ
1212 3201 1364 3275 πηγὴ
1396 3201 1543 3275 ζωῆς
1589 3207 1654 3276 τῇ
1688 3205 1754 3259 ὲκ

183 3292 383 3365 Πατρὸς
416 3294 669 3365 θεότητιο
709 3294 994 3366 ἅνθρωπος
1035 3294 1094 3349 δὲ
1129 3296 1157 3348 ό
1199 3295 1484 3350 ἀποθανὼν
1505 3335 1520 3360 ,
1553 3297 1753 3367 μᾶλλον

182 3383 232 3436 δὲ
259 3388 351 3440 καὶ
382 3387 630 3460 ἐγερθεὶς
668 3390 732 3441 ὲκ
757 3386 987 3459 νεκρῶν,
1028 3387 1087 3452 ὃς
1125 3388 1222 3442 καὶ
1259 3388 1576 3459 ἐντυγχάνει
1615 3391 1754 3462 ὑπὲρ

184 3477 348 3548 ἡμῶν,
377 3483 405 3534 ό
433 3484 499 3536 ὲκ
527 3481 810 3553 Παρθένου
835 3481 1075 3552 Μαρίας,
1111 3481 1224 3554 ὂνὴ
1249 3481 1343 3536 τοῦ
1368 3483 1540 3552 Λόγου
1563 3482 1756 3554 θεότης

183 3569 242 3624 δι’
267 3573 412 3644 ἡμᾶς
458 3574 742 3647 ἀνείληφε.
796 3572 870 3628 Τὸ
906 3573 1037 3644 γοῦν
1074 3575 1418 3647 γεγράφθαι,
1458 3577 1552 3630 Ἐν
1596 3575 1755 3646 ἀρχῇ

184 3659 535 3739 ἦνόΛόγος,
567 3666 815 3740 φανερῶς
851 3667 953 3739 τὴν
997 3665 1228 3739 θεότητα
1269 3668 1439 3738 δηλοῖ.
1468 3667 1542 3720 Τὸ
1574 3667 1652 3733 δὲ,
1701 3669 1754 3719 '0

187 3756 362 3827 Λόγος
381 3759 542 3830 σὰρξ
571 3757 828 3828 ἐγένετο,
848 3757 907 3811 τὸ
930 3756 1267 3829 ἀνθρώπινον
1295 3757 1388 3812 τοῦ
1415 3759 1621 3830 Κυρίου
1647 3759 1756 3814 δείε-

187 3865 274 3901 κνυ
281 3866 384 3904 σιν.

250 3942 299 3996 4.
335 3944 446 4015 (57)
482 3943 732 4014 Ἐγένετο
763 3942 1012 4015 Λάζαρον
1041 3942 1415 4016 ἀσθενήσαντα
1441 3944 1754 3999 ἀποθανεῖν’

185 4033 276 4086 ὁδὲ
312 4036 592 4109 Κυριακὸς
618 4036 905 4109 ἄνθρωπος
954 4037 1055 4089 οὐκ
1093 4035 1264 4102 ἄκων,
1288 4035 1412 4089 οὐδὲ
1451 4036 1757 4109 ἀσθενήσας

188 4125 459 4186 ἀπέθανεν·
487 4130 605 4185 ἀλλ’
633 4131 724 4200 ἀφ’
757 4127 951 4182 ἑαυτοῦ
1004 4123 1167 4199 ἦλθεν
1210 4129 1303 4182 ἐπὶ
1333 4127 1432 4200 τὴν
1469 4129 1564 4182 τοῦ
1591 4129 1755 4184 θανά-

187 4233 272 4270 του
305 4223 638 4296 οἰκονομίαν,
674 4220 1192 4294 στερεοποιούμενος
1248 4220 1354 4274 ὑπὸ
1382 4220 1475 4274 τοῦ
1516 4223 1573 4275 ἐν
1607 4222 1757 4294 αὐτῷ

189 4310 552 4386 ἑνοικήσαντος
607 4314 742 4368 Θεοῦ
787 4314 986 4383 Λόγου,
1039 4311 1133 4365 τοῦ
1206 4312 1474 4376 εἰπόντος’
1549 4313 1759 4381 Οὐδεὶς

189 4400 326 4468 ατρει
353 4405 466 4474 τὴν
489 4405 706 4476 ’ψυχήν
723 4422 844 4474 μου
869 4405 969 4458 ἀπ’
989 4404 1157 4474 ἐμοῦ.
1205 4405 1331 4460 Ἀπ’
1363 4405 1624 4475 ἐμαυτοῦ
1653 4408 1759 4460 αὐ-

190 4491 293 4560 τὴν
332 4498 546 4570 τίθημι·
610 4497 902 4563 ἐξουσίαν
955 4496 1074 4565 ἔχω
1144 4495 1330 4550 θεῖναι
1383 4493 1610 4561 αὐτὴν,
1657 4493 1757 4547 καὶ

187 4584 460 4649 ἐξουσίαν
483 4591 605 4660 ἔχω
648 4589 857 4646 λαϐεῖν
889 4587 1102 4655 αὐτήν.
1156 4588 1221 4641 Ἦ
1273 4586 1464 4658 θεότης
1517 4583 1612 4641 οὖν
1639 4588 1758 4640 ἐστι

189 4675 273 4729 τοῦ
321 4680 449 4736 Υἱοῦ
496 4683 531 4754 ὴ
583 4681 795 4736 τιθεῖσα
823 4681 920 4737 καὶ
951 4679 1303 4751 λαμϐάνουσα
1351 4679 1451 4752 τὴν
1482 4678 1661 4752 ψυχὴν
1691 4671 1756 4732 οὗ

190 4767 428 4841 ὲςρόρεσεν
483 4771 796 4846 ἀνθρώπου.
845 4771 1035 4844 Πλήρη
1086 4770 1196 4842 γὰρ
1250 4770 1508 4842 ἀνείληφε
1545 4770 1635 4823 τὸν
1661 4770 1755 4824 ἀν-

191 4857 408 4930 θρωπον,
445 4868 534 4920 ἵνα
582 4865 680 4920 καὶ
723 4865 907 4938 πλήρη
956 4863 1118 4918 αὐτὸν
1173 4863 1268 4917 καὶ
1320 4865 1417 4917 σὺν
1453 4863 1603 4933 αὐτῷ
1626 4864 1754 4928 τοὺς

191 4957 396 5024 νεκροὺς
426 4957 757 5030 ζωοποιήσῃ.

253 5041 301 5097 5.
351 5048 520 5114 Αὐτὸς
575 5048 684 5122 γάρ
745 5049 969 5112 δυνατὸς
1020 5047 1103 5102 ὢν
1143 5048 1237 5101 καὶ
1281 5047 1612 5121 δημιουργὸς
1643 5047 1753 5100 τῶν

191 5128 333 5202 ὅλων,
384 5139 442 5194 ὲν
489 5143 558 5212 τῇ
601 5138 864 5212 Παρθένῳ
914 5137 1317 5202 κατασκευάζει
1348 5136 1497 5208 αὑτῷ
1538 5136 1664 5191 ναὸν
1691 5137 1753 5190 τὸ

193 5221 358 5294 σῶμα,
406 5233 501 5285 καὶ
540 5231 872 5284 ίδιοποιείται
927 5229 1085 5284 τοῦτο
1139 5228 1328 5299 ὥσπερ
1379 5228 1644 5300 ὄργανον,
1693 5227 1751 5279 ὲν

193 5314 324 5388 αὓτῷ
349 5323 744 5395 γνωριζόμενος
792 5322 889 5375 καὶ
939 5320 1182 5375 ὲνοικῶν.
1235 5320 1439 5373 Τούτου
1481 5320 1666 5373 ἕνεκεν
1689 5319 1751 5372 τὸ

191 5400 462 5478 δυνάμενον
515 5413 806 5467 ἀποθανεῖν
857 5411 1036 5483 ἑαυτῷ
1093 5411 1359 5482 λαμϐάνει
1413 5411 1570 5481 σῶμα
1593 5428 1606 5441 ·
1665 5411 1752 5464 ἵνα

258 5541 464 5618 “Joan.
496 5565 536 5611 ι,
568 5549 656 5603 Μ.
733 5548 780 5618 ’ἐ
804 5549 980 5618 Αροο1
1009 5564 1048 5610 ι,
1077 5547 1130 5602 9.
1206 5543 1430 5618 ³71³8³1.
1467 5563 1597 5612 xxx,
1636 5547 1726 5602 l5.

198 5608 274 5665 1ε).
344 5617 382 5648 δ’
421 5608 582 5679 Hebr.
611 5635 688 5687 tv,
717 5617 805 5674 12.
852 5608 929 5650 ’δ’
952 5608 1110 5674 Joan.
1137 5633 1192 5683 x,
1221 5617 1306 5672 18.

1859 1910 1924 1964 de
1961 1907 2124 1980 ligno,
2163 1917 2451 1979 posuerunt
2485 1925 2604 1964 eum
2650 1911 2708 1963 in
2739 1918 3075 1963 monumento
3096 1925 3117 1964 :
3146 1907 3286 1964 Deus
3321 1923 3440 1963 vero

1859 2001 2134 2056 suscitavit
2157 2016 2277 2054 eum
2301 2017 2335 2054 a
2359 2000 2582 2054 mortuis
2601 1999 2666 2053 ".
2691 1999 2901 2070 Corpus
2926 1999 3108 2070 itaque
3130 1996 3260 2055 Jesu
3286 2013 3440 2054 mor-

1859 2098 2016 2146 tuum
2040 2091 2105 2147 de
2129 2091 2277 2162 ligno
2298 2089 2630 2162 depositum,
2652 2091 2706 2146 in
2735 2098 3091 2147 monumento
3111 2091 3440 2146 collocatum

1859 2193 1912 2241 et
1942 2201 1972 2240 a
2002 2182 2203 2256 Joseph
2228 2185 2297 2240 ab
2321 2185 2627 2240 Arimathia
2669 2183 2964 2256 unguentis
3007 2183 3326 2250 conditum;
3359 2182 3444 2238 id-

1859 2277 2040 2348 ipsum
2076 2294 2106 2334 a
2137 2276 2318 2332 Verbo
2340 2277 2638 2333 excitatum
2668 2275 2794 2338 fuit,
2829 2277 2912 2333 uti
2937 2276 3151 2333 dixerat
3183 2293 3198 2332 :
3243 2274 3442 2332 Solvite

1861 2371 2112 2442 templum
2149 2370 2267 2438 hoc,
2304 2379 2350 2425 et
2385 2371 2441 2424 in
2485 2370 2656 2425 tribus
2693 2367 2876 2424 diebus
2917 2369 3157 2425 excitabo
3207 2367 3345 2423 illud
3368 2367 3438 2425 “.

1857 2463 1997 2520 Nam
2026 2464 2120 2535 qui
2153 2471 2400 2520 mortuos
2444 2478 2638 2520 omnes
2672 2462 2933 2531 viviticat,
2963 2463 3130 2518 etiam
3160 2461 3440 2518 hominem

1857 2576 1926 2617 ex
1961 2559 2132 2615 Maria
2170 2568 2356 2614 natum
2384 2557 2660 2615 Christum
2688 2557 2898 2625 Jesum,
2920 2573 3083 2630 quem
3122 2572 3442 2628 assumpse-

1859 2663 1967 2723 rat,
1998 2654 2310 2710 viviﬁcavit.
2358 2653 2416 2708 Si
2451 2653 2596 2708 enim
2641 2666 2767 2709 cum
2804 2659 2953 2708 esset
2996 2651 3054 2706 in
3099 2667 3283 2716 cruce,
3319 2666 3444 2723 quae

1859 2743 2306 2822 prius‘dissoluta
2335 2751 2491 2799 erant
2517 2751 2835 2800 sanctorum
2866 2757 3100 2814 corpora
3131 2743 3440 2809 suscitavit,

1860 2836 2034 2892 multo
2067 2837 2240 2906 magis
2280 2837 2548 2893 suscitare
2579 2837 2753 2906 potuit
2775 2850 2978 2907 corpus
3008 2835 3156 2907 quod
3186 2837 3439 2907 gestavit,

1859 2928 1954 2998 qui
1985 2936 2069 2983 est
2094 2943 2310 2998 semper
2334 2927 2525 2984 vivens
2565 2926 2711 2982 Deus
2757 2927 3007 2993 verbum,
3045 2935 3108 2982 ut
3137 2926 3269 2984 dicit
3295 2925 3442 2983 Pau—

1860 3019 1981 3074 lus:
2022 3017 2202 3073 Vivens
2228 3018 2370 3073 enim
2388 3018 2482 3073 Dei
2518 3017 2745 3074 Verbum
2773 3029 2820 3074 et
2847 3018 3110 3089 efﬁcax“.

1935 3111 1987 3167 5.
2012 3109 2136 3167 Vita
2168 3111 2308 3166 mori
2337 3111 2543 3182 nequit,
2591 3112 2838 3182 quinimo
2892 3120 3140 3168 mortuos
3180 3111 3438 3170 viviticat.

1780 3184 1822 3241 δ
1856 3202 1952 3258 Est
1983 3201 2167 3274 itaque
2202 3202 2328 3260 fons
2359 3205 2503 3271 vitae,
2536 3221 2634 3274 per
2657 3220 2814 3260 suam
2851 3219 2918 3259 ex
2949 3204 3109 3260 Patre
3142 3205 3437 3263 deitatem:

1856 3292 2023 3346 homo
2056 3301 2237 3348 autem
2283 3302 2369 3349 est
2400 3294 2496 3365 qui
2527 3304 2778 3350 mortuus
2820 3304 2924 3361 est,
2957 3295 3254 3366 itidemque
3279 3296 3375 3367 qui
3407 3314 3438 3351 α

1856 3385 2090 3440 mortuis
2111 3385 2382 3442 excitatus
2408 3396 2511 3454 est,
2543 3387 2638 3459 qui
2668 3387 2831 3442 etiam
2863 3387 3104 3457 postulat
3131 3404 3231 3459 pro
3255 3389 3438 3455 nobis,

1855 3487 2019 3535 natus
2051 3493 2119 3534 ex
2151 3477 2374 3550 Virgine
2403 3478 2594 3547 Maria,
2627 3495 2789 3551 quem
2823 3480 2997 3537 deitas
3020 3479 3183 3537 Verbi
3218 3491 3440 3553 propter

1859 3585 1960 3624 nos
1989 3571 2307 3640 assumpsit.
2343 3569 2498 3637 Quod
2534 3572 2719 3641 itaque
2750 3571 3014 3642 scriptum
3045 3581 3168 3638 est,
3198 3571 3267 3627 In
3286 3575 3439 3644 prin-

1857 3663 1992 3732 cipio
2030 3673 2141 3715 erat
2188 3661 2436 3729 Verbum,
2463 3662 2720 3720 deitatem
2751 3665 3037 3720 manifeste
3068 3665 3328 3722 declarat.
3363 3665 3437 3721 υς

1858 3753 1950 3808 lud
1997 3762 2202 3820 autem,
2241 3751 2468 3808 Verbum
2504 3770 2626 3807 caro
2658 3754 2857 3823 factum
2894 3767 2991 3825 est,
3021 3755 3239 3813 Domini
3287 3772 3440 3814 com-

1858 3853 2128 3900 monstrat
2157 3845 2580 3900 humanitatem.

1933 3937 2142 4008 1031
2175 3937 2228 3992 4.
2257 3937 2472 3994 Accidit
2500 3947 2559 3994 ut
2591 3937 2828 3996 Lazarus
2849 3941 3041 3997 morbo
3071 3941 3299 3998 atl‘ectus
3327 3957 3442 3998 mo-

1858 4040 2071 4086 reretur
2098 4050 2112 4086 :
2144 4031 2308 4087 homo
2337 4041 2517 4086 autem
2543 4029 2883 4100 Dominicus,
2913 4048 3024 4088 non
3049 4033 3253 4104 praevia
3290 4035 3441 4105 aegri-

1861 4123 2089 4190 tudine,
2143 4138 2244 4179 nec
2287 4122 2491 4179 invitus
2542 4133 2792 4180 mortuus
2846 4135 2970 4194 est;
3019 4125 3114 4182 sed
3169 4143 3236 4182 ex
3267 4142 3327 4183 se
3369 4131 3438 4184 ad

1861 4215 2057 4270 mortis
2114 4215 2481 4270 oeconomiam
2537 4216 2810 4282 accessit,
2855 4215 3214 4274 conﬁrmatus
3253 4232 3284 4276 a
3329 4216 3442 4274 Deo

1864 4303 2064 4371 Verbo,
2104 4307 2158 4362 in
2185 4309 2304 4378 ipso
2330 4306 2632 4372 habitante,
2655 4306 2750 4377 qui
2775 4307 3128 4364 dixitzNemo
3152 4309 3291 4364 tollit
3322 4311 3440 4365 ani-

1864 4415 2006 4452 mam
2036 4414 2206 4452 meam
2226 4415 2259 4453 a
2282 4415 2384 4453 me.
2420 4397 2504 4452 Ea:
2534 4401 2733 4470 meipso
2764 4417 2882 4454 eam
2911 4416 3045 4470 pono
3082 4415 3101 4454 :
3127 4411 3441 4470 potestatem

1862 4487 2026 4543 habeo
2066 4489 2294 4559 ponendi
2341 4489 2531 4558 ipsam,
2575 4501 2627 4544 et
2671 4507 2884 4545 rursum
2925 4500 3234 4561 potestatem
3277 4491 3440 4547 habeo

1863 4581 2160 4652 accipiendi
2184 4583 2356 4651 ipsam
2373 4580 2439 4635 ".
2472 4579 2656 4638 Deitas
2683 4598 2813 4654 ergo
2842 4581 2964 4637 Filii
2986 4593 3090 4651 est,
3121 4599 3243 4656 quae
3292 4587 3443 4656 ponit

1860 4683 1914 4729 et
1938 4674 2137 4744 accipit
2161 4673 2403 4728 animam
2448 4673 2690 4729 hominis
2729 4691 2888 4745 quem
2916 4677 3170 4747 gestavit.
3212 4674 3438 4732 Plenum

1860 4768 2008 4822 enim
2036 4767 2314 4822 hominem
2340 4768 2602 4837 suscepit,
2627 4777 2686 4822 ut
2705 4779 2758 4822 et
2778 4767 2994 4838 plenum
3020 4769 3219 4839 ipsum,
3242 4777 3295 4824 et
3313 4783 3440 4826 cum

1859 4857 1981 4928 ipso
2011 4869 2260 4914 mortuos
2288 4858 2607 4914 viviticaret.

1935 5039 1988 5094 5.
2023 5037 2162 5095 Cum
2195 5038 2311 5109 ipse
2344 5049 2559 5108 potens,
2591 5039 2946 5109 omniumque
2975 5038 3156 5109 opifex
3187 5047 3352 5104 esset,
3385 5039 3439 5093 in

1863 5130 2086 5202 Virgine
2134 5132 2396 5201 templum
2427 5132 2552 5197 sibi,
2599 5132 2809 5187 scilicet
2839 5129 3076 5202 corpus,’
3097 5132 3330 5202 paravit,
3385 5144 3440 5189 et

1859 5224 2140 5296 proprium
2187 5226 2288 5281 sibi
2345 5225 2477 5281 facit
2509 5227 2669 5296 quasi
2703 5227 3152 5292 instrumentum,
3211 5227 3266 5281 in
3320 5227 3440 5298 ipso

1859 5318 2136 5387 cognitus,
2188 5317 2242 5371 in
2287 5319 2408 5388 ipso
2450 5319 2730 5374 habitans.
2784 5317 2992 5374 Idcirco
3047 5335 3248 5390 corpus
3291 5321 3441 5390 quod

1859 5408 2002 5463 mori
2032 5409 2208 5479 possit
2230 5410 2462 5469 assumit
2491 5411 2593 5466 sibi
2623 5429 2638 5478 ;
2666 5421 2725 5467 ut
2756 5410 2899 5467 idem
2925 5428 3125 5484 corpus
3154 5410 3249 5466 Dei
3274 5410 3438 5469 Verbi

1805 5546 1849 5578 ³⁸
1879 5545 2025 5602 Psal.
2055 5563 2298 5613 Lxxxvn,
2327 5548 2380 5616 5,
2413 5548 2467 5602 6.
2549 5549 2592 5579 "
2614 5549 2733 5604 Act.
2769 5565 2893 5617 1m,
2925 5549 3015 5606 29.
3093 5552 3139 5585 ⁸⁸
3163 5549 3321 5609 Joan.
3363 5567 3439 5619 ιι,

257 5752 368 5822 (57)
392 5757 545 5818 llunc
577 5761 703 5819 item
736 5763 916 5818 locum
939 5761 1084 5831 apud
1105 5759 1510 5818 Thcodoretum
1538 5759 1726 5827 habes,
1755 5768 1808 5814 et
1841 5758 1983 5830 apud
2006 5758 2280 5816 Gelasium
2311 5757 2387 5815 De
2413 5758 2618 5817 duabus
2646 5759 2872 5815 naturis.

3296 321 3434 376 uss
3519 379 3528 396 ,
