3794 6226
313 325 444 382 [267

879 323 939 381 S.
980 321 1355 378 ATHANASII
1394 319 1549 378 OPP.
1592 318 1774 375 PARS
1802 315 1844 371 l.
1881 343 1952 358 -ν-
1990 310 2361 369 HISTORICA
2424 308 2513 364 ET
2549 304 2967 364 DOGMATICA.

3437 288 3624 346 £268

311 442 602 512 particeps,
629 441 696 496 ad
732 451 960 496 mortem
989 457 1090 511 pro
1115 440 1370 495 omnibus
1396 437 1735 494 subeundam
1766 434 1865 489 ido‘

2046 432 2166 495 ιῦτο,
2190 430 2284 484 τοῦ
2302 427 2440 482 Θεοῦ
2460 426 2643 496 Λόγου
2659 421 2980 496 μεταλαϐὺν,
3003 417 3124 474 ἀντί
3145 415 3363 470 πάντων
3393 405 3623 512 ἰκανὸν

311 550 472 589 neum
503 543 689 602 esset;
717 549 803 603 ac,
836 545 1054 606 propter
1083 533 1319 590 Verbum
1354 533 1686 598 inhabitans,
1709 530 1888 584 incor-

311 633 534 695 ruptum
568 633 836 680 maneret.

380 733 435 788 6.
469 719 711 788 Verbum
751 747 955 802 quippe
992 731 1110 799 Dei,
1164 747 1288 786 cum
1345 746 1512 801 supra
1557 745 1747 786 omnes
1794 731 1885 798 sit,

308 822 570 893 templum
605 837 767 878 suum
796 829 853 877 et
893 837 1219 892 corporeum
1277 823 1699 877 instrumentum
1751 823 1886 877 olfe-

309 933 436 972 rens
485 915 540 970 in
592 916 1021 985 redemptionem
1067 931 1164 986 pro
1214 917 1492 982 omnibus,
1541 932 1642 988 pro
1694 918 1888 972 merito

309 1010 554 1080 implevit
597 1010 861 1073 debitum,
914 1010 1061 1079 quod
1107 1009 1163 1064 in
1196 1019 1372 1065 morte
1421 1011 1585 1065 situm
1620 1019 1736 1066 erat
1767 1029 1781 1077 ;
1811 1019 1885 1074 et,

310 1111 494 1172 utpote
524 1101 618 1172 qui
670 1109 892 1171 propter
941 1101 1360 1157 similitudinem
1385 1101 1640 1157 omnibus
1689 1103 1889 1157 inesset

307 1195 740 1265 ineorruptibilis
768 1193 863 1249 Dei
895 1193 1089 1259 Filius,
1120 1210 1336 1260 omnes,
1376 1203 1437 1250 ut
1458 1202 1884 1250 consentaneum

305 1297 448 1353 erat,
481 1288 539 1342 in
577 1287 944 1358 promissione
978 1287 1398 1343 resurrectionis
1439 1287 1620 1341 induit
1662 1287 1888 1340 immor-

305 1379 561 1437 talitate:
610 1389 665 1434 et
705 1380 1018 1450 corruptio,
1088 1394 1211 1449 quae
1270 1379 1572 1435 secundum
1636 1379 1886 1435 homines

308 1482 541 1527 mortem
599 1471 980 1540 consequitur,
1023 1486 1365 1540 nequaquam
1396 1471 1540 1526 ultra
1573 1471 1756 1526 locum
1791 1471 1886 1525 ha-

306 1563 418 1629 bet,
457 1572 676 1633 propter
706 1561 946 1618 Verbum
997 1563 1050 1616 iu
1086 1564 1218 1632 ipsis
1247 1564 1521 1628 habitans,
1551 1563 1680 1633 quia
1714 1579 1882 1617 unum

306 1672 432 1712 cum
462 1671 530 1711 eo
588 1672 790 1726 corpus
837 1667 986 1712 sunt.
1037 1658 1116 1712 Ac
1150 1657 1375 1727 perinde
1405 1667 1568 1728 atque
1616 1674 1740 1712 cum
1788 1673 1884 1712 rex

304 1748 527 1817 quidam
558 1764 792 1820 magnus
822 1750 875 1803 in
909 1750 1146 1818 aliquam
1188 1750 1423 1820 amplam
1473 1751 1662 1806 urbem
1693 1750 1881 1814 intrat,
1913 1790 1956 1845 Β

304 1853 360 1894 et
392 1841 446 1894 in
479 1855 587 1895 una
613 1840 904 1896 domorum
931 1842 1052 1913 ejus
1093 1842 1344 1908 habitat;
1375 1843 1508 1898 urbs
1535 1858 1666 1898 sane
1692 1843 1882 1914 hujus-

305 1930 452 1984 modi
493 1945 690 2000 magno
721 1930 956 1990 aﬂicitur
1008 1933 1238 1997 honore,
1272 1948 1448 2002 neque
1501 1933 1729 1988 ulterius
1757 1934 1882 2004 quis

307 2016 548 2072 hostium
585 2016 836 2073 furumve
864 2020 1130 2076 insultare
1162 2021 1266 2090 ipsi
1297 2029 1392 2076 aut
1442 2037 1562 2076 eam
1597 2023 1882 2078 destruere

304 2108 502 2175 audet;
532 2109 645 2163 imo
670 2124 802 2164 vero
832 2112 977 2180 regis
1010 2113 1063 2166 in
1094 2127 1203 2167 una
1231 2112 1519 2166 domorum
1573 2115 1693 2184 ejus
1725 2114 1882 2168 habi-

306 2198 470 2254 tantis
515 2200 714 2269 gratia,
760 2216 887 2257 eum
939 2203 1087 2257 nulla
1131 2219 1239 2258 non
1281 2204 1649 2260 sollicitudine
1717 2215 1880 2276 atque

304 2292 502 2346 decore
532 2291 624 2346 illa
659 2302 908 2348 servatur
937 2311 952 2362 ;
985 2295 1103 2364 pari
1142 2295 1308 2350 modo
1334 2295 1402 2351 de
1452 2294 1737 2352 Servatere
1783 2312 1882 2350 no»

303 2393 418 2450 stro
451 2391 654 2440 actum.
689 2385 827 2441 Cum
876 2387 1116 2443 venisset
1161 2389 1303 2442 enim
1342 2389 1399 2444 in
1446 2389 1724 2459 regionem
1776 2405 1879 2444 no-

305 2482 500 2540 stram,
537 2485 591 2530 et
634 2475 972 2532 domicilium
1022 2478 1255 2548 cepisset
1295 2479 1350 2534 in
1405 2494 1633 2549 corpore
1674 2480 1880 2535 nostris

303 2566 494 2632 simili,
535 2567 732 2623 exinde
773 2583 964 2624 omnes
999 2578 1191 2625 contra
1230 2570 1509 2627 hominem
1545 2572 1759 2628 insidia:
1793 2586 1880 2629 se—

301 2655 459 2712 datae.

376 2770 428 2826 7.
478 2768 664 2842 Neque
711 2776 857 2829 enim
903 2775 1302 2834 circumclusus
1349 2781 1404 2834 in
1441 2794 1671 2851 corpore
1719 2791 1882 2852 erat;

299 2877 480 2933 neque
514 2865 678 2919 etiam
707 2865 782 2920 ita
816 2867 871 2922 in
903 2882 1133 2938 corpore
1175 2878 1294 2925 erat
1318 2880 1379 2927 ut
1407 2872 1608 2928 alicubi
1639 2889 1748 2930 non
1785 2891 1878 2930 es—

301 2963 384 3010 set
411 2973 425 3020 ;
460 2971 640 3025 neque
664 2958 738 3012 ita
780 2973 979 3028 corpus
1007 2961 1279 3026 movebat,
1320 2972 1382 3017 ut
1415 2964 1520 3019 alia
1546 2965 1667 3035 ejus
1695 2966 1880 3036 provi-

299 3045 482 3100 dentia
516 3046 877 3118 privarentur.
913 3047 1040 3115 Sed,
1070 3051 1218 3120 quod
1241 3051 1332 3106 vix
1367 3053 1486 3122 capi
1516 3055 1714 3122 valeat,
1751 3071 1875 3110 cum

1990 525 2210 595 γένηται
2238 522 2317 592 τῷ
2345 520 2582 590 Θανάτῳ,
2611 519 2705 571 καί¹
2744 516 2832 570 διὰ
2881 515 2974 567 τὸν
3018 510 3380 580 ἐνοικήσαντα
3406 502 3626 568 Λόγον

1989 615 2265 685 ἄφθαρτον
2290 611 2558 683 διαμείνῃ.
3160 681 3162 684 ν

2059 725 2110 778 6.
2165 724 2337 794 ’Υπὲρ
2368 723 2575 784 πάντας
2599 719 2711 790 γάρ
2744 716 2820 770 ὢν
2865 717 2894 770 6
2941 715 3112 783 Λόγος
3160 710 3255 765 τοῦ
3295 707 3461 774 Θεοῦ,
3520 706 3620 757 εἰ·

1989 817 2162 880 κότως
2201 816 2294 868 τὸν
2345 813 2540 868 ἑαυτοῦ
2582 811 2708 866 ναὸν
2750 809 2844 864 καί
2892 807 2952 861 τὸ
2990 803 3298 875 σωματικὸν
3338 801 3620 892 ὄργανον
3701 881 3713 892 .

1987 906 2356 982 προσαγαγὼν
2401 906 2696 975 ἀντίψυχον
2761 900 2901 972 ὑπὲρ
2944 899 3182 962 πάντων,
3237 895 3484 965 ἐπλήρου
3539 891 3619 982 τό

1987 981 2332 1072 ὀφειλόμενον
2359 1001 2418 1052 ἐν
2454 997 2533 1068 τῷ
2561 997 2797 1066 θανάτῳ’
2832 993 2927 1046 καὶ
2966 992 3042 1054 ὡς
3072 987 3247 1042 συνὼν
3275 987 3330 1040 δέ
3359 986 3450 1039 διὰ
3486 981 3615 1037 τοῦ

1986 1094 2169 1164 ὁμοίου
2199 1095 2312 1156 τοῖς
2348 1093 2513 1146 πᾶσιν
2541 1092 2570 1144 ό
2601 1089 2876 1158 ἄφθαρτος
2892 1084 2987 1139 τοῦ
3021 1083 3154 1136 Θεοῦ
3176 1081 3323 1145 Υἱὸς,
3344 1079 3617 1139 εἰκότως

1984 1188 2111 1250 τοὺς
2145 1186 2352 1248 πάντας
2385 1183 2632 1236 ἐνέδυσεν
2665 1178 2972 1250 ἀφθαρσίαν
2995 1179 3053 1230 ἐν
3079 1179 3145 1248 τῇ
3187 1175 3285 1244 τῆς
3330 1170 3610 1225 ἀναστά-

1987 1295 2123 1341 σεως
2147 1276 2470 1348 ἐπαγγελίᾳπ
2503 1275 2597 1328 καί¹
2630 1272 2769 1344 αὑτὴ
2803 1274 2836 1343 ἡ
2874 1274 2931 1324 ἐν
2983 1268 3062 1338 τῷ
3121 1267 3332 1335 θανάτῳ
3371 1261 3605 1333 φθορὰ,

1985 1369 2128 1424 κατά
2175 1369 2264 1422 τὸν
2311 1368 2616 1438 ἄνθρωπον,
2667 1364 2850 1418 οὐκέτι
2909 1362 3093 1434 χώραν
3136 1359 3279 1430 ἔχει,
3327 1356 3416 1410 διὰ
3483 1354 3608 1407 τὸν

1986 1461 2344 1531 ἐνοικήσαντα
2379 1459 2552 1526 Λόγον
2577 1460 2637 1511 ἐν
2664 1455 2877 1519 τούτοις
2905 1454 2992 1507 διὰ
3019 1453 3115 1505 τοῦ
3149 1451 3265 1514 ἐνὸς
3294 1447 3608 1518 σώματος.

1985 1551 2097 1604 Καὶ
2119 1549 2308 1620 ὥσπερ
2358 1548 2596 1620 μεγάλου
2641 1546 2905 1616 βασιλέως
2943 1542 3273 1602 εἰσελθόντος
3315 1539 3396 1602 είς
3443 1555 3605 1590 τινα

1986 1643 2141 1696 πόλιν
2182 1641 2445 1714 μεγάλην,
2477 1641 2570 1694 καὶ
2599 1640 2918 1709 οἰκήσαντος
2947 1638 3027 1698 εἰς
3049 1634 3175 1706 μίαν
3210 1633 3316 1687 τῶν
3345 1634 3403 1685 ἐν
3427 1631 3600 1702 αὐτῇ

1985 1733 2193 1796 οἰκιῶν,
2220 1733 2438 1795 πάντως
2467 1735 2500 1803 ἡ
2543 1730 2765 1801 τοιαύτη
2799 1729 2956 1792 πόλις
2979 1726 3179 1796 πολλῆς
3197 1724 3360 1795 τιμῆς
3384 1721 3604 1787 ἀξιοῦ-

1984 1845 2095 1892 ται,
2136 1828 2230 1880 καί
2247 1825 2430 1880 οὐκέτι
2460 1841 2543 1887 τις
2568 1822 2760 1894 ἐχθρὸς
2786 1821 2955 1891 αὐτὴν
2984 1820 3019 1891 ἢ
3045 1817 3245 1892 λῃστὴς
3274 1815 3603 1869 ἐπιϐαίνων

1984 1918 2376 1990 καταστρέφειο
2411 1917 2590 1987 πάσης
2625 1915 2682 1968 δέ
2726 1913 2926 1985 μᾶλλον
2973 1909 3290 1981 ἐπιμελείας
3319 1907 3600 1972 ἀξιοῦται

1984 2010 2074 2064 διὰ
2103 2010 2195 2063 τὸν
2231 2011 2310 2072 εἰς
2352 2008 2477 2079 μίαν
2526 2006 2696 2074 αὐτῆς
2747 2004 2924 2058 οἰκίαν
2981 2003 3277 2073 οἰκήσαντα
3319 1998 3594 2069 βασιλέαο

1981 2100 2125 2154 οὕτω
2158 2099 2251 2152 καὶ
2277 2098 2369 2150 ἐπὶ
2393 2095 2486 2149 τοῦ
2505 2094 2772 2167 ἡμετέρου
2806 2093 3059 2163 Σωτῆρος
3086 2091 3326 2160 γέγονεν.
3356 2087 3597 2142 Ἐλθόν-

1981 2209 2074 2254 τος
2093 2189 2202 2261 γὰρ
2236 2188 2403 2243 αὐτοῦ
2440 2189 2522 2248 εἰς
2575 2186 2676 2258 τὴν
2715 2184 2993 2256 ἡμετέραν
3046 2181 3252 2255 χώραν,
3290 2182 3383 2235 καὶ
3410 2181 3594 2252 οἰκή-

1983 2300 2179 2346 σαντος
2223 2284 2304 2346 εἰς
2354 2281 2412 2334 ἓν
2445 2280 2556 2333 τῶν
2607 2279 2808 2349 ὁμοίων
2864 2275 3153 2348 σωμάτων,
3202 2273 3384 2328 λοιπὸν
3412 2275 3592 2327 πᾶσα

1982 2373 2126 2429 κατὰ
2175 2371 2267 2426 τόν
2327 2371 2612 2443 ἄνθρωπον
2679 2367 2936 2441 ἐπιϐουλὴ
3046 2368 3087 2436 f.
3126 2363 3405 2438 ἐπιϐολὴ]
3464 2365 3600 2420 πέο-

1982 2483 2201 2522 παυται.

2054 2773 2107 2826 7.
2165 2773 2238 2827 Οὺ
2292 2772 2399 2843 γὰρ
2435 2768 2950 2841 περικεκλεισμένος
2994 2762 3062 2839 ῆν
3102 2767 3162 2819 ἐν
3197 2763 3276 2837 τῷ
3328 2762 3588 2836 σώματι,

1979 2861 2099 2916 οὐδὲ
2134 2863 2192 2914 ἐν
2241 2861 2452 2933 σώματι
2503 2862 2602 2933 μὲν
2653 2857 2743 2933 ἦν,
2770 2860 3040 2930 ἀλλαχόσε
3081 2859 3140 2912 δὲ
3178 2859 3280 2911 οὐκ
3311 2852 3413 2929 ἦν,
3440 2857 3584 2911 οῦδὲ

1955 2953 2155 3010 ,ἐκεῖνο
2189 2951 2285 3022 μὲν
2307 2951 2498 3016 ἐκίνει,
2533 2950 2667 3004 ἀλλα
2699 2950 2756 3002 δὲ
2800 2949 2902 3020 τῆς
2929 2947 3093 3002 αὑτοῦ
3127 2947 3382 3019 προνοίας
3413 2948 3585 2999 ἐστε-

1984 3047 2145 3116 ρεῖτοο
2207 3042 2344 3096 ἀλλὰ
2381 3042 2443 3096 τὸ
2487 3040 2941 3112 παραδοξότατον,
2991 3039 3164 3107 Λόγος
3206 3037 3302 3103 ὢν,
3341 3038 3403 3091 οὐ
3437 3055 3584 3089 συν-

299 3133 540 3192 Verbum
587 3148 772 3205 esset,
826 3155 858 3195 a
905 3142 1056 3196 nullo
1089 3144 1493 3213 continebatur,
1538 3147 1650 3202 imo
1696 3149 1865 3217 potius

2046 3151 2156 3206 (ετο
2185 3135 2284 3205 μὲν
2306 3133 2410 3186 ὑπό
2452 3151 2617 3196 τινος,
2673 3135 2884 3202 συνεῖχε
2913 3131 2971 3184 δέ
3021 3131 3091 3184 τὰ
3129 3131 3309 3184 πάντα
3364 3128 3584 3201 μᾶλλον

299 3229 765 3298 complectebatur
821 3233 1029 3288 omnia.
1087 3231 1317 3304 Propter
1371 3234 1533 3292 Verbi
1582 3238 1882 3300 adventum.

300 3319 356 3372 in
376 3319 583 3389 ipsum,
611 3335 724 3375 non
746 3321 888 3376 ultra
919 3338 1118 3393 corpus
1140 3323 1295 3395 juxta
1322 3328 1596 3397 propriam
1623 3338 1879 3386 naturam

297 3407 776 3478 corrumpebatur,
808 3410 902 3464 sed
935 3422 1157 3480 propter
1180 3412 1492 3469 inhabitans
1517 3413 1612 3470 Dei
1635 3413 1875 3470 Verbum

297 3499 651 3567 corruptione
687 3515 921 3555 vacuum
975 3511 1111 3557 erat.
1155 3501 1370 3575 Corpus
1407 3505 1677 3575 siquidem
1719 3508 1876 3578 juxta

299 3603 594 3660 corporum
628 3599 882 3647 naturam
914 3594 1260 3663 patiebatur:
1287 3597 1759 3669 nihilominusque
1792 3599 1878 3654 in-

295 3679 666 3764 corruptionis
705 3689 959 3737 naturam
1000 3699 1098 3754 per
1132 3685 1446 3743 inhabitans
1497 3688 1554 3742 in
1587 3688 1706 3758 ipso
1736 3687 1876 3744 Ver-

298 3767 430 3823 bum
460 3770 670 3826 habuit.

365 3879 427 3935 8.
447 3879 567 3950 ipse
615 3880 711 3938 Dei
754 3881 924 3941 Filius
969 3886 1133 3942 trium
1183 3887 1398 3943 dierum
1435 3891 1613 3960 spatio
1649 3905 1872 3962 corpus,

291 3972 442 4041 quod
477 3982 755 4028 mortuum
787 3985 926 4042 erat,
974 3977 1154 4032 effecit
1188 3979 1499 4035 immortale
1542 3990 1598 4037 et
1626 3983 1876 4037 incorru-

291 4069 486 4133 ptum;
534 4065 900 4136 omnibusque
946 4067 1212 4138 liquidum
1246 4069 1358 4125 fuit
1395 4086 1507 4126 non
1556 4072 1874 4129 inﬁrmitate

291 4160 502 4208 naturae
531 4155 887 4212 inliabitantis
924 4158 980 4212 in
1014 4159 1135 4229 ipso
1168 4160 1331 4216 Verbi
1378 4171 1655 4218 mortuum
1703 4163 1872 4220 fuisse

289 4258 510 4312 corpus,
552 4245 644 4300 sed
677 4255 737 4301 ut
776 4263 929 4304 mors
974 4249 1337 4321 abrogaretur
1381 4251 1440 4306 in
1490 4253 1609 4322 ipso
1637 4269 1734 4325 per
1759 4256 1871 4310 vir-

287 4345 457 4391 tutem
487 4334 817 4394 Servatoris.

1977 3227 2159 3290 αὐτός.
2203 3227 2282 3296 Τῇ
2334 3226 2392 3279 δὲ
2431 3225 2526 3278 τοῦ
2573 3224 2746 3293 Λόγου
2794 3226 2874 3288 εἰς
2914 3223 3044 3277 αὐτὸ
3082 3223 3330 3277 ἐπιϐάσει
3380 3221 3586 3276 οὐκέτι

1947 3354 1950 3356 ~
1977 3318 2118 3371 κατὰ
2138 3318 2238 3387 τὴν
2277 3317 2412 3371 ἰδίαν
2455 3316 2615 3386 φύσιν
2659 3314 2944 3388 ἐφθείρετο
2976 3316 3037 3369 τὸ
3070 3316 3250 3386 σῶμα·
3300 3315 3438 3369 ἀλλά
3469 3315 3577 3368 διὰ

1975 3409 2067 3463 τόν
2111 3408 2422 3464 ἐνοικοῦντα
2458 3409 2553 3463 τοῦ
2599 3409 2736 3462 Θεοῦ
2794 3410 2967 3478 Λόγον
3007 3409 3162 3472 ἐκτὸς
3194 3407 3406 3474 ἐγίνετο
3435 3405 3574 3475 φθο-

1981 3503 2333 3574 ρᾶς.Πάσχον
2379 3503 2478 3573 μὲν
2520 3501 2628 3573 γάρ
2668 3501 2732 3554 τὸ
2765 3500 2944 3571 σῶμα,
2991 3500 3134 3554 κατά
3172 3499 3268 3571 τὴν
3318 3499 3428 3552 τῶν
3457 3517 3573 3552 σω-

1979 3595 2164 3664 μάτων
2196 3594 2357 3664 φύσιν
2383 3594 2641 3672 ἐπασχενς
2701 3591 2812 3664 εἶχε
2861 3592 2918 3646 δέ
2959 3593 3057 3664 τῆς
3103 3591 3409 3664 ἀφθαρσίας
3460 3592 3571 3664 τὴν

1977 3685 2137 3756 φύσιν
2163 3687 2228 3740 ἐκ
2252 3685 2347 3740 τοῦ
2382 3687 2800 3758 συνοικήσαντος
2829 3683 2978 3755 αὑτῷ
3007 3684 3204 3754 Λόγου.

2045 3889 2098 3945 8.
2137 3889 2308 3954 Αὐτὸς
2331 3892 2360 3943 6
2389 3889 2483 3943 τοῦ
2517 3888 2652 3943 Θεοῦ
2682 3889 2811 3954 Υίὸς
2837 3891 2896 3943 ἐν
2920 3888 3203 3960 τριημέρῳ
3230 3887 3567 3959 διαστήματι

1975 3981 2167 4053 νεκρὸν
2208 3983 2500 4052 γενόμενον
2546 3980 2608 4034 τὸ
2659 3981 2818 4051 σῶμα
2877 3979 3075 4047 ἔδειξεν
3140 3979 3408 4034 ἀθάνατον
3464 3980 3567 4034 καὶ

1973 4066 2271 4138 ἄφθαρτον·
2289 4070 2384 4122 καὶ
2403 4069 2612 4140 ἐδείχθη
2635 4069 2822 4133 πᾶσιν,
2839 4069 2920 4122 ὃτι
2942 4067 3041 4122 οὐκ
3068 4068 3322 4140 ἀσθενείᾳ
3343 4070 3565 4138 φύσεως

1971 4159 2065 4212 τοῦ
2099 4159 2434 4225 ἐνοικοῦντος
2459 4161 2634 4230 Λόγου
2665 4160 2894 4232 τέθνηκε
2923 4162 2986 4214 τὸ
3013 4161 3192 4232 σῶμα,
3226 4162 3340 4216 ἀλλ’
3362 4163 3455 4216 ἐπὶ
3479 4163 3566 4234 τῷ

1969 4253 2062 4304 τὸν
2094 4252 2324 4306 θάνατον
2356 4253 2783 4325 ἐξαφανισθῆναι
2815 4255 2872 4306 ἐν
2919 4252 3068 4324 αὐτῷ
3111 4256 3176 4325 τῇ
3207 4253 3436 4326 δυνάμει
3461 4254 3562 4309 τοῦ

1971 4346 2242 4417 Σωτῆρος.

356 4449 410 4505 9.
446 4449 618 4516 Quem
649 4452 935 4520 oportebat
968 4451 1082 4508 fore
1115 4453 1364 4523 corporis
1409 4454 1604 4524 linem,
1636 4472 1769 4512 cum.
1811 4458 1865 4512 in

2046 4455 2095 4511 9.
2134 4457 2295 4510 Ποῖον
2335 4456 2450 4511 ἔδει,
2479 4457 2633 4522 τέλος
2675 4457 2929 4527 γενέσθαι
2984 4458 3078 4511 τοῦ
3135 4456 3404 4527 σώματος,
3438 4458 3564 4510 ἐπι-

283 4542 465 4611 ipsum
523 4544 834 4600 advenisset
873 4543 1155 4601 Verbum?
1207 4545 1325 4602 Non
1365 4549 1504 4604 mori
1559 4550 1860 4620 nequibat,

281 4632 409 4702 quia
441 4634 670 4690 mortale
694 4644 851 4702 erat;
885 4646 939 4690 et
975 4652 1078 4706 pro
1123 4639 1383 4696 omnibus
1419 4640 1754 4697 offerendum
1806 4644 1862 4698 in

284 4732 548 4792 mortem,
584 4741 692 4795 qua
722 4727 790 4781 de
828 4743 995 4784 causa
1027 4728 1280 4786 Salvator
1312 4733 1490 4802 ipsum
1532 4745 1856 4804 paraverat;

280 4828 502 4870 manere
558 4823 836 4872 mortuum
897 4833 1008 4872 non
1063 4829 1315 4890 poterat,
1360 4833 1548 4892 utpote
1602 4825 1860 4894 templum

276 4903 442 4967 vitae;
493 4906 854 4972 quamobrem
914 4914 976 4961 ut
1031 4910 1266 4963 mortale
1307 4911 1528 4980 quidem
1576 4913 1751 4980 obiit,
1807 4924 1862 4970 at

279 5002 500 5062 propter
527 4995 694 5052 vitam
725 4998 780 5052 in
815 4999 936 5070 ipso
967 5001 1133 5056 sitam
1161 5002 1380 5059 revixit.

351 5164 438 5220 lo.
491 5165 635 5232 Quid
691 5167 1014 5226 incredibile
1046 5186 1362 5238 narramus,
1419 5188 1544 5227 cum
1579 5173 1813 5230 dicimus
1839 5217 1855 5243 ,

284 5253 518 5312 Verbum
558 5259 612 5312 in
637 5270 913 5316 errantem
943 5271 1107 5332 atque
1136 5263 1344 5334 lapsam
1381 5274 1634 5320 naturam
1665 5267 1857 5321 huma-

275 5363 402 5402 nam
452 5349 765 5418 insedisse,
828 5353 1222 5426 hominemque
1268 5357 1474 5414 factum
1532 5358 1742 5426 fuisse;
1795 5370 1855 5415 ut

274 5449 600 5511 tempestate
643 5444 864 5516 jactatae
902 5449 1004 5518 ipsi
1047 5450 1278 5506 salutem
1312 5453 1588 5508 conferret
1630 5469 1725 5524 per
1753 5454 1852 5509 ad-

274 5531 731 5592 ministrationem
759 5547 816 5593 et
842 5539 1141 5597 bonitatem
1168 5545 1377 5598 suam?
1403 5548 1422 5568 "
1441 5549 1458 5568 ¹
1478 5547 1495 5567 ⁸

344 5620 432 5674 ll.
462 5622 546 5677 Ad
579 5627 822 5682 animam
855 5631 1077 5700 quidem
1135 5642 1366 5703 spectat,
1415 5635 1676 5691 interiora
1726 5652 1853 5692 cor-

273 5712 423 5780 poris
473 5715 558 5770 sui
608 5718 939 5787 cogitatione
973 5725 1398 5797 _contemplari;
1446 5743 1622 5798 neque
1673 5738 1852 5785 tamen

1969 4545 2163 4609 ϐάντος
2219 4546 2370 4617 αὐτῷ
2421 4547 2514 4600 τοῦ
2569 4549 2778 4616 Λόγου;
2829 4547 2922 4618 Μὴ
2965 4547 3258 4600 ἀποθανεῖν
3308 4547 3406 4618 μὲν
3445 4548 3560 4620 γάρ

1966 4637 2066 4690 οὐκ
2103 4638 2342 4692 ἐδύνατο·
2396 4639 2493 4693 ἆτε
2540 4639 2604 4711 δὴ
2657 4640 2849 4710 θνητὸν
2882 4640 2962 4704 ὃν,
3004 4640 3100 4692 καὶ
3148 4639 3289 4708 ὑπὲρ
3337 4640 3560 4693 πάντων

1966 4731 2409 4801 προσφερόμενον
2442 4733 2523 4794 εἰς
2551 4731 2643 4784 τὸν
2666 4731 2916 4796 θάνατον,
2947 4728 3009 4785 οὒ
3047 4732 3206 4804 χάριν
3244 4734 3341 4786 καὶ
3363 4736 3392 4787 ό
3442 4733 3560 4786 Σω-

1965 4821 2069 4892 τὴρ
2102 4822 2508 4877 κατεσκεύασεν
2557 4824 2710 4878 αὐτό·
2771 4827 2950 4897 μεῖναι
2980 4826 3037 4880 δὲ
3082 4824 3274 4899 νεκρὸν
3316 4827 3413 4896 οὐχ
3443 4822 3557 4878 οἷόν

1964 4930 2024 4965 τε
2057 4909 2145 4985 ἦν,
2180 4915 2268 4968 διὰ
2315 4914 2376 4967 τὸ
2426 4917 2570 4987 ζωῆς
2599 4917 2732 4969 αὐτὸ
2777 4917 2904 4971 ναὸν
2947 4917 3218 4986 γενέσθαιο
3260 4917 3383 4971 ὃθεν
3441 4919 3555 4971 ἀπ·-

1967 5004 2125 5058 έθανε
2175 5005 2275 5076 μὲν
2314 5006 2389 5070 ὡς
2416 5006 2629 5078 Θνητὺν,
2677 5009 2908 5082 ἀνέζησε
2957 5010 3122 5063 δὲδιά
3154 5010 3253 5081 τὴν
3291 5010 3349 5062 ἐν
3401 5009 3557 5080 αὐτῷ

1965 5098 2128 5170 ζωήν.

2039 5189 2126 5244 10.
2161 5191 2226 5242 Τί
2260 5190 2490 5246 ἄπιστον
2517 5192 2737 5262 λέγεται
2780 5197 2912 5266 παρ’
2937 5195 3116 5266 ἡμῶν,
3151 5197 3221 5259 εἰ,
3262 5194 3558 5264 πλανωμέ-

1963 5295 2062 5349 νης
2087 5279 2188 5348 τῆς
2238 5281 2679 5355 ἀνθρωπότητος,
2713 5284 2944 5348 καθίσας
2973 5287 3001 5337 6
3033 5285 3206 5353 Λόγος
3244 5285 3330 5337 ἐπ’
3359 5285 3552 5354 αὐτὴν,

1960 5371 2244 5443 ἄνθρωπος
2277 5374 2548 5446 ἐπεφάνη,
2583 5377 2670 5430 ἴνα
2720 5377 3126 5447 χειμαζομένην
3180 5376 3352 5448 αὐτὴν
3395 5394 3556 5449 περι-

1961 5459 2111 5533 σὼσῃ
2147 5460 2236 5515 διὰ
2265 5463 2647 5536 κυϐερνήσεως
2670 5467 2762 5519 καί
2785 5467 3153 5536 ἀγαθότητος;
3182 5469 3248 5490 ⁸⁸·

2035 5637 2121 5691 Η.
2155 5638 2351 5708 Ψυχῆς
2409 5639 2510 5710 μὲν
2556 5638 2714 5711 ἔργον
2752 5641 2870 5694 ἐστὶ
2915 5639 3142 5712 θεωρεῖν
3195 5641 3266 5694 τὰ
3319 5641 3428 5696 ἔσω
3457 5641 3555 5694 τοῦ

1967 5729 2095 5785 ἰδίου
2125 5731 2375 5802 σώματος
2405 5736 2517 5798 τοῖς
2549 5733 2848 5803 λογισμοῖς·
2881 5735 2947 5788 οὐ
2981 5733 3086 5802 μὴν
3120 5735 3214 5788 καὶ
3252 5734 3320 5788 τά
3353 5733 3552 5800 ἔξωθεν
