3794 6226
143 271 301 325 1⁸269

1400 273 1635 330 SEBMO
1677 271 1904 326 MAIOR
1943 269 2031 326 DE
2063 270 2228 332 FIDE.

3326 271 3466 330 1270

140 385 248 441 τοῦ
289 386 449 441 ἰδίου
496 389 751 461 σώματος
789 393 1052 464 ἐνεργεῖν,
1081 391 1114 463 ἢ
1141 391 1208 446 τὰ
1255 392 1446 446 τούτου
1475 393 1692 464 μακρὰν
1720 393 1778 462 τῇ

1944 392 2103 446 ica-ari
2149 392 2205 446 in
2247 404 2309 446 ea
2337 398 2519 462 potest
2551 405 2674 463 qua:
2705 399 2861 446 extra
2911 393 3112 461 corpus
3155 399 3284 448 sunt
3313 432 3329 455 ,
3365 410 3466 450 nec

143 481 466 552 παρουσίᾳ
511 484 704 536 κινεῖν.
737 483 1005 537 Οὐδέποτε
1063 482 1196 552 γοῦν
1246 483 1532 556 ἄνθρωπος
1568 485 1785 556 μακρὰν

143 571 263 643 ἤδη
321 572 533 627 ταῦτα
587 576 746 639 κινεῖ,
791 576 887 628 καὶ
927 575 1245 647 μεταφέρει·
1291 577 1434 641 οὐδὲ,
1476 577 1524 629 εἰ
1573 579 1666 630 ἐπὶ
1687 578 1787 648 τῆς

152 666 306 728 ἰδίας
372 669 580 732 οἰκίας
621 668 906 733 καθέζοιτό
935 687 1039 735 τις,
1090 669 1183 724 καὶ
1215 670 1482 740 λογίζοιτο
1510 669 1581 723 τὰ
1604 671 1661 723 ὲν
1693 670 1787 723 οὑ-

151 756 342 829 ρανῷ,
377 760 505 831 ήδη
531 761 625 815 καὶ
653 761 742 815 τὸν
767 762 918 832 ἥλιον
947 765 1117 827 κινεῖ,
1143 768 1238 818 καὶ
1254 763 1346 817 τὸν
1376 763 1601 835 οὐρανὸν
1635 780 1788 836 περι-

153 849 442 919 στρέφει·
502 851 617 906 ἀλλ’
651 855 753 924 ὁρᾷ
789 854 888 925 μὲν
943 855 1237 926 κινούμενα
1263 855 1358 909 καὶ
1394 857 1671 926 γινόμενα,
1726 856 1786 909 ού

155 944 272 1014 μὴν
317 944 492 998 ὥστε
539 949 633 1001 καὶ
657 948 998 1019 ἐργάσασθαι
1030 950 1251 1014 δυνατὸς
1292 949 1570 1021 τυγχάνει.
1617 951 1692 1003 Οὐ
1721 950 1786 1022 δὴ

149 1037 426 1103 τοιοῦτος
454 1041 490 1092 ὁ
526 1040 620 1094 τοῦ
653 1041 789 1094 Θεοῦ
823 1043 996 1112 Λόγος
1051 1047 1109 1098 ὲν
1150 1044 1229 1114 τῷ
1265 1044 1554 1117 ἀνθρώπῳο
1590 1046 1648 1098 οὐ
1678 1046 1788 1118 γὰρ

154 1129 514 1184 συνεδέδετο
547 1131 624 1203 τῷ
655 1132 890 1204 σώματι,
924 1135 1061 1188 ἀλλὰ
1103 1137 1302 1207 μᾶλλον
1358 1136 1518 1199 αὐτὸς
1567 1135 1787 1209 ἐκράτει

151 1220 355 1274 τοῦτο·
416 1221 573 1276 ὥστε
627 1224 722 1278 καὶ
776 1227 836 1279 ὲν
898 1226 1072 1297 τούτῳ
1107 1223 1176 1300 ἦν
1209 1228 1304 1282 καὶ
1345 1231 1404 1282 ὲν
1454 1231 1567 1292 τοῖς
1620 1229 1787 1282 πᾶσιν

153 1309 485 1381 ἐτύγχανε·
522 1313 615 1366 καὶ¹
653 1312 852 1379 ἔξωθεν
895 1314 1003 1369 τῶν
1035 1316 1172 1370 ὅλων
1192 1311 1281 1388 ἦν,
1316 1318 1412 1370 καὶ
1450 1319 1509 1370 ὲν
1539 1317 1686 1388 μόνῳ
1709 1316 1788 1389 τῷ

158 1402 375 1472 Πατρί.

244 1585 338 1638 12.
381 1587 626 1651 Σκόπει,
682 1590 1006 1662 παρακαλῶ,
1054 1591 1103 1644 εί
1146 1591 1221 1662 μὴ
1260 1592 1358 1663 τὴν
1413 1591 1611 1664 χλεύην
1664 1591 1785 1646 καθ’

158 1677 394 1730 ἑαυτῶν
427 1679 717 1744 κινοῦντες
756 1681 1061 1749 ἀγνοοῦσιν,
1095 1684 1186 1737 τὸν
1219 1683 1421 1754 κόσμον
1449 1683 1607 1755 σῶμα
1643 1683 1787 1755 μέγα

162 1770 345 1837 φασὶν
373 1767 533 1826 εἶναι
563 1774 612 1825 οἱ
637 1773 746 1826 τῶν
783 1775 1057 1853 Ἑλλήνων
1121 1776 1296 1846 σοφοὶ,
1324 1778 1418 1830 καὶ
1459 1776 1785 1848 ἀληθεύουσι

162 1860 467 1929 λέγοντες·
496 1863 714 1935 ὁρῶμεν
744 1864 848 1937 γὰρ
879 1866 1040 1920 αὑτὸν
1066 1867 1161 1920 καὶ
1191 1867 1254 1921 τὸ
1281 1867 1468 1921 τούτου
1501 1869 1687 1940 μέρος,
1704 1870 1784 1924 ὅτι

164 1952 293 2014 ταῖς
330 1951 674 2023 αἰσθήσεσιν
730 1954 1046 2008 ὑποπίπτει.
1109 1957 1173 2010 Ei
1225 1957 1405 2011 τοίνυν
1455 1959 1550 2012 καὶ
1611 1961 1668 2013 ὲν
1708 1961 1786 2033 τῷ

167 2041 377 2112 κόσμῳ
409 2041 637 2114 σώματι
692 2045 806 2097 ὄντι
843 2047 872 2098 ό
897 2045 992 2098 τοῦ
1022 2045 1158 2100 Θεοῦ
1208 2047 1380 2115 Λόγος
1411 2049 1551 2115 ἐστὶ,
1603 2051 1698 2104 καὶ
1728 2050 1784 2103 ὲν

167 2133 318 2199 ὅλοις
347 2137 460 2189 καὶ
489 2137 550 2188 ἐν
569 2139 681 2200 τοῖς
712 2137 850 2191 κατά
882 2138 1047 2210 μέρος
1079 2140 1243 2194 αὐτοῦ
1271 2143 1436 2196 πᾶσιν
1465 2143 1780 2216 ἐπιϐέϐηκε·

168 2226 224 2278 τί
260 2226 598 2298 θαυμαστὸν
622 2227 654 2296 ἢ
681 2228 734 2280 τί
758 2229 957 2284 ἄτοπον
978 2232 1027 2282 εἰ
1061 2230 1153 2284 καὶ
1204 2233 1262 2284 ὲν
1305 2233 1581 2306 ἀνθρώπῳ
1607 2236 1788 2306 φαμὲν

171 2318 345 2372 αὑτὸν
383 2320 892 2392 ὲπιδεδημηκέναι;
925 2323 989 2376 Et
1029 2323 1106 2389 δὲ,
1173 2326 1268 2378 καὶ
1326 2328 1562 2398 γενητῆς
1620 2327 1784 2399 οῦσης

169 2410 278 2480 τῆς
311 2412 585 2476 κτίσεως,
633 2413 734 2465 οὐκ
781 2411 980 2467 ἄτοπον
1028 2416 1084 2467 ἐν
1117 2415 1253 2487 αύτῇ
1283 2417 1374 2470 τὸν
1405 2419 1578 2486 Λόγον
1621 2416 1782 2484 εἶναι,

172 2502 278 2554 οὐκ
324 2503 448 2573 ἄρα
475 2503 599 2556 οὐδὲ
623 2504 679 2556 ὲν
703 2503 975 2576 ἀνθρώπῳ
1010 2505 1181 2577 αὐτὴν
1227 2503 1364 2560 εἶναι
1388 2509 1606 2562 ἄτοπον.
1640 2509 1784 2564 Οὐκ-

172 2592 273 2646 οῦν
305 2594 459 2659 ὅλως
489 2596 592 2648 οὐκ
625 2595 873 2666 ἀπρεπὲς
900 2597 961 2650 τὸ
984 2598 1042 2651 έν
1072 2597 1344 2670 ἀνθρώπῳ
1375 2596 1516 2655 εἶναι
1548 2601 1639 2655 τὸν
1679 2602 1785 2656 Λό-

173 2703 298 2755 γον⁶
339 2690 448 2742 καλ⁵
493 2690 674 2745 πάντα
707 2691 798 2743 ὑπ’
859 2681 1022 2744 αὐτοῦ
1057 2692 1152 2745 καὶ
1177 2694 1235 2746 ὲν
1270 2693 1419 2765 αὐτῷ
1452 2693 1783 2764 φωτίζεσθαι

178 2777 275 2832 καὶ
303 2778 609 2835 κινεῖσθαι.

253 2964 347 3019 15.
393 2965 781 3038 Ἀπατηθέντα
822 2967 929 3040 γὰρ
958 2969 1050 3023 τὸν
1089 2969 1261 3042 Ἀδὰμ
1291 2971 1396 3024 ὑπὸ
1418 2969 1512 3025 τοῦ
1535 2971 1781 3026 διαϐόλου

1891 498 2014 553 quae
2070 483 2261 554 procul
2317 498 2547 552 corpore
2611 483 2922 538 consistunt
2971 498 3071 553 per
3119 483 3466 553 praesentiam

1889 590 2046 630 suam
2090 591 2330 632 movere.
2373 575 2666 646 Nunquam
2703 576 2869 644 igitur
2897 575 3062 636 homo
3093 577 3284 646 procul
3313 577 3468 647 posi-

1891 673 1980 720 tus
2004 665 2098 720 illa
2128 673 2330 732 movet,
2364 675 2460 722 aut
2498 665 2758 722 transfert
2783 686 2797 720 :
2829 683 3009 739 neque
3033 669 3180 724 enim
3208 668 3358 724 domi
3379 683 3468 724 se-

1889 758 2026 814 dens
2054 759 2350 829 quispiam,
2385 767 2439 814 et
2472 774 2593 830 quae
2622 760 2678 814 in
2711 761 2854 816 ccelo
2895 769 3026 817 sunt
3060 761 3328 833 cogitans,
3372 770 3470 816 aut

1891 849 2062 905 solem
2116 858 2317 914 movet,
2371 858 2468 905 aut
2515 851 2714 907 malum
2766 852 3178 921 circumvertit;
3229 853 3325 908 sed
3373 853 3465 908 illa

1890 940 2252 1008 commoveri,
2283 949 2340 996 et
2376 941 2595 996 condita
2624 940 2794 997 fuisse
2841 943 3025 1010 videt;
3073 959 3250 1014 neque
3281 953 3463 1000 tamen

1889 1031 1967 1086 ita
1994 1039 2057 1086 ut
2083 1046 2274 1087 eorum
2308 1032 2590 1102 quidpiam
2619 1032 2832 1089 elIicere
2858 1033 3058 1090 valeat.
3098 1035 3169 1088 At
3212 1051 3324 1092 non
3359 1037 3464 1091 hu-

1885 1125 2126 1195 iusmodi
2147 1133 2230 1179 est
2260 1124 2354 1182 Dei
2385 1124 2624 1180 Verbum
2656 1127 2711 1180 in
2738 1127 2959 1183 homine
2987 1146 3001 1195 ;
3031 1143 3141 1183 non
3167 1129 3313 1184 enim
3341 1144 3467 1185 cor-

1887 1229 2022 1285 pore
2055 1214 2368 1286 colligatum
2402 1224 2540 1282 erat,
2573 1215 2686 1270 imo
2727 1219 2910 1287 potius
2943 1218 3120 1289 ipsum
3163 1221 3467 1291 occupabat

1889 1321 2015 1362 cum
2043 1307 2277 1377 imperio
2305 1325 2319 1374 ;
2356 1307 2431 1362 ita
2463 1316 2524 1362 ut
2553 1323 2658 1362 una
2690 1307 2746 1362 in
2776 1323 3006 1380 corpore
3031 1318 3086 1365 et
3111 1310 3164 1365 in
3194 1312 3466 1368 universis

1888 1400 2055 1454 rebus
2083 1410 2229 1455 esset
2257 1417 2272 1468 ;
2303 1399 2602 1470 quinetiam
2642 1408 2797 1455 extra
2827 1416 2916 1458 res
2949 1415 3164 1472 omnes,
3204 1410 3369 1474 atque
3408 1404 3473 1458 in.

1887 1491 2008 1547 solo
2035 1490 2213 1547 Patre.

1961 1584 2052 1639 12.
2083 1584 2490 1652 Animadverte,
2545 1599 2756 1656 quaeso,
2791 1600 2977 1642 annon
3007 1586 3094 1642 vel
3147 1585 3323 1658 ignari
3367 1586 3468 1642 adt

1889 1689 2108 1730 versum
2141 1690 2201 1731 se
2229 1675 2402 1746 risum
2428 1686 2702 1744 moveant,
2727 1677 2820 1748 qui
2843 1677 2987 1748 apud
3008 1677 3227 1735 Graecos
3251 1677 3469 1749 sapien-

1889 1779 1971 1825 tes
2019 1769 2339 1836 habentur;
2387 1771 2517 1827 dum
2571 1773 2839 1828 mundum
2892 1772 3047 1832 aiunt
3093 1786 3293 1842 corpus
3345 1786 3469 1828 esse

1889 1862 2113 1934 grande,
2155 1873 2321 1935 atque
2349 1879 2476 1920 vere
2522 1864 2711 1920 dicunt
2772 1864 2902 1920 dum
2953 1865 3142 1921 isthtec
3188 1864 3463 1920 eﬂ‘antur:

1887 1957 2069 2026 ipsum
2101 1957 2250 2012 enim
2307 1956 2538 2027 ejusque
2575 1966 2759 2028 partes
2803 1957 3068 2028 singulas,
3095 1957 3357 2028 quoniam
3408 1957 3467 2012 in

1887 2065 2110 2105 sensum
2155 2049 2383 2117 cadunt,
2438 2051 2821 2122 perspicimus.
2870 2051 2928 2106 Si
2961 2050 3126 2121 igitur
3159 2050 3216 2105 in
3258 2049 3467 2107 mundo

1887 2141 2032 2212 ipso,
2069 2142 2162 2212 qui
2191 2157 2393 2212 corpus
2423 2151 2529 2210 est,
2561 2141 2801 2199 Verbum
2828 2141 2924 2198 Dei
2949 2143 3184 2210 exsistit,
3211 2157 3277 2200 ac
3301 2142 3469 2199 simul

1888 2236 1941 2290 in
1981 2251 2071 2291 res
2104 2235 2417 2302 universas,
2453 2245 2508 2291 et
2556 2237 2610 2292 in
2642 2237 2887 2308 singulas
2915 2250 3133 2307 quoque
3178 2235 3464 2307 pervadit;

1887 2325 2020 2396 quid
2054 2325 2256 2380 mirum
2287 2335 2380 2380 aut
2405 2325 2534 2396 quid
2583 2325 2882 2381 absurdum
2915 2326 2962 2381 si
3000 2324 3253 2380 dicamus
3285 2323 3466 2395 ipsum

1887 2419 1941 2473 in
1996 2417 2276 2472 hominem
2325 2417 2665 2473 advenisse?
2713 2416 2868 2484 Quod
2922 2417 2992 2484 si,
3027 2416 3154 2473 licet
3200 2415 3340 2474 facta
3397 2417 3479 2472 sit.

1887 2508 2145 2564 universa
2190 2517 2501 2564 creatarum
2545 2523 2727 2564 rerum
2773 2517 2995 2575 natura,
3025 2523 3135 2563 non
3167 2508 3468 2565 absurdum

1887 2607 1972 2655 est
2003 2597 2244 2655 Verbum
2276 2601 2332 2656 in
2364 2615 2428 2655 ea
2464 2615 2608 2668 esse,
2642 2615 2754 2655 non
2789 2599 3088 2656 absurdum
3126 2599 3332 2671 pariter
3361 2599 3468 2655 erit

1885 2708 2008 2750 esse
2038 2694 2220 2764 ipsum
2267 2694 2322 2748 in
2359 2693 2604 2748 homine.
2634 2691 2756 2747 Non
2787 2691 3107 2747 indecorum
3151 2692 3332 2762 itaque
3359 2698 3466 2754 est,

1886 2784 1942 2840 in
1974 2785 2198 2841 homine
2223 2800 2347 2841 esse
2372 2783 2637 2852 Verbum,
2663 2793 2829 2855 atque
2855 2784 3042 2840 omnia
3075 2783 3146 2838 ab
3182 2784 3298 2854 ipso
3329 2791 3385 2837 et
3410 2782 3468 2838 in

1886 2877 2005 2946 ipso
2033 2877 2335 2932 illuminari
2368 2886 2532 2948 atque
2560 2877 2786 2933 moveri.

1956 2965 2045 3020 15.
2083 2964 2284 3022 Videns
2309 2965 2498 3037 itaque
2527 2964 2674 3023 Deus
2708 2965 2972 3034 Verbum,
3013 2965 3260 3022 omnium
3313 2979 3470 3021 crea-

178 3057 517 3130 παραϐἧναι
551 3060 648 3132 τὴν
677 3061 772 3114 τοῦ
828 3062 1133 3127 πλάσαντος
1175 3063 1339 3118 αὐτόν
1380 3062 1598 3136 ἐντολὴν
1622 3103 1637 3128 ,
1691 3067 1778 3119 καὶ

1944 3073 1998 3124 τ,
2047 3057 2322 3113 Adamum
2371 3075 2404 3113 a
2441 3058 2662 3113 diabolo
2705 3058 3026 3128 deceptum,
3064 3065 3469 3127 transgressum

182 3149 289 3202 ὑπὸ
311 3151 574 3224 κατάραν
606 3153 703 3206 καὶ
731 3154 964 3226 κατοχὴν
997 3155 1228 3209 θανάτου
1262 3155 1551 3227 γενόμενον
1587 3157 1730 3229 ὁρῶν
1753 3158 1781 3209 ό

180 3241 278 3294 τοῦ
311 3243 527 3308 παντὸς
571 3245 794 3317 κτίστης
830 3246 962 3311 Θεὸς
1011 3247 1206 3315 Λόγος,
1267 3247 1332 3301 ἐκ
1377 3247 1474 3318 τῆς
1513 3247 1781 3316 ἀπογόνου

182 3331 278 3386 τοῦ
308 3336 491 3407 Ἀδὰμ
515 3337 794 3410 Παρθένου
816 3340 1035 3410 Μαρίας
1061 3339 1273 3404 πλάσας
1303 3339 1480 3410 ἑαυτῷ
1513 3341 1573 3394 τὸ
1604 3343 1784 3413 χωρῆ-

186 3432 276 3477 σαι
301 3426 612 3498 δυνάμενον
639 3429 905 3500 ἄχραντον
936 3430 1097 3500 σῶμα
1146 3431 1254 3483 πᾶν
1279 3430 1341 3483 τὸ
1370 3429 1647 3503 πλήρωμα
1683 3431 1782 3503 τῆς

186 3517 445 3590 θεότητος
506 3522 850 3592 σωματικῶς,
882 3524 977 3577 καὶ
1021 3522 1091 3576 τὰ
1141 3524 1289 3595 πάθη
1336 3525 1404 3578 τὰ
1444 3524 1779 3596 ἀνθρώπεια,

185 3608 329 3680 ὑπὲρ
370 3613 580 3676 παντὸς
614 3613 709 3666 τοῦ
760 3614 964 3685 κόσμου
998 3615 1421 3681 αὐτὸιὲκουσίως
1464 3617 1780 3690 παραδέδω-

188 3713 302 3752 κεν·
337 3702 431 3755 ἵνα
464 3702 557 3755 τόν
587 3721 718 3757 ποτε
774 3704 1126 3775 βασιλεύοντα
1152 3691 1508 3762 τοῦθανάτου
1535 3708 1782 3763 διάϐολον

188 3790 502 3869 θανατώσῃ,
525 3796 603 3868 τῷ
621 3795 716 3849 τοῦ
738 3797 865 3850 ἰδίου
893 3797 1145 3869 σώματος
1173 3799 1406 3872 θανάτῳ.
1433 3796 1583 3873 Αἷμα
1605 3801 1662 3855 δὲ
1683 3802 1782 3856 οὐκ

189 3882 253 3934 ὲκ
302 3886 402 3940 τοῦ
439 3887 754 3958 πνεύματος
797 3889 899 3958 τῆς
954 3889 1050 3943 τοῦ
1091 3892 1276 3960 Λόγου.
1322 3892 1576 3966 θεότητος
1614 3898 1781 3949 ἐκπο-

191 3975 430 4043 ρεύεται·
471 3979 588 4032 ἀλλ’
612 3979 672 4046 ἐξ
699 3975 761 4035 οὗ
791 3981 1056 4054 ὲφόρεσεν.
1082 3982 1390 4055 ἀνθρώπου.

259 4159 350 4254 14ζ
383 4155 482 4227 Τὸ,
530 4163 679 4232 Ἐγώ
713 4165 832 4232 ειμι
886 4165 925 4234 ἡ
953 4164 1244 4235 ἄμπελος,
1307 4169 1422 4233 καὶ,
1487 4167 1556 4222 Ὀ.
1579 4169 1780 4238 Πατήρ

188 4267 303 4317 μου
329 4253 552 4323 μείζων
572 4273 693 4325 μου
733 4257 882 4321 ἐστὶ,
938 4259 1032 4312 καὶ
1091 4259 1173 4325 τὸ,
1233 4260 1473 4315 ’Έκτισέ
1511 4279 1610 4332 με,
1664 4265 1777 4329 καὶ,

205 4341 348 4413 Ἐγώ
377 4350 499 4418 ειμι
521 4348 794 4416 σκώληξ,
827 4350 924 4404 καὶ
964 4353 1076 4406 οὐκ
1103 4351 1434 4422 ἅνθρωπος,
1474 4356 1568 4408 καὶ
1597 4357 1696 4409 ὅσα
1721 4358 1780 4410 ὲν

1888 3149 2102 3220 opiﬁcis
2156 3151 2242 3206 sui
2294 3151 2640 3216 mandatum,
2690 3159 2855 3221 atque
2899 3150 2954 3204 in
3005 3149 3465 3213 maledictionem,

1886 3240 2195 3310 mortisque
2222 3240 2620 3310 subjectionem
2650 3239 2933 3310 delapsum
2955 3252 3066 3306 ;.ex
3095 3236 3320 3307 Virgine
3352 3233 3470 3290 Ma-

1886 3332 1987 3396 ria,
2041 3330 2111 3386 ab
2148 3331 2358 3386 Adamo
2409 3331 2675 3403 originem
2724 3331 2979 3396 ducente,
3028 3328 3312 3385 eﬂ‘ormato
3361 3328 3467 3384 sibi

1886 3421 2184 3493 purissimo
2217 3436 2469 3492 corpore,
2515 3422 2664 3492 quod
2701 3429 2892 3491 posset
2925 3419 3208 3475 continere
3243 3432 3464 3474 omnem

1885 3512 2284 3582 plenitudinem
2341 3511 2646 3568 divinitatis
2703 3511 3088 3581 corporaliter,
3137 3518 3301 3580 atque
3340 3525 3468 3580 pas-

1885 3604 2094 3671 siones,
2137 3603 2192 3658 id
2226 3612 2312 3658 est
2337 3603 2616 3659 cruciatus
2656 3602 2929 3658 humanos
2966 3601 3156 3670 ferre;
3203 3616 3304 3674 pro
3350 3611 3466 3658 toto

1886 3696 2094 3751 mundo
2137 3696 2318 3766 ipsum
2377 3703 2573 3765 sponte
2619 3694 2881 3761 tradidit;
2918 3702 2980 3749 ut
3024 3692 3324 3761 diabolum,
3369 3693 3466 3763 qui

1884 3791 2013 3845 olim
2062 3788 2258 3844 mortis
2310 3788 2602 3858 imperium
2634 3787 2940 3852 obtinebat,
2993 3795 3170 3842 morte
3217 3786 3465 3857 corporis

1883 3881 1971 3937 sui
2033 3880 2328 3936 occideret.
2394 3877 2632 3950 Sanguis
2700 3888 2884 3934 autem
2951 3893 3062 3934 non
3129 3893 3196 3933 ex
3269 3878 3464 3948 spiritu

1884 3971 2186 4028 divinitatis
2241 3970 2404 4028 Verbi
2461 3979 2649 4026 manat
2682 3982 2713 4037 ;'
2750 3970 2843 4024 sed
2896 3985 2964 4024 ex
3023 3968 3246 4025 homine
3299 3985 3463 4039 quem

1884 4065 2029 4120 tulit.

1959 4157 2170 4228 1032
2211 4157 2299 4212 l4.
2340 4155 2516 4214 Illud.
2569 4156 2683 4228 Ego
2726 4171 2843 4212 sum
2882 4155 3007 4210 vitis
3027 4155 3116 4222 u;
3161 4165 3238 4221 et,
3297 4153 3464 4209 Pater

1884 4265 2029 4304 meus
2057 4251 2232 4320 major
2261 4266 2342 4305 me
2373 4261 2451 4304 est
2471 4249 2558 4316 “;
2588 4251 2741 4316 item,
2775 4247 2984 4304 Creavit
3010 4261 3092 4301 me
3114 4247 3200 4314 ‘5;
3245 4255 3317 4313 et,
3350 4245 3464 4316 Ego

1882 4361 1999 4397 sum
2030 4345 2219 4397 vermis
2247 4353 2297 4397 et
2322 4360 2423 4397 non
2447 4347 2599 4397 homo
2630 4342 2676 4374 “
2701 4361 2716 4411 ;
2741 4351 2795 4398 et
2827 4356 3168 4413 quaecunque
3195 4340 3250 4395 in
3283 4338 3464 4395 Evan-

193 4439 299 4502 τοῖς
328 4441 684 4510 Εὐαγγελίοις
713 4443 808 4498 καὶ
837 4445 894 4498 ἐν
921 4449 1034 4509 τοῖς
1067 4449 1373 4518 προφήταις
1397 4443 1520 4501 εἷπε
1547 4449 1776 4504 ταπεινὰ

1944 4437 2038 4492 :liis
2077 4447 2132 4492 et
2192 4438 2247 4492 in
2290 4438 2571 4508 prophetis
2631 4437 2700 4492 de
2758 4452 2819 4492 se
2857 4435 3085 4490 humilia
3132 4443 3187 4489 et
3251 4433 3463 4503 abjecta

195 4531 320 4601 περ)⁵
344 4533 536 4598 αὑτοῦ,
555 4534 635 4596 είς
651 4527 840 4606 τὸ’(58)
855 4536 1082 4607 ἐφόρεσε
1113 4536 1275 4608 σῶμα
1288 4539 1354 4592 δι’
1370 4540 1519 4610 ἡμᾶς
1539 4540 1772 4613 εἴρηται.

194 4618 326 4674 Οὔτε
351 4624 413 4677 τὸ
443 4623 690 4697 παθητὸν
721 4627 902 4698 σῶμα,
932 4628 961 4681 ὃ
990 4630 1218 4701 ὲφόρεσε
1255 4629 1343 4685 διὰ
1385 4631 1483 4702 τὴν
1518 4631 1622 4686 τοῦ.
1643 4651 1779 4688 παν-

195 4707 284 4772 τὸς
313 4715 612 4786 σωτηρίαν,
649 4718 978 4790 ἀνατίθεμεν
1001 4720 1081 4792 τῷ
1109 4723 1306 4795 Πατρίο
1357 4723 1426 4776 τὰ
1461 4723 1640 4779 πάντα
1667 4727 1786 4800 γὰρ.

197 4800 414 4877 ἐκτίσθη
440 4808 547 4860 ὑπὸ
560 4809 655 4862 τοῦ
682 4811 893 4883 Πατρὸς
923 4812 1011 4867 διὰ
1036 4813 1130 4867 τοῦ
1158 4813 1310 4869 Υίοῦ.
1356 4816 1415 4870 '0
1443 4817 1500 4870 δὲ
1523 4818 1650 4881 Υἱὸς
1682 4819 1778 4887 μό-

199 4905 283 4954 νος
314 4895 419 4948 ὑπὸ
438 4897 540 4951 ’τοῦ
564 4900 781 4970 Πατρὺς
807 4902 1092 4975 ἐγεννήθην
1113 4903 1193 4958 διὸ
1241 4908 1615 4975 πρωτότοκός
1642 4908 1778 4962 ἐστι

198 4985 394 5055 πάσης
450 4991 706 5059 κτίσεως
751 4995 780 5046 ό
833 4994 965 5059 Θεὸς
1013 4996 1206 5065 Λόγος·
1250 4999 1520 5070 ἄτρεπτος
1570 5000 1680 5073 γὰρ
1715 4999 1778 5066 ἐξ

200 5073 461 5146 ἀτρέπτου
488 5083 625 5136 ἐστί·
673 5085 850 5138 τοίνυν
885 5087 948 5140 τὸ
973 5087 1044 5140 δι’
1076 5090 1227 5159 ἡμᾶς
1257 5090 1486 5162 ὲφόρεσε
1528 5090 1589 5144 τὸ
1616 5091 1776 5164 σῶμα

200 5169 394 5242 κτίσμα
419 5175 586 5230 ἐστίν.

268 5264 347 5318 15.
404 5268 508 5320 Τὸν
558 5268 669 5340 γὰρ
713 5269 886 5342 Ἀδὰμ
931 5273 1293 5344 ἐνδυσάμενος
1321 5276 1418 5329 σὺν
1454 5279 1568 5340 τοῖς
1595 5276 1774 5348 παθή-

205 5350 332 5419 μασι
379 5361 521 5414 κατά
566 5363 742 5416 πάντα
776 5365 946 5436 χωρὶς
996 5367 1295 5438 ἁμαρτίας,
1319 5369 1412 5423 τὸν
1441 5371 1776 5442 κεκλημένον

217 5441 442 5515 Ἰησοῦν,
500 5452 590 5506 ἵνα
643 5453 712 5506 δι’
768 5453 934 5508 αὐτοῦ
996 5455 1058 5507 τὸ
1106 5456 1442 5528 ἀπολόμενον
1503 5458 1776 5528 πρόϐατον

1883 4533 2040 4596 dixit,
2063 4546 2265 4601 corpus
2288 4531 2433 4602 quod
2456 4539 2680 4601 propter
2707 4546 2810 4586 nos
2835 4529 2960 4585 tulit
2990 4537 3254 4600 spectant.
3277 4524 3466 4597 Neque

1881 4625 2107 4696 patibile
2139 4640 2360 4695 corpus,
2395 4623 2545 4695 quod
2575 4639 2674 4694 pro
2701 4623 2946 4679 universi
2974 4623 3152 4678 salute
3177 4621 3322 4687 tulit,
3354 4617 3464 4673 Pa-

1883 4719 1951 4773 tri
1999 4718 2329 4774 ascribimus
2367 4735 2388 4770 :.
2431 4717 2617 4772 omnia
2647 4716 2793 4772 enim
2845 4724 3027 4771 creata
3061 4722 3192 4770 sunt
3224 4729 3254 4768 a
3302 4711 3465 4767 Patre

1881 4827 1978 4882 per
2026 4810 2249 4866 Filium.
2303 4808 2477 4864 Filius
2523 4823 2688 4878 porro
2740 4807 2890 4863 solus
2944 4822 2977 4862 a
3022 4803 3186 4860 Patre
3246 4801 3465 4873 genitus

1881 4914 2000 4960 est:
2051 4901 2406 4972 quamobrem
2433 4899 2812 4969 primogenitus
2834 4906 2912 4952 est
2942 4896 3110 4951 omnis
3136 4903 3396 4948 creaturae
3417 4893 3460 4923 ’⁸⁷

1884 4996 2030 5051 Deus
2060 4994 2301 5050 Verbum
2333 5012 2346 5047 :
2394 4992 2753 5047 immutabilis
2785 4989 3053 5060 siquidem
3084 5003 3152 5042 ex
3203 4987 3466 5040 immuta-

1883 5090 1980 5145 bili
2008 5097 2111 5145 est.
2152 5088 2318 5158 Igitur
2352 5101 2552 5156 corpus
2581 5083 2728 5154 quod
2765 5098 2864 5154 pro
2891 5082 3053 5137 nobis
3089 5079 3232 5148 tulit,
3262 5092 3352 5134 res
3379 5087 3463 5134 est

1883 5191 2090 5239 creata.

1958 5275 2048 5328 15.
2107 5274 2379 5329 Adamum
2413 5271 2559 5327 enim
2593 5270 2826 5326 induens
2867 5282 2992 5322 cum
3045 5263 3329 5321 alfectibus
3367 5279 3462 5333 per

1883 5367 2066 5422 omnia
2105 5377 2299 5438 praeter
2355 5372 2680 5437 peccatum:
2743 5361 2951 5416 scilicet
3000 5373 3125 5413 eum
3163 5357 3256 5428 qui
3302 5370 3464 5411 voca-

1882 5471 1973 5514 tur
2001 5456 2187 5524 Jesus,
2219 5466 2277 5513 ut
2306 5473 2402 5529 per
2429 5457 2606 5528 ipsum
2633 5452 2900 5525 perditam
2928 5467 3082 5508 ovem
3114 5447 3263 5505 Patri
3302 5448 3473 5505 redu-s

269 5597 484 5661 u.loan.
513 5624 602 5673 xv,
632 5607 682 5663 l.
761 5607 988 5664 M‘Joan.
1020 5627 1131 5677 xxv,
1167 5613 1257 5669 28.
1336 5565 1566 5672 "Prov.
1607 5632 1729 5684 vm,
1778 5615 1870 5674 22.
1949 5616 1996 5648 "
2021 5614 2164 5671 Psal.
2210 5630 2326 5681 nr,
2355 5614 2422 5687 7.Δ
2487 5614 2529 5644 ⁸⁷
2558 5611 2774 5669 Coloss.
2806 5625 2848 5678 ι,
2889 5607 2977 5665 i5.

272 5715 376 5792 (58)
420 5723 512 5779 Sic
538 5741 679 5797 saepe
718 5726 778 5780 τό
808 5727 1114 5786 relativum.
