3794 6226
339 241 470 298 1231

828 322 830 325 λ
912 243 974 302 S.
1008 242 1383 305 ATHANASII
1418 247 1572 306 OPP.
1611 247 1792 306 PARS
1831 250 1870 304 l.
1912 279 1982 289 —
2021 249 2399 310 lllSTORlCA
2437 255 2526 312 ET
2565 257 2985 316 DOGMATICA.

3465 261 3630 316 1:272

339 365 484 412 ceret
505 365 557 413 et
579 357 815 424 oﬂ'erret,
834 363 988 430 quasi
1019 363 1128 418 ovis
1163 365 1233 418 ad
1261 366 1572 421 occisionem
1596 368 1789 423 ductus
1814 377 1910 431 est,

2031 371 2272 446 προσάξῃ
2321 373 2400 445 τῷ
2451 375 2660 446 Πατρὶ,
2719 378 2800 442 ὡς
2856 379 3153 446 πρόϐατον
3196 378 3293 432 ἐπὶ
3349 379 3631 448 σφαγὴν

338 459 388 503 et
415 449 572 520 quasi
595 467 763 521 agnus
793 467 969 506 coram
999 454 1244 510 tondente
1266 473 1321 510 se
1347 459 1461 512 sine
1483 459 1692 526 voce“;
1713 461 1778 514 de
1804 476 1914 530 quo

339 531 543 598 Paulus
573 543 802 600 scribit:
839 543 1008 599 Homo
1039 547 1284 602 Christus
1331 548 1510 614 Iesus,
1543 552 1633 621 qui
1657 552 1799 607 dedit
1835 571 1917 607 se-

341 633 619 700 metipsum
654 635 1060 705 redemptionem
1103 654 1198 706 pro
1244 640 1393 695 nobis
1413 641 1479 694 ‘9.
1531 641 1597 708 Et
1652 644 1761 698 alio
1794 644 1916 700 loco

342 724 453 778 ait:
495 723 598 778 Per
621 726 883 781 hominem
906 744 1067 793 mors,
1101 740 1150 784 et
1192 747 1285 800 per
1308 734 1569 788 hominem
1604 736 1732 790 vita.
1772 735 1915 790 Nam

341 817 476 869 sicut
527 818 585 871 in
633 817 808 871 Adam
853 836 1032 875 omnes
1056 825 1378 890 moriuntur,
1412 827 1489 880 ita
1533 837 1583 881 et
1625 830 1681 882 in
1706 829 1924 884 Christo

341 924 517 962 omnes
555 909 965 979 viviﬁcabuntur
989 913 1056 966 ”.

411 1094 498 1150 16.
551 1093 656 1151 Per
710 1098 889 1168 ipsum
936 1100 1079 1155 enim
1126 1099 1364 1158 Verbum
1425 1107 1610 1161 omnia
1668 1108 1810 1164 facta
1862 1120 1917 1166 et

341 1195 522 1242 creata
581 1198 750 1256 sunt,
811 1190 991 1260 ipsum
1048 1206 1180 1247 vero
1233 1191 1437 1250 factum
1492 1213 1602 1251 non
1654 1209 1772 1264 est;
1819 1201 1915 1256 sed

344 1280 619 1336 hominem
651 1281 832 1352 ipsum
872 1300 1035 1354 quem
1084 1295 1307 1357 propter
1363 1305 1465 1345 nos
1517 1292 1662 1358 tulit,
1712 1292 1915 1348 factum

340 1382 394 1426 ct
427 1383 671 1428 creatum
694 1375 978 1431 declarant
1011 1376 1324 1450 Scripturae.
1362 1380 1453 1435 Ait
1502 1383 1703 1452 quippe
1733 1384 1915 1439 Domi-

344 1479 447 1519 nus
473 1484 485 1518 :
519 1464 703 1521 Omnis
733 1467 930 1536 palmes
966 1469 1022 1522 in
1051 1487 1130 1526 me
1157 1488 1371 1526 manens
1420 1474 1652 1544 fructum
1693 1476 1791 1544 fert
1825 1477 1867 1508 ⁸¹
1898 1495 1913 1531 :

341 1567 396 1610 et
425 1557 479 1610 in
517 1557 739 1614 homine
776 1574 937 1629 quem
967 1562 1112 1628 tulit,
1142 1564 1345 1632 quique
1378 1579 1446 1619 ex
1491 1581 1688 1635 genere
1719 1567 1914 1622 Adami

340 1658 475 1712 erat,
503 1665 665 1705 omne
695 1652 840 1721 quod
868 1668 933 1707 ex
964 1669 1161 1724 genere
1192 1657 1386 1711 Adami
1429 1667 1550 1713 erat
1598 1660 1911 1718 viviﬁcavit.

2017 464 2194 534 ἤχθη,
2228 467 2326 521 καί
2353 468 2435 532 ὡς
2459 469 2650 538 ἀμνὸς
2687 470 2963 525 ἐναντίον
3000 472 3108 526 τοῦ
3155 474 3478 541 κείραντος
3507 477 3628 527 αὐ-

2016 557 2123 610 τὸν
2145 556 2402 626 ἄφωνος·
2436 561 2567 632 περὶ
2591 556 2651 616 οὗ
2713 563 2921 627 Παῦλος
2965 566 3212 634 γράψει’,
3253 567 3630 633 Ἀνθρωπος

2015 650 2268 717 Χριστὸς
2307 652 2564 718 Ἰησοῦς,
2597 658 2632 708 ό
2659 654 2805 720 δοὺς
2823 656 3041 710 ἑαυτὸν
3066 658 3432 725 ἀντίλυτρον
3455 660 3629 726 ὑπὲρ

2015 740 2204 810 ἡμῶν.
2239 743 2354 796 Καὶ
2383 745 2442 796 ἐν
2473 746 2644 816 ἑτέρῳ
2686 747 2836 817 τόπῳ
2893 748 3046 820 φησί’
3094 751 3176 802 Δί’
3223 749 3565 817 ἀνθρώπου
3594 755 3630 804 ό

2017 832 2298 899 θάνατος,
2321 835 2419 888 καὶ
2446 834 2520 888 δι’
2542 837 2858 905 ἀνθρώπου
2889 841 2928 906 ἡ
2971 839 3103 905 ζωή.
3136 841 3363 908 ’Ὠσπερ
3390 843 3517 911 γὰρ
3553 842 3628 894 ἐν

2015 921 2096 989 τῷ
2146 925 2330 994 Ἀδὰμ
2391 927 2614 993 πάντες
2677 929 3205 996 ἀποθνήσκουσιν,
3264 934 3465 998 οὕτως
3518 935 3626 986 καί

2014 1017 2084 1068 ἐν
2129 1015 2210 1082 τῷ
2257 1017 2488 1086 Χριστῷ
2548 1019 2772 1088 πάντες
2824 1021 3388 1091 ζωοποιηθήσονται.

2091 1110 2173 1164 16.
2189 1113 2266 1163 Δι’
2284 1113 2447 1166 αὑτοῦ
2475 1114 2569 1167 τοῦ
2588 1117 2761 1184 Λόγου
2788 1118 2964 1170 πάντα
2987 1117 3200 1186 ἐγένετο
3231 1120 3326 1172 καὶ
3352 1119 3619 1190 ἐκτίσθηο

2016 1202 2116 1254 οὐκ
2145 1203 2307 1268 αὐτὸς
2336 1205 2392 1257 δέ
2426 1205 2662 1272 ἐγένετο,
2698 1207 2812 1260 ἀλλ’
2835 1209 3002 1282 ὅνπερ
3033 1209 3099 1262 δι’
3133 1212 3281 1281 ἡμᾶς
3339 1211 3620 1282 ἐφόρεσεν

2018 1293 2303 1364 ἄνθρωπον
2337 1297 2600 1364 γεγονότα
2639 1299 2734 1351 καὶ
2763 1299 3050 1356 κτισθέντα
3095 1301 3346 1372 δηλοῦσιν
3371 1305 3428 1356 ai
3465 1304 3617 1375 Γρα-

2018 1385 2136 1455 φαί.
2177 1387 2313 1457 Φησὶ
2369 1387 2479 1460 γὰρ
2531 1391 2560 1442 6
2619 1389 2844 1461 Κύριος·
2881 1390 3010 1447 Πᾶν
3043 1393 3245 1463 κλῆμα
3295 1395 3503 1464 μένον
3549 1399 3622 1450 ἑν

2015 1477 2143 1546 ἐμοὶ
2171 1479 2404 1547 καρπὸν
2423 1481 2606 1550 φέρει·
2656 1483 2750 1535 καὶ
2803 1483 2866 1535 ἐν
2914 1482 2993 1553 τῷ
3044 1484 3304 1555 ἐφόρεσεν
3331 1487 3620 1559 ἀνθρώπῳ

2019 1568 2097 1639 τῷ
2127 1571 2190 1622 ἐκ
2215 1569 2310 1624 τοῦ
2339 1572 2531 1639 γένους
2562 1572 2732 1642 Ἀδὰμ
2753 1572 3086 1645 ἐζωοποίησε
3111 1575 3172 1628 τὸ
3202 1577 3267 1629 ἐκ
3287 1576 3385 1629 τοῦ
3413 1577 3619 1646 γένους

2033 1661 2223 1730 Ἀδάμ.

411 1743 500 1797 17.
529 1742 830 1814 Perpende,
855 1761 1064 1816 quaeso,
1097 1748 1373 1804 neminem
1400 1749 1666 1807 hactenus
1697 1754 1910 1809 novisse

2093 1723 2178 1811 l7:
2209 1757 2373 1823 Ὅρα,
2397 1756 2479 1808 ὅτι
2510 1755 2616 1819 ’έως
2640 1756 2736 1809 τοῦ
2767 1756 2862 1811 νῦν
2894 1757 3074 1820 οὐδεὶς
3101 1752 3211 1812 οἶδε
3236 1758 3328 1810 τὸν
3359 1758 3496 1811 Υἱδν
3517 1759 3615 1813 τοῦ

339 1835 534 1891 Filium
569 1837 664 1892 Dei
713 1838 874 1894 sicuti
923 1848 1030 1904 est,
1058 1840 1234 1896 donec
1261 1856 1383 1898 sese
1416 1844 1532 1912 ipse
1566 1844 1916 1901 manifestum

341 1928 543 1984 faceret
572 1929 754 1986 nobis.
793 1930 966 1996 Quem
997 1941 1180 1986 autem
1211 1933 1327 2003 ipse
1362 1935 1485 1990 tulit
1522 1951 1620 2005 pro
1661 1937 1819 1991 nobis
1849 1937 1916 1991 fi-

341 2023 471 2077 lium
506 2023 768 2091 hominis,
801 2024 1084 2093 novimus,
1102 2025 1170 2081 de
1199 2042 1308 2097 quo
1335 2029 1476 2083 dixit
1509 2030 1745 2084 Paulus:
1779 2030 1918 2085 Con-

338 2115 564 2169 siderate
599 2115 897 2184 apostolum
934 2127 985 2171 et
1015 2120 1317 2188 pontiﬁcem
1347 2123 1690 2191 confessionis
1723 2136 1918 2179 nostra:

335 2205 542 2272 Iesum,
573 2209 663 2278 qui
685 2207 858 2277 ﬁdelis
886 2217 965 2262 est
993 2210 1042 2262 ei
1076 2210 1168 2279 qui
1193 2211 1316 2280 fecit
1346 2212 1498 2266 illum
1514 2213 1580 2268 ".
1615 2212 1692 2268 De
1724 2230 1835 2283 quo
1863 2224 1919 2270 et

338 2298 647 2369 Stephanus
704 2299 782 2354 ait
820 2320 834 2354 :
893 2299 1054 2355 Video
1087 2299 1288 2357 Filium
1331 2304 1556 2359 hominis
1600 2315 1832 2360 stantem
1883 2324 1916 2360 a

333 2391 538 2444 dextris
578 2388 677 2443 Dei
698 2389 787 2455 ³³;
830 2405 940 2444 non
971 2389 1130 2453 dixit,
1176 2390 1414 2447 Verbum
1448 2402 1544 2447 aut
1579 2391 1914 2464 Sapientiam

337 2481 514 2536 Patris
545 2496 606 2537 se
653 2480 874 2544 vidisse,
913 2481 1006 2536 sed
1045 2480 1243 2537 Filium
1282 2483 1544 2550 hominis,
1571 2483 1914 2541 Dominicum

333 2586 534 2642 corpus
563 2585 632 2626 ex
661 2569 833 2626 Maria
866 2579 1076 2627 natum.

403 2662 492 2716 18.
528 2660 690 2728 Quod
717 2670 900 2717 autem
930 2661 1062 2716 illud
1097 2672 1329 2732 spectat,
1357 2662 1517 2719 Iesus
1548 2674 1728 2719 autem
1752 2666 1917 2734 proﬁ-

333 2750 502 2806 ciebat
535 2760 714 2815 atate,
739 2751 1005 2820 sapientia
1030 2763 1078 2806 et
1123 2751 1297 2820 gratia
1321 2751 1370 2783 "
1399 2768 1415 2818 ;
1451 2751 1505 2805 id
1538 2766 1671 2806 sane
1717 2751 1916 2806 dicitur

332 2845 401 2900 de
427 2843 650 2898 homine
675 2843 770 2914 qui
821 2844 875 2897 in
926 2841 1211 2898 Salvatore
1261 2857 1382 2898 esse
1427 2843 1770 2914 intelligitur,
1818 2845 1914 2914 qui

333 2935 498 2992 modo
529 2933 714 2990 infans
751 2933 878 3000 fuit,
913 2934 1076 2989 modo
1107 2932 1339 3003 profecit
1364 2942 1543 2999 aetate,
1569 2947 1623 2989 et
1648 2935 1912 3004 sapientia

282 3048 289 3054 ·
332 3011 611 3102 οιέηιίέ,
643 3027 910 3098 incipiens
952 3027 1112 3097 quasi
1161 3041 1434 3082 annorum
1469 3027 1712 3098 triginta,
1746 3039 1806 3083 ut
1837 3027 1914 3082 ait

333 3121 670 3192 evangelista
699 3119 898 3176 Lucas.
931 3119 1148 3190 Corpus
1175 3133 1326 3183 vero,
1352 3119 1500 3189 quod
1529 3127 1584 3173 et
1610 3117 1911 3188 profectum

332 3225 388 3270 et
416 3224 632 3272 aetatem
664 3213 926 3274 admittit.
960 3221 1046 3267 est
1075 3228 1164 3268 res
1191 3220 1373 3267 creata
1401 3221 1455 3267 et
1484 3211 1726 3266 condita.
1755 3209 1914 3267 Jesus

333 3321 519 3368 autem
540 3309 819 3372 Christus,
849 3307 942 3377 qui
979 3306 1032 3360 in
1068 3305 1352 3360 Salvatore
1377 3304 1696 3374 intelligitur
1725 3305 1911 3368 homo,

335 3403 448 3472 ipse
474 3409 558 3456 est
587 3400 682 3468 qui
705 3397 1014 3470 profectum
1041 3397 1219 3452 aetatis
1242 3396 1498 3464 admittit,
1525 3396 1688 3452 modo
1709 3396 1914 3460 infans,

333 3493 498 3547 modo
519 3495 604 3546 vir
631 3535 648 3558 ,
677 3491 932 3559 incipiens
965 3491 1117 3559 quasi
1143 3496 1356 3543 aetatem
1386 3489 1606 3559 triginta
1630 3505 1912 3554 annorum,

335 3595 395 3640 ut
428 3586 506 3640 ait
541 3585 720 3640 Lucas
745 3585 815 3639 ⁸⁵.
873 3582 978 3649 Qui
1020 3583 1186 3653 igitur
1239 3591 1459 3636 :etatum
1509 3583 1914 3638 successionem

332 3677 571 3733 admittit
599 3676 766 3730 homo
793 3675 1053 3728 Christus
1089 3671 1270 3736 Jcsus,
1308 3673 1400 3742 qui
1436 3671 1539 3726 fuit
1576 3671 1752 3727 ﬁdelis
1783 3688 1917 3742 apo-

333 3773 506 3827 stolus
536 3778 701 3840 atque
733 3766 978 3838 pontifex
1001 3767 1051 3821 ei
1079 3766 1175 3836 qui
1205 3764 1332 3821 fecit
1361 3765 1537 3830 illum,
1568 3765 1686 3835 ipse
1713 3775 1798 3820 est
1819 3765 1916 3836 qui

331 3862 636 3937 profestum
667 3861 928 3918 admittit.

404 3956 491 4012 19.
532 3954 845 4025 Stephanus
881 3954 959 4007 ait
985 3971 1006 4007 τ
1029 3953 1194 4006 Video
1220 3950 1421 4005 Filium
1439 3952 1665 4006 hominis
1687 3961 1915 4007 stantem

331 4070 364 4106 ιι
400 4051 604 4106 dextris
630 4049 845 4104 virtutis
873 4047 1035 4102 Dei“
1061 4065 1078 4115 ;
1106 4063 1215 4102 non
1249 4047 1387 4101 dixit
1414 4046 1652 4100 Verbum
1682 4055 1777 4101 aut
1815 4046 1919 4100 Sa—

331 4145 590 4214 pientiam
637 4141 818 4198 Patris
855 4156 916 4196 se
967 4141 1219 4208 vidisse;
1264 4141 1360 4195 sed
1410 4139 1608 4194 Filium
1651 4141 1913 4204 hominis,

331 4235 677 4290 Dominicum
717 4248 922 4303 corpus
957 4247 1023 4287 ex
1074 4230 1248 4289 Maria-
1291 4240 1592 4302 sumplum,
1627 4247 1790 4302 quem
1824 4231 1922 4286 Fi-.

330 4329 464 4382 lium
490 4326 731 4382 hominis
753 4327 957 4382 Paulus
974 4324 1109 4379 dicit
1133 4325 1322 4379 sedere
1345 4323 1411 4379 ad
1432 4325 1710 4379 dexteram
1730 4323 1824 4380 Dei
1842 4325 1908 4378 ⁸⁷.

2017 1847 2152 1901 Θεοῦ
2176 1846 2252 1911 ὼς
2279 1849 2444 1911 ἔστιν,
2474 1848 2604 1920 ἀχρι
2627 1849 2722 1902 τοῦ
2762 1851 3074 1920 φανερῶσαι
3101 1850 3292 1904 ἑαυτὸν
3311 1855 3474 1922 ἡμῖν.
3507 1852 3618 1904 Τόν

2015 1936 2071 1988 δὲ
2119 1936 2346 2008 ἐφόρεσε
2406 1937 2472 1989 δι’
2529 1939 2679 2008 ἡμᾶς
2723 1938 2839 1992 υἱὸν
2886 1939 2980 1992 τοῦ
3015 1939 3326 2011 ἀνθρώπου,
3358 1941 3611 2012 εἴδομεν·

2014 2022 2074 2076 ὃν
2088 2017 2240 2077 εἶπεν
2262 2023 2289 2074 6
2309 2023 2544 2087 Παῦλος*
2562 2025 2992 2094 Κατανοήσατε
3011 2027 3120 2080 τὸν
3140 2029 3497 2083 ἀπόστολον
3511 2032 3614 2085 καί

2015 2117 2293 2184 ἀρχιερέα
2322 2117 2434 2184 τῆς
2465 2119 2788 2188 ὁμολογίας
2839 2119 3011 2188 ἡμῶν
3050 2122 3317 2188 Ἰησοῦν,
3381 2122 3620 2177 πιστόν

2017 2209 2162 2262 ὄντα
2191 2209 2272 2275 τῷ
2305 2210 2628 2276 ποιήσαντι
2671 2211 2876 2265 αὐτόν·
2911 2212 2970 2265 δν
3006 2215 3097 2267 καὶ
3131 2215 3402 2283 Στέφανος
3434 2216 3613 2284 λέγει’

2020 2302 2220 2370 Θεωρῶ
2247 2303 2355 2357 τὸν
2397 2303 2535 2357 Υίὸν
2558 2303 2665 2358 τοῦ
2687 2304 3004 2373 ἀνθρώπου
3040 2307 3109 2360 ἐκ
3136 2306 3352 2371 δεξιῶν
3372 2307 3616 2361 ἑστῶτα

2016 2396 2124 2450 τοῦ
2157 2397 2327 2449 Θεοῦ·
2371 2397 2472 2449 οὐκ
2531 2391 2652 2448 εἷπε
2711 2397 2804 2449 τὸν
2830 2397 3001 2465 Λόγον
3055 2396 3088 2466 ἢ
3141 2397 3239 2467 τὴν
3280 2397 3485 2466 Σοφίαν
3512 2399 3614 2450 τοῦ

2016 2489 2229 2558 Πατρὸς
2258 2489 2581 2560 ἑωρακέναι,
2626 2488 2762 2543 ἀλλά
2793 2491 2886 2542 τὸν
2916 2489 3044 2543 Υίὸν
3081 2489 3176 2543 τοῦ
3199 2489 3518 2561 ἀνθρώπου,
3549 2490 3616 2542 τὸ

2014 2583 2080 2636 ἐκ
2107 2583 2327 2652 Μαρίας
2357 2582 2639 2653 κυριακὸν
2676 2583 2856 2654 σῶμα.

2087 2673 2174 2727 18.
2209 2675 2346 2745 Περὶ
2381 2675 2498 2738 τοῦ,
2537 2675 2592 2728 '0
2617 2675 2686 2729 δὲ
2729 2676 2968 2743 Ἰησοῦς
2993 2675 3366 2746 προέκοπτεν
3395 2676 3610 2743 ἡλικίᾳ

2015 2767 2113 2819 καὶ
2144 2769 2330 2836 σοφίῃ
2358 2768 2458 2821 καί
2518 2769 2734 2839 χάριτι·
2797 2769 3014 2838 λέγεται
3047 2769 3103 2821 δὲ
3124 2771 3151 2822 6
3176 2767 3317 2820 κατά
3345 2768 3438 2819 τὸν
3490 2768 3605 2820 Σω-

2013 2861 2158 2931 τῆρα
2201 2861 2487 2932 νοούμενος
2517 2862 2824 2934 ἄνθρωπος,
2853 2865 2882 2916 6
2907 2863 3070 2926 αὐτὸς
3116 2861 3247 2914 ποτὲ
3270 2863 3467 2930 νήπιος
3504 2859 3601 2922 ὢν,

2015 2953 2109 3004 καὶ
2134 2953 2265 3006 ποτέ
2320 2953 2647 3022 προκόπτων
2690 2954 2878 3026 ἡλικία
2930 2956 3025 3008 καὶ
3062 2953 3224 3023 σοφίᾳ
3271 2952 3364 3005 καὶ
3393 2952 3602 3023 χάριτι,

2014 3043 2314 3115 ἀρχόμενός
2344 3062 2404 3097 τε
2459 3044 2534 3098 ὢν
2568 3046 2701 3099 ὡσεὶ
2743 3045 2883 3100 ἐτῶν
2922 3045 2986 3109 λ’,
3044 3044 3119 3108 ὡς
3151 3047 3180 3098 6
3209 3037 3606 3116 εὐαγγελιστὴς

2015 3139 2229 3200 Λουκᾶς
2259 3155 2412 3207 φησι.
2453 3138 2528 3191 Τὸ
2562 3139 2619 3192 δὲ
2671 3138 2954 3210 προκοπὴν
2994 3139 3087 3191 καὶ
3112 3136 3327 3206 ἠλικίαν
3354 3136 3602 3206 ἐπιδεχό-

2019 3247 2178 3301 μενον
2215 3230 2390 3301 σῶμα,
2418 3231 2550 3284 αὑτό
2603 3230 2718 3283 ἐστι
2761 3230 2968 3299 κτίσμα
2999 3229 3094 3281 καὶ
3126 3229 3355 3298 ποίημα.
3393 3225 3606 3297 Ἰησοῦς

2013 3323 2071 3376 δὲ
2099 3326 2128 3377 6
2159 3323 2412 3395 Χριστὸς,
2435 3323 2465 3375 6
2508 3322 2651 3376 κατά
2677 3322 2768 3375 τὸν
2801 3320 3034 3391 Σωτῆρα
3061 3319 3350 3389 νοούμενος
3390 3316 3603 3387 ἄνθρω-

2015 3432 2136 3479 πος,
2165 3416 2327 3480 αὐτός
2353 3417 2501 3468 ἐστιν
2533 3417 2562 3467 6
2593 3413 2877 3486 προκοπὴν
2917 3413 3137 3484 ἡλικίας
3195 3411 3602 3480 ἐπιδεχόμενος,

2017 3507 2147 3560 ποτέ
2200 3509 2390 3578 νήπιος
2442 3505 2745 3577 τυγχάνων,
2797 3506 2928 3561 ποτέ
2991 3505 3151 3575 ἀνὴρ,
3179 3503 3513 3573 ἀρχόμενός
3533 3520 3601 3556 τε

2015 3599 2157 3653 ὡσεί
2196 3599 2346 3653 ἐτῶν
2369 3602 2444 3663 λ’,
2478 3598 2555 3664 ὥς
2583 3617 2746 3668 φησιν
2773 3599 2801 3651 ό
2853 3598 3086 3659 Λουκᾶς.
3141 3597 3196 3648 '0
3223 3595 3402 3646 τοίνυν
3460 3595 3596 3664 μεθ-

2016 3691 2392 3763 ηλικιούμενος
2420 3691 2707 3762 ἄνθρωπος
2741 3688 2974 3760 Χριστὸς
3013 3686 3240 3757 Ἰησοῦς,
3277 3685 3336 3745 ὃς
3380 3685 3599 3752 ἐγένετο

2018 3783 2206 3846 πιστὸς
2250 3781 2545 3845 ἀπόστολος
2583 3783 2678 3842 καὶ
2717 3782 3006 3854 ἀρχιερεὺς
3057 3779 3138 3850 τῷ
3185 3779 3600 3848 ποιήσαντι-αὺ-

2015 3873 2130 3934 τὸν,
2163 3871 2327 3934 αὐτός
2358 3873 2506 3923 ἐστιν
2527 3872 2557 3924 6
2600 3871 2700 3941 τὴν
2733 3868 3014 3941 προκοπὴν
3040 3867 3347 3939 ὑπομένων.

2090 3963 2178 4016 19.
2234 3962 2504 4030 Στέφανος
2541 3945 2709 4025 λέγει·
2745 3961 2949 4029 Θεωρῶ
2997 3959 3104 4014 τὸν
3166 3958 3305 4012 Υίὸν
3359 3957 3465 4012 τοῦ
3488 3958 3596 4012 ἀν-

2017 4054 2252 4119 θρώπου
2308 4054 2378 4106 ἐκ
2428 4053 2643 4118 δεξιῶν
2693 4052 2923 4107 ἑστῶτα
2970 4050 3081 4120 τῆς
3130 4050 3439 4120 δυνάμεως
3485 4050 3593 4103 τοῦ

2019 4143 2188 4197 Θεοῦο
2213 4143 2312 4195 οὐκ
2336 4138 2456 4196 εἶπε
2496 4143 2586 4196 τὸν
2623 4142 2794 4210 Λόγον
2821 4142 2854 4212 ἢ
2890 4141 2991 4212 τὴν
3029 4139 3228 4207 Σοφίαν
3259 4136 3355 4191 τοῦ
3382 4134 3592 4222 Πατρός

2021 4237 2348 4308 ἑωρακέναι,
2376 4236 2512 4290 ἀλλὰ
2541 4237 2632 4289 τὸν
2662 4236 2790 4289 Υίὸν
2825 4236 2918 4288 τοῦ
2951 4231 3262 4305 ἀνθρώπου,
3299 4232 3360 4284 τὸ
3381 4233 3444 4283 ἐκ
3471 4231 3594 4284 Μα-

2019 4324 2139 4396 ρίας
2159 4325 2434 4397 Κυριακὸν
2469 4325 2646 4398 σῶμα,
2670 4326 2807 4397 ὅπερ
2832 4329 2860 4379 6
2878 4324 3088 4388 Παῦλος
3109 4324 3255 4392 λέγει
3284 4320 3498 4375 καθίσαι
3523 4321 3590 4372 ἐκ

331 4421 402 4474 De
426 4433 538 4489 quo
568 4433 798 4489 corpore
831 4418 997 4472 David
1032 4417 1348 4488 prophetico
1374 4433 1441 4472 ex
1468 4433 1701 4488 persona
1733 4417 1910 4474 Patris

2031 4416 2204 4481 Ξεξιῶν
2233 4417 2330 4471 τοῦ.
2355 4417 2510 4470 θεοῦ.
2553 4419 2688 4489 Περὶ
2727 4411 2788 4470 οὗ
2824 4417 3074 4488 σώματος
3115 4415 3278 4470 Δαυῖδ
3312 4431 3440 4485 φησι
3462 4430 3592 4484 προ-

326 4514 403 4567 ait
433 4532 445 4568 :
485 4511 620 4566 Sede
648 4529 680 4565 α
706 4511 907 4564 dextris
929 4511 1081 4576 meis,
1116 4509 1280 4563 donec
1303 4527 1501 4580 ponam
1526 4512 1770 4565 inimicos
1794 4521 1908 4566 tuos

323 4602 614 4657 scabellum
641 4602 833 4672 pedum
865 4610 1077 4655 tuorum
1099 4602 1168 4654 ".
1203 4599 1342 4667 Quia
1370 4602 1701 4672 prtevidebat
1727 4601 1910 4655 inimi-

323 4711 420 4752 cos
450 4695 568 4751 fore
617 4695 898 4754 diabolum
929 4703 984 4750 et
1023 4695 1370 4751 adversarius
1405 4705 1703 4766 potestates
1737 4697 1912 4765 ipsius

325 4787 630 4854 ministras,
673 4804 798 4858 qua:
849 4787 1061 4844 infestas
1103 4797 1263 4843 erant
1307 4787 1598 4843 Dominico
1653 4789 1906 4856 homini;

325 4895 509 4949 gnarae
545 4896 605 4936 se
658 4895 870 4936 necnon
917 4880 1220 4946 diabolum,
1261 4881 1354 4950 qui
1383 4881 1669 4951 imperium
1715 4884 1908 4938 mortis

325 4967 509 5031 habet,
541 4983 641 5037 per
669 4976 899 5023 mortem
942 4967 1062 5037 ejus
1093 4967 1431 5022 destructum
1484 4968 1572 5022 iri.
1619 4966 1724 5033 Qui
1757 4968 1902 5021 enim

321 5057 580 5112 deitatem
615 5055 779 5113 Verbi
805 5059 1082 5125 minuunt,
1117 5072 1181 5112 ac
1209 5058 1256 5113 si
1287 5057 1553 5113 Dominus
1590 5074 1686 5128 per
1711 5075 1770 5113 se
1795 5073 1910 5112 non

325 5160 509 5220 posset
537 5153 792 5208 inimicos
823 5153 1036 5220 ulcisci,
1071 5152 1206 5222 quia.
1237 5153 1445 5208 scilicet
1470 5152 1627 5208 Pater
1659 5152 1796 5209 Filio
1819 5154 1904 5208 di-

325 5245 402 5298 xit
431 5264 450 5300 :
481 5244 612 5299 Sede
635 5263 668 5299 a
703 5247 906 5300 dextris
937 5246 1089 5309 meis,
1116 5245 1280 5300 donec
1301 5261 1492 5315 ponam
1523 5246 1763 5299 inimicos
1787 5259 1905 5300 tuos

323 5337 615 5393 scabellum
667 5340 857 5408 pedum
905 5349 1158 5404 tuorum;
1196 5340 1232 5394 ii
1269 5339 1496 5402 scilicet,
1536 5340 1772 5409 imperiti
1806 5340 1904 5394 ho-

325 5429 522 5495 mines,
551 5431 822 5496 noverint,
867 5429 921 5484 id
948 5431 1003 5484 in
1032 5429 1312 5485 hominem
1350 5430 1654 5486 secundum
1679 5446 1905 5486 carnem

396 5612 569 5670 “lsa.
598 5633 716 5676 LIII.
745 5616 797 5672 7.
875 5615 958 5668 “l
983 5615 1126 5670 Tim.
1159 5633 1221 5684 ιι,
1254 5617 1306 5672 5.

327 5683 376 5716 “
396 5685 528 5740 Luc.
576 5703 635 5752 ιι,
678 5688 766 5742 52.
842 5688 889 5722 "
927 5686 1060 5742 Luc.
1137 5683 1222 5756 ιιι,
1253 5688 1347 5745 εὖ.
1421 5692 1615 5747 “Act.
1654 5709 1750 5758 vn,

2016 4505 2261 4578 φητικῶς
2292 4509 2356 4560 ἐκ
2385 4505 2676 4578 προσώπου
2698 4506 2791 4560 τοῦ
2813 4507 3046 4578 Πατρός·
3076 4505 3270 4559 Κάθου
3290 4504 3359 4556 ἐκ
3384 4501 3591 4567 δεξιῶν

2010 4617 2152 4670 μου,
2178 4599 2290 4664 ἕως
2314 4597 2392 4653 ἂν
2423 4598 2504 4653 θῶ
2525 4599 2668 4664 τοὺς
2694 4598 2949 4667 ἐχθρούς
2977 4613 3094 4652 σου
3124 4594 3455 4651 ὑποπόδιον
3474 4593 3589 4647 τῶν

2015 4691 2218 4746 ποδῶν
2241 4706 2377 4746 σου.
2422 4691 2573 4744 Ἐπεὶ¹
2616 4691 3023 4762 προεγίνωσκεν
3051 4688 3279 4760 ἐχθροὺς
3308 4686 3588 4756 ἐσομένους

2013 4783 2106 4836 τὸν
2136 4782 2379 4837 διάϐολον
2414 4784 2510 4836 καὶ
2540 4782 2640 4846 τὰς
2677 4783 2972 4853 συνεργοὺς
3015 4780 3180 4834 αὑτοῦ
3218 4778 3588 4849 ἀντικειμένας

2014 4877 2316 4951 ἐνεργείας,
2348 4875 2554 4938 αἵτινες
2591 4875 2858 4947 ἦχθρευον
2890 4874 2968 4945 τῷ
2989 4871 3252 4944 Κυριακῷ
3303 4869 3580 4942 ἀνθρώπῳ,

2012 4969 2373 5039 γινώσκουσαι
2403 4965 2489 5020 διὰ
2509 4963 2605 5019 τοῦ
2661 4964 2890 5019 θανάτου
2932 4963 3096 5016 αὑτοῦ
3145 4960 3584 5032 καταργουμένας

2013 5061 2186 5126 αὐτὰς
2219 5061 2312 5114 καὶ
2339 5059 2431 5113 τὸν
2469 5059 2530 5112 τὸ
2558 5058 2759 5130 κράτος
2785 5057 2976 5128 ἔχοντα
3002 5055 3095 5108 τοῦ
3120 5053 3352 5110 θανάτου
3371 5053 3458 5106 τὸν
3480 5053 3584 5106 διά-

2013 5155 2188 5209 ϐολον.
2219 5157 2282 5208 υἱ
2309 5153 2418 5226 γὰρ
2446 5153 2543 5224 τὴν
2579 5151 2808 5222 θεότητα
2853 5150 2946 5203 τοῦ
2992 5151 3166 5217 Λόγου
3220 5146 3591 5226 ἐλαττοῦντες,ἵ

2013 5250 2088 5315 ὡς
2123 5249 2196 5320 μὴ
2226 5246 2529 5317 δυναμένου
2557 5244 2651 5298 τοῦ
2672 5244 2879 5316 Κυρίου
2909 5243 2974 5296 δι’
2993 5240 3186 5295 ἑαυτοῦ
3214 5242 3342 5304 τοὺς
3365 5240 3577 5311 ἐχθροὺς

2009 5340 2341 5412 ἀμύνασθαι,
2376 5335 2486 5392 οἷον
2519 5339 2581 5392 τὸ
2634 5337 2910 5408 εἰρηκέναι
2964 5335 3055 5387 τὸν
3087 5334 3308 5407 Πατέρα
3351 5334 3426 5405 τῷ
3453 5332 3568 5404 Υίῴ·

2010 5432 2206 5490 Κάθου
2240 5433 2310 5485 ἑκ
2349 5429 2568 5494 δεξιῶν
2604 5446 2744 5498 μου,
2774 5428 2886 5492 ἕως
2923 5428 3000 5480 ἂν
3042 5427 3123 5481 θῶ
3161 5427 3306 5493 τοὺς
3343 5427 3561 5496 ἐχθροῖς

1411 5619 1501 5673 ⁸⁰1
1529 5619 1656 5675 Cor.
1685 5638 1776 5683 xv.
1815 5623 1906 5688 3|,

2031 5667 2032 5671 η
2112 5621 2156 5653 ⁸¹
2176 5619 2330 5674 Joan.
2359 5635 2449 5678 xv,
2586 5617 2650 5688 7'"
2674 5614 2836 5670 Hebr.
2859 5632 2943 5680 ιιι,
2966 5616 3017 5680 1,
3042 5613 3098 5669 2.
3174 5613 3220 5645 ⁸³
3245 5614 3364 5668 Act.
3386 5616 3573 5679 “1,55.

1955 5695 1995 5725 ³⁷
2023 5694 2234 5749 Coloss.
2272 5706 2352 5754 ιιι,
2384 5691 2434 5743 1.
2512 5689 2553 5718 δ’
2583 5687 2724 5743 Psal‘.
2754 5688 2944 5753 Ctx,l.
