3794 6226
131 295 270 353 12ἷὸ
1366 304 1598 362 SEBMO
1636 304 1864 362 MAJOR
1901 304 1993 360 DE
2030 304 2204 360 FIDE.
3289 309 3429 365 42η

126 426 244 469 σου
275 415 635 470 ὑποπόδιον
688 416 809 473 τῶν
868 421 1073 479 ποδῶν
1120 441 1259 481 σου·
1317 425 1478 482 τοῦτο
1535 424 1631 480 οῦν
1658 442 1729 495 γι-

1902 435 2130 494 ιοεριυω
2186 425 2479 495 quadrare.
2524 423 2583 480 in
2614 426 2734 497 ipso
2762 425 2966 498 quippe
2994 423 3195 483 Dan-ide
3221 427 3289 483 de
3332 446 3430 484 eo-

127 501 500 558 νωσκέτωσαν
567 506 615 561 oi
678 508 995 567 ἀπαίδευτοι
1062 514 1144 579 είς
1195 516 1290 572 τὸν
1344 516 1488 571 κατὰ
1553 516 1729 587 σάρκα

1902 531 1968 572 :m
2004 515 2294 574 Dominico
2317 518 2540 574 homine
2565 519 2828 589 scriptum
2869 527 2993 575 est:
3032 517 3154 573 Non
3194 521 3431 590 proﬁciet

125 591 419 667 κυούμενον
452 594 747 668 ἄνθρωπον
770 600 1104 674 γεγράφθαι.
1137 604 1225 657 Ἐν
1258 604 1369 678 γὰρ
1403 604 1552 677 αὐτῷ
1571 603 1729 659 Δαυῒδ

1908 608 2098 663 imicus
2124 609 2180 664 in
2205 618 2252 664 te
2277 610 2344 664 ".
2378 608 2596 680 Corpus
2628 611 2811 681 itaque
2835 621 2938 677 est,
2971 613 3057 668 cui
3092 613 3257 669 dicit:
3297 613 3432 670 Sede

126 687 253 759 ηρ).
310 686 411 741 τοῦ
449 688 745 763 Κυριακοῦ
792 693 1082 766 ἀνθρώπου
1112 698 1445 772 γέγραπται·
1486 698 1729 768 Ἐχθρὸς

1902 701 2102 755 dextris
2140 702 2292 765 meis,
2346 701 2508 772 cujus
2555 702 2813 758 inimicus
2855 702 2961 758 fuit
3003 704 3256 761 diabolus
3302 721 3427 761 cum

125 779 234 833 οὐκ
259 777 586 849 ὠφελήσει
631 783 703 837 ἐν
749 785 873 840 σοί.
897 786 972 841 Τὸ
1029 790 1193 861 σῶμα
1248 790 1432 845 τοίνυν
1492 790 1641 844 ἐστὶν
1689 783 1729 858 ᾧ

1902 793 2006 849 alis
2038 795 2423 864 potestatibus,
2457 810 2671 851 necnon
2697 794 2870 852 Judaei
2896 804 2953 851 et
2987 796 3184 852 Graeci.

126 875 533 1027 Réyetl'ngﬂov
561 878 632 933 ἐκ
667 878 883 946 δεξιῶν
901 901 1044 954 μου,
1076 878 1167 939 σῦ⁷
1168 887 1264 941 καὶ
1291 887 1514 956 γέγονεν
1539 886 1734 958 ἐχθρὸς
1769 888 1799 940 6
1826 888 2073 955 διάϐολος
2114 892 2214 945 σὺν
2257 895 2380 956 ταῖς
2417 892 2682 965 πονηραῖς
2713 890 3003 962 δυνάμεσι,
3051 891 3148 946 καὶ
3183 893 3434 949 Ἰουδαῖοι

126 973 217 1027 καὶ
238 973 263 992 ”
309 973 539 1027 λλτινεε-

125 973 217 1027 καὶ
238 973 539 1048 Ἕλληνες.

192 1068 284 1126 20.
313 1035 516 1126 Πάντα
547 1074 720 1129 εἰπὼν
761 1078 820 1131 ἑν
870 1076 1022 1149 αὐτῷ
1064 1078 1351 1133 κτισθέντα
1389 1079 1419 1131 6
1469 1078 1729 1151 μακάριος

1914 1077 2126 1149 1033
2145 1076 2237 1133 20.
2262 1075 2398 1133 Cum
2430 1035 2614 1133 omnia
2634 1078 2688 1133 in
2720 1078 2840 1149 ipso
2856 1088 3038 1135 creata
3062 1078 3232 1136 fuisse
3252 1081 3430 1139 dixis-

127 1160 361 1227 Παῦλος,
394 1164 572 1219 αὑτὸν
601 1166 764 1237 μόνον
791 1163 914 1223 εἷπε
947 1170 1055 1241 πρὸ
1082 1169 1322 1224 πάντων.
1364 1169 1462 1223 Ἐκ
1491 1169 1603 1242 γὰρ
1632 1169 1729 1224 τῶι

1902 1179 1923 1224 t
1978 1169 2176 1224 beatus
2212 1166 2440 1234 Paulus,
2481 1167 2662 1238 ipsum
2710 1168 2889 1223 solum
2939 1169 3016 1222 ait
3060 1177 3187 1224 ante
3240 1171 3425 1224 omnia

129 1254 378 1309 παλαιῶν
404 1258 852 1330 πεπαιδευμένος
890 1262 1210 1334 νομομαθὴς
1257 1261 1355 1327 ὢν,
1379 1262 1482 1326 τάς
1508 1279 1567 1316 τε
1592 1264 1729 1334 Παρ-

1902 1275 1983 1316 se.
2021 1259 2105 1313 Ab
2138 1258 2380 1329 antiquis
2409 1259 2554 1313 enim
2587 1258 2859 1325 eruditus,
2896 1260 3023 1329 quia
3055 1259 3188 1330 legis
3218 1260 3428 1331 peritus

126 1345 308 1415 οιμίας
354 1347 459 1401 τοῦ
521 1348 871 1421 Σολομῶντος
906 1352 1291 1425 φιλολογήσας,
1341 1354 1436 1411 καὶ
1481 1354 1575 1408 δύο
1622 1354 1729 1425 είδτ

1904 1360 1981 1419 at,
2013 1358 2203 1420 utpote
2236 1350 2331 1420 qui
2386 1361 2639 1406 accurate
2679 1351 2973 1420 parabolas
3007 1349 3318 1409 Salomonis
3350 1352 3429 1410 le-

129 1438 252 1542 περὶ
278 1436 375 1491 τοῦ
404 1439 624 1509 Κυρίου
674 1442 871 1514 εὑρὼν,
906 1443 966 1498 ἓν
994 1444 1093 1515 μὲν
1122 1445 1252 1516 περὶ
1300 1444 1396 1498 τοῦ
1428 1446 1493 1498 ὲκ
1516 1444 1729 1517 Μαρίας

1902 1454 2029 1517 sset,
2067 1454 2231 1514 atque
2254 1442 2394 1499 duas
2422 1443 2491 1498 de
2524 1441 2759 1497 Domino
2786 1444 3044 1514 loquendi
3082 1445 3291 1515 species
3327 1446 3425 1502 de-

126 1526 347 1598 ἔμελλεν
385 1530 801 1604 ἀναλαμϐάνειν
834 1534 1151 1608 ἀνθρώπου,
1186 1537 1375 1609 ἓτερον
1396 1538 1453 1591 δὲ
1477 1537 1607 1610 περὶ
1633 1536 1727 1592 τοῦ

128 1621 231 1691 πρὸ
253 1621 485 1678 πάντων
537 1624 752 1681 αίώνων
804 1627 992 1693 ἀϊδίως
1044 1630 1112 1684 ὲκ
1154 1629 1250 1684 τοῦ
1284 1630 1497 1702 Πατρὺς
1546 1646 1733 1702 γεννη-

128 1709 308 1777 θέντος
336 1714 546 1784 Λόγου·
578 1718 675 1771 καὶ⁸
722 1719 853 1790 περὶ
887 1719 988 1791 μὲν
1033 1719 1129 1775 τοῦ
1180 1722 1245 1775 ἐκ
1290 1722 1510 1793 Μαρίας
1552 1720 1730 1793 Ἰησοῦ

128 1804 327 1876 γράφει
390 1807 688 1881 Τιμοθέῳ·
746 1813 1108 1881 Μνημόνευε
1186 1809 1432 1881 Ἶησοῦν
1470 1813 1733 1882 Χριστὸν

128 1897 538 1971 ἐγηγερμένον
590 1903 661 1958 ἐκ
705 1903 939 1973 νεκρῶν
1005 1906 1076 1961 ἐκ
1140 1906 1489 1977 σπέρματος
1550 1906 1734 1961 Δαυῒδ

131 1991 277 2046 κατὰ
300 1992 531 2062 σάρκα·
569 1995 701 2068 περὶ
733 1995 790 2050 δὲ
816 1995 911 2050 τοῦ
958 1997 1049 2052 ἀεὶ
1082 1999 1181 2053 σὺν
1237 1998 1316 2070 τῷ
1366 2000 1544 2072 Πατρὶ
1594 1998 1732 2052 Θεοῦ

129 2082 296 2154 Λόγου
326 2081 515 2152 εἶπεν,
567 2088 651 2143 ὅτι
687 2089 804 2143 ἔστι
840 2089 948 2162 πρὸ
983 2090 1224 2145 πάντων.
1287 2090 1734 2163 Ἐλεγχὲσθωσαν

132 2176 303 2232 τοίνυν
324 2178 488 2250 παρὰ
518 2180 739 2235 πάντων
769 2180 880 2235 τῶν
913 2181 1086 2250 ἁγίων
1135 2185 1185 2237 οί
1215 2183 1468 2248 λέγοντες
1516 2183 1610 2237 τὸν
1636 2181 1732 2237 τοῦ

131 2266 261 2323 Θεοῦ
297 2271 481 2341 Λόγον
505 2273 685 2345 ἀρχὴν
721 2274 833 2328 τῶν
862 2273 1041 2347 ἔργων
1083 2276 1399 2343 κτισθέντα,
1427 2276 1524 2331 καὶ
1579 2276 1733 2349 παρὰ

133 2359 222 2415 τοῦ
249 2362 416 2418 Δαυῒδ
469 2366 857 2434 ἁκουέτωσαν,
909 2369 994 2423 ὅτι
1034 2370 1137 2423 οὐκ
1193 2368 1341 2422 ἐστιν
1393 2369 1574 2442 ἔργον,
1618 2369 1732 2423 ἀλλ’

134 2448 301 2522 ἔργων
325 2456 587 2528 ποιητὴς,
628 2456 702 2522 ὡς
745 2458 915 2528 λέγει’
952 2460 1133 2529 Ἔργα
1175 2458 1391 2529 χειρῶν
1414 2475 1531 2514 σου
1574 2460 1735 2515 εἰσιν

135 2540 186 2594 οι
245 2543 527 2612 οὐρανοί’
598 2545 768 2601 αὐτοὶ
840 2547 1246 2613 ἀπολοῦνται,
1317 2548 1399 2603 σὺ
1473 2547 1544 2602 δὲ
1602 2548 1733 2603 δια-

130 2646 344 2699 μενεις.

1834 1537 2254 1607 prehendisset;
2291 1534 2454 1590 aliam
2494 1534 2716 1604 quidem
2768 1534 2836 1590 de
2880 1535 3105 1590 homine
3151 1551 3315 1606 quem
3357 1551 3423 1591 ex

1833 1628 2004 1683 Maria
2039 1635 2429 1698 assumpturus
2487 1636 2629 1693 erat,
2685 1627 2847 1682 aliam
2907 1627 2976 1684 de
3020 1627 3221 1698 Verbo,
3278 1633 3424 1701 quod

1833 1729 1959 1777 ante
2006 1720 2193 1775 omnia
2251 1719 2452 1775 saecula
2502 1719 2572 1774 ab
2608 1728 2814 1775 aeterno
2861 1735 2929 1775 ex
2962 1718 3128 1779 Patre
3177 1723 3424 1793 genitum

1832 1811 2056 1878 fuerat;
2084 1810 2154 1866 de
2204 1808 2334 1867 Jesu
2366 1811 2588 1881 quidem
2624 1827 2691 1867 cx
2736 1809 2909 1867 Maria
2947 1826 3099 1881 nato,
3132 1812 3426 1872 Timotheo

1834 1902 2029 1959 scribit
2059 1924 2072 1958 :
2103 1901 2308 1957 Memor
2337 1912 2451 1957 esto
2476 1902 2766 1957 Dominum
2803 1902 2989 1958 Jesum
3029 1904 3300 1961 Christum
3335 1923 3424 1961 re-

1833 1995 2127 2050 surrexisse
2165 2012 2199 2050 a
2223 1996 2448 2049 mortuis
2476 2010 2541 2049 ea:
2571 1995 2768 2049 semine
2793 1995 2961 2049 David
2984 1998 3270 2053 secundum
3303 2016 3425 2054 car.

1834 2105 1950 2143 nem
1975 2089 2062 2156 ⁶⁰;
2095 2090 2164 2144 de
2204 2086 2385 2143 Verbo
2415 2097 2596 2143 autem
2633 2086 2745 2143 Deo
2770 2089 2863 2159 qui
2899 2104 3115 2159 semper
3156 2105 3282 2145 cum
3315 2089 3425 2147 Pa-

1837 2191 1920 2236 tre
1948 2188 2053 2247 est,
2082 2179 2264 2234 dixit:
2300 2179 2448 2249 quod
2489 2178 2563 2234 sit
2612 2188 2739 2234 ante
2771 2180 2977 2235 omnia.
3015 2178 3267 2236 Convicti
3316 2181 3424 2236 ita-

1836 2287 1944 2343 que
1990 2270 2238 2326 omnium
2289 2278 2607 2326 sanctorum
2657 2270 2973 2327 testimonio
3019 2282 3280 2329 maneant
3326 2273 3424 2344 qui

1834 2364 2045 2429 dicunt,
2078 2362 2174 2417 Dei
2204 2360 2446 2417 Verbum
2488 2362 2703 2417 initium
2745 2378 2975 2434 operum
3004 2374 3250 2421 creatum
3281 2366 3424 2422 fuis-

1835 2468 1939 2522 se;
1980 2461 2145 2523 atque
2184 2468 2214 2507 a
2252 2451 2454 2506 Davide
2498 2452 2750 2518 audiant,
2787 2467 2897 2507 non
2940 2469 3063 2510 esse
3112 2470 3273 2526 opus,
3326 2458 3423 2511 sed

1835 2561 2060 2618 operum
2089 2544 2456 2608 conditorem,
2488 2552 2548 2598 ut
2582 2544 2748 2600 habet
2770 2544 2924 2615 ipse:
2959 2545 3133 2616 Opera
3166 2563 3424 2601 manuum

1838 2649 2054 2695 tuarum
2086 2648 2209 2693 sunt
2245 2638 2362 2693 caeli
2396 2653 2415 2691 :
2452 2639 2558 2709 ipsi
2588 2638 2860 2709 peribunt,
2901 2648 2959 2694 tu
3000 2648 3179 2695 autent
3211 2657 3426 2712 perma-

1836 2733 1979 2788 nebis
2004 2732 2073 2787 ⁶¹.

199 2812 287 2870 21.
330 2816 582 2885 Ἰησοῦς
611 2819 869 2888 Χριστὸς
900 2821 1045 2890 χθὲς
1095 2821 1197 2876 καὶ
1241 2821 1534 2900 σήμερον,
1565 2826 1599 2877 d
1625 2825 1729 2878 αὺ-

1902 2825 1992 2879 21.
2009 2822 2164 2878 Iesus
2187 2822 2428 2880 Christus
2450 2823 2565 2879 heri
2583 2835 2631 2878 et
2652 2820 2954 2894 hodie,ipse
2976 2832 3027 2879 et
3047 2824 3103 2878 in
3128 2824 3326 2880 secula
3343 2826 3422 2882 “:

138 2902 232 2971 τός
260 2907 359 2960 καὶ
386 2910 480 2974 είς
520 2908 669 2976 τοὺς
697 2908 940 2979 αριῶνας,
968 2912 1188 2983 λέγεται
1221 2916 1251 2967 6
1282 2915 1427 2969 κατὰ
1463 2914 1556 2969 τὸν
1612 2916 1729 2968 Σω-

139 2992 271 3066 τῆρα
315 2998 614 3070 νοούμενος
664 2999 972 3072 ἄνθρωπος.
1021 3004 1081 3058 Ὁ
1139 3006 1304 3071 αὐτὸς
1357 3006 1491 3060 ποτὲ
1537 3008 1731 3078 νήπιος

139 3084 228 3152 ὢν,
259 3089 354 3142 καὶ
386 3092 523 3145 ποτὲ
560 3092 894 3165 προκόπτων
925 3094 1114 3168 ἡλικίᾳ
1133 3098 1228 3151 καὶ
1259 3098 1465 3169 χάριτι·
1496 3097 1734 3170 ἀρχόμε-

142 3194 224 3241 νος
255 3179 388 3235 ὡσεὶ
418 3183 563 3237 ὲτῶν
587 3183 652 3250 λ’,
699 3183 776 3247 ὡς
830 3186 859 3239 ὁ
889 3186 1286 3261 εὐαγγελιστὴς
1328 3191 1542 3253 Λουκᾶς
1572 3207 1729 3261 φησι.

142 3267 208 3322 Τὸ
231 3269 288 3325 δὲ
343 3274 638 3348 προκοπὴν
689 3280 785 3332 καὶ
841 3280 1060 3353 ἠλικίαν
1113 3281 1496 3353 ἐπιδεχόμενον
1546 3282 1728 3354 σῶμα.

144 3362 263 3415 αὐτό
285 3366 402 3420 ἐστι
426 3369 491 3422 τὸ
515 3368 724 3442 κτίσμα
746 3373 842 3427 καὶ
871 3371 1106 3445 ποίημα.
1146 3374 1526 3445 Ἐλεγχόμενοι
1549 3376 1732 3430 τοίνυν

142 3455 284 3528 παρὰ
311 3460 423 3515 τῶν
450 3463 626 3532 ἁγίων
668 3465 720 3519 οἱ
739 3465 993 3535 λέγοντες
1030 3467 1239 3540 κτίσμα
1276 3470 1368 3523 τὸν
1412 3471 1478 3523 ἐκ
1514 3471 1732 3543 Πατρδς

146 3546 369 3624 Λόγονῆ
428 3555 839 3613 πεπαύσθωσαν
882 3560 984 3631 τῆς
1029 3558 1326 3625 δυσσεϐοῦς
1358 3561 1729 3634 βλασφημίας,

144 3638 556 3718 ῆΧριστομάχοι
581 3646 734 3721 παρὰ
759 3649 977 3704 πάντων
1002 3649 1587 3722 ἁποκηρυττέσθωσαν·
1610 3656 1667 3707 ὲν
1687 3649 1734 3722 ᾧ

146 3729 246 3803 γὲρ
266 3736 561 3805 ἡττῶνται,
591 3740 921 3796 πεποίθασιν
950 3744 1008 3795 ἐν
1042 3744 1166 3806 ταῖς
1187 3743 1523 3815 Παροιμίαις
1551 3745 1633 3817 τῷ,
1653 3746 1734 3799 λέ-

146 3837 303 3890 γοντν
330 3830 554 3898 Κύριος
587 3831 794 3887 ἐκτισέ
839 3850 918 3903 με
973 3833 1172 3904 ἀρχὴν
1221 3834 1380 3889 ὁδῶν
1425 3837 1612 3892 αὑτοῦ
1643 3839 1733 3904 εἱς

148 3914 279 3987 ἓρτα
299 3923 511 3979 αὐτοῦ.
557 3924 698 3979 Ἀλλ’
733 3925 1166 3981 ὀλισθαίνουσινο
1211 3929 1572 4002 προφητεύων
1622 3930 1733 4001 γὰρ

149 4007 385 4084 Σολομὼν
427 4019 511 4082 είς
534 4016 629 4071 τὸν
666 4017 930 4089 μέλλοντα
966 4018 1055 4073 διὰ
1105 4019 1205 4089 τὴν
1255 4021 1457 4085 παντὸς
1503 4020 1598 4075 τοῦ
1637 4023 1732 4075 κό-

151 4116 276 4171 σμου
293 4106 618 4180 εὐεργεσίαν
646 4110 712 4163 ὲκ
742 4110 971 4182 Μαρίας⁸
1019 4110 1299 4177 κτίζεσθαι
1332 4112 1611 4185 Κυριακδν
1637 4112 1732 4166 ἄν-

150 4190 382 4264 θρωπον,
453 4197 611 4255 εἶπεν
695 4203 762 4256 ὲκ
828 4202 1123 4276 προσώπου
1189 4204 1357 4260 αὑτοῦ
1437 4205 1536 4272 τὸ,
1608 4208 1730 4261 Κὺ-
1764 4190 1806 4245 1)

150 4297 265 4349 ρέος
311 4286 516 4346 ἐκτισέ
559 4307 639 4361 με
690 4291 891 4362 ἀρχὴν
959 4290 1118 4346 ὁδῶν
1185 4290 1374 4348 αὐτοῦ
1441 4295 1532 4361 εις
1589 4293 1734 4364 ἔργα

151 4375 346 4437 αὐτοῦ.

214 4650 301 4707 22.
317 4655 634 4728 Ἀσφαλῶς
660 4654 775 4714 οὖν
792 4658 1130 4728 γινωσκέτω
1150 4655 1270 4725 πᾶς
1291 4653 1456 4723 οἶκος
1469 4657 1729 4727 Ἰσραὴλ,

156 4738 237 4797 ὅτι
281 4748 378 4802 καὶ
426 4752 652 4820 Κύριον
676 4750 868 4805 αὐτὸν
912 4751 1013 4806 καὶ
1069 4750 1333 4820 Χριστὸν
1376 4750 1671 4819 ἐποίησεν
1697 4753 1732 4806 ό

158 4834 309 4903 Θεὸς,
323 4842 540 4897 τοῦτον
565 4842 674 4897 τὸν
700 4843 964 4911 Ἰησοῦν,
991 4843 1065 4900 ὃν
1087 4842 1258 4913 ὑμεῖς
1285 4841 1728 4912 ἐσταυρώσατε.

158 4924 314 5014 tam
339 4934 469 5002 γοῦν
491 4934 585 4989 τὸν
612 4934 995 5007 σταυρωθέντα
1058 4935 1152 4989 τοῦ
1201 4934 1409 5008 Κυρίου
1442 4935 1731 5014 ἄνθρωπον

156 5013 444 5094 δεικνύντες
470 5027 563 5083 διὰ
583 5028 846 5083 δακτύλου
877 5031 927 5083 ot
953 5026 1243 5082 ἀπόστολοι
1302 5022 1476 5081 εἶπον·
1528 5013 1731 5081 Τοῦτον

158 5106 240 5162 τὶν
280 5113 503 5187 Ἰησοῦν,
530 5120 767 5195 Χριστὸν
822 5122 919 5175 καὶ
968 5119 1175 5193 Κύριον
1202 5119 1461 5191 ἐποίησεν
1510 5121 1540 5173 6
1573 5118 1728 5183 Θεός.

159 5200 314 5270 Αὐτὸς
338 5211 588 5285 φανερῶς
632 5214 661 5266 6
702 5211 797 5266 τοῦ
848 5213 1058 5284 Κυρίου
1103 5212 1392 5285 ἄνθρωπος
1444 5213 1539 5266 καὶ
1585 5212 1729 5285 ἀρχὴ

161 5294 283 5353 ὁδῶν
308 5306 527 5382 ἐκτίσθη
559 5309 669 5364 τῶν
693 5309 1206 5382 προγεγραμμένων
1254 5311 1335 5373 είς
1386 5308 1729 5381 εὐεργεσίαν,

165 5385 332 5462 ἄίθχίιιΝ
361 5402 576 5457 πάντων
603 5402 714 5455 τῶν
742 5401 915 5471 ἁγίων
948 5402 1045 5456 καὶ
1090 5399 1537 5474 χρηματιζόντων
1574 5399 1729 5465 ὁδῶν,

169 5482 257 5536 καὶ
279 5486 477 5562 Κύριος
521 5492 732 5568 Ἰησοῦς
767 5482 1003 5567 Χριστὸς
1032 5495 1062 5547 6
1090 5492 1335 5565 ποιηθεὶς
1364 5492 1460 5547 καὶ
1488 5508 1734 5563 σταυρω-

171 5704 210 5737 “
230 5640 423 5737 ξ’ξεαι.
460 5668 735 5737 guunt,
784 5652 875 5710 23.

228 5713 337 5771 Act.
377 5737 435 5788 Ιι,
459 5722 547 5777 56.

981 5652 1090 5708 “ll
1144 5651 1287 5709 Tim.
1314 5668 1375 5720 ll,
1416 5653 1473 5709 8.
1549 5652 1590 5684 ⁶¹
1621 5650 1768 5706 Psal.
1810 5666 1859 5705 Cl
1891 5690 1903 5714 ,
1940 5649 2008 5703 ‘26
2040 5688 2053 5713 .
2095 5649 2185 5704 a7.

1836 2917 1918 2974 sic
1942 2916 2148 2972 dicitur
2169 2917 2237 2972 de
2264 2917 2490 2972 homine
2523 2916 2709 2990 quiin
2742 2898 3027 2972 Salvatore
3065 2931 3186 2971 esse
3222 2916 3426 2971 intelli-

1838 3010 2007 3081 gitur.
2040 3009 2092 3065 ls
2125 3009 2243 3079 ipse
2274 3022 2379 3077 est,
2408 3009 2503 3080 qui
2526 3009 2824 3079 aliquando
2855 3007 3040 3064 infans
3071 3006 3196 3074 fuit,
3230 3009 3431 3064 deinde

1833 3100 2065 3172 proiecit
2090 3108 2250 3155 aetate
2284 3109 2341 3155 et
2366 3100 2565 3172 gratia,
2589 3108 2645 3155 et
2667 3109 2788 3169 post
2818 3109 2941 3154 erat
2968 3098 3239 3169 incipiens
3263 3101 3429 3168 quasi

1833 3206 2106 3246 annorum
2152 3191 2394 3257 triginta,
2436 3199 2496 3245 ut
2525 3191 2601 3246 ait
2634 3189 2818 3246 Lucas
2856 3191 3212 3261 evangelista.
3264 3191 3426 3259 Quod

1834 3290 2020 3337 autem
2060 3290 2115 3335 et
2155 3280 2462 3352 profectum
2496 3290 2553 3337 et
2595 3290 2864 3336 staturam
2914 3282 3029 3337 sive
3060 3292 3276 3339 aetatem
3321 3286 3424 3339 ad-

1832 3372 2022 3436 mittit,
2059 3386 2262 3442 corpns
2311 3371 2544 3438 scilicet,
2595 3371 2731 3426 illud
2778 3381 2864 3427 est
2898 3387 2989 3428 res
3019 3382 3201 3427 creata
3257 3385 3425 3444 atque

1834 3464 2002 3520 faeta.
2042 3462 2369 3518 Sanctorum
2423 3461 2609 3533 itaque
2658 3463 2977 3519 testimonio
3022 3465 3281 3531 convicti,
3324 3467 3425 3537 qui

1832 3555 2259 3620 aiunt,Verbnm
2290 3571 2357 3610 ex
2390 3553 2551 3610 Patre
2579 3563 2769 3610 natum
2812 3571 2936 3612 esse
2964 3572 3082 3612 rem
3113 3558 3416 3622 conditam.

1834 3656 1929 3703 aut
1968 3646 2129 3701 ﬁnem
2176 3646 2385 3701 iaciant
2434 3646 2631 3717 impias
2674 3646 3046 3718 blasphemias
3084 3647 3425 3719 proferendi,

1834 3747 1932 3792 aut
1963 3736 2169 3793 Christi
2210 3737 2399 3791 hostes
2431 3737 2501 3790 ab
2545 3736 2803 3791 omnibus
2848 3738 3281 3808 proclamentur.
3313 3738 3425 3796 Ubi

1834 3831 1977 3886 enim
2006 3846 2128 3886 sese
2165 3829 2445 3901 proﬂigari
2479 3830 2749 3898 sentiunt,
2776 3829 3118 3886 conﬁdenter
3144 3832 3422 3903 refugiunt

1835 3924 1905 3980 ad
1931 3939 2056 3979 eum
2090 3924 2181 3993 qni
2224 3923 2280 3977 in
2309 3921 2623 3977 Proverbiis
2657 3922 2736 3976 ait
2761 3941 2776 3977 :
2806 3922 3067 3977 Dominus
3119 3926 3314 3979 creavit
3340 3942 3425 3979 me

1835 4016 2051 4071 initium
2084 4016 2294 4069 uiarum
2320 4030 2542 4067 suarum
2586 4013 2642 4069 in
2682 4030 2842 4086 opera
2860 4031 2961 4069 sua
2981 4015 3047 4071 ⁸³.
3089 4015 3289 4071 Verum
3343 4018 3421 4073 la-

1835 4112 2084 4167 buntur:
2124 4125 2249 4165 cum
2288 4110 2437 4165 enim
2474 4108 2734 4165 Salomon
2779 4113 3101 4183 prophetico
3135 4113 3317 4170 afflatu
3351 4116 3421 4171 de

1836 4204 1931 4258 illo
1957 4202 2123 4257 verba
2153 4201 2381 4269 faceret,
2422 4203 2518 4272 qui
2546 4202 2615 4257 ad
2647 4204 2817 4260 totius
2861 4205 3051 4259 mundi
3103 4207 3336 4262 salutem
3367 4217 3422 4263 et

1838 4295 2132 4350 utilitatem
2172 4309 2241 4348 ex
2274 4291 2447 4347 Maria
2478 4302 2658 4350 ortum
2692 4309 2911 4351 sumere
2938 4296 3190 4363 debebat,
3220 4298 3288 4353 de
3314 4297 3421 4354 Do-

1836 4386 2043 4443 minico
2077 4384 2288 4441 scilicet
2337 4384 2585 4450 homine,
2638 4400 2708 4442 ex
2760 4401 2995 4457 persona
3046 4389 3193 4444 illius
3239 4390 3418 4445 dixit:

1834 4477 2096 4532 Dominus
2119 4475 2316 4531 creavit
2347 4491 2428 4531 me
2452 4476 2668 4531 initium
2687 4476 2894 4531 uiarum
2929 4493 3148 4532 suarum
3178 4478 3234 4532 in
3261 4495 3420 4549 opera

1832 4587 1954 4625 sua.

1902 4662 1993 4719 32.
2042 4660 2352 4717 Certissima
2401 4661 2537 4716 sciat
2580 4676 2705 4732 ergo
2753 4664 2926 4717 omnis
2968 4662 3159 4719 domus
3212 4661 3418 4730 Israel,

1831 4756 1961 4827 quia
1987 4762 2038 4808 et
2060 4753 2349 4807 Dominum
2379 4768 2500 4807 eum
2529 4761 2582 4807 et
2611 4751 2885 4807 Christum
2923 4753 3046 4824 fecit
3078 4754 3242 4820 Deus,
3281 4755 3420 4810 hunc

1832 4843 2018 4900 Iesum
2048 4861 2202 4916 quem
2245 4860 2334 4899 vos
2369 4844 2718 4914 cruciﬁxistis
2743 4844 2810 4900 “.
2856 4845 3041 4915 Ipsum
3080 4846 3263 4917 itaque
3292 4862 3422 4902 cru-

1832 4936 2059 4992 ciﬁxum
2104 4936 2276 5008 digito
2319 4944 2693 4991 monstrantes
2723 4937 2980 5007 apostoli,
3018 4937 3274 4993 dixerunt
3306 4938 3419 4995 Do—

1832 5031 1968 5088 mini
1996 5030 2277 5086 hominem
2307 5028 2495 5085 :Hunc
2507 5027 2720 5095 Jesum,
2742 5028 3022 5085 Christum
3046 5039 3100 5085 et
3126 5029 3419 5087 Dominum

1833 5121 1961 5178 fecit
1976 5120 2140 5177 Deus.
2159 5119 2277 5191 Ipse
2296 5120 2524 5184 scilicet,
2544 5128 2604 5173 nt
2618 5119 2998 5189 conspicuum,
3020 5118 3233 5175 Dom'ni
3257 5123 3420 5177 homo

1833 5224 1940 5283 est,
1968 5215 2061 5285 qui
2095 5224 2315 5270 creatus
2346 5225 2430 5270 est
2455 5213 2673 5268 initium
2708 5214 2943 5280 viarum,
2973 5228 3097 5284 quas
3122 5213 3189 5268 ad
3216 5214 3422 5271 beneti—

1834 5307 1918 5362 cia
1952 5306 2159 5361 mundo
2190 5305 2559 5376 dispensanda
2592 5306 2922 5376 praescripta:
2957 5314 3107 5373 sunt,
3148 5307 3239 5376 qui
3268 5307 3422 5377 prin-

1835 5412 1964 5467 ceps
1989 5405 2074 5453 est
2127 5398 2373 5452 omnium
2405 5406 2750 5464 sanctorum,
2782 5398 2876 5468 qui
2911 5398 3013 5453 vim
3054 5399 3417 5469 appellantur,

1842 5489 2108 5546 Dominus
2129 5488 2290 5547 Jesus
2320 5489 2596 5560 Christus,
2630 5491 2726 5562 qui
2753 5489 2933 5550 factus
2965 5501 3021 5549 et
3050 5492 3199 5548 cruci
3225 5492 3419 5548 allixus

2267 5649 2312 5680 "
2337 5648 2502 5705 llcbr.
2539 5666 2633 5705 xm
2668 5691 2683 5717 ,
2724 5650 2777 5706 8.
2854 5650 2902 5682 ⁸³
2930 5648 3092 5707 Prov.
3147 5666 3244 5705 vm
3269 5692 3286 5720 ,
3323 5649 3412 5707 22.
