3794 6226
330 321 472 378 τετε

934 324 992 379 S.
1034 323 1408 380 ATllANASll
1448 323 1596 379 OPP.
1644 323 1824 378 PARS
1862 324 1902 377 1.
1943 354 2014 364 -
2050 321 2422 380 llISTORICA
2460 323 2549 378 ΕΤ
2587 322 2992 379 DOGMATICA

3417 281 3425 291 ’
3480 319 3628 376 me

328 456 434 501 cst.
477 445 552 500 De
592 462 699 515 quo
740 445 1008 501 Jeremias
1051 446 1186 500 dicit
1238 418 1391 513 iuxta
1435 444 1794 516 Septuaginta
1830 445 1886 498 in

2087 445 2123 508 ῖς
2159 445 2289 516 (59).
2321 444 2456 515 Περὶ
2482 435 2549 498 οῦ
2571 444 2666 496 καὶ
2717 441 2990 513 ⁹Γερεμίας
3017 425 3156 494 Δεἷπε
3189 440 3333 495 κατὰ
3363 441 3468 514 την
3505 442 3628 494 τῶν

329 545 631 606 terpretum
665 535 959 589 editionem
987 554 1005 592 ,ε
1042 533 1300 588 Dominus
1333 536 1524 588 creavit
1558 551 1637 588 me
1671 536 1722 588 in
1757 534 1913 603 plan-

333 631 585 684 tationem
614 628 839 680 salutem
876 643 1085 689 novam,
1118 628 1171 680 in
1203 645 1309 697 qua
1348 629 1521 681 salute
1564 627 1915 680 circumibunt

331 724 567 777 homines
594 722 638 752 ⁸⁸
663 737 680 785 ;
715 720 1020 775 secundum
1049 721 1304 790 Aquilam
1336 735 1469 774 vero
1499 720 1600 774 hoc
1615 719 1818 774 dictum
1843 719 1915 773 ita

330 815 700 885 exprimitur:
769 813 983 868 Creavit
1028 812 1285 866 Dominus
1345 828 1531 866 novum
1581 813 1638 866 in
1697 812 1914 881 femina.

331 909 485 962 Hanc
533 906 667 961 dicit
721 906 953 962 salutem
1010 921 1230 969 novam,
1290 921 1396 959 non
1447 903 1750 974 antiquam,
1796 919 1918 974 qua:

331 1000 488 1055 nobis
517 1009 701 1055 creata
735 1009 837 1063 est,
882 1014 995 1053 non
1021 1008 1148 1053 ante
1174 1013 1294 1053 nos.
1341 996 1516 1064 Quem
1551 1012 1679 1051 vero
1714 1010 1917 1050 novum

329 1101 574 1148 creatum
609 1092 662 1146 in
691 1091 889 1145 femina
920 1099 1100 1155 vocat,
1132 1089 1404 1158 intelligas
1432 1088 1708 1141 hominem
1729 1085 1916 1140 Jesum

331 1188 425 1256 qui
454 1187 507 1240 in
542 1187 833 1240 Servatore
867 1193 969 1240 est.
1005 1183 1165 1240 Jesus
1204 1185 1410 1254 quippe
1450 1182 1612 1236 modo
1648 1180 1916 1246 Salvator,

331 1277 497 1331 modo
550 1278 700 1332 salus
747 1276 1094 1346 explicatur;
1137 1291 1204 1329 ex
1238 1275 1523 1328 Salvatore
1570 1274 1742 1340 salus,
1795 1282 1916 1328 uta

333 1372 540 1425 lumine
577 1369 906 1423 illuminatio
936 1389 948 1424 :
993 1384 1155 1439 quem
1183 1369 1316 1422 dicit
1343 1383 1464 1422 esse
1510 1366 1800 1420 Dominum
1831 1363 1920 1419 Je-

334 1478 479 1527 sum,
520 1462 751 1516 salutem
785 1461 946 1516 nobis
985 1468 1254 1526 creatum,
1290 1473 1492 1512 novum
1523 1458 1576 1511 in
1612 1457 1833 1519 femina,
1865 1455 1916 1509 id

332 1565 418 1610 est
459 1556 511 1610 in
564 1555 756 1621 Maria,
805 1556 916 1609 imo
968 1554 1150 1623 potius
1182 1569 1248 1607 ex
1297 1552 1486 1607 Maria.
1524 1552 1698 1618 Quem
1754 1551 1919 1622 igitur

332 1645 590 1699 Salomon
626 1644 702 1697 ait
747 1643 1080 1713 principium
1132 1643 1345 1696 viarum
1397 1650 1641 1696 creatum
1680 1657 1822 1708 esse,
1865 1651 1920 1695 et

331 1753 494 1805 quam
532 1735 797 1790 Jeremias
844 1735 978 1790 dicit
1011 1736 1242 1789 salutem
1292 1750 1492 1788 novam
1545 1744 1809 1794 creatam.
1861 1741 1916 1789 et

334 1843 535 1881 novum
592 1827 646 1881 in
689 1826 914 1889 femina,
969 1842 1129 1896 quem
1161 1842 1259 1895 pro
1294 1826 1451 1881 nobis
1479 1834 1534 1880 et
1564 1837 1784 1895 prOpter
1815 1843 1914 1881 nos

335 1921 614 1990 Sapientia
654 1919 944 1974 aediﬁcavit
974 1920 1074 1974 sibi
1102 1919 1349 1981 domum,
1399 1918 1680 1973 Christum
1712 1917 1913 1973 ‘Jesum

331 2030 475 2076 esse,
502 2013 911 2082 Scripturarum
939 2012 1254 2066 testimonio
1271 2012 1776 2081 comprobavimus:
1800 2011 1913 2080 jam

331 2122 462 2162 vero
512 2115 706 2161 caztera
760 2106 1183 2174 subsequamur,
1239 2120 1362 2173 qua:
1410 2103 1658 2158 nonnulli
1705 2112 1801 2157 aut
1847 2119 1915 2157 ex

334 2195 666 2264 ignorantia,
713 2206 809 2249 aut
839 2211 902 2249 ex
943 2193 1295 2264 przejudicata
1328 2193 1608 2261 opinione,
1648 2192 1701 2246 in
1729 2206 1916 2246 errore

331 2296 767 2358 perseverantes,
827 2301 1007 2356 neque
1054 2285 1251 2340 docere
1303 2293 1452 2339 recte
1508 2300 1685 2354 neque
1729 2284 1915 2339 doceri

331 2382 541 2435 volunt.

409 2473 500 2525 25.
543 2469 598 2524 Si
652 2485 844 2525 omnes
882 2469 1103 2540 eloquia
1133 2468 1319 2524 divina
1369 2475 1593 2538 possent
1646 2467 1913 2537 spirituali

332 2579 485 2618 more
510 2563 835 2634 intelligere,
861 2577 1210 2632 nequaquam
1243 2568 1471 2630 cuperet
1498 2559 1634 2627 ipsis
1659 2558 1915 2628 spiritua-

333 2655 439 2709 lem
474 2655 706 2725 gratiam
749 2653 1071 2723 impertire;
1118 2668 1294 2723 neque
1325 2653 1464 2707 lacte
1506 2652 1653 2721 ipsos
1681 2660 1913 2721 potaret,

333 2748 382 2802 si
434 2748 670 2803 solidum
703 2763 893 2802 omnes
936 2747 1118 2801 cibum
1169 2746 1450 2815 percipere
1497 2745 1761 2801 valerent.
1810 2744 1914 2798 Sed

333 2855 430 2894 eos
454 2840 547 2909 qui
579 2839 633 2892 in
665 2838 998 2909 cognitionis
1027 2837 1230 2891 divina:
1267 2838 1435 2890 verbo
1479 2837 1634 2906 quasi
1682 2835 1915 2890 infantes

335 2940 482 2995 sunt,
515 2930 680 2985 veluti
712 2929 948 2984 infantes
982 2929 1123 2983 lacte
1165 2927 1414 2993 alendos,
1460 2928 1650 2997 prima:
1692 2927 1912 2982 institu-

333 3024 502 3079 tionis
542 3022 870 3078 rudimentis
898 3021 1070 3076 imbui
1103 3029 1406 3090 procurat;
1444 3027 1630 3089 utpote
1660 3019 1753 3088 qui
1779 3034 1917 3072 non-

332 3117 464 3169 dum
495 3114 706 3185 possint
735 3114 1052 3184 angelorum
1102 3127 1245 3182 pane
1275 3113 1496 3178 nutriri,
1553 3111 1760 3167 scilicet
1805 3110 1916 3165 Deo
1943 3137 1986 3194 ο

334 3204 535 3270 Verbo,
565 3204 658 3274 qui
686 3205 740 3258 in
773 3220 1002 3274 corpore
1031 3204 1276 3258 humano
1303 3203 1660 3259 absconditus
1690 3204 1839 3258 latet.

402 3296 494 3350 24.
531 3294 638 3349 Par
665 3305 749 3350 est
779 3295 964 3365 itaque
1009 3311 1132 3363 nos,
1165 3303 1227 3348 ut
1267 3297 1473 3365 peritos
1513 3294 1917 3364 dispensatores

336 3390 722 3461 mysteriorum
772 3389 1108 3456 divinorum,
1156 3403 1466 3443 sermonem
1502 3403 1603 3458 pro
1648 3390 1917 3459 cujusque

334 3493 503 3553 captu.
551 3490 605 3536 et
664 3481 923 3536 facultate
970 3481 1275 3551 impertire.
1324 3478 1461 3534 Nam
1510 3490 1660 3536 utres
1707 3490 1916 3536 veteres

336 3582 691 3643 rumpuntur,
724 3587 850 3626 cum
884 3571 1166 3626 continere
1193 3585 1302 3624 non
1343 3569 1526 3623 valent
1547 3583 1746 3622 novum
1775 3583 1917 3622 verae

333 3665 461 3719 vitis
492 3663 705 3728 vinum,
759 3662 813 3717 id
863 3669 967 3728 est,
1025 3661 1250 3716 verbum
1296 3658 1516 3714 Domini
1573 3659 1748 3714 nostri
1787 3657 1916 3712 Jesu

333 3755 563 3812 Christi.
603 3755 739 3810 Cum
783 3755 948 3824 igitur
987 3754 1232 3825 quidam,
1287 3753 1399 3806 imo
1436 3765 1565 3806 vero
1602 3750 1780 3815 multi,
1823 3749 1917 3820 qui

335 3848 579 3903 nondum
629 3845 843 3918 103a.
894 3846 1178 3916 discipulis
1224 3843 1613 3901 connumerari
1663 3851 1913 3912 possunt,

333 3956 400 3994 ex
434 3938 671 4009 quadam
712 3938 1018 3992 temeritate
1048 3953 1113 3992 ac
1143 3937 1462 4007 petulantia.
1503 3937 1569 3990 ad
1609 3936 1916 3990 docendum

335 4032 690 4094 accesserint,
729 4030 1015 4083 nescientes
1057 4045 1218 4098 neque
1250 4045 1367 4100 qua
1410 4029 1614 4092 dicunt,
1663 4043 1824 4097 neque
1855 4027 1918 4079 de

331 4121 519 4191 quibus
571 4120 1308 4188 alﬁrmant“,czecutientes
1347 4119 1516 4173 animi
1565 4118 1766 4186 oculis,
1818 4133 1918 4171 nec

333 4219 516 4266 mente
561 4211 774 4280 praediti
825 4209 919 4265 Dei
977 4211 1427 4280 contemplationi
1481 4211 1701 4277 dedita,
1752 4210 1917 4264 veluti

335 4300 527 4365 Jacob,
558 4317 734 4372 neque
766 4302 971 4357 mundo
997 4303 1160 4356 corde
1195 4303 1260 4356 ad
1293 4301 1462 4356 Deum
1494 4301 1786 4356 videndum
1821 4321 1836 4369 ;
1879 4302 1914 4355 ii

331 4411 459 4449 cum
489 4395 718 4450 humilia
752 4411 940 4465 opera,
973 4412 1243 4476 vocesque
1274 4395 1513 4466 inopiam
1541 4395 1913 4461 testiﬁcantes,

2019 541 2075 592 θ’
2111 535 2464 609 έρμηνευτῶν
2501 536 2730 589 ἐκδοσινο
2777 535 2995 602 Κύριος
3009 532 3632 603 ἐκτισέμεσωτηρίαν

2018 632 2105 695 εἱς
2141 630 2568 698 καταφύτευμα
2599 625 2835 692 καινήνν
2854 627 2924 679 ἐν
2947 620 2986 696 ᾗ
3016 625 3281 693 σωτηρίᾳ
3308 627 3628 694 περιελεύ-

2019 740 2231 777 σονται
2257 723 2576 788 ἄνθρωπον
2611 719 2751 774 κατὰ
2795 719 2853 772 δὲ
2895 718 2986 772 τὸν
3043 717 3278 772 Ἀκύλαν
3330 720 3465 791 περὶ
3517 719 3624 773 τοῦ

2019 813 2183 869 αὐτοῦ
2211 812 2374 885 ῥητοῦ
2423 812 2590 881 λέγει’
2635 813 2872 864 Ἕκτισε
2901 811 3118 879 Κύριος
3165 808 3376 864 καινὸν
3423 811 3498 865 ἐν
3539 809 3630 879 τῇ

2021 907 2251 973 θηλείᾳ.
2284 905 2455 976 Τήνδε
2504 903 2653 973 λέγει
2694 902 2968 974 σωτηρίαν
3023 904 3240 974 καινὴν,
3269 905 3364 958 καὶ
3385 905 3446 958 οὐ
3505 924 3630 960 πα·-

2018 997 2199 1062 λαιάν,
2229 998 2362 1066 ἡμῖν
2395 995 2729 1061 κτισθεῖσαν,
2761 996 2856 1049 καὶ
2909 997 2972 1050 ού
3014 997 3122 1067 πρὸ
3175 997 3354 1068 ἡμῶν.
3387 999 3503 1052 Καὶ
3557 999 3628 1053 ὃν

2019 1088 2168 1157 λέγει
2199 1089 2382 1142 καινδν
2416 1087 2704 1142 κτισθέντα
2737 1089 2796 1142 ἐν
2842 1090 2908 1158 τῇ
2965 1087 3155 1160 θηλείᾳ
3207 1089 3297 1143 τὸν
3350 1091 3497 1144 κατὰ
3525 1092 3627 1145 τὸν

2020 1183 2250 1254 Σωτῆρα
2310 1183 2421 1236 νόει
2485 1182 2772 1254 ἄνθρωπον
2827 1181 3054 1252 Ἰησοῦν·
3093 1183 3456 1255 ἑρμηνεύεται
3506 1185 3628 1256 γὰρ

2033 1273 2239 1343 Ἰησοῦς
2272 1274 2349 1343 πῆ
2381 1274 2477 1344 μέν
2504 1274 2719 1344 Σωτὴρ,
2752 1273 2828 1343 πῆ
2863 1273 2920 1328 δὲ
2966 1274 3228 1346 σωτηρία·
3273 1278 3336 1329 ἐκ
3369 1276 3465 1330 τοῦ
3501 1279 3628 1330 Σω-

2017 1367 2238 1438 τῆροςῆ
2262 1367 2524 1438 σωτηρία·
2544 1366 2602 1420 ὃν
2626 1367 2827 1438 τρόπον
2853 1369 2917 1420 ἐκ
2937 1367 3032 1420 τοῦ
3060 1368 3236 1437 φωτὸς
3255 1369 3283 1420 6
3308 1370 3634 1440 φωτισμόςτ

2018 1457 2201 1511 ὅντινα
2226 1451 2379 1510 εἶπεν
2407 1455 2694 1528 ἄνθρωπον
2737 1454 2966 1525 Ἰησοῦν,
3025 1459 3298 1529 σωτηρίαν
3327 1461 3459 1530 ἡμῖν
3491 1478 3624 1513 κτικ

2021 1548 2236 1613 σθέντα,
2287 1547 2472 1601 καινὸν
2499 1550 2557 1601 ἐν
2582 1550 2648 1619 τῇ
2680 1547 2888 1620 θηλείᾳο
2940 1550 2968 1602 ὃ
3019 1550 3164 1604 ἐστιν
3208 1552 3264 1604 ἐν
3291 1556 3357 1624 τῇ
3390 1555 3612 1626 Μαρία,

2024 1640 2222 1710 μᾶλλον
2253 1639 2308 1692 δέ
2335 1641 2399 1693 ἐκ
2424 1639 2522 1709 τῆς
2553 1639 2793 1709 Μαρίας.
2831 1641 2926 1694 Ὃν
2951 1641 3131 1694 τοίνυν
3170 1643 3198 1694 6
3235 1643 3492 1715 Σολομῶν
3543 1642 3631 1699 εἷ-

2021 1750 2121 1785 πεν
2175 1732 2350 1804 ἀρχὴν
2388 1731 2522 1785 ὁδῶν
2559 1731 2870 1794 κτισθέντα,
2916 1731 3011 1784 καὶ
3060 1733 3127 1804 ἧν
3163 1733 3433 1806 Ἱερεμίας
3465 1736 3631 1806 λέγει

2018 1824 2326 1878 κτισθεῖσαν
2363 1824 2638 1896 σωτηρίαν
2664 1824 2877 1893 καινὴν.
2897 1825 2992 1877 καὶ
3015 1826 3199 1878 καινὸν
3226 1829 3283 1879 ἐν
3306 1830 3372 1898 τῇ
3398 1828 3628 1900 θηλείᾳ,

2017 1916 2108 1969 τὸν
2147 1917 2288 1987 ὑπὲρ
2321 1915 2478 1988 ἡμῶν
2514 1915 2608 1968 καὶ
2650 1915 2720 1967 δι’
2757 1915 2904 1984 ἡμᾶς
2951 1917 2984 1986 ἡ
3031 1917 3201 1986 Σοφία
3257 1919 3631 1991 ᾠκοδόμησεν

2018 2010 2182 2079 ἑαυτῇ
2211 2006 2356 2062 οἷκον
2381 2005 2614 2078 Χριστὸν
2649 2005 2877 2076 Ἰησοῦν,
2911 2007 2976 2060 ἐκ
3007 2007 3118 2061 τῶν
3156 2010 3387 2081 Γραφῶν
3409 2013 3632 2079 δείξαν-

2016 2118 2128 2165 τες,
2181 2100 2288 2154 τῶν
2341 2101 2469 2170 ἐξῆς
2511 2098 2769 2170 ἐχόμεθαο
2805 2101 2888 2170 ἐφ’
2921 2095 3004 2164 οἷς
3042 2101 3075 2172 ἢ
3135 2103 3502 2174 ἀγνοήσαντές
3538 2122 3633 2159 τι·-

2017 2210 2136 2256 νες,
2210 2192 2244 2263 ἢ
2321 2191 2753 2263 προληφθέντες.
2832 2195 2891 2246 ἐν
2961 2193 3139 2267 πλάνῃ
3210 2195 3638 2268 διαμεμενηκό-

2015 2303 2142 2350 τες,
2185 2284 2309 2338 οὔτε
2351 2284 2624 2338 διδάσκειν
2677 2283 2887 2355 ὀρθῶς,
2943 2285 3067 2339 οὔτε
3113 2286 3457 2342 διδάσκεσθαι
3489 2290 3644 2360 $023--

2016 2379 2217 2431 λονται.

2088 2469 2179 2523 25.
2207 2470 2271 2522 Εἰ
2301 2468 2501 2532 πάντες
2549 2472 2743 2542 χωρεῖν
2800 2468 3062 2540 ἠδύναντο
3108 2470 3493 2541 πνευματικῶς
3546 2471 3628 2524 τὰ·

2019 2561 2137 2614 θεῖα
2161 2562 2337 2630 λόγια,
2362 2562 2460 2631 ούχ
2500 2562 2744 2633 ἱμείρετο
2795 2560 2912 2630 (sic)
2953 2560 3291 2630 μεταδιδόναι
3324 2564 3512 2626 αὐτοῖς
3551 2563 3621 2615 τὸ

2021 2651 2385 2722 πνευματικὸν
2413 2651 2678 2724 χάρισμαο
2709 2651 2830 2704 ούδέ
2857 2651 2998 2720 γάλα
3029 2651 3227 2715 αὐτοὺς
3257 2651 3530 2716 ἐπότιζεν,
3563 2655 3618 2705 εἰ

2017 2742 2118 2814 τὴν
2142 2743 2366 2814 στερεὰν
2390 2743 2594 2814 τροφὴν
2626 2744 2826 2805 πάντες
2849 2743 3290 2814 μεταλαμϐάνειν
3319 2744 3613 2815 ῆδύναντω

2019 2833 2156 2887 ἀλλά
2188 2836 2298 2899 τοῖς
2332 2833 2411 2888 ἔτι
2439 2833 2796 2905 νηπιὰζουσιν
2820 2837 2949 2906 περὶ
3003 2835 3165 2888 αὐτὸν
3209 2837 3300 2889 τὸν
3342 2837 3443 2907 τῆς
3496 2837 3618 2891 θεο-

2018 2925 2256 2992 γνωσίας
2277 2924 2433 2993 λόγον
2465 2925 2620 2997 δίκην
2663 2926 2872 2998 νηπίων
2911 2925 3362 2998 γαλουχουμένων
3385 2929 3474 2981 τὸν
3507 2929 3616 3000 τῆς

2018 3018 2377 3088 κατηχήσεως
2435 3017 2720 3089 ἐπιτρέπει
2775 3018 3026 3089 δέχεσθαι
3073 3017 3263 3088 λόγον’
3319 3019 3470 3074 οῦπω
3519 3023 3620 3076 τὸν

2019 3107 2128 3160 τῶν
2178 3108 2423 3177 ἀγγέλων
2482 3109 2644 3180 ἄρτον
2699 3109 2995 3181 τρέφεσθαι
3049 3109 3390 3180 δυναμένοις,
3426 3111 3521 3163 τὸν
3552 3114 3613 3165 ἐν

2021 3199 2233 3271 σώματι
2272 3200 2594 3274 ἀνθρωπείῳ
2622 3202 2894 3272 κρυὸέντα
2925 3201 3058 3255 Θεὸν
3098 3202 3289 3270 Λόγον.

2087 3291 2177 3344 24.
2211 3291 2330 3364 Χρὴ
2357 3291 2536 3344 τοίνυν
2557 3294 2724 3364 ἡμᾶς,
2755 3293 2830 3355 ὡς
2883 3294 3253 3364 ἐπιστήμονας
3286 3297 3614 3367 οἰκονόμους

2022 3384 2334 3456 μυστηρίων
2390 3384 2571 3450 θείων,
2636 3386 2974 3456 μεταδιδόναι
3029 3388 3120 3443 τὸν
3180 3389 3337 3458 λόγον
3385 3391 3522 3463 πρὸς
3583 3392 3615 3446 6

2019 3479 2216 3547 χωρεῖν
2242 3477 2472 3540 ἕκαστος
2503 3477 2749 3532 δύναται·
2789 3480 3084 3551 ῥήγνυνται
3138 3482 3248 3553 γάρ
3291 3483 3340 3536 οἱ
3382 3483 3616 3537 παλαιοὶ

2019 3568 2178 3623 ἀσκοὶ
2213 3568 2288 3640 μὴ
2319 3568 2624 3640 χωροῦντες
2650 3569 2740 3622 τὸν
2761 3571 2878 3624 νέον
2915 3573 3019 3643 τῆς
3052 3572 3314 3645 ἀληθινῆς
3358 3575 3614 3645 ἀμπέλου

2018 3655 2180 3724 οἶνον,
2215 3660 2462 3713 τουτέστι
2509 3661 2602 3714 τὸν
2649 3660 2807 3731 λόγον
2852 3663 2946 3716 τοῦ
3003 3665 3209 3735 Κυρίου
3237 3665 3394 3737 ήμῶν
3432 3668 3614 3738 Ἰησοῦ

2017 3752 2279 3824 Χριστοῦ.
2329 3753 2481 3805 Ἐπεὶ
2530 3753 2708 3807 τοίνυν
2750 3756 2914 3820 τινὲς,
2948 3756 3149 3826 μᾶλλον
3182 3757 3238 3811 δὲ
3270 3759 3364 3811 καὶ
3396 3759 3612 3827 πολλαὶ,

2018 3845 2066 3898 οἱ
2101 3845 2266 3914 μήπω
2298 3843 2540 3915 μαθηταὶ
2577 3846 2877 3917 γενόμενοι,
2919 3849 2983 3901 ἐκ
3033 3850 3364 3921 προπετείας
3407 3851 3501 3905 ἐπὶ
3551 3851 3617 3906 τὺ

2017 3937 2289 3990 διδάσκειν
2319 3937 2662 4008 ἐληλύθασιν,
2683 3941 2794 3992 οὐκ
2822 3939 3045 4007 ειδότες
3076 3941 3214 3996 οὔτε
3232 3941 3271 3995 ἁ
3295 3943 3611 4008 λέγουσιν,

2018 4029 2158 4081 οὔτε
2211 4027 2345 4096 περὶ
2409 4031 2591 4083 τίνων
2639 4031 3146 4097 διαϐεϐαιοῦνται,
3205 4033 3615 4104 τυφλώττοντες

2017 4121 2143 4181 τοὺς
2196 4120 2297 4191 τῆς
2353 4121 2592 4186 διανοίας
2648 4122 2979 4193 ὀφθαλμοὺς,
3055 4126 3155 4179 ούκ
3215 4126 3430 4197 ἔχοντες
3485 4129 3624 4183 νοῦν.

2019 4211 2234 4282 ὁρῶντα
2261 4213 2350 4266 τὸν
2379 4214 2532 4279 Θεὸν,
2563 4215 2638 4279 ὼς
2661 4217 2689 4269 6
2719 4215 2935 4280 Ἰακὼϐ,
2957 4217 3081 4270 οὔτε
3109 4219 3336 4291 καρδίαν
3358 4221 3627 4292 καθαρὰν

2017 4303 2116 4374 τὴν
2147 4303 2420 4376 όψομένην
2483 4306 2574 4361 τὸν
2621 4307 2773 4361 Θεόν·
2815 4306 2885 4361 τά
2930 4308 3020 4362 διὰ
3063 4309 3154 4362 τὸν
3174 4310 3461 4382 ἄνθρωπον
3514 4313 3612 4367 τοῦ

2019 4397 2292 4468 Σωτῆρος,
2327 4396 2385 4450 ὃν
2411 4397 2480 4450 δι’
2519 4399 2669 4470 ἡμᾶς
2731 4399 2980 4471 ἐφόρεσε,
3031 4402 3395 4472 γεγραμμένα
3446 4404 3609 4474 ῥητᾶ.

335 4489 403 4542 de
430 4488 732 4542 Salvatoris
759 4488 1003 4552 homine,
1040 4503 1204 4559 quem
1249 4504 1351 4559 pro
1398 4487 1560 4543 nobis
1595 4487 1736 4553 tulit,
1780 4487 1887 4542 scri

2087 4490 2116 4541 :‘t
2145 4488 2283 4560 ἔργα
2310 4489 2564 4554 ταπεινά,
2621 4491 2716 4544 καὶ
2759 4491 2983 4562 πτωχάς
3037 4493 3239 4561 φωνάς,
3294 4496 3358 4565 τῇ
3395 4493 3610 4567 θεότητι

332 4588 478 4648 ptas,
516 4577 672 4633 Verbi
713 4579 895 4633 deitati
933 4582 1203 4646 tribuunt,
1235 4589 1289 4634 ct
1319 4581 1401 4636 sic
1442 4580 1498 4634 in
1545 4594 1790 4635 errorem
1839 4579 1916 4632 la-

2020 4581 2112 4634 τοῦ
2147 4581 2322 4650 Λόγου
2385 4582 2778 4649 συνάπτοντες,
2837 4584 3145 4638 πλανῶνται
3213 4587 3309 4640 καὶ
3363 4587 3608 4642 πλανῶσι

334 4672 560 4735 buntur,
593 4679 756 4741 atque
783 4687 891 4726 una
922 4672 1205 4742 imperitos
1234 4682 1287 4727 et
1317 4673 1564 4727 inlirmos
1591 4672 1643 4725 in
1668 4686 1889 4726 erroren

2087 4676 2144 4738 ὺς
2174 4674 2407 4745 ἀμαθεῖς
2435 4675 2528 4728 καὶ
2562 4677 2942 4747 άστηρίκτους’
2969 4677 3216 4750 ἀνάγκην
3247 4678 3502 4750 ἔσχομεν,
3533 4681 3609 4745 ὡς

333 4764 658 4830 pertrahunt
689 4783 702 4830 ;
735 4764 897 4820 nobis
942 4765 1130 4835 utique
1157 4765 1541 4820 necessitatem
1573 4764 1824 4831 aﬂ‘erunt,
1853 4772 1915 4817 ut

329 4853 504 4911 ludas
561 4855 757 4909 scribit
782 4855 849 4922 ⁸⁷,
906 4871 1004 4926 per
1058 4857 1203 4912 hanc
1256 4859 1540 4928 epistolam
1597 4873 1916 4928 expromere

331 4964 456 5016 qua:
488 4947 634 5002 dicta
667 4945 829 5002 Verbi
865 4947 1054 5002 deitati
1091 4957 1424 5018 competant,
1457 4965 1577 5019 qua:
1605 4951 1722 5005 vice
1752 4965 1910 5006 versa

331 5039 543 5092 homini
606 5048 829 5108 pr0pter
895 5055 996 5095 nos
1067 5051 1370 5112 assumpto.
1437 5040 1909 5107 Quemadmodum

329 5131 475 5185 enim
513 5131 566 5185 in
599 5147 706 5186 una
737 5131 1038 5202 eademque
1067 5149 1328 5187 crumena
1383 5149 1548 5188 aurea
1577 5133 1909 5189 numismata

327 5236 452 5276 cum
491 5224 763 5292 argenteis
791 5225 994 5293 pariter
1029 5233 1339 5290 servantur,
1393 5235 1445 5278 et
1477 5235 1707 5294 utraque
1748 5225 1910 5279 unius

331 5316 472 5386 regis
504 5315 794 5385 imaginem
824 5323 878 5370 et
912 5316 1327 5385 inscriptionem
1369 5316 1607 5371 nominis
1637 5317 1757 5386 ejus
1809 5317 1909 5371 ba-

328 5408 459 5461 bent
488 5425 502 5473 ;
537 5407 630 5461 sed
655 5414 839 5462 tamen
873 5408 1300 5470 nummularius,
1332 5421 1498 5475 penes
1526 5423 1687 5477 quem
1720 5408 1909 5463 isthtec

327 5505 479 5563 sunt,
533 5499 702 5567 probe
750 5498 901 5552 novit
947 5515 1112 5568 quam
1160 5508 1380 5568 praestet
1414 5509 1469 5554 et
1527 5515 1690 5570 quam
1736 5501 1909 5569 pretio

401 5613 446 5644 η
467 5611 578 5667 Jcr.
621 5631 774 5681 xm,
803 5616 892 5671 ‘22.
971 5615 1058 5669 “1
1093 5615 1236 5671 Tim.
1277 5633 1315 5686 ι,
1367 5618 1419 5674 7.
1497 5619 1540 5650 ⁸⁷
1566 5617 1691 5674 Jud.
1732 5621 1784 5674 5.

2018 4768 2047 4820 6
2087 4766 2288 4830 Ἰούδας
2323 4766 2546 4838 γράφει,
2588 4768 2842 4822 ἐκθέσθαι
2899 4768 2990 4822 διὰ
3013 4771 3114 4840 τῆς
3141 4771 3456 4842 ἐπιστολῆς,
3482 4776 3607 4826 ποῖα

2019 4858 2160 4929 ρητά
2187 4861 2252 4929 τῇ
2281 4857 2493 4928 θεότητι
2524 4858 2618 4911 τοῦ
2683 4860 2856 4929 Λόγου
2913 4861 3165 4933 ἁρμόζει,
3217 4862 3310 4914 καὶ
3355 4866 3486 4917 ποῖα
3528 4863 3606 4935 τῷ

2011 4950 2077 5003 δι’
2106 4952 2253 5020 ἡμᾶς
2312 4949 2675 5022 ἀναληφθέντι
2707 4950 2998 5024 ἀνθρώπῳ.
3045 4953 3131 5016 Ὠς
3175 4953 3281 5026 γὰρ
3306 4955 3362 5006 ἐν
3394 4955 3476 5006 ἐνὶ
3510 4954 3606 5024 βα-

2012 5041 2210 5112 λαντίῳ
2245 5042 2451 5113 χρύσεα
2477 5044 2787 5114 νομίσματα
2825 5045 2921 5097 καὶ
2978 5045 3240 5117 ἀργύριον
3290 5046 3601 5112 ἀπόκειται,

2013 5135 2132 5197 ἐνὸς
2167 5134 2432 5204 βασιλέως
2465 5135 2651 5188 εἰκόνα
2713 5135 2808 5189 καὶ
2847 5137 3163 5209 ἐπιγραφὴν
3212 5137 3306 5190 τοῦ
3337 5138 3605 5210 ὀνόματος

2016 5229 2250 5299 ἐκάτερα
2273 5228 2486 5299 ἔχοντα,
2531 5227 2644 5282 ἀλλ’
2668 5224 2810 5282 οἶδεν
2860 5231 2889 5282 6
2922 5230 3206 5299 φυλάττων
3229 5230 3369 5283 αὐτὰ
3394 5249 3603 5302 τραπε-

2017 5319 2169 5390 ζίτης
2189 5319 2287 5391 τὴν
2315 5319 2407 5372 τοῦ
2455 5321 2681 5390 χρυσίου
2724 5322 3022 5394 ὑπεροχὴν,
3076 5323 3228 5393 παρά
3257 5323 3355 5395 τὴν
3401 5325 3602 5378 ὑποϐε-

2019 5410 2253 5480 ϐηκυῖαν
2304 5409 2398 5463 τοῦ
2456 5410 2723 5481 ἀργυρίου
2777 5412 2962 5482 τιμήνο
3002 5409 3175 5474 οὕτως
3229 5411 3332 5465 κᾶν
3386 5412 3448 5465 ἐν
3505 5414 3603 5483 μιᾷ

2014 5503 2204 5573 Γραφῇ
2230 5503 2355 5573 περὶ
2388 5501 2488 5573 τῆς
2520 5501 2773 5575 θεότητος
2832 5501 2927 5556 τοῦ
2961 5502 3090 5557 Υίοῦ
3128 5504 3224 5557 καὶ
3249 5503 3378 5576 περὶ
3403 5504 3499 5558 τοῦ
3536 5506 3602 5558 ἐκ

406 5728 520 5795 (59)
549 5730 683 5790 Vide
732 5733 785 5790 in
818 5733 1169 5808 Expositione
1196 5737 1321 5794 fidei
1355 5749 1486 5794 tom.
1517 5739 1537 5794 1
1574 5737 1811 5811 Operum
1845 5741 2152 5809 Athanasii,
2192 5757 2244 5815 p.
2290 5741 2376 5797 80.
