3794 6226
120 266 276 322 1377

1393 275 1625 334 SERMO
1662 276 1892 334 MAJOR
1928 278 2018 335 DE
2055 278 2235 335 FIDE.

3286 302 3289 305 λ
3312 280 3449 336 θεῖε

116 385 368 458 Μαρίας
395 385 478 440 δι’
507 389 660 459 ἡμᾶς
682 388 910 460 ὲφόρεσε
934 387 1206 462 σώματος,
1263 391 1592 464 γέγραπται·
1652 393 1718 448 ἀλ

1911 394 2054 464 ispar
2092 395 2165 452 sit
2200 410 2394 451 aurum
2436 403 2663 466 argento
2692 414 2710 450 :
2737 395 2855 466 pari
2889 395 3053 450 modo
3100 396 3154 450 in
3202 410 3312 451 una
3356 411 3452 451 ea-

118 478 380 532 ἒκαστον
422 481 624 534 αὐτῶν
668 481 1104 554 ὲπιγνωσόμεθα,
1151 484 1231 549 ὡς
1286 487 1499 539 συνετοὶ
1529 486 1768 558 μαθηταὶ

118 568 223 623 τοῦ
251 569 391 635 ἑνὸς
425 573 542 625 καὶ
562 571 733 635 ὅντως
752 572 1092 631 διδασκάλου.
1115 576 1282 630 Ὅσαι
1309 578 1489 632 τοίνυν
1513 580 1768 635 ταπειναὶ

119 662 313 726 λέξεις
330 664 445 717 καὶ
467 665 638 738 ἔργα,
663 669 746 730 είς
778 667 841 721 τὸ
877 669 1036 741 σῶμα
1072 669 1171 723 τοῦ
1202 671 1377 743 Ἰησοῦ
1407 674 1768 746 γεγραμμένα

119 754 263 808 νόει·
305 756 427 810 ὅσα
458 758 532 811 δὲ
583 757 770 825 ἔνδοξα
791 762 1117 833 γράμματα,
1159 765 1239 827 είς
1289 763 1388 836 τὴν
1449 765 1544 820 τοῦ
1591 768 1764 836 Λόγου

121 845 405 918 θεότητα.
457 849 638 905 ’Ὀταν
660 852 894 926 πεινάσῃ
927 853 1065 923 μετά
1089 854 1153 908 τὸ
1191 856 1507 928 νηστεῦσαι,
1536 858 1631 912 τοῦ
1659 858 1766 913 σώ-

124 955 307 1009 ματος
342 937 684 1012 ἐλάττωμα·
727 943 889 1015 ήνίκα
915 944 971 997 δὲ
996 944 1059 1011 ἐξ
1082 952 1122 998 ε’
1160 945 1341 1017 ἄρτων
1373 950 1499 1013 τοὺς
1533 967 1573 1013 ,ε
1597 951 1767 1022 χωρὶς

120 1031 377 1087 παιδίων
404 1034 522 1087 καὶ
548 1036 826 1103 γυναικῶν
854 1037 1069 1108 τρέφει,
1133 1038 1227 1091 καὶ
1264 1038 1330 1109 ιβ’
1360 1039 1614 1107 κοφίνους
1642 1040 1767 1094 κλα-

122 1122 366 1192 σμάτων
390 1125 750 1196 περισσεύει,
804 1127 905 1196 τῆς
935 1126 1188 1198 θεότητος
1214 1127 1309 1181 τοῦ
1341 1128 1516 1197 Λόγου
1567 1128 1758 1201 ἔργον.

125 1216 305 1267 Ὅταν
336 1216 446 1267 ἐπὶ
471 1215 545 1269 τὺ
563 1218 1001 1288 προσκεφάλαιον
1050 1221 1109 1273 ὲν
1155 1219 1234 1291 τῷ
1267 1218 1437 1290 πλοίῳ
1479 1222 1760 1291 κοιμᾶται,

120 1306 529 1371 ἀναπαύσεως
567 1309 884 1381 σωματικῆς
910 1309 1091 1381 ἔργον.
1123 1311 1290 1364 Ὅταν
1320 1311 1637 1381 περιπατῶν
1670 1314 1763 1367 ἐπὶ

122 1396 228 1466 τῆς
252 1396 570 1467 θαλάσσης
598 1398 795 1471 ἀπειλῇ
857 1401 969 1463 τοῖς
1000 1400 1210 1471 κύμασι
1237 1401 1330 1455 καὶ
1366 1404 1481 1465 τοῖς
1508 1402 1756 1474 ἀνέμοις.

120 1487 361 1548 Σιώπα,
398 1490 754 1559 πεφίμωσο,
804 1492 966 1556 εὐθὺς
992 1492 1180 1546 ἀκούει
1234 1493 1386 1564 παρά
1433 1493 1543 1546 τῶν
1577 1495 1635 1547 ἐν
1683 1494 1761 1566 τῷ

124 1581 308 1654 πλοίῳ
344 1581 485 1653 μεθ’
511 1583 680 1655 ὅρκου
706 1583 1134 1654 ὁμολογούντων·
1164 1584 1429 1653 Ἀληθῶς
1453 1584 1602 1640 Θεοῦ
1632 1584 1761 1652 Υἱὸς

124 1668 202 1726 εἴ.
233 1673 428 1727 Ὅταν
463 1673 651 1739 ἑστὼς
695 1676 830 1747 πρὸς
858 1675 936 1747 τῷ
967 1678 1210 1749 μνήματι
1240 1676 1492 1749 Λαζάρου
1525 1677 1756 1750 δακρύῃ,

125 1763 227 1818 καὶ
279 1765 547 1836 ὁπηνίκα
612 1766 841 1837 πάσχειν
891 1766 1106 1837 ἔμελλε,
1180 1767 1354 1837 λέγει,
1418 1769 1758 1836 Περίλυπός

123 1855 372 1926 ἐστινὴ
438 1856 626 1926 ψυχή
666 1875 787 1927 μου
815 1857 926 1925 ἕως
984 1857 1270 1924 θανάτου,
1323 1861 1417 1914 καὶ
1474 1860 1753 1931 ἀδημονεῖ,

127 1944 227 1998 καὶ
259 1943 325 1997 τὸ
361 1944 474 2016 μὲν
507 1944 736 2016 Πνεῦμα
765 1945 864 2015 τῆς
902 1946 1156 2017 θεότητος
1206 1947 1506 2019 πρόθυμον,
1540 1950 1620 2012 είς
1651 1951 1757 2003 πᾶ-

131 2051 232 2089 σαν
256 2038 602 2110 οἰκονομίαν
635 2038 804 2108 λέγει,
830 2039 930 2110 τὴν
957 2040 1015 2093 δὲ
1053 2039 1233 2111 σάρκα
1262 2040 1487 2112 ἀσθενῆ·
1515 2041 1611 2094 τοῦ
1646 2041 1754 2095 σώ-

134 2143 309 2196 ματος
343 2127 619 2181 ἀσθένεια
651 2128 712 2181 τὸ
749 2128 1037 2184 λυπεῖσθαι
1091 2130 1186 2185 καὶ
1237 2131 1551 2203 ἀδημονεῖν.
1581 2132 1755 2188 Ὅταν

130 2219 527 2284 κελευστικῶς
553 2221 708 2293 λέγῃ·
737 2220 982 2290 Λάζαρε,
1026 2223 1204 2291 δεῦρο
1237 2223 1375 2289 ἔξω,
1417 2225 1514 2279 καὶ
1544 2228 1750 2300 ἀναστῇ

135 2308 242 2372 ζῶν
272 2311 303 2363 ὁ
351 2311 568 2383 νεκρὸς
614 2313 643 2365 ὁ
699 2314 1015 2381 τεταρταῖος
1067 2312 1170 2384 ἤδη
1214 2312 1525 2385 λελυμένος,
1588 2318 1617 2370 ὃ
1653 2319 1755 2373 οὐκ

132 2402 357 2471 ἐγένετο
387 2405 496 2458 ἀπ’
524 2404 701 2476 ἀρχῆς
735 2404 989 2469 κτίσεως·
1044 2405 1145 2475 τῆς
1197 2404 1451 2479 θεότητος
1503 2413 1749 2481 σημεῖον.

132 2490 305 2545 Ὅταν
340 2491 462 2546 ἀπὸ
502 2495 605 2564 τῆς
654 2491 963 2564 ὁδοιπορίας
1021 2492 1160 2563 ὑπὲρ
1204 2492 1361 2564 ἡμῶν
1404 2496 1753 2564 κεκοπιακὼς

130 2580 228 2635 ἐπὶ
256 2583 364 2653 τῆς
396 2582 595 2654 πηγῆς
633 2581 953 2652 καθέζηται,
1010 2580 1107 2634 τοῦ
1143 2580 1396 2655 σώματος
1441 2585 1503 2640 τὸ
1530 2590 1746 2659 κοπιᾷν.
1785 2660 1792 2666 ε

138 2674 309 2729 Ὅταν
332 2674 506 2748 λέγῃ·
552 2674 730 2729 Δεῦτε
764 2674 915 2742 πρὸς
942 2672 1043 2743 μὲ,
1076 2672 1303 2742 πάντες
1330 2678 1384 2730 οἱ
1422 2678 1750 2748 κοπιῶντες

138 2764 237 2818 καὶ
273 2764 779 2836 πεφορτισμένοι,
807 2764 971 2834 κάγὼ
1000 2766 1335 2820 ἀναπαύσω
1374 2766 1550 2837 ὑμᾶς·
1587 2770 1748 2840 ἔργον

133 2858 232 2928 τῆς
264 2856 559 2929 θεότητος,
597 2855 657 2910 τὸ
680 2855 775 2909 καὶ
799 2854 906 2909 ἀπὸ
943 2854 1271 2927 σωματικῶν
1312 2858 1483 2913 νόσων
1534 2860 1629 2913 καὶ
1657 2861 1749 2915 κό-

139 2965 275 3013 πων,
309 2951 413 3006 καὶ
433 2950 551 3004 τῶν
585 2949 729 3004 κατά
762 2948 941 3021 ψυχὴν
985 2948 1246 3003 κινδύνων
1315 2950 1517 3006 ἰᾶσθαι.
1577 2953 1746 3007 Ὅταν

142 3042 480 3115 βαπτίζηται
501 3042 607 3096 ὑπὸ
621 3040 893 3105 Ἰωάννου,
913 3039 981 3107 ὃς
996 3041 1292 3111 ἁμαρτίαν
1305 3043 1418 3096 οὐκ
1433 3043 1742 3113 ἐποίησεν,
1771 3073 1814 3131 c

138 3133 281 3188 οὐδὲ
305 3134 534 3205 εὑρέθη
597 3132 781 3200 δόλος
834 3132 905 3186 ἐν
953 3132 1034 3198 τῷ
1080 3135 1334 3203 στόματι
1393 3135 1597 3189 αὐτοῦ·
1642 3136 1736 3190 τοῦ

137 3225 391 3297 σώματος
427 3226 577 3298 ὑπὲρ
629 3225 788 3298 ἡμῶν
841 3224 1148 3296 ὲξιλασμός.
1180 3225 1346 3279 Ὅταν
1367 3226 1565 3300 κελεύῃ
1615 3228 1741 3293 τοὺς

143 3314 483 3380 ἀποστόλους
519 3313 805 3386 βαπτίζειν
836 3315 1012 3369 πάντα
1033 3314 1109 3368 τὰ
1135 3314 1261 3388 ἔθνη
1296 3318 1378 3381 είς
1423 3317 1593 3390 ὄνομα
1624 3320 1743 3374 Πα-

139 3405 267 3476 τρὸς
297 3406 397 3460 καὶ
432 3404 573 3460 Υἱοῦ
597 3407 692 3462 καὶ
727 3406 882 3477 ἁγίου
912 3405 1253 3478 Πνεύματος,
1275 3410 1340 3480 τῇ
1374 3408 1494 3481 θείᾳ
1515 3409 1740 3481 δυνάμει

146 3497 307 3551 αὐτοῦ
339 3498 602 3572 ἁρμόζει.
629 3499 797 3552 Ὅταν
825 3498 982 3573 κλίνῃ
1028 3498 1097 3553 τὰ
1142 3499 1344 3568 γόνατα
1382 3501 1477 3555 καὶ
1527 3501 1604 3566 ὡς
1648 3500 1742 3555 ἄν-

144 3584 359 3657 θρωπος
392 3587 792 3662 προσεύχηται,
824 3588 919 3643 τοῦ
959 3588 1212 3661 σώματος
1262 3591 1403 3664 ὑπὲρ
1434 3590 1591 3663 ἡμῶν
1643 3591 1731 3659 ἐξ·

144 3679 676 3753 ομολὸγησις.Ὅταν
695 3684 751 3735 ὲν
766 3680 842 3752 τῷ
868 3680 1004 3754 ὄρει,
1035 3699 1383 3755 μετᾳμορφου
1391 3683 1551 3754 μένου
1572 3683 1736 3738 αὐτοῦ

146 3764 239 3837 τὴν
266 3767 425 3834 δόξαν
454 3769 533 3841 μὴ
572 3769 859 3840 δυνάμενοι
883 3769 1069 3842 φέρειν
1114 3771 1322 3843 Πέτρος
1351 3772 1445 3824 καὶ
1486 3771 1739 3837 Ἰάκωϐος

151 3858 240 3911 καὶ
270 3857 553 3933 Ἰωάννης,
580 3860 650 3914 τά
684 3861 953 3933 πρόσωπα
979 3860 1075 3914 καὶ
1124 3860 1195 3914 τὰ
1246 3863 1449 3931 γόνατα
1483 3862 1737 3919 κλίνωσιν

149 3944 236 3999 ἐπὶ
268 3947 366 4021 τὴν
396 3950 506 4020 γῆν
537 3950 603 4003 ὲκ
633 3949 735 4020 τῆς
766 3948 924 4019 δόξης
954 3949 1054 4019 τῆς
1098 3948 1371 4020 θεότητος·
1432 3949 1526 4004 τοῦ
1562 3951 1735 4020 Λόγου

152 4035 319 4108 ἰσχύς.
351 4042 531 4095 Ὅταν
592 4043 911 4112 στερεοποιῇ
974 4039 1104 4103 τοὺς
1152 4041 1484 4105 ἀποστόλους
1539 4041 1732 4111 λέγων·

150 4128 241 4197 Μὴ
269 4133 556 4198 φοϐεῖσθε
584 4131 706 4188 ἀπὸ
738 4130 858 4185 τῶν
907 4132 1387 4187 ἀποκτεινόντων
1433 4132 1501 4186 τὸ
1541 4133 1733 4203 σῶμα,

150 4213 258 4285 τὴν
281 4217 349 4273 δὲ
378 4219 601 4291 ψυχὴν
658 4220 745 4290 μὴ
802 4220 1158 4290 δυναμένων
1210 4221 1580 4278 ἀποκτεῖναι·
1635 4224 1736 4296 τῆς

153 4304 395 4380 θεότητος
437 4314 476 4384 ή
516 4311 712 4382 ἄδηλος
743 4312 838 4365 καὶ
902 4311 1097 4385 ἰσχυρά
1142 4314 1510 4387 παράκλησις.
1563 4317 1734 4371 Ὅταν

152 4402 480 4473 παραιτῆται
535 4402 599 4455 τὸ
648 4400 962 4466 ἀποθανεῖν,
1017 4402 1112 4457 τοῦ
1172 4403 1486 4477 σώματοςὴ
1540 4407 1729 4463 δειλία.
1765 4430 1810 4485 D

154 4485 259 4559 Πρὸ
285 4492 392 4567 γὰρ
425 4494 523 4549 τοῦ
570 4495 888 4567 παραϐῆναι
915 4496 1008 4551 τὸν
1050 4496 1223 4568 Ἀδὰμ
1249 4497 1374 4552 οὔτε
1411 4498 1579 4573 λύπη,
1606 4500 1730 4555 οὔτε

151 4574 331 4649 δειλία,
361 4587 421 4639 οὐ
449 4587 637 4653 κόπος,
661 4586 722 4640 οὐ
756 4586 934 4660 λιμὸς,
965 4588 1028 4642 ού
1055 4588 1285 4655 θάνατος
1310 4585 1403 4663 ἦν.

217 4851 303 4908 25.
362 4857 504 4928 Ἐγώ
540 4861 680 4929 ειμι,
718 4859 905 4931 φησὶν,
954 4861 996 4930 ὴ
1050 4859 1160 4914 τῶν
1216 4860 1540 4934 σωζομένων
1569 4863 1727 4931 ὁδὸς,

156 4943 244 4996 καὶ
278 4949 316 5017 ἡ
346 4950 455 5005 τῶν
483 4950 693 5023 νεκρῶν
725 4951 859 5021 ζωὴ,
914 4954 1011 5007 καὶ
1056 4953 1095 5021 ’ἠ
1143 4953 1251 5007 τῶν
1310 4956 1731 5026 ἀποφευγόντων

157 5034 213 5087 τὸ
236 5036 420 5107 ψεῦδος
442 5043 716 5112 ἀλήθεια·
761 5044 935 5115 λέγων
958 5045 1082 5112 τοῖς
1112 5047 1184 5100 ἐν
1209 5047 1435 5101 σκότει·
1483 5052 1729 5104 Ἀνακα-

157 5128 429 5201 λύφθητε.
474 5136 614 5206 Ἐγώ
636 5141 755 5208 ειμι
787 5139 855 5191 τό
884 5138 1011 5207 φῶς
1040 5137 1150 5193 τοῦ
1194 5139 1453 5210 κόσμου·
1486 5141 1574 5195 τὸν
1620 5140 1730 5216 γὰρ

172 5216 331 5295 Ἀδὰμ
355 5229 715 5300 ἐνδυσάμενος
749 5230 846 5283 σὺν
869 5234 985 5293 τοῖς
1013 5229 1297 5303 παθήμασι
1325 5233 1496 5305 χωρὶς
1546 5235 1730 5306 ἀμαρ-

160 5309 286 5377 τίας,
317 5318 402 5372 τὸν
432 5321 771 5393 κεκλημένον
808 5321 1036 5394 Ἰησοῦν,
1093 5323 1161 5376 δι’
1191 5323 1357 5377 αὐτοῦ
1381 5324 1440 5377 τὸ
1461 5325 1731 5398 ἀπολόμε-

164 5412 242 5454 νον
268 5408 527 5477 πρὸϐατον
555 5411 793 5483 προσῆξε
819 5411 900 5483 τῷ
954 5413 1150 5485 Πατρὶ,
1195 5414 1277 5481 ὡς
1303 5416 1599 5485 πρόϐατον
1626 5418 1725 5473 ἐπὶ

170 5622 220 5694 εξ.
431 5623 476 5655 ⁷⁵
495 5621 686 5678 Matth.
719 5640 912 5694 xxvnl,
948 5627 1036 5684 19.

167 5627 220 5711 ξι.
242 5627 352 5711 at;
406 5627 686 5711 pr'rfMatth.
719 5640 912 5694 xxvnl,
948 5627 1036 5684 19.
1144 5629 1189 5661 ⁷³
1213 5627 1404 5687 Matth.
1442 5647 1575 5698 xvn,
1611 5633 1663 5686 6.

231 5683 376 5745 Joan.
405 5709 525 5761 νιιι,
564 5694 649 5751 12.

1872 486 2107 558 demque
2134 485 2418 557 Scriptura
2447 496 2503 542 et
2530 487 2597 543 de
2627 487 2916 542 divinitate
2942 486 3088 551 Filii,
3117 495 3172 542 et
3220 487 3289 543 de
3327 502 3447 542 cor.

1870 590 2004 647 pore
2051 577 2202 646 quod
2232 584 2456 647 propter
2485 591 2588 632 nos
2634 593 2700 631 ex
2734 575 2904 631 Maria
2947 576 3267 646 assumpsit,
3306 578 3448 632 scri-

1868 677 2022 738 ptum
2050 679 2136 724 est
2162 686 2177 735 ;
2209 676 2266 723 at
2292 683 2482 724 eorum
2512 668 2729 739 singula
2758 683 3154 738 cognoscemus
3194 677 3257 722 ut
3283 682 3447 738 saga-

1868 775 1960 814 ces
1988 759 2246 829 discipuli
2276 760 2442 815 unius
2488 759 2605 813 veri
2644 757 2913 829 magistri.
2944 755 3088 825 Quot
3132 757 3298 826 igitur
3339 757 3447 810 liu-

1867 849 2026 905 miles
2055 864 2217 905 voces
2243 859 2297 904 et
2324 848 2531 904 similia
2558 863 2722 919 opera
2760 856 2909 912 sunt,
2939 856 3020 903 tot
3058 847 3261 919 cogites
3307 847 3448 903 scri-

1865 952 1957 1012 pla
2004 957 2128 998 esse
2165 943 2233 997 de
2259 947 2519 1011 {corpore
2552 940 2721 996 Jesu:
2757 948 2892 1011 quot
2920 940 3157 1010 gloriosa
3190 950 3246 995 et
3273 937 3448 995 subli-

1867 1035 1998 1097 mia,
2032 1035 2098 1090 ad
2125 1035 2285 1089 Verbi
2316 1034 2572 1090 deitatem
2603 1033 2830 1089 referas.
2862 1031 3000 1087 Cum
3027 1040 3152 1103 post
3171 1031 3443 1103 jejunium

1866 1126 2011 1182 fame
2049 1127 2322 1196 premitur
2348 1165 2362 1190 ,
2418 1125 2472 1180 id
2526 1124 2773 1194 corporis
2812 1123 3104 1179 inﬁrmitas
3151 1130 3273 1189 est;
3316 1137 3444 1177 cum

1868 1228 2052 1275 autem
2080 1235 2146 1274 ex
2181 1219 2428 1289 quinque
2449 1219 2684 1288 panibus
2711 1216 2953 1287 quinque
2978 1215 3170 1281 millia,
3201 1214 3444 1283 exceptis

1866 1310 2111 1382 parvulis
2143 1322 2195 1365 et
2232 1310 2574 1376 mulieribus,
2628 1308 2745 1375 alit,
2784 1316 2840 1362 et
2887 1307 3173 1362 duodecim
3222 1304 3442 1375 cophini

1865 1403 2296 1474 fragmentorum
2343 1408 2659 1473 supersunt,
2709 1400 2930 1456 deitatis
2962 1398 3128 1454 Verbi
3156 1406 3238 1454 est
3281 1400 3440 1468 opus.

1863 1491 2094 1557 Quando
2131 1491 2198 1546 ad
2230 1491 2484 1561 pulvinar
2510 1491 2566 1544 in
2602 1490 2856 1545 navicula
2893 1489 3118 1555 dormit,
3144 1488 3197 1543 id
3227 1487 3442 1558 requies

1861 1589 1943 1636 est
1980 1596 2288 1651 corporea;
2337 1595 2462 1635 cum
2512 1595 2679 1650 supra
2709 1579 2882 1635 maris
2930 1578 3106 1634 undas
3154 1576 3442 1646 ambulans

1865 1669 2121 1725 ﬂuctibus
2167 1670 2535 1725 comminatur
2566 1682 2621 1724 et
2650 1671 2847 1737 ventis,
2876 1669 3033 1736 Tace,
3058 1669 3351 1723 obmutesce
3371 1667 3439 1734 ",

1859 1762 2040 1817 subito
2091 1763 2244 1818 audit
2289 1772 2536 1819 vectores
2592 1762 2646 1816 in
2679 1762 2928 1817 navicula
2956 1777 3081 1817 cum
3124 1761 3440 1831 juramento

1856 1854 2206 1920 afﬁrmantes,
2253 1853 2382 1910 Vere
2448 1853 2623 1908 Filius
2665 1853 2761 1908 Dei
2807 1870 2881 1907 es.
2936 1851 3168 1919 Quando
3212 1851 3281 1907 ad
3331 1849 3439 1905 La-

1859 1947 1971 2001 zari
2024 1947 2341 2017 sepulcrum
2373 1959 2524 2002 stans
2573 1947 2929 2014 lacrymatur,
2961 1952 3015 2000 et
3060 1960 3187 2000 cum
3222 1942 3437 1998 vicinus

1856 2037 2194 2093 cruciatibus
2246 2037 2344 2103 ait,
2409 2036 2599 2091 Tristis
2647 2044 2723 2089 est
2770 2036 2949 2088 anima
2995 2049 3110 2087 mea
3155 2047 3316 2101 usque
3363 2031 3435 2085 ad

1854 2136 2078 2178 mortem
2093 2126 2162 2190 δ’,
2202 2133 2258 2179 et
2287 2124 2517 2179 horrore
2553 2133 2789 2191 tenetur,
2840 2139 2906 2178 ac
2935 2122 3175 2193 Spiritus
3210 2120 3433 2192 quidem

1853 2214 2068 2271 deitatis
2093 2225 2379 2286 promptus
2410 2225 2534 2284 est;
2575 2217 2642 2272 de
2674 2225 2787 2271 tota
2816 2217 3123 2272 meonomia
3156 2215 3271 2269 hinc
3299 2225 3433 2283 pro-

1852 2305 1955 2360 fert
1981 2323 1995 2359 :
2037 2321 2260 2361 carnem
2295 2322 2516 2378 quoque
2547 2306 2823 2362 inﬁrmam
2852 2305 2987 2361 dicit
3019 2321 3035 2371 ;
3064 2304 3312 2375 corporis
3341 2302 3433 2358 in-

1852 2396 2086 2454 ﬁrmitas
2139 2407 2224 2455 est
2274 2399 2487 2455 tristem
2526 2415 2650 2456 esse
2705 2411 2870 2471 atque
2925 2399 3154 2454 horrore
3204 2394 3430 2467 corripi.

1850 2486 1987 2545 Cum
2006 2489 2251 2560 iubentis
2290 2506 2444 2547 more
2478 2492 2612 2548 dicit
2639 2509 2653 2545 :
2684 2489 2914 2559 Lazare,
2944 2490 3058 2545 veni
3104 2490 3251 2562 {oras
3272 2488 3341 2553 το,
3374 2495 3433 2542 et

1850 2582 2033 2638 statim
2072 2583 2476 2652 quatriduanus
2524 2590 2778 2638 mortuus
2825 2582 3121 2645 reviviscit,
3170 2580 3266 2650 qui
3310 2578 3429 2650 jam

1850 2672 2060 2728 solutus
2089 2680 2228 2739 erat,
2252 2673 2399 2743 quod
2429 2673 2498 2728 ab
2522 2673 2679 2728 initio
2700 2672 2893 2728 mundi
2917 2686 3191 2742 nusquam
3219 2670 3429 2727 factum

1846 2771 1951 2827 est,
1985 2764 2119 2818 illud
2159 2771 2243 2819 est
2297 2764 2518 2820 deitatis
2564 2765 2803 2835 signum.
2834 2763 2973 2819 Cum
3021 2764 3090 2820 ab
3126 2763 3324 2818 itinere
3354 2762 3428 2817 ad

1848 2852 2054 2910 fontem
2087 2855 2239 2910 sedet
2260 2857 2303 2887 '“
2332 2874 2346 2923 ;
2380 2856 2627 2926 corporis
2657 2867 2743 2911 est
2775 2856 3065 2923 fatiscere;
3090 2870 3215 2910 cum
3244 2860 3426 2909 autem
3488 2862 3499 2869 '

1846 2944 2017 3001 dicit:
2059 2945 2240 3001 Venite
2272 2947 2342 3001 ad
2369 2963 2469 3013 me,
2503 2964 2681 3003 omnes
2710 2950 2803 3020 qui
2841 2947 3099 3002 laboratis
3134 2956 3183 3001 et
3221 2946 3427 3000 onerati

1846 3036 1995 3101 estis,
2049 3046 2099 3091 et
2145 3053 2238 3107 ego
2284 3039 2548 3108 quiescere
2591 3038 2788 3108 faciam
2834 3055 2922 3093 vos
2941 3040 3026 3106 ";
3078 3037 3296 3093 deitatis
3341 3045 3427 3093 est

1849 3141 2009 3197 opus,
2060 3136 2172 3182 tam
2209 3144 2238 3182 a
2285 3131 2494 3186 morbis
2546 3138 2602 3184 et
2660 3129 3074 3201 fatigationibus
3121 3129 3423 3200 corporeis,

1847 3235 2013 3290 quam
2047 3221 2119 3275 ab
2150 3222 2348 3277 animae
2375 3224 2634 3292 periculis
2660 3224 2915 3280 liberare.
2940 3224 3077 3280 Cum
3108 3225 3179 3280 ab
3214 3223 3425 3281 Joanne

1846 3309 2158 3380 baptizatur
2202 3313 2293 3378 qui
2319 3324 2592 3381 peccatum
2632 3330 2737 3368 non
2770 3315 2917 3384 fecit,
2965 3331 3126 3385 neque
3178 3315 3421 3369 inventus

1845 3408 1922 3455 est
1953 3400 2106 3454 dolus
2141 3403 2193 3455 in
2228 3418 2315 3455 ore
2335 3403 2450 3472 ejus
2472 3405 2540 3468 ⁷³,
2571 3405 2817 3475 corporis
2847 3414 2931 3460 est
2965 3405 3279 3476 propitiatio
3321 3420 3423 3475 pro

1845 3491 2043 3559 nobis;
2076 3507 2200 3548 cum
2226 3502 2406 3548 autem
2429 3494 2585 3564 jubet
2614 3496 2891 3575 apostolos
2916 3497 3194 3566 baptizare
3228 3511 3422 3552 omnes

1845 3591 2053 3653 gentes,
2092 3583 2149 3638 in
2191 3585 2413 3640 nomine
2453 3585 2635 3642 Patris
2680 3596 2736 3642 et
2765 3586 2891 3642 Filii
2922 3596 2976 3643 et
3009 3588 3244 3659 Spiritus
3287 3603 3421 3643 san-

1844 3675 1916 3729 cti
1940 3677 2022 3743 7‘;
2052 3675 2105 3730 id
2134 3676 2329 3731 divinae
2350 3678 2472 3748 ejus
2498 3679 2753 3749 potestati
2776 3681 3051 3736 convenit.
3074 3680 3210 3736 Cum
3242 3694 3422 3751 genua

1843 3761 2013 3819 ﬂectit
2057 3772 2113 3818 et
2156 3779 2257 3819 ceu
2306 3766 2476 3822 homo
2521 3778 2823 3838 precatur;
2866 3771 3112 3842 corporis
3146 3770 3422 3827 confessio

1843 3861 1927 3908 est
1955 3869 2055 3924 pro
2101 3855 2263 3911 nobis
2291 3872 2306 3922 ;
2334 3872 2459 3911 cum
2494 3868 2674 3915 autem
2706 3861 2854 3917 illius
2887 3863 2943 3917 in
2992 3873 3175 3918 monte
3200 3863 3422 3919 transﬁ-

1842 3946 2021 4015 gurati
2066 3946 2295 4018 gloriam
2342 3964 2451 4004 non
2501 3950 2740 4009 ferentes
2776 3951 2971 4009 Petrus
3014 3964 3065 4009 et
3096 3952 3334 4010 Jacobus
3365 3963 3423 4011 et

1841 4032 2102 4102 Joannes,
2137 4037 2322 4092 vultus
2373 4047 2537 4109 atque
2566 4057 2745 4111 genua
2786 4042 2855 4097 ad
2904 4051 3107 4099 terram
3154 4045 3422 4100 inclinant

1844 4126 1912 4181 ad
1940 4127 2169 4198 gloriam
2192 4130 2410 4187 deitatis
2434 4133 2480 4164 ⁷⁸
2509 4151 2524 4200 ;
2559 4132 2724 4188 Verbi
2746 4136 2924 4191 virtus
2947 4146 3050 4192 est.
3103 4136 3239 4191 Cum
3287 4152 3421 4208 apo-

1842 4220 2016 4275 Stolos
2045 4221 2337 4278 conﬁrmat
2364 4224 2452 4279 bis
2475 4225 2680 4292 verbis,
2712 4224 2896 4281 Nolite
2930 4229 3112 4283 timere
3137 4234 3201 4283 ab
3232 4230 3299 4283 iis
3326 4229 3419 4300 qui

1841 4311 2089 4365 occidunt
2122 4328 2333 4381 corpus,
2373 4314 2605 4367 animant
2655 4323 2831 4369 autem
2879 4331 2983 4370 non
3008 4325 3228 4385 possunt
3277 4317 3420 4370 occi-

1837 4410 1960 4457 dere
1975 4404 2052 4470 7‘,
2084 4404 2201 4459 haec
2229 4413 2312 4460 est
2340 4405 2558 4460 deitatis
2588 4406 2765 4461 latens
2796 4416 2961 4478 atque
2999 4408 3173 4462 valida
3219 4408 3421 4463 adhor-

1835 4495 2007 4563 tatio;
2053 4511 2178 4551 cum
2219 4507 2450 4551 mortem
2500 4497 2849 4568 deprecatur,
2894 4500 3141 4570 corporis
3185 4498 3421 4558 formido

1834 4597 1937 4646 est.
1966 4588 2127 4645 Prius
2162 4590 2306 4644 enim
2329 4605 2493 4659 quam
2517 4589 2689 4645 Adam
2719 4593 3214 4662 transgrederetur,
3244 4608 3422 4664 neque

1836 4683 2089 4751 tristitia,
2126 4698 2310 4752 neque
2342 4682 2601 4753 formido,
2633 4699 2743 4740 non
2768 4686 3053 4752 lassitudo,
3088 4701 3197 4742 non
3221 4686 3417 4753 fames,

1836 4787 1947 4829 non
1987 4789 2140 4829 11101⁵8
2175 4782 2314 4828 erat.
2344 4796 2348 4804 ‘

1911 4864 2005 4921 25.
2037 4864 2152 4937 Ego
2181 4882 2324 4930 sum,
2372 4866 2570 4937 inquit,
2606 4882 2793 4924 eorum
2840 4871 2933 4940 qui
2962 4871 3195 4927 salutem
3225 4888 3420 4929 conse-

1834 4965 2082 5025 quuntur
2124 4956 2250 5023 via,
2311 4965 2365 5010 et
2416 4965 2762 5013 mortuorum
2815 4961 2946 5026 vita,
2993 4970 3047 5016 et
3093 4977 3279 5016 eorum
3322 4960 3418 5033 qui

1838 5046 2188 5102 mendacium
2216 5057 2543 5103 aversantur
2571 5052 2766 5105 veritas
2787 5052 2854 5117 ⁷⁷,
2887 5053 3075 5108 dicens
3092 5054 3159 5108 iis
3180 5055 3270 5123 qui
3293 5062 3417 5108 sunt

1836 5140 1893 5193 in
1937 5139 2181 5202 tenebris,
2238 5139 2649 5198 Reuelamini".
2700 5142 2813 5213 Ego
2856 5162 2975 5199 sum
3019 5145 3112 5199 tua:
3146 5146 3412 5201 mundi".

1837 5231 2291 5302 Quandoquidem
2367 5233 2512 5288 enim
2576 5235 2844 5291 Adamum
2928 5254 3052 5293 cum
3128 5238 3413 5294 affectibus

1838 5322 2039 5383 induit,
2073 5331 2270 5391 praeter
2315 5331 2625 5392 peccatum,
2670 5325 2922 5381 videlicet
2951 5341 3074 5381 eum
3117 5327 3210 5396 qui
3259 5339 3417 5380 voca-

1839 5415 2003 5470 batur
2023 5413 2221 5481 Jesus;
2245 5430 2340 5485 per
2362 5415 2542 5486 ipsum
2567 5430 2722 5472 ovem
2742 5419 3004 5489 perditam
3024 5417 3170 5474 Patri
3192 5418 3413 5486 obtulit,

226 5542 267 5574 ⁶⁶
291 5544 446 5608 Marc.
479 5568 552 5607 Iv.
575 5517 675 5607 .39.
753 5551 798 5585 ⁶⁹
821 5552 1014 5611 Matth.
1048 5572 1198 5618 xxvi,
1234 5557 1323 5612 58.
1401 5560 1448 5592 "°
1482 5558 1642 5616 Joan.
1671 5578 1719 5616 xu

242 5612 325 5688 3?.
431 5623 476 5655 ⁷⁵
495 5621 686 5678 Matth.
719 5640 912 5688 xxvnl,
948 5627 1036 5684 19.
1144 5629 1189 5661 ⁷³
1213 5627 1404 5687 Matth.
1442 5647 1575 5688 xvn.
1611 5633 1663 5686 6.

1965 5558 2190 5614 “Joan.
2231 5575 2305 5628 Iv,
2352 5558 2408 5615 6.
2517 5563 2564 5594 τ’
2586 5562 2776 5619 Matth.
2825 5578 2906 5634 ιι,
2956 5563 3048 5618 28.
3143 5561 3227 5615 "l
3260 5559 3411 5616 Petr.

1911 5630 2023 5688 ltth.
2054 5646 2108 5688 x.
2148 5630 2237 5687 28.
2354 5631 2399 5664 ⁷⁷
2419 5630 2579 5688 Joan.
2612 5651 2724 5688 xiv.
2762 5638 2816 5688 6.
2952 5633 3124 5688 "lsa.
3149 5647 3298 5688 ms.
3351 5630 3411 5688 9.

1890 5646 2023 5688 attn.
2054 5646 2108 5700 x,
2148 5646 2237 5687 zu.

2354 5630 2579 5690 "toan.
2612 5651 2724 5704 xiv,
2762 5638 2816 5692 6.
2891 5630 2900 5634 ’
2952 5633 3298 5703 "lsaaux,
3351 5630 3412 5689 9.
