3794 6226
326 254 470 313 ιντο

327 386 582 445 tanquam
619 377 730 429 ouis
768 375 837 428 ad
861 375 1179 428 occisionem
1205 375 1419 442 ductus,
1447 385 1541 430 aut
1565 378 1719 447 quasi
1739 394 1906 449 agnus
1938 388 1982 441 Α

327 481 509 520 coram
538 468 790 521 tondente
815 482 870 520 se
906 467 1019 521 sine
1045 483 1166 521 voce
1189 468 1259 523 ⁸⁸.
1291 469 1365 525 De
1404 484 1517 539 quo
1546 468 1751 528 Paulus
1780 472 1917 526 scri-

329 558 458 610 bit:
514 555 688 611 Homo
737 554 980 611 Christus
1027 556 1208 623 Iesus,
1254 561 1346 630 qui
1393 562 1540 615 dedit
1572 564 1917 633 semetipsum

329 648 735 718 redemptionem
788 665 883 719 pro
913 648 1063 703 nobis
1107 660 1158 705 et
1194 668 1291 721 pro
1343 654 1571 722 peccatis
1604 655 1799 709 nostris
1820 655 1864 687 ³¹
1895 672 1911 722 ;

329 750 386 794 et
403 741 530 796 alibi
554 743 629 795 ait
654 741 981 811 Apostolus:
1010 742 1115 797 Per
1140 745 1400 799 hominem
1438 763 1601 816 mors,
1628 759 1677 802 et
1710 764 1802 818 per
1825 748 1920 802 Ito—

304 832 526 915 gninem
563 834 670 886 vita
696 833 765 888 ⁸³.
790 833 924 889 Nam
954 835 1095 891 sicut
1123 837 1178 890 in
1211 836 1384 891 Adam
1412 853 1604 895 omnes
1633 840 1917 909 morimur,

333 925 407 979 ita
441 933 497 980 et
538 927 595 980 in
634 926 858 983 Christo
891 944 1085 984 omnes
1132 929 1556 989 viviﬁcahimur.
1596 931 1663 986 Et
1698 948 1919 989 rursum

332 1015 441 1070 alio
466 1016 521 1070 in
561 1017 682 1072 loco
703 1018 897 1073 scribit
927 1038 941 1073 :
981 1017 1198 1073 Primus
1221 1020 1373 1074 homo
1398 1021 1462 1076 de
1493 1032 1634 1076 terra
1662 1033 1918 1090 terrenus,

332 1108 597 1164 secundus
632 1110 787 1164 homo
818 1111 883 1165 de
913 1111 1042 1166 caelo
1067 1113 1134 1168 ⁸³.
1164 1112 1268 1169 Per
1296 1115 1536 1184 primum
1571 1115 1755 1186 itaque
1779 1115 1924 1172 Ada-

334 1216 509 1263 mum,
538 1202 777 1270 primum
814 1203 1098 1258 hominem
1127 1206 1180 1257 in
1212 1206 1419 1259 mundo
1454 1206 1802 1262 eﬂ‘ormatum
1845 1207 1924 1263 si-

336 1290 560 1360 gniﬁcat
586 1310 601 1359 ;
631 1308 726 1362 per
754 1296 1055 1350 secundum
1083 1308 1264 1351 autem
1302 1296 1600 1364 Adamum,
1645 1299 1922 1354 hominem

335 1384 431 1452 qui
480 1384 536 1438 in
586 1383 878 1441 Servatore
907 1396 1010 1454 est,
1057 1389 1152 1459 qui
1200 1400 1428 1446 vocatur
1473 1391 1620 1447 ﬁlius
1665 1392 1923 1460 hominis,

338 1477 481 1542 ovis,
516 1479 662 1545 vitis,
690 1480 871 1549 panis,
907 1481 1093 1548 arbor,
1142 1497 1374 1553 granum
1409 1483 1689 1551 frumenti,
1734 1495 1788 1541 et
1839 1486 1925 1543 his

340 1571 563 1626 similia.
614 1571 851 1628 Vocatur
895 1590 1113 1646 quoque
1154 1575 1351 1641 Adam,
1386 1577 1604 1633 etiamsi
1651 1579 1927 1635 secundus

341 1665 577 1719 multum
608 1665 824 1722 diﬂerat
856 1683 888 1722 a
928 1669 1126 1738 primo.
1158 1667 1294 1725 Nam
1322 1671 1413 1726 ille
1440 1672 1660 1741 quidem
1682 1687 1747 1728 ex
1784 1681 1926 1728 terra

912 256 970 312 S.
1010 256 1384 313 ATHANASll
1423 256 1575 315 OPP.
1618 258 1799 315 PARS
1832 257 1871 315 l.
1917 291 1988 301 ——
2026 259 2400 318 HlSTURlCA
2438 259 2527 315 ET
2570 259 2993 317 DOGMATICA.

3499 265 3528 319 1
3548 264 3669 320 288

2012 379 2260 449 σφαγὴν
2285 380 2513 449 ἀχθεὶς,
2547 379 2585 449 ἢ
2612 381 2693 447 ὡς
2717 379 2911 450 ἀμνὸς
2929 379 3210 434 ἐναντίον
3242 380 3352 436 τοῦ
3392 383 3670 452 κείραν-

2017 489 2121 537 τος
2179 471 2367 525 αὑτὸν
2412 470 2673 541 ἄφωνος.
2735 471 2871 543 Περὶ
2919 464 2981 525 οῦ
3036 473 3065 526 6
3125 471 3339 537 Παῦλος
3394 475 3665 545 γράφει·

2021 567 2358 634 Ἀνθρωπος
2383 563 2639 633 Χριστὸς
2684 565 2955 632 Ἰησοῦς,
3005 568 3040 619 ό
3091 563 3236 630 δοὺς
3254 565 3511 620 ἑαυτὸν
3543 568 3668 622 ἀν-

2017 658 2302 725 τίλυτρον
2325 656 2479 724 ὑπὲρ
2507 654 2681 725 ἡμῶν
2713 656 2815 709 καὶ
2865 655 2987 709 τῶν
3047 654 3351 727 ἁμαρτιῶν
3438 658 3665 729 ἡμῶν·

2020 749 2116 803 καὶ
2142 751 2201 802 ἐν
2260 748 2433 820 ἑτέρῳ
2480 748 2632 820 τόπῳ
2694 748 2861 818 φησὶν
2909 750 2938 802 6
3000 748 3345 816 Ἀπόστολος·
3396 751 3499 805 Δι’
3546 754 3667 807 ἀν-

2021 839 2256 910 θρώπου
2309 843 2344 895 ὁ
2397 839 2677 906 θάνατος,
2745 840 2845 894 καὶ
2918 839 2994 894 δι’
3035 841 3352 912 ἀνθρώπου
3406 846 3459 913 ἠ
3505 841 3659 914 ζωή.

2024 932 2236 1005 Ὠσπερ
2264 932 2374 1005 γὰρ
2394 931 2549 1003 ἐντῷ
2577 933 2749 1004 Ἀδὰμ
2779 932 2981 997 πάντες
3011 934 3469 1008 ἀποθνήσκομεν,
3499 937 3664 991 οὕτω

2023 1025 2117 1078 καὶ
2137 1025 2194 1077 ὲν
2215 1023 2296 1095 τῷ
2324 1023 2550 1097 Χριστῷ
2570 1026 2772 1089 πάντες
2806 1026 3353 1100 ζωοποιηθησόμεθα.
3378 1031 3517 1084 Καὶ
3553 1032 3663 1084 πά-

2023 1117 2108 1169 λιν
2140 1119 2197 1170 ὲν
2230 1116 2405 1188 ἑτέρῳ
2430 1117 2580 1189 τόπῳ
2611 1117 2918 1189 γράφειοὊ
2941 1117 3172 1186 πρῶτος
3212 1119 3559 1190 ἅνθρωπος
3583 1122 3659 1176 ἐκ

2024 1207 2137 1278 γῆς
2190 1208 2415 1277 χοϊκός,
2462 1212 2497 1263 ὁ
2554 1210 2836 1277 δεύτερος
2864 1207 3179 1279 ἄνθρωπος
3232 1196 3303 1277 ἐξ
3332 1213 3651 1281 οὐρανοῦ.

2025 1300 2129 1355 Τὸν
2165 1299 2344 1353 τοίνυν
2396 1299 2613 1372 πρῶτον
2661 1300 2836 1372 Ἀδὰμ
2900 1301 2993 1355 τὸν
3044 1302 3497 1374 πρωτόπλαστον
3551 1304 3657 1359 τοῦ

2026 1389 2232 1461 κόσμου
2258 1388 2428 1462 δηλοῖ·
2472 1389 2565 1443 τὸν
2592 1389 2650 1443 δὲ
2675 1388 2930 1461 δεύτερον
2962 1389 3149 1462 ’Ἀδὰμ
3198 1390 3293 1445 τὸν
3338 1391 3506 1446 κατά
3556 1394 3659 1447 τὸν

2026 1483 2258 1554 Σωτῆρα
2286 1481 2579 1553 νοούμενον
2616 1480 2925 1552 ἄνθρωπον,
2980 1480 3041 1547 δς
3084 1482 3331 1537 καλεῖται
3370 1482 3506 1547 υἱὸς
3555 1485 3657 1538 ἀνι

2029 1574 2273 1647 θρώπου,
2300 1575 2594 1647 πρόὸατον,
2626 1573 2892 1646 ἄμπελος,
2928 1574 3112 1647 ἄρτος,
3159 1573 3402 1648 δένδρον,
3431 1575 3657 1640 κόκκος

2032 1666 2204 1731 σίτου,
2237 1668 2334 1721 καὶ
2357 1665 2426 1720 τὰ
2465 1665 2677 1729 τούτοις
2705 1665 3087 1737 παραπλήσια.
3142 1665 3410 1721 Καλεῖται
3443 1667 3511 1721 δὲ
3553 1670 3661 1722 καὶ

342 1754 540 1819 factus,
583 1757 673 1814 hic
715 1774 845 1815 vero
896 1775 1022 1817 cum
1066 1759 1307 1816 Verbum
1360 1761 1543 1819 Patris
1581 1774 1747 1829 esset,
1794 1780 1924 1820 caro

2074 1759 2233 1831 ὶδὰμ,
2259 1761 2307 1812 εἰ
2341 1759 2438 1812 καὶ⁸
2469 1757 2639 1829 πολλὴ
2668 1755 2763 1811 τοῦ
2788 1731 3061 1829 ’δευτέρου
3082 1756 3318 1830 διαφορά
3351 1757 3525 1831 παρὰ
3556 1759 3656 1812 τὸν

342 1846 522 1903 factus
549 1857 652 1904 est.
678 1848 867 1922 Neque
900 1861 1085 1908 tamen
1113 1853 1243 1922 quia
1288 1868 1507 1908 carnem
1544 1853 1769 1920 ferebat,
1802 1854 1926 1910 ideo

344 1942 510 1999 Verbi
542 1954 797 2001 naturam
845 1948 1068 2003 amisit:
1103 1948 1565 2018 quemadmodum
1603 1963 1781 2018 neque
1830 1965 1927 2001 au-

345 2052 467 2090 rum
510 2039 791 2108 proprium
846 2038 1050 2094 amittit
1083 2039 1363 2106 decorem,
1410 2040 1556 2109 quod
1597 2040 1650 2093 in
1696 2038 1926 2094 deformi

345 2127 634 2183 claudatur
666 2130 967 2201 marsupio.

418 2303 511 2360 26.
539 2305 677 2361 Cum
743 2316 926 2362 autem
970 2308 1162 2364 doctor
1212 2319 1403 2365 noster
1446 2310 1555 2367 alio
1594 2312 1717 2367 loco
1764 2313 1930 2378 dicat,

329 2388 698 2453 Considerate
724 2400 1025 2469 apostolum
1049 2412 1099 2455 et
1138 2403 1441 2473 pontiﬁcem
1463 2404 1811 2474 confessionis
1838 2423 1934 2461 no-

346 2495 478 2540 strte
511 2485 721 2551 Jesum,
748 2490 840 2559 qui
863 2490 1037 2559 ﬁdelis
1067 2501 1143 2545 est
1169 2493 1217 2547 ei
1251 2495 1341 2564 qui
1365 2493 1485 2562 fecit
1511 2495 1665 2549 illum
1693 2496 1760 2562 ⁸⁸,
1802 2513 1935 2555 cave

350 2589 509 2649 putes
543 2597 657 2635 rem
703 2580 905 2638 factam
950 2599 1073 2640 esse
1117 2584 1288 2641 Deum
1336 2585 1593 2655 Verbum,
1622 2590 1715 2660 qui
1744 2591 1814 2645 ab
1852 2593 1933 2646 in-

350 2671 447 2725 itio
472 2674 612 2743 apud
637 2673 855 2728 Patrem
885 2684 988 2731 est.
1019 2675 1138 2731 Non
1160 2679 1305 2733 enim
1341 2679 1416 2734 ait
1448 2690 1507 2735 ut
1538 2682 1712 2737 deilas
1743 2682 1934 2738 invisi-

352 2763 478 2818 bilis
513 2764 915 2832 eonsideretur,
941 2768 1035 2823 sed
1069 2767 1393 2827 Dominicus
1424 2772 1610 2839 homo,
1656 2789 1818 2844 quem
1860 2776 1938 2830 ait

354 2852 558 2910 Paulus
582 2857 932 2913 mediatorem
965 2875 1089 2916 esse
1125 2859 1220 2917 Dei
1246 2870 1301 2917 et
1337 2865 1645 2931 hominum,
1674 2865 1937 2921 hominem

356 2944 627 3005 Christum
652 2947 859 3016 Jesum,
877 2953 967 3022 qui
997 2952 1139 3006 dedit
1167 2956 1503 3024 semetipsum
1530 2956 1937 3028 redemptionem

356 3054 452 3107 pro
484 3039 655 3094 nobis.
682 3038 854 3107 Quem
886 3042 1024 3097 dixit
1053 3052 1114 3098 ut
1144 3045 1579 3114 consideremus,
1611 3047 1799 3105 Jesum
1829 3049 1938 3105 sci-

358 3133 505 3193 licet,
533 3134 626 3204 qui
650 3134 825 3203 ﬁdelis
855 3145 932 3190 est
965 3138 1014 3191 ei
1045 3139 1136 3207 qui
1168 3138 1292 3208 fecit
1331 3140 1542 3210 ipsum:
1586 3144 1941 3213 quemadmo-

358 3223 488 3277 dum
520 3225 597 3278 ait
628 3225 914 3294 Dominus,
941 3228 1286 3286 Considerate
1334 3249 1513 3289 corvos
1555 3235 1680 3306 quia
1726 3252 1829 3289 non
1859 3253 1941 3290 se-

361 3318 657 3384 minant",
701 3329 833 3388 etc.,
870 3332 923 3377 et
952 3340 1170 3380 rursum
1205 3345 1218 3381 :
1256 3324 1600 3383 Considerate
1656 3328 1777 3383 lilia
1824 3331 1942 3400 agri

361 3413 625 3476 quomodo
667 3425 906 3469 crescunt
931 3416 996 3470 ⁸⁸.
1032 3416 1165 3483 Quae
1197 3428 1462 3488 apparent
1487 3418 1672 3488 igitur,
1705 3421 1784 3475 ait
1809 3435 1945 3475 con-

366 3500 654 3559 sideranda
685 3520 829 3571 esse,
861 3523 970 3562 non
1005 3519 1188 3565 autem
1220 3511 1443 3580 angelos
1465 3512 1713 3583 aliasque
1734 3523 1947 3569 creatas

364 3607 455 3647 res
485 3610 608 3665 quae
637 3597 740 3651 sub
771 3611 1053 3670 aspectum
1086 3618 1195 3657 non
1227 3605 1450 3659 cadunt.
1493 3603 1758 3671 Quamvis
1799 3606 1948 3662 enim

367 3683 571 3740 dixerit
603 3685 882 3745 Habacum
932 3692 1217 3764 propheta,
1249 3693 1596 3752 (Ionsideravi
1625 3714 1786 3768 opera
1833 3709 1947 3770 tua,

364 3785 417 3830 et
443 3781 630 3847 exponi
654 3779 699 3812 ⁸⁷
728 3800 740 3835 :
771 3790 827 3835 at
858 3783 947 3837 ille
992 3800 1050 3839 se
1079 3800 1243 3855 opera
1273 3788 1659 3845 considerasse
1687 3789 1786 3856 ait,
1836 3808 1949 3848 non

368 3882 596 3938 operum
639 3873 1002 3929 conditorem.
1052 3876 1131 3933 Ac
1178 3877 1428 3934 similiter
1474 3884 1760 3951 apostolus
1803 3885 1950 3955 quod

342 3960 475 4014 -suh
504 3970 785 4030 aspectum
837 3965 986 4020 cadit
1031 3965 1248 4021 Domini
1288 3983 1490 4038 corpus
1539 3970 1951 4028 consideratum

369 4061 620 4120 oportere
660 4054 758 4120 ait,
802 4071 910 4110 non
956 4067 1138 4114 autem
1185 4058 1515 4115 invisibilem
1564 4059 1729 4118 Verbi
1778 4063 1955 4119 deita-

371 4153 478 4199 tem
507 4163 520 4198 :
558 4143 723 4199 Deum
755 4149 899 4203 enim
933 4167 1084 4205 nemo
1123 4153 1255 4206 vidit
1286 4169 1541 4223 unquam,
1591 4170 1753 4226 neque
1781 4156 1954 4211 videre

368 4246 539 4308 potest
559 4239 625 4294 ⁸⁸.
677 4239 959 4311 Siquidem
1005 4242 1150 4300 Deus
1201 4242 1438 4300 Verbum
1479 4254 1598 4301 erat
1646 4256 1702 4302 et
1744 4261 1847 4315 est,
1893 4257 1955 4304 ut

370 4332 660 4405 theologus
685 4334 762 4389 ait
783 4333 1024 4391 Joannes
1049 4336 1119 4391 ".
1172 4336 1347 4404 Quem
1394 4339 1580 4409 itaque
1606 4341 1672 4395 ad
1703 4341 1957 4397 conside-

1967 3088 2008 3145 C

2029 1851 2267 1923 πρῶτον.
2317 1850 2375 1905 '0
2407 1850 2506 1922 μὲν
2529 1850 2637 1922 γὰρ
2664 1851 2728 1904 ἐκ
2778 1850 2885 1921 γῆς
2909 1849 3156 1919 γέγονεν,
3179 1851 3207 1901 6
3225 1849 3303 1914 δὲ,
3344 1849 3542 1919 Λόγος
3572 1849 3655 1906 ὣν

2028 1942 2123 1996 τοῦ
2158 1942 2395 2013 Πατρός,
2431 1940 2569 2014 σὰρξ
2593 1942 2831 2010 ἐγένετο·
2855 1942 2915 1994 οὐ
2967 1940 3227 2005 κενωθεὶς
3251 1942 3313 1994 τὸ
3355 1936 3513 1995 εἶναι
3543 1942 3657 1995 Δό-

2029 2051 2125 2103 γος
2152 2033 2240 2087 διὰ
2287 2034 2350 2087 τὸ
2400 2034 2580 2104 σάρκα
2617 2034 2866 2104 φορέσαι,
2897 2031 3022 2086 καθ’
3069 2031 3099 2085 ὃ
3142 2032 3263 2085 οὐδὲ
3315 2031 3380 2085 τὸ
3407 2030 3660 2105 χρυσίον

2032 2123 2285 2178 κενοῦται
2326 2124 2425 2196 τῆς
2462 2123 2641 2195 δόξης,
2685 2123 2833 2178 ἔνδον
2886 2121 3038 2191 ξένου
3074 2123 3475 2195 γλωσσοκόμου
3506 2141 3655 2196 τυγο

2033 2217 2215 2288 χάνον.

2106 2308 2195 2363 26.
2216 2309 2387 2362 Ὅταν
2405 2307 2463 2361 δὲ
2482 2308 2511 2361 6
2535 2307 2804 2380 ἡμέτερος
2825 2305 3143 2370 διδάσκαλος
3169 2306 3355 2380 φάσκῃ
3376 2309 3436 2360 ὲν
3466 2306 3648 2381 ἑτέρῳ

2035 2401 2207 2472 τόπῳ·
2239 2399 2671 2468 Κατανοήσατε
2697 2400 2804 2454 τὸν
2825 2401 3177 2455 ἀπόστολον
3206 2399 3308 2453 καὶ
3353 2400 3650 2471 ἀρχιερέα

2036 2492 2146 2563 τῆς
2170 2494 2493 2564 ὁμολογίας
2551 2492 2721 2562 ἡμῶν
2762 2491 3039 2560 Ἰησοῦν,
3094 2491 3318 2547 πιστόν
3365 2492 3522 2546 ὄντα
3561 2491 3645 2558 τῷ

2038 2586 2359 2653 ποιήσαντι
2380 2587 2587 2641 αὐτόν·
2643 2586 2718 2659 μὴ
2773 2586 2935 2658 δόξῃς
2978 2586 3191 2659 ποίημα
3232 2582 3495 2641 εἷναιτὺν
3543 2584 3647 2642 ἀπ’

2038 2679 2215 2749 ἀρχῆς
2242 2678 2379 2750 πρὸς
2418 2677 2509 2732 τὸν
2547 2678 2768 2750 Πατέρα
2826 2678 2959 2731 Θεὸν
2991 2679 3186 2748 Λόγον.
3246 2678 3322 2732 Οὐ
3388 2677 3507 2751 γὰρ
3539 2677 3644 2750 τὴν

2039 2772 2273 2846 ἀόρατον
2300 2770 2537 2843 θεότητα
2585 2771 2735 2840 λέγει
2791 2772 3106 2834 κατανοεῖν·
3134 2769 3273 2824 ἀλλά
3295 2770 3390 2856 τον
3422 2771 3634 2843 Κυρια-

2041 2863 2135 2918 κὺν
2161 2862 2469 2936 ἄνθρωπον,
2491 2862 2550 2916 δν
2571 2858 2724 2916 εἶπεν
2749 2863 2779 2915 6
2830 2860 3045 2925 Παῦλος
3089 2861 3317 2933 μεσίτην
3346 2859 3489 2915 θεοῦ
3544 2861 3641 2915 καὶ

2039 2954 2345 3025 ἀνθρώπων
2370 2994 2385 3019 ,
2446 2954 2762 3022 ἄνθρωπον
2833 2952 3093 3021 Χριστὸν
3171 2952 3451 3021 Ἰησοῦν,
3530 2952 3651 3006 τὸςΤ

2041 3046 2225 3101 δόντα
2256 3045 2474 3101 ἑαυτὸν
2504 3047 2867 3114 ἀντίλυτρον
2915 3043 3068 3114 ὑπὲρ
3124 3045 3315 3116 ἡμῶν.
3370 3047 3467 3101 Ὃν
3516 3043 3640 3102 εἶπε

2045 3143 2329 3195 κατανοεῖν
2364 3139 2594 3211 Ἰησοῦν,
2616 3138 2837 3193 πιστὸν
2867 3139 3013 3195 ὄντα
3052 3137 3132 3205 τῷ
3175 3139 3503 3207 ποιήσαντι
3532 3143 3645 3196 αὐ-

2045 3234 2183 3287 τόν·
2215 3231 2290 3296 ὥς
2328 3248 2496 3303 φησιν
2534 3233 2563 3286 6
2609 3231 2850 3305 Κύριος·
2915 3231 3341 3298 Κατανοήσατε
3363 3232 3511 3299 τοὺς
3540 3234 3646 3289 κό-

2041 3339 2253 3392 ρακας,
2289 3322 2417 3389 πῶς
2442 3325 2514 3377 οὐ
2543 3314 2888 3393 σπείρουσι,
2912 3323 3010 3378 καὶ
3051 3325 3123 3378 τὰ
3153 3321 3297 3395 ἑξῆς·
3328 3323 3425 3378 καὶ
3454 3324 3637 3381 πάλιν·
3671 3356 3674 3359 λ

2047 3412 2481 3483 Κατανοήσατε
2502 3414 2576 3469 τὰ
2602 3416 2780 3485 κρίνα
2795 3416 2902 3470 τοῦ
2924 3414 3111 3486 ἀγροῦ
3133 3414 3259 3481 πῶς
3275 3414 3646 3482 αὐξάνουσιν.⁴

2048 3505 2130 3559 Tit
2151 3500 2243 3560 οὖν
2272 3507 2571 3578 φαινόμενα
2600 3507 2753 3577 λέγει
2792 3511 3101 3580 κατανοεῖν,
3126 3509 3220 3563 καὶ
3252 3509 3352 3562 οὐκ
3371 3507 3639 3577 ἀγγέλους

2048 3596 2082 3667 ἢ
2106 3597 2302 3670 ἐτέρας
2327 3597 2536 3665 κτίσεις
2561 3600 2848 3672 ἁοράτους.
2868 3600 2987 3654 Κᾶν
3015 3600 3126 3672 γὰρ
3152 3599 3287 3675 λέγῃ
3313 3599 3643 3672 Ἀμϐακοὺμ

2049 3691 2077 3743 6
2095 3693 2402 3764 προφήτης·
2433 3693 2785 3760 Κατενόησα
2806 3692 2878 3747 τὰ
2899 3691 3046 3762 ἔργα
3067 3708 3206 3758 σου,
3230 3690 3331 3746 καὶ
3357 3689 3633 3761 ἐξέστην·

2051 3783 2211 3855 ἔργα,
2235 3784 2408 3853 λέγει,
2429 3785 2761 3855 κατενόησα,
2795 3767 2892 3837 καὶ
2924 3785 2987 3838 οῦ
3027 3784 3119 3838 τὸν
3149 3783 3259 3838 τῶν
3283 3782 3460 3854 ἔργων
3482 3802 3639 3856 ποιη-

2049 3879 2169 3949 τήν.
2224 3878 2336 3930 Καὶ
2374 3878 2403 3930 6
2442 3876 2763 3940 ’Δπόστολος
2811 3876 2873 3930 τὸ
2919 3878 3244 3949 φαινόμενον
3287 3873 3382 3929 τοῦ
3434 3876 3636 3948 Κυρίου

2055 3970 2216 4040 σῶμα
2264 3968 2413 4039 λέγει
2452 3971 2759 4033 κατανοεῖν,
2812 3970 2874 4022 οὐ
2920 3968 3022 4040 τὴν
3076 3970 3311 4042 ἀόρατον
3340 3969 3433 4023 τοῦ
3466 3969 3637 4039 Λόγου

2053 4061 2301 4131 θεότητα·
2360 4059 2510 4114 Θεὸν
2564 4060 2671 4130 γὰρ
2701 4060 2903 4125 οὐδεὶς
2948 4058 3171 4129 ἑώρακε
3220 4059 3474 4126 πώποτε,
3501 4061 3635 4115 οὔτε

2055 4151 2205 4206 ἰδεῖν
2230 4151 2501 4205 δύναται·
2523 4152 2726 4222 καίπερ
2749 4150 2881 4215 Θεὸς
2902 4146 2971 4222 ἦν
2998 4153 3026 4204 6
3051 4151 3225 4219 Λόγος
3251 4151 3345 4204 καὶ
3374 4150 3538 4215 ἔστιν,
3560 4149 3632 4217 ὥς

2056 4259 2222 4313 φησιν
2271 4243 2300 4296 6
2353 4240 2604 4310 οεολόγος
2647 4241 2923 4312 Ἰωάννης.
2980 4243 3080 4296 ’ον
3124 4241 3304 4296 τοίνυν
3360 4244 3630 4297 κατανοεῖν

2054 4335 2327 4406 ἀκούομεν
2385 4335 2672 4406 ἄνθρωπον
2725 4334 2963 4406 Χριστὸν
3011 4334 3243 4406 Ἰησοῦν,
3300 4335 3360 4400 ὃς
3416 4336 3633 4390 δέδωκεν

371 4426 604 4479 randum
636 4425 952 4483 inducimur
992 4428 1273 4485 hominem
1302 4429 1584 4487 Christum
1618 4432 1826 4498 Jesum,
1857 4435 1943 4505 qui

2074 4429 2248 4483 ἐαυτὸν
2280 4427 2594 4499 ἀντίλυτρον
2624 4427 2768 4499 ὑπὲρ
2800 4425 2980 4501 ἡμῶν,
3034 4427 3094 4481 ὃν
3149 4426 3299 4496 λέγει
3347 4428 3627 4484 ἀπόστολον

371 4517 523 4573 dedit
552 4520 907 4589 semetipsum
959 4521 1387 4591 redemptionem
1439 4539 1539 4595 pro
1565 4525 1724 4581 nobis
1743 4567 1758 4594 ,
1788 4542 1952 4597 quem

372 4613 450 4666 ait
471 4613 780 4682 apostolum
817 4626 871 4670 et
899 4616 1219 4684 pontiﬁcem
1253 4617 1578 4688 lidelemque
1616 4634 1775 4687 esse;
1804 4636 1954 4688 eum,

373 4702 624 4772 inquam,
650 4712 926 4774 quatenus
955 4722 1046 4762 res
1069 4714 1248 4761 creata
1279 4715 1386 4771 est,
1409 4707 1758 4764 considerare
1780 4709 1955 4779 jubet.

372 4792 568 4849 Omnia
601 4796 785 4866 itaque
813 4806 995 4852 creata
1019 4807 1147 4869 sunt
1175 4816 1191 4865 ;
1225 4799 1319 4854 sed
1356 4796 1451 4854 Dei
1478 4798 1714 4855 Verbum
1747 4816 1854 4855 non
1877 4811 1960 4857 est

374 4896 641 4955 creatum,
671 4897 857 4959 utpote
888 4888 982 4945 Dei
1009 4888 1206 4957 Filius,
1250 4892 1343 4947 sed
1379 4892 1620 4962 genitum
1655 4893 1956 4948 secundum

375 4987 672 5034 naturam:
714 4982 969 5038 universa
1008 4983 1154 5038 enim
1186 4997 1285 5054 per
1313 4981 1551 5039 Verbum
1597 4982 1756 5039 Pater
1806 5000 1960 5040 crea-

377 5072 477 5137 vit,
503 5073 963 5141 quemadmodum
988 5074 1194 5131 Paulus
1220 5075 1334 5129 ait:
1364 5073 1429 5129 In
1454 5092 1555 5146 quo
1574 5076 1753 5130 omnia
1777 5086 1957 5130 creata

378 5174 502 5219 sunt
528 5164 577 5195 '°
603 5182 619 5231 ;
647 5172 702 5220 et
731 5164 1045 5222 ulloannes
1066 5168 1232 5223 dicit:
1271 5166 1467 5223 Omnia
1494 5184 1600 5237 per.
1615 5169 1785 5237 ipsum
1814 5168 1959 5237 facta

377 5270 524 5323 sunt,
558 5267 609 5313 et
645 5259 759 5313 sine
790 5261 905 5329 ipso
953 5261 1157 5330 factum
1183 5270 1261 5317 est
1297 5259 1519 5314 nihil“.
1550 5258 1730 5330 Ipsum
1778 5268 1958 5314 autem

386 5349 622 5407 Verbum
670 5352 990 5421 neutiquam
1037 5360 1187 5406 creat
1240 5350 1425 5416 Deus,
1463 5349 1560 5405 sed
1610 5348 1814 5421 gignit:
1865 5364 1962 5420 per

385 5446 565 5515 ipsum
586 5460 824 5515 namque
840 5442 1080 5500 Verbum
1105 5442 1250 5499 facta
1275 5442 1459 5499 omnia
1481 5451 1775 5514 creataque
1797 5450 1957 5509 sunt;

454 5601 501 5633 ⁸ο
525 5599 632 5655 lsa.
668 5616 788 5664 ιιιι,
827 5599 879 5655 ’1.
985 5601 1027 5632 ⁸³
1064 5599 1082 5653 1
1126 5599 1270 5655 Tim.
1301 5616 1361 5663 ιι,
1394 5600 1449 5655 5.

1573 5600 1618 5632 ⁸³
1642 5597 1662 5652 i
1689 5599 1813 5655 Cor.
1847 5613 1939 5665 xv,
1967 5596 2058 5651 22.

2058 4522 2153 4577 καὶ
2179 4521 2441 4595 ἀρχιερέα
2472 4520 2664 4574 πιστὸν
2718 4519 2871 4584 ὄντα,
2931 4519 2995 4573 τὸ
3045 4520 3259 4590 ποίημα
3306 4523 3444 4575 νοεῖν
3469 4521 3624 4589 λέγει.

2062 4611 2241 4665 Πάντα
2271 4606 2364 4663 οὖν
2395 4607 2746 4681 ἐκτίσθησαν·
2792 4607 3000 4677 κτίσμα
3039 4606 3098 4660 δὲ
3138 4608 3240 4660 οὐκ
3288 4604 3433 4660 ἕστιι
3471 4607 3498 4659 6
3536 4605 3623 4660 τοῦ

2058 4703 2197 4757 Θεοῦ
2224 4701 2417 4771 Λόγος,
2436 4703 2496 4766 ὃς
2518 4703 2664 4754 ἐστιν
2686 4698 2836 4764 Υἱὸς,
2862 4698 3000 4753 ἀλλά
3026 4699 3274 4770 γέννημα
3299 4697 3436 4752 κατὰ
3458 4698 3619 4769 φύσιν·

2058 4794 2128 4850 τά
2151 4794 2261 4867 γὰρ
2291 4795 2465 4849 πάντα
2519 4795 2547 4847 ὁ
2591 4792 2783 4863 Πατὴρ
2811 4791 2901 4846 διὰ
2957 4789 3054 4845 τοῦ
3081 4790 3257 4861 Λόγου
3313 4790 3533 4858 ἔκτισεν,
3554 4790 3622 4856 ὥς

2063 4905 2228 4959 φησιν
2261 4889 2289 4941 6
2318 4886 2548 4951 Παῦλος·
2587 4888 2690 4940 Ἐν
2717 4877 2765 4952 ᾧ
2801 4884 2874 4939 τὰ
2902 4884 3101 4940 πάντα
3136 4885 3512 4952 ἐκτίσθησαν·
3539 4886 3621 4940 καὶ

2061 4979 2137 5045 ὡς
2159 4981 2187 5034 ὁ
2222 4979 2475 5050 Ἰωάννης
2501 4976 2668 5046 λέγει·
2702 4975 2908 5031 Πάντα
2933 4976 3008 5030 δι’
3042 4974 3230 5029 αὐτοῦ
3255 4973 3502 5043 ἐγένετο,
3533 4974 3619 5029 καί

2064 5073 2245 5144 χωρὶς
2274 5071 2460 5126 αὑτοῦ
2488 5071 2727 5141 ἐγένετο
2763 5068 2966 5124 οὐδέν.
3002 5068 3178 5123 Λῦτὸν
3235 5067 3293 5120 δὲ
3340 5067 3427 5121 τὸν
3468 5067 3619 5136 Λόγον

2063 5164 2123 5217 οῦ
2167 5161 2362 5228 κτίζει,
2386 5160 2523 5215 ἀλλά
2553 5162 2760 5231 γεννᾷὸ
2789 5160 2942 5224 93.6;-
2975 5159 3042 5213 δι’
3070 5159 3237 5213 αὑτοῦ
3284 5157 3391 5231 γὰρ
3418 5157 3501 5213 τοῦ
3528 5159 3616 5213 Λό-

2064 5270 2162 5323 γου
2188 5253 2366 5308 πάντα
2386 5254 2603 5323 ἐγένετο
2628 5254 2721 5307 καὶ
2749 5253 2997 5324 ἐκτίσθη·
3017 5252 3119 5305 οῦκ
3140 5252 3304 5316 αὐτὸς
3330 5250 3385 5304 δὲ
3408 5250 3612 5320 ἐγένετο,

2066 5342 2183 5398 ἀλλ’
2215 5343 2382 5415 ὅνπερ
2399 5342 2465 5394 δι’
2494 5343 2645 5414 ἡμᾶς
2663 5341 2925 5413 ἐφόρεσεν
2953 5340 3242 5413 ἄνθρωπον
3274 5338 3515 5409 γεγονότα
3534 5338 3614 5394 καὶ

2068 5435 2354 5490 κτισθέντα
2381 5435 2636 5507 δηλοῦσιν
2657 5437 2713 5490 αἱ
2732 5434 2967 5506 Γραφαί.

2172 5595 2219 5627 ⁸³
2240 5594 2373 5649 ibid.
2417 5594 2504 5651 47.
2619 5593 2664 5625 ³⁸
2689 5592 2853 5648 Hebr.
2888 5608 2971 5653 ιιι,
3004 5591 3060 5645 2.
3168 5592 3213 5623 ⁸⁸
3256 5591 3381 5647 Luc.
3416 5606 3498 5655 ιιι,
3531 5587 3610 5645 24.

378 5671 432 5703 ³⁸
456 5672 585 5726 ibid.
628 5670 718 5725 27.
777 5660 1070 5727 ’"Habac.
1103 5686 1184 5739 tu,
1245 5671 1297 5724 i.
1351 5660 1462 5722 ’⁸⁸1
1501 5668 1657 5727 Joan.
1702 5686 1776 5735 ιγ,
1813 5660 1934 5723 12(

2076 5682 2200 5725 oan.
2253 5681 2293 5733 ι,
2330 5667 2381 5721 l.
2454 5666 2502 5699 "
2524 5664 2639 5724 Col.
2675 5679 2727 5733 ι,
2765 5662 2851 5721 16.
2928 5660 3151 5719 “Joan.
3183 5677 3223 5730 ι,
3267 5663 3320 5717 3.
