3794 6226
114 303 236 359 1281

1336 296 1572 352 SERMO
1606 297 1832 354 M‘AJOR
1873 298 1964 352 DE
2003 297 2179 352 FIDE.

3255 303 3277 355 Ι
3288 301 3395 355 282

110 437 276 493 neque
305 431 498 477 tamen
532 421 711 492 ipsum
740 419 944 475 factum
977 429 1080 476 est.
1112 419 1220 475 Sed
1264 419 1318 474 in
1356 435 1521 490 supra
1558 421 1758 476 notatis
1802 421 2092 476 sententiis
2126 421 2406 476 hominem
2461 435 2623 491 quem
2682 435 2782 491 pro
2829 419 2986 476 nobis
3025 417 3271 489 gestauit,
3317 420 3396 473 ia-

111 528 248 575 ctum
301 513 519 569 scilicet
564 521 726 582 atque
766 520 1009 566 creatum
1063 511 1374 582 intelligunt
1419 511 1835 583 signiﬁcantque
1865 512 2179 582 Scripturie.

178 607 264 662 27.
300 604 442 676 Φησὶ
479 603 595 676 γὰρ
637 605 666 657 6
719 601 944 672 Κύριος·
984 599 1118 658 Πᾶν
1161 601 1367 673 κλῆμα
1413 602 1604 672 μένον
1631 602 1696 655 ἐν

1887 603 2093 674 [035
2125 603 2215 656 27.
2247 604 2339 659 Ait
2383 605 2586 675 quippe
2629 604 2914 669 Dominus,
2961 603 3149 660 Omnis
3191 606 3392 676 palmes

111 697 488 771 ἑμοὶκαρπὸν
507 695 709 766 φέρει·
764 697 860 750 καὶ
905 698 964 749 ὲν
1009 695 1088 767 τῷ
1137 695 1397 767 ὲφόρεσεν
1429 693 1704 767 ἀνθρώπῳ

112 794 171 846 ἐκ
203 789 292 844 τοῦ
326 786 608 860 γηγενοῦς
647 786 838 858 Ἀδάμ,
874 788 1201 860 ζωοποιήσει
1232 787 1294 840 τὸ
1323 790 1386 840 ὲκ
1407 786 1502 840 τοῦ
1533 786 1704 857 Ἀδὰμ

113 882 275 949 γένος,
289 878 661 943 θανατωθεὶς
681 878 882 946 σαρκὶ,
901 877 1275 946 ζωοποιηθεὶς
1297 878 1365 930 δὲ
1381 879 1700 948 Πνεύματι,

114 978 181 1042 ὡς
209 977 237 1030 6
266 975 481 1045 Πέτρος
515 972 738 1042 γράφει·
775 972 857 1025 ὅτι
908 971 1071 1041 σαρκὶ
1123 969 1505 1025 θανατωθέντα
1539 971 1704 1024 αὑτὸν

114 1071 243 1142 ὑπὲρ
263 1068 424 1140 ἡμῶν
464 1066 639 1136 λέγει,
666 1067 763 1120 καὶ
795 1067 854 1119 οὐ
892 1069 958 1137 τῇ
996 1066 1252 1138 ἀθανάτῳ
1302 1066 1555 1136 ζωοποιῷ
1583 1067 1704 1120 θεό-

112 1180 241 1233 τητι.
276 1161 416 1231 Φησὶ
445 1160 561 1232 γάρ
589 1161 618 1213 6
644 1158 866 1231 Κύριος·
906 1157 1054 1228 Ἐγώ
1077 1161 1194 1229 εἰμι
1232 1160 1270 1228 ἡ
1303 1157 1437 1226 ζωή.
1480 1159 1543 1212 Ἡ
1569 1159 1701 1228 γοῦν

115 1255 216 1323 ζωὴ
228 1253 346 1306 οὐδὲ
361 1251 725 1323 ἀποθνήσκει,
739 1252 867 1315 τοὺς
884 1253 1109 1322 νεκροὺς
1129 1252 1186 1305 δὲ
1205 1251 1404 1323 μᾶλλον
1427 1253 1698 1316 ζωοποιεῖ.

124 1345 201 1407 Ὠς
220 1342 328 1414 γὰρ
361 1342 423 1394 τὸ
476 1342 598 1410 φῶς
643 1341 704 1393 οὐ
757 1340 1053 1412 βλάπτεται
1111 1343 1169 1394 ὲν
1217 1340 1478 1410 σκοτεινῷ
1527 1340 1697 1411 τόπῳ,

115 1432 288 1503 obesi)
345 1431 464 1503 ζωὴ
514 1429 710 1485 παθεῖν
761 1449 814 1484 τι
867 1431 1094 1485 δύναται
1145 1430 1562 1503 ὲπισκεψαμένη
1601 1433 1701 1502 τὴν

116 1525 299 1596 θνητὴν
330 1524 520 1594 φύσιν·
551 1523 822 1595 ἄτρεπτος
867 1524 978 1594 γὰρ
1019 1524 1113 1578 καὶ
1146 1524 1503 1587 ἀναλλοίωτος
1532 1527 1565 1595 ἡ
1605 1523 1698 1577 τοῦ

117 1616 278 1684 Λόγου
305 1613 528 1686 θεότης.

178 1709 264 1763 28.
315 1709 412 1774 Τίς
441 1707 579 1778 γὰρ,
623 1705 805 1778 φησὶν,
842 1703 996 1774 ἔγνω
1039 1707 1192 1761 νοῦν
1229 1706 1496 1774 Κυρίου;
1530 1706 1570 1774 ἣ
1604 1705 1699 1772 τίς

117 1802 449 1871 σύμϐουλος
486 1799 680 1854 αὐτοῦ
703 1799 963 1869 ἐγένετο,
992 1799 1059 1866 ὃς
1091 1799 1449 1870 συμϐιϐάσει
1477 1801 1699 1864 αὑτόν;

119 1891 279 1953 Μόνος
309 1892 337 1944 6
373 1891 508 1953 Υἱὸς
542 1889 845 1962 σύμϐουλός
893 1893 1011 1943 ἐστι
1053 1889 1149 1943 τοῦ
1183 1891 1417 1963 Πατρὸς,
1476 1891 1568 1945 καὶ
1607 1891 1698 1944 τὸν

120 1980 232 2035 νς-ὖν
262 1980 425 2035 αὐτοῦ
477 1981 657 2051 ἔγνω,
707 1982 736 2034 6
777 1980 951 2050 λέγων
985 1996 998 2010 ·
1059 1981 1267 2048 Οὐδεὶς
1320 1982 1701 2053 ἐπιγινώσκει

120 2071 215 2125 τὸν
239 2070 476 2141 Πατέρα
531 2073 588 2126 ει
613 2070 702 2141 μὴ
742 2074 776 2126 ό
832 2072 1000 2138 Υἱὸς,
1041 2071 1280 2126 καὶτὸν
1333 2072 1472 2127 Υἱόν
1503 2073 1703 2140 οὐδεὶς

121 2164 484 2236 ἐπιγινώσκει
527 2168 584 2219 εί
607 2165 694 2236 μὴ
727 2169 760 2220 ό
790 2165 1018 2235 Πατὴρ,
1076 2166 1174 2220 καὶ
1226 2159 1276 2233 ᾧ
1313 2167 1423 2221 ἐὰν
1477 2171 1512 2223 ό
1569 2169 1703 2234 Υἱὸς

123 2256 501 2327 ἀποκαλύψῃ.
538 2258 704 2326 Λέγει
735 2257 913 2311 τοίνυν
946 2258 974 2310 ὁ
1020 2257 1277 2330 Ἰωάννης
1309 2259 1439 2331 περὶ
1470 2259 1564 2313 τοῦ
1589 2262 1702 2314 Κυ-

128 2347 263 2418 ρίου·
322 2349 514 2403 Ὅταν
557 2348 914 2419 φανερωθῇ,
950 2349 1141 2420 ὅμοιοι
1189 2351 1350 2418 αὐτῷ
1394 2353 1653 2423 ἐσόμεθα
1682 2395 1698 2420 ,

126 2441 209 2494 καὶ
243 2442 512 2511 ὀψόμεθα
545 2445 756 2506 αὐτὸν,
793 2443 987 2510 καθώς
1035 2445 1209 2498 ἐστιν
1249 2446 1380 2518 (60).
1417 2448 1580 2518 Ὅρα,
1618 2448 1702 2502 ὅτι

125 2531 216 2597 lto;
241 2533 330 2588 τοῦ
368 2533 465 2589 νῦν
495 2535 674 2598 οὐδεὶς
697 2533 805 2588 εἶδε
832 2536 923 2588 τὸν
953 2535 1079 2590 Υἰὸν
1107 2535 1202 2588 τοῦ
1231 2536 1366 2590 Θεοῦ
1413 2537 1698 2604 ὦς·ὲστιν,

127 2624 268 2696 ἄχρις
309 2621 372 2680 οὗ
407 2627 727 2700 φανερῶσαι
789 2626 952 2682 αὑτὸν
1017 2628 1183 2699 ἡμῖν·
1223 2627 1316 2681 τὸν
1355 2627 1413 2681 δὲ
1471 2629 1700 2700 ὲφόρεσε

126 2715 182 2769 δι’
201 2720 340 2789 ἡμᾶς
367 2719 659 2791 ἄνθρωπον
682 2719 894 2790 εἴδομεν
913 2736 924 2748 ·
956 2718 1015 2774 ὃν
1037 2716 1188 2773 εἶπεν
1211 2721 1240 2774 6
1256 2718 1486 2784 Παῦλος·
1507 2724 1700 2774 Κατα-

128 2807 370 2876 νοήσατε
412 2810 522 2864 τὸν
565 2811 916 2865 ἀπόστολον
955 2809 1056 2864 καὶ
1087 2809 1366 2879 ἀρχιερέα
1402 2809 1514 2878 τῆς
1561 2813 1700 2879 ὁμο-

127 2901 318 2969 λογίας
343 2901 516 2972 ἡμῶν
559 2902 762 2970 Ἰησοῖ
768 2919 825 2967 ν,
853 2903 1075 2956 πιστὸν
1097 2902 1243 2955 ὄντα
1269 2900 1348 2968 τῷ
1375 2901 1701 2968 ποιήσαντι

128 2992 311 3048 αὐτόν.
353 2996 452 3048 Ὃν
486 2995 584 3049 καὶ
617 2995 887 3065 Στέφανος
917 2995 1102 3064 λέγει·
1163 2993 1368 3063 Θεωρῶ
1418 2995 1522 3048 τὸν
1565 2994 1702 3048 Υἱὸν

129 3080 222 3135 τοῦ
262 3083 579 3152 ἀνθρώπου
617 3084 717 3138 ἐπὶ
761 3082 978 3149 δεξιῶν
1001 3082 1232 3138 ἑστῶτα
1257 3082 1369 3152 τῆς
1392 3083 1701 3154 δυνάμεως

131 3173 223 3226 τοῦ
257 3176 420 3230 Θεοῦ.
453 3177 574 3229 Οὐκ
617 3173 738 3228 εἷπε
781 3175 872 3229 τὸν
911 3175 1086 3244 Λόγον
1137 3175 1170 3247 ἢ
1220 3173 1318 3246 τὴν
1364 3173 1564 3244 Σοφίαν
1603 3173 1698 3228 τοῦ

131 3259 318 3333 Πατρὸς
348 3265 678 3337 ἑωρακέναι,
713 3264 852 3318 ἀλλὰ
888 3265 980 3318 τὸν
1009 3265 1137 3318 Υίδν
1163 3263 1259 3318 τοῦ
1295 3264 1609 3336 ἀνθρώπου,
1635 3265 1698 3319 τὸ

1807 693 1861 746 in
1892 709 1974 746 me
2000 710 2216 747 manens
2253 695 2355 764 {ert
2397 696 2634 765 fructum
2656 697 2742 750 9’:
2780 704 2837 750 et
2878 698 2932 749 in
2969 697 3192 752 homine
3229 713 3393 767 quem

1807 783 2036 853 gestavit
2086 799 2153 838 ex
2205 786 2473 854 terrigena
2539 787 2792 850 Adamo,
2859 786 3158 842 viviﬁcabit
3212 787 3392 857 ipsum

1805 873 2000 927 Λύκτιιί
2051 890 2244 943 genus,
2291 877 2644 947 morti/icatus
2681 895 2869 945 carne,
2919 880 3220 949 viriﬁcatus
3263 879 3386 950 Spi-

1807 964 1914 1016 ritu
1938 963 2006 1026 ³³,
2041 973 2097 1017 ut
2130 966 2320 1019 scribit
2346 965 2540 1022 Petrus
2569 985 2584 1034 ;
2625 969 2753 1037 quia
2797 971 3004 1026 scilicet
3038 981 3172 1025 tunc
3208 971 3392 1040 ipsum

1805 1069 1970 1109 carne
1993 1071 2091 1124 pro
2119 1057 2298 1121 nobis,
2327 1073 2502 1127 neque
2544 1067 2724 1114 tamen
2761 1061 3055 1115 immortali
3085 1077 3148 1117 ac
3176 1062 3390 1116 vivdlca

1803 1145 2024 1213 deitate,
2060 1148 2302 1202 occisum
2345 1149 2638 1219 signiﬁcat.
2687 1152 2778 1206 Ait
2826 1154 3028 1223 quippe
3076 1152 3388 1211 Dominus:

1807 1237 1919 1310 Ego
1941 1257 2056 1293 sum
2080 1241 2190 1294 vita
2216 1242 2358 1296 ’νδ-³⁸.
2381 1241 2501 1297 Vita
2521 1253 2667 1298 certe
2687 1260 2797 1299 non
2821 1252 3051 1300 moritur
3075 1263 3090 1312 ;
3122 1247 3233 1302 imo
3262 1265 3393 1304 vero

1806 1342 2053 1388 mortuos
2093 1335 2342 1390 suscitat.
2381 1335 2538 1391 Sicut
2585 1337 2733 1392 enim
2770 1338 2956 1393 lumen
2989 1340 3044 1392 in
3082 1340 3206 1395 loco
3238 1351 3391 1396 tene-

1805 1424 1969 1479 broso
2011 1441 2118 1480 non
2155 1428 2410 1495 laeditur;
2465 1431 2546 1483 sic
2593 1446 2772 1501 neque
2816 1431 2922 1486 vita
2963 1433 3242 1502 quidpiam
3278 1436 3390 1498 pati

1805 1516 1946 1570 valet
1972 1533 2096 1570 cum
2136 1520 2420 1573 mortalem
2451 1523 2639 1576 visitat
2685 1533 2972 1578 naturam:
3032 1525 3393 1583 immutabilis

1801 1610 2002 1680 quippe
2033 1618 2086 1664 et
2121 1611 2460 1667 invariabilis
2491 1621 2576 1668 est
2615 1612 2779 1669 Verbi
2806 1615 3086 1670 divinitas.

1873 1699 1962 1754 28.
2001 1699 2133 1764 Quis
2169 1703 2332 1768 novit,
2368 1703 2567 1773 inquit,
2598 1721 2813 1758 sensum
2846 1706 3112 1760 Domini?
3149 1716 3244 1775 aut
3271 1707 3426 1777 quis-

1801 1792 2141 1847 consiliarius
2182 1794 2296 1864 ejus
2354 1795 2479 1865 fuit,
2515 1797 2606 1865 qui
2661 1797 2897 1851 instruat
2946 1815 3066 1852 eum
3097 1799 3188 1852 "?
3228 1799 3393 1854 Solus

1800 1882 1973 1939 Filius
2003 1886 2352 1941 consiliarius
2383 1896 2467 1941 est
2501 1887 2700 1953 Patris,
2733 1888 2894 1958 cujus
2925 1901 3162 1944 mentem
3211 1891 3388 1956 novit,

1731 1965 1772 2022 Β
1801 1975 1895 2044 qui
1925 1975 2043 2030 ait:
2089 1975 2257 2030 Nemo
2310 1978 2453 2031 novit
2500 1977 2738 2044 Patrem,
2771 1979 2875 2032 nisi
2927 1978 3141 2043 Filius;
3184 1993 3232 2033 et
3284 1980 3389 2033 Fi-

1801 2066 1932 2121 lium
1965 2084 2113 2123 nemo
2160 2077 2301 2123 novit
2337 2071 2441 2124 nisi
2472 2069 2658 2137 Pater,
2704 2082 2755 2126 et
2800 2073 2884 2125 cui
2919 2072 3096 2126 Filius
3129 2074 3390 2129 revelave-

1802 2156 1873 2208 rit
1900 2156 1968 2209 ⁸⁷.
1999 2158 2088 2210 Ait
2126 2159 2312 2228 itaque
2350 2157 2590 2214 Joannes
2622 2159 2692 2214 de
2731 2160 3005 2217 Domino:
3047 2165 3182 2219 Cum
3221 2183 3392 2236 appa-

1802 2249 1991 2312 ruerit,
2026 2249 2231 2304 similes
2286 2251 2342 2304 ei
2391 2251 2589 2307 erimus
2639 2262 2690 2306 et
2739 2255 3030 2310 videbimus
3062 2274 3184 2312 eum
3227 2261 3392 2316 sicuti

1800 2348 1877 2393 est
1909 2341 1974 2394 ³⁸.
2008 2340 2402 2398 Animadverte
2428 2345 2703 2400 neminem
2748 2346 3015 2403 hactenus
3055 2350 3258 2406 vidisse
3291 2351 3388 2407 Fi-

1801 2431 1937 2486 lium
1983 2431 2101 2498 Dei,
2143 2434 2310 2487 siculi
2337 2443 2440 2501 est,
2473 2435 2650 2490 donec
2684 2451 2744 2491 se
2791 2438 2908 2507 ipse
2955 2439 3117 2496 nobis
3154 2442 3391 2499 manife-

1803 2531 2011 2578 starct:
2043 2524 2320 2579 hominem
2353 2542 2500 2592 vero,
2554 2545 2719 2599 quem
2751 2540 2973 2600 propter
3007 2547 3110 2588 nos
3132 2535 3388 2605 gestavit,

1799 2618 2058 2674 vidimus.
2089 2618 2164 2674 De
2205 2636 2318 2690 quo
2366 2623 2442 2676 ait
2486 2621 2733 2679 Paulus:
2778 2623 3124 2681 Considerate
3172 2638 3389 2697 aposto-

1801 2709 1907 2764 luon
1939 2722 1987 2765 et
2014 2713 2320 2783 pontiﬁcem
2348 2714 2697 2784 confessionis
2735 2726 2932 2773 nostra?
2957 2716 3163 2786 Iesum,
3191 2723 3282 2790 qui
3320 2723 3392 2792 ﬁ-

1801 2799 1934 2854 delis
1985 2809 2062 2854 est
2109 2803 2159 2856 ei
2208 2803 2299 2872 qui
2347 2803 2471 2873 fecit
2519 2806 2696 2874 ipsum
2725 2807 2793 2860 9’.
2829 2807 2906 2862 De
2937 2824 3047 2878 quo
3072 2805 3388 2880 Stephanus

1801 2908 2022 2962 quoque
2047 2893 2160 2947 ait:
2187 2891 2343 2948 Video
2369 2893 2569 2948 Filium
2595 2896 2823 2952 hominis
2851 2908 3078 2958 stantem
3122 2918 3155 2954 a
3185 2901 3389 2958 dextris

1802 2986 2016 3038 uirtutis
2065 2984 2222 3040 Dei‘.
2284 2984 2404 3041 Non
2453 2988 2592 3043 dixit
2629 2987 2868 3045 Verbum
2903 3002 2998 3047 aut
3048 2991 3390 3064 Sapientiam

1801 3073 1983 3132 Patris
2007 3092 2068 3133 se
2096 3078 2325 3147 vidisse,
2355 3079 2451 3135 sed
2475 3079 2673 3136 Filium
2717 3083 2980 3150 hominis,
3033 3085 3386 3144 Dominicum

1802 3181 1871 3221 ex
1898 3167 2068 3222 Maria
2093 3184 2318 3240 corpus,
2349 3171 2415 3225 de
2458 3187 2570 3241 quo
2620 3171 2826 3227 Paulus
2855 3176 2934 3228 ait
2966 3193 2980 3229 :
3025 3175 3132 3242 Qui
3174 3181 3317 3236 sedet
3355 3197 3390 3235 ιι

1803 3258 2007 3313 dextris
2033 3257 2130 3313 Dei
2157 3262 2200 3314 ².
2244 3259 2320 3316 De
2353 3278 2466 3329 quo
2515 3277 2748 3332 corpore
2792 3264 3038 3334 loquitur
3072 3271 3391 3338 prophetica

131 3353 187 3405 ἐκ
213 3329 305 3427 τῆς
345 3329 572 3428 Μαρίας
601 3357 878 3430 Κυριακὸν
914 3357 1073 3430 σῶμα
1095 3375 1109 3388 ·
1147 3358 1176 3411 ὃ
1225 3357 1322 3412 καὶ
1372 3329 1584 3422 Ιίαῦλος
1615 3358 1696 3411 λέ-

1887 3351 1975 3405 vid
2002 3369 2067 3407 ex
2095 3367 2325 3422 persona
2357 3354 2539 3410 Patris
2569 3373 2581 3410 :
2633 3355 2770 3411 Sede
2807 3375 2838 3411 a
2869 3358 3073 3414 dextris
3107 3364 3257 3426 meis,
3291 3364 3390 3416 do-

130 3460 237 3511 γει·
273 3449 365 3516 Ὃς
406 3449 695 3504 ἐκάθισεν
735 3451 805 3504 ἐκ
847 3449 1066 3514 δεξιῶν
1113 3448 1218 3503 τοῦ
1269 3449 1438 3504 Θεοῦ.
1473 3449 1608 3522 Περὶ
1638 3443 1699 3504 οὗ

135 3535 368 3610 σώματος
399 3545 427 3596 6
455 3542 625 3598 Δαυῖδ
667 3535 847 3614 φησιν
880 3544 946 3597 ὲκ
1002 3542 1297 3616 προσώπου
1343 3542 1438 3596 τοῦ
1485 3541 1700 3615 Πατρὸς

133 3637 461 3704 προφητικῶς
484 3654 499 3668 ·
539 3634 738 3690 Κάθου
769 3636 838 3690 ἐκ
871 3634 1088 3700 δεξιῶν
1126 3653 1248 3706 μου
1281 3676 1297 3702 ,
1347 3635 1460 3702 ἕως
1505 3635 1583 3690 ἂν
1616 3634 1700 3691 θῶ

134 3722 257 3791 τοὺς
280 3726 534 3798 ἐχθρούς
574 3746 692 3784 σου
740 3729 1076 3805 ὑποπόδιον
1121 3728 1241 3782 τῶν
1292 3727 1493 3783 ποδῶν
1536 3743 1653 3782 σου
1680 3744 1694 3759 ·

135 3812 215 3878 οὒς
239 3822 641 3890 προεγίνωσκεν
669 3820 901 3894 ἐχθροὺς
941 3821 1235 3892 ἐσομένους
1267 3863 1283 3888 ,
1327 3820 1420 3875 τὸν
1453 3819 1699 3874 διάϐολον

137 3906 218 3959 καὶ
241 3909 331 3974 τὰς
355 3898 724 3986 συνεργούσας
755 3912 904 3985 αὐτῷ
938 3912 1323 3984 ἀντικειμένας
1364 3911 1646 3984 ἐνεργείας
1679 3951 1696 3978 ,

137 3996 316 4064 αἵτινες
346 4004 608 4076 ήχθρευον
635 4003 713 4074 τῷ
747 4003 1010 4076 Κυριακῷ
1040 4002 1314 4075 ἀνθρώπῳ
1332 4043 1348 4068 ,
1400 4001 1700 4072 γινώσκου-

138 4101 213 4141 cat
250 4091 331 4146 διὰ
370 4095 462 4149 τοῦ
512 4095 742 4150 θανάτου
779 4094 946 4150 αὑτοῦ
981 4095 1438 4167 καταργουμένας
1474 4093 1695 4160 ἑαυτάς,

137 4181 315 4237 καὶτὸν
343 4187 403 4240 τὺ
424 4187 630 4260 κράτος
669 4187 862 4259 ἔχοντα
894 4185 989 4240 τοῦ
1029 4187 1260 4240 θανάτου
1300 4187 1392 4240 τὸν
1425 4184 1694 4252 διάϐολον,

138 4275 355 4344 καὶτοὺς
385 4282 787 4355 ὲχθρεύσαντας
817 4281 968 4352 αὑτῷ
1007 4281 1300 4346 Ἰουδαίους
1322 4321 1338 4346 ,
1380 4283 1462 4345 είς
1509 4280 1604 4348 οὒς
1635 4281 1698 4334 τὸ

136 4374 495 4444 γεγραμμένον
546 4375 848 4447 πληροῦται
892 4391 907 4405 ·
953 4374 1084 4428 Ὅτι
1124 4373 1432 4445 ἐμίσησαν
1466 4391 1542 4444 με
1572 4373 1698 4444 ,δω-

132 4459 279 4522 ρεάν.
323 4466 458 4522 Ἀνθ’
490 4462 566 4522 ὧν
591 4467 660 4522 τὰ
689 4469 828 4539 πρὸς
868 4467 1140 4538 ὠφέλειαν
1173 4467 1548 4538 διδασκόμενοι
1587 4483 1696 4538 μα-

139 4553 315 4618 στίζειν
365 4563 458 4616 καὶ
513 4560 781 4634 σταυροῦν
810 4560 1074 4633 ἐτόλμων,
1128 4561 1478 4632 Σαμαρείτην
1526 4560 1694 4614 αὑτὸν

1801 3459 1894 3497 nec
1917 3459 2110 3514 ponam
2137 3445 2378 3500 inimicos
2419 3455 2536 3501 tuos
2570 3449 2860 3503 scabellum
2882 3450 3075 3520 pedum
3100 3461 3312 3507 tuorum
3341 3455 3386 3520 ³;

1799 3534 2052 3591 videlicet
2089 3551 2230 3606 quos
2263 3539 2542 3607 praescivit
2595 3539 2714 3596 fore
2769 3542 3049 3610 inimicos,
3103 3544 3388 3623 diabolum

1799 3635 1855 3682 et
1919 3627 2265 3686 adversarias
2315 3631 2393 3686 illi
2453 3633 2814 3691 administras
2873 3645 3212 3707 potestates;
3263 3655 3389 3709 quae

1799 3719 2090 3780 Dominieo
2120 3723 2329 3779 homini
2363 3723 2579 3781 infestae
2617 3736 2796 3792 erant,
2834 3730 2964 3799 quia
3009 3745 3122 3785 non
3171 3732 3388 3787 nescie-

1799 3815 1932 3870 ba‘nt
1959 3817 2211 3890 abrogari
2251 3833 2310 3874 se
2339 3834 2438 3889 per
2475 3830 2705 3877 mortem
2750 3822 2948 3892 ipsius,
2994 3839 3207 3881 necnon
3255 3843 3383 3881 eum

1799 3907 1894 3978 qui
1921 3909 2209 3979 imperium
2250 3911 2444 3968 mortis
2476 3912 2710 3968 habebat
2756 3915 3056 3981 diabolum,
3087 3926 3251 3988 atque
3291 3915 3388 3975 Ju-

1799 4001 1948 4056 dznos
1981 4001 2102 4072 ejus
2135 4001 2414 4068 inimicos,
2447 4005 2502 4059 in
2538 4005 2737 4075 quibus
2763 4007 3024 4077 impletur
3059 4010 3210 4080 quod
3246 4013 3388 4067 scri-

1800 4104 1952 4164 ptum
1994 4105 2078 4150 est
2110 4112 2126 4151 :
2169 4095 2310 4162 Quia
2341 4098 2463 4153 odio
2488 4098 2783 4153 [rubuerunt
2823 4117 2904 4156 me
2948 4103 3117 4172 gratis
3143 4103 3185 4156 ⁸.
3247 4102 3387 4160 Nam

1798 4201 1923 4242 cum
1961 4189 2030 4243 ab
2075 4204 2140 4244 eo
2195 4199 2463 4260 praecepta
2515 4190 2876 4247 edocerentur
2927 4194 3033 4249 sibi
3080 4197 3336 4264 perutilia
3369 4238 3385 4262 ,

1798 4279 1987 4351 ﬂagris
2019 4282 2200 4353 ipsum
2247 4283 2457 4338 caedere
2502 4292 2557 4339 ct
2589 4285 2740 4339 cruci
2788 4285 3007 4358 adigere
3063 4289 3185 4344 ausi
3233 4301 3385 4358 sunt,

1801 4373 2210 4430 Samaritanum
2234 4418 2248 4442 ,
2286 4377 2620 4432 daemonium
2670 4379 2963 4434 habentem
2996 4382 3040 4447 ⁵,
3073 4381 3388 4438 hominem-

1797 4481 1905 4537 que
1934 4475 2274 4536 peccatorem
2311 4468 2646 4536 dictitantes,
2688 4471 2945 4539 quamvis
2985 4472 3054 4527 ab
3089 4487 3155 4529 eo
3191 4488 3388 4544 pecca-

1800 4567 1914 4612 mm
1945 4559 2370 4615 condemnatum
2406 4559 2621 4616 fuisset.
2665 4561 2740 4618 De
2779 4579 2890 4633 quo
2925 4564 3193 4633 scriptum
3249 4575 3334 4621 est
3366 4587 3381 4622 :

138 4646 220 4698 καὶ
238 4647 669 4725 δαιμονιζόμενον
704 4653 798 4706 καὶ
825 4652 1110 4724 ἄνθρωπον
1141 4653 1465 4724 ἁμαρτωλὸν
1510 4653 1696 4722 λέγον-

1887 4652 2070 4706 1εὸιιηε
2119 4653 2174 4706 in
2239 4669 2394 4723 quem
2448 4656 2834 4722 trans/ixerunt
2881 4656 2924 4710 ‘.
2960 4656 3098 4712 aSed
3160 4659 3383 4727 quando

137 4745 233 4797 τες,
281 4740 450 4796 καίτοι
478 4743 544 4796 δι’
578 4741 746 4795 αὑτοῦ
779 4743 880 4814 τῆς
921 4742 1197 4816 ἁμαρτίας
1242 4742 1692 4815 κατακριθείσηςο

126 4820 219 4907 ,Εἰς
243 4825 296 4880 δν
321 4832 628 4905 γέγραπται
650 4849 668 4867 ·
703 4835 996 4903 Ὄψονται
1034 4836 1122 4900 εὶς
1157 4833 1232 4888 ὃν
1256 4835 1692 4904 ἐξεκέντησαν,

140 4910 324 4992 Ὅνπερ
355 4926 411 4980 ὲν
441 4928 508 4996 τῇ
542 4926 722 4997 κρίσει
759 4925 996 4998 ὁρῶντες
1040 4927 1295 4998 κρίνοντα
1346 4927 1558 4993 ζῶντας
1600 4930 1698 4984 καὶ

140 5013 356 5078 νεκροὺς,
399 5017 473 5083 ὥς
523 5036 688 5091 φησιν
725 5020 978 5091 Ἰωάννης
996 5020 1127 5092 περὶ
1147 5020 1242 5074 τοῦ
1277 5021 1409 5074 Υίοῦ
1436 5037 1451 5052 ·
1490 5021 1698 5087 Καθὼς

140 5094 335 5160 ἔδωκεν
368 5111 554 5166 αὐτὸν
587 5113 792 5181 κρίσιν
819 5113 1031 5180 ποιεῖν,
1074 5113 1164 5168 ὅτι
1206 5114 1340 5180 Υἱὸς
1375 5113 1692 5182 ἀνθρώπου

139 5189 282 5282 ἐστι·
331 5206 755 5279 μεταμελόμενοι
778 5247 793 5272 ,
839 5207 981 5280 φυλὴ
1013 5207 1158 5263 κατὰ
1189 5208 1361 5281 φυλῆς
1412 5209 1630 5282 ἐροῦσιν
1671 5225 1684 5240 ·

141 5277 284 5353 οὗτος
309 5287 374 5366 ἦν
399 5297 456 5353 ὂν
498 5277 732 5370 ἔσχομεν
768 5316 900 5353 ποτε
930 5277 1009 5364 είς
1041 5277 1277 5370 γέλωτα,
1308 5277 1558 5370 λέγοντες
1588 5303 1688 5356 αὑ-

1800 4745 1980 4815 ipsum
2014 4745 2069 4800 in
2100 4745 2298 4816 judicii
2331 4746 2420 4802 die
2453 4747 2718 4803 videbunt
2763 4748 3107 4818 judicantem
3143 4750 3297 4805 vivos
3331 4760 3388 4805 et

1800 4846 2070 4902 mortuos,
2105 4838 2183 4892 uti
2213 4836 2454 4894 Joannes
2488 4840 2555 4894 de
2587 4837 2728 4895 Filio
2763 4841 2876 4896 ait:
2922 4841 3387 4908 Quemadmodum

1799 4929 1945 4984 dedit
1975 4929 2056 4982 illi
2074 4929 2342 4999 judicium
2375 4932 2573 5002 facere,
2600 4933 2726 5002 quia
2757 4930 2932 4987 Filius
2963 4934 3189 4988 hominis
3219 4947 3294 4989 est
3319 4936 3338 4966 "
3365 4954 3381 5002 ;

1799 5022 2124 5092 pmnitentia
2167 5023 2326 5093 moli,
2382 5024 2559 5080 tribus
2595 5025 2860 5081 adversus
2911 5026 3112 5082 tribum
3167 5026 3242 5082 ita
3306 5025 3382 5082 l'o-

1801 5125 2041 5186 quentur
2074 5136 2087 5171 :
2124 5116 2224 5172 llic
2249 5127 2332 5174 est
2353 5134 2516 5189 quem
2557 5119 2854 5177 habuimus
2881 5121 3178 5190 aliquando
3200 5122 3255 5176 in
3289 5122 3385 5177 de-

1799 5209 2062 5265 risionem
2094 5211 2138 5277 ⁸,
2169 5211 2414 5268 dicentes
2448 5213 2590 5282 ipsi:
2633 5213 2786 5269 Alios
2826 5214 3006 5269 salvos
3053 5213 3252 5280 fecisti,
3304 5227 3388 5272 te-

1798 5303 1976 5374 ipsnm
2030 5320 2141 5360 non
2179 5313 2336 5376 potes
2385 5306 2596 5362 salvum
2630 5305 2882 5378 facere".
2935 5307 3151 5364 Domini
3199 5310 3388 5382 itaque

201 5423 408 5511 :Jpan.
431 5455 521 5505 xv,
547 5441 601 5496 5.
677 5440 766 5495 ⁸³1
793 5440 940 5496 Petr.
988 5457 1070 5507 ιιι,
1106 5441 1194 5495 18.
1271 5441 1391 5474 ⁸⁵·⁹³
1430 5439 1590 5496 Joan.
1622 5458 1696 5496 xu

1899 5443 1945 5474 ⁹⁶
1973 5440 2077 5498 lsa.
2112 5461 2200 5504 τι..
2236 5445 2319 5498 l5.
2398 5446 2442 5477 ’⁷
2472 5443 2604 5498 Luc.
2634 5461 2690 5511 ι,
2722 5444 2815 5501 22.
2893 5447 2939 5478 ³⁸
2967 5444 2983 5498 Ι
3013 5444 3174 5501 Joan.
3213 5463 3297 5507 ιιι,
3323 5449 3386 5508 2.

145 5487 464 5578 ἰῖηεδτῗίιῆ
481 5487 643 5575 ἴε.
747 5487 766 5495 ’
793 5487 815 5544 ῖ
838 5487 958 5568 Xéi.
983 5487 1082 5577 ἐιίΐ,
1110 5487 1208 5566 '53:

1355 5514 1376 5544 ²
1410 5511 1571 5566 Hebr.
1608 5529 1662 5571 Χ.
1696 5513 1782 5567 12.

1901 5513 1921 5543 ³
1952 5513 2092 5567 Psal.
2123 5531 2232 5580 eux,
2266 5515 2316 5568 1.
2438 5515 2458 5546 ⁸
2488 5514 2635 5570 Psal.
2667 5532 2818 5583 xxxv,
2853 5515 3134 5583 19;.loan.
3170 5535 3260 5575 xv.
3289 5518 3388 5576 25.

147 5559 163 5586 ⁵
182 5560 320 5627 Joan.
343 5559 464 5646 viii:
487 5559 670 5639 4—8,.“
707 5559 1082 5650 Zacharjvxvii,’
1106 5559 1208 5655 iv
1236 5559 1570 5652 lnam—“xvii,
1590 5559 1680 5638 ᾖ.

1887 5559 1967 5640 ηιξ
1994 5559 2232 5651 "viai."
2252 5559 2439 5658 εἐερ.
2469 5559 2635 5655 ιζᾜῗ
2667 5559 3140 5656 ἰίιέιιίἦῖἐὶἱὶὶἰζ
3171 5559 3274 5643 ’ὶί

197 5751 306 5831 ἔδοι)
328 5757 444 5822 “me
473 5767 606 5838 ipsis
637 5769 817 5824 verbis
850 5768 1103 5838 leguntur
1126 5782 1290 5839 supra
1327 5781 1457 5822 num
1518 5764 1604 5820 l7.
