3794 6226
368 273 510 330 1985

367 500 403 538 a
429 481 631 538 dextris
662 478 813 541 meis,
856 476 1020 528 donec
1061 489 1253 542 ponam
1302 472 1545 525 inimicos
1580 480 1695 523 tuos
1743 469 1946 522 scabel-

365 574 480 629 lum
505 571 696 642 pedum
733 582 944 622 tuorum
987 567 1056 620 "1
1089 564 1224 619 Nam
1271 574 1395 618 ante
1421 563 1762 633 prophetiam
1807 562 1948 615 hanc

369 665 614 730 Davidis,
652 666 705 717 in
735 663 858 717 sinu
891 659 1069 714 Patris
1105 657 1344 712 Verbum
1369 664 1508 720 erat,
1548 670 1726 724 neque
1758 654 1949 708 habuit

368 756 622 810 inimicos
662 753 718 807 in
743 751 903 806 ccelo.
937 747 1109 803 Nemo
1135 748 1282 802 enim
1314 758 1441 801 ante
1467 746 1750 800 conditum
1788 761 1949 799 mun-

367 845 496 899 dum
520 859 644 899 cum
671 842 829 895 Patre
855 851 993 905 erat,
1018 837 1125 892 nisi
1153 836 1324 891 Filius
1355 846 1407 890 et
1438 834 1676 904 Spiritus
1700 846 1945 889 sanctus.

367 935 529 989 Pater
561 933 707 987 enim
740 946 836 1000 per
863 928 1066 984 Filium
1100 927 1229 983 fecit
1250 927 1464 980 iulinita
1495 925 1716 988 secula,
1743 924 1949 993 princi-

366 1035 551 1096 patus,
581 1031 904 1095 potestates,
930 1021 1226 1088 omniaque
1241 1018 1479 1087 Opilicia.
1507 1015 1612 1082 Qui
1644 1033 1773 1086 ergo
1800 1030 1951 1070 com-

368 1131 535 1172 mune
577 1115 715 1169 nihil
749 1130 874 1169 cum
920 1113 1106 1182 aliquo
1139 1110 1336 1172 habet,
1371 1125 1480 1162 non
1529 1107 1784 1170 fundum,
1837 1120 1948 1160 non

366 1209 682 1278 pecuniam,
710 1207 804 1261 sed
832 1205 1077 1260 omnium
1103 1212 1187 1257 est
1218 1201 1503 1262 Dominus,
1532 1199 1780 1253 videlicet
1806 1198 1950 1252 Deus

367 1300 607 1356 Verbum
664 1300 748 1354 cui
785 1312 946 1352 nemo
983 1297 1242 1350 resistere
1293 1293 1474 1354 valet,
1511 1307 1749 1360 quonam
1789 1299 1951 1359 pacto

369 1392 629 1447 inimicos
674 1387 969 1444 habuerit?
1005 1387 1136 1442 Nam
1175 1387 1273 1457 qui
1319 1386 1578 1440 deitatem
1628 1381 1793 1436 Verbi
1841 1382 1951 1434 mi-

368 1494 570 1549 nuunt,
619 1483 779 1553 quasi
819 1483 1030 1537 scilicet
1069 1495 1178 1534 nou
1223 1479 1401 1549 possit
1443 1477 1709 1531 Dominus
1737 1491 1833 1544 per
1864 1490 1951 1529 se-

368 1577 548 1647 ipsum
588 1576 844 1630 inimicos
873 1573 1088 1637 ulcisci,
1123 1573 1396 1627 aestimant
1433 1570 1640 1649 diluisse
1675 1567 1812 1622 Filio
1850 1568 1951 1621 Pa-

368 1681 546 1725 trem:
579 1667 712 1723 Sede
745 1686 779 1721 α
811 1669 1016 1722 dextris
1068 1667 1222 1730 meis,
1263 1664 1425 1718 donec
1472 1678 1664 1724 ponam
1704 1659 1948 1713 inimicos

933 269 992 324 S.
1026 266 1406 322 'ATHANAS“
1446 265 1600 322 OPP.
1647 264 1828 320 PARS
1870 268 1909 319 l.
1953 298 2024 307 —-
2062 266 2436 323 HISTORICA
2478 265 2564 320 ET
2606 263 3028 320 DOGMATICA.

366 404 571 460 corpus
605 385 825 455 respicit
853 383 1000 453 quod
1031 383 1297 451 scriptum
1335 389 1420 434 est
1462 395 1491 432 a
1523 378 1727 432 Davide
1761 397 1772 430 :
1811 376 1943 432 Sede
1972 384 2019 440 Α
2045 379 2123 450 τῷ
2159 397 2172 411 ο

3505 263 3646 317 ηκι

2228 379 2458 442 ’Ἄλλους
2514 377 2726 441 ἔσωσας
2758 418 2772 440 ,
2827 377 3017 429 ἑαυτὸν
3059 376 3120 429 οὑ
3164 376 3391 429 δύνασαι
3448 379 3642 435 σῶσαι.

2052 475 2209 526 Ἐστι
2230 473 2408 524 τοίνυν
2444 473 2524 534 είς
2552 471 2611 523 τὸ
2635 469 2728 524 τοῦ
2755 470 2964 538 Κυρίου
3012 467 3173 538 σῶμα
3201 468 3261 521 τὸ
3298 469 3518 540 γραφὲν
3558 473 3652 525 διὰ

2048 565 2142 618 τοῦ
2175 565 2337 618 Δαυῖδ
2357 583 2369 593 ’
2398 564 2598 618 Κάθου
2630 564 2698 616 ἐκ
2736 562 2950 626 δεξιῶν
2971 581 3113 631 μου,
3145 561 3256 625 ἕως
3284 561 3362 615 ἂν
3387 561 3476 617 θῶ
3499 565 3652 630 τοὺς

2047 657 2300 723 ἐχθρούς
2329 669 2445 708 σου
2481 653 2815 707 ὑποπόδιον
2850 650 2970 704 τῶν
2989 649 3192 704 ποδῶν
3217 667 3357 705 σου.
3387 653 3512 722 Πρὸ
3538 654 3653 724 γαρ

2049 746 2209 815 τῆσδε
2236 745 2336 814 τῆς
2371 743 2459 796 διὰ
2487 742 2650 795 Δαυῒδ
2679 741 3038 814 προφητείας,
3068 743 3124 792 ὲν
3151 740 3374 803 κόλποις
3410 741 3508 793 τοῦ
3539 743 3654 795 Πα-

2050 835 2175 906 τρὸς
2224 831 2292 905 ἦν
2324 837 2352 887 ό
2387 835 2577 902 Λόγος,
2621 833 2714 886 καὶ
2746 834 2846 885 οὐκ
2873 827 3016 901 εἶχεν
3050 831 3274 900 ἐχθροὺς
3315 834 3373 882 ὲν
3399 833 3648 904 οὐρανῷ-

2051 925 2239 987 Οὐδεὶς
2269 923 2377 996 γὰρ
2405 919 2473 994 ἦν
2515 925 2611 976 σὺν
2641 923 2719 994 τῷ
2753 923 2928 993 Harp).
2977 921 3083 991 πρὸ
3123 921 3354 984 κτίσεως
3402 923 3456 974 εί
3490 923 3566 994 μὴ
3611 926 3652 976 ὁ

2051 1015 2176 1079 Υἱὸς
2207 1015 2300 1067 καὶ
2332 1014 2394 1066 τὸ
2424 1013 2650 1082 Πνεῦμα
2671 1013 2732 1065 τὸ
2770 1011 2945 1080 ἅγιον.
2985 1011 3044 1063 Ὀ
3068 1009 3258 1082 Πατὴρ
3283 1011 3394 1082 γὰρ
3429 1012 3524 1065 διὰ
3549 1015 3649 1066 τοῦ

2053 1105 2180 1158 Υίοῦ
2227 1107 2453 1176 ἐποίησε
2489 1107 2614 1168 τοὺς
2661 1105 2922 1176 ἀπείρους
2956 1103 3175 1167 αἰῶνας,
3225 1104 3406 1175 ἀρχάς
3443 1121 3505 1156 τε
3551 1107 3652 1158 καὶ

2051 1196 2298 1261 ἐξουσίας
2341 1196 2434 1247 καὶ
2484 1197 2666 1248 πᾶσαν
2705 1193 2903 1247 κτίσιν.
2944 1193 3003 1246 ’0
3033 1194 3211 1245 τοίνυν
3257 1195 3396 1264 πρὸς
3436 1195 3648 1264 μηδένα.

2053 1287 2187 1356 ἔχων
2215 1287 2393 1340 κοινὸν
2436 1287 2621 1357 κτῆμα
2655 1286 2688 1356 ἢ
2743 1285 2954 1355 χρῆμα,
3000 1284 3134 1337 ἀλλά
3176 1285 3396 1339 πάντων
3441 1285 3652 1357 Κύριος

2051 1379 2079 1430 ὁ
2107 1378 2238 1441 Θεὸς
2282 1378 2475 1446 Λόγος,
2518 1371 2562 1445 ᾧ
2591 1377 2768 1440 οὐδεὶς
2795 1377 3014 1429 δύναται
3041 1375 3383 1447 ἀντιστῆναι,
3416 1375 3542 1439 πῶς
3568 1373 3652 1428 εἷ-

2053 1487 2144 1540 χεν
2171 1469 2433 1541 ὲχθρούςς
2464 1471 2528 1523 Οἱ
2556 1468 2665 1540 γὰρ
2701 1469 2800 1538 τὴν
2846 1467 3075 1536 θεότητα
3106 1466 3200 1520 τοῦ
3249 1469 3431 1535 Λόγου
3487 1470 3657 1522 ὲλατ-

2051 1561 2300 1625 τοῧντες,
2335 1562 2410 1625 ὼς
2446 1561 2522 1632 μὴ
2565 1561 2866 1630 δυναμένου
2918 1560 3012 1614 τοῦ
3065 1559 3273 1630 Κυρίου
3325 1560 3398 1614 δι’
3446 1561 3654 1614 ἑαυτοῦ

2052 1653 2178 1716 τοὺς
2212 1653 2440 1724 ἐχθροὺς
2472 1651 2784 1723 ἀμύνασθαι
2805 1691 2820 1716 ,
2852 1650 3056 1704 οἴονται
3085 1651 3371 1722 εἰρηκέναι
3404 1653 3505 1704 τὸν
3542 1654 3628 1705 Πα
3655 1687 3664 1693 ς

372 1770 488 1816 tuos
515 1760 802 1814 scabellum
834 1759 1026 1828 pedum
1073 1767 1307 1811 tuorum.
1351 1755 1494 1809 Illud
1529 1768 1660 1807 vero
1693 1752 1775 1805 vel
1805 1766 1949 1806 nunc

2083 1745 2184 1816 ἐρα
2210 1743 2286 1814 τῷ
2321 1744 2465 1814 Υἱῷ·
2501 1747 2702 1798 Κάθου
2733 1744 2802 1796 ἐκ
2847 1742 3064 1806 δεξιῶν
3098 1759 3248 1813 μου,
3290 1743 3407 1808 ἕως
3451 1744 3536 1798 ἂν
3572 1743 3662 1798 θῶ

368 1853 588 1907 tandem
617 1851 870 1906 noverint
915 1850 1168 1905 homines
1197 1848 1438 1918 imperiti
1487 1846 1749 1914 scriptum
1779 1842 1950 1898 fuisse

2081 1835 2193 1899 ὀὺς
2221 1834 2473 1903 ἐχθρούς
2522 1849 2639 1890 σου
2688 1834 3024 1889 ὑποπόδιον
3079 1830 3199 1887 τῶν
3244 1833 3455 1888 ποδῶν
3505 1850 3657 1890 σου.

369 1947 436 2000 de
463 1945 776 2009 Servatore,
809 1952 1083 2013 quatenus
1118 1949 1395 2012 spectatur
1419 1949 1480 1994 ut
1506 1940 1696 1994 homo.
1732 1938 1791 1990 In
1830 1937 1950 2005 ipso

2081 1925 2223 1979 Τοῦτο
2277 1925 2336 1979 δὲ
2386 1928 2488 1980 κᾶν
2521 1925 2616 1981 νῦν
2654 1926 3074 1996 γινωσκέτωσαν
3118 1927 3167 1979 οἱ
3210 1927 3538 1980 ἀπαίδευτοι
3573 1929 3666 1988 είς

366 2038 516 2092 enim
548 2035 749 2090 Davide
799 2035 1066 2104 scriptum
1109 2042 1194 2088 est
1223 2033 1291 2087 de
1338 2031 1626 2086 Dominico
1678 2029 1947 2083 homine:

371 2126 626 2184 Inimicus
663 2126 798 2180 nihil
853 2126 1092 2196 proﬁciet
1131 2125 1184 2177 in
1215 2134 1264 2176 te
1290 2124 1370 2189 “;
1413 2138 1477 2177 ac
1520 2136 1776 2176 rursum:
1816 2119 1949 2173 Fla-

370 2218 566 2290 gellum
592 2235 696 2272 non
719 2216 1169 2288 appropinquabit
1208 2214 1549 2269 tabernaculo
1583 2222 1672 2266 tuo
1704 2213 1768 2264 ¹⁹.

439 2485 534 2541 29.
575 2486 860 2551 Dominus,
915 2484 1114 2554 inquit,
1165 2485 1220 2538 in
1265 2485 1398 2538 caelo
1442 2483 1650 2552 paravit
1700 2482 1949 2535 thronum

371 2593 528 2631 suum
562 2576 624 2630 ¹³.
654 2577 813 2630 Aliud
839 2585 945 2641 est,
969 2575 1172 2630 Caelum
1207 2576 1336 2628 mihi
1366 2575 1584 2628 thronus
1614 2574 1692 2640 ”;
1722 2584 1776 2628 et
1805 2572 1954 2627 aliud

370 2675 455 2720 est
505 2665 686 2735 parari
733 2666 992 2718 thronum
1036 2665 1090 2717 in
1125 2665 1266 2719 coelo
1322 2679 1422 2718 ceu
1464 2665 1520 2718 in
1565 2664 1752 2734 aliquo
1807 2664 1951 2718 loco.

371 2756 557 2812 Multis
585 2757 639 2809 in
671 2756 924 2825 praesenti
954 2770 1094 2825 opus
1127 2763 1210 2810 est
1246 2755 1427 2810 verbis
1460 2755 1528 2810 ad
1572 2770 1762 2810 eorum
1787 2769 1951 2808 enar-

371 2847 662 2903 rationem.
690 2846 978 2902 Memorati
1007 2861 1136 2902 vero
1166 2848 1350 2901 throni
1397 2848 1662 2901 denotant
1705 2845 1953 2899 omnium

373 2947 682 2994 creatarum
717 2954 902 2994 rerum
940 2939 1380 3009 obsequentiam.
1433 2927 1558 2992 Haec
1600 2947 1782 2992 autem
1811 2952 1954 3007 prae-

373 3027 629 3085 misimus
659 3029 713 3084 in
744 3029 897 3095 illud,
941 3029 1074 3084 Sede
1114 3047 1147 3083 a
1184 3030 1387 3084 dextris
1436 3029 1587 3096 meis,
1621 3030 1767 3099 quod
1810 3029 1956 3084 scili-

373 3129 462 3176 cet
492 3121 560 3176 de
601 3119 886 3177 Dominico
931 3137 1163 3191 corpore
1191 3122 1398 3176 dictum
1447 3123 1540 3178 sit.
1594 3121 1652 3176 Si
1691 3137 1949 3192 namque,

375 3211 577 3268 Cretum
603 3222 654 3267 et
695 3221 893 3268 terram
919 3229 1012 3283 ego
1049 3213 1262 3284 impleo,
1309 3213 1440 3266 dicit
1473 3213 1753 3282 Dominus,
1786 3224 1847 3269 ut
1879 3214 1957 3269 ait

372 3302 641 3361 Jeremias
668 3306 745 3360 υς
789 3305 1084 3375 omniaque
1127 3304 1271 3360 Deus
1320 3306 1582 3371 continet,
1630 3315 1687 3362 et
1733 3322 1764 3361 a
1802 3307 1954 3360 nullo

375 3398 718 3463 continetur;
749 3412 856 3468 quo
893 3397 950 3452 in
997 3399 1196 3454 throno
1233 3397 1495 3453 sedebit?
1527 3397 1743 3468 Corpus
1790 3398 1957 3468 igitur

373 3497 458 3546 cst
480 3489 570 3544 cui
605 3489 757 3553 dicit,
801 3488 935 3545 Sede
964 3507 996 3543 α
1025 3490 1228 3544 dextris
1258 3492 1386 3544 meis
1407 3530 1422 3555 ,
1449 3490 1608 3560 cujus
1640 3491 1806 3545 etiam
1848 3491 1956 3545 ini-

375 3580 552 3638 micus
583 3581 687 3637 fuit
714 3581 963 3636 diabolus
1017 3597 1143 3638 cum
1172 3583 1426 3653 malignis
1447 3583 1828 3653 potestatibus,
1857 3598 1958 3637 nec

377 3689 494 3730 non
534 3672 706 3729 Judaei
760 3685 816 3729 et
855 3673 1050 3739 Graeci,
1093 3675 1188 3744 qui
1220 3675 1424 3730 Christi
1472 3675 1958 3745 praedicationibus

377 3763 675 3820 obstitere:
713 3779 919 3834 perque
948 3765 1127 3834 ipsum
1174 3779 1378 3834 corpus
1423 3763 1671 3834 pontifex
1727 3773 1784 3820 et
1828 3780 1960 3834 apo-

377 3855 555 3910 stolus
587 3855 814 3910 eﬂectus
852 3863 908 3909 et
936 3864 1165 3909 vocatus
1199 3863 1304 3922 est,
1339 3871 1434 3924 per
1465 3855 1784 3928 mysterium
1814 3855 1958 3926 quod

375 3945 528 4000 dedit
557 3945 717 4000 nobis
747 3945 970 4000 dicens:
1006 3943 1121 3998 Hoc
1145 3953 1226 4000 est
1249 3961 1440 4014 corpus
1471 3962 1664 4012 meum,
1702 3946 1840 4016 quod
1864 3962 1958 4014 pro

376 4036 521 4092 vobis
547 4036 808 4103 tradetur,
829 4046 879 4089 et
919 4037 1135 4106 sanguis
1171 4035 1310 4090 Novi
1339 4035 1684 4103 Testamenti,
1722 4051 1831 4090 non
1858 4036 1962 4092 Ve-

380 4127 531 4192 teris,
556 4127 650 4196 qui
687 4141 781 4194 pro
836 4127 980 4181 vobis
1023 4127 1413 4196 e/fundetur".
1466 4127 1734 4184 Divinitas
1778 4137 1960 4184 autem

2050 2018 2142 2072 τὸν
2193 2019 2336 2073 κατὰ
2369 2019 2461 2072 τὸν
2492 2020 2721 2091 Σωτῆρα
2766 2019 3055 2091 νοούμενον
3104 2019 3396 2089 ἄνθρωπον
3437 2021 3661 2091 γεγράο

2053 2110 2204 2180 φθαι.
2253 2111 2342 2164 Ἐν
2371 2111 2479 2181 γὰρ
2507 2111 2585 2182 τῷ
2616 2111 2766 2182 αὐτῷ
2812 2111 2976 2165 Δαυῒδ
3012 2111 3325 2183 γέγραπται
3374 2114 3510 2180 περὶ
3555 2112 3662 2164 τοῦ

2053 2204 2335 2276 Κυριακοῠ
2392 2202 2680 2273 ἀνθρώπου
2720 2220 2733 2234 ·
2796 2201 3036 2271 Ἐχθρὸς
3085 2203 3198 2256 οὐκ
3231 2201 3544 2270 ὠφελήσει
3586 2203 3667 2255 ἐν

2053 2298 2156 2350 σοί
2191 2315 2204 2326 ·
2256 2297 2348 2349 καὶ
2382 2295 2578 2348 πάλιν·
2617 2293 2853 2358 Μάστιξ
2896 2297 3008 2347 οὐκ
3047 2292 3236 2364 ἐγγιεῖ
3265 2294 3346 2358 τῷ
3402 2293 3660 2362 damnis-

2049 2390 2198 2459 ματι
2227 2405 2367 2443 σου.

2057 2542 2066 2550 ,
2124 2481 2212 2534 29.
2252 2481 2490 2549 Κύριος,
2523 2479 2708 2550 φησὶν,
2739 2479 2809 2532 ἐν
2833 2477 2912 2543 τῷ
2936 2477 3171 2546 οὐρανῷ
3214 2477 3517 2548 ἡτοίμασε
3544 2479 3664 2532 τὸν

2055 2577 2272 2645 θρόνον
2311 2573 2520 2628 αὐτοῦ.
2589 2574 2817 2644 ’Έτερόν
2865 2577 3013 2627 ἐστιν
3049 2590 3063 2604 ·
3128 2575 3183 2626 Ὀ
3239 2575 3506 2642 οὐρανός
3548 2592 3666 2642 μοι

2056 2667 2288 2733 θρόνος,
2319 2667 2413 2720 καὶ
2448 2665 2636 2736 ἕτερόν
2666 2667 2812 2718 ὲστιν
2839 2664 3223 2736 ἑτοιμάζεσθαι
3257 2665 3452 2736 θρόνον
3488 2668 3552 2718 ὲν
3579 2665 3668 2736 τῷ

2055 2758 2269 2830 οὐρανῷ
2299 2759 2374 2822 ὡς
2403 2759 2494 2811 ἐπὶ
2521 2757 2688 2811 τόπου
2724 2759 2886 2821 τινός.
2922 2758 3096 2821 Πολὺς
3137 2758 3234 2828 μὲν
3278 2760 3306 2810 ό
3348 2758 3484 2829 περὶ
3523 2757 3662 2810 τού-

2055 2867 2163 2902 των
2188 2850 2345 2918 λόγος
2372 2849 2465 2902 ἐπὶ
2490 2849 2584 2902 τοῦ
2611 2849 2874 2921 παρόντος
2901 2850 2980 2912 είς
3009 2849 3261 2919 διήγησιν
3286 2865 3301 2878 ο
3338 2851 3390 2902 οἱ
3424 2849 3484 2902 δὲ
3517 2867 3665 2921 προ-

2057 2941 2418 3012 δεδηλωμένοι
2477 2940 2657 3012 θρόνοι
2713 2939 2936 3012 δηλοῦσι
2979 2939 3079 3012 τὴν
3133 2941 3414 3010 ὑποταγὴν
3468 2941 3664 3012 πάσης

2057 3033 2308 3096 κτίσεως.
2339 3031 2524 3086 Ταῦτα
2545 3032 2602 3084 δὲ
2635 3030 2986 3103 παρεθέμεθα
3012 3030 3142 3102 περὶ
3180 3031 3296 3106 τοῦ,
3333 3030 3544 3084 Κάθου
3581 3031 3660 3083 ἐκ

2068 3123 2287 3187 δεξιῶν
2329 3141 2470 3192 μου,
2503 3123 2585 3177 ὃτι
2619 3125 2698 3186 εἰς
2730 3123 2789 3176 τὸ
2829 3121 3110 3193 Κυριακὸν
3163 3121 3322 3193 σῶμα
3372 3122 3663 3176 λέλεκται.

2057 3217 2120 3268 Ei
2154 3216 2290 3286 γὰρ,
2350 3216 2462 3269 Τὸν
2512 3213 2774 3283 οὐρανὸν
2803 3215 2904 3268 καὶ
2953 3213 3072 3282 τὴν
3103 3212 3222 3284 γῆν
3250 3213 3365 3285 ἐγὼ
3416 3213 3664 3282 πληρῶ,

2057 3307 2220 3376 λέγει
2257 3308 2502 3375 Κύριος,
2537 3306 2614 3370 ὥς
2640 3323 2804 3376 φησιν
2845 3305 3111 3376 Ἱερεμίας
3132 3323 3145 3336 ·
3184 3306 3360 3360 πάντα
3402 3305 3459 3358 δὲ
3486 3309 3672 3378 χωρεῖ

2057 3399 2259 3461 όΘεὸς,
2311 3397 2402 3450 ὑπ’
2441 3397 2652 3459 οὐδενὸς
2677 3396 2733 3448 δὲ
2761 3396 2822 3448 οὐ
2853 3398 3112 3466 χωρεῖται
3135 3413 3149 3425 ·
3211 3399 3291 3459 εἰς
3332 3397 3488 3448 ποῖον
3524 3398 3669 3449 καθ-

2059 3489 2240 3553 έζεται
2265 3488 2482 3560 θρόνον;
2511 3488 2586 3541 Τὸ
2619 3485 2777 3557 σῶμα
2817 3488 2997 3540 τοίνυν
3020 3488 3188 3553 ἐστὶν,
3212 3483 3256 3556 ᾧ
3277 3487 3427 3555 λέγει
3446 3504 3458 3515 ·
3496 3488 3664 3542 Κάθ-

2057 3598 2130 3634 ου
2164 3581 2232 3634 ἐκ
2275 3579 2491 3645 δεξιῶν
2515 3597 2658 3648 μου,
2693 3571 2754 3630 οὗ
2802 3579 2896 3632 καὶ
2960 3579 3187 3648 γέγονεν
3233 3580 3431 3651 ἐχθρὸς
3477 3580 3508 3632 ὁ
3549 3580 3669 3634 διά-

2061 3670 2217 3734 ϐολος
2253 3672 2350 3724 σὺν
2381 3673 2502 3734 ταῖς
2524 3671 2792 3740 πονηραῖς
2825 3669 3108 3740 δυνάμεσι,
3141 3671 3236 3724 καὶ
3276 3670 3526 3724 Ἰουδαῖοι
3563 3672 3667 3724 καὶ

2062 3770 2345 3841 Ἕλληνες,
2380 3771 2428 3822 οἱ
2463 3771 2575 3832 τοῖς
2612 3766 2850 3841 Χριστοῦ
2904 3766 3258 3838 κηρύγμασιν
3292 3766 3662 3821 ἀντιπίπτον-

2059 3881 2182 3928 τες’
2217 3863 2290 3916 δι’
2337 3856 2398 3916 οὗ
2438 3862 2691 3933 σώματος
2733 3863 3025 3936 ἀρχιερεὺς
3076 3861 3170 3914 καὶ
3218 3860 3523 3924 ἀπόστολος
3567 3862 3666 3914 καὶ

2061 3959 2252 4025 γέγονε
2291 3956 2386 4010 καὶ
2427 3955 2783 4026 ἐχρημάτιζε,
2814 3955 2880 4008 δι’
2911 3947 2973 4006 οὗ
3021 3953 3342 4026 παρέδωκεν
3373 3955 3514 4024 ἡμῖν
3552 3971 3663 4024 μυ-

2065 4063 2162 4116 στη
2171 4046 2308 4118 ρίου,
2329 4045 2504 4114 λέγων
2523 4063 2535 4074 ·
2571 4045 2754 4099 Τοῦτό
2784 4045 2919 4099 ἐστι
2935 4062 3055 4114 μου
3076 4045 3142 4098 τό
3172 4042 3367 4113 σῶμα,
3394 4044 3464 4096 τὸ
3497 4044 3664 4114 ὑπὲρ

2063 4137 2251 4207 ὑμῶν,
2299 4137 2399 4191 καὶ
2424 4136 2487 4189 τὸ
2514 4131 2658 4204 αἷμα
2696 4135 2808 4204 τῆς
2836 4135 3066 4204 Καινῆς
3094 4136 3396 4204 Διαθήκης
3417 4173 3434 4198 ,
3465 4135 3528 4187 οὐ
3559 4134 3667 4204 τῆς

380 4232 560 4288 neque
587 4233 790 4288 corpus
812 4232 992 4289 neque
1015 4220 1339 4289 sanguinem
1365 4219 1549 4283 habet,
1578 4221 1673 4274 sed
1706 4221 1775 4285 is,
1798 4236 1956 4290 quem

2081 4230 2307 4292 1αλαιᾶς
2334 4268 2349 4292 ,
2395 4227 2462 4281 τό
2494 4227 2648 4297 ὑπὲρ
2697 4227 2866 4297 ὑμῶν
2896 4227 3328 4296 ἐκχυνόμενον.
3361 4227 3572 4299 Θεότης
3604 4227 3665 4278 δὲ

379 4325 449 4366 ex
472 4307 643 4364 Maria
670 4310 798 4365 tulit
843 4311 1032 4376 homo,
1075 4311 1341 4366 horumce
1379 4326 1548 4366 causa
1582 4311 1725 4366 fuit:
1759 4312 1824 4367 de
1852 4327 1956 4382 quo

2081 4319 2188 4371 δῦτε
2216 4318 2376 4388 σῶμα
2412 4318 2538 4370 οὗτε
2569 4313 2709 4388 αἷμα
2753 4317 2888 4388 ἔχει,
2924 4318 3040 4371 ἀλλ’
3076 4319 3135 4371 ὃν
3165 4305 3427 4389 ὲφόρὲσεν
3461 4319 3529 4371 ἐκ
3559 4324 3664 4390 τῆς

380 4403 636 4458 dixerunt
664 4403 892 4474 apostoli
928 4421 942 4458 :
983 4401 1167 4457 Iesum
1218 4418 1283 4457 ea:
1309 4401 1606 4469 Nazareth,
1643 4405 1814 4458 virum
1867 4421 1956 4474 ap‘

2081 4410 2282 4483 llapia;
2332 4409 2639 4480 ἄνθρωπον,
2682 4410 2854 4474 αἴτιος
2895 4410 3102 4464 τούτων
3147 4411 3376 4480 γέγονεσ
3420 4412 3555 4482 περὶ
3598 4407 3663 4466 οὗ

379 4493 660 4564 probatum
685 4511 719 4549 a
752 4494 862 4549 Deo
890 4495 948 4548 in
983 4493 1126 4549 vobis
1157 4496 1219 4552 ¹’¹.
1250 4493 1524 4550 Nazareth
1555 4496 1746 4551 urbem
1791 4505 1962 4551 terre-

381 4600 507 4641 nam
533 4585 686 4651 dicit,
716 4599 894 4655 neque
921 4586 1199 4642 caalestem
1226 4586 1392 4641 illam.
1421 4585 1731 4658 Virumque
1761 4597 1962 4643 vocant

380 4677 562 4746 ipsum
591 4691 700 4732 non
731 4676 924 4742 Deum,
982 4678 1125 4747 apud
1175 4677 1405 4734 Judzeos
1449 4679 1661 4734 scilicet
1691 4680 1958 4750 aliosque,

381 4769 476 4839 qui
513 4769 739 4838 perinde
779 4778 943 4841 atque
987 4771 1068 4825 illi
1115 4769 1184 4826 ab
1230 4771 1324 4827 illo
1358 4764 1426 4827 ad
1475 4787 1652 4842 usque
1721 4787 1963 4842 praesens

384 4870 600 4933 tempus
633 4863 935 4919 secundum
964 4879 1186 4920 carnem
1223 4866 1488 4920 sentiunt.
1527 4865 1778 4937 Apostoli
1806 4881 1960 4932 vero,

386 4953 611 5024 ipseque
641 4953 908 5011 Dominus
941 4955 1010 5010 de
1045 4957 1225 5027 seipso
1261 4957 1506 5013 humano
1537 4973 1690 5012 more
1727 4973 1959 5028 respon-

386 5047 465 5102 dit
485 5047 572 5104 his
603 5048 819 5104 verbis:
872 5048 1012 5114 Quid
1051 5067 1131 5103 me
1159 5051 1400 5121 quaeritis
1430 5051 1748 5120 interﬁcere,
1781 5051 1960 5105 homi-

386 5155 500 5192 nem
535 5140 626 5210 qui
671 5141 944 5194 veritaten:
983 5141 1188 5195 locutus
1229 5158 1347 5196 sum
1386 5141 1530 5195 vobis
1567 5142 1654 5194 u‘?
1705 5140 1825 5197 Non
1862 5142 1959 5208 ait,

389 5230 640 5296 Quaeritis
663 5247 751 5287 me
768 5232 1072 5288 interﬁcere
1097 5235 1190 5302 qui
1217 5232 1364 5288 Deus
1395 5249 1538 5289 sum.
1571 5233 1715 5288 Deus
1733 5234 1958 5304 quippe,

391 5339 508 5377 cum
539 5323 854 5394 impatibilis
886 5333 942 5379 et
983 5325 1310 5380 immortalis
1340 5326 1432 5389 sit,
1465 5337 1695 5381 mortem
1739 5328 1958 5396 quidem

387 5414 632 5484 abrogat,
667 5425 914 5470 mortuos
943 5424 1126 5470 autem
1155 5416 1426 5471 viviﬁcat:
1460 5417 1536 5470 ait
1567 5418 1794 5487 quippe,
1844 5415 1956 5487 Ego

390 5521 504 5558 sum
525 5506 634 5559 vita
659 5507 720 5560 ι’.
746 5505 1054 5577 Philippum
1097 5523 1260 5574 vero,
1298 5509 1366 5563 ad
1405 5509 1738 5564 credendum
1769 5523 1957 5579 prom-

2066 4497 2219 4555 εἶπον
2251 4502 2299 4553 οί
2328 4499 2646 4554 ἀπόστολοι·
2687 4500 2930 4567 Ἰησοῦν
2956 4501 3063 4554 τὸν
3089 4500 3210 4555 ἀπὸ
3239 4499 3522 4569 Ναζαρὲτ,
3549 4502 3660 4556 ἇν-

2063 4591 2176 4660 δρα
2207 4591 2326 4645 ἀπὸ
2355 4591 2505 4644 Θεοῦ
2528 4590 3036 4660 ἀποδεδειγμένον
3062 4593 3151 4656 εὶς
3181 4590 3360 4663 ὑμᾶς.
3397 4589 3659 4663 Ναζαρὲτ

2065 4685 2218 4737 πόλιν
2245 4684 2486 4751 ἐπίγειον
2514 4683 2687 4752 λέγει,
2731 4685 2826 4736 καὶ
2855 4684 2977 4755 οὐχὶ
3005 4682 3277 4754 οὐράνιον.
3325 4683 3532 4753 ⁸Ἄνδρα
3597 4701 3658 4736 τε

2065 4777 2225 4831 αὐτόν
2255 4794 2411 4847 φασι,
2457 4776 2554 4829 καὶ
2579 4775 2640 4829 οὐ
2686 4775 2842 4838 Θεὸν,
2875 4777 3012 4848 πρὸς
3056 4778 3182 4840 τοὺς
3233 4775 3527 4840 Ἰουδαίους
3563 4777 3661 4830 καὶ

2067 4871 2196 4934 τοὺς
2238 4869 2442 4940 ὁμοίως
2473 4868 2656 4931 αὐτοῖς
2688 4869 2831 4922 κατά
2865 4871 3046 4941 σάρκα
3080 4869 3416 4939 φρονοῦντας
3465 4869 3657 4922 ἔκτοτε

2067 4961 2163 5014 καὶ
2217 4959 2332 5012 νῦν.
2375 4959 2486 5011 Καὶ
2513 4959 2563 5011 οἱ
2599 4958 2888 5013 ἀπόστολοι
2918 4959 3012 5012 καὶ⁵
3044 4958 3209 5021 αὐτὸς
3236 4959 3264 5010 ὁ
3293 4957 3498 5028 Κύριος
3528 4959 3662 5027 περὶ

2068 5051 2262 5107 ἑαυτοῦ
2319 5049 2674 5121 ἀνθρωπίνως
2728 5050 3063 5122 ἀπεκρίνατο
3095 5048 3269 5118 λὲγων
3294 5067 3309 5081 ·
3351 5050 3412 5102 Τί
3453 5065 3526 5116 με
3577 5049 3661 5113 (n-

2067 5141 2219 5195 τεῖτε
2243 5139 2612 5203 ἀποκτεῖναι,
2633 5140 2948 5208 ἄνθρωπον
2969 5139 3036 5204 ὃς
3061 5139 3179 5207 τὴν
3210 5137 3502 5203 ἀλήθειαν
3514 5139 3618 5206 ὺμῖ
3623 5154 3660 5188 ν

2067 5233 2424 5300 λελάληκα;
2461 5235 2576 5286 Οὐκ
2619 5229 2761 5298 εἶπε,
2793 5233 3015 5304 Ζητεῖτέ
3058 5250 3125 5302 με
3170 5233 3489 5285 ἀποκτεῖναι
3521 5231 3655 5283 Θεὸν

2065 5325 2194 5378 ὄντα
2219 5342 2231 5354 ⁸
2265 5325 2397 5388 Θεὸς
2431 5324 2540 5397 γὰρ
2565 5325 2782 5396 ἀπαθὴς
2827 5325 2922 5378 καὶ
2972 5324 3240 5386 ἀθάνατος
3283 5322 3379 5387 ὣν,
3427 5323 3518 5375 τὸν
3557 5323 3652 5392 μὲν

2067 5417 2298 5469 θάνατον
2328 5420 2614 5487 καταργεῖ,
2644 5418 2771 5481 τοὺς
2796 5416 2855 5470 δὲ
2879 5417 3112 5487 νεκροὺς
3145 5415 3403 5480 ζωοποιεῖ
3431 5414 3610 5481 λέγων
3637 5431 3648 5442 ·

2081 5506 2218 5578 Ἐγώ
2241 5511 2357 5577 εἰμι
2390 5510 2428 5576 ἡ
2461 5508 2594 5575 ζωή.
2640 5509 2782 5577 Πρὸς
2816 5509 2872 5562 δὲ
2898 5507 3187 5572 Φίλιππον,
3224 5507 3342 5577 ἅμα
3389 5507 3468 5577 τῷ
3497 5506 3652 5559 ἀκοῦ-

461 5624 504 5696 ξο
535 5623 678 5678 Psal.
708 5641 818 5685 cur,
859 5627 906 5680 Ι.
986 5629 1026 5659 ¹¹
1053 5626 1198 5681 Psal.
1225 5642 1490 5692 Lxxxvm,
1524 5627 1617 5681 25.
1694 5629 1736 5658 ¹²
1769 5626 1911 5681 Psal.

2081 5627 2158 5681 I0.
2246 5627 2295 5696 "7
2329 5625 2472 5682 Psal.
2503 5628 2704 5687 cu,l9.
2797 5627 2968 5681 “lsa.
3007 5643 3154 5692 LXVI,
3198 5627 3260 5690 l;
3301 5627 3421 5682 Act.
3458 5642 3534 5696 γι,
3559 5625 3646 5680 49.

371 5692 431 5786 ’⁸³
448 5692 557 5749 Jer.
593 5711 746 5764 χλιιι,
773 5697 861 5751 24.
945 5699 986 5729 ’⁸
1015 5697 1202 5753 Matth.
1241 5714 1388 5766 xxvi,
1420 5698 1602 5752 ἢεί-28.
1684 5701 1724 5731 ¹⁷
1755 5700 1874 5754 Act.
1909 5715 1956 5769 ιιΙ

2081 5710 2102 5749 1.
2194 5697 2234 5728 ¹⁷
2281 5695 2428 5752 loau.
2468 5715 2585 5778 vin,
2623 5699 2709 5752 .iU.
2792 5699 2832 5730 ι’
2869 5697 3027 5752 Joan.
3063 5714 3172 5764 xxv,
3208 5698 3261 5750 6.
