3794 6226
142 295 274 351 1285

1355 285 1586 343 ΞΕΒΜΟ
1625 283 1847 341 MAIOR
1885 286 1974 340 DE
2013 286 2192 341 FIDE.

3268 291 3406 346 {286

141 422 224 458 σαι
245 401 592 466 πιστεύοντα,
617 401 858 456 διδάσκει
882 401 980 455 σὺν
1010 403 1124 465 τοῖς
1144 399 1348 465 λοιποῖς
1371 401 1712 464 ἀποστόλοις,

1874 417 1973 456 .um
2005 441 2020 465 ,
2073 418 2199 457 cum
2241 403 2469 474 reliquis
2501 404 2818 474 "apostolis,
2869 403 3103 474 aliisque
3141 404 3235 474 qui
3286 406 3405 475 pari

143 497 367 559 καὶτοῖς
410 494 734 565 δυναμένοις
780 494 982 564 ὁμοίως
1017 493 1400 564 πνευματικῶς
1443 492 1714 564 χωρῆσαι,

140 587 304 655 λέγων
329 602 341 615 ο
390 584 454 638 Ὀ
485 583 758 653 ἑωρακὼς
789 583 896 653 ἐμὲ
922 583 1143 652 ἑώρακε
1170 583 1277 637 τὸν
1299 583 1530 653 Πατέρα
1549 600 1561 612 ·
1603 581 1719 652 ἐγὼ

142 679 232 734 καὶ
257 681 289 731 d
306 675 523 745 Πατὴρ
552 676 622 729 ἓν
645 677 852 746 ἐσμεν,
881 676 996 744 καὶ,
1037 676 1185 747 Ἐγὼ
1210 677 1278 730 ἐν
1303 673 1384 740 τῷ
1403 676 1584 744 Πατρὶ
1618 674 1717 728 καὶ

141 773 172 824 ὀ
196 767 398 836 Πατὴρ
420 769 497 822 ἐν
519 768 672 837 ἐμοί.

203 862 289 917 30.
327 861 517 930 Ἔχεις
547 860 726 914 τοίνυν
759 860 1014 932 ἐξαυτῆς
1040 860 1140 931 τῆς
1174 859 1284 913 τῶν
1312 859 1546 931 Γραφῶν
1581 859 1718 912 ἀπο·

140 953 348 1016 δείξεως
381 951 479 1005 τὸν
529 951 817 1024 ἄνθρωπον
850 952 943 1005 τοῦ
998 951 1250 1022 Σωτῆρος
1273 991 1288 1015 ,
1331 951 1389 1004 ὃν
1434 953 1718 1004 κατανοεῖν

141 1041 496 1114 διδασκόμεθα
522 1043 685 1096 αὑτὸν
716 1038 854 1096 εἶναι
888 1043 1132 1114 ποίημα’
1167 1042 1228 1094 ού
1263 1041 1372 1114 γὰρ
1413 1043 1510 1114 τὴν
1558 1042 1719 1112 ἀόρα-

141 1155 222 1191 τον
273 1136 505 1207 θεότητα
556 1135 650 1190 τοῦ
704 1137 903 1207 Λόγου,
957 1137 1056 1207 τὴν
1085 1137 1142 1188 ὲν
1173 1136 1394 1198 κόλποις
1443 1133 1718 1206 πατρῴοις

141 1205 636 1300 ἀποκεκρυμμένην
663 1270 677 1292 ,
705 1205 977 1300 ἦνὀὐδεὶς
1009 1205 1114 1292 ἕως
1137 1227 1230 1280 τοῦ
1259 1226 1420 1298 δεῦρο
1442 1227 1712 1281 τεθέαται.

142 1323 242 1374 Καὶ
277 1320 438 1374 τοῦτο
475 1320 688 1384 Παῦλος
719 1317 858 1374 οἶδεν
891 1319 1048 1391 ἡμῶν
1083 1319 1284 1387 μᾶλλον
1324 1319 1524 1388 λέγων·
1555 1323 1719 1389 Περι-

142 1413 408 1484 ήστραψέ
435 1432 516 1484 με
546 1415 673 1484 φῶς
717 1411 950 1477 ἱκανὸν,
999 1413 1097 1465 καὶ
1130 1412 1326 1466 ἔπεσα
1361 1413 1449 1477 είς
1483 1410 1547 1464 2‘6
1590 1411 1719 1463 ἐδα-

143 1525 263 1576 φος.
295 1507 404 1560 Kal
445 1507 700 1576 ,ἤκουσα
735 1503 947 1575 ,φωνῆς
984 1504 1288 1573 λεγούσης
1307 1520 1440 1573 μοι·
1474 1502 1673 1557 Σαοὺλ
1698 1543 1713 1567 ,

143 1597 352 1663 Σαοὺλ,
387 1599 448 1652 τι
473 1615 554 1668 με
585 1596 852 1664 διώκεις;
877 1596 1152 1664 σκληρόν
1178 1611 1279 1649 σοι
1320 1596 1471 1664 πρὸς
1501 1597 1718 1663 κέντρα

141 1689 447 1751 λακτίζειν.
484 1689 664 1760 Κάγὼ
687 1686 892 1744 εἷπον·
931 1689 1029 1754 Τίς
1046 1684 1120 1755 εἷ,
1145 1689 1323 1756 Κύριε
1339 1703 1359 1752 ;
1387 1687 1498 1740 Καὶ
1539 1689 1572 1740 ό
1597 1686 1714 1740 Κύ-

1819 496 1980 550 modo
2011 505 2234 564 possent
2264 497 2623 566 spiritualiter
2672 513 2889 568 capere,
2929 498 3118 553 docuit
3153 498 3240 552 his
3282 513 3408 550 ver-

1820 585 1904 641 bis
1933 604 1947 638 :
1987 585 2090 652 Qui
2116 588 2244 640 vidit
2273 605 2374 654 me,
2403 590 2534 643 vidit
2567 599 2616 644 et
2643 589 2863 643 Patrem
2891 591 2968 655 ’°;
3010 593 3122 660 Ego
3158 601 3207 643 et
3245 589 3407 642 Pater

1819 693 1983 730 unum
2017 695 2198 732 sumus
2221 679 2264 710 ²¹
2288 696 2303 745 ;
2330 689 2412 744 et,
2437 680 2546 751 Ego
2569 683 2624 734 in
2658 681 2817 735 Patre
2843 691 2891 734 et
2919 680 3081 735 Pater
3104 682 3156 734 in
3179 698 3258 734 me
3276 681 3345 735 ’9.
3365 723 3379 752 ._

1893 859 2107 930 1036
2120 859 2208 914 50.
2235 859 2414 917 Habes
2440 862 2622 932 itaque
2641 877 2705 916 ex
2724 863 2837 932 ipsa
2856 877 3136 917 sacrarum
3157 861 3407 931 Scriptu-

1819 967 2005 1006 rarum
2058 953 2545 1018 demonstratione,
2589 954 2867 1008 hominem
2912 951 3218 1008 Servatoris
3253 969 3399 1013 esse,

1819 1059 1982 1113 quem
2009 1052 2068 1098 ut
2106 1060 2222 1098 rem
2263 1055 2503 1100 creatam
2551 1046 2906 1101 considerare
2946 1047 3248 1110 docemur;
3301 1045 3401 1100 sed

1819 1151 1927 1190 non
1965 1135 2296 1190 invisibilem
2338 1135 2502 1191 Verbi
2533 1136 2896 1202 divinitatem,
2930 1152 3050 1207 quae
3081 1137 3134 1190 in
3170 1143 3402 1206 paterno

1819 1226 1944 1280 sinu
1999 1225 2320 1281 abscondita
2375 1237 2478 1292 est,
2527 1243 2804 1298 quamque
2833 1243 2994 1282 nemo
3026 1229 3292 1284 hactenus
3319 1230 3404 1281 vi-

1818 1318 1916 1371 dit.
1953 1317 2010 1371 ld
2062 1332 2191 1372 vero
2225 1316 2430 1374 Paulus
2472 1321 2826 1388 praestantius
2872 1335 3038 1389 quam
3084 1334 3185 1374 nos
3229 1334 3402 1374 nove-

1818 1419 1924 1474 rat,
1957 1409 2051 1479 qui
2073 1409 2181 1464 ait:
2225 1407 2601 1479 Circumfulsit
2639 1427 2722 1464 me
2747 1411 2842 1464 lua:
2887 1412 3123 1481 copiosa,
3154 1420 3202 1465 et
3229 1411 3404 1464 decidi

1819 1503 1872 1556 in
1901 1513 2100 1556 terram
2127 1517 2145 1554 :
2174 1513 2225 1558 et
2257 1503 2438 1557 audivi
2479 1521 2651 1558 vocem
2699 1505 2957 1557 dicentem
2993 1504 3124 1557 milii
3146 1519 3167 1558 :
3203 1503 3398 1564 Saule,

1819 1594 2005 1658 Saule,
2032 1595 2160 1665 quid
2199 1612 2279 1649 me
2326 1597 2701 1666 persequeris?
2740 1597 2934 1649 durum
2957 1606 3035 1650 est
3079 1597 3174 1650 tibi
3217 1607 3402 1651 contra

1821 1688 2065 1741 Stimulos
2098 1687 2404 1743 calcitrare.
2441 1688 2508 1743 Et
2550 1706 2643 1760 ego
2693 1689 2976 1758 respondi:
3017 1689 3149 1755 Quis
3187 1704 3264 1754 es,
3293 1689 3404 1744 Do-

138 1781 256 1847 ριός
292 1795 444 1849 φησι
483 1779 638 1849 πρὸς
673 1777 784 1849 μέο
829 1779 977 1849 Ἐγώ
1017 1781 1134 1848 ειμι
1192 1778 1466 1847 Ἰησοῦς,
1514 1777 1588 1832 ὃν
1633 1777 1712 1831 σὺ

1879 1779 1961 1831 ine
1979 1781 2004 1833 ?
2034 1781 2102 1832 Et
2134 1779 2274 1832 dixit
2301 1780 2556 1833 Dominus
2585 1779 2736 1844 mihi,
2768 1777 2878 1849 Ego
2898 1795 3016 1832 sum
3041 1778 3223 1844 Iesus,
3247 1796 3401 1850 quem

143 1871 379 1940 διώκεις.
427 1871 716 1944 Ὁμολογεῖ
747 1871 804 1924 δὲ
834 1871 945 1924 ἀπὸ
965 1871 1063 1941 τῆς
1097 1870 1254 1942 δόξης
1276 1870 1373 1924 τοῦ
1403 1869 1581 1940 φωτὸς
1620 1868 1714 1923 τοῦ

146 1967 333 2040 Κυρίου
355 1963 754 2036 τετυφλῶσθαιο
774 1965 870 2018 καὶ
889 1963 1026 2035 μετὰ
1047 1965 1196 2034 τρεῖς
1213 1965 1244 2034 ἡ
1255 1963 1425 2035 μέρας
1442 1964 1500 2030 ἐξ
1516 1965 1716 2017 ἀποκα·

147 2055 346 2127 λύψεως
377 2053 475 2108 καὶ
502 2051 854 2125 προστάξεως
875 2051 1042 2106 αὑτοῦ
1059 2051 1386 2122 ὴτενικέναι.
1413 2053 1475 2105 Et
1498 2051 1555 2104 δὲ
1575 2052 1716 2106 Παῦ-

145 2149 317 2214 λος,τδ
339 2147 537 2212 σκεῦος
552 2147 652 2217 τῆς
672 2145 924 2217 ἐκλογῆς,
938 2144 1299 2215 τετύφλωται,
1322 2144 1396 2216 μὴ
1420 2144 1715 2214 δυνάμενος

146 2243 266 2314 ὁρᾷν
292 2241 389 2313 τὴν
413 2239 512 2294 τοῦ
545 2238 754 2311 Κυρίου
792 2239 984 2304 δόξαν·
1020 2239 1138 2303 πῶς
1163 2240 1311 2310 ἡμᾶς
1342 2235 1584 2292 διδάσκει
1615 2237 1714 2308 τὴν

149 2334 361 2406 θεότητα
392 2332 562 2388 αὑτοῦ
596 2331 690 2386 τοῦ
723 2331 899 2401 Λόγου
947 2333 1233 2386 κατανοεῖν
1260 2348 1275 2398 ;
1341 2330 1480 2384 Ἀλλ’
1513 2329 1542 2382 6
1588 2330 1716 2383 πολ-

149 2426 292 2492 λάκις
319 2422 493 2490 εἷπον,
517 2427 614 2482 καὶ
636 2423 733 2478 νῦν
758 2424 892 2496 ἐρῶ,
937 2423 1146 2496 Ἰησοῦν
1168 2423 1258 2476 τὸν
1287 2422 1574 2494 ἄνθρωπον
1617 2421 1713 2475 τοῦ

143 2523 404 2594 Σωτῆρος,
438 2520 533 2575 τὸν
570 2519 760 2574 πιστὸν
803 2517 931 2572 ὄντα
966 2516 1046 2589 τῷ
1079 2517 1368 2589 ποιήσαντι
1398 2515 1596 2581 αὐτὸν,
1635 2511 1715 2570 εἷ-

149 2630 244 2668 πεν
271 2615 398 2684 ἡμῖν
427 2613 738 2667 κατανοεῖν.

214 2789 296 2844 51.
339 2789 604 2861 Μιμηταί
625 2803 746 2858 μου
770 2785 1042 2856 γίνεσθε,
1091 2783 1258 2856 φησὶ,
1310 2782 1506 2850 καθὼς
1551 2777 1714 2851 κάγὼ

152 2883 389 2952 Χριστοῦ
410 2901 424 2915 ο
463 2880 710 2954 δηλονότι
735 2877 828 2932 τοῦ
863 2875 1152 2949 ἀνθρώπου
1187 2874 1358 2943 λέγει,
1391 2872 1484 2927 τοῦ
1519 2872 1713 2944 κειμέ-

151 2963 237 3028 νου
283 2974 551 3047 θεμελίου.
601 2974 713 3044 Τῆς
760 2971 870 3042 γὰρ
910 2968 1162 3038 θεότητος
1205 2965 1299 3020 τοῦ
1354 2965 1528 3033 Λόγου
1587 2962 1714 3017 οὔτε

152 3067 365 3133 Παῦλος,
395 3067 520 3122 οὔτε
560 3065 749 3139 ἕτερός
780 3081 864 3128 τις
893 3060 1146 3132 γενέσθαι
1189 3060 1412 3113 δύναται
1445 3057 1711 3131 μιμητὴς,

154 3161 200 3211 εί
223 3161 292 3232 μῆ
318 3162 375 3213 ὲν
397 3160 524 3227 τοῖς
557 3158 869 3228 παθήμασι
890 3157 984 3211 καὶ
1015 3153 1289 3226 πραΰτητι
1322 3150 1418 3204 τοῦ
1451 3149 1710 3223 Χριστοῦ·

159 3247 271 3318 περὶ
296 3241 367 3303 ὧν
399 3249 427 3301 6
474 3248 687 3319 Πέτρος
723 3247 870 3315 λέγει
923 3242 1382 3313 ὲπακολουθήσειν
1423 3243 1571 3313 ἡμᾶς
1604 3243 1716 3304 τοῖς

155 3337 341 3407 ιίχνεσιν
375 3338 544 3394 αὑτοῦ
568 3355 582 3369 ·
619 3337 801 3402 καθὼς
839 3337 933 3390 καὶ⁸
963 3338 992 3390 ό
1023 3334 1234 3398 Παῦλος
1275 3329 1428 3397 εἷπε,
1464 3332 1533 3386 τὰ
1559 3334 1715 3386 ὑστε-

157 3431 359 3501 ρήματα
382 3433 489 3486 τῶν
513 3430 748 3502 θλίψεων
778 3429 874 3483 τοῦ
911 3426 1150 3500 Χριστοῦ
1179 3425 1528 3498 ἀναπληροῦν
1558 3428 1615 3479 ὲν
1645 3427 1712 3497 τῇ

162 3523 254 3596 [Bia
283 3527 458 3598 σαρκί.
505 3524 942 3597 ’Δναντιρρήτως
969 3518 1062 3576 οῦν
1094 3523 1122 3575 6
1151 3521 1257 3593 πρὸ
1285 3520 1378 3574 τοῦ
1405 3518 1598 3583 αἰῶνος
1624 3517 1714 3570 Θε-

163 3615 425 3684 μελιωθεὶς
449 3620 532 3682 εἰς
555 3617 624 3671 τά
649 3616 948 3688 ἀπόκρυφα
972 3616 1068 3687 τῆς
1105 3613 1365 3686 πατρῴας
1393 3611 1632 3676 διανοίας
1656 3614 1714 3664 ὲν

160 3709 438 3778 προγνώσει
459 3707 552 3782 ἦν,
587 3710 646 3763 ὃν
680 3707 902 3781 ἔμελλεν
939 3710 1002 3762 ἐκ
1031 3708 1252 3779 Μαρίας
1290 3704 1568 3778 Κυριακὸν
1616 3703 1713 3758 ἇν-

161 3797 354 3871 θρωπον
380 3805 604 3870 κτίζειν.
634 3803 768 3875 Περὶ
791 3802 848 3856 δὲ
877 3801 937 3855 τὸ
968 3800 1249 3872 Κυριακὸν
1278 3799 1436 3870 σῶμα
1463 3796 1713 3869 φανερῶς

161 3895 518 3966 προεφητεύθη
550 3893 628 3965 τῷ
665 3893 870 3964 Ἰούδᾳ·
924 3894 1021 3947 Ἐκ
1048 3893 1164 3948 σοῦ
1201 3891 1586 3957 ἐξελεύσεταί
1611 3909 1713 3960 μοι

161 3983 484 4055 ἡγούμενοςο
517 3987 618 4042 καὶ
646 3987 686 4054 ὴ
717 3985 874 4056 ἀρχὴ
894 3985 1079 4040 αὐτοῦ
1099 3986 1201 4038 ἀπ’
1224 3985 1420 4056 ἀρχῆς
1441 3985 1540 4055 ἀφ’
1572 3988 1713 4055 ἡμε-

155 4074 263 4140 ρῶν
279 4080 483 4149 αἰῶνος
503 4098 518 4113 ο
550 4081 754 4154 καίπερ
792 4080 886 4133 ἐπὶ
936 4078 1218 4150 συντελείᾳ
1245 4079 1354 4132 τῶν
1403 4077 1614 4133 αἰώνων
1648 4081 1712 4131 ὲκ

162 4167 313 4240 φυλῆς
359 4173 529 4228 Ἰούδα
570 4172 858 4244 ἀνείληφεν
897 4172 926 4224 6
972 4170 1105 4233 Θεὸς
1146 4170 1318 4239 Λόγος
1371 4171 1462 4224 τὸν
1502 4169 1712 4242 ἄνθρω-

161 4272 268 4313 πον.

221 4352 301 4406 52.
331 4355 524 4422 Ὅταν,
551 4357 736 4428 φησὶν,
757 4353 1030 4425 ὑποταγῇ
1054 4353 1214 4420 αὑτῷ
1240 4353 1312 4408 τὰ
1338 4354 1552 4421 πάντα,
1578 4356 1713 4410 τότε

1821 1877 1881 1921 tu
1908 1869 2230 1938 persequeris
2255 1868 2323 1924 ".
2358 1868 2584 1923 Fatetur
2614 1877 2795 1923 autem
2829 1884 2890 1924 se
2926 1884 2958 1923 a
2991 1869 3164 1937 gloria
3198 1879 3254 1924 et
3294 1870 3404 1925 cla-

1824 1961 1986 2015 ritate
2010 1961 2151 2016 lucis
2185 1960 2399 2016 Domini
2433 1970 2792 2029 excrecatum,
2826 1975 2880 2018 et
2905 1969 3027 2034 post
3056 1964 3295 2018 triduum
3331 1978 3401 2019 ex

1822 2052 2154 2108 revelatione
2183 2062 2236 2108 et
2258 2053 2421 2123 jussu
2460 2053 2636 2123 ipsius
2679 2055 2861 2109 visum
2891 2056 3184 2124 recepisse.
3212 2053 3402 2122 Quod-

1815 2142 1867 2197 si
1902 2141 2126 2209 Paulus,
2157 2158 2253 2198 vas
2289 2142 2596 2208 electionis,
2636 2153 2941 2198 excaecatus
2968 2152 3070 2206 est,
3094 2143 3255 2212 quod
3286 2144 3403 2213 glo-

1821 2234 1916 2289 riae
1939 2233 2157 2289 Domini
2179 2243 2534 2305 conspectum
2568 2235 2709 2290 ferre
2741 2250 2852 2290 non
2881 2235 3112 2290 valuerit
3136 2253 3150 2301 ;
3179 2235 3273 2305 qui
3297 2250 3401 2288 nos

1821 2326 1940 2398 ipse
1964 2329 2194 2384 edocere
2215 2329 2390 2400 possit
2425 2345 2536 2400 quo
2571 2338 2730 2400 pacto
2755 2328 3172 2384 consideremus
3201 2337 3255 2382 et
3277 2343 3402 2398 per-

1817 2421 2117 2491 spiciamus
2167 2423 2342 2494 ipsius
2379 2420 2542 2478 Verbi
2583 2422 2889 2477 deitatem?
2942 2420 3046 2476 Sed
3095 2437 3216 2492 quae
3257 2436 3400 2491 saepe

1819 2513 1954 2580 dixi,
1989 2522 2044 2570 ct
2074 2530 2222 2571 nunc
2251 2523 2527 2585 repetam:
2554 2512 2741 2569 Jesum
2767 2513 3398 2574 Servatorishominem.

1816 2610 1913 2683 qui
1949 2609 2123 2664 ﬁdelis
2148 2615 2233 2663 est
2274 2607 2322 2661 ei
2354 2606 2448 2677 qui
2482 2605 2611 2661 fecit
2648 2606 2859 2676 ipsum,
2899 2605 3062 2661 nobis
3103 2620 3229 2660 csse
3272 2620 3400 2661 con-

1821 2700 2170 2758 siderandum
2191 2698 2350 2753 dixit.

1890 2792 1979 2848 '51.
2011 2790 2318 2845 Imitatores
2366 2791 2469 2844 mei
2514 2799 2712 2856 estote,
2766 2787 2990 2858 inquit,
3049 2788 3186 2841 sicut
3220 2796 3268 2841 et
3305 2802 3402 2857 ego

1821 2884 2022 2941 Christi
2053 2883 2100 2916 ’⁸
2126 2903 2139 2937 :
2172 2883 2240 2939 de
2266 2883 2486 2938 homine
2526 2882 2734 2938 scilicet
2756 2881 3022 2950 loquitur,
3054 2881 3147 2950 qui
3178 2879 3393 2950 positus

1820 2987 1905 3032 est
1941 2976 1996 3030 in
2029 2974 2472 3029 fundamentum.
2507 2973 2822 3028 Divinitatis
2854 2971 3001 3028 enim
3028 2969 3192 3026 Verbi
3221 2987 3401 3040 neque

1819 3067 2042 3134 Paulus,
2070 3081 2248 3137 neque
2271 3065 2546 3136 quispiam
2571 3065 2712 3119 alius
2743 3071 2920 3134 potest
2960 3063 3205 3118 imitator
3233 3078 3355 3117 esse
3382 3081 3397 3116 :

1820 3174 1920 3214 nec
1938 3158 2040 3212 nisi
2073 3157 2129 3210 in
2154 3155 2492 3224 passionibus
2513 3161 2569 3209 et
2594 3155 2646 3208 in
2673 3152 3095 3208 mansuetudine
3119 3152 3399 3207 Christum

1816 3265 2113 3321 possumus
2151 3248 2390 3302 imitari:
2420 3247 2488 3301 de
2509 3247 2712 3316 quibus
2743 3245 2940 3300 Pelrus
2979 3246 3056 3300 ait
3085 3247 3154 3310 ’³,
3192 3262 3294 3299 nos
3320 3260 3403 3300 sc-

1816 3350 2042 3396 cuturos
2085 3337 2314 3409 vestigia
2369 3337 2522 3408 ejus:
2571 3337 3032 3407 quemadmodum
3091 3347 3143 3389 et
3191 3333 3398 3390 Paulus

1813 3435 1892 3489 ait
1916 3434 1985 3498 ",
2041 3432 2339 3502 adimplere
2394 3446 2454 3486 se
2507 3445 2632 3500 quae
2695 3430 2895 3485 desunt
2948 3429 3399 3483 tribulationibus

1814 3525 2018 3582 Christi
2049 3525 2103 3578 in
2139 3539 2304 3578 carne
2329 3537 2452 3578 sua.
2505 3519 2637 3576 Sine
2681 3519 3061 3577 controversia
3092 3519 3260 3590 igitur
3287 3529 3394 3579 est,

1813 3634 1937 3674 eum
1955 3617 2190 3688 quiante
2208 3615 2407 3671 saecula
2425 3613 2686 3669 fundatus
2715 3624 2800 3668 est
2829 3613 3122 3668 in-secreto
3155 3619 3400 3681 paterna:

1813 3711 2013 3765 mentis
2041 3724 2135 3780 per
2157 3707 2556 3777 praescientiam
2591 3705 2784 3770 fuisse,
2816 3705 3160 3762 Dominicum
3187 3706 3400 3762 scilicet

1812 3800 2113 3860 hominem,
2149 3813 2312 3869 quem
2330 3797 2575 3852 futurum
2599 3804 2791 3852 eratut
2815 3787 2976 3852 Pater
2991 3813 3058 3852 ex
3074 3797 3244 3852 Maria
3265 3813 3400 3868 pro-

1811 3892 2053 3947 duceret.
2078 3890 2152 3945 De
2173 3889 2458 3944 Dominico
2493 3897 2674 3944 autem
2701 3903 2929 3959 corpore
2957 3890 3136 3958 palam
3159 3898 3242 3944 est
3272 3905 3398 3959 pro-

1811 3984 2028 4054 phetico
2048 3979 2400 4036 aillatuJudze
2431 3982 2635 4036 dictum
2657 3979 2864 4035 fuisse:
2897 3979 2982 4034 Ex
3013 3991 3060 4035 te
3085 3982 3224 4035 exiet
3266 3981 3397 4034 mihi

1811 4076 1921 4128 dua:
1942 4085 2018 4128 :et
2035 4073 2365 4143 principatus
2395 4071 2506 4141 ejus
2531 4089 2561 4124 a
2578 4070 2839 4142 principio
2855 4087 2887 4124 a
2912 4072 3096 4126 diebus
3122 4071 3304 4126 sceculi
3325 4073 3395 4125 ³⁷.

1813 4166 2092 4236 Siquidem
2136 4165 2190 4219 in
2235 4165 2711 4221 consummatione
2757 4165 3084 4220 saaculoruln
3133 4180 3201 4220 ex
3253 4166 3396 4220 tribu

1810 4255 1948 4312 Juda
1989 4257 2134 4313 D‘eus
2180 4255 2420 4312 Verbum
2444 4257 2744 4328 assumpsit
2773 4258 3073 4312 hominem.

1882 4348 1971 4402 ⁸52.
2010 4348 2165 4415 Cum,
2199 4350 2410 4419 inquit,
2435 4348 2671 4418 subjecta
2703 4349 2900 4419 fuerint
2927 4348 3011 4402 illi
3040 4350 3250 4414 omnia,
3286 4349 3397 4419 ipse

160 4441 245 4494 καὶ
282 4447 455 4514 αὐτὸς
507 4452 539 4503 ὁ
589 4447 721 4513 Υἱὸς
748 4445 1195 4515 ὑποταγήσεται
1228 4446 1308 4512 τῷ
1342 4446 1710 4511 ὑποτάξαντι

1874 4440 1992 4494 ilius
2031 4441 2296 4510 subjectus
2339 4442 2443 4494 erit
2496 4442 2545 4495 ei
2595 4442 2685 4511 qui
2714 4441 2939 4510 subjecit
2984 4439 3085 4493 sibi
3120 4443 3300 4494 omnia
3323 4442 3395 4492 ".

160 4534 298 4601 αὐτῷ
324 4539 392 4593 τὰ
421 4542 636 4596 πάντα.
695 4540 1027 4610 Ζητήσωμεν
1055 4539 1236 4592 τοίνυν
1261 4539 1350 4602 τίς
1384 4541 1532 4592 ἐστιν
1573 4540 1602 4591 ὁ
1637 4539 1710 4610 μὴ

161 4622 572 4702 ὑποτασσόμενος
617 4631 694 4702 τῷ
724 4630 874 4701 Θεῷ,
927 4631 976 4682 εί
1009 4629 1086 4701 μὴ
1129 4631 1394 4702 πρότερον
1435 4629 1506 4684 τὰ
1537 4632 1712 4684 πάντα

161 4714 290 4787 αὐτῷ
312 4719 569 4795 ὑποταγῇ.
604 4723 669 4775 Τί
691 4721 800 4793 γὰρ
823 4721 922 4774 οὐκ
952 4716 1096 4792 εἶχεν
1128 4721 1567 4792 ὑποτεταγμένον
1595 4723 1623 4774 6
1649 4724 1713 4776 ἐκ

161 4802 347 4878 Πατρός
374 4815 576 4884 Λόγος,
626 4813 757 4886 πρὶν
796 4813 894 4884 τῆς
926 4813 994 4866 δι’
1032 4806 1093 4866 οὗ
1127 4814 1384 4885 ὲφόρεσεν
1422 4812 1710 4886 ἀνθρώπου

159 4892 215 4946 δι’
257 4902 393 4972 ἡμᾶς
436 4907 782 4978 οἰκονομίας;
841 4905 1020 4959 πάντα
1062 4905 1169 4978 γὰρ
1207 4905 1275 4960 τὰ
1323 4907 1601 4979 ποιήματα
1631 4906 1711 4978 τῷ

160 4996 452 5065 πεποιηκότι
482 4998 871 5054 ὑποτάσσεται.
902 4996 992 5068 Τῷ
1013 4997 1070 5050 δὲ
1101 4997 1465 5069 ἀναληφθέντι
1497 4998 1710 5070 ἀνθρώ-

161 5091 236 5147 πῳ
277 5082 372 5149 ἓως
403 5088 496 5142 νῦν
528 5089 591 5142 οὐ
623 5089 693 5144 τὰ
731 5087 910 5141 πάντα
944 5087 1341 5142 ὑποτέτακται·
1381 5090 1515 5160 φησὶ
1543 5089 1653 5162 γὰρ

159 5165 374 5239 Παῦλοςο
423 5180 598 5234 Οὔπω
624 5179 939 5249 βλέπομεν
963 5178 1124 5244 αὐτῷ
1156 5179 1229 5233 τὰ
1263 5179 1460 5233 πάντα
1490 5184 1708 5235 ὑποτεο

161 5265 408 5332 ταγμένα.
428 5275 551 5337 Τοῖς
577 5272 687 5345 γὰρ
715 5273 990 5336 Ἰουδαίοις
1017 5257 1310 5326 σκάνδαλόν
1334 5276 1502 5338 ἐστιν,
1531 5273 1709 5328 ἔθνεσι

158 5345 206 5400 δὲ
232 5359 414 5429 μωρία,
447 5367 576 5436 ἡμῖν
607 5365 665 5418 δὲ
687 5367 798 5428 τοῖς
819 5367 898 5428 είς
918 5365 1083 5418 αὑτὸν
1117 5367 1431 5419 πιστεύουσι
1452 5365 1707 5434 Χριστὸς

162 5440 289 5497 θεοῦ
316 5448 556 5524 δύναμις
578 5456 676 5510 καὶ
714 5454 863 5510 Θεοῦ
893 5456 1100 5524 σοφία.
1138 5457 1305 5510 Ὅταν
1342 5457 1520 5511 τοίνυν
1559 5457 1708 5510 πᾶσα

220 5618 429 5702 ’,ξ-³ου.
456 5651 562 5701 xw,
601 5637 652 5691 9.
733 5639 774 5668 ²¹
809 5636 966 5693 Joan.
1013 5653 1046 5690 χ
1071 5679 1085 5700 ,
1125 5637 1215 5693 50.
1308 5639 1354 5669 ²²
1384 5635 1544 5691 Joan.
1585 5652 1699 5702 xw,
1740 5635 1826 5690 10.

1816 4537 2138 4602 Quaeramus
2191 4536 2376 4606 itaque
2408 4537 2534 4607 quis
2580 4537 2669 4591 ille
2697 4545 2782 4592 est
2815 4537 2908 4607 qui
2948 4553 3059 4591 non
3107 4539 3398 4607 subjicitur

1814 4627 1959 4694 Deo,
1994 4627 2100 4682 nisi
2131 4628 2286 4697 prius
2313 4627 2498 4681 omnia
2528 4628 2773 4699 subjecta
2805 4629 2917 4684 sint
2943 4629 3043 4682 illi.
3079 4627 3222 4694 Quid
3247 4631 3396 4684 enim

1813 4719 2004 4774 habuit
2027 4734 2139 4774 non
2170 4720 2274 4775 sibi
2309 4721 2617 4791 subjectum
2647 4721 2694 4776 is
2730 4721 2848 4792 qui,
2881 4731 3009 4776 ante
3029 4721 3394 4776 oeconomiam

1811 4813 2050 4882 suscepti
2087 4827 2186 4882 pro
2218 4813 2380 4868 nobis
2408 4813 2649 4868 hominis
2671 4857 2685 4880 ,
2741 4813 2922 4869 Patris
2967 4812 3206 4869 Verbum
3238 4815 3398 4869 erat?

1811 4904 1994 4958 omnia
2017 4904 2217 4974 quippe
2238 4904 2456 4974 opilicia
2476 4906 2654 4975 opifici
2679 4907 3071 4976 subjiciuntur.
3095 4910 3396 4976 Assumpto

1811 5005 1994 5051 autem
2027 4997 2236 5050 homini
2270 5013 2380 5051 non
2411 4999 2597 5052 omnia
2627 4999 2792 5052 etiam
2835 5000 2903 5054 ad
2935 4999 3038 5054 hoc
3064 5015 3240 5069 usque
3258 5011 3395 5053 tem-

1809 5104 1914 5159 pus
1945 5089 2192 5159 subjecta
2220 5101 2378 5157 sunt;
2408 5091 2486 5144 ait
2513 5092 2658 5146 enim
2695 5091 2900 5147 Paulus
2929 5111 2942 5146 :
2975 5091 3214 5146 Necdum
3249 5093 3395 5146 vide-

1811 5197 1928 5234 mus
1957 5183 2137 5235 omnia
2164 5182 2400 5252 subjecta
2429 5185 2477 5238 ei
2501 5185 2567 5238 ³³.
2602 5182 2805 5239 Iudaeis
2837 5185 3040 5254 quippe
3073 5169 3394 5240 scandalum

1807 5283 1912 5341 est,
1931 5276 2184 5345 gentibus
2207 5286 2390 5330 autem
2414 5277 2665 5340 stultitia,
2688 5277 2848 5332 nobis
2867 5292 2998 5332 vero
3019 5277 3114 5346 qui
3138 5277 3191 5330 in
3211 5277 3393 5346 ipsum

1811 5366 2110 5434 credimus,
2137 5365 2380 5422 Christus
2403 5377 2481 5420 est
2509 5366 2609 5421 Dei
2634 5367 2802 5420 virtus
2827 5377 2875 5421 et
2908 5367 3004 5421 Dei
3033 5368 3299 5437 sapientia
3324 5367 3392 5420 ³ο.

1815 5459 1952 5513 Cum
2000 5459 2186 5530 itaque
2228 5461 2410 5515 omnis
2437 5471 2687 5516 creatura
2732 5462 2785 5516 in
2821 5462 3060 5516 nubibus
3094 5465 3392 5518 occurrerit

1943 5637 1990 5668 ’³
2013 5638 2132 5692 Act.
2159 5654 2298 5701 xm,
2329 5639 2444 5693 6—8.
2552 5642 2598 5673 ”
2621 5641 2795 5698 LCor.
2832 5659 2908 5706 Iv,
2944 5644 3030 5699 16.
3129 5645 3218 5700 ’⁸1
3249 5647 3393 5702 Petr.

165 5688 314 5747 21,21.
384 5702 428 5734 ὀ
456 5688 667 5763 corbes.
703 5688 1246 5772 u,2i.wiliii}:!{.'§,
1281 5708 1335 5761 2.
1391 5688 1712 5762 “fibri—Hi

1874 5706 1908 5761 ι.
1989 5688 2052 5740 ’ἴ
2069 5688 2420 5778 uestitus.”
2432 5688 2444 5693 ⁷
2493 5712 2538 5744 ³ο
2575 5688 2810 5779 ιίὲὧίἶ,
2833 5688 2935 5774 ξε.
