3794 6226
404 285 540 339 1Ξ37

969 283 1025 338 S.
1070 281 1438 336 ATHANASH
1482 281 1634 336 OPP.
1677 279 1864 335 PARS
1900 281 1942 334 1.
1983 310 2054 322 -
2093 279 2460 334 HISTORICA
2501 281 2588 334 ET
2629 280 3051 338 DOGMATICA.

3535 290 3672 343 5238

399 403 560 466 Filio.
579 413 632 459 et
654 403 757 474 ipsi
779 402 1020 472 subjecta
1044 401 1234 464 fuerit;
1260 413 1390 456 tunc
1409 409 1463 454 et
1485 401 1600 470 ipse
1623 399 1794 454 Filius
1820 398 1968 452 Patri

2140 399 2315 463 κτίσις
2351 402 2409 451 ὲν
2443 399 2694 467 νεφέλαις
2722 400 3011 472 ἀπαντήσῃ
3040 399 3118 470 τῷ
3144 399 3259 471 Υἱῷ
3279 440 3294 462 ,
3335 403 3434 456 καὶ
3467 420 3679 456 uncta-

400 496 741 567 subjicietur,
770 493 944 548 factus
974 509 1071 563 pro
1096 493 1245 547 omni
1271 501 1522 548 creatura
1553 491 1726 546 ﬁdelis
1757 499 1978 560 aposto-

401 591 487 647 lus
513 599 566 646 et
593 590 862 661 pontifex,
916 598 974 642 ut
1006 588 1076 642 sit
1111 587 1254 642 Deus
1289 585 1474 639 omnia
1508 585 1560 636 in
1595 582 1890 649 omnibus,
1924 581 1978 635 id

399 693 486 739 est
506 724 522 750 ,
551 682 708 738 Pater
730 691 784 736 et
814 681 988 736 Filius
1016 693 1069 734 et
1094 678 1336 749 Spiritus
1367 686 1588 732 sanctus
1609 716 1625 740 ,
1659 691 1768 729 una
1800 673 1980 728 domi-

399 779 585 843 natio,
625 777 882 834 divinitas
913 784 968 828 et
999 788 1249 842 regnum.
1283 769 1442 838 Quod
1473 770 1518 824 si
1568 770 1694 838 quis
1737 769 1975 822 dixerit:

398 868 517 924 Non
543 869 728 924 Iesum
753 867 1055 936 subjectum
1085 879 1207 918 esse
1227 864 1366 917 dixit
1385 861 1699 931 Apostolus,
1726 861 1818 914 sed
1841 857 1978 912 Ver-

397 961 561 1024 bum;
618 959 804 1014 audiat
838 959 922 1024 is,
973 955 1160 1010 Iesum
1187 953 1386 1008 Filium
1421 952 1516 1008 Dei
1556 951 1742 1008 vocari
1777 960 1830 1005 et
1857 965 1979 1005 esse

397 1063 620 1124 prOpter
639 1050 878 1105 Verbum
906 1051 961 1104 in
984 1065 1050 1104 eo
1077 1046 1458 1102 absconditum
1480 1063 1493 1098 :
1513 1043 1976 1114 quemadmodum

399 1144 605 1209 Lucas,
639 1145 732 1214 qui
772 1141 1144 1212 genealogiam
1177 1137 1426 1208 scripsit,
1475 1139 1550 1191 ait
1582 1153 1596 1189 :
1634 1133 1768 1189 Erat
1801 1145 1974 1187 autem

396 1235 552 1290 Iesus
585 1238 837 1303 incipiens
859 1235 1013 1305 quasi
1044 1247 1307 1286 annorum
1331 1230 1573 1300 triginta,
1605 1228 1774 1298 ﬁiius,
1801 1236 1857 1280 ut
1880 1243 1978 1296 pu-

400 1331 634 1393 tabatur,
675 1329 959 1398 Ioseph".
999 1327 1177 1396 Atque
1215 1323 1464 1378 decursis
1511 1322 1768 1376 omnibus
1798 1321 1892 1390 qui
1924 1320 1976 1373 in

397 1423 709 1492 genealogia
741 1421 921 1476 locum
969 1419 1171 1472 habent
1224 1431 1400 1484 usque
1439 1413 1507 1467 ad
1539 1413 1711 1466 Adam
1737 1452 1752 1476 ,
1786 1411 1925 1466 dixit
1962 1429 1974 1465 :

396 1515 488 1582 qui
514 1513 617 1582 fuit
650 1513 842 1574 Adam,
875 1512 965 1582 qui
987 1511 1090 1579 fuit
1114 1507 1209 1561 Dei
1235 1508 1318 1574 ³¹;
1355 1517 1415 1562 ιιι
1440 1507 1745 1561 declararet
1774 1515 1826 1561 et
1860 1521 1978 1560 cor-

395 1620 500 1675 pus
523 1605 665 1673 quod
697 1619 764 1658 ex
786 1603 996 1656 Adamo
1031 1600 1260 1670 gestavit
1283 1640 1298 1666 ,
1329 1608 1384 1653 et
1425 1599 1678 1652 deitatem
1707 1613 1874 1667 quam
1909 1614 1977 1652 cx

397 1696 561 1752 Patre
591 1697 770 1749 habet.

469 1790 559 1842 '55.
585 1788 680 1843 Est
703 1796 880 1842 autem
909 1803 1014 1840 una
1041 1801 1106 1841 ex
1133 1785 1388 1840 omnibus
1413 1783 1580 1838 rebus
1602 1797 1740 1852 quas
1766 1782 1818 1836 in
1836 1780 1977 1836 Filio

395 1882 557 1937 Pater
588 1881 748 1936 elﬁcit
779 1891 834 1936 et
862 1880 1133 1943 ostendit,
1174 1879 1318 1949 quod
1360 1877 1476 1947 ipse
1508 1883 1803 1946 cognoscat
1835 1877 1977 1929 diem

397 1981 453 2028 et
481 1974 673 2027 horam
701 1970 933 2041 judiciif,
965 1969 1180 2040 ipsique
1207 1983 1372 2022 omne
1411 1966 1681 2035 judicium
1714 1965 1976 2032 tradidit;

397 2073 458 2118 ut
503 2063 946 2135 quemadmodum
975 2061 1235 2116 honorant
1269 2060 1522 2123 Patrem,
1575 2059 1652 2112 ita
1689 2070 1739 2112 et
1775 2056 1979 2111 Filium

397 2157 649 2210 honorent
673 2155 737 2206 ³³.
771 2154 924 2220 Quod
955 2153 1001 2209 si
1031 2154 1299 2224 judicium
1325 2167 1486 2208 omne
1511 2151 1615 2220 ipsi
1645 2149 1888 2215 tradidit,
1921 2159 1980 2204 ut

397 2249 531 2303 illud
560 2256 870 2313 exerceret;
900 2247 1164 2318 liquidum
1194 2261 1326 2301 sane
1349 2254 1432 2300 est
1453 2243 1820 2314 cognitionem
1848 2257 1982 2313 quo-

397 2356 504 2411 que
529 2340 670 2410 ejus,
698 2339 1046 2408 quandonam
1075 2338 1282 2392 scilicet
1307 2346 1361 2390 et
1389 2351 1500 2405 quo
1536 2345 1695 2405 pacto
1729 2332 1976 2388 futurum

397 2433 488 2494 sit,
517 2431 618 2500 ipsi
651 2430 902 2484 traditam
937 2427 1130 2483 fuisse.
1178 2427 1282 2494 Qui
1309 2427 1476 2498 igitur
1507 2441 1615 2480 non
1654 2425 1804 2479 novit
1831 2425 1975 2479 diem

392 2521 604 2590 judicii,
626 2519 785 2575 Iesus
806 2529 889 2574 est
914 2535 980 2573 ex
1003 2517 1171 2572 Maria
1195 2519 1431 2588 genitus,
1453 2533 1575 2571 nam
1601 2517 1696 2587 qui
1719 2531 1787 2570 ex
1813 2515 1978 2570 corde

395 2613 576 2668 Patris
608 2622 692 2668 est
715 2612 858 2667 Deus
887 2611 1146 2676 Verbum,
1181 2612 1397 2682 ignorat
1425 2611 1596 2676 nihil,
1637 2609 1732 2680 qui
1788 2609 1975 2664 omnia

397 2705 549 2763 novit
577 2714 868 2774 antequam
905 2704 1053 2756 (iant.

467 2796 557 2851 54.
577 2794 635 2850 Si
658 2795 840 2865 itaque
861 2793 1020 2848 Iesus
1039 2793 1113 2846 ait
1139 2811 1150 2846 :
1173 2789 1332 2846 Pater
1361 2809 1505 2847 meus
1527 2794 1699 2863 major
1720 2803 1798 2848 est
1815 2811 1892 2849 me
1909 2794 1976 2860 “,

395 2893 450 2941 ct
475 2896 656 2941 tamen
679 2885 810 2939 dicit
835 2900 893 2939 se
917 2884 1180 2953 aequalem
1213 2882 1321 2937 Deo
1345 2899 1498 2951 esse;
1522 2886 1832 2941 ediscamus
1856 2902 1978 2955 qua:

397 2994 562 3034 causa
593 2979 684 3042 sit,
715 2977 860 3048 quod
882 2976 1098 3031 Patrem
1129 2986 1182 3033 et
1207 2979 1472 3047 majorem
1502 2985 1558 3031 et
1581 2978 1842 3047 aequalem
1871 2979 1974 3034 sibi

395 3070 578 3127 dicat:
607 3069 780 3138 Major
813 3075 899 3123 est
928 3067 1088 3135 Filio,
1113 3076 1334 3140 propter
1360 3084 1559 3139 corpus
1580 3069 1800 3138 patibile
1829 3071 1973 3141 quod
2001 3091 2044 3149 ο

401 3159 566 3216 Filius
589 3161 852 3232 gestavit;
875 3161 1102 3230 aaqualis
1125 3176 1274 3226 vero,
1303 3163 1431 3230 quia
1455 3160 1616 3216 Pater
1636 3170 1783 3217 totus
1801 3171 1972 3217 totum

393 3253 694 3325 perfectum
725 3253 794 3308 ab
822 3261 1024 3308 aeterno
1053 3251 1240 3323 genuit
1265 3251 1486 3307 Filium.

467 3346 554 3399 55.
575 3345 1044 3411 Quemadmodum
1063 3354 1115 3399 et
1131 3343 1334 3400 Esdras
1351 3345 1668 3416 prophetico
1684 3345 1874 3414 spiritu
1893 3345 1976 3400 di—

393 3439 552 3492 citex
578 3453 812 3508 persona
837 3436 1209 3503 Zorobabelis,
1233 3437 1394 3507 idque
1414 3438 1481 3492 de
1508 3437 1647 3493 Filio
1669 3437 1762 3492 Dei
1795 3457 1807 3492 :
1839 3437 1974 3492 Vivit

394 3531 662 3593 veritas,et
681 3530 859 3594 vincit,
875 3538 925 3583 et
949 3529 1231 3583 roboratur
1243 3538 1514 3599 manetque
1532 3530 1588 3584 in
1604 3529 1801 3584 uacula
1817 3546 1977 3583 saecu-

394 3625 566 3679 lorum
583 3625 656 3691 ³⁸;
677 3623 1027 3694 intelligendo
1046 3623 1483 3693 scilicetcorpus,
1503 3622 1645 3693 quod
1663 3631 1975 3694 gestaturus

395 3723 514 3768 erat
538 3727 636 3783 pro
658 3713 836 3779 nobis,
863 3713 1024 3768 morti
1048 3713 1407 3780 tradendum;
1439 3713 1533 3769 sed
1555 3728 1664 3768 non
1687 3714 1974 3769 veritatem

393 3807 448 3860 in
479 3806 597 3875 ipso
622 3813 899 3871 latentem,
930 3805 982 3859 id
1009 3814 1095 3860 est
1123 3803 1355 3860 Verbum
1380 3803 1580 3860 Patris.
1608 3805 1726 3862 Una
1755 3807 1973 3876 quidem

392 3913 517 3952 curm
548 3895 676 3952 Iesu
700 3905 918 3951 mortuo
945 3897 1227 3951 descendit
1256 3897 1458 3952 veritas
1490 3897 1545 3951 in
1567 3912 1664 3952 cor
1689 3907 1881 3963 terrae;
1917 3907 1978 3953 ut

392 4001 487 4042 eos
527 3986 621 4056 qui
656 3986 939 4042 mendacio
971 3987 1183 4056 decepti
1222 4001 1288 4042 ac
1331 3987 1690 4042 circumventi
1729 3987 1970 4051 fuerant,

393 4077 528 4147 ipse,
560 4077 762 4133 veritas
789 4093 912 4132 cum
948 4085 1112 4142 esset,
1144 4077 1432 4132 liberaret:
1463 4078 1686 4148 perinde
1708 4095 1773 4134 ac
1809 4080 1852 4133 si
1881 4095 1975 4133 rex

392 4171 662 4239 quispiam
681 4185 955 4224 carcerem
981 4170 1139 4225 adeat
1159 4169 1434 4224 visitatum
1458 4186 1552 4225 eos
1586 4171 1678 4242 qui
1709 4171 1763 4226 in
1790 4172 1978 4226 vincu-

392 4260 460 4315 lis
491 4269 654 4326 sunt;
684 4253 1181 4330 ingressusquippe
1212 4259 1350 4314 nihil
1381 4261 1616 4338 laeditur,
1645 4265 1740 4316 sed
1767 4277 1865 4317 eos
1886 4263 1976 4332 ju-

390 4359 482 4405 vat
514 4352 606 4422 qui
638 4352 740 4406 sub
784 4351 1031 4406 custodia
1058 4361 1218 4418 sunt;
1251 4352 1325 4406 ita
1355 4351 1498 4408 Deus
1529 4351 1768 4409 Verbum
1794 4397 1808 4421 ,
1839 4355 1976 4408 nihil

2079 494 2148 563 γῇ
2186 492 2367 562 αὐτῷ⁹
2404 493 2520 545 τότε
2564 493 2660 545 καῖ⁸
2710 493 2871 556 αὐτὸς
2921 495 2950 545 6
2982 493 3110 556 Υἱὸς
3141 494 3556 564 ὑποταγήσεται
3599 495 3679 564 τῷ

2079 583 2287 654 Πατρὶ,
2321 583 2461 653 ὑπὲρ
2491 582 2672 653 πάσης
2704 582 2936 646 κτίσεως
2973 585 3266 655 γενόμενος
3309 585 3510 649 πιστὸς
3541 587 3682 640 ἀπό-

2081 674 2264 736 στολος
2287 673 2381 726 καὶ
2406 673 2718 744 ἀρχιερεὺς,
2743 674 2830 727 ἵνα
2915 675 2944 726 6
2964 674 3097 737 Θεὸς
3117 674 3186 728 τὰ
3208 675 3389 729 πάντα
3415 679 3475 730 ὲν
3501 679 3638 731 πᾶσι
3658 693 3675 707 ο

2078 764 2325 816 τουτέστι
2371 763 2562 835 Πατὴρ
2594 765 2689 817 καὶ
2723 764 2848 826 Υἱὸς
2879 765 2972 816 καὶ
3003 765 3157 833 ἅγιον
3185 767 3414 837 Πνεῦμα
3435 808 3449 831 ,
3494 772 3529 839 ἡ
3577 770 3678 837 μία

2079 855 2336 925 κυριότης
2368 855 2460 907 καὶ
2491 853 2680 926 (νεότης
2707 856 2803 907 καὶ
2826 853 3092 924 βασιλεία.
3151 857 3278 910 Ἐὰν
3309 858 3368 910 δέ
3389 875 3479 921 τις
3516 859 3674 932 λέγῃ,

2077 950 2161 1002 ὅτι
2194 949 2266 1001 Οὐ
2301 948 2392 1002 τὸν
2449 949 2655 1018 Ἰησοῦν
2691 948 2845 1000 εἶπεν
2879 949 3321 1019 ὑποτασσόμενον
3345 991 3361 1015 ,
3410 951 3552 1005 ἀλλὰ
3583 953 3677 1005 τὸν

2078 1041 2251 1109 Λόγον
2269 1059 2282 1072 ·
2317 1041 2624 1102 ἀκουσάτω,
2659 1040 2742 1092 ὄτι
2780 1039 2987 1109 Ἰησοῦς
3014 1042 3042 1092 6
3067 1041 3194 1105 Υἱὸς
3221 1042 3317 1096 τοῦ
3343 1043 3486 1096 Θεοῦ
3513 1047 3676 1116 ἐχρη-

2084 1134 2277 1205 μάτισε
2325 1133 2421 1188 καὶ
2469 1133 2588 1186 ἔστι
2630 1134 2719 1187 διὰ
2759 1134 2853 1187 τὸν
2886 1138 2944 1188 ὲν
2972 1136 3122 1206 αὺτῷ
3149 1136 3424 1207 κρυϐέντα
3453 1139 3630 1206 Λόγον
3655 1158 3668 1170 ο

2079 1228 2154 1290 ὡς
2186 1229 2214 1279 6
2235 1229 2450 1290 Λουκᾶς
2474 1226 2813 1296 γενεαλογῶν
2839 1222 2992 1280 εἶπεν
3012 1242 3026 1256 ·
3057 1224 3175 1284 Ἦν
3196 1228 3266 1282 δὲ
3301 1231 3551 1297 Ἰησοῦς
3573 1233 3673 1299 ἀρ-

2080 1321 2335 1389 χόμενος
2360 1318 2504 1372 ὡσεὶ
2531 1317 2682 1372 ἐτῶν
2711 1319 3049 1388 τριάκοντα,
3079 1318 3164 1372 ὢν
3186 1322 3338 1386 υίὸς,
3367 1323 3452 1388 ὡς
3476 1322 3675 1391 ἐνομί-

2079 1411 2202 1470 ζετο
2228 1451 2242 1475 ,
2282 1410 2388 1464 τοῦ
2427 1410 2656 1479 Ἰωσήφ.
2696 1413 2807 1465 Καὶ
2836 1409 3060 1464 διελθὼν
3090 1412 3218 1476 τοὺς
3249 1413 3455 1483 ἐφεξῆς
3485 1431 3677 1482 γενεα-

2079 1502 2235 1570 λογου
2245 1501 2439 1571 μένους
2469 1502 2662 1572 μέχρις
2683 1502 2775 1554 ἐπὶ
2798 1501 2889 1554 τὸν
2922 1502 3115 1573 Ἀδὰμ,
3141 1499 3264 1555 εἷπε
3285 1521 3298 1533 ·
3323 1504 3435 1557 τοῦ
3469 1503 3674 1570 Ἀδὰμ,

2080 1596 2185 1649 τοῦ
2243 1594 2421 1649 Θεοῦ’
2460 1595 2548 1648 ἴνα
2603 1594 2752 1666 δείξῃ
2804 1597 2899 1648 καὶ
2948 1597 3010 1649 τὸ
3074 1598 3140 1650 ὲκ
3192 1597 3288 1650 τοῦ
3330 1598 3514 1670 ’Δδάμ
3559 1601 3680 1668 €96-

2082 1705 2206 1760 ρεσε
2235 1688 2412 1759 σῶμα,
2445 1690 2538 1742 καὶ
2567 1689 2664 1760 τὴν
2679 1691 2745 1742 ἐκ
2769 1689 2863 1742 τοῦ
2893 1689 3109 1761 Πατρός
3131 1690 3383 1762 θεότητα.

2149 1781 2238 1834 55.
2274 1781 2429 1834 Ἔστι
2457 1782 2514 1834 δὲ
2539 1779 2596 1833 ἓν
2621 1780 2729 1834 τῶν
2768 1781 2987 1835 πάντων
3010 1820 3024 1845 ,
3057 1776 3131 1836 ὧν
3165 1784 3224 1834 ἐν
3245 1782 3323 1852 τῷ
3355 1783 3476 1853 Υίῷ
3506 1784 3680 1856 ἐργά-

2081 1872 2230 1937 ζεται
2261 1873 2355 1926 καὶ
2382 1872 2613 1926 δεικνύει
2638 1875 2668 1925 6
2688 1873 2898 1944 Πατὴρ,
2920 1874 2982 1926 τὸ
3006 1874 3295 1942 γινώσκειν
3321 1876 3424 1949 τὴν
3455 1878 3678 1949 ἡμέραν

2081 1966 2174 2017 καὶ
2210 1965 2360 2036 ὤραν
2385 1967 2482 2036 τῆς
2514 1964 2747 2037 κρίσεως
2769 1982 2783 1995 ·
2819 1965 2968 2036 αὐτῷ
2996 1984 3055 2018 τε
3085 1967 3179 2019 καὶ
3215 1969 3397 2020 πᾶσαν
3419 1967 3526 2038 τὴν
3553 1971 3681 2040 κρί-

2081 2075 2165 2111 σιν
2193 2048 2573 2130 παραδέδωκεν
2592 2076 2605 2089 ·
2641 2060 2741 2112 ἵνα
2760 2099 2774 2122 ,
2808 2059 3004 2124 καθὼς
3032 2059 3243 2128 τιμῶσι
3273 2061 3380 2114 τὸν
3413 2063 3677 2130 Πατέρα,

2079 2147 2288 2218 τιμῶσι
2321 2149 2420 2202 καὶ
2449 2148 2556 2202 τὸν
2601 2150 2756 2203 Υἰόν.
2792 2149 2855 2201 El
2889 2148 2946 2200 δὲ
2972 2150 3072 2220 τὴν
3097 2151 3278 2221 κρίσιν
3304 2151 3459 2222 αὑτῴ
3493 2155 3680 2206 πᾶσαν

2079 2239 2428 2310 παραδέδωκε
2466 2239 2779 2306 ποιεῖσθαι,
2836 2241 2994 2312 δῆλον
3019 2281 3034 2304 ,
3067 2241 3148 2294 ὅτι
3184 2242 3278 2295 καὶ
3320 2242 3421 2312 τὴν
3470 2243 3680 2312 γνῶσιν

2079 2329 2270 2401 αὐτῆς,
2302 2331 2433 2383 πότε
2459 2331 2555 2385 καὶ
2581 2329 2699 2396 πῶς
2723 2332 2953 2400 γίνεται.
3024 2333 3084 2387 '0
3117 2333 3246 2402 γοῦν
3274 2333 3349 2406 μὴ
3382 2335 3676 2403 γινώσκωι

2077 2423 2178 2494 τὴν
2204 2424 2415 2494 ἡμέραν
2446 2424 2544 2494 τῆς
2570 2424 2826 2496 κρίσεως,
2855 2427 2884 2478 6
2913 2427 2978 2478 ὲκ
3001 2427 3102 2496 τῆς
3136 2427 3355 2497 Μαρίας
3386 2428 3676 2499 γεννηθείς

2080 2513 2228 2564 ἐστιν
2274 2510 2512 2581 Ἰησοῦςο
2564 2513 2718 2566 οὐδὲν
2762 2513 2872 2586 γὰρ
2903 2516 3090 2583 ἀγνοεῖ
3117 2518 3144 2568 ὁ
3186 2518 3251 2568 ἐκ
3293 2517 3530 2587 καρδίας
3579 2520 3674 2570 τοῦ

2079 2603 2293 2674 Πατρὸς
2317 2603 2450 2666 Θεὸς
2477 2603 2680 2672 Λόγος,
2709 2605 2737 2657 6
2767 2605 2922 2669 εἰδὼς
2948 2607 3016 2659 τὰ.
3045 2609 3220 2660 πάντα
3247 2610 3374 2680 πρὶν
3403 2613 3675 2677 γενέσεως

2077 2693 2279 2748 αὐτῶν.

2149 2787 2239 2842 54.
2274 2788 2338 2841 Εἰ
2366 2787 2545 2841 τοίνυν
2579 2788 2727 2857 λέγει
2749 2789 2778 2841 6
2808 2790 3015 2860 Ἰησοῦς
3037 2809 3051 2821 ·
3094 2792 3158 2846 '0
3184 2792 3388 2862 Πατήρ
3411 2812 3540 2863 μου
3555 2797 3676 2866 μεί-

2079 2877 2189 2940 ζων
2213 2897 2332 2948 μου
2356 2880 2492 2934 ἐστί
2511 2899 2523 2911 ’
2550 2879 2697 2949 λέγει
2721 2881 2778 2934 δὲ
2799 2883 2892 2934 καὶ
2917 2882 3030 2935 ἴσον
3059 2883 3252 2937 ἑαυτὸν
3278 2884 3355 2955 τῷ
3380 2885 3506 2956 Θεῷ
3529 2904 3542 2917 ·
3579 2888 3679 2957 μά-

2079 2973 2260 3042 θωμεν
2287 2973 2376 3027 διὰ
2406 2973 2459 3026 τί
2496 2973 2590 3028 καὶ
2637 2975 2861 3046 μείζονα
2903 2975 3050 3045 λέγει
3098 2977 3187 3031 τὸν
3218 2979 3442 3052 Πατέρα
3473 2981 3674 3033 ἑαυτοῦ

2081 3067 2172 3119 καὶ
2207 3065 2340 3120 ἴσονο
2377 3067 2596 3132 Μείξων
2635 3069 2753 3121 ἐστὶ
2784 3068 2878 3121 τοῦ
2919 3069 3052 3122 Υίοῦ
3077 3069 3166 3124 διὰ
3192 3071 3252 3124 τὸ
3296 3072 3462 3142 σῶμα
3487 3073 3519 3126 ὃ
3548 3075 3675 3142 ered-

2080 3175 2204 3230 ρεσε
2231 3159 2471 3228 παθητόν
2490 3176 2502 3189 ·
2529 3159 2642 3224 ἴσος
2675 3159 2753 3227 δὲ,
2778 3159 2970 3214 καθότι
3000 3163 3120 3226 ὅλος
3150 3163 3270 3216 ὅλον
3294 3164 3508 3220 τέλειον
3529 3169 3676 3236 ἐγέν-

2076 3270 2238 3323 νησεν
2269 3255 2296 3307 6
2327 3253 2513 3325 Πατὴρ
2547 3254 2733 3318 ἀϊδίως
2765 3255 2856 3308 τὸν
2885 3255 3034 3309 Υἱόν.

2146 3344 2234 3398 35.
2278 3346 2367 3407 Ὠς
2391 3346 2488 3398 καλ⁹
2508 3348 2536 3399 6
2553 3345 2789 3417 Ἔσδρας
2811 3347 3145 3419 προφητεύει
3169 3349 3234 3401 ὲκ
3255 3348 3560 3420 προσώπου
3580 3350 3672 3404 τοῦ

2075 3435 2396 3506 Ζωροϐἀϐελ
2421 3477 2436 3500 ,
2483 3435 2656 3506 λέγων
2686 3439 2814 3508 περὶ
2860 3437 2955 3491 τοῦ
3002 3438 3134 3492 Υἰοῠ
3168 3437 3263 3492 τοῦ
3296 3438 3467 3493 Θεοῦ’
3503 3440 3598 3510 Ζῇ
3636 3442 3672 3507 ἡ

2075 3529 2345 3596 ἀλήθεια,
2378 3532 2477 3584 καὶ
2506 3529 2664 3598 νικᾷ,
2693 3531 2791 3585 καὶ
2818 3532 3230 3602 κραταιοῦται,
3265 3533 3363 3586 καὶ
3384 3533 3567 3604 μένει
3590 3538 3674 3601 εἰς

2076 3623 2219 3690 τοὺς
2243 3622 2461 3690 αἰῶνας
2483 3623 2603 3678 τῶν
2629 3624 2858 3679 αἰώνων
2880 3643 2894 3657 ·
2926 3626 2986 3680 τὸ
3007 3627 3150 3698 ὑπὲρ
3177 3629 3209 3698 ἠ
3219 3627 3334 3696 μῶν
3359 3627 3564 3696 ἔμελλε
3587 3645 3675 3695 φο-

2078 3717 2192 3784 ρεῖν
2219 3714 2398 3784 σῶμα,
2429 3715 2568 3786 ὑπὲρ
2590 3715 2750 3785 ἡμῶν
2774 3715 3142 3787 ἀποθνήσκειν
3165 3718 3295 3770 αὑτό
3314 3735 3328 3748 ο
3355 3719 3452 3770 καὶ
3477 3719 3545 3772 οὐ
3577 3717 3673 3788 τὴν

2076 3803 2133 3856 ὲν
2160 3802 2310 3873 αὐτῷ
2346 3805 2732 3876 κρυπτομένην
2763 3804 3052 3877 ἀλήθειαν,
3079 3807 3327 3860 τουτέστι
3357 3809 3452 3861 τὸν
3495 3810 3672 3877 Λόγον

2076 3894 2169 3947 τοῦ
2197 3895 2432 3966 Πατρός.
2502 3896 2904 3964 Συγκατέϐαινε
2937 3898 3037 3968 μὲν
3081 3901 3114 3970 ἡ
3161 3898 3388 3969 ἀλήθεια
3412 3899 3494 3970 τῷ
3527 3901 3670 3972 ὑπὲρ

2075 3987 2235 4058 ἡμῶν
2286 3987 2612 4042 ἀποθανόντι
2659 3990 2832 4061 Ἰησοῦ
2866 3992 2947 4054 είς
2992 3991 3092 4063 τὴν
3123 3991 3351 4062 καρδίαν
3391 3992 3496 4061 τῆς
3527 3994 3664 4063 γῆς·

2077 4081 2164 4133 ἵνα
2197 4082 2323 4143 τοὺς
2359 4082 2463 4135 ὑπὸ
2500 4080 2595 4135 τοῦ
2622 4081 2850 4152 ψεύδους
2888 4084 3301 4154 ἀπατηθέντας,
3333 4086 3498 4150 αὐτὸς
3538 4088 3668 4156 ἀλή-

2078 4171 2198 4226 θεια
2227 4172 2301 4226 ὢν
2321 4213 2336 4236 ,
2381 4173 2720 4247 ἐλευθερώσῃ
2744 4193 2758 4205 ⁸
2803 4176 2862 4229 ὃν
2887 4177 3087 4248 τρόπον
3125 4177 3281 4241 εἴτις
3313 4177 3577 4247 βασιλεὺς
3613 4181 3668 4230 ὲν

2079 4266 2290 4337 φυλακῇ
2329 4267 2728 4338 ἐπισκέψασθαι
2757 4271 2884 4334 τοὺς
2923 4273 3102 4324 ἐκεῖσε
3143 4272 3550 4343 κατεχομένους
3585 4273 3668 4326 δεο

2082 4355 2302 4427 σμώτας
2324 4358 2603 4422 εἰσελθὼν,
2622 4358 2918 4429 βλάπτεται
2943 4363 3041 4432 μὲν
3056 4362 3227 4428 οὐδὲν,
3248 4363 3450 4432 ὠφελεί
3467 4363 3528 4416 δὲ
3547 4363 3668 4425 τοὺς

392 4445 554 4498 Ιίοειιε
605 4459 637 4498 a
667 4459 895 4514 corpore
935 4444 1149 4498 mortali
1182 4445 1329 4514 quod
1359 4459 1459 4515 pro
1505 4446 1664 4502 nobis
1718 4447 1969 4517 gestavit,

2134 4452 2183 4503 τὺ
2203 4453 2438 4524 κατοχὴν
2462 4455 2827 4523 τυγχάνοντας
2845 4471 2858 4486 ·
2887 4455 3060 4520 οὕτως
3085 4459 3114 4509 6
3136 4457 3269 4521 Θεὸς
3286 4459 3484 4526 Λῧγος,
3515 4461 3668 4514 ουδὲν

392 4536 525 4604 ipsis
570 4535 664 4605 qui
727 4536 782 4590 in
839 4549 1060 4590 carcere
1095 4534 1295 4593 inferni
1345 4537 1653 4618 degebant,
1691 4538 1746 4592 in
1779 4538 1974 4608 spiritu

391 4625 690 4681 divinitatis
716 4626 979 4691 auxilium
1008 4625 1150 4681 tulit.

466 4800 676 4871 1037
711 4801 800 4856 56.
831 4800 1001 4857 Iacob
1047 4816 1168 4856 cum
1214 4803 1490 4861 benedicit
1519 4804 1673 4862 Iudae
1697 4849 1712 4873 ,
1762 4823 1826 4863 ex
1859 4822 1977 4871 quo

393 4891 636 4947 futurum
660 4902 776 4947 erat
805 4902 864 4947 ut
890 4892 1154 4948 Dominus
1183 4895 1480 4950 humanum
1507 4913 1707 4966 corpus
1735 4913 1976 4955 assume-

391 4993 496 5044 ret,
520 4985 594 5039 ait
619 5002 632 5038 :
656 4983 879 5038 Lavabit
904 4986 957 5038 in
983 4989 1100 5040 vino
1130 4986 1320 5040 stolam
1345 5004 1518 5054 suam,
1544 4999 1592 5042 et
1626 4991 1683 5042 in
1706 4993 1965 5060 sanguine

391 5092 506 5133 uva:
536 5079 787 5131 amictum
804 5094 958 5131 suum
978 5079 1042 5130 ³⁸.
1075 5078 1229 5145 Quod
1267 5091 1373 5134 tam
1403 5081 1664 5137 historice
1688 5091 1967 5153 sumptum

393 5168 712 5237 neutiquam
764 5168 891 5222 fecit
921 5186 935 5223 :
973 5184 1147 5239 neque
1185 5169 1329 5223 enim
1374 5171 1428 5225 in
1451 5173 1579 5225 vino
1609 5173 1740 5228 lavit
1769 5175 1966 5229 stolam

394 5273 573 5312 suam.
631 5258 770 5324 Quid
803 5275 952 5326 vero,
979 5270 1265 5330 postquam
1297 5262 1435 5316 dixit
1468 5263 1710 5323 loturum
1747 5266 1800 5319 in
1837 5268 1964 5322 vino

393 5352 586 5405 stolam
605 5366 782 5415 suam,
807 5351 1012 5422 adjicit,
1037 5351 1105 5405 Et
1130 5354 1186 5407 in
1207 5355 1459 5424 sanguine
1482 5359 1631 5411 uiue?
1652 5355 1962 5418 Num,a|iud

391 5451 477 5496 est
499 5441 706 5510 vinum,
725 5443 870 5497 aliud
890 5445 1114 5513 sanguis
1137 5445 1291 5500 uvae?
1319 5445 1372 5501 id
1395 5446 1589 5502 melius
1615 5448 1764 5503 novit
1789 5447 1959 5506 lsaias

466 5669 506 5698 ³¹
536 5671 664 5729 Luc.
690 5687 770 5733 nt.
789 5673 877 5728 25.
959 5674 1000 5704 ’⁸
1019 5674 1149 5730 ibid.
1177 5676 1264 5730 58.

1351 5677 1742 5747 “Joan.v,23.
1822 5681 2056 5738 "Ioau.
2096 5701 2206 5750 xiv,
2235 5686 2323 5739 τε.

2081 4542 2451 4614 βλαπτόμενος
2491 4545 2558 4598 δι’
2587 4540 2647 4600 οὗ
2671 4547 2931 4618 ὲφόρεσεν
2960 4548 3099 4619 ὑπὲρ
3130 4548 3287 4619 ἡμῶν
3318 4549 3518 4620 θνητοῦ
3563 4549 3666 4603 σώ-

2079 4650 2280 4702 ματος,
2324 4633 2572 4706 ὠφέλησε
2598 4636 2727 4698 τοὺς
2758 4637 2816 4688 ὲν
2849 4639 2913 4708 τῇ
2948 4637 3041 4690 τοῦ
3079 4637 3203 4709 ᾅδου
3243 4637 3460 4711 φυλακῇ
3495 4641 3561 4692 ὲν

2078 4727 2345 4797 πνεύματι
2377 4729 2478 4798 τῆς
2512 4725 2784 4800 θεότητος.

2144 4817 2232 4871 56.
2267 4817 2520 4888 Εὑλογῶν
2548 4819 2606 4872 δὲ
2632 4822 2660 4873 6
2705 4818 2898 4873 Ἰακὼό
2927 4819 3020 4873 τὸν
3060 4819 3260 4876 Ἰούδαν
3279 4862 3294 4888 ,
3320 4822 3381 4888 ἐξ
3405 4817 3468 4880 οὗ
3490 4825 3522 4878 6
3551 4823 3660 4879 Κύ-

2085 4927 2196 4980 ριος
2223 4910 2414 4980 ἔμελλε
2439 4911 2502 4964 τὸ
2529 4910 2868 4983 ἀνθρώπινον
2900 4912 3258 4983 ἀναδέχεσθαι
3282 4914 3465 4986 σῶμα,
3484 4915 3656 4984 λέγει·

2081 5001 2310 5055 Πλυνεῖ
2331 5003 2402 5055 ἐν
2427 5003 2570 5068 οϊνῳ
2593 5003 2709 5071 τὴν
2735 5003 2972 5073 στολὴν
2995 5003 3217 5071 αὐτοῦ,
3246 5007 3345 5059 καὶ
3370 5006 3440 5060 ἐν
3464 5009 3662 5076 αἵματι

2079 5092 2400 5162 σταφυλῆς
2428 5093 2542 5162 τὴν
2572 5095 2901 5164 περιϐολὴν
2929 5095 3137 5150 αὑτοῦ.
3177 5097 3288 5150 Καὶ⁸
3320 5097 3482 5150 τοῦτο
3525 5095 3658 5152 κατά

2078 5180 2176 5252 τὴν
2213 5181 2451 5253 ἱστορίαν
2475 5181 2536 5235 οὐ
2567 5183 2867 5252 πεποίηκεν
2887 5201 2900 5213 '
2930 5183 3053 5238 οὔτε
3085 5184 3197 5257 γὰρ
3229 5187 3288 5239 ὲν
3310 5186 3438 5257 οἷνῳ
3468 5184 3658 5240 ἓπλυνε

2077 5275 2177 5345 τὴν
2206 5275 2398 5328 ἑαυτοῦ
2427 5276 2638 5347 στολήν.
2676 5276 2741 5328 Τί
2762 5277 2838 5342 δὲ,
2873 5277 3016 5348 μετά
3036 5278 3098 5330 τὸ
3125 5281 3300 5332 εἰπεῖν
3320 5280 3508 5346 αὑτὸν,
3539 5280 3657 5347 οἴνῳ

2077 5367 2294 5422 πλυνεῖν
2314 5367 2412 5439 τὴν
2438 5368 2629 5441 στολὴν
2652 5369 2838 5436 αὐτοῦ,
2866 5370 3014 5441 λέγει
3034 5389 3047 5402 ·
3072 5371 3184 5427 Καὶ
3203 5373 3276 5426 ἐν
3291 5373 3495 5442 αἵματι
3520 5388 3655 5427 ora-

2075 5459 2313 5527 pvlﬁc;
2345 5461 2436 5532 Μὴ
2467 5461 2653 5532 ἕτερός
2687 5464 2835 5516 ἐστιν
2876 5468 2903 5517 6
2936 5460 3112 5529 οἶνος,
3154 5466 3248 5518 καὶ
3293 5466 3481 5537 ἕτερον
3525 5461 3653 5534 αἷμα

2431 5689 2475 5720 ³³
2532 5687 2596 5741 lll
2630 5689 2758 5746 Esd.
2802 5706 2873 5752 tv.
2933 5691 3020 5746 Η.
3102 5694 3145 5725 ³⁸
3204 5694 3338 5748 Gen.
3380 5711 3531 5759 χιιι,
3569 5694 3644 5747 Η.
