3794 6226
138 319 272 374 1289

1372 321 1601 379 SERMO
1643 322 1872 380 MAIOR
1909 327 1998 383 DE
2034 328 2211 387 FIDE.

3257 347 3397 407 {290'

136 431 456 505 (παφυλῆςς
512 431 712 505 μᾶλλον
741 437 774 506 ή
785 434 900 506 μῶν
932 431 1070 491 οἶδεν
1115 437 1337 502 Ἡσαΐας
1384 440 1586 509 Αέγωνο
1649 439 1715 492 Τὸ

1843 457 1985 510 luam
2036 459 2173 512 nos,
2219 448 2311 518 qui
2364 449 2482 505 ait:
2547 448 2924 509 Vestimentum
2952 459 3065 526 ejus
3095 461 3250 527 quasi
3278 465 3398 518 σατ-

135 526 362 596 ἕνδυμα
396 527 594 581 αὑτοῦ
626 529 708 592 ὡς
732 529 1196 598 ἀ.τοπατήματος
1228 530 1442 597 ληνοῦ.
1475 528 1720 599 Πλήρης

1826 549 2005 590 catum
2033 539 2088 591 in
2123 541 2399 598 torculari.
2435 540 2630 598 Plenus
2659 547 2969 604 conculcata
2989 551 3054 605 ³⁷.
3086 547 3400 611 Vestimen-

137 619 735 689 καταπεπατημένης.
771 622 844 674 Τὸ
864 622 1042 676 τοίνυν
1069 621 1271 693 ἔνδυμα
1298 623 1360 676 τὸ
1382 624 1438 676 ἐν
1469 624 1596 693 οἴνῳ
1628 625 1717 677 καὶ

1843 643 1939 682 ,ιιιῃ
1967 627 2148 698 itaque
2169 639 2256 686 est
2282 634 2428 702 quod
2457 636 2512 688 in
2543 636 2668 691 vino
2694 647 2747 692 et
2778 639 2833 692 in
2867 642 3135 713 sanguine
3171 660 3290 700 uva
3321 646 3402 701 la-

140 711 194 762 ὲν
217 712 413 780 αἵματι
450 712 733 782 σταφυλῆς
771 713 1104 784 προφητεύει
1132 713 1481 785 πλυνόμενον.
1540 714 1598 768 Ὀ
1637 734 1719 786 χι-

137 801 238 855 τών
269 803 421 855 ἐστιν
454 804 486 855 ὁ
513 803 890 874 χειροτέχνηςο
927 804 1119 873 ἄλογον
1147 803 1256 876 γὰρ
1283 806 1375 858 καὶ
1403 807 1634 860 ἄτακτον
1664 810 1722 860 ὲν

137 895 257 965 οἴνῳ
286 895 351 947 τὸ
384 895 608 964 ἱμάτιον
640 895 858 948 πλύνειν
893 896 1054 950 αὐτὸν
1074 935 1090 960 ,
1118 898 1146 950 ὁ
1175 898 1308 969 μηδὲ
1333 897 1440 951 τῶν
1469 898 1722 971 ἀφρόνων

136 1002 214 1051 τις
237 985 552 1058 ἀνθρώπων
571 986 843 1041 δείκνυται
871 989 1207 1059 πεποιηκώς.
1244 990 1457 1061 Ἐπειδὴ
1481 991 1538 1043 δὲ
1562 1008 1724 1062 προε-

138 1079 399 1147 γίνωσκεν
433 1081 504 1132 ὲκ
539 1079 630 1133 τοῦ
662 1081 816 1150 ἁγίου
847 1081 1161 1152 Πνεύματος
1206 1081 1469 1153 μέλλοντα
1500 1084 1592 1138 τὸν
1623 1083 1718 1137 τοῦ

138 1172 264 1227 Θεοῦ
304 1174 439 1227 Υἱὸν
479 1179 670 1246 φορεῖν
714 1176 872 1247 σῶμα
899 1178 968 1230 δι’
1001 1179 1148 1248 ἡμᾶς
1187 1179 1251 1230 ὲκ
1295 1179 1388 1232 τοῦ
1428 1179 1720 1233 Ἰουδαϊκοῦ

139 1265 262 1319 λαοῦ
285 1308 302 1334 ,
347 1264 446 1319 τοῦ
489 1267 921 1338 χρηματίζοντος
953 1269 1196 1340 ἀμπέλου
1241 1272 1337 1323 καὶ
1363 1272 1683 1342 ἀμπελῶνος
1704 1289 1718 1302 ⁸

136 1357 221 1412 διὰ
248 1357 412 1412 τοῦτο
451 1355 644 1413 εἶπεν·
693 1362 786 1414 Ἐκ
830 1361 1110 1424 βλαστοῦ
1161 1362 1406 1431 ἁνέϐης,
1457 1364 1548 1418 υἱέ
1598 1382 1718 1433 μου

150 1452 359 1506 Ἰούδα.
429 1453 548 1506 Καὶ
604 1455 664 1507 τὸ
718 1454 938 1510 πλύνειν
983 1460 1040 1511 ὲν
1074 1457 1266 1528 αἵματι
1303 1458 1402 1529 τὴν
1435 1457 1626 1529 στολὴν
1657 1458 1720 1512 τὸ

139 1545 292 1616 σῶμα
312 1546 416 1616 τῆς
449 1548 748 1620 περιϐολῆς
774 1549 926 1621 δηλοῖ
946 1568 961 1582 ο
987 1551 1054 1604 δι’
1079 1544 1140 1604 οὗ
1165 1550 1414 1622 σώματος
1436 1551 1529 1604 καὶ
1557 1551 1723 1622 αἵμα-

136 1655 222 1704 τος
248 1640 573 1706 ἀποπλύνας
600 1641 698 1707 τὰς
725 1643 998 1714 ἁμαρτίας
1024 1643 1131 1697 τῶν
1161 1641 1480 1716 ἀνθρώπων,
1510 1644 1718 1708 πάντας

138 1733 329 1798 αὐτοὺς
362 1734 423 1786 ἐν
454 1733 536 1805 τῷ
572 1735 686 1806 ἰδίῳ
715 1735 926 1806 σώματι
961 1735 1268 1790 ἐνεδύσατο.

1822 718 2059 774 vandum
2089 726 2439 791 praenuntiat.
2497 725 2704 783 Tunica
2727 745 2856 784 vero
2889 741 2972 786 est
3013 734 3128 802 ipse
3155 736 3355 792 artifex
3382 757 3397 793 :

1824 829 1948 866 nam
1972 823 2168 884 praeter
2195 816 2461 872 rationem
2492 825 2546 873 et
2567 821 2811 876 ordinem
2842 833 2987 879 esset
3016 826 3398 885 indumentum

1822 905 1878 959 in
1901 906 2030 961 vino
2059 907 2299 976 abluere,
2332 911 2475 980 quod
2503 927 2570 966 ne
2596 914 2887 970 stultorum
2914 918 3132 987 quidem
3160 921 3395 990 aliquem

1823 995 2018 1053 fecisse
2039 1001 2314 1070 proditum
2335 1011 2438 1057 est.
2467 1002 2572 1058 Sed
2596 1006 2724 1074 quia
2743 1005 2945 1076 Spiritu
2971 1021 3163 1067 sancto
3183 1014 3399 1070 afllante

1821 1089 2196 1155 pramoscebat
2219 1129 2233 1154 ,
2264 1091 2381 1146 fore
2411 1101 2470 1146 ut
2496 1094 2664 1150 Filius
2691 1096 2785 1151 Dei
2811 1113 3012 1169 corpus
3037 1113 3274 1170 gestaret
3298 1121 3400 1174 pro

1821 1180 2004 1247 nobis,
2036 1193 2310 1253 sumptura
2332 1198 2398 1238 ex
2412 1183 2637 1241 Iudaico
2659 1189 2878 1258 pepulo,
2907 1192 3000 1261 qui
3027 1205 3253 1249 vocatur
3274 1197 3402 1251 vitis

1820 1278 1877 1324 et
1908 1271 2096 1338 vinea;
2131 1275 2253 1328 ideo
2282 1275 2417 1330 dixit
2451 1294 2464 1330 :
2506 1276 2587 1330 Ea:
2618 1279 2829 1333 surculo
2862 1284 3164 1348 ascendisti,
3208 1287 3290 1356 fili
3324 1289 3398 1342 mi

1819 1361 1967 1418 Juda
1989 1365 2052 1418 ³⁸.
2105 1369 2283 1436 Atque
2313 1367 2442 1423 illud
2465 1411 2482 1435 ,
2533 1369 2754 1426 abluere
2798 1374 2851 1427 in
2884 1377 3148 1445 sanguine
3177 1381 3396 1448 stolam,

1821 1454 2068 1524 corporis
2092 1457 2468 1513 indumentum
2497 1459 2737 1516 declarat
2767 1481 2780 1517 :
2811 1478 2922 1533 quo
2943 1480 3171 1536 corpore
3198 1478 3252 1524 et
3274 1485 3400 1525 san-

1821 1545 2005 1615 guine,
2035 1545 2158 1602 lotis
2190 1548 2472 1605 hominum
2506 1553 2764 1620 peccatis,
2793 1569 2986 1610 omnes
3013 1556 3265 1616 homines
3297 1576 3398 1617 suo

1821 1650 2050 1706 corpore
2086 1639 2278 1694 induit.

203 1825 292 1879 57.
342 1799 632 1880 Ἐντεῦθεν
658 1799 855 1882 ’τοίνυν
887 1827 1332 1900 ὲντρεπὲσθωσαν
1371 1831 1421 1882 oi
1453 1828 1717 1901 διορίζον-

1893 1817 1983 1869 57.
2009 1817 2136 1872 Inde
2160 1819 2322 1890 igitur
2345 1837 2548 1891 puoore
2570 1823 2876 1880 afﬁciantur
2895 1829 2990 1898 qui
3009 1828 3204 1886 Filium
3237 1849 3265 1886 a
3293 1831 3400 1890 Pa-

139 1933 224 1979 τες
242 1916 334 1969 τὸν
356 1917 490 1970 Υίδν
515 1917 626 1972 ἀπὸ
650 1918 742 1970 τοῦ
765 1919 997 1990 Πατρὸς,
1020 1918 1208 1989 ὥσπερ
1227 1920 1326 1991 τὴν
1349 1920 1591 1990 ἄμπελον
1613 1921 1722 1974 ἀπὸ

141 2005 226 2059 τοῦ
260 2005 515 2080 γεωργοῦ
536 2046 552 2071 ,
601 2007 1103 2079 πληροφορούμενοι
1143 2009 1207 2061 ἐκ
1238 2008 1345 2063 τῶν
1374 2010 1606 2081 Γραφῶν
1641 2013 1722 2075 είς

141 2098 197 2150 τὸ
222 2098 382 2169 σῶμα
434 2098 534 2153 τοῦ
572 2100 776 2172 Κυρίου
809 2099 906 2171 τὴν
939 2099 1252 2172 παραϐολὴν
1282 2101 1570 2173 λελέχθαι,
1623 2103 1722 2157 καὶ

142 2189 235 2242 οὐκ
259 2192 339 2255 εἰς
362 2189 464 2262 τὴν
499 2189 750 2262 θεότητα.
789 2191 1082 2244 Ἐπιτελῶν
1105 2191 1213 2264 γὰρ
1245 2191 1306 2245 τὸ
1337 2192 1490 2261 ἆγιον
1516 2196 1723 2266 μυστή-

143 2300 249 2356 ριον
272 2324 287 2349 ,
345 2283 654 2356 εὐλογήσας
699 2280 852 2338 εἶπεν
877 2303 891 2315 ·
932 2287 1101 2340 Πίετε
1125 2286 1194 2350 ἐξ
1237 2288 1423 2342 αὑτοῦ
1461 2288 1716 2353 πάντεςδ

141 2374 310 2431 τοῦτό
336 2376 457 2445 μού
489 2377 626 2430 ἐστι
675 2376 742 2430 τὸ
787 2374 930 2447 αἷμα
977 2377 1089 2447 τῆς
1129 2378 1353 2448 Καινῆς
1400 2381 1716 2449 Διαθήκης,

143 2465 204 2520 τὸ
234 2467 384 2536 ὑπὲρ
412 2467 588 2536 ὑμῶν
613 2468 1056 2538 ἐκχυνόμενον·
1094 2470 1292 2541 καίπερ
1329 2471 1427 2542 οὐχ
1460 2467 1597 2542 αἷμα
1625 2472 1718 2525 τοῦ

144 2558 339 2628 Κυρίου
369 2560 526 2613 ἐστὶν
567 2562 596 2614 ὁ
630 2556 802 2626 οἶνος,
851 2561 985 2614 ἀλλὰ
1013 2561 1110 2633 τῆς
1142 2561 1407 2632 ἀμπέλου.
1445 2564 1537 2616 Διὸ
1568 2561 1719 2618 εἶπεν

144 2652 170 2702 ὁ
195 2651 392 2722 Κύριος
423 2652 558 2725 περὶ
583 2652 676 2706 τοῦ
715 2653 845 2707 ἰδίου
893 2651 1170 2724 σώματος⁹
1210 2654 1357 2725 Ἐγώ
1397 2658 1512 2725 εἰμι
1537 2657 1574 2723 ὴ
1608 2656 1720 2726 ἅμ-

147 2743 340 2808 πελος.
397 2737 550 2814 Αἷμα
581 2741 637 2795 δὲ
661 2743 761 2796 οὐκ
787 2742 852 2795 ὲκ
876 2742 969 2796 τοῦ
1005 2743 1317 2814 πνεύματος
1347 2745 1449 2814 τῆς
1479 2747 1572 2798 τοῦ
1616 2745 1719 2799 Λό-

147 2847 235 2898 γου
262 2832 516 2906 θεότητος
559 2832 917 2906 ἐκπορεύεται
941 2874 956 2899 ,
1003 2835 1118 2888 ἀλλ’
1150 2836 1208 2902 ἐξ
1244 2831 1305 2888 οῦ
1335 2837 1593 2908 ὲφόρεσεν
1627 2839 1721 2892 ἀν·-

144 2919 378 2994 Optimae.

212 3014 294 3069 58.
323 3017 495 3088 Φησὶν
523 3017 554 3070 ὁ
581 3015 715 3081 Θεὸς
743 3016 833 3070 διὰ
869 3017 963 3071 τοῦ
1003 3018 1284 3091 προφήτου
1325 3019 1583 3091 Ἰεζεκιήλ
1604 3038 1616 3048 ·
1647 3014 1716 3073 Ὦ

148 3105 434 3175 ποιμένες,
482 3107 762 3178 ποιμένες
780 3109 801 3162 .'
858 3109 954 3178 Μὴ
1001 3110 1253 3176 ἑαυτοὺς
1289 3111 1636 3175 ,βόσκουσιν
1666 3115 1720 3166 οἱ

149 3197 431 3266 ποιμένες,
450 3201 591 3270 οὐχὶ
615 3200 690 3254 τὰ
705 3202 1001 3270 πρόϐατα;
1028 3204 1040 3222 ⁸
1055 3201 1224 3272 Υμεῗς
1241 3201 1310 3255 δὲ
1331 3202 1399 3257 τὸ
1426 3207 1724 3271 πεπλανη-

145 3286 319 3351 μένον
341 3293 454 3346 οὐκ
478 3292 912 3362 ἐπεστρέψατε,
941 3294 1009 3348 τὸ
1045 3295 1362 3360 ἀπολωλὸς
1385 3297 1495 3350 οὐκ
1517 3293 1722 3365 ἐζητή-

149 3392 315 3449 σατε,
345 3385 409 3440 τὸ
441 3388 704 3454 ἀσθενὲς
739 3391 851 3442 οὐκ
880 3389 1443 3460 ἐσωματοποιήσατε
1463 3433 1478 3458 ,
1522 3393 1588 3446 τὸ
1619 3410 1724 3461 χω-
1756 3429 1764 3441 .

148 3470 253 3524 λὸν
282 3476 354 3529 οὐ
380 3478 756 3546 κατεδήσατε
777 3497 791 3510 ο
825 3482 987 3536 ἀλλὰ
1009 3483 1108 3536 καὶ
1144 3483 1210 3536 τὸ
1248 3485 1468 3554 ἰσχύον
1493 3500 1720 3551 κατειρ-

151 3561 406 3630 Ἰθάσασθε
420 3571 646 3640 μόχθῳ.
672 3571 776 3624 Διὰ
795 3572 972 3627 τοῦτο
994 3572 1320 3641 ἀναστήσω
1342 3574 1575 3644 ἐμαυτῷ
1599 3588 1724 3628 ποι-

147 3652 289 3720 μένα
307 3661 532 3716 πιστὸν
553 3662 663 3716 τὸν
685 3662 909 3718 δοῦλόν
927 3683 1048 3734 μου
1067 3667 1176 3719 τὸν
1194 3667 1373 3721 Δαυΐὸ
1391 3687 1404 3698 ·
1427 3668 1523 3722 καὶ
1549 3668 1721 3723 ἔσται

153 3746 363 3817 ποιμὴν
395 3752 495 3806 καὶ
528 3751 731 3823 ἅρχων
757 3756 846 3821 εἰς
871 3755 981 3810 τὸν
1011 3755 1213 3810 αἰῶνα.
1257 3757 1448 3810 Ἡνίκα
1477 3757 1534 3811 δὲ
1567 3757 1722 3823 Ἰεζε-

154 3832 266 3905 κιὴλ
294 3838 465 3894 ταῦτα
492 3843 899 3913 προεφήτευσεν
927 3845 985 3897 ἐν
1008 3843 1310 3908 Βαϐυλῶνι,
1339 3846 1444 3916 πρὸ
1465 3845 1722 3900 δεκατεσ-

155 3924 322 3997 σάρων
349 3932 555 4001 γενεῶν
581 3930 650 4006 ἦν
679 3933 842 3988 Δαυῖδ
875 3935 1175 4007 κοιμηθείς.
1211 3938 1314 3990 Τὸν
1347 3937 1405 3991 δὲ
1441 3939 1722 4011 Κυριακδν

155 4014 418 4090 ἄνθρωπον
447 4027 854 4098 προεφήτευσεν
884 4029 948 4080 ἐκ
983 4028 1294 4099 σπέρματος
1316 4028 1480 4082 Δαυῒδ
1507 4030 1720 4100 ἐγειρό-

160 4122 321 4178 μενον,
355 4118 486 4189 περὶ
507 4110 570 4172 οὗ
595 4119 805 4183 Παῦλος
831 4119 1081 4191 Τιμοθέῳ
1101 4121 1334 4192 γράφει·
1365 4121 1719 4191 Μνημόνευε

168 4197 394 4269 Ἰησοῦν
409 4211 672 4280 Χριστὸν
694 4212 1091 4283 ἐγηγερμένον
1105 4215 1173 4267 ἐκ
1195 4213 1423 4284 νεκρῶν
1443 4216 1511 4269 ἐκ
1545 4215 1724 4285 σπέρ-

158 4305 324 4364 ματος
355 4303 538 4357 Δαυῒδ
562 4304 713 4358 κατὰ
742 4304 955 4372 σάρκα.
1056 4343 1058 4346 ν

218 4385 298 4442 59.
314 4393 386 4445 Οὐ
411 4394 724 4466 βουλόμενοι
744 4396 1090 4451 παιδεύεσθαι
1111 4400 1158 4451 οἱ
1181 4399 1548 4471 σαρκὸφρονες
1568 4398 1719 4471 παρά

1823 1915 1904 1963 tre
1934 1910 2202 1980 dividunt,
2234 1914 2376 1968 sicut
2398 1917 2609 1970 vineam
2637 1933 2668 1972 a
2702 1919 2957 1988 vinitore,
2983 1923 3242 1980 certiores
3271 1925 3401 1982 facti

1829 2014 1888 2055 3x
1911 2003 2082 2059 sacris
2108 2003 2426 2074 Scripturis,
2446 2009 2760 2078 parabolam
2785 2012 2930 2067 illam
2957 2030 3156 2086 corpus
3185 2017 3403 2075 Domini

1824 2103 2091 2164 spectare,
2114 2113 2221 2152 non
2244 2099 2521 2156 deitatem.
2547 2091 2685 2158 Cum
2715 2107 2999 2176 perﬁceret
3015 2111 3159 2164 enim
3178 2127 3399 2168 sacrum

1823 2189 2163 2260 mysterium,
2186 2192 2512 2249 benedicens
2538 2195 2677 2250 dixit
2710 2215 2723 2252 :
2753 2197 2928 2255 Bibite
2962 2218 3028 2255 ea:
3048 2203 3145 2256 hoc
3175 2220 3352 2260 omnes
3378 2224 3400 2261 :

1825 2279 1928 2334 Hic
1955 2293 2033 2335 est
2065 2285 2280 2353 sanguis
2310 2301 2452 2340 meus
2482 2285 2622 2340 Novi
2657 2287 2996 2359 Testamenti,
3020 2295 3110 2363 qui
3133 2311 3228 2364 pro
3255 2297 3398 2351 vobis

1822 2372 2119 2442 eﬂ‘unditur
2143 2375 2225 2439 89;
2284 2377 2388 2432 etsi
2419 2394 2529 2433 non
2573 2381 2788 2436 Domini
2820 2385 3045 2455 sanguis
3079 2387 3262 2442 vinum
3304 2389 3399 2455 sit,

1822 2465 1916 2520 sed
1959 2466 2150 2521 vineae.
2208 2467 2573 2535 Quamobrem
2609 2475 2744 2530 dixit
2775 2475 3040 2535 Dominus
3069 2481 3136 2535 de
3179 2483 3401 2552 proprio

1821 2571 2052 2626 corpore
2084 2577 2098 2612 :
2135 2558 2246 2629 Ego
2283 2577 2399 2615 sum
2430 2564 2551 2618 vitis
2573 2565 2639 2619 ⁸ο.
2710 2565 2944 2637 Sanguis
2978 2578 3158 2625 autem
3189 2587 3297 2627 non
3331 2588 3403 2629 ex

1822 2645 2017 2714 spiritu
2033 2645 2332 2704 divinitatis
2348 2648 2508 2706 Verbi
2532 2663 2768 2720 emanat,
2789 2658 2884 2712 sed
2899 2673 2964 2712 ex
2991 2659 3214 2716 homine
3235 2679 3400 2733 quem

1823 2737 2074 2805 gestavit.

1894 3013 2107 3074 58."Ait
2156 3018 2296 3075 Deus
2338 3036 2433 3090 per
2468 3025 2789 3094 prophetam
2824 3025 3158 3084 Ezechielem
3185 3048 3198 3084 :
3226 3031 3271 3086 0
3299 3049 3399 3103 pa-

1823 3117 2008 3174 stores,
2039 3123 2277 3178 pastores
2305 3113 2327 3165 !
2357 3113 2439 3166 An
2469 3126 2706 3184 pastores
2739 3118 2936 3186 seipsos
2964 3135 3183 3188 pascunt
3210 3133 3258 3177 et
3294 3141 3399 3177 non

1823 3214 1938 3253 oves
1959 3201 1984 3253 ἶ)
2027 3198 2126 3254 Vos
2146 3213 2321 3256 autem
2348 3206 2486 3273 quod
2507 3219 2773 3261 erraverat
2801 3225 2904 3263 non
2931 3213 3234 3276 reduxistis,
3260 3219 3400 3286 quod

1820 3293 2048 3360 perierat
2077 3308 2179 3345 non
2203 3295 2509 3362 quwsiistis,
2537 3298 2676 3367 quod
2703 3299 2973 3366 inﬁrmum
3005 3312 3119 3355 erat
3143 3319 3245 3359 non
3275 3323 3403 3360 con-

1821 3383 2091 3438 solidastis
2114 3424 2130 3450 ,
2169 3387 2308 3455 quod
2334 3387 2584 3441 claudum
2628 3399 2744 3444 erat
2787 3407 2891 3445 non
2924 3394 3253 3466 colligastis;
3293 3399 3400 3453 imo

1821 3476 1960 3543 quod
2002 3473 2272 3530 robustum
2307 3486 2420 3530 erat
2469 3478 2647 3532 labore
2692 3482 3041 3550 oppressistis.
3106 3484 3400 3555 Propterea

1819 3567 2056 3621 excitabo
2080 3568 2207 3622 mihi
2227 3578 2492 3638 pastorem
2511 3570 2716 3638 fidelem
2741 3589 2947 3627 servum
2982 3591 3155 3628 meum
3181 3577 3354 3633 David
3378 3593 3402 3637 :

1819 3668 1870 3714 et
1902 3660 2001 3712 erit
2029 3670 2214 3730 pastor
2238 3670 2286 3714 et
2311 3661 2423 3715 dux
2444 3662 2499 3715 in
2521 3663 2774 3717 saeculum
2797 3664 2862 3718 “.
2889 3664 3025 3720 Cum
3057 3678 3236 3722 autem
3264 3669 3402 3726 Eze-

1821 3751 1964 3806 chiel
1990 3752 2106 3808 haec
2137 3752 2497 3822 prophetabat
2530 3755 2585 3808 in
2620 3754 2897 3826 Babylone
2923 3798 2938 3822 ,
2967 3757 3082 3827 jam
3125 3762 3398 3831 pridenra

1821 3844 2232 3913 quatuordecim
2269 3845 2711 3915 generationibus
2741 3846 2907 3904 David
2938 3850 3170 3906 obierat.
3215 3851 3402 3908 Domi-

1821 3935 2004 3990 nicum
2041 3950 2169 3990 vero
2194 3935 2471 3992 hominem
2506 3937 2755 4006 przedixit
2776 3954 2842 3994 ex
2869 3942 3077 3996 semine
3100 3941 3270 3998 David
3300 3960 3400 4000 ex-

1821 4025 2124 4092 citandum,
2156 4026 2224 4081 de
2249 4042 2361 4097 quo
2386 4026 2588 4084 Paulus
2617 4027 2904 4086 Timotheo
2928 4034 3120 4087 scribit
3148 4052 3163 4088 :
3192 4034 3397 4089 Memor

1819 4125 1929 4168 esto
1950 4114 2134 4170 Jesum
2160 4115 2428 4172 Christum
2451 4121 2799 4175 resurrexisse
2821 4138 2852 4174 a
2875 4124 3099 4177 mortuis
3117 4140 3180 4177 ea:
3200 4127 3400 4183 semine

1821 4206 1993 4261 David
2023 4193 2311 4263 secundum
2340 4227 2549 4265 carnem
2572 4211 2617 4244 “

1872 4404 1982 4486 ⁴59.
2017 4403 2156 4459 Cum
2185 4405 2222 4460 ii
2248 4406 2341 4476 qui
2374 4409 2614 4465 carnalia
2646 4411 2864 4481 sapiunt
2891 4415 3107 4470 edoceri
3141 4416 3320 4472 nolint
3367 4435 3398 4473 a

158 4475 254 4531 τῶν
282 4487 683 4558 πνευματικῶν,
713 4488 1286 4562 πεπληροφορημένων
1315 4491 1413 4562 τὴν
1441 4491 1549 4544 τῶν
1571 4493 1717 4563 Γρα-

1843 4477 1952 4552 ἶὶὶὶε
1984 4475 2380 4567 spiritualibus,
2399 4503 2491 4572 qui
2527 4505 2773 4560 notitiam
2802 4506 3208 4577 Scripturarum
3236 4512 3395 4580 plene

160 4567 264 4634 φῶν
287 4573 576 4646 ἐπίγνωσιν
598 4597 612 4610 ο
640 4580 775 4634 ἀλλά
796 4583 892 4634 καὶ
911 4583 1037 4645 τοὺς
1069 4583 1486 4655 ἀκεραιοτέρους
1507 4583 1721 4638 δοκοῦν-

159 4673 242 4752 τες
267 4664 550 4739 διδάσκειν,
573 4675 653 4736 εὶς
678 4673 868 4747 βόθρον
888 4674 1165 4730 ἕλκουσινο
1197 4678 1282 4746 ἐφ’
1304 4673 1384 4742 οἷς
1414 4678 1716 4752 πληροῦται

159 4749 215 4806 τὸ
233 4764 606 4835 γεγραμμένον
622 4781 636 4794 ·
673 4766 908 4836 Τυφλὸς
935 4769 1168 4838 τυφλὸν
1189 4769 1441 4839 ὁδηγῶν,
1472 4749 1722 4842 ἀμφότε-

155 4857 242 4936 £06
269 4851 352 4936 εὶς
381 4854 610 4925 ,ϐόθρον
632 4857 1036 4926 ἐμπεσοῦνται
1055 4878 1070 4891 ο
1103 4861 1131 4914 ὃ
1168 4863 1315 4915 ἐστιν
1341 4865 1419 4926 είς
1443 4864 1533 4918 τὸν
1560 4865 1713 4936 ᾅδην.

163 4929 352 5002 Τυφλδς
379 4942 435 4997 δὲ
461 4945 602 5000 κατά
625 4948 725 5020 τὴν
757 4951 995 5022 ἱστορίαν
1024 4951 1223 5020 τυφλὸν
1248 4954 1509 5024 ὁδηγῆσαι
1538 4929 1600 5009 οῦ
1625 4929 1716 5009 δ’ύ-

161 5036 339 5119 ’δαται-
377 5036 510 5092 ἀλλὰ
535 5039 858 5109 τυφλώττων
893 5044 1018 5114 περὶ
1048 5044 1148 5114 τὴν
1178 5043 1286 5098 τῶν
1315 5045 1474 5100 θείων
1506 5065 1716 5119 μυστη-

162 5109 280 5206 ρίων
306 5118 622 5192 ἐπίγνωσινο
656 5129 869 5201 ἑκάστῳ
902 5109 1152 5200 λέγοντες
1177 5135 1283 5188 τῶν
1313 5109 1540 5206 ἀμαθῶν
1558 5156 1571 5169 ·
1601 5109 1716 5194 Οῦκ

161 5199 307 5298 αιξτὺς
332 5207 447 5268 εῐπε
465 5217 556 5270 διὰ
576 5219 668 5272 τοῦ
703 5199 987 5291 Σαλομὼνο
1015 5225 1233 5292 Κύριος
1261 5199 1468 5282 έκὲισέ
1488 5244 1567 5297 με
1610 5231 1718 5298 ἀρ·

163 5288 270 5382 ξῐὴν
303 5299 450 5356 ὁδῶν
500 5310 686 5364 αὑτοῦ
737 5288 1004 5382 εἰς-ἐργα
1049 5288 1268 5371 aurati“
1306 5320 1400 5373 καὶ
1447 5288 1514 5373 δί’
1547 5288 1715 5376 αὑτοῦ

162 5374 292 5482 ξέγει
321 5392 348 5443 ὁ
372 5392 525 5462 Υἱός·
570 5400 634 5453 '0
663 5374 866 5473 Πατήρ
885 5374 945 5458 vd.
965 5405 1211 5476 πέμψας
1242 5426 1320 5478 με
1357 5411 1570 5480 μείζων
1593 5374 1712 5482 μού

164 5469 230 5570 έξσ
232 5492 279 5530 τι
301 5495 312 5509 ⁸
341 5490 430 5542 καὶ
455 5492 615 5546 πάλιν
647 5469 840 5549 εἷπενῖ
885 5499 1001 5552 Ἀπ’
1025 5469 1282 5570 iactura}?
1314 5469 1496 5560 οῦδὲν
1518 5469 1707 5564 λαῖλῶι

165 5564 196 5613 δ
227 5571 414 5649 Πατήρ
445 5602 548 5652 μοι
573 5586 912 5645 ἐνετείλατο
940 5593 996 5645 τί
1033 5564 1180 5648 εἴπω
1215 5597 1314 5650 καὶ
1340 5599 1397 5652 τί
1422 5602 1676 5670 λαλήσω
1695 5623 1712 5644 ο

169 5755 187 5787 ι
229 5691 268 5723 ⁸⁷
295 5695 394 5758 lsa.
429 5720 580 5772 um,
613 5706 669 5762 2.

187 5762 206 5792 1
235 5762 271 5792 Π
292 5768 395 5792 'l‘:__
478 5791 481 5792 ,
529 5779 560 5792 η
662 5781 669 5792 ι

235 5762 272 5818 ll
292 5768 424 5829 Tim.
449 5762 580 5842 ",8:
661 5779 706 5810 “
727 5762 1176 5839 Μλιιιῑξὶἧιῖῑιῗ
1208 5762 1266 5817 Ῑῖ
1281 5762 1700 5859 Ρτοιίξῃιδξιῖξῇ

461 5870 734 5936 Ριτιιοι..
779 5875 899 5936 Gn.
945 5877 1180 5942 XXVI.

1823 4601 1878 4645 et
1904 4589 2138 4659 perfecte
2159 4593 2395 4647 assecuti
2417 4603 2578 4659 sunt;
2605 4596 2716 4652 imo
2740 4612 2870 4652 vero
2892 4614 3016 4653 cum
3038 4601 3399 4671 simpliciores

1823 4696 1890 4736 ac
1916 4681 2079 4737 rudes
2107 4682 2360 4741 homines
2389 4685 2586 4740 docere
2615 4687 2902 4743 videantur
2922 4729 2937 4756 ,
2971 4704 3065 4745 eos
3096 4689 3150 4745 in
3183 4691 3398 4748 foveam

1823 4775 2150 4844 pertrahunt
2179 4796 2192 4832 :
2222 4785 2386 4848 atque
2430 4779 2506 4832 ita
2535 4779 2788 4850 impletur
2809 4781 2956 4852 quod
2991 4784 3254 4855 scriptum
3291 4794 3398 4850 est,

1826 4865 1885 4922 Si
1911 4884 2079 4923 caseus
2111 4885 2308 4924 aecum
2331 4871 2511 4938 ducat,
2561 4874 2713 4926 ambo
2764 4875 2821 4927 in
2873 4874 3076 4945 foveam
3125 4877 3395 4943 cadent”,

1822 4959 1928 5014 hoc
1951 4970 2052 5025 est,
2085 4961 2139 5014 in
2164 4959 2458 5017 infernum.
2487 4959 2545 5017 Si
2579 4963 2842 5020 historico
2868 4968 3031 5022 modo
3057 4983 3144 5023 res
3169 4969 3400 5038 accipia-

1821 5061 1910 5106 tur
1931 5093 1946 5118 ,
1973 5063 2151 5123 potest
2181 5070 2314 5110 sane
2352 5071 2530 5112 circus
2566 5073 2768 5113 caecum
2804 5059 3003 5114 ducere
3026 5079 3046 5118 :
3070 5062 3164 5116 sed
3193 5062 3395 5116 intelli~

1821 5145 1967 5217 gitur
2013 5147 2080 5202 de
2108 5162 2175 5202 eo
2206 5148 2300 5218 qui
2345 5151 2561 5204 caecutit
2593 5150 2736 5206 circa
2781 5152 3093 5208 divinorum
3145 5155 3396 5209 notitiam

1821 5239 2228 5309 mysteriorum.
2262 5240 2422 5296 Tales
2443 5242 2644 5313 quippe
2669 5243 2920 5300 homines
2951 5245 3181 5314 singulis
3203 5261 3397 5300 earum

1819 5344 2004 5383 rerum
2029 5330 2296 5399 imperitis
2317 5331 2397 5387 sic
2417 5333 2716 5402 loquuntur
2738 5352 2752 5390 :
2777 5335 2970 5391 Annon
2999 5337 3116 5407 ipse
3142 5337 3278 5393 dixit
3300 5352 3399 5407 per

1819 5419 2164 5476 Salomonem
2190 5440 2204 5475 :
2226 5421 2480 5476 Dominus
2503 5427 2696 5480 ereavit
2717 5443 2796 5480 me
2816 5427 3028 5480 initium
3048 5429 3255 5481 viarum
3275 5445 3395 5481 sua-

1820 5527 1938 5564 rum
1986 5512 2041 5565 in
2091 5529 2249 5582 opera
2295 5531 2394 5569 sua
2418 5516 2504 5583 “;
2558 5532 2622 5571 ac
2667 5533 2764 5587 per
2798 5533 2857 5573 se
2889 5534 3102 5588 suoque
3133 5534 3231 5574 ore
3262 5519 3398 5574 dicit

1824 5605 1996 5660 Filius
2025 5623 2038 5659 :
2068 5605 2231 5660 Pater
2250 5608 2341 5677 qui
2363 5609 2511 5663 misit
2542 5627 2621 5664 me
2653 5611 2824 5679 major
2847 5627 2929 5666 me
2957 5622 3034 5667 est
3057 5612 3140 5680 ‘5;
3186 5622 3242 5668 et
3267 5629 3396 5672 rut»

787 5710 831 5742 ³⁸
865 5711 999 5766 Gen.
1029 5727 1176 5780 xux,
1207 5715 1259 5770 9.
1338 5718 1381 5750 ³⁹
1409 5717 1597 5775 Matth.
1626 5739 1776 5793 xxvt,
1809 5723 1994 5779 26-28.
2075 5722 2121 5756 ⁸⁸
2146 5721 2306 5778 Joa‘n.
2334 5741 2424 5794 xv,
2475 5725 2526 5782 1.
2607 5728 2646 5758 δ’
2673 5724 2873 5782 Ezech.
2903 5745 3092 5795 xxxrv,
3126 5727 3248 5794 2-4,
3298 5728 3392 5782 25.

787 5783 916 5835 atth.
945 5799 1030 5836 xv.
1057 5784 1143 5839 H.
1222 5786 1440 5844 “Prov.
1469 5794 1700 5850 mni?"
1798 5794 1842 5827 δ’
1880 5792 2043 5850 Joan.
2077 5809 2190 5850 xw.
2217 5794 2310 5850 9.8.

1913 5810 2043 5850 oan.
2077 5810 2190 5861 xw,
2218 5810 2310 5850 zu.

3033 5894 3107 5954 ιι
