3794 6226
374 347 507 404 1291
965 343 1022 399 S.
1065 338 1442 396 ATHANASII
1480 337 1630 395 OPP.
1666 336 1847 393 PARS
1882 336 1923 392 1.
1963 368 2033 379 -
2062 334 2434 392 HISTORICA
2473 335 2563 391 ET
2595 334 3016 393 DOGHA-TICA.
3497 337 3642 393 1292

374 481 497 522 sum
529 464 637 529 ait,
673 466 717 519 ,4
744 466 1067 533 meipsonon
1096 462 1300 532 loquor,
1333 460 1497 516 Pater
1532 460 1661 515 mihi
1697 461 1946 531 praecepit

2111 460 2142 513 Li.
2169 459 2250 525 τὸ,
2283 461 2404 513 Οὐκ
2428 456 2742 530 ἦλθον-’ἶνα
2771 457 3095 527 ποιήσω.τύ
3112 457 3355 528 θέλημα
3377 460 3446 513 τὸ
3469 459 3641 530 ἐμόν,

373 555 502 628 quid
529 556 667 627 loqui
687 566 733 610 et
763 556 932 608 dicere
962 554 1176 608 debeam
1204 554 1281 619 “;
1313 563 1367 608 et
1395 553 1550 618 illud,
1581 551 1703 606 Non
1732 552 1847 606 veni
1890 560 1947 605 ut

2111 550 2210 606 ἱοίὰ
2232 549 2341 603 τοῦ
2377 550 2726 619 πέμψαντός
2748 567 2825 619 με
2854 552 3126 620 Πατρός;
3157 550 3383 622 Ἕτερον
3409 550 3525 621 ἔχει
3560 552 3646 605 θέ-

378 650 577 720 faciam
595 647 917 703 voluntatem
946 662 1114 701 meam
1132 688 1147 713 ,
1173 647 1263 700 sed
1301 646 1415 715 ejus
1442 646 1531 716 qui
1565 645 1710 699 misit
1736 660 1815 698 me
1840 641 1949 698 Pa-

2111 659 2202 713 ipa
2221 644 2249 695 ό
2271 641 2480 714 Πατὴρ,
2507 642 2600 696 ml.
2621 642 2706 695 ἒτε
2717 659 2805 714 ρον
2827 645 2854 694 ὁ
2874 642 3023 710 Υίδς,
3047 642 3122 704 ὡς
3144 640 3299 693 αὐτοὶ
3324 641 3641 712 φρονοῦσιν.

378 741 473 793 tris
498 737 582 791 ‘7?
634 736 811 792 Aliam
856 750 985 806 ergo
1012 735 1344 790 voluntatem
1374 733 1751 806 habetPater,
1786 734 1947 788 aliam

2111 736 2120 786 ί
2152 734 2259 805 γάρ
2299 733 2699 805 μεμερισμένον
2729 733 2911 804 έχουσι
2943 732 3004 785 τὸ
3038 731 3273 802 θέλημα,
3305 730 3428 795 πῶς
3453 732 3637 801 λέγει’

376 829 565 896 Filius,
588 839 649 883 ut
672 829 775 899 ipsi
792 826 1012 897 quidem
1038 826 1302 882 sentiunt.
1331 828 1399 881 At
1425 827 1471 881 si
1494 827 1723 882 divisam
1749 825 1953 880 habent

2111 823 2406 893 οιήσωμεν
2436 825 2769 896 ἄνθρωπον,
2799 825 2891 879 καὶ
2914 823 2983 877 τά
3009 823 3135 895 ἑξῆς
3153 838 3168 853 ο
3210 823 3271 876 οὐ
3300 821 3642 894 διαῗκρίνουσι

379 922 743 984 voluntatem,
804 933 977 989 quare
1032 918 1139 986 ait,
1195 916 1486 973 Faciamus
1524 915 1850 973 hominem“
1896 923 1952 970 et

2145 918 2272 968 ποῖα
2303 915 2442 987 ρητά
2474 919 2539 987 τῇ
2574 915 2789 987 θεότητι
2820 914 3111 986 ἁρμόττει,
3146 913 3243 968 καὶ
3284 900 3489 983 ποῖα
3511 915 3643 984 ἐφό-

376 1014 631 1084 reliqua?
656 1027 834 1083 neque
860 1011 1179 1066 discernunt
1199 1026 1321 1079 quae
1339 1011 1482 1064 dicta
1509 1004 1820 1080 competant
1840 1007 1952 1063 dei-

2111 1028 2214 1066 ;σεν
2239 1008 2531 1082 ἀνθρώπῳ.

380 1108 495 1174 tati,
537 1117 592 1162 et
616 1106 859 1162 vicissim
889 1121 1013 1176 quae
1039 1105 1251 1160 homini
1281 1119 1442 1174 quem
1467 1103 1720 1174 gestavit.

1125 1194 2118 1279 FragmentumjexlBibliotheca
2151 1189 2576 1265 Coisliniana,
2620 1207 2683 1268 p.
2732 1190 2869 1250 112.

2098 1295 2214 1350 Τοῦ
2250 1294 2523 1367 μακαρίου
2559 1292 2879 1416 Ἀθαναῗὲου
2898 1331 2914 1356 ,
2948 1292 3013 1345 ἐκ
3040 1289 3132 1346 τοῦ
3160 1291 3299 1359 Περὶ
3329 1290 3591 1356 πίστεως

2816 1380 2945 1416 νου.

2816 1380 2945 1433 γου.

449 1459 693 1533 Synaxes
743 1475 874 1515 vero
926 1459 1199 1515 celebrare
1252 1466 1514 1514 statutum
1559 1467 1644 1513 est
1686 1471 1716 1510 a
1747 1455 1953 1511 sanctis

2123 1456 2380 1525 Συνάξεις
2405 1456 2463 1510 δὲ
2493 1454 2908 1526 ἐπιτελούμεναι
2929 1453 3211 1524 ταχθεῖσαι
3233 1454 3373 1507 εἰσιν
3397 1452 3509 1506 ἀπὸ
3532 1450 3644 1505 τῶν

378 1551 663 1622 apostolis.
727 1548 884 1606 Feria
910 1559 1102 1621 quarta
1136 1560 1191 1605 et
1236 1550 1565 1620 prosahhato
1592 1548 1949 1619 jejunandum

2111 1552 2225 1621 {law
2253 1549 2586 1604 ἀποστόλων.
2637 1546 2883 1617 Τετράδα
2918 1545 3040 1616 (sic)
3072 1546 3166 1599 καὶ
3189 1544 3562 1617 προσαόϐάτῳ
3583 1544 3645 1597 ἐν

622 1326 770 1382 Beati
805 1325 1113 1393 Athanasii,
1145 1341 1213 1381 ex
1228 1341 1472 1379 sermone
1500 1323 1580 1379 De
1608 1324 1737 1393 ﬁde.

278 1704 285 1708 θ
379 1658 554 1714 usque
583 1643 648 1697 ad
672 1642 863 1697 horam
895 1657 1117 1708 nonam,
1141 1642 1579 1713 quandoquidem
1606 1642 1952 1696 illucescente

380 1710 515 1788 feria
535 1743 729 1804 quarta
755 1743 946 1804 captus
975 1743 1059 1790 est
1084 1710 1449 1799 Dominum—et
1472 1731 1801 1805 prosabbato
1823 1746 1952 1786 cru-
1987 1710 2030 1766 Β

377 1826 573 1882 ciﬁxus
596 1836 695 1882 est.
730 1825 1091 1880 Tradiderunt
1117 1826 1345 1895 apostoli
1380 1825 1465 1881 his
1492 1825 1683 1880 diebus
1705 1823 1957 1895 jejunau-

376 1919 506 1974 dum
536 1934 678 1983 esse,
705 1920 775 1973 ita
802 1927 861 1972 ut
890 1918 1182 1988 impleatur
1202 1916 1410 1973 dictum
1434 1918 1567 1972 illud
1602 1938 1614 1974 :
1650 1917 1782 1974 Cum
1813 1918 1958 1973 abla-

380 2021 461 2066 tus
483 2014 642 2084 fuerit
673 2013 737 2066 ab
768 2013 842 2066 eis
871 2028 1114 2081 sponsus,
1144 2023 1265 2065 tunc
1284 2010 1601 2081 jejunabunt
1628 2012 1681 2065 in
1708 2011 1817 2066 illis
1847 2012 1957 2066 die-

378 2101 473 2157 bus
489 2102 565 2170 ";
594 2119 703 2157 non
731 2112 789 2157 ut
804 2103 1034 2173 gratiam
1058 2102 1299 2158 feramus
1327 2104 1377 2157 ei
1408 2102 1498 2172 qui
1521 2116 1621 2173 pro
1648 2103 1804 2158 nobis
1831 2117 1955 2173 pas-

282 2202 285 2205 ’
380 2210 476 2252 sus
524 2203 609 2250 est
647 2194 935 2266 (jejunium
980 2194 1138 2250 nobis
1173 2203 1504 2264 praeceptum
1554 2193 1716 2265 fuit);
1768 2194 1864 2250 sed
1898 2201 1957 2249 ut

377 2286 736 2343 conﬁteamur
762 2288 1071 2343 inrsalutem
1112 2287 1271 2342 nobis
1299 2286 1470 2343 fuisse
1500 2287 1717 2342 Domini
1746 2287 1955 2358 passio-

378 2393 502 2433 nem
528 2419 545 2440 ,
584 2392 750 2447 quam
782 2393 880 2448 pro
908 2377 1066 2432 nobis
1098 2378 1373 2446 suscepit,
1407 2362 1462 2432 et
1497 2386 1557 2431 ut
1588 2393 1685 2447 pro
1719 2377 1955 2447 peccatis

377 2469 582 2524 nostris
612 2468 821 2538 jejunia
873 2477 1060 2522 nostra
1107 2478 1327 2538 accepta
1373 2477 1427 2522 et
1454 2467 1738 2522 benedicta
1776 2481 1808 2521 a
1841 2464 1954 2520 Deo

379 2562 511 2616 sint.
543 2558 622 2614 Ac
648 2575 747 2630 per
774 2569 946 2613 totum
975 2557 1196 2628 quidem
1225 2573 1431 2613 annum
1457 2557 1726 2628 jejunium
1769 2572 1955 2613 serva-

377 2659 469 2706 tur
499 2653 553 2706 in
586 2651 701 2722 ipsa
730 2660 916 2706 sancta
952 2661 1006 2705 et
1038 2649 1319 2704 catholica
1370 2648 1613 2706 Ecclesia
1637 2693 1653 2719 ,
1704 2652 1954 2711 videlicet

378 2740 514 2795 feria
542 2748 735 2810 quarta
759 2747 811 2793 et
838 2738 1164 2809 prosabbato
1197 2753 1371 2808 usque
1397 2739 1463 2794 ad
1513 2739 1951 2812 horam'nonam,

378 2839 605 2900 excepta
633 2830 749 2885 sola
770 2828 1089 2885 Pentecoste
1112 2836 1225 2884 tota
1254 2845 1377 2901 qua:
1403 2831 1799 2903 quinquaginta
1828 2849 1955 2890 con-

380 2931 489 2978 stat
513 2921 723 2987 diebus,
746 2921 947 2992 quibus
965 2935 1143 2991 neque
1167 2920 1575 2992 genuﬂexiones
1597 2925 1754 2992 llunt,
1777 2943 1954 2999 neque

374 3012 669 3107 jejunium
696 3013 1036 3107 praecipitur;
1073 3027 1155 3107 ac,
1168 3028 1268 3082 pro
1298 3016 1598 3107 synaxihus
1644 3034 1768 3089 qua:
1819 3020 1951 3076 hora
1982 3047 2026 3107 ο

380 3120 525 3159 nona
559 3105 613 3159 in
645 3103 798 3158 feriis
822 3105 1033 3174 quartis
1056 3114 1115 3179 et
1143 3105 1198 3159 in
1224 3106 1557 3175 prosabhato
1585 3106 1808 3178 ﬁebant,
1835 3126 1954 3166 ma—

379 3197 568 3252 tutinm
592 3211 825 3268 synaxes
855 3197 1013 3267 quasi
1045 3197 1100 3251 in
1135 3195 1420 3254 Dominica
1454 3200 1818 3257 celebrantur.
1864 3202 1955 3258 ln-

381 3304 653 3361 superque
680 3290 734 3343 in
765 3289 871 3346 illis
903 3290 1300 3362 quinquaginta
1344 3292 1538 3349 diebus
1581 3293 1953 3364 Pentecostes,

383 3384 449 3438 de
500 3382 702 3452 quibus
731 3396 895 3453 supra
915 3422 931 3449 ,
978 3396 1155 3452 neque
1187 3383 1393 3453 jejunis
1422 3396 1747 3455 servantur,
1781 3403 1957 3458 neque

382 3472 805 3544 genuﬂexiones.
859 3473 925 3528 Et
949 3483 1070 3544 post
1094 3476 1538 3531 constitutionem
1572 3486 1775 3534 sanctae
1802 3477 1954 3546 Qua-

381 3565 703 3637 dragesimae
734 3581 955 3622 rursum
995 3567 1166 3622 dicit:
1205 3565 1311 3623 Sex
1350 3580 1477 3624 ante
1501 3568 1712 3626 Pascha
1762 3571 1955 3629 diebus

383 3657 546 3713 siccis
577 3657 853 3715 alimentis
885 3668 1180 3715 vescuntur
1207 3673 1399 3716 omnes
1426 3662 1647 3732 populi,
1693 3664 1953 3720 nimirum

381 3763 521 3820 pane
543 3790 560 3816 ,
587 3764 728 3820 aqua
766 3760 820 3806 et
849 3751 961 3806 sale
988 3753 1056 3806 ad
1085 3767 1366 3823 vesperam
1393 3763 1628 3812 utentea.
1686 3754 1802 3811 lmo
1830 3756 1957 3828 qui-

382 3842 508 3897 dam
537 3842 888 3898 ferventiores
908 3883 927 3911 ,
965 3843 1128 3899 biduo
1152 3886 1168 3911 ,
1207 3845 1387 3900 triduo
1415 3856 1468 3901 et
1495 3847 1790 3917 quatriduo
1812 3847 1958 3917 jeju-

382 3943 551 4002 nant;
580 3935 692 3990 imo
720 3936 943 4005 quidam
969 3945 1085 3991 tota
1117 3938 1459 3994 hebdomade
1491 3954 1668 4010 usque
1705 3940 1773 3995 ad
1797 3940 1955 4012 galli-

383 4026 588 4082 cinium
612 4026 909 4083 Dominica:
929 4027 1314 4099 illucescentis,
1343 4046 1437 4087 se:
1459 4031 1653 4087 diebus
1678 4033 1734 4087 in
1760 4031 1957 4102 vigiliis

383 4126 752 4188 perseverant.

2052 1643 2277 1716 νηστείᾳ
2308 1643 2413 1706 ἓως
2446 1640 2593 1711 ὥρας
2621 1640 2880 1709 ὲννάτης’
2911 1637 3209 1709 ἐπειδήπερ
3245 1634 3647 1708 ἐπιφωσκούσῃ

2054 1734 2269 1808 τετράδι
2315 1732 2620 1804 συνελήφθη
2661 1733 2689 1785 ό
2734 1730 2958 1803 Κύριος,
3013 1731 3106 1783 καὶ
3150 1729 3212 1782 τὸ
3259 1728 3649 1801 προσάόὸατον

2055 1826 2403 1899 ἐσταυρώθη·
2434 1827 2527 1879 καὶ
2566 1824 2890 1896 παρέδωκαν
2921 1824 2970 1874 οἱ
3004 1819 3290 1874 ἀπόστολοι
3318 1822 3379 1874 ὲν
3410 1819 3649 1882 ταύταις

2055 1918 2308 1991 νηστείαν
2376 1916 2777 1980 ἐπιτελεῖσθαι,
2836 1912 3217 1985 πληρουμένου
3278 1911 3375 1966 τοῦ
3436 1908 3641 1982 ῥητοῦ⁴

2057 2011 2243 2064 Ὅταν
2262 2006 2497 2078 ἀπαρθῇ
2527 2007 2627 2062 ἀπ’
2644 2005 2841 2061 αὐτῶν
2858 2009 2891 2060 ό
2918 2005 3349 2074 νυμφίος,’τόι³ε
3378 2003 3646 2070 νηστεύ-

2055 2116 2279 2157 σουσιν
2309 2102 2379 2155 ἐν
2408 2101 2668 2166 ἐκείναις
2696 2098 2824 2165 ταῖς
2852 2097 3132 2168 ἡμέραιςο
3169 2097 3262 2150 κα)⁸
3286 2096 3386 2166 οὐχ
3418 2096 3518 2150 ἵνα
3544 2096 3651 2166 χά-

2059 2209 2144 2264 ριν
2173 2192 2487 2262 ποιήσωμεν
2509 2189 2588 2260 τῷ
2620 2189 2761 2260 ὑπὲρ
2812 2187 2968 2258 ἡμῶν
2998 2186 3288 2241 πεπονθότι
3319 2190 3338 2251 (
3353 2189 3388 2256 ἡ
3416 2185 3651 2257 νηστεία

2057 2286 2188 2355 ἡμῖν
2219 2283 2638 2354 προστέτακται)
2663 2322 2677 2345 ,
2704 2281 2815 2336 ἀλλ’
2846 2284 2993 2345 ὅπως
3022 2280 3446 2352 ὁμολογήσωμεν
3477 2280 3556 2343 εις
3574 2281 3650 2349 ’ή-

2061 2373 2175 2446 μῶν
2203 2373 2474 2444 σωτηρίαν
2510 2377 2570 2425 τὸ
2594 2371 2687 2426 τοῦ
2733 2372 2938 2444 Κυρίου
2966 2371 3139 2434 πάθος
3162 2412 3176 2439 ,
3217 2369 3246 2423 ὃ
3295 2368 3437 2438 ὑπὲρ
3481 2368 3648 2439 ἡμῶν

2056 2465 2215 2528 αὐτὸς
2246 2464 2532 2530 ἀνεδέξατο
2550 2503 2565 2526 ,
2598 2464 2690 2516 καὶ
2719 2464 2866 2525 ὅπως
2893 2464 3034 2534 ὑπὲρ
3061 2461 3171 2515 τῶν
3202 2461 3413 2514 ἑαυτῶν
3459 2461 3650 2531 ἀμαρο

2057 2550 2188 2605 τιῶν
2213 2554 2267 2605 αἱ
2300 2554 2545 2623 νηστεῖαι
2569 2554 2602 2623 ἡ
2612 2551 2729 2622 μῶν
2754 2552 3055 2621 εὐλόγιστοι
3079 2551 3199 2622 Θεῷ
3224 2550 3505 2620 γίνωνται.
3532 2548 3652 2603 Καὶ

2054 2642 2121 2696 δι’
2150 2643 2272 2696 ὃλου
2310 2644 2409 2715 μὲν
2440 2644 2535 2697 τοῦ
2580 2644 2732 2707 ἔτους
2760 2646 2793 2715 ἡ
2826 2645 3048 2715 νηστεία
3086 2643 3414 2713 φυλάττεται
3464 2644 3524 2695 ὲν
3573 2645 3649 2716 τῇ

2055 2733 2191 2804 αὐτῇ
2223 2734 2357 2804 ἀγίᾳ
2405 2735 2500 2788 καὶ
2533 2734 2793 2805 καθολικῇ
2841 2734 3174 2807 Ἐκκλησία,
3230 2733 3375 2803 φημὶ
3420 2732 3648 2803 τετράέι

2055 2824 2150 2878 καὶ
2180 2823 2545 2895 προσασόἁτῳ
2574 2824 2678 2888 ἓως
2706 2824 2856 2897 ῶρας
2894 2826 3121 2897 ὲννάτης
3140 2867 3154 2890 ,
3184 2825 3308 2895 δίχα
3341 2824 3507 2895 μόνης
3541 2823 3652 2894 τῆς

2055 2916 2438 2989 Πεντηκοστῆς
2487 2916 2615 2987 ὅλης
2641 2915 2751 2969 τῶν
2781 2917 3121 2987 πεντήκοντα
3151 2916 3376 2987 ἡμερῶν
3396 2955 3411 2979 ,
3467 2917 3526 2967 ἐν
3552 2910 3653 2978 αἷς

2057 3009 2179 3063 οὔτε
2195 3006 2532 3077 γονυκλισίαι
2548 3008 2809 3077 γίνονται,
2824 3006 2953 3060 οὔτε
2968 3007 3191 3078 νηστεία
3212 3007 3614 3079 προστέτακται
3630 3024 3645 3037 ο

2060 3101 2181 3154 ἀντὶ¹
2202 3099 2260 3153 δὲ
2292 3098 2401 3152 τῶν
2425 3098 2561 3169 πρὸς
2590 3098 2686 3170 τὴν
2705 3100 2929 3169 ὲννάτην
2952 3095 3224 3162 συνάξεων
3251 3098 3525 3169 τετράδων
3548 3099 3652 3152 καὶ

2059 3191 2457 3266 προσαόόάτων
2485 3191 2561 3254 ὡς
2597 3193 2655 3244 ὲν
2684 3190 2866 3261 ἡμέρᾳ
2889 3191 3143 3262 Κυριακῇ
3174 3190 3315 3244 κατά
3338 3190 3439 3253 τάς
3465 3193 3651 3262 πρωῒ-

2058 3283 2157 3349 νάς
2181 3285 2237 3338 αἱ
2262 3283 2508 3350 συνάξεις
2525 3281 2918 3336 ἐπιτελοῦνται.
2953 3282 3075 3336 Ἔτι
3093 3282 3150 3335 δὲ
3169 3282 3264 3335 καὶ
3284 3283 3342 3335 ὲν
3367 3283 3493 3345 ταῖς
3516 3298 3654 3335 πεν-

2059 3377 2295 3448 τήκοντα
2317 3375 2571 3447 ἡμέραις,
2599 3368 2688 3438 αἷς
2710 3376 2968 3446 προεῖπον
2988 3376 3090 3445 τῆς
3113 3375 3517 3445 Πεντηκοστῆς,
3540 3374 3652 3427 οὐκ

2061 3462 2198 3515 εἰσὶν
2225 3459 2350 3515 οὔτε
2395 3464 2639 3532 νηστεῖαί.
2667 3460 2790 3515 οὔτε
2815 3462 3177 3531 γονυκλισίαι.
3231 3462 3340 3515 Καὶ
3371 3462 3513 3533 μετά
3542 3462 3653 3534 τὴν

2059 3552 2300 3618 διάταξιν
2323 3552 2423 3622 τῆς
2452 3552 2610 3621 ἁγίας
2641 3553 3101 3623 Τεσσαρακοστῆς
3133 3552 3296 3607 πάλιν
3339 3551 3491 3620 λέγει
3510 3592 3526 3617 ,
3558 3553 3652 3607 ὅτι

2058 3643 2160 3709 τὰς
2191 3643 2251 3709 ἒξ
2279 3644 2491 3716 ἡμέρας
2513 3644 2611 3707 τὰς
2640 3645 2749 3716 πρὸ
2773 3645 2869 3699 τοῦ
2896 3644 3088 3715 Πάσχα
3110 3647 3167 3699 ὲν
3189 3646 3502 3717 ξηροφαγίᾳ
3526 3645 3655 3700 δια.

2058 3733 2272 3788 τελοῦσι
2301 3734 2501 3798 πάντες
2528 3736 2576 3788 οἱ
2602 3733 2745 3803 λαοὶ,
2775 3736 2920 3807 φημὶ
2944 3736 3095 3807 ἄρτῳ
3120 3737 3215 3789 καὶ
3246 3736 3336 3789 ἁλὶ
3364 3737 3461 3790 καὶ
3488 3736 3652 3792 ὕδατι

2056 3825 2177 3879 τότε
2202 3825 2473 3897 χρώμενοι
2501 3827 2637 3898 πρὸς
2661 3827 2922 3894 ἑσπέραν.
2992 3826 3149 3880 Ἀλλά
3178 3827 3272 3881 καί
3295 3844 3444 3891 τινες
3468 3844 3671 3882 σπου--

2056 3914 2193 3968 δαῖοι
2222 3914 2413 3978 διπλᾶς
2439 3917 2534 3969 καὶ
2552 3915 2784 3987 τριπλᾶς
2817 3918 2912 3969 καὶ
2941 3916 3252 3986 τετραπλᾶ
3273 3917 3606 3988 νηστεύουσὲ
3628 3933 3647 3949 ο

2056 4005 2149 4059 καὶ
2175 4005 2303 4076 ὃλην
2330 4004 2427 4077 τὴν
2450 4005 2719 4075 ἑϐδομάδα
2743 4005 2874 4059 ἔνιοι
2894 4005 3055 4077 ἄχρις
3075 4006 3453 4079 ἀλεκτρυόνων
3475 4024 3651 4079 κραυ-

2060 4098 2164 4168 γῆς
2184 4097 2283 4168 τῆς
2328 4098 2616 4170 Κυριακῆς
2644 4098 3064 4170 ὲπιφωσκούσης
3089 4100 3146 4154 ὲν
3164 4100 3496 4171 ἀγρυπνίαις
3520 4100 3657 4154 δια-

2060 4187 2271 4242 τελοῦσι
2295 4189 2396 4253 τάς
2424 4188 2505 4255 ἒξ.

748 4279 1198 4358 Fragmentum
1232 4294 1312 4341 ex
1342 4277 1736 4342 Bibliotheca
1774 4295 1940 4343 nova
1972 4278 2138 4342 card.
2172 4241 2595 4357 Angeloliiai
2630 4324 2647 4354 ,
2678 4286 2722 4343 t.
2760 4281 2841 4355 ll,
2884 4241 3027 4360 pag.
3063 4280 3206 4343 583.

505 4394 693 4452 Sancti
723 4395 1009 4452 Athanasii
1033 4411 1100 4452 ex
1130 4413 1366 4453 sermone
1390 4398 1589 4468 majore
1622 4397 1701 4454 De
1722 4398 1849 4469 ﬁde.

457 4575 550 4633 Sic
574 4589 705 4647 ergo
740 4576 906 4631 Arius
950 4575 1079 4632 dum
1113 4574 1208 4631 Dei
1272 4575 1506 4632 Verbum
1530 4575 1660 4632 facit
1690 4585 1957 4642 creatum,

388 4670 563 4726 nescit
585 4685 644 4725 se
670 4667 889 4723 Patrem
920 4668 1127 4738 absque
1156 4666 1336 4724 Verbo
1358 4667 1558 4724 facere.
1588 4668 1780 4724 Omnis
1804 4669 1954 4724 enim

383 4764 472 4820 cui
494 4761 763 4817 rationale
784 4760 1009 4815 verbum
1032 4774 1141 4814 non
1180 4760 1340 4828 inest,
1377 4760 1684 4816 irrationali
1732 4776 1957 4831 prorsus

383 4866 581 4913 natura
599 4864 701 4910 est.
735 4853 938 4909 Deinde
960 4853 1089 4908 dum
1118 4851 1299 4909 Verbo
1329 4869 1546 4909 carnem
1577 4855 1760 4909 anima
1788 4854 1955 4909 ratio-

385 4948 496 5003 nali
544 4953 822 5002 carentem
868 4945 1138 5010 attribuit,
1198 4944 1329 5000 facit
1358 4943 1597 5001 Verbum
1634 4948 1956 5004 naturaliter

386 5036 663 5108 passibile,
698 5036 948 5103 mortale,
982 5036 1149 5090 invite
1175 5035 1416 5106 passioni
1439 5037 1956 5109 obnoxium,quan-

387 5127 677 5200 doquidem
710 5127 923 5182 nullum
976 5135 1184 5182 motum
1239 5127 1610 5183 voluntarium
1655 5128 1957 5184 inanimata

386 5237 514 5277 caro
544 5222 724 5277 habet.
751 5219 965 5277 Etenim
992 5237 1114 5291 quae
1135 5230 1219 5277 est
1260 5222 1379 5278 sine
1413 5231 1595 5278 mente
1626 5224 1811 5279 anima
1830 5263 1846 5288 ,
1885 5224 1954 5280 ab

385 5313 534 5368 omni
572 5312 808 5367 naturali
832 5308 1111 5367 voluntate
1154 5311 1330 5367 aliena
1370 5321 1484 5376 est;
1524 5311 1787 5382 quoniam
1816 5312 1954 5367 nihil

385 5404 533 5459 aliud
583 5411 669 5459 est
701 5403 955 5458 voluntas
1006 5403 1113 5457 nisi
1160 5418 1316 5458 mens
1354 5418 1484 5474 erga
1537 5402 1745 5473 aliquid
1803 5417 1957 5458 eom-

383 5504 555 5566 mota,
606 5495 694 5551 vel
738 5495 935 5551 animae
969 5495 1320 5566 intelligentis
1363 5505 1699 5566 spontaneus
1748 5505 1952 5552 motus.

455 5606 503 5638 δ’
528 5604 687 5663 Joan.
717 5623 818 5676 xu,
848 5608 937 5663 49.
1013 5606 1057 5638 ⁸⁷
1087 5605 1244 5661 Joan.
1271 5624 1348 5673 vr,
1379 5608 1470 5664 38.

1948 4436 1954 4443 .
1988 4382 2034 4438 Ι)
2131 4395 2238 4450 Τοῦ
2276 4397 2432 4466 ἁγίου
2469 4399 2811 4467 Ἀθανασίου,
2848 4403 2912 4454 ὲκ
2938 4399 3032 4454 τοῦ
3064 4401 3203 4471 Περὶ
3238 4396 3501 4472 πίστεως
3516 4409 3653 4476 μει-

2599 4489 2766 4558 ζονος
2787 4493 2974 4563 λόγου
3007 4492 3141 4565 (60).

2125 4577 2290 4635 Οὕτω
2318 4580 2415 4651 μὲν
2434 4574 2526 4635 οὖν
2555 4582 2773 4652 ’Ἄρειος
2812 4582 3230 4647 κατασκευάσας
3255 4584 3347 4638 τὸν
3379 4583 3476 4638 τοῦ
3504 4587 3646 4641 Θεοῦ

2058 4670 2231 4740 Λόγον
2258 4672 2475 4725 κτιστὸν
2499 4711 2514 4734 ,
2543 4673 2643 4726 οὐκ
2669 4671 2810 4742 ἔγνω
2836 4674 3155 4746 πεποιηκὼς
3176 4676 3374 4745 ἄλογον
3401 4679 3494 4732 τὸν
3530 4680 3650 4733 Ila-

2060 4763 2226 4833 τέρα’
2260 4764 2370 4815 πᾶν
2389 4762 2499 4835 γὰρ
2532 4756 2577 4832 ᾧ
2600 4764 2844 4834 φυσικῶς
2870 4765 2945 4837 μὴ
2972 4767 3231 4839 πρόσεστι
3291 4769 3486 4838 λόγος,
3519 4771 3647 4825 ἄλο-

2061 4870 2155 4924 γος
2184 4855 2342 4925 φύσει
2364 4855 2581 4918 πάντως
2611 4857 2777 4910 ἐστίν.
2814 4858 3048 4911 Ἔπειτα
3068 4860 3244 4931 ψυχῆς
3267 4865 3463 4933 νοερᾶς
3492 4865 3650 4918 ἐστε-

2064 4948 2306 5021 ρημένην
2340 4948 2488 5019 αὐτῷ
2543 4949 2720 5020 σάρκα
2753 4948 2948 5015 διδοὺς,
2997 4950 3157 5021 φύσει
3185 4952 3426 5024 παθητὸν
3480 4957 3650 5011 αὒτῦν

2060 5040 2321 5107 δείκνυσι,
2365 5039 2459 5092 καὶ
2479 5039 2693 5108 θνητὸν,
2729 5040 2823 5092 καὶ
2852 5039 2913 5092 τὸ
2939 5041 3108 5106 πάθος
3145 5042 3420 5109 ἀκούσιον,
3451 5044 3530 5108 ὡς
3544 5047 3647 5115 τῆς

2067 5131 2233 5202 μηδὲν
2275 5130 2506 5203 ἐχούσης
2547 5131 2795 5186 ἑκούσιον
2827 5131 3036 5203 ἀψύχου
3084 5137 3283 5207 σαρκὸς
3321 5139 3602 5207 κινητικόν
3629 5156 3643 5169 ·

2062 5225 2096 5295 ἠ
2129 5224 2238 5295 γὰρ
2268 5225 2493 5295 ἀνόητος
2526 5222 2661 5297 σάρξ
2689 5224 2869 5296 πάσης
2905 5225 3279 5298 ὴλλωτρίωται
3310 5230 3449 5284 κατὰ
3481 5230 3644 5301 φύσιν

2062 5315 2353 5386 θελήσεως,
2401 5319 2560 5389 εἰπερ
2594 5317 2746 5371 οὐδέν
2780 5320 2896 5371 ἐστι
2953 5318 3171 5392 θέλησις
3199 5322 3233 5392 ἢ
3278 5321 3405 5387 νοῦς
3434 5322 3566 5397 περί
3592 5341 3643 5376 τι

2062 5407 2399 5478 κινούμενος,
2435 5409 2467 5481 ἢ
2499 5408 2679 5480 ψυχῆς
2703 5410 2894 5478 νοερᾶς
2920 5411 3264 5477 αὑτεξούσιος
3290 5414 3535 5485 κίνησις·
3574 5412 3642 5489 ἧς

2062 5498 2285 5570 γυμνῶν
2312 5498 2405 5553 τοῦ
2435 5501 2639 5573 Κυρίου
2665 5500 2765 5572 τὴν
2794 5501 2971 5571 σάρκα
2990 5543 3005 5567 ,
3031 5506 3234 5573 πτηνοῦ
3271 5522 3414 5571 τινος
3443 5506 3477 5578 ἢ
3511 5524 3638 5580 χερ·

1581 5609 1627 5642 ⁸⁸
1653 5608 1852 5666 Genes.
1884 5626 1924 5678 ι,
1953 5611 2045 5668 26.
2078 5609 2086 5617 ’
2124 5613 2170 5645 ⁸⁵
2202 5612 2393 5668 Matth.
2425 5630 2506 5677 ix.
2537 5613 2625 5671 15.

419 5710 423 5715 '
451 5696 574 5770 ,(60)
607 5698 662 5755 ιιι
686 5708 780 5756 est
803 5698 1023 5771 quando
1075 5708 1238 5770 sputo
1268 5716 1474 5759 caecum
1522 5702 1857 5761 illuminavit
1882 5744 1898 5771 ,
1935 5705 2212 5778 leprosum
2243 5722 2409 5763 manu
2437 5717 2652 5765 extenta
2682 5708 2984 5778 mandavit,
3018 5720 3124 5768 etc.
