3794 6226
149 323 292 380 1293

1414 325 1649 382 FRAGM
1660 325 1840 380 ENTA
1882 325 2089 381 VARIA
2103 367 2116 382 .

148 443 304 496 υαίου
328 443 362 514 ἢ
391 442 589 513 νηκτοῦ
613 441 748 506 ζώου
771 441 974 513 ταύτην
1001 442 1290 513 πεποίηται
1313 457 1324 470 ⁸
1351 445 1442 496 καὶ
1471 445 1729 514 σαφέστε-

1861 449 1999 520 gitur
2055 446 2147 516 qui
2205 446 2387 499 anima
2433 458 2653 500 carnem
2720 442 2932 498 Domini
2985 442 3199 514 spoliat,
3271 445 3404 502 facit

150 551 243 605 ρον
274 536 448 587 εἰπεῖν
475 575 490 598 ,
529 534 647 588 ούδέ
677 535 880 588 τούτων
920 534 1084 598 τινὸς,
1147 533 1303 606 εἴπερ
1329 534 1540 600 οὐδενὸς
1583 535 1721 600 ζώου

147 626 329 698 ψυχῆς
361 627 646 698 ἐστέρηται
679 627 835 699 σάρξ.

1830 539 1972 592 hanc
2003 536 2242 592 volucris
2269 535 2499 603 alicujus
2530 543 2623 589 aut
2653 535 2923 590 terrestris
2953 536 3255 605 aquaticive
3281 539 3403 592 ani-

1830 628 1987 684 malis
2028 643 2268 682 carnem.
2316 625 2430 681 lmo
2475 636 2534 682 ut
2577 627 2778 684 clarius
2837 627 3036 695 dicam,
3083 643 3152 683 ne
3206 629 3403 685 horum

3260 327 3401 384 ιεςδι
3491 364 3501 374 .

153 721 376 790 quidem
412 721 731 790 cujuslibet;
769 720 1035 789 siquidem
1070 719 1269 775 nullius
1315 721 1565 776 animalis
1597 735 1726 776 caro
1775 721 1956 776 anima
1983 731 2148 776 caret.

175 965 3399 996 Mm“

901 1141 1284 1205 MONITUM
1331 1141 1413 1202 IN
1457 1143 1620 1203 DUO
1672 1143 2176 1206 FRAGMENTA
2233 1144 2690 1208 HISTORICA.

1733 1336 1801 1350 σε...

224 1463 450 1534 1038
496 1460 629 1516 Haec
653 1461 760 1514 duo
790 1460 1088 1530 fragmenta
1112 1461 1370 1516 historica
1407 1478 1470 1517 ex
1497 1464 1674 1517 codice
1700 1465 1926 1534 quodam
1957 1464 2244 1517 clarissimi
2275 1471 2324 1517 et
2348 1464 2660 1517 amicissimi
2696 1467 2795 1518 viri
2838 1464 3055 1520 Baluzii
3099 1483 3184 1521 xlv
3228 1471 3411 1523 stcculi

151 1557 389 1610 mutuati
421 1570 620 1608 sumus.
647 1551 886 1606 Primum
911 1552 972 1605 de
1004 1551 1174 1605 Paulo
1203 1551 1546 1608 Samosateno
1566 1594 1580 1619 ,
1613 1555 1725 1624 qui,
1764 1563 1890 1608 teste
1915 1555 2210 1608 Athanasio
2235 1553 2333 1621 (De
2364 1555 2559 1624 synod.
2592 1570 2743 1608 num.
2773 1555 2876 1623 45,
2903 1573 2958 1626 ρ.
2996 1557 3120 1629 606)
3155 1559 3358 1614 dicebat
3391 1580 3412 1614 :

153 1653 218 1707 Si
253 1652 506 1706 Christus
540 1666 646 1705 non
675 1665 741 1703 ex
774 1643 995 1701 homine
1025 1642 1168 1694 Deus
1195 1639 1372 1696 factus
1402 1650 1504 1706 est,
1547 1657 1677 1713 ergo
1705 1658 1814 1696 non
1842 1643 2330 1698 consubstantialis
2364 1652 2448 1698 est
2475 1641 2660 1709 Patri,
2689 1658 2752 1698 ac
2784 1633 3008 1701 necesse
3040 1657 3124 1703 est
3154 1655 3264 1704 tres
3293 1666 3416 1707 esse

156 1749 498 1805 substantias
531 1767 544 1802 :
577 1745 714 1816 quod
740 1744 1008 1809 sophisma
1040 1746 1095 1789 ut
1126 1744 1362 1790 caverent
1387 1734 1576 1790 Patres
1608 1737 1940 1801 Antiocheni,
1967 1753 2141 1790 vocem
2165 1735 2450 1807 ὁμοούσιος
2484 1739 2832 1806 repudiarunt
2867 1757 2885 1794 :
2916 1756 3096 1812 neque,
3127 1753 3185 1797 ut
3208 1745 3288 1798 αίε
3327 1746 3415 1802 hic

157 1840 526 1902 Athanasius,
578 1838 646 1890 ad
683 1837 968 1906 perfectam
1019 1833 1111 1887 τοῦ
1150 1833 1435 1904 ὀμοουσίου
1485 1834 1966 1902 interpretationem
2020 1836 2480 1904 attigerunt:non
2546 1852 2646 1905 quo
2697 1837 2924 1893 inscitiae
2965 1849 3059 1893 aut
3103 1845 3414 1898 temeritatis

157 1932 509 1985 Antiochenos
541 1929 728 1983 Patres
761 1937 1010 1981 accuset:
1037 1927 1244 1981 eosdem
1271 1926 1458 1994 quippe
1496 1942 1591 1994 pro
1634 1926 1776 1978 virili
1808 1927 1865 1979 in
1906 1925 2134 1995 epistola
2185 1924 2260 1980 De
2292 1926 2516 1996 synodis
2541 1927 2798 1996 defendit,
2820 1933 2914 1986 sed
2944 1943 3001 1986 ut
3027 1933 3208 2003 palam
3247 1936 3418 2005 faciat

159 2022 511 2077 Antiochenos
545 2017 734 2073 Patres
773 2035 944 2075 vocem
976 2021 1258 2094 ὁμοούσιος
1283 2062 1298 2086 ,
1330 2038 1433 2075 non
1474 2021 1615 2091 quod
1647 2022 1718 2073 ad
1751 2031 1917 2076 totum
1944 2039 2104 2092 quam
2137 2023 2353 2092 prwfert
2376 2033 2690 2076 sententiam
2716 2066 2730 2090 ,
2762 2029 2851 2082 sed
2892 2039 3153 2100 quatenus
3182 2049 3215 2086 α
3239 2031 3416 2088 Paulo

156 2134 379 2188 pravum
420 2118 473 2170 in
499 2133 653 2171 usum
679 2116 1101 2188 detorquebatur,
1126 2118 1516 2172 condemnasse.
1561 2115 1692 2171 ch
1717 2134 1874 2187 porro
1903 2119 2160 2172 habentur
2181 2120 2236 2172 in
2263 2119 2400 2175 libro
2425 2121 2498 2177 De
2529 2123 2753 2194 synodis
2781 2164 2796 2190 ,
2824 2138 2878 2191 p.
2905 2122 3010 2178 606
3037 2163 3052 2188 ,
3078 2127 3306 2193 exceptis
3345 2129 3415 2182 iis

157 2225 278 2279 qua:
305 2209 368 2262 de
396 2207 625 2261 Zenobio
655 2208 926 2280 feruntur,
953 2229 1174 2283 quorum
1203 2213 1380 2282 gratia
1413 2213 1768 2283 fragmentum
1801 2213 1900 2266 hoc
1969 2209 2121 2267 edere
2153 2215 2322 2268 visum
2353 2216 2454 2285 fuit
2481 2232 2499 2270 :
2528 2193 2761 2270 nam'ex
2805 2217 2913 2272 alio
2938 2228 3238 2289 excerptum
3267 2238 3418 2290 opere

159 2314 381 2356 autumo
403 2319 422 2366 ;
446 2302 577 2356 solet
597 2304 734 2356 enim
763 2306 1088 2364 Athanasius
1120 2309 1282 2363 variis
1311 2311 1366 2362 in
1397 2307 1660 2376 operibus,
1691 2309 1874 2377 paucis
1910 2309 2134 2374 additis,
2165 2311 2347 2364 eadem
2389 2322 2636 2380 repetere.

232 2397 534 2452 Secundum
567 2398 924 2469 fragmentum
951 2440 964 2462 ,
1018 2415 1082 2454 ex
1107 2401 1333 2470 quodam
1367 2399 1652 2452 Athanasii
1683 2415 1834 2469 opere
1881 2411 2181 2469 excerptum
2207 2440 2222 2464 ,
2274 2410 2334 2454 .ut
2363 2403 2418 2455 in
2469 2403 2644 2456 eodem
2671 2405 2850 2458 codice
2881 2406 3050 2475 fertur
3074 2448 3089 2472 ,
3140 2409 3418 2462 historiam

163 2495 383 2564 praefert
396 2494 605 2548 sceleris
621 2493 872 2564 Stephani
896 2495 1226 2563 Antiocheni,
1251 2498 1341 2566 qui
1375 2497 1616 2550 immissa
1633 2495 1834 2566 Onagri
1857 2496 2129 2564 cujusdam
2156 2513 2249 2566 ope
2268 2497 2937 2564 muliercula,calumniam
2959 2499 3188 2566 conflare
3213 2499 3420 2552 studuit

166 2589 223 2639 in
252 2586 584 2655 Euphratam
612 2597 660 2640 et
698 2585 1017 2644 Vincentium
1043 2595 1329 2662 episcopos,
1352 2593 1659 2648 Constantis
1685 2592 1911 2663 Augusti
1941 2592 2162 2664 legatos.
2201 2592 2332 2659 Quae
2359 2611 2439 2648 res
2463 2594 2527 2647 ab
2550 2593 2848 2649 Athanasio
2877 2611 2934 2664 p.
2963 2594 3086 2652 281,
3111 2602 3160 2648 et
3184 2611 3216 2648 a
3251 2593 3422 2648 Theo-

165 2683 351 2736 doreto
378 2682 416 2736 l.
441 2697 503 2748 ll,
537 2698 584 2735 c.
621 2681 674 2746 9,
699 2695 999 2741 enarratur.
1048 2689 1200 2758 Apud
1233 2687 1590 2759 Nicephorum
1633 2701 1811 2742 autem
1845 2689 1938 2744 lib.
1986 2705 2064 2756 lx,
2099 2707 2215 2760 cap.
2241 2690 2333 2758 23,
2377 2693 2457 2744 ita
2481 2691 2674 2745 similis
2708 2689 2828 2741 huic
2855 2687 3097 2741 narratio
3117 2686 3322 2755 fertur,
3360 2675 3422 2739 u‘

163 2791 267 2826 non
305 2772 370 2826 ab
399 2789 454 2826 re
483 2774 745 2843 suspicari
775 2774 960 2844 liceat,
996 2781 1116 2834 inde
1143 2790 1477 2850 exsumptum
1507 2781 1672 2850 fuisse
1705 2781 1898 2834 locum.
1928 2781 1998 2834 At
2031 2798 2149 2836 cum
2178 2781 2459 2836 Athanasii
2477 2799 2642 2851 opera
2667 2782 2790 2834 bene
2819 2782 2986 2832 multa
3011 2781 3307 2832 interiermt
3330 2819 3344 2843 ,
3370 2789 3420 2832 et

163 2862 499 2916 Baluzianus
546 2869 709 2918 codex
741 2865 1022 2922 Athanasii
1064 2886 1247 2924 nomen
1284 2871 1568 2940 praeferat;
1598 2871 1732 2925 nihil
1781 2881 1918 2926 vetat
1953 2870 2307 2941 Nicephorum
2332 2891 2449 2944 qua:
2475 2874 2667 2928 ibidem
2707 2882 3025 2928 enarrantur
3053 2887 3115 2926 ex
3145 2871 3425 2925 Athanasii

159 2956 379 3025 scriptis
423 2966 718 3010 mutuatum
751 2974 881 3012 esse.

461 3163 604 3216 ΤΟΥ
636 3163 992 3216 ΜΕΓΑΛΟΥ
1026 3161 1389 3215 ΑΘΑΝΑΣΙΟ
1403 3162 1463 3214 Υ.

251 3274 471 3344 Ἐπειδὴ
496 3273 604 3346 γὰρ
625 3275 837 3338 Παῦλος
856 3275 884 3326 ὁ
903 3273 1252 3345 Σαμοσατεὺς
1272 3273 1486 3344 ἐφρόνει
1515 3273 1588 3344 μὴ
1610 3269 1747 3326 εἶναι

166 3369 280 3441 πρὸ
298 3369 515 3438 Μαρίας
535 3367 625 3420 τὸν
645 3367 792 3433 Υἱὸν,
817 3365 929 3419 ἀλλ’
958 3368 1049 3420 ἀπ’
1073 3366 1240 3436 αὐτῆς
1264 3365 1435 3436 ἀρχὴν
1459 3365 1747 3436 ἐσχηκέναι

165 3459 266 3513 τοῦ
301 3453 474 3511 εἶναι’
514 3456 703 3510 τούτου
732 3457 916 3509 ἕνεκεν
953 3457 1001 3508 οἱ
1034 3455 1154 3507 τότε
1190 3454 1534 3517 συνελθόντες
1559 3456 1748 3525 ἀρχιε-

169 3553 312 3622 ρεῖς,
343 3549 528 3601 πολλοὶ
559 3549 650 3601 τὸν
688 3547 950 3621 ἀριθμὸν,
982 3548 1229 3600 καθεῖλον
1259 3548 1441 3615 αὐτὸν,
1477 3549 1570 3602 καὶ
1602 3552 1751 3621 αἱρε-

167 3644 326 3698 ⁴,ικὲδν
347 3642 655 3711 ἀπέφηναν.
679 3640 815 3711 Περὶ
832 3641 887 3693 δέ
906 3641 1003 3710 τῆς
1025 3640 1116 3693 τοῦ
1137 3639 1266 3692 Υἱοῦ
1292 3639 1540 3710 θεότητος
1561 3641 1751 3693 ἁπλού-

172 3750 369 3806 στερον
393 3734 695 3804 γράφοντες
717 3773 731 3796 ,
774 3733 834 3785 οὐ
861 3731 1212 3798 κατεγένοντο
1239 3731 1365 3802 περὶ
1393 3731 1488 3803 τὴν
1523 3733 1753 3801 Ὀμοου-

172 3827 318 3881 σίου
345 3823 656 3896 ἀκρίϐειαν·
689 3822 802 3876 ἀλλ’
823 3823 1014 3888 οὕτως,
1043 3823 1118 3886 ὡς
1138 3822 1469 3893 ὲξειλήφασι,
1501 3826 1626 3896 περὶ
1647 3825 1752 3880 τοῦ

174 3918 507 3988 όμοουσίου
548 3919 828 3989 εἰρήκασιο
873 3918 1165 3989 προΐστατο
1213 3917 1269 3968 δὲ
1309 3917 1473 3970 αὐτοῦ
1524 3917 1754 3987 Ζηνοϐία

189 4010 420 4064 Ἰουδαία
442 4027 457 4041 ·
485 4009 598 4063 ἀλλ’
626 4010 725 4062 οὑκ
749 4008 1029 4080 ὠφέλησεν
1059 4009 1218 4061 αὑτὸν
1257 4009 1289 4079 ἡ
1332 4009 1632 4078 προστασία
1659 4009 1754 4061 αύ-

175 4105 296 4173 τῆς.
333 4101 446 4172 Τὴν
475 4099 725 4172 φροντίδα
757 4098 865 4170 γὰρ
901 4093 1045 4170 εἶχον
1077 4099 1252 4151 πᾶσαν
1293 4099 1428 4169 ὅπερ
1461 4099 1756 4169 ἐπενόησεν

173 4198 208 4248 ὁ
228 4194 579 4262 Σαμοσατεὺς
611 4191 815 4246 ἀνελεῖν
834 4232 847 4256 ,
881 4193 974 4245 καὶ
1007 4190 1175 4254 δεῖξαι
1224 4191 1330 4262 πρὸ
1361 4191 1578 4244 πάντων
1620 4187 1756 4242 εἶναι

178 4286 272 4338 τὸν
299 4285 448 4350 Υἰὸν,
473 4285 567 4336 καὶ
584 4283 665 4336 ὅτι
685 4283 784 4335 οὐκ
806 4282 863 4348 ἐξ
886 4281 1184 4354 ἀνθρώπων
1209 4283 1396 4350 γέγονε
1423 4281 1575 4344 Θεὸς,
1599 4281 1755 4345 ἀλλὰ,

179 4377 316 4439 Θεὸς
343 4373 418 4428 ὢν
445 4415 460 4440 ,
497 4373 780 4427 ἐνεδύσατο
807 4372 992 4427 δούλου
1049 4372 1261 4444 μορφὴν
1285 4412 1299 4434 ,
1332 4371 1424 4424 καὶ⁴
1458 4372 1628 4439 Λόγος
1660 4370 1752 4435 ὢν,

183 4469 375 4538 γέγονε
398 4466 552 4539 σὰρξ,
578 4467 655 4530 ὡς
675 4460 825 4518 εἶπεν
851 4467 879 4518 ὁ
907 4463 1174 4536 Ἰωάννης.
1202 4463 1310 4516 Καὶ
1324 4461 1465 4515 οὕτω
1491 4463 1590 4532 μὲν
1615 4461 1756 4515 κατὰ

179 4561 283 4631 τῆς
315 4559 662 4631 βλασφημίας
692 4557 903 4611 Παύλου
933 4556 1261 4628 πέπρακται.

2273 3159 2516 3216 MAGNI
2562 3158 3003 3215 ATHANASII.

1920 3275 2058 3343 Quia
2080 3276 2226 3331 enim
2259 3275 2463 3330 Paulus
2505 3274 2894 3329 Samosatenus
2929 3273 3196 3329 sentiebat
3227 3272 3424 3328 Filium

1852 3382 1962 3422 non
1997 3383 2118 3424 esse
2143 3378 2268 3423 ante
2298 3367 2544 3430 Mariam,
2577 3367 2671 3422 sed
2701 3367 2772 3421 ab
2797 3383 2860 3422 ea
2882 3367 3098 3423 initium
3126 3368 3422 3422 exsistendi

1852 3460 2162 3530 accepisse;
2198 3459 2318 3514 ideo
2355 3459 2631 3529 episcopi,
2682 3458 2776 3529 qui
2808 3467 2938 3512 tunc
2960 3474 3160 3529 magno
3194 3473 3426 3513 numero

1852 3559 2238 3616 convenerant,
2267 3550 2447 3619 ipsum
2472 3549 2802 3604 damnarunt
2823 3565 2885 3603 ac
2909 3549 3298 3618 deposuerunt,
3322 3548 3428 3603 har.-

1851 3644 2192 3712 reticumque
2221 3643 2588 3698 declaravere.
2613 3641 2749 3696 Cum
2775 3650 2953 3696 autem
2985 3641 3052 3695 de
3078 3640 3197 3694 Filii
3226 3641 3427 3695 divini-

1853 3743 1962 3788 tate
1991 3733 2296 3801 simplicius
2333 3741 2577 3802 agerent,
2605 3745 2715 3786 non
2743 3739 3106 3800 pervenerunt
3139 3729 3204 3783 ad
3241 3727 3420 3798 peric-

1855 3834 1994 3881 ctam
2025 3823 2338 3878 Homoousii
2363 3825 2475 3878 sive
2497 3821 2980 3882 Consubstantialis
3022 3822 3425 3891 interpretatio-

1855 3931 2014 3982 nem;
2047 3915 2140 3970 sed
2165 3915 2232 3968 de
2261 3929 2392 3968 voce
2423 3913 2757 3978 Homoousii,
2785 3914 2863 3967 uti
2889 3913 3068 3983 primo
3100 3913 3152 3967 in
3188 3921 3427 3970 mentem

1855 4008 2024 4074 venit,
2046 4007 2206 4062 verba
2228 4005 2491 4061 fecerunt.
2519 4005 2723 4062 Paulus
2753 4014 2932 4059 autem
2959 4003 3209 4060 Zenobiaa
3227 4003 3427 4060 Judaeae

1857 4099 2159 4169 patrocinio
2182 4100 2461 4168 tegebatur
2501 4116 2513 4152 :
2547 4099 2640 4154 sed
2671 4097 2804 4151 nihil
2838 4097 2939 4166 ipsi
2975 4096 3317 4166 profuitejus
3340 4111 3428 4165 pa-

1857 4192 2172 4246 trocinium.
2233 4190 2370 4245 Tota
2410 4205 2644 4260 namque
2682 4188 2973 4258 praesulum
3008 4202 3140 4243 cura
3176 4188 3229 4240 in
3264 4186 3318 4241 id
3347 4187 3430 4240 in-

1859 4284 2185 4349 cumbebat,
2229 4293 2288 4336 ut
2345 4281 2686 4336 Samosateni
2728 4288 3032 4335 commenta
3079 4279 3426 4348 dissiparem,

1859 4375 2403 4444 demonstrarentque
2433 4372 2632 4426 Filium
2681 4384 2805 4426 ante
2835 4371 3017 4425 omnia
3047 4385 3203 4436 esse,
3255 4385 3432 4440 neque

1860 4480 1925 4519 ex
1963 4466 2275 4520 hominibus
2310 4464 2512 4519 factum
2536 4477 2656 4517 esse
2682 4461 2874 4522 Deum,
2925 4461 3017 4515 sed
3053 4463 3254 4529 ipsum,
3287 4459 3433 4515 Deus

1859 4570 1982 4608 eum
2019 4565 2194 4619 esset,
2228 4555 2473 4610 induisse
2500 4552 2732 4609 formam
2766 4551 2942 4620 servi,
2995 4559 3048 4605 et
3077 4549 3315 4606 Verbum
3347 4548 3430 4604 fas

182 4665 330 4708 ctum
363 4669 483 4708 esse
505 4667 722 4707 carnem
745 4692 759 4715 ,
787 4660 848 4704 ut
879 4651 951 4704 ait
977 4648 1236 4704 Joannes.
1259 4649 1434 4719 Atque
1458 4648 1532 4703 ita
1555 4659 1744 4704 contra
1771 4647 2083 4719 blasphema
2106 4649 2270 4704 Pauli
2303 4649 2447 4704 dicta
2470 4657 2650 4704 actum
2681 4656 2783 4704 est.

473 4850 615 4904 ΤΟΥ
651 4848 997 4902 ΜΕΓΑΛοΥ
1036 4846 1472 4900 ΛΘΑΝΑΣῙΟΥ.

255 4985 479 5049 Τούτοις
518 4984 877 5056 ὠχυρωμένος
915 4987 1028 5047 τοῖς
1056 4981 1375 5056 γράμμασιν
1418 4981 1757 5047 Ἀθανὰσιος,

185 5083 268 5144 είς
295 5080 395 5150 τὴν
422 5078 496 5132 ἔω
515 5077 747 5132 διέϐαινε
776 5077 911 5149 πρὸς
937 5075 1032 5147 τὴν
1064 5077 1160 5146 τῆς
1186 5075 1382 5146 Συρίας
1410 5073 1757 5143 Ἀντιόχειαν,

184 5175 322 5226 ὅπου
342 5168 637 5241 τηνικαῦτα
652 5167 910 5238 διέτριϐεν
930 5167 958 5218 ὁ
973 5165 1366 5226 Κωνστάντιος.
1384 5163 1496 5232 Τῆς
1511 5162 1565 5215 δὲ
1583 5164 1761 5215 ἐκεῖσε

185 5261 484 5332 ἐκκλησίας
530 5257 628 5322 τὰς
689 5257 837 5328 ἱερὰς
886 5257 1041 5328 ἡνίας
1098 5256 1222 5308 τότε
1266 5254 1439 5308 διεῖπε
1488 5253 1758 5314 Λεόντιος.

187 5353 341 5411 Μεθδ
373 5352 480 5421 γὰρ
513 5349 806 5412 Εὐστάθιος
845 5349 924 5410 είς
977 5345 1271 5416 φυγαδείαν
1322 5341 1586 5412 ἠλαύνετο
1613 5382 1629 5408 ,
1688 5341 1763 5404 ὡς

185 5446 494 5513 διείληπται
515 5483 530 5506 ,
562 5439 772 5511 πρῶτος
802 5437 970 5506 ἐπέϐη
1003 5435 1095 5488 τοῦ
1127 5435 1314 5505 θρόνου
1343 5433 1674 5503 Εὐφρόνιος,
1702 5429 1761 5481 ὃν

188 5535 476 5604 Πλάκητος
498 5529 765 5596 διεδέξατο
782 5545 794 5557 ·
824 5529 915 5581 τὸν
940 5527 995 5580 δέ
1017 5524 1304 5594 Στέφανος.
1370 5523 1486 5584 Ὃς,
1514 5518 1762 5590 πονηρὰν

265 5714 379 5789 (61)
411 5710 509 5767 llic
534 5713 696 5768 etiam
724 5709 976 5766 Flacillus
1005 5715 1058 5761 et
1088 5703 1346 5760 Placillus
1379 5702 1598 5760 dicitur.

2281 4801 2526 4858 MAGNI
2565 4797 3006 4856 ATHANASII.
3072 4751 3074 4753 i

1928 4961 2234 5016 llislitteris
2253 4959 2496 5013 munitus
2518 4955 2870 5018 Athanasius,
2899 4955 2954 5008 in
2978 4953 3250 5008 Orientem
3280 4967 3431 5006 com-

1859 5054 2130 5123 migravit,
2153 5062 2205 5104 et
2226 5049 2568 5104 Antiochiam
2595 5046 2766 5118 Syriae
2789 5046 2976 5099 urbem
2995 5044 3168 5113 petiit,
3201 5043 3289 5097 ubi
3315 5053 3430 5106 tum

1859 5145 2178 5200 versabatur
2194 5141 2563 5196 Constantius.
2585 5137 2746 5192 Istius
2769 5149 2931 5205 porro
2950 5135 3191 5189 ecclesiae
3217 5147 3280 5187 eo
3303 5142 3432 5187 tem-

1862 5252 1992 5307 pore
2035 5250 2221 5290 sacras
2251 5234 2490 5296 habenas
2518 5227 2900 5284 moderabatur
2937 5224 3218 5279 Leontius.
3272 5221 3431 5275 Post-

1861 5343 2024 5399 quam
2047 5326 2192 5381 enim
2218 5322 2538 5377 Eustathius
2559 5319 2734 5374 solum
2757 5326 2968 5398 vertere
2989 5314 3303 5384 compulsus
3325 5321 3432 5378 est,

1863 5420 1940 5473 uti
1972 5425 2226 5472 narratur
2253 5413 2538 5483 superius;
2567 5413 2717 5481 prior
2744 5411 2996 5463 thronum
3024 5407 3156 5460 adiit
3181 5403 3432 5474 Euphrm

1864 5509 2010 5575 nius,
2042 5522 2203 5578 quem
2222 5504 2458 5561 Plaeitus
2479 5503 2690 5574 excepit
2707 5500 2818 5574 (61)
2846 5509 3009 5572 atque
3031 5499 3178 5554 hunc
3205 5495 3436 5565 Stepha-
