3794 6226
334 325 474 383 5295

901 319 958 374 S.
1004 313 1374 370 ATHANASII
1412 313 1560 369 OPP.
1603 313 1786 368 PARS
1823 313 1864 368 Ι.
1903 342 1973 353 —
2012 307 2381 367 HISTORICA
2422 308 2508 363 ET
2550 281 2981 363 DOGMATICA.’

3445 305 3592 360 £296

336 457 463 497 nus.
491 438 592 506 Qui
617 436 906 509 periniquo
929 434 1092 489 modo
1112 433 1574 504 conspirationem
1597 433 1743 499 fecit,
1770 449 1906 489 usus

2119 431 2279 500 κευὴν
2309 429 2396 483 διά
2415 445 2558 492 τινος
2583 427 2690 480 τῶν
2711 425 2859 496 αὐτῷ
2881 424 3266 496 προσηκόντων
3296 423 3593 493 ὡμοτάτου

337 545 500 601 opera
531 527 810 599 cujusdam
838 524 1121 580 familiaris
1145 533 1199 578 et
1225 523 1509 579 domestici
1533 524 1640 590 sui,
1669 523 1906 579 [nominis

337 621 584 676 moribus
608 617 890 673 inhumani
913 657 930 681 ,
965 623 1018 670 et
1053 615 1235 668 animo
1262 615 1660 680 crudelissimi,
1691 617 1780 670 cui
1807 630 1907 669 no-

337 727 460 766 men
485 709 697 779 Onager
727 726 742 764 :
769 717 930 776 atque
954 706 1235 776 in-legatos
1258 707 1452 771 Roma,
1471 705 1752 759 Athanasii
1781 720 1912 760 cau-

341 816 422 867 sa,
455 801 653 854 ωὶεδυε
683 813 714 852 a
744 799 1060 862 Constante,
1088 797 1182 866 qui
1205 795 1320 865 pari
1353 810 1415 850 ac
1448 793 1804 849 Constantius
1834 795 1912 848 la-

339 890 476 946 bore
513 891 807 958 doloreque
852 887 1074 942 functus
1108 897 1226 952 est,
1265 887 1697 956 conjurationem
1736 885 1862 940 fecit
1897 904 1909 939 :

343 981 410 1036 iis
427 994 624 1034 nomen
644 975 1372 1048 Euphratasethincentius,
1386 977 1626 1046 episcopi
1645 977 1696 1029 in
1712 975 1916 1030 ditione

341 1071 672 1138 Constantis,
721 1072 816 1141 qui
848 1070 1178 1126 sententiam
1213 1071 1409 1125 tulerat
1441 1069 1507 1124 de
1527 1069 1827 1123 Athanasio
1861 1077 1917 1122 ut

342 1178 437 1234 per
465 1164 711 1233 iniquum
755 1163 1021 1232 judicium
1067 1161 1367 1231 episcopali
1396 1161 1523 1216 sede
1555 1160 1734 1230 pulso.
1800 1157 1920 1229 Ipse

343 1255 540 1325 quippe
565 1252 876 1324 Stephanus
906 1253 1120 1308 veritati
1149 1251 1418 1315 infensus,
1447 1259 1715 1319 quotquot
1751 1249 1921 1304 haarc-

346 1347 478 1398 bant
512 1344 673 1400 rectis
703 1344 822 1398 fidei
849 1343 1196 1413 dogmatibus
1217 1382 1233 1406 ,
1269 1340 1433 1394 nullis
1461 1355 1566 1392 non
1595 1339 1924 1392 calamitati-

345 1434 448 1490 bus
470 1435 658 1489 afﬂixit
677 1445 727 1489 et
745 1433 1100 1488 circumvenit
1118 1450 1131 1486 :
1147 1433 1446 1500 domosque
1461 1429 1739 1495 invadens,
1755 1429 1925 1499 plagis

344 1534 398 1579 et
421 1524 762 1580 contumeliis
797 1529 1048 1576 oneratos
1076 1536 1168 1590 per
1192 1518 1369 1574 forum
1394 1518 1586 1588 agebat
1614 1537 1626 1572 :
1657 1533 1757 1572 nec
1781 1519 1926 1572 viros

347 1615 623 1682 modo,sed
637 1615 798 1669 etiam
813 1622 1087 1667 matronas
1099 1611 1302 1680 pudore
1315 1620 1366 1665 et
1377 1613 1496 1664 vitae
1506 1610 1768 1680 probitate
1779 1624 1933 1664 exor-

349 1716 524 1761 natas.
550 1707 619 1759 At
637 1706 718 1760 vel
737 1720 905 1760 unum
923 1713 1112 1758 contra
1129 1705 1331 1774 legatos
1350 1702 1558 1757 facinus
1575 1713 1657 1756 est
1676 1703 1740 1756 ad
1761 1702 1932 1756 homi-

2006 525 2101 578 καὶ
2145 523 2235 576 τὸν
2278 523 2476 593 τρόπον
2517 521 2610 574 καὶ
2641 520 2742 591 τὴν
2773 518 2978 589 ψυχήν·
3039 519 3309 588 Ὀναγρος
3340 511 3409 586 ἦν
3438 512 3595 584 αὐτῷ

2007 616 2204 686 ὄνομα·
2253 613 2551 686 ἐξαρτύσας
2588 613 2700 674 τοῖς
2731 612 2796 662 ὲκ
2831 609 3050 680 Ῥώμης
3093 609 3289 678 ἥκουσι
3325 605 3596 678 πρέσϐεσι

2014 707 2162 780 παρά
2206 706 2560 768 Κώνσταντος
2579 719 2594 734 ·
2635 702 2749 773 (b2)
2783 703 2841 767 ὃς
2872 701 2972 765 τὰς
3004 700 3176 763 αὑτὰς
3202 699 3398 762 ὠδῖνας
3430 700 3595 752 Κων-

2013 799 2242 868 σταντίῳ
2275 798 2536 863 διέλυσεν,
2567 797 2708 867 ὑπὲρ
2745 793 3062 847 Ἀθανασίου
3098 792 3424 864 πεμφθεῖσιν
3446 805 3463 820 ο
3496 791 3599 842 Εὑ-

2013 894 2223 965 φράτας
2265 891 2323 944 δὲ
2372 892 2465 944 καὶ
2515 889 2790 951 Βικέντιος
2820 886 3194 956 ὠνομάζοντοο
3226 883 3517 937 ἐπίσκοποι
3550 884 3598 936 δ’

2014 982 2153 1057 ἦσαν
2179 986 2284 1039 ὑπὸ
2310 983 2625 1038 Κώνσταντι
2654 981 2948 1046 δικάζοντι,
2989 981 3064 1043 ὡς
3092 979 3324 1045 ἀναξίως
3347 978 3442 1031 τοῦ
3470 978 3599 1050 θρό-

2017 1097 2107 1132 νου
2159 1077 2367 1150 κριθεὶς
2412 1077 2713 1148 ἀπερρίφη,
2761 1072 3052 1144 Δυσμενῶν
3101 1072 3208 1143 γὰρ
3240 1073 3306 1140 τῇ
3348 1069 3597 1141 ἀληθείᾳ,

2019 1172 2387 1233 παντοδαπαῖς
2419 1167 2710 1241 περιέϐαλε
2738 1167 3044 1236 συμφοραῖς
3070 1165 3120 1216 οἳ
3153 1162 3258 1216 τῶν
3285 1161 3487 1245 ὀρθῶν.
3509 1160 3599 1213 δο-

2020 1263 2245 1335 γμάτων
2276 1262 2614 1332 ἀντείχοντο·
2665 1259 2890 1321 αἰκίζων
2931 1273 2990 1308 τε
3025 1256 3118 1308 καὶ
3152 1253 3601 1325 προπηλακίζων,

2020 1351 2122 1424 ἦγε
2149 1351 2236 1406 διά
2257 1351 2356 1422 τῆς
2383 1352 2587 1422 ἀγορᾶς
2607 1390 2621 1413 ,
2656 1347 2822 1402 ἐπιὼν
2856 1350 2975 1409 ταῖς
3009 1346 3206 1406 οἰκίαις
3225 1360 3240 1375 °
3271 1347 3374 1396 οὐκ
3402 1344 3605 1413 ἄνδρας

2029 1446 2188 1516 μόνον
2206 1485 2221 1511 ,
2250 1442 2386 1497 ἀλλά
2419 1443 2512 1496 καί
2542 1444 2802 1510 γυναῖκας
2822 1481 2836 1504 ,
2870 1439 3006 1492 αἰδοῖ
3036 1439 3130 1490 καὶ
3165 1437 3454 1509 σεμνότητι
3487 1437 3606 1507 βίου

2029 1537 2464 1607 κεκοσμημένας.
2535 1535 2772 1605 Ἀπόχρη
2811 1532 2866 1585 δὲ
2903 1533 2965 1584 τὸ
3004 1530 3145 1584 κατά
3183 1531 3290 1584 τῶν
3321 1530 3611 1602 πρέσϐεων

2033 1630 2190 1700 μόνον
2222 1625 2597 1698 τεκμηριῶσαι
2626 1625 2715 1677 τὸν
2743 1624 2909 1692 ἄνδρα
2939 1623 3140 1684 ὁποῖος.
3167 1623 3358 1684 Δείσας
3385 1621 3496 1690 γάρ
3532 1621 3611 1692 μὴ

2023 1722 2140 1775 ’τῶν
2169 1718 2470 1787 ἐκκλησιῶν
2499 1717 2822 1787 έπιλήψαιτο
2867 1715 3180 1777 Ἀθανάσιος
3199 1757 3213 1781 ,
3253 1715 3394 1784 ὑπὲρ
3422 1705 3484 1765 οὗ
3513 1712 3616 1765 καὶ

350 1800 435 1852 nis
456 1798 837 1852 declarandam
863 1795 1101 1850 indolem
1127 1797 1279 1850 satis.
1296 1795 1432 1849 Cum
1457 1795 1668 1848 timeret
1687 1794 1832 1848 enim
1855 1809 1921 1848 ne

2119 1811 2358 1884 τρεσϐεία
2387 1809 2619 1880 μάλιστα
2643 1805 2734 1880 ἦν,
2764 1807 3074 1878 παιδίσκην,
3105 1805 3194 1858 διὰ
3224 1805 3318 1859 τοῦ
3347 1821 3615 1876 προειρηι

349 1888 606 1943 ecclesias
631 1887 901 1942 obtineret
924 1887 1276 1952 Athanasius,
1325 1888 1482 1952 cujus
1504 1901 1670 1940 causa
1693 1888 1924 1940 maxime

349 1977 492 2034 facta
515 1979 710 2047 legatio
725 1978 919 2047 fuerat,
935 1981 1220 2033 memorati
1242 1977 1441 2048 Onagri
1458 1977 1760 2032 ministerio
1774 1977 1926 2046 puel-

351 2072 457 2126 lam
482 2087 548 2125 ex
575 2071 820 2142 lupanari
839 2081 1150 2142 corruptam
1176 2071 1444 2126 mercede.
1468 2071 1521 2124 in
1540 2070 1922 2141 episcoporum

351 2165 574 2218 domum
627 2163 943 2219 submittit:
973 2164 1186 2219 insidiis
1233 2178 1452 2233 quoque
1501 2163 1724 2231 procul,
1769 2159 1924 2214 vafro

354 2256 710 2326 improboque
735 2257 916 2321 modo,
939 2257 1239 2322 collocatis,
1266 2267 1323 2310 ut
1347 2255 1632 2311 confertim
1657 2269 1779 2310 sese
1799 2255 1925 2309 dato

353 2346 510 2416 signo
546 2346 899 2401 immitterent
941 2347 995 2401 in
1027 2357 1342 2401 sanctorum
1375 2347 1656 2400 hominum
1695 2345 1927 2401 domici-

354 2440 507 2494 lium.
548 2438 749 2492 Eorum
776 2449 958 2494 autem
983 2441 1141 2505 alter,
1170 2441 1260 2494 ubi
1293 2440 1465 2494 sensit
1497 2437 1783 2508 impudica:
1806 2454 1928 2492 mu-

356 2534 506 2588 lieris
539 2533 848 2604 strepitum,
879 2547 1040 2602 quem
1074 2533 1319 2604 ingressa
1353 2532 1590 2598 fecerat,
1626 2533 1928 2587 daemonem

356 2632 510 2678 ratus
544 2639 686 2688 esse,
718 2625 990 2694 psalmum
1022 2624 1254 2679 demisse
1284 2624 1536 2680 canebat.
1571 2624 1817 2694 Cumque
1851 2622 1931 2678 fa-

357 2717 483 2771 bula
506 2731 616 2786 quo
642 2725 868 2772 auctore
896 2723 950 2772 et
986 2731 1095 2786 quo
1132 2725 1290 2785 pacto
1318 2715 1464 2770 edita
1488 2714 1719 2780 fuisset,
1756 2716 1930 2784 magi-

359 2819 565 2864 stratus
586 2809 794 2879 judicio
823 2807 1223 2879 deprehensum
1253 2817 1428 2874 esset,
1463 2817 1522 2863 ut
1548 2807 1770 2864 nefandi
1814 2825 1934 2864 sce-

358 2901 487 2957 leris
526 2909 716 2956 auctor
758 2899 1069 2972 Stephanus
1125 2902 1407 2956 abdicatus
1431 2941 1446 2967 ,
1502 2900 1762 2957 Leontius
1798 2917 1928 2956 vero

359 2990 430 3063 ad
479 2991 771 3058 regendam
800 2989 1196 3045 Antiochenam
1236 2989 1535 3047 Ecclesiam
1568 2991 1792 3046 allectus
1825 3001 1927 3046 est.

2033 1907 2192 1978 μένου
2235 1904 2495 1972 Ὀνάγρου
2535 1903 2600 1956 ὲκ
2632 1900 3031 1973 χαμαιτυπείου
3062 1898 3238 1970 μισθῷ
3267 1897 3614 1968 διαφθείρας,

2031 1993 2318 2046 ὑποϐάλλει
2357 1995 2422 2062 τῇ
2466 1990 2611 2062 οἰκίᾳ⁹
2661 1990 2765 2042 τῶν
2807 1988 3154 2042 ἐπισκόπων·
3213 1987 3402 2040 ἔπειτα
3454 1987 3619 2057 λόχον

2032 2085 2314 2159 πόρῤωθεν
2346 2086 2549 2156 στήσας
2572 2085 2902 2155 καγουργίας
2930 2083 3144 2154 μεστὸν,
3167 2081 3362 2154 ἀθρόον
3386 2080 3619 2150 ἐπιστῆ-

2031 2195 2117 2228 ναι
2144 2176 2546 2247 παρασκευάζει
2596 2178 2660 2246 τῇ
2707 2177 3000 2246 καταγωγῇ
3046 2174 3154 2228 τῶν
3186 2173 3344 2226 θείων
3379 2172 3615 2242 ἀνδρῶν.

2031 2261 2130 2318 Ὧν
2150 2266 2236 2318 έτε
2244 2282 2356 2336 ρος,
2381 2265 2696 2335 αἰσθόμενος
2723 2268 2819 2337 τῆς
2845 2266 3143 2320 ἀκολάστου
3165 2265 3252 2318 τὸν
3274 2263 3470 2334 ψόφον,
3492 2263 3618 2333 ἡνί-

2033 2377 2104 2413 κα
2128 2357 2319 2428 εἱσῄει,
2343 2358 2570 2428 δαίμονα
2595 2358 2816 2428 οἰηθεὶς,
2840 2357 3052 2430 ψαλμὸν
3075 2358 3264 2428 ὑπῇδε.
3289 2355 3394 2409 Τοῦ
3412 2356 3468 2409 δὲ
3488 2356 3621 2427 δρά-

2037 2468 2224 2523 ματος,
2260 2449 2380 2502 ὃθεν
2410 2452 2502 2503 καλ⁹
2533 2451 2681 2513 ὅπως
2711 2451 2922 2519 γέγονε,
2954 2451 3134 2522 κρίσει
3162 2449 3257 2503 τοῦ
3289 2447 3624 2520 κρατοῦντος

2033 2539 2415 2611 ἀνευρεθέντος
2440 2579 2454 2603 ,
2483 2539 2558 2603 ὡς
2587 2540 2885 2609 αὐτουργὸς
2914 2540 3014 2612 τῆς
3051 2538 3311 2610 ἀθεμίτου
3362 2537 3623 2607 πράξεως

2033 2631 2340 2702 καθῄρηται
2374 2630 2662 2702 Στέφανοςο
2716 2633 2964 2695 Λεόντιος
3000 2631 3057 2684 δὲ
3084 2634 3162 2696 εἰς
3191 2629 3491 2702 ἐπιτροπὴν
3520 2630 3627 2700 τῆς

2044 2721 2360 2792 Ἀντιοχέων
2399 2722 2697 2794 ἐκκλησίας
2739 2724 2903 2795 κρίθη
2954 2723 3096 2794 (sic).
3161 2725 3258 2775 "Uv
3299 2721 3628 2786 Ἀθανάσιος

2031 2812 2106 2878 ὡς
2136 2816 2262 2885 περὶ
2290 2815 2352 2867 τὸ
2377 2815 2553 2885 δόγμα
2582 2814 2833 2886 κίϐδηλον
2866 2815 3186 2887 έξετρέπετο
3206 2835 3220 2847 ·
3276 2817 3391 2878 τοῖς
3432 2814 3477 2866 δ’
3509 2812 3630 2866 ἀπὸ

2034 2905 2128 2958 τοῦ
2188 2907 2488 2959 Εὑσταθίου
2543 2909 2599 2960 ὲν
2656 2907 2878 2961 ἰδιωτῶν
2923 2907 3120 2971 οἰκίαις
3167 2906 3630 2976 ἐκκλησιάζουσιν

2038 2995 2315 3050 ἐκοινώνει
2325 3039 2338 3052 .

361 3080 529 3147 Quem
557 3080 888 3136 Athanasius
916 3121 931 3146 ,
975 3089 1164 3150 utpOte
1185 3080 1433 3136 doctrina
1468 3089 1631 3151 atque
1675 3082 1940 3138 sententia
1989 3095 2337 3156 corruptum,
2380 3091 2781 3145 aversabatur.
2818 3099 2983 3159 atque
3025 3104 3152 3144 cum
3211 3087 3483 3143 Eustathii
3535 3103 3634 3143 se-

362 3177 666 3249 quacibus,
718 3179 1169 3248 qui'conventus
1201 3179 1256 3232 in
1293 3179 1632 3249 privatorum
1682 3179 1940 3234 domibus
1977 3182 2247 3252 agebant,
2283 3187 2739 3243 communicabat.

1943 3331 2016 3344 _

436 3437 502 3492 In
531 3439 709 3493 eodem
738 3436 1035 3492 Baluztano
1061 3439 1235 3494 codice
1257 3439 1354 3492 hoc
1380 3448 1696 3508 segmentum
1735 3438 1957 3494 habetur
1989 3439 2274 3497 Athanasii
2315 3441 2608 3512 Hagioritw
2627 3482 2642 3508 ,
2670 3450 2728 3493 ut
2759 3446 2904 3493 vocat
2924 3478 2938 3501 ,
2969 3437 3168 3492 scilicet
3199 3439 3251 3492 in
3275 3455 3428 3492 sacro
3455 3453 3642 3494 monte

365 3532 502 3584 Atho
530 3529 764 3600 degentis
787 3569 801 3592 ,
831 3539 1113 3598 nostroque
1159 3529 1384 3583 multum
1417 3539 1573 3583 astate
1617 3531 1906 3600 inferioris.
1951 3531 2119 3587 Prwit
2162 3533 2455 3604 fragmento
2483 3533 2592 3588 lucc
2621 3542 2749 3585 nota
2772 3547 2790 3583 :
2828 3530 2914 3582 Ἑν
2939 3529 3050 3582 ἔτει
3079 3528 3263 3595 ,συξθ’,
3300 3531 3355 3583 id
3384 3540 3460 3583 est
3489 3547 3639 3584 anno

369 3621 575 3688 mundi,
601 3636 666 3674 ea:
690 3619 992 3674 Crtecorum
1018 3620 1299 3682 sententia,
1326 3617 1490 3685 6469,
1514 3617 1713 3674 Christi
1737 3619 1861 3686 961,
1884 3636 1986 3690 quo
2005 3633 2257 3675 exoratus
2283 3622 2490 3676 videtur
2513 3623 2675 3676 codex
2697 3621 2833 3674 unde
2858 3625 3188 3680 Baluzianus
3209 3627 3502 3695 exscriptus
3523 3639 3638 3682 est.

723 3802 906 3857 Sancti
951 3801 1232 3856 Athanasii
1275 3798 1588 3870 Hagioritar.

438 3895 565 3949 Haec
593 3893 911 3964 plerumque
949 3893 1051 3947 sibi
1107 3900 1300 3946 mutuo
1349 3891 1555 3945 haerent
1589 3898 1755 3960 atque
1803 3890 1951 3945 aliud

367 4001 435 4041 ex
468 3987 574 4041 alio
597 3995 1080 4042 commonstratur.
1134 3984 1346 4039 Etenim
1376 3984 1552 4056 gratia
1609 3985 1733 4038 vitae
1791 3985 1951 4038 insti—

371 4080 470 4134 tuti
499 4080 802 4149 praznuntia
824 4088 935 4145 est;
965 4079 1087 4132 vita:
1110 4078 1420 4133 institutum
1444 4075 1634 4146 gratiae
1659 4091 1952 4130 munerum

373 4186 608 4241 parens;
661 4171 849 4240 gratiae
904 4186 1133 4224 munera
1165 4169 1290 4224 vita:
1329 4169 1567 4223 instituti
1595 4167 1837 4235 fructus;
1885 4182 1954 4220 ex

376 4263 460 4319 his
494 4277 660 4334 porro
693 4262 947 4332 deinceps
981 4262 1242 4316 miracula
1273 4270 1602 4331 sequuntur.

2226 3803 2334 3857 Τοῦ
2366 3804 2539 3874 ἁγίου
2593 3806 2938 3861 Ἀθανασίου
2962 3807 3068 3862 τοῦ
3111 3809 3446 3878 Ἀτιορίτου.

2119 3893 2300 3947 Ταῦτα
2319 3895 2397 3960 δὲ,
2421 3897 2495 3960 ὠς
2519 3897 2742 3962 ἐπίπαν,
2761 3899 3003 3970 ἀλλήλων
3025 3899 3238 3970 ἔχονται
3261 3903 3354 3954 καὶ
3369 3901 3436 3954 δι’
3462 3901 3641 3973 ἀλλή-

2049 3985 2154 4040 λων
2179 3987 2478 4042 δείκνυνται
2501 4007 2515 4020 ’
2542 3993 2575 4060 ἡ
2628 3992 2726 4061 μὲν
2756 3995 2916 4063 χάρις
2957 3991 3052 4044 τοῦ
3101 3993 3216 4063 βίου
3251 3994 3595 4064 προάγγελος
3620 4012 3636 4024 ο

2049 4080 2077 4131 ὁ
2119 4079 2176 4131 δὲ
2220 4078 2330 4148 βίος
2371 4081 2479 4133 τῶν
2501 4082 2857 4152 χαρισμάτων
2888 4084 3070 4154 πατήρ
3093 4101 3108 4113 ο
3140 4083 3208 4136 τά
3235 4083 3554 4154 χαρίσματα
3581 4085 3643 4138 δὲ

2049 4168 2144 4222 τοῦ
2179 4168 2291 4238 βίου
2324 4173 2534 4242 καρπός
2553 4188 2566 4201 ’
2587 4175 2651 4225 ὲκ
2677 4173 2735 4226 δὲ
2760 4173 2964 4227 τούτων
2987 4174 3292 4237 ἀκολούθως
3323 4175 3516 4228 ἕπεται
3539 4180 3645 4230 καὶ

2051 4275 2120 4311 τα
2154 4259 2430 4331 θαύματα.

1168 4627 1559 4690 MONITUM
1595 4629 1675 4690 IN
1737 4627 2190 4690 SERMONEM
2237 4627 2344 4688 DE
2389 4627 2848 4690 PATIENTIA.

487 4931 699 5004 1039
737 4931 913 4985 Paulo
949 4931 1180 4984 melioris
1207 4939 1344 4984 nota:
1363 4930 1448 4983 hic
1474 4945 1642 4984 sermo
1687 4931 1970 4987 censendus
2013 4943 2090 4988 est
2134 4949 2292 5004 quam
2323 4935 2617 5002 praecedens
2649 4935 2746 5006 (a),
2778 4937 2876 4990 etsi
2906 4952 2969 4990 ea;
3001 4953 3104 4990 uno
3129 4937 3406 5007 eodemque
3433 4936 3616 4992 codice

413 5027 764 5080 Ambrosiano
786 5037 1002 5094 uterque
1024 5023 1261 5092 prodeat.
1300 5021 1402 5076 Hic
1441 5040 1554 5077 vero
1586 5023 1942 5078 Athanasiani
1971 5027 2071 5080 aeui
2092 5027 2368 5096 perspicua
2399 5029 2552 5098 signa
2581 5027 2818 5097 prwfert.
2851 5026 2994 5080 Nam
3037 5028 3264 5098 scriptus
3297 5028 3467 5097 fertur
3504 5044 3612 5098 quo

413 5133 663 5191 tempore,
691 5123 908 5175 suborto
952 5121 1091 5174 inter
1139 5119 1470 5176 Christianos
1518 5119 1766 5184 tumultu,
1803 5122 2115 5190 carnificina
2145 5122 2198 5175 in
2226 5123 2410 5190 probos
2456 5132 2802 5184 exerceretur.
2843 5140 2904 5176 ac
2951 5123 3181 5192 episcopi
3210 5124 3314 5177 veri
3341 5138 3612 5192 sequaces,

413 5217 565 5288 oﬁicii
590 5216 675 5270 sui
703 5215 885 5268 munia
916 5213 1128 5284 exsequi
1178 5228 1280 5266 non
1331 5213 1583 5266 calerent.
1611 5209 1864 5280 Exemplo
1892 5224 2067 5266 autem
2108 5214 2339 5267 omnium
2381 5224 2631 5285 quotquot
2676 5215 2729 5267 in
2771 5213 2944 5268 Veteri
2982 5214 3058 5267 vel
3100 5211 3248 5267 Novo
3279 5211 3614 5266 Testamento

415 5315 772 5364 memorantur
807 5308 1266 5360 sanctissimorum
1305 5305 1574 5357 hominum
1604 5320 1666 5375 ac
1697 5303 2033 5374 feminarum,
2066 5307 2421 5359 concreditum
2449 5307 2552 5361 sibi
2579 5306 2833 5376 populum
2856 5305 2926 5359 ad
2953 5307 3271 5373 patientiam
3299 5305 3612 5358 cohortatur

415 5402 760 5469 Athanasius,
792 5402 897 5454 sive
936 5401 1173 5472 quisquis
1217 5400 1355 5454 alter
1401 5400 1534 5454 hunc
1563 5416 1851 5454 sermonem
1892 5401 2076 5455 edidit.
2117 5402 2252 5456 Dum
2295 5419 2450 5471 porro
2478 5413 2771 5474 martyrum
2805 5405 3072 5474 cruciatus
3117 5410 3364 5468 recenset,
3409 5400 3613 5472 aliquot

455 5517 571 5590 (62)
622 5516 801 5574 Locus
829 5526 1144 5586 corruptus.

449 5635 519 5695 (α)
547 5632 759 5697 Homilia
781 5633 975 5681 scilicet
995 5630 1046 5681 in
1074 5629 1270 5697 cantica
1291 5629 1458 5697 cantio.
1472 5669 1484 5691 ,
1503 5648 1665 5696 quam,
1694 5639 1750 5686 ut
1765 5635 1965 5685 omnino
1982 5633 2215 5696 spuriam,
2240 5633 2525 5697 appendicis
2541 5636 2645 5685 vice
2668 5635 2726 5685 ad
2749 5635 3003 5687 Athanasii
3028 5634 3399 5697 Expositionem
3427 5631 3480 5686 in
3503 5635 3607 5687 σοι
3622 5661 3655 5683 υ

383 5693 479 5745 lica
499 5695 726 5752 ponimus
746 5700 879 5742 torno
899 5695 1148 5756 sequenti.
1175 5693 1315 5744 Eutr.
1339 5695 1492 5744 Pna.
