3794 6226
210 352 338 411 1297

1426 346 1661 405 SERMO
1704 347 1793 401 DE
1835 346 2223 405 ΡΑΤΙΕΝΤΙΑ.

3317 354 3448 412 1298

230 480 481 526 memorat
518 473 607 544 qui
647 488 743 541 pro
777 471 990 527 Christo
1034 471 1243 526 oculum
1284 468 1638 540 perdiderant.
1690 465 1831 521 Hinc
1878 483 1995 521 vero
2044 469 2224 521 statim
2271 468 2491 536 inferas,
2520 467 2877 538 Paphnutium
2921 477 2971 524 et
3017 468 3414 529 Potammonent

229 562 510 619 Athanasii
538 566 736 619 amicos
765 564 1013 629 indicari,
1045 564 1136 635 qui
1161 563 1258 617 tali
1283 562 1539 632 supplicio
1565 559 1850 631 perfuncti,
1885 559 1943 612 in
1969 560 2253 613 ministerii
2285 562 2371 615 sui
2399 562 2563 632 officio
2589 563 2821 633 plurima
2858 563 2981 617 item
3010 572 3132 619 sunt
3159 564 3225 620 ab
3248 568 3410 622 Aria-

229 657 306 709 nis
328 659 582 727 perpessi.
608 658 868 714 Ca’terum
916 659 1027 713 haec
1070 657 1467 728 matdtntoc
1512 664 1824 725 argumenta
1866 669 1970 707 non
2006 655 2138 707 talia
2166 667 2309 721 sunt,
2348 672 2464 726 quia
2511 658 2640 711 mihi
2679 674 2894 723 prorsus
2925 658 3231 728 scrupulum
3260 676 3410 715 amo-

227 758 374 803 eeant
407 765 426 803 :
451 767 572 803 nam
598 752 766 822 stylus
794 752 951 822 plane
977 751 1254 805 demissior
1284 747 1671 809 Athanasiano,
1696 742 1874 813 fucum
1896 743 2036 798 olere
2063 746 2288 811 videtur,
2321 765 2382 801 ac
2405 748 2554 820 longe
2582 750 2835 818 imparem
2868 749 3161 806 Athanasio
3182 753 3411 822 scripto-

226 855 329 892 rem
362 856 580 909 arguere
609 856 628 895 :
656 842 762 896 nisi
793 842 929 911 forte
953 842 1163 895 dicatur
1186 837 1538 895 Athanasium
1575 835 1813 903 inﬁmam
1843 833 2053 886 turbam
2087 835 2461 907 alloquentem,
2497 854 2591 906 pro
2617 847 2773 908 captu
2808 838 2989 908 populi
3014 839 3167 894 verba
3202 842 3405 912 fecisse.

219 925 340 981 Rem
369 928 584 982 dubvam
632 932 893 985 mittimus
922 947 941 984 :
967 946 1132 985 unum
1184 937 1389 983 tantum
1425 925 1696 981 observare
1724 922 1870 988 libet,
1916 922 2055 977 hanc
2085 932 2379 982 orationem
2422 945 2525 983 non
2554 945 2642 985 ore
2686 930 2741 984 in
2775 939 2907 984 coetu
2931 931 3109 1003 populi
3139 932 3405 1002 prolatam

219 1018 377 1087 ferri,
407 1021 499 1075 sed
528 1024 725 1092 scripto
758 1023 1123 1077 transmissum
1154 1023 1334 1092 fuisse.

191 1134 327 1187 ΤΟΥ
370 1135 621 1187 ΑΥΤΟΥ
666 1138 1099 1191 ΑΘΑΝΑΣΙΟΥ
1150 1134 1764 1197 ΑΡΧΙΕΠῙΣΚΟΠΟΥ

326 1204 913 1272 ΑΛΕΞΑΝΔΡΕΙΛΣ,
952 1210 1132 1261 ΠΕΡΙ
1181 1201 1599 1261 ΪΠΟΜΟΝΗΣ.

1951 1130 2032 1187 EJ
2047 1132 2297 1189 USDEM
2342 1135 2527 1190 ATHA
2540 1134 2751 1193 NASII
2785 1136 3370 1199 ARCHIEPISCOPI

2080 1203 2630 1272 ALEXANDRINI,
2666 1207 2762 1262 DE
2795 1208 3228 1281 ΡΑΤΙΕΝΤΙΑ.

253 1318 302 1371 1.
357 1319 414 1372 Ὀ
459 1320 727 1392 ἡμέτερος
776 1321 1092 1385 διδάσκαλος
1125 1322 1337 1388 Παῦλος
1365 1324 1739 1396 παραγγέλλει1

1936 1316 1989 1371 1.
2032 1315 2234 1373 Doctor
2281 1329 2468 1375 noster
2511 1318 2716 1376 Paulus
2758 1322 3022 1392 praecipit,
3051 1333 3109 1378 ut
3148 1327 3436 1384 exhibeatis

176 1409 562 1479 παραστῆσαι
594 1412 665 1467 τὰ
691 1412 936 1483 σώματα
961 1414 1129 1484 ὑμῶν
1159 1416 1378 1471 θυσίαν
1399 1414 1611 1484 ζῶσαν,
1651 1420 1750 1472 εὐ-

183 1500 432 1570 άρεστον
446 1502 528 1569 τῷ
549 1503 687 1570 Θεῷ.
718 1507 911 1560 Κοινὸν
944 1508 1042 1578 μὲν
1064 1509 1124 1562 τὸ
1146 1510 1528 1581 παράγγελμα,
1555 1510 1753 1582 μᾶλλον

180 1592 233 1645 δὲ
266 1595 585 1664 ἐπαγγέλλει
617 1600 730 1661 τοῖς
761 1600 1071 1671 ἁγιωσύνην
1100 1601 1375 1659 ἀσκοῦσιν.
1395 1604 1459 1657 Ἠ
1487 1603 1752 1676 παρθένος

180 1684 273 1756 τὴν
305 1688 402 1755 μὲν
435 1687 597 1757 φύσιν
627 1689 771 1744 ἐστὶν
803 1692 964 1762 ὁμοία
994 1697 1114 1757 ταῖς
1136 1693 1322 1758 ἄλλαις
1341 1695 1573 1764 γυναιῇ
1606 1695 1751 1766 τῇδὲ

182 1775 428 1847 προθέσει
460 1779 560 1850 τὴν
590 1779 750 1850 φύσιν
781 1783 1088 1854 ὑπερόἄσα.
1120 1786 1230 1841 Καὶ
1273 1785 1352 1857 τῷ
1398 1786 1539 1857 ἁγίῳ
1582 1788 1750 1856 ἀγίως

181 1867 487 1936 προσελθεῖν
515 1870 806 1941 θελήσασα,
828 1875 877 1927 εί
906 1874 1003 1945 μὲν
1026 1876 1281 1947 κατορθοῖ
1299 1877 1551 1942 ἐνταῦθα,
1566 1877 1761 1949 θαῦμα,

182 1956 316 2027 μέγα
354 1960 734 2032 ἀπηνέγκατο·
782 1965 830 2016 εί
865 1962 924 2017 δὲ
953 1965 1264 2037 προθεμένη
1289 1967 1388 2021 οὐκ
1415 1967 1749 2033 ἐτελείωσεν,

179 2046 403 2113 ἐξαίσιον
435 2052 499 2105 τὸ
524 2054 761 2109 τοιοῦτον
794 2055 992 2127 πτῶμα
1029 2059 1317 2132 γεγένηται
1339 2077 1352 2089 ο
1390 2062 1484 2115 καὶ
1512 2061 1620 2133 γάρ
1647 2080 1748 2134 χα-

177 2140 473 2216 λεπώτερόν
509 2146 654 2200 ἐστιν
686 2148 792 2202 ἀπὸ
822 2149 1166 2223 ὑψηλοτέρων
1199 2155 1403 2217 πεσεῖν,
1439 2154 1471 2225 ἢ
1501 2154 1609 2208 ἀπὸ
1638 2155 1761 2209 τῶν-

179 2235 343 2304 χαμαὶ
379 2237 763 2293 καταπίπτειν.
800 2242 910 2295 Kal
952 2243 1062 2312 ὅσῳ
1098 2243 1305 2315 μεγάλη
1334 2245 1541 2316 ἐστὶνή
1575 2250 1747 2315 ἐπαγ-

177 2324 341 2392 γελία,
367 2329 608 2400 τοσούτῳ
651 2331 846 2403 χείρων
887 2337 921 2404 ἡ
971 2334 1197 2399 πτῶσις.
1216 2338 1279 2390 Ἠ
1307 2338 1415 2409 γὰρ
1444 2338 1761 2407 ἐπαγγελία.

174 2416 481 2489 ὑπερϐαίνει
516 2422 613 2492 τὴν
644 2423 826 2491 φύσιν,
854 2427 948 2479 καὶ
971 2429 1051 2491 είς
1072 2426 1163 2481 τὸν
1187 2428 1410 2499 οὐρανὸν
1435 2430 1602 2502 αὐτὴν
1623 2431 1747 2484 ἀνα·

173 2508 338 2580 φέρει,
370 2513 465 2566 καὶ
498 2515 635 2585 μετά
661 2517 908 2585 ἀγγέλων
936 2521 1179 2591 χορεύειν
1205 2522 1374 2593 αὐτὴν
1401 2522 1746 2579 κατασκευά-

174 2598 268 2664 ζει.
287 2603 564 2660 Ἐντεῦθεν
598 2606 697 2679 ἤδη
724 2612 796 2682 τῇ⁵
822 2610 1086 2683 πολιτείᾳ,
1122 2612 1197 2677 ὥς
1226 2632 1356 2685 φησι
1380 2615 1473 2668 καὶ
1504 2616 1532 2667 ὁ
1556 2617 1745 2688 Σωτὴρ

172 2690 244 2761 τῷ
270 2692 538 2765 ἀξιώματι
572 2697 745 2768 τούτῳ
773 2702 1091 2771 μαρτυρῶν,
1123 2702 1205 2755 ὅτι
1242 2703 1382 2772 μεδτά
1400 2704 1497 2777 τὴν
1521 2707 1747 2761 ἀνάστα-

175 2798 251 2836 σιν
273 2783 375 2837 τῶν
407 2786 619 2856 νεκρῶν
652 2790 680 2842 ὁ
714 2789 827 2860 βίος
854 2792 970 2845 ἐστὶ
990 2832 1006 2858 ,
1030 2795 1213 2864 φησὶν,
1237 2796 1272 2865 ἡ
1307 2798 1599 2867 προσδοκία
1635 2800 1767 2853 τῶν.

173 2874 483 2947 ἀνθρώπων.
525 2880 635 2933 Kal
681 2882 841 2935 πάλιν
879 2884 1047 2953 λέγει,
1082 2886 1163 2939 ὅτι
1214 2888 1283 2941 Ol
1317 2890 1744 2958 καταξιωθέντες

172 2968 260 3039 τῆς
298 2972 648 3039 ἀναστάσεως
670 2975 776 3029 τῶν
805 2976 1106 3047 μελλόντων
1137 2980 1355 3048 ἀγαθῶν
1383 2982 1505 3037 οὔτε
1533 2985 1743 3056 γαμοῦ-

175 3076 252 3113 σιν
292 3062 414 3118 οῦτε
452 3067 915 3136 γαμίσκονται.⁶0
950 3071 1125 3125 τοίνυν
1167 3074 1225 3126 ἐν
1252 3076 1318 3145 τῇ
1351 3074 1598 3149 βασιλείᾳ
1632 3078 1741 3134 τῶν

171 3152 398 3224 οὐρανῶν
442 3160 566 3221 ταῖς
616 3158 965 3229 ἐπαγγελίαις
997 3163 1302 3229 ἀπόκειται,
1333 3166 1490 3221 τοῦτο
1540 3173 1740 3242 προλα-

170 3243 326 3300 ϐοῦσα
348 3249 383 3319 ἦ
413 3266 578 3303 τινων
604 3252 941 3324 προαίρεσις,
972 3254 1084 3326 ἔχει
1117 3257 1212 3310 καὶ
1236 3257 1515 3329 κέκτηται.
1539 3263 1602 3316 Οἱ
1631 3263 1738 3336 γὰρ

172 3336 325 3406 ἅγιοι,
341 3342 539 3407 οἵτινες
566 3344 657 3397 τὸν
676 3344 931 3419 λογισμὸν
953 3348 1163 3419 ἔχουσιν
1181 3351 1578 3423 ἀνατεταμένον
1604 3358 1738 3430 πρὸς

168 3431 251 3485 τὸν
280 3433 425 3498 Θεὸν,
450 3435 549 3489 καὶ
579 3435 849 3503 ἐσθίοντες
877 3440 941 3493 ἐκ
968 3440 1066 3511 τῆς
1092 3443 1343 3515 οὐρανίου
1364 3447 1587 3518 τροφῆς,
1608 3451 1739 3521 ἡγή-

172 3536 320 3577 σαντο
347 3526 421 3589 ὡς
453 3525 702 3597 φυλακὴν
725 3527 814 3581 τὸν
844 3530 1045 3600 κόσμον
1067 3531 1274 3598 τοῦτον,
1297 3536 1391 3589 καὶ
1413 3536 1481 3589 τὰ
1511 3536 1736 3609 σώματα

169 3612 332 3668 αὐτῶν
378 3618 461 3681 είς
516 3619 823 3690 μαρτυρίαν
865 3622 1296 3693 παραδεδώκασι,
1328 3628 1421 3680 καὶ
1451 3629 1549 3699 τὴν
1601 3629 1735 3683 ἰδίαν

168 3703 332 3778 ψυχὴν
358 3710 726 3781 τετηρήκασιν
755 3712 943 3784 ἁγνὴν,
976 3715 1063 3768 ἵνα
1108 3719 1137 3770 ὁ
1178 3718 1309 3782 Θεὸς
1334 3720 1535 3793 οίκήσῃ
1557 3722 1614 3779 ἐν
1640 3724 1736 3776 αὐέ-

168 3799 604 3871 τοῖς.”Υπέμενον
649 3802 725 3868 δὲ,
760 3801 947 3876 ῶσπερ
977 3805 1017 3886 ὁ⁹
1034 3805 1236 3877 Κύριος
1270 3808 1426 3879 ἡμῶν
1454 3809 1626 3879 λέγει,
1654 3812 1734 3865 ὄτι

180 3886 228 3939 '0
242 3891 564 3960 ὑπομείνας
586 3894 675 3958 είς
695 3893 888 3959 τέλος,
925 3892 1103 3962 οὗτος
1123 3899 1455 3966 σωθήσεται
1473 3918 1487 3931 ·
1517 3903 1609 3955 καὶ
1636 3920 1735 3956 κα-

171 3977 329 4053 θάπερ
357 3984 385 4036 ὁ
413 3982 709 4055 ψαλμῳδός
739 4003 921 4057 φησιν⁹
967 3988 1318 4045 Ἐκοπίασεν
1344 3993 1431 4057 εἰς
1469 3992 1575 4047 τὸν
1596 3994 1732 4048 αἰῶ-
1763 4022 1805 4081 C

168 4088 253 4137 ra,
281 4075 377 4128 καὶ
400 4074 641 4143 ζήσεται
664 4081 751 4143 είς
778 4077 953 4144 τέλος
977 4098 989 4110 ⁸
1020 4082 1134 4135 ὅσοι
1166 4082 1276 4155 γὰρ
1300 4084 1497 4139 δίκαιοι
1524 4086 1621 4159 τὴν
1644 4088 1733 4141 ἐλ-

170 4164 285 4218 πίδα
312 4167 491 4221 αὐτῶν
522 4169 579 4222 ἐν
610 4169 688 4239 τῷ
718 4169 836 4241 Θεῷ
859 4171 1091 4243 ἔχουσιν,
1125 4175 1428 4231 ἀνάπαυσιν
1472 4180 1736 4253 σαρκικὴν

168 4255 259 4309 οὐκ
276 4258 562 4331 ἐσχήκασι,
587 4261 921 4333 χωρίζουσαν
949 4265 1144 4330 αὐτοὺς
1175 4268 1285 4321 ἀπὸ
1310 4268 1403 4323 τοῦ
1427 4270 1561 4323 Θεοῦ
1578 4288 1591 4301 ⁸
1619 4272 1733 4326 ἀλλ’

168 4346 342 4417 ἔμενον
385 4353 447 4406 ἐν
490 4352 696 4417 κόποις,
735 4355 810 4426 μὴ
835 4354 1153 4425 δειλιῶντες,
1180 4358 1302 4413 οὔτε
1337 4360 1442 4433 μὴν
1470 4361 1739 4428 διστάζον-

168 4453 251 4503 τες
295 4444 420 4514 περὶ
471 4442 580 4497 τῶν
615 4443 773 4499 θείων
804 4446 1173 4517 ἐπαγγελιῶν·
1208 4449 1325 4502 ἀλλ’
1353 4452 1735 4524 ὑποδεχόμενοι

167 4529 257 4594 τὰς
279 4531 485 4604 θλίψεις
514 4535 782 4609 ἐλαφρῶς,
805 4540 1200 4610 μνημονεύουσι
1226 4542 1317 4595 τοῦ
1338 4542 1424 4597 διά
1449 4544 1542 4598 τοῦ
1575 4546 1734 4599 Ἀπο-

171 4622 341 4678 στόλου
373 4626 626 4695 λέγοντος
650 4645 664 4658 ’
699 4630 809 4682 Καὶ
841 4630 957 4698 τὴν
981 4631 1258 4702 ἁρπαγὴν
1292 4634 1411 4686 τῶν
1435 4638 1738 4706 ὑπαρχόν-

168 4729 275 4766 των
302 4718 468 4785 ὑμῶν
490 4719 641 4787 μετὰ
671 4718 861 4788 χαρᾶς
887 4720 1349 4787 προσεδέξασθε.
1390 4725 1500 4778 Καὶ
1532 4743 1736 4799 μαρτυ-

173 4807 248 4873 ρεῖ
267 4808 359 4859 καὶ
392 4809 520 4879 περὶ
560 4808 677 4862 τῶν
703 4809 777 4880 μὴ
810 4809 1257 4882 προσδεξαμένων
1282 4813 1381 4885 τὴν
1415 4814 1733 4887 ἀπολύτρω-

171 4907 265 4959 σιν,
293 4897 371 4950 ὅτι
396 4900 496 4953 οὐκ
522 4899 709 4970 ἤθελον
738 4902 1170 4973 ἀναστρέψαντες
1196 4904 1355 4959 πάλιν
1385 4902 1523 4961 εἶναι
1544 4908 1602 4961 ἐν
1623 4912 1733 4972 τοῖς

167 4984 452 5054 οὐρανίοιςυ
485 4990 630 5059 ἡμᾶς
676 4990 735 5044 δὲ
767 4991 828 5043 οὐ
868 4988 1126 5047 δεῖεῖναι
1171 4995 1228 5047 έν
1270 4998 1383 5060 τοῖς
1428 5003 1731 5069 κοσμικοῖς,

170 5074 293 5130 ἀλλά
325 5080 621 5150 μεταϐῆναι
647 5083 726 5144 είς
754 5082 815 5135 τὸ
849 5086 1083 5137 συνεῖναι
1111 5084 1189 5155 τῷ
1221 5085 1361 5157 Θεῷ.

230 5169 284 5219 2.
322 5170 435 5223 Νῦν
483 5172 592 5243 γὰρ
622 5173 716 5227 καὶ
749 5175 925 5244 ὑμεῖς,
953 5176 1168 5245 ἀδελφοὶ
1196 5177 1487 5248 ἀγαπητοὶ,
1519 5179 1593 5252 μὴ
1624 5181 1733 5234 ὀλι-

169 5264 465 5333 γωρήσητε,
499 5266 631 5336 μηδὲ
660 5268 959 5341 ὁμοιωθῆτε
991 5270 1069 5341 τῷ
1100 5270 1212 5341 λαῷ
1240 5272 1318 5343 τῷ
1344 5273 1483 5326 κατά
1510 5274 1601 5327 τὸν
1620 5292 1735 5329 και-

1862 1421 2088 1475 corpora
2136 1417 2308 1462 vestra
2354 1409 2582 1464 hostiam
2630 1413 2899 1478 viventem,
2927 1413 3037 1468 Deo
3064 1414 3352 1484 placentem
3367 1419 3432 1472 “.

1858 1495 2160 1553 Commune
2187 1499 2407 1569 quidem
2437 1512 2765 1571 praeceptum
2804 1513 2908 1568 est,
2932 1506 3026 1562 sed
3055 1507 3180 1576 plus
3209 1512 3437 1578 promit-

1860 1591 1923 1643 tit
1954 1590 2023 1646 iis
2046 1590 2138 1661 qui
2177 1593 2518 1649 sanctitatem
2548 1596 2871 1664 proﬁtentur
2893 1608 2948 1654 et
2970 1610 3245 1656 exercent.
3269 1602 3435 1673 Virgo

1864 1694 2059 1738 natura
2088 1684 2286 1741 similis
2310 1686 2432 1741 aliis
2461 1688 2783 1744 mulieribus
2812 1700 2916 1756 est,
2944 1683 3223 1762 proposito
3250 1702 3431 1750 autem

1856 1790 1959 1830 suo
1988 1784 2239 1831 naturam
2271 1788 2584 1848 exsuperat.
2614 1780 2679 1843 Et
2704 1798 2828 1837 cum
2857 1784 2922 1838 ad
2951 1794 3199 1841 sanctum
3243 1796 3433 1842 sancte

1856 1867 2112 1923 accedere
2157 1869 2360 1939 cupiat,
2388 1870 2434 1927 si
2479 1872 2646 1941 probe
2677 1873 2765 1928 hic
2796 1890 2910 1929 rem
2937 1885 3119 1946 gerat,
3155 1891 3269 1932 rem
3301 1892 3434 1934 sane

1854 1959 2156 2015 mirabilem
2196 1970 2251 2016 et
2294 1964 2603 2033 spectaculo
2643 1964 2864 2035 dignam
2926 1977 3150 2038 praestat
3189 1969 3430 2040 :quodsi

1854 2068 1977 2107 cum
2010 2055 2356 2123 proposuerit
2383 2071 2492 2110 non
2521 2057 2786 2125 perﬁciat,
2834 2058 3083 2117 funestus
3118 2062 3430 2132 hujusmodi

1855 2159 2016 2199 casus
2042 2153 2123 2200 est
2148 2162 2162 2198 :
2197 2147 2417 2217 gravius
2441 2148 2638 2220 quippe
2667 2159 2750 2207 est
2774 2152 3245 2210 asublimioribus
3282 2154 3431 2210 deci-

1852 2234 2001 2301 dere,
2029 2251 2191 2305 quam
2242 2236 2392 2292 humi
2440 2248 2675 2295 stantem
2710 2256 2894 2297 ruere.
2922 2240 2988 2297 Et
3010 2254 3217 2312 quanto
3253 2245 3431 2315 major

1852 2335 1936 2381 est
1963 2328 2272 2397 promissio,
2305 2338 2455 2384 tanto
2475 2330 2713 2387 deterior
2734 2332 3257 2404 lapsus.Promissio
3275 2339 3432 2409 quip-

1851 2431 1918 2487 pe
1955 2427 2208 2473 naturam
2257 2429 2500 2491 superat,
2535 2421 2819 2494 ipsamque
2845 2424 2901 2478 in
2932 2426 3131 2481 malum
3155 2427 3426 2496 sublevat,

1850 2510 2119 2582 emcitque
2154 2522 2213 2568 ut
2253 2528 2378 2569 cum
2410 2516 2618 2586 angelis
2642 2515 2874 2574 choreas
2905 2529 3051 2590 agat.
3079 2520 3256 2591 Atque
3299 2523 3427 2581 inde

1776 2666 1821 2721 Β
1853 2602 2089 2658 instituti
2124 2604 2439 2675 bujusmodi
2472 2607 2784 2676 praestantia
2805 2608 3027 2678 eminet,
3053 2619 3114 2665 ut
3140 2612 3214 2667 ait
3239 2611 3427 2669 Salva-

1856 2702 1941 2721 ιιι..
1989 2703 2154 2721 ιηηι...ι
2187 2695 2431 2721 Αι-..ι.-.ε
2463 2698 2832 2721 ι--ιῑ...-..ἔ-....
2867 2699 3092 2721 -α·,..-..-
3144 2701 3279 2721 _---j
3303 2710 3424 2721 -ΑᾉΑ

1856 2702 1961 2759 tor,
1989 2703 2155 2749 tantae
2184 2695 2432 2766 dignitati
2463 2698 2834 2753 testimonium
2864 2699 3116 2765 all‘erens,
3137 2701 3279 2771 quod
3302 2710 3427 2772 post

1851 2790 2304 2844 resurrectionem
2340 2798 2707 2855 mortuorum,
2740 2790 2870 2854 vita,
2898 2792 3096 2862 inquit,
3133 2794 3204 2848 sit
3232 2809 3426 2865 exspe-

1850 2881 2017 2935 ctatio
2054 2879 2359 2937 hominum.
2394 2880 2460 2936 Et
2505 2898 2726 2938 rursum
2781 2883 2857 2937 ait
2886 2902 2901 2939 :
2935 2882 3038 2951 Qui
3073 2885 3219 2955 digni
3254 2886 3424 2943 habiti

1848 2982 1978 3026 sunt
2010 2974 2406 3029 resurrectione
2432 2974 2498 3029 ad
2532 2972 2716 3029 futura
2761 2974 2902 3030 bona
2950 2979 3303 3048 possidenda,
3324 2995 3426 3036 ne-

1847 3081 1954 3135 que
1988 3066 2201 3122 nubunt
2229 3081 2405 3137 neque
2444 3066 2743 3122 nubuntur.
2780 3067 2935 3134 Quod
2959 3069 3144 3140 itaque
3172 3071 3226 3127 in
3255 3086 3423 3142 regno

1845 3157 2106 3212 caelorum
2157 3160 2487 3228 promissum
2532 3176 2600 3218 ac
2641 3163 2941 3233 repositum
2978 3171 3081 3229 est,
3119 3162 3171 3218 id
3200 3166 3423 3234 proprio

1845 3247 2075 3303 consilio
2105 3256 2161 3302 et
2184 3250 2462 3305 voluntate
2487 3262 2871 3321 praevertentes
2906 3254 3174 3318 nonnulli,
3204 3254 3294 3310 hic
3317 3255 3419 3311 ob-

1843 3338 2019 3394 tinent
2044 3340 2452 3411 possidenlque.
2474 3340 2662 3399 Sancti
2681 3343 2826 3399 enim
2844 3344 2939 3414 qui
2967 3344 3142 3400 deﬁxa
3169 3344 3224 3398 in
3246 3344 3417 3400 Deum

1841 3431 2172 3502 cogitatione
2205 3432 2426 3492 fuerunt
2453 3442 2508 3490 et
2526 3436 2801 3491 cmlestem
2829 3435 3014 3491 cibum
3034 3436 3415 3509 degustarunt,

1841 3525 2104 3579 mundum
2154 3525 2300 3581 hunc
2346 3543 2444 3597 pro
2492 3541 2710 3585 carcere
2750 3527 3079 3595 habuerunt,
3106 3539 3161 3586 et
3186 3544 3413 3600 corpora

1842 3629 1940 3670 sua
1966 3616 2304 3672 tradiderunt
2327 3618 2393 3672 ad
2428 3618 2770 3689 martyrium.
2811 3619 2985 3690 thue
3027 3621 3171 3678 Deus
3199 3623 3254 3678 in
3281 3623 3413 3694 ipsis

1842 3706 2140 3773 habitaret,
2169 3706 2406 3762 animam
2447 3723 2601 3764 suam
2629 3723 2915 3767 servavere
2941 3719 3168 3767 castam.
3195 3713 3413 3771 Patien-
3470 3726 3471 3729 ‘

1843 3799 1972 3852 tiam
2006 3807 2185 3853 autem
2216 3798 2508 3867 habebant,
2539 3801 2614 3855 uti
2649 3799 2917 3857 Dominus
2950 3811 3139 3860 noster
3171 3806 3283 3861 ait:
3308 3807 3416 3872 Qui

1838 3896 2144 3964 patientiam
2171 3895 2413 3951 habuerit
2433 3912 2594 3967 usque
2616 3897 2671 3950 in
2692 3899 2871 3967 finem,
2896 3900 2979 3954 hic
3005 3903 3182 3957 saluus
3212 3904 3314 3958 erit
3328 3903 3410 3971 ἰς

1839 3996 1893 4042 ει
1923 3988 2380 4057 quemadmodum
2410 3989 2487 4044 ait
2516 3988 2835 4047 Psalmista:
2859 3990 3146 4048 Laboravit
3178 3997 3234 4050 in
3256 4004 3412 4052 ceter-

1839 4094 1965 4131 num
1991 4087 2040 4132 et
2071 4080 2203 4133 viret
2228 4079 2280 4132 in
2309 4080 2525 4147 ﬁnem“
2553 4097 2569 4134 :
2600 4091 2867 4151 quotquot
2892 4084 3037 4138 enim
3063 4084 3199 4154 justi
3231 4086 3411 4142 homi-

1839 4183 1937 4223 nes
1969 4183 2120 4238 spem
2168 4184 2322 4223 suam
2352 4170 2405 4223 in
2437 4166 2545 4223 Deo
2582 4169 2909 4234 habuerunt,
2947 4174 3221 4229 carnalem
3255 4177 3410 4245 quie-

1804 4264 1807 4267 ’
1837 4269 1944 4316 tem
1984 4276 2092 4315 non
2126 4261 2499 4325 obtinuerunt,
2530 4276 2653 4331 qua:
2682 4262 2828 4329 ipsos
2862 4274 3139 4333 separaret
3183 4280 3216 4320 a
3259 4264 3408 4335 Deo;

1838 4353 1937 4408 sed
1980 4354 2035 4407 in
2082 4352 2363 4408 laboribus
2391 4354 2832 4423 perseverabant,
2869 4355 3003 4409 nihil
3051 4354 3412 4413 reformidan-

1839 4455 1944 4512 tes,
1975 4445 2113 4500 nihil
2144 4445 2294 4501 dubii
2324 4445 2391 4500 de
2417 4445 2617 4501 divinis
2645 4447 3104 4516 promissionibus
3131 4465 3145 4501 :
3175 4449 3269 4504 sed
3298 4450 3412 4506 ala-

1838 4536 2002 4591 criter
2034 4536 2274 4605 exceptis
2295 4536 2576 4601 aerumnis,
2606 4537 3029 4593 recordabantur
3052 4540 3171 4608 ejus
3199 4541 3291 4611 qui
3312 4556 3410 4611 per

1835 4626 2152 4696 Apostolum
2184 4626 2261 4681 ait
2292 4643 2306 4680 :
2344 4624 2411 4680 Et
2436 4628 2677 4696 rapinam
2702 4627 2953 4683 bonorum
2985 4639 3273 4685 uestrorum
3292 4648 3409 4686 cum

1837 4718 2032 4788 gaudio
2066 4717 2370 4787 suscepistis
2383 4716 2448 4769 ⁵³.
2498 4714 2564 4771 Et
2591 4717 2908 4774 testiﬁcatur
2932 4719 2999 4774 de
3025 4720 3093 4776 iis
3118 4719 3281 4776 etiam
3313 4723 3408 4791 qui

1834 4828 1944 4868 non
1998 4823 2326 4883 acceperunt
2379 4814 2826 4883 redemptionem,
2856 4815 3003 4885 quod
3050 4816 3326 4871 noluerint
3352 4818 3407 4872 in

1836 4908 2149 4964 cmlestihus
2180 4906 2388 4963 versari
2422 4925 2435 4961 :
2477 4920 2580 4961 nos
2609 4915 2789 4963 autem
2822 4924 2931 4963 non
2969 4908 3026 4963 in
3056 4910 3408 4968 saecularibus

1836 5000 2029 5055 sistere
2061 5006 2297 5071 Oportet,
2331 4998 2424 5053 sed
2451 4998 2858 5070 transmigrare,
2895 5008 2955 5054 ut
2979 5013 3104 5056 cum
3134 5000 3244 5055 Deo
3289 5016 3410 5055 vero

1834 5104 2039 5144 semur.

1904 5181 1959 5238 2.
2000 5179 2156 5237 Nunc
2181 5180 2386 5250 itaque,
2418 5179 2599 5236 dilecti
2629 5180 2844 5246 fratres,
2876 5196 2946 5236 ne
2978 5181 3279 5252 negligatis,
3298 5198 3403 5236 neu

1838 5278 2046 5333 similes
2092 5277 2214 5332 sitis
2269 5275 2468 5345 populo
2499 5283 2741 5344 tempore
2778 5273 3405 5346 Moysispraevaricanti,

172 5350 255 5419 ρὸν
272 5356 543 5422 Μωῦσέως
573 5359 982 5433 παραϐεϐηκότι
999 5364 1057 5415 ἐν
1079 5362 1311 5433 ἡμέραις
1331 5367 1731 5437 τεσσαράκοντα

1845 5372 2001 5441 idque
2034 5368 2184 5424 brevi
2228 5365 2583 5437 quadraginta
2628 5364 2842 5420 dierum
2890 5365 3088 5435 spatio,
3122 5378 3248 5418 cum
3290 5363 3409 5434 ipse

172 5443 368 5510 μόναις,
400 5449 459 5501 ἐν
490 5448 570 5520 τῷ
605 5451 767 5504 αὑτὸν
798 5453 1106 5507 ἀναϐαίνειν
1138 5454 1321 5510 λαϐεῖν
1353 5457 1443 5510 τὸν
1472 5457 1613 5512 θεῖον
1645 5460 1730 5512 νό-

173 5546 264 5598 μον
283 5549 295 5560 ·
325 5538 419 5589 καὶ
450 5539 513 5592 ἐκ
541 5539 730 5594 τούτου
757 5540 928 5612 ἔνοχοι
954 5543 1231 5612 γεγόνασι,
1250 5546 1343 5599 καὶ
1368 5546 1561 5601 ἔπεσον
1581 5551 1638 5601 ἐν
1660 5552 1724 5620 τῇ

1836 5460 2155 5516 ascenderet
2184 5468 2465 5528 acceptum
2489 5456 2727 5511 divinam
2758 5442 2927 5527 legem
2960 5473 2977 5515 ξ
3001 5453 3304 5523 exindeque
3327 5454 3404 5507 rei

1833 5562 1888 5610 et
1916 5553 2136 5610 obnoxii
2162 5553 2216 5606 in
2247 5552 2462 5606 deserto
2489 5549 2878 5613 conciderunt;
2904 5547 2997 5602 sed
3020 5544 3257 5616 Mcysem
3282 5544 3406 5601 imi-

242 5735 289 5769 ”
326 5736 478 5797 Rom.
514 5759 612 5813 xu,
649 5743 697 5799 ί.
775 5744 818 5777 ³³
859 5744 1025 5804 Marc.
1060 5763 1196 5836 xm,
1224 5752 1307 5807 l5.
1386 5754 1430 5786 "
1470 5753 1617 5812 Psal.
1649 5774 1739 5811 xu

1867 5757 1923 5825 9,
1958 5755 2042 5810 ιο.
2119 5755 2165 5787 ⁵⁸
2213 5753 2378 5810 Hebr.
2414 5771 2468 5821 x,
2500 5754 2568 5808 54
