3794 6226
360 284 384 341 1
393 286 498 345 199

924 288 982 344 S.
1020 287 1393 345 ATHANASH
1435 288 1585 344 OPP.
1627 288 1807 344 PARS
1847 289 1887 343 l.
1927 319 1997 329 -—
2035 289 2404 350 HISTORICA
2448 290 2537 346 ET
2576 290 3002 348 DOGMATICA.

3476 288 3624 345 Πιοθ

357 409 560 467 temur,
592 399 683 471 qui
713 400 935 471 jejunus
953 404 1307 476 quadraginta
1332 405 1449 461 dies
1476 406 1811 477 totidemque
1833 420 1935 461 no-

2073 412 2228 483 ρήμῳ
2243 428 2255 442 ·
2275 410 2391 466 ἀλλ’
2422 409 2775 480 ὁμοιωθῶμεν
2796 410 3021 463 Manliae!
3045 410 3331 480 ποιήσαντι
3349 410 3625 482 τεσσαρά-

358 505 474 554 etes
520 496 685 568 degit,
716 498 840 551 cibo
887 513 1091 555 vacuus
1142 507 1307 570 atque
1355 508 1508 571 potu.
1544 498 1731 572 Neque
1757 501 1934 556 solum

358 584 510 644 hisee
539 586 920 659 quadraginta,
954 589 1050 645 sed
1100 590 1222 647 aliis
1270 592 1493 647 totidem
1520 592 1808 663 jeiunavit,
1848 608 1943 647 cor

357 679 570 736 habens
602 688 656 736 et
681 680 872 736 oculos
898 679 1181 753 ipsamque
1201 699 1420 739 carnem
1450 699 1770 754 suspensam
1799 693 1852 738 et
1873 684 1943 738 ad

357 767 530 824 Deum
557 778 817 843 erectam.
849 770 929 826 Ne
955 773 1435 843 concupiscamus,
1466 784 1527 827 ut
1576 782 1704 828 tunc
1734 773 1809 827 illi
1844 789 1943 829 cu-

356 859 470 929 pidi
503 862 776 927 carnium,
796 863 891 934 qui
916 863 970 917 in
996 864 1213 919 deserto
1246 865 1384 936 lapsi
1422 866 1786 922 suntzAdhuc
1812 882 1943 921 escae

356 964 540 1006 eorum
576 963 732 1007 erant
785 954 842 1007 in
889 971 977 1008 ore
1025 955 1283 1024 ipsorum,
1315 968 1377 1012 ut
1408 956 1652 1027 psalmus
1687 957 1867 1023 habet,
1893 969 1941 1012 et

359 1040 446 1096 ira
495 1042 589 1097 Dei
635 1044 873 1097 ascendit
921 1060 1077 1113 super
1120 1045 1299 1101 eos“:
1332 1048 1424 1103 sed
1454 1048 1503 1101 ei
1536 1047 1630 1117 qui
1675 1055 1939 1117 prmeepta

359 1133 509 1190 dedit
537 1149 660 1189 cum
694 1137 877 1191 studio
906 1146 959 1191 et
990 1138 1368 1194 observatione
1397 1140 1722 1205 haereamus,
1752 1153 1942 1207 quem-

359 1226 652 1281 admodum
678 1228 773 1282 tllii
806 1227 1073 1291 Jonadab,
1109 1229 1309 1300 quibus
1342 1230 1485 1285 Deus
1526 1230 1640 1286 haec
1669 1229 1942 1300 pollicitus

357 1326 445 1373 est
480 1335 494 1371 :
530 1316 654 1372 Non
696 1319 903 1387 deﬁciet
931 1320 1012 1373 vir
1040 1319 1102 1373 de
1131 1320 1261 1389 ﬁliis
1288 1318 1557 1386 Ionadab,
1594 1321 1684 1391 qui
1739 1329 1839 1374 stet
1886 1321 1943 1373 in

360 1416 638 1474 conspectu
689 1424 802 1462 meo
853 1409 1055 1462 cunctis
1106 1409 1287 1463 diebus
1327 1410 1446 1464 vine
1488 1410 1659 1465 suae"
1688 1428 1701 1463 :
1729 1410 1820 1480 qui
1850 1409 1944 1464 do-

358 1510 513 1550 mum
558 1512 667 1551 non
712 1497 1118 1553 aediﬁcaverunt
1143 1498 1269 1561 sibi),
1303 1514 1480 1568 neque
1513 1499 1701 1553 vineas
1732 1499 1945 1569 planta-

360 1596 575 1652 vernnt,
608 1595 664 1641 et
696 1588 900 1658 populo
932 1589 986 1642 in
1014 1588 1456 1658 redargutionem
1490 1588 1732 1644 fuerunt.
1763 1588 1828 1643 Et
1846 1604 1945 1659 po.

360 1676 525 1745 pulus
556 1678 795 1747 quidem,
825 1678 921 1748 qui
964 1678 1313 1733 multitudine
1357 1693 1555 1750 magna
1598 1687 1747 1743 erat;
1767 1679 1823 1733 in
1854 1693 1945 1735 ca-

2041 511 2206 555 κσντα
2227 503 2442 574 ἡμέρας
2464 502 2558 554 καὶ⁵
2585 500 2809 564 νύκτας,
2840 500 3151 572 νηστεύοντι
3172 502 3344 572 χωρὶς
3366 500 3624 575 βρώσεως

2041 595 2136 647 καὶ
2168 594 2491 658 πόσεως.οὐ
2520 593 2678 664 μόνον
2704 592 2926 657 ταύτας,
2957 591 3090 646 ἀλλά
3116 592 3209 647 καὶ
3242 590 3407 656 ἄλλας
3433 609 3627 646 τεσσα-

2045 684 2297 758 ράκοντα,
2324 686 2461 756 ἔχων
2481 685 2579 756 τήν
2603 702 2661 737 τε
2692 680 2918 754 καρδίαν
2938 686 3031 737 καλ⁵
3051 686 3176 748 τοὺς
3196 682 3507 755 ὀφθαλμοὺς
3527 684 3635 759 καὶ·

2039 776 2137 847 τὴν
2169 776 2346 846 σάρκα
2379 773 2733 847 κρεμαμένην
2761 771 2897 845 πρὸς
2928 771 3018 827 τὸν
3044 773 3194 827 Θεόν.
3228 773 3314 845 Μὴ
3348 773 3626 845 ἐπιθυμή-

2042 884 2224 939 σωμεν
2255 867 2329 932 ὡς
2370 867 2492 920 τότε
2522 865 2872 937 ἐπιθυμηταὶ.
2890 864 3065 937 κρεῶν
3093 864 3392 936 γενόμενοι,
3428 865 3627 919 πεσόν-

2039 978 2130 1025 τες
2161 961 2219 1014 ἐν
2250 963 2317 1032 τῇ
2355 960 2698 1033 ἐρήμῳ,Ἔτι
2730 956 2842 1026 τῆς
2864 957 3148 1026 βρώσεως
3190 958 3388 1012 αὐτῶν
3428 958 3626 1026 οὔσης

2039 1051 2110 1105 ἐν
2140 1051 2221 1117 τῷ
2250 1051 2498 1120 στόματι
2520 1049 2738 1113 αὐτῶν,
2767 1048 2841 1112 ὡς
2874 1050 2903 1101 6
2929 1047 3140 1119 ψαλμός
3162 1066 3314 1118 φησι,
3348 1047 3446 1102 καὶ
3472 1048 3621 1117 ὁρτὴ

2040 1144 2147 1198 τοῦ
2176 1143 2323 1198 Θεοῦ
2350 1142 2530 1209 ἀνέϐη
2560 1142 2652 1196 ἐπ’
2676 1142 2897 1206 αὐτούς
2916 1158 2929 1171 ·
2955 1140 3090 1194 ἀλλά
3112 1140 3527 1213 διατηρήσωμεν
3547 1142 3625 1211 τῷ

2040 1236 2182 1291 δόντι
2235 1237 2332 1302 τάς
2379 1237 2619 1301 ἐντολὰς,
2663 1236 2739 1299 ὡς
2772 1238 2821 1289 οἱ
2855 1237 2961 1289 υἱοὶ
3004 1236 3273 1301 Ἰωναδάϐ,
3305 1232 3387 1303 οἷς
3425 1237 3452 1288 6
3489 1237 3625 1302 Θεὸς

2042 1329 2404 1400 ἐπηγγείλατο
2439 1328 2643 1397 λέγων·
2682 1330 2804 1381 Οὐκ
2844 1329 3111 1397 ἐκλείψει
3140 1329 3294 1398 ἀνὴρ
3335 1328 3482 1384 υἱῶν
3508 1330 3630 1385 Ἰω-

2040 1419 2233 1476 ναδὰϐ
2260 1420 2652 1489 παρεστηκὼς
2675 1417 2931 1472 ἐνώπιόν
2948 1438 3067 1489 μου
3100 1420 3301 1485 πάσας
3349 1419 3457 1484 τὰς
3482 1419 3627 1489 ἠμέ-

2035 1530 2152 1580 ρας
2184 1510 2295 1580 τῆς
2317 1510 2466 1579 ζωῆς
2495 1511 2681 1565 αὑτοῦ
2700 1528 2714 1540 '
2751 1511 2948 1575 οἵτινες
2972 1507 3118 1565 οἷκον
3145 1511 3244 1565 οὐκ
3272 1512 3631 1583 ᾠκοδόμησαν

2046 1604 2277 1665 ἑαυτοῖς,
2307 1599 2431 1654 οὔτε
2469 1602 2575 1673 μὴν
2606 1599 2934 1671 ἀμπελῶνας
2964 1601 3286 1669 ἐφύτευσαν,
3331 1602 3426 1654 καὶ
3470 1600 3632 1669 γεγό-

2046 1708 2199 1744 νασιν
2224 1694 2304 1754 εἰς
2333 1690 2550 1761 ἔλεγχον
2582 1690 2659 1761 τῷ
2684 1690 2817 1761 λαῷ.
2852 1692 2961 1744 Kal.
2988 1694 3017 1744 6
3047 1691 3145 1762 μὲν
3167 1690 3289 1754 λαός
3313 1690 3520 1761 πλῆθος
3555 1690 3633 1745 ῶν

359 1769 664 1839 ptivitatem
701 1772 970 1827 adductus
997 1779 1116 1835 est;
1151 1771 1242 1826 isti
1273 1786 1425 1836 vero,
1454 1772 1613 1841 pauci
1638 1754 1886 1834 numero,
1909 1788 1940 1826 a

2073 1754 2642 1853 lxpalwzstiﬂntrob‘mt
2677 1754 2954 1850 5%,.6MYOL
2997 1754 3169 1845 ὄντες,
3204 1780 3308 1835 ὑπὸ
3346 1754 3440 1835 τοῦ
3491 1780 3630 1835 Θεοῦ

361 1860 476 1916 Deo
511 1864 711 1917 servati
748 1872 895 1919 sunt.
932 1863 999 1917 Et
1042 1879 1143 1921 vos
1174 1879 1394 1934 quoque
1421 1860 1767 1935 qui'Patrum
1795 1866 1939 1917 viam

360 1953 558 2019 teritis,
590 1968 693 2024 pro
741 1954 868 2011 ﬁliis
911 1954 1148 2010 ﬁliorum
1178 1954 1426 2011 Jonadab
1457 1955 1811 2026 reputamini.
1842 1954 1945 2010 Pa-

362 2053 510 2099 trum
556 2045 947 2111 hereditatem,
984 2057 1046 2101 nt
1082 2061 1380 2118 generosus
1408 2047 1497 2101 ille
1523 2045 1793 2110 Nabuthe,
1829 2061 1946 2101 ser-

361 2155 574 2197 vemus.
604 2140 709 2207 Qui
751 2139 1023 2207 Nabuthe,
1052 2143 1419 2198 eomminante
1445 2142 1633 2198 Achab
1659 2157 1758 2213 pro
1785 2142 1944 2197 vinea

363 2230 487 2300 ejus
519 2232 888 2303 adipiscenda,
913 2240 1077 2304 atque
1103 2234 1158 2287 in
1190 2234 1410 2288 hortum
1460 2234 1669 2290 olerum
1724 2248 1948 2288 conver-

363 2322 530 2377 tenda
551 2362 566 2387 ,
597 2338 719 2379 cum
773 2325 943 2381 nollet
991 2325 1039 2389 ej
1090 2339 1298 2380 morem
1330 2339 1533 2393 gerere,
1562 2325 1790 2379 viriliter
1816 2339 1947 2379 con-

363 2425 603 2482 eertans,
637 2418 998 2489 interemptus
1031 2425 1123 2473 est
1152 2436 1166 2472 :
1201 2432 1391 2473 verum
1446 2417 1590 2471 Dens
1638 2416 1815 2487 ipsum
1862 2423 1948 2471 est

365 2510 537 2566 ultus.
564 2508 793 2566 Nolebat
818 2510 1027 2566 scilicet
1048 2509 1262 2565 vineam
1287 2524 1441 2566 suam
1465 2512 1707 2564 converti
1738 2508 1794 2563 in
1820 2508 1948 2563 hor-

363 2610 505 2666 tum,
540 2602 631 2656 ubi
664 2612 963 2658 nascuntur
989 2602 1159 2672 porri,
1187 2611 1242 2657 et
1268 2617 1428 2671 cazpze
1455 2610 1509 2655 et
1548 2602 1695 2668 allia,
1730 2617 1760 2655 a
1793 2601 1948 2671 queis

365 2692 486 2761 Ipse
528 2693 858 2749 abhorrebat
888 2712 902 2747 :
936 2694 1029 2749 sed
1057 2695 1293 2764 pranulit
1315 2695 1530 2748 vineam
1566 2693 1796 2759 laetitiae;
1839 2693 1949 2747 imo

366 2783 549 2852 potius
582 2793 818 2840 mentem
845 2799 1002 2840 suam
1024 2786 1195 2839 voluit
1221 2785 1604 2850 exhilaratam,
1637 2799 1747 2839 non
1777 2783 1950 2839 disso-

366 2872 562 2938 lutam,
588 2885 650 2929 ut
694 2886 779 2932 est
822 2876 1000 2930 malva
1055 2876 1111 2929 in
1161 2876 1321 2931 horto
1370 2886 1536 2931 aestus
1566 2884 1827 2945 tempore,
1856 2882 1952 2929 aut

369 2966 528 3034 quasi
559 2966 681 3021 beta
713 2967 1008 3022 semicocta
1049 2985 1063 3020 :
1110 2966 1421 3036 cnjnsmodi
1468 2975 1595 3021 sunt
1625 2966 1678 3020 hi
1703 2965 1950 3036 prodito-

369 3071 482 3114 res.
507 3056 644 3113 Nam
697 3061 745 3115 si
792 3075 856 3115 ea
883 3059 1128 3129 priVatus
1150 3067 1314 3123 esset,
1340 3059 1646 3128 privaretur
1679 3057 1865 3114 forsan
1894 3066 1952 3113 et

368 3149 466 3206 illa
505 3160 687 3207 mente
728 3160 966 3222 paternae
995 3150 1275 3221 religionis
1309 3169 1323 3205 :
1362 3152 1633 3221 siquidem
1657 3150 1955 3205 vocabatur

371 3241 668 3310 lsraelites,
698 3244 830 3314 quia
877 3252 1116 3298 mentem
1163 3242 1397 3297 habebat
1446 3242 1616 3297 Deum
1662 3242 1957 3298 videntem.

372 3334 480 3401 Qui
510 3343 689 3390 autem
725 3350 872 3390 nunc
898 3334 1077 3405 asperi
1099 3333 1237 3387 nihil
1268 3333 1526 3399 tolerant,
1552 3333 1769 3388 vineam
1803 3347 1960 3388 suam

374 3428 521 3483 veris
558 3428 759 3483 vitibus
790 3427 1007 3498 plenam
1033 3426 1256 3481 Achabo
1279 3425 1640 3490 tradiderunt,
1675 3440 1797 3495 quae
1834 3440 1961 3494 pra-

374 3520 462 3575 vis
483 3519 693 3574 olerum
717 3519 1013 3589 speciebus
1039 3525 1172 3572 sata-
1188 3526 1291 3573 est.

445 3610 511 3664 5..
540 3607 619 3665 Ne
650 3610 826 3667 simus
878 3610 1122 3681 pecuniae
1167 3618 1447 3664 amatores.
1488 3618 1548 3663 ut
1599 3607 1774 3664 Elisazi
1803 3623 1958 3678 puer,

375 3702 472 3772 qui
510 3702 614 3757 hac
657 3702 726 3757 de
776 3715 944 3757 causa
973 3699 1242 3755 Naamani
1283 3701 1487 3771 lepram
1515 3700 1569 3754 in
1597 3715 1658 3755 se
1688 3699 1958 3766 traduxit;

376 3794 474 3849 sed
507 3809 631 3849 cum
661 3795 921 3865 patientia
955 3795 1252 3849 toleremus
1285 3810 1579 3857 aerumnas,
1615 3803 1677 3848 ut
1708 3794 1958 3852 laborum

375 3886 755 3942 remissionem
782 3902 848 3942 ac
875 3886 1114 3957 quietem
1146 3886 1528 3941 nanciscamur
1552 3902 1566 3939 :
1594 3900 1756 3940 nemo
1801 3886 1961 3955 quipi-

375 3993 448 4048 pe
472 3979 591 4034 sine
618 3979 905 4034 aﬂlictione
928 3978 1153 4033 intrabit
1178 3978 1231 4032 in
1266 3993 1495 4048 regnum
1530 3978 1815 4034 caelorum.
1841 3975 1962 4030 lmi-

377 4078 562 4126 tomur
610 4078 829 4127 sanctos
879 4071 973 4140 qui
1026 4077 1187 4125 aetate
1221 4083 1322 4124 nos
1365 4074 1774 4139 praevenerunt;
1803 4065 1961 4122 Prior

377 4159 563 4230 justus
590 4160 692 4215 fuit
719 4160 854 4217 Abel
889 4161 984 4232 qui
1017 4177 1083 4216 ex
1111 4160 1499 4230 primogenitis-
1519 4159 1703 4213 ovium
1731 4174 1957 4214 suarum

381 4261 440 4308 et
489 4267 555 4307 cx
600 4267 788 4308 earum
842 4252 998 4321 adipe
1028 4250 1300 4321 primitias
1326 4248 1437 4304 Deo
1464 4248 1681 4312 obtulit,
1710 4250 1764 4303 in
1794 4265 1956 4319 quem

381 4345 554 4400 frater
619 4345 791 4415 ipsius
848 4359 1142 4414 germanus
1188 4342 1392 4396 invidia
1439 4341 1806 4397 inﬂammatus
1851 4349 1954 4396 est;

2043 1874 2443 1945 ἐφυλάχθησαν.
2475 1874 2586 1927 Καὶ
2631 1874 2786 1943 ὑμεῖς
2824 1872 3020 1938 τοίνυν,
3051 1873 3244 1937 οἵτινες
3278 1876 3494 1944 τηρεῖτε
3521 1872 3634 1925 τῶν

2043 1966 2294 2038 πατέρων
2325 1967 2424 2035 τὴν
2456 1965 2594 2029 ὁδὸν,
2622 1964 2900 2034 λογίζεσθε
2922 1967 3026 2019 υίοὶ
3054 1966 3183 2019 υίῶν
3226 1965 3499 2019 Ἰωναδάὸ.
3520 1966 3634 2036 Τήν

2040 2075 2102 2111 τε
2123 2056 2487 2128 κληρονομίαν
2512 2055 2623 2108 τῶν
2649 2054 2925 2125 πατέρων,
2947 2054 3021 2117 ὡς
3041 2057 3069 2107 6
3090 2057 3336 2123 γενναῖος
3360 2052 3635 2118 Ναϐουθέ,

2042 2149 2391 2219 τηρήσωμεν,
2424 2145 2484 2209 ὃς
2514 2144 2784 2217 ἡπειλήθη
2822 2145 2928 2198 ὑπὸ
2966 2145 3173 2216 Ἀχαὰϐ
3200 2144 3386 2198 λαϐεῖν
3421 2143 3515 2198 τὸν
3538 2144 3638 2197 αύ-

2044 2239 2137 2293 τοῦ
2166 2237 2461 2310 ἀμπελῶνα
2490 2237 2572 2299 είς
2605 2237 2783 2308 κῆπον
2815 2236 3062 2307 λαχάνων
3082 2255 3096 2268 ·
3132 2236 3206 2307 μὴ
3233 2235 3639 2307 ὑποδεξάμενος

2044 2329 2122 2395 δὲ,
2150 2328 2389 2400 ἀνῃρέθη
2420 2325 2818 2397 ἀγωνιζόμενος
2830 2332 2852 2356 ’·
2895 2327 3009 2380 ἀλλ’
3038 2330 3066 2380 6
3093 2327 3226 2390 Θεὸς
3250 2326 3414 2379 αὐτὸν
3460 2324 3635 2390 ἐξεδί-

2046 2439 2205 2493 κησε.
2242 2420 2434 2491 Κῆπον
2475 2421 2585 2490 γὰρ
2616 2419 2706 2472 τὸν
2736 2418 2930 2473 ἑαυτοῦ
2959 2419 3256 2490 ἀμπελῶνα
3292 2419 3392 2471 ούκ
3419 2417 3635 2488 ἤθελεν,

2047 2514 2175 2569 ἔνθα
2207 2513 2430 2583 φύονται
2454 2513 2676 2585 πράσσα
2701 2510 2937 2583 [πράσα]
2973 2511 3067 2565 καὶ
3096 2511 3358 2583 κρόμμυα
3384 2512 3483 2564 καὶ
3515 2510 3639 2562 σκό-

2053 2607 2200 2679 ροδα,
2233 2606 2327 2660 am
2354 2604 2649 2672 ἐξέκλινεν·
2681 2604 2795 2657 ἀλλ’
2826 2603 3015 2675 ἢθελεν
3044 2604 3342 2675 ἀμπελῶνα
3368 2601 3640 2674 εὐφροσύ-

2049 2716 2146 2766 νης
2164 2716 2177 2727 ·
2214 2698 2414 2768 μᾶλλον
2438 2696 2495 2751 δέ
2524 2697 2614 2751 τὸν
2643 2693 2835 2749 ἐαυτοῦ
2858 2694 2983 2749 νοῦν
3008 2695 3385 2767 εὐφραντικδν,
3412 2696 3511 2749 καὶ
3542 2696 3644 2748 οὐκ

2050 2787 2272 2840 ἔκλυτον
2286 2786 2366 2851 ὼς
2399 2785 2631 2857 μολόχην
2660 2785 2835 2857 κήπου
2860 2786 2917 2839 ἐν
2947 2785 3207 2856 καύματι,
3239 2784 3272 2856 ἢ
3296 2785 3372 2849 ὡς
3392 2785 3640 2838 σευτλίον

2048 2878 2337 2950 ὴμίεφθον,
2376 2876 2564 2947 ὥσπερ
2593 2877 2643 2929 oi
2696 2875 2789 2930 νῦν
2843 2877 3262 2950 προδεδωκότες.
3304 2876 3365 2929 Ei
3393 2875 3507 2948 γὰρ
3541 2877 3645 2945 ἀφ-

2052 2970 2326 3042 ῃρημένος
2356 2965 2444 3041 ἦν,
2475 2969 2618 3040 τάχα
2641 2968 2889 3040 ἀφῄρητο
2925 2969 2990 3023 ἃν
3020 2972 3047 3023 ὁ
3074 2970 3198 3034 νοῦς
3232 2971 3331 3041 τῆς
3366 2971 3644 3041 πατρικῆς

2055 3061 2392 3124 θεοσεϐείαςο
2443 3061 2537 3116 καὶ
2578 3061 2688 3131 γὰρ
2735 3060 3113 3133 ἐχρηματίσθη
3158 3060 3520 3133 Ἰσραηλίτης,
3565 3061 3647 3113 ὅτι

2059 3153 2183 3218 νοῦς
2213 3150 2281 3225 ἦν
2312 3153 2457 3224 δρῶν
2479 3155 2570 3207 τὸν
2596 3155 2748 3207 Θεὸν.
2776 3156 2843 3207 Of
2861 3154 2919 3207 δέ
2941 3152 3035 3207 νῦν
3065 3153 3231 3225 μηδὲν
3262 3154 3527 3218 παθόντες
3555 3154 3647 3205 τὸν

2060 3243 2267 3299 ἑαυτῶν
2287 3242 2582 3314 ἀμπελῶνα
2605 3244 2703 3311 τῆς
2731 3242 2991 3314 ἀληθινῆς
3012 3243 3259 3314 ἀμπέλου
3286 3242 3552 3296 ἀπέδοντο
3571 3240 3648 3305 τῷ

2073 3334 2295 3407 Ἀχαά6,
2319 3334 2415 3388 καὶ
2445 3333 2820 3405 ἐφυτεύθησαν
2847 3333 3083 3387 τοσαῦτα
3102 3333 3281 3405 ψεκτά
3299 3332 3642 3404 λαχανοειδῆ.

2051 3604 2086 3665 ’.ι
2130 3620 2184 3675 3.
2225 3618 2319 3689 Μὴ
2356 3616 2645 3688 γενώμεθα
2670 3616 2994 3690 φιλάργυροι
3013 3616 3089 3680 ὡς
3117 3615 3422 3670 Ἐλισσαίου
3444 3617 3475 3669 6
3496 3617 3647 3678 παῖς,

2062 3712 2091 3764 6
2119 3710 2209 3763 διὰ
2248 3709 2408 3762 τοῦτο
2450 3707 2549 3780 τὴν
2575 3708 2780 3781 λέπραν
2807 3706 2902 3761 τοῦ
2940 3706 3160 3777 Ναιμὰν
3203 3705 3651 3776 ἐπισπασάμενος

2061 3801 2270 3872 ἐαυτῷ·
2313 3800 2429 3855 ἀλλ’
2456 3800 2839 3873 ὑπομείνωμεν
2883 3801 2940 3852 ἐν
2973 3802 3094 3862 ταῖς
3123 3798 3384 3869 θλίψεσιν,
3421 3799 3512 3851 ἵνα
3554 3797 3652 3867 τῆς

2060 3892 2415 3956 ἀναπαύσεως
2444 3891 2657 3962 μέτοχοι
2678 3889 2962 3961 γενώμεθα
2982 3905 2995 3920 ·
3024 3888 3197 3951 οὐδεὶς
3217 3887 3325 3958 γάρ
3346 3886 3519 3957 χωρὶς
3541 3884 3652 3938 θλίο

2059 3986 2207 4056 ψεως
2253 3986 2335 4047 είς
2382 3983 2481 4055 τὴν
2533 3982 2807 4052 βασιλείαν
2844 3980 3226 4036 εἰσελεύσεται.
3262 3976 3651 4049 Μιμησώμεθα

2059 4077 2186 4140 τοὺς
2218 4073 2677 4147 προγενεστέρους
2704 4072 2863 4144 ἡμῶν
2891 4071 3100 4141 ἁγίους.
3117 4070 3176 4123 '0
3201 4069 3416 4141 πρῶτος
3444 4068 3652 4130 δίκαιος

2057 4172 2126 4243 ἦν
2162 4171 2348 4230 Ἀσελ,
2378 4170 2437 4233 δς
2466 4167 2722 4239 ἀπαρχὴν
2752 4166 2830 4236 τῷ
2861 4163 2979 4235 Θεῷ
3011 4164 3308 4235 ἀνήνεγκεν
3342 4163 3406 4215 ἐκ
3431 4178 3650 4233 πρωτο-

2059 4264 2234 4319 τόκων
2258 4263 2367 4315 τῶν
2398 4261 2684 4334 προϐάτων
2707 4255 2869 4311 αὑτοῦ
2895 4257 2990 4309 καὶ
3015 4254 3124 4308 ἀπὸ
3149 4253 3258 4307 τῶν
3285 4252 3530 4306 πεάτων
3557 4252 3655 4304 αύ-

2059 4354 2190 4419 τῶν,
2223 4353 2282 4407 δν
2312 4352 2579 4423 ἐζήλωσεν
2606 4351 2638 4403 6
2663 4349 2793 4410 ἴδιος
2818 4345 3065 4414 ἀδελφός.
3092 4343 3157 4396 Τί
3188 4344 3295 4416 γὰρ
3324 4343 3510 4397 ἄδικον
3552 4359 3653 4395 πε-

382 4436 548 4504 Quid,
580 4451 784 4505 quteso,
815 4435 943 4489 mali
970 4434 1143 4489 Caino
1178 4433 1382 4488 fecerat
1405 4430 1575 4486 Abel?
1615 4429 1836 4486 Invidia:
1863 4447 1956 4485 au-

2073 4444 2257 4516 ποίηκε
2284 4441 2361 4513 τῷ
2404 4442 2542 4496 Κάῖν
2567 4442 2595 4494 6
2628 4437 2821 4503 Ἀϐελ;
2863 4436 2922 4488 Ὀ
2954 4434 3011 4487 δὲ
3033 4434 3194 4505 ζῆλος
3218 4435 3308 4489 διὰ
3337 4434 3500 4488 τοῦτο
3526 4433 3651 4501 ἐγέο

381 4538 491 4583 tem
523 4525 836 4596 huiusmodi
863 4541 1030 4581 causa
1061 4524 1184 4587 fuit.
1215 4524 1361 4590 quod
1383 4538 1506 4578 cum
1539 4537 1651 4577 non
1676 4522 1779 4577 rite
1808 4522 1963 4577 obtuo

380 4618 558 4681 lisser,
588 4626 843 4685 acceptus
888 4631 995 4671 non
1037 4614 1203 4669 fuerit
1233 4614 1364 4670 Deo.
1400 4614 1466 4669 Et
1492 4627 1692 4682 corpus
1739 4613 1959 4683 quidem

382 4710 504 4771 eius
553 4708 774 4773 occidit,
799 4720 956 4762 ratus
980 4707 1167 4761 eadem
1196 4720 1361 4775 opera
1387 4704 1634 4759 divinum
1678 4718 1803 4774 erga
1834 4718 1958 4757 eum

385 4819 626 4859 amorem
673 4801 1019 4872 exstinguere
1069 4815 1249 4871 posse,
1284 4800 1542 4869 ignorans
1586 4796 1792 4851 scilicet
1844 4795 1963 4849 ani-

385 4910 531 4949 mam
575 4894 696 4964 ejus
749 4894 816 4948 ad
855 4894 1024 4947 Deum
1055 4892 1314 4947 clamare.
1349 4890 1420 4943 At
1449 4888 1779 4943 mentionem
1813 4885 1961 4942 illius

384 4985 509 5055 ipse
530 4983 782 5039 Salvator
809 4983 939 5039 facit
970 4986 1025 5038 in
1053 4981 1384 5053 Evangelia;
1418 4980 1575 5034 Caini
1622 4988 1805 5033 autem
1850 4993 1965 5033 me-

386 5078 561 5133 moria
587 5078 852 5133 exstincta
882 5087 984 5132 est.
1022 5074 1192 5131 llodie
1223 5076 1348 5129 item
1378 5072 1634 5128 innoxius
1658 5071 1792 5127 Abel
1818 5071 1965 5125 Occi-

386 5169 569 5236 ditur;
601 5171 693 5224 sed
723 5151 947 5241 sanguis
979 5170 1044 5224 ad
1070 5168 1360 5224 Dominum
1396 5168 1631 5221 clamat:
1659 5179 1965 5236 speramus-

387 5276 497 5328 que
542 5261 694 5315 illum
739 5262 1058 5331 sanguinem
1095 5261 1286 5315 talium
1342 5268 1728 5327 tantorumque
1758 5266 1963 5326 marty-

387 5367 515 5407 rum
553 5366 675 5407 ‘non
727 5353 941 5407 silentio
994 5354 1314 5407 missurum.
1344 5350 1580 5421 Tempus
1619 5365 1858 5420 praesens
1890 5348 1961 5404 illi

390 5461 523 5500 sanie
552 5444 729 5499 simile
760 5453 864 5500 est.

468 5663 515 5697 “
552 5663 693 5720 Psal.
728 5680 935 5731 Lxxm,
972 5665 1055 5718 50.
1135 5664 1178 5696 "
1216 5663 1417 5719 Jerem.
1453 5680 1615 5727 xxxv,
1654 5662 1738 5717 19.

2067 4552 2189 4589 νετο
2221 4538 2278 4588 ἐν
2312 4534 2479 4605 αὐτῷ,
2508 4531 2694 4603 ἐπειδὴ
2738 4531 2801 4583 οὐ
2850 4528 3182 4600 προσεδέχθη
3225 4528 3388 4591 αὐτὸς
3415 4529 3527 4581 ὑπὸ
3558 4525 3651 4579 τοῦ

2067 4626 2200 4680 Θεοῦ
2230 4628 2288 4680 ἐν
2312 4624 2389 4696 τῷ
2423 4627 2497 4695 μὴ
2525 4622 2888 4693 προσενέγκαι
2913 4618 3105 4691 ὀρθῶς.
3134 4618 3243 4672 Καὶ
3268 4616 3329 4671 τὸ
3365 4617 3465 4687 μὲν
3494 4616 3654 4687 σῶμα

2067 4717 2375 4780 ἀπέκτεινε,
2405 4714 2638 4785 νομίζων
2665 4713 2852 4765 σϐέσαι
2902 4710 3002 4780 τὴν
3052 4708 3248 4779 μεταξὺ
3299 4707 3465 4761 αὑτοῦ
3502 4707 3654 4760 θείαν

2068 4808 2309 4879 ἀγάπην,
2338 4804 2569 4874 ἀγνοῶν,
2595 4804 2727 4872 ὅτιὴ
2754 4798 2899 4871 ψυχὴ
2916 4798 3080 4852 αὑτοῦ
3104 4798 3201 4869 βοᾷ
3227 4797 3363 4868 πρὸς
3386 4794 3478 4850 τὸν
3497 4794 3651 4851 Θεόν.

2069 4903 2181 4956 Καὶ
2207 4904 2236 4954 6
2264 4901 2362 4971 μὲν
2395 4897 2585 4969 Σωτὴρ
2616 4894 2771 4967 ήμῶν
2802 4893 2990 4965 μνείαν
3029 4890 3192 4945 αὐτοῦ
3221 4892 3456 4943 ποιεῖται
3485 4890 3546 4940 ἐν
3575 4884 3651 4958 τῷ

2069 4990 2385 5061 Εύαγγελίῳ
2403 5004 2416 5019 ⁸
2443 4991 2476 5060 ἡ
2500 4988 2556 5041 δέ
2577 4986 2670 5040 τοῦ
2691 4987 2828 5039 Κάῖν
2855 4983 3011 5055 μνεία
3029 4981 3378 5052 ἀπείληπται.
3402 4980 3661 5051 Σήμεοον.

2069 5086 2229 5139 πάλιν
2245 5084 2336 5137 τὸν
2356 5081 2592 5135 ἀναίτιον
2620 5078 2785 5131 ’Ἅϐελ
2804 5074 3210 5130 ἀποκτείνουσιν
3232 5090 3246 5103 ⁸
3277 5073 3412 5127 ἀλλά
3430 5074 3492 5127 τὺ
3514 5071 3650 5142 αἷμα

2069 5178 2207 5250 πρὸς
2231 5178 2321 5231 τὸν
2347 5174 2547 5245 Κύριον
2570 5171 2690 5242 βοᾷ·
2721 5170 2814 5223 καὶ
2837 5169 3147 5237 ἐλπίζομεν,
3171 5168 3252 5221 ὅτι
3273 5167 3333 5219 οὐ
3365 5182 3651 5238 παρασιω-

2072 5270 2376 5340 πηθήσεται
2406 5266 2494 5320 διά
2530 5265 2591 5318 τὸ
2619 5259 2757 5331 αἷμα
2800 5261 2911 5314 τῶν
2955 5260 3287 5331 τηλικούτων
3332 5259 3646 5331 μαρτύρωνι

2074 5362 2284 5431 ’Ὠσπερ
2316 5362 2344 5413 6
2364 5358 2482 5411 τότε
2509 5357 2721 5425 καιρὸς,
2751 5352 2891 5406 οὕτω
2916 5352 3008 5406 καὶ
3038 5351 3149 5404 νῦν.
