3794 6226
172 296 315 354 1301-

1417 287 1649 346 SERMO
1692 287 1781 344 DE
1821 284 2211 342 PATIENTIA.

3291 282 3431 339 1602

235 412 286 467 4.
325 408 672 482 Μνησθιῖψεν
718 409 774 464 δὲ
824 409 918 464 καὶ
957 410 1059 482 τῆς
1092 409 1370 483 ὑπομονῆς
1414 408 1509 462 τοῦ
1558 404 1742 478 Ἑνὼχ,

1923 407 1978 461 4.
2017 404 2385 462 Recordemur
2431 403 2559 460 item
2610 403 2885 476 patientia
2915 411 2972 460 et
3017 403 3432 474 perseverantia:

168 504 245 559 ὅτι
275 503 574 575 πεποίηκεν
602 501 698 574 ἐτη
722 503 1016 575 τριακόσια
1044 501 1308 575 ἑξήκοντα
1354 502 1515 557 πέντε
1552 501 1747 554 ἀνατε-

167 594 399 666 ταμένην
441 594 540 666 τήν
591 594 831 649 διάνοιαν
881 593 1021 665 ἔχων
1068 594 1206 667 πρὸς
1248 594 1340 648 τὸν
1366 592 1519 656 Θεὸν,
1549 592 1654 655 ἕως
1681 590 1748 658 ἂν

169 682 456 754 μετατεθῇ.
505 684 597 755 Μὴ
643 677 736 737 οὖν
771 684 1145 756 ὀλιγωρήσητε
1166 699 1180 713 ·
1208 682 1268 735 οὐ
1295 681 1404 752 γάρ
1431 681 1750 753 κεχρονίκα-

171 791 282 846 μεν.
313 775 426 828 Καὶ
454 774 579 828 Νῶε
627 775 684 828 δὲ
723 776 1052 830 πεντακόσια
1099 774 1193 845 ἔτη
1241 774 1507 845 πεποίηκε
1545 772 1750 837 δίκαιος

167 866 239 920 ὢν
262 866 464 931 τέλειος
493 868 551 921 ἐν
572 866 651 938 τῷ
674 867 850 940 καιρῷ
872 869 973 939 τῆς
1002 866 1387 938 παραϐάσεως,
1400 854 1519 938 ’πρὸ
1539 863 1633 919 τοῦ
1655 863 1750 918 λα-

169 955 272 1010 λεῖν
300 955 437 1027 πρὸς
466 957 626 1011 αὑτὸν
648 957 778 1012 Θεὸν
808 958 1217 1012 κατασκευάσαι
1244 956 1341 1029 τὴν
1365 956 1618 1023 κιϐωτὸν,
1654 957 1750 1011 καί

170 1049 295 1103 ἄλλα
346 1050 543 1104 ἐκατὸν
577 1050 671 1123 ἐτη
726 1051 894 1122 αὐτὴν
943 1049 1325 1122 ἐργαζόμενος,
1356 1047 1750 1121 χλευαζόμενος

170 1144 270 1198 ὑπὸ
293 1144 400 1199 τῶν
424 1143 847 1214 ἐναντιουμένων
865 1160 878 1172 ο
905 1143 998 1197 καὶ
1019 1144 1074 1196 οε.
1105 1142 1206 1211 μὲν
1242 1140 1623 1214 χλευάζοντες
1648 1141 1749 1194 ἀπ-

170 1236 360 1291 ώλοντο
385 1236 493 1290 ὑπὸ
526 1235 620 1290 τοῦ
652 1235 1064 1307 κατακλυσμοῦ,·
1090 1238 1118 1290 ό
1145 1233 1224 1302 δέ,
1254 1234 1348 1288 ἐπὶ
1377 1233 1470 1288 τὸν
1494 1233 1626 1289 Θεὸν
1653 1233 1750 1305 ήλ-

170 1325 358 1391 πικὼς,
392 1325 571 1399 ἐσώθη
605 1328 700 1381 σὺν
723 1329 836 1390 τοῖς
873 1327 1164 1391 οἰκιακοῖς,
1202 1325 1296 1379 καὶ
1316 1325 1597 1397 ,σωτήριον
1628 1324 1750 1393 ἐτέ-

171 1434 285 1473 νετο
306 1418 384 1492 τῷ
414 1419 628 1490 κόσμῳ.

235 1593 289 1652 5.
339 1594 595 1667 Ἀϐραὰμ
637 1595 696 1649 δέ
743 1586 905 1650 πάλιν
949 1594 1188 1667 ὑπήκοος
1218 1593 1426 1667 Κυρίου
1459 1594 1748 1666 γενόμενος

170 1684 419 1740 κατέλιπε
455 1685 526 1739 τά
551 1684 659 1739 ἴδια
687 1686 998 1757 οἰκητήρια,
1024 1676 1221 1748 ἐωςοῦ
1240 1684 1490 1758 ἀπολάϐῃ
1521 1685 1621 1748 τὰς
1653 1700 1750 1755 με-

1850 494 2080 561 Enocbi,
2105 495 2199 567 qui
2227 510 2399 551 annos
2430 504 2700 550 trecentos
2730 494 3017 566 sexaginta
3039 493 3280 564 quinque
3303 508 3432 563 pcr-

1849 588 1959 659 egit
1991 597 2228 643 mentem
2286 587 2495 642 habens
2527 601 2747 658 semper.
2767 585 2878 641 De’o
2905 586 3220 650 haerentem,
3259 585 3433 640 donec

1851 681 2151 737 translatus
2168 688 2270 735 est.
2293 677 2371 734 Ne
2398 679 2579 749 itaque
2598 678 2826 734 remisse
2849 693 2915 735 ac
2942 676 3276 749 negligenter
3300 692 3432 748 aga-

1852 773 1960 839 tis;
1995 787 2105 827 non
2155 771 2299 825 enim
2327 770 2591 825 diuturno
2617 769 2709 824 hic
2734 780 2984 839 tempore
3009 768 3280 838 degimus.
3317 766 3432 823 Noe

1850 868 2031 916 autem
2065 859 2393 930 quingentos
2424 870 2600 912 annos
2628 855 3098 926 transegitjustus
3121 862 3282 925 atque
3313 869 3434 924 per-

1850 951 2029 1009 fectus
2058 951 2114 1006 in
2140 958 2386 1022 tempore
2428 946 2913 1020 praevaricationis,
2943 946 3262 1017 priusquam
3295 944 3430 998 allov

1849 1054 2109 1117 queretur
2138 1058 2264 1099 eum
2290 1041 2434 1097 Deus
2454 1040 2775 1112 juberetque
2806 1039 2958 1093 illum
2989 1054 3172 1093 arcam
3204 1036 3436 1093 fabrica-

1850 1135 1937 1204 ri;
1972 1149 2138 1206 quam
2172 1149 2270 1204 per
2300 1132 2435 1187 alios
2478 1139 2744 1186 centenos
2781 1145 2958 1207 annos
2999 1129 3321 1195 construxit,
3352 1128 3429 1181 ri-

1850 1225 2105 1281 dentibus
2131 1221 2465 1278 adversariis
2496 1220 2632 1276 suis.
2661 1218 2864 1275 Verum
2895 1219 3148 1275 irrisores
3179 1219 3257 1274 illi
3292 1219 3430 1274 dilu-

1850 1317 1942 1373 vio
1981 1315 2262 1387 perierunt
2295 1331 2309 1368 :
2339 1312 2432 1367 ille
2456 1320 2646 1366 contra
2679 1309 2774 1382 qui
2815 1310 2869 1364 in
2900 1309 3012 1364 Deo
3049 1324 3199 1379 spem
3227 1309 3429 1366 habue-

1851 1418 1958 1478 rat,
1989 1409 2222 1466 salutem
2275 1422 2405 1462 cum
2465 1405 2676 1461 familia
2731 1419 2833 1460 sua
2876 1413 3203 1460 consecutus
3243 1414 3326 1460 est
3374 1413 3428 1460 et

1849 1501 2116 1557 mundum
2151 1498 2407 1554 servavit.

1939 1591 2160 1664 [0&0
2208 1591 2261 1645 5.
2301 1587 2575 1643 Abraham
2610 1602 2804 1644 rursus
2848 1585 3083 1643 Domino
3116 1586 3429 1655 obsecutus,

1849 1684 2099 1754 preprias
2130 1680 2371 1736 deseruit
2393 1679 2557 1743 aades,
2580 1678 2753 1734 donec
2782 1679 3057 1749 promissa
3078 1693 3272 1749 magna
3301 1694 3433 1734 con-

169 1776 331 1846 γάλας
361 1777 696 1846 ἐπαγγελίας
717 1794 730 1807 ·
786 1754 1182 1848 πειραζόμενος
1215 1775 1336 1848 γὰρ’
1363 1754 1491 1849 ἄχρι
1522 1775 1616 1830 τοῦ
1652 1754 1742 1831 ἀν-

1895 1781 2174 1843 :queretur
2205 1789 2219 1826 :
2257 1778 2503 1826 tentatus
2544 1770 2692 1824 enim
2726 1784 2793 1824 eo
2823 1785 2999 1841 usque
3047 1779 3108 1824 ut
3146 1770 3430 1854 iuberetur

172 1866 382 1935 ενέγκαι
415 1867 610 1921 θυσίαν
636 1868 726 1921 τὸν
766 1868 893 1922 ἴδιον
924 1867 1206 1939 ἀγαπητὸν
1236 1866 1349 1921 υἱὸν
1379 1867 1454 1939 τῷ
1475 1867 1613 1939 Θεῷ,
1654 1869 1742 1922 καὶ

1895 1866 2022 1920 lium
2047 1881 2208 1921 suum
2230 1864 2486 1920 dilectum
2518 1862 2714 1918 olferre
2738 1860 2849 1918 Deo
2877 1862 2933 1917 in
2965 1862 3316 1929 sacriﬁcium,
3344 1879 3431 1919 re-

170 1960 350 2034 εῐληφε
375 1962 692 2031 τηλικοῦτον
721 1961 1099 2034 χρηματισμόν
1127 1964 1156 2015 ὁ
1188 1961 1440 2033 Ἀϐραὰμ
1467 1963 1742 2016 καλεῖσθαι

1895 1973 2054 2023 σοηεο
2104 1958 2360 2030 dignatus
2404 1967 2507 2024 est,
2538 1973 2649 2028 quo
2693 1957 2995 2013 vocabatur
3050 1957 3261 2013 amicus
3308 1955 3427 2012 Dei.

174 2052 316 2122 φίλος
333 2053 611 2108 Θεοῢ.Τὸν
641 2052 698 2105 δέ
725 2052 910 2106 Ἰσαὰκ
938 2050 1321 2121 οἱ’Φιλιστιεῖμ
1339 2049 1742 2116 ἐπλεονέκτουν,

1895 2068 2003 2108 ιοοο
2034 2066 2255 2122 quoque
2280 2040 2545 2106 Philistaei
2587 2049 2822 2120 superbe
2863 2056 3185 2114 tractarunt,
3201 2046 3431 2118 ejusque

173 2144 260 2198 καὶ
285 2144 471 2198 τούτου
497 2143 564 2197 τὰ
584 2144 791 2216 φρέατα
822 2143 1168 2213 ἐνέφραττον,
1193 2142 1286 2196 καὶ
1313 2141 1580 2213 ἐμάχοντο
1601 2141 1742 2214 αὐτῷ

1895 2153 2043 2200 uteos
2075 2144 2489 2203 obturaverunt,
2518 2157 2582 2197 ac
2611 2157 2736 2197 cum
2769 2156 2836 2197 eo
2862 2140 2931 2196 de
2968 2155 3107 2211 aqua
3140 2148 3428 2196 concerta-

172 2239 294 2309 περὶ
331 2236 424 2290 τοῦ
472 2236 662 2300 ὕδατος
680 2253 693 2266 ο
726 2237 815 2289 ὅτε
847 2236 902 2288 δέ
931 2236 1156 2307 ἔσχατον
1178 2234 1498 2307 ἐμακρύνθη
1525 2236 1619 2289 ἀπ’
1648 2236 1742 2289 αύ-

1895 2245 1979 2292 mt
2007 2255 2021 2291 :
2051 2244 2107 2292 at
2132 2237 2283 2291 illum
2318 2235 2575 2306 denique,
2610 2242 2902 2305 postquam
2944 2233 3161 2302 longius
3209 2233 3432 2288 absces-

172 2328 290 2396 τῶν,
323 2329 622 2382 ἐπλάτυνεν
661 2328 809 2399 αὐτῷ
852 2330 880 2381 ὁ
924 2327 1076 2392 Θεὸς,
1121 2327 1214 2381 καὶ
1256 2327 1316 2381 τὸ
1360 2328 1534 2398 στόμα
1582 2327 1742 2382 αὑτοῦ

1895 2339 1995 2386 πει
2022 2328 2091 2385 ab
2119 2329 2221 2397 eis,
2253 2329 2498 2385 dilatavit
2522 2327 2687 2396 Deus,
2721 2343 2889 2398 osque
2916 2328 3064 2382 illius
3092 2327 3318 2398 replevit
3344 2329 3430 2384 be-

173 2422 454 2493 ἐνέπλησεν
477 2421 748 2491 εὐλογίας.
773 2421 876 2475 Καὶ
900 2422 1145 2493 σήμερον
1163 2421 1322 2474 πάλιν
1342 2421 1437 2474 τοῦ
1472 2421 1656 2475 Ἰσαὰκ
1679 2420 1742 2474 τά

1895 2421 2177 2478 edictione.
2209 2419 2381 2476 Hodie
2414 2435 2636 2492 quoque
2680 2428 2981 2490 supersunt
3010 2421 3103 2491 qui
3134 2419 3307 2476 Isaaci
3330 2436 3432 2492 pu-

174 2515 372 2586 φρέατα
400 2515 649 2569 θέλουσιν
676 2515 984 2587 ἐμφράξαι·
1014 2514 1152 2568 ἀλλά
1185 2513 1260 2586 μὴ
1287 2514 1485 2586 ἐάσητε
1502 2531 1516 2545 ο
1553 2514 1742 2568 λάϐετε

1900 2527 1963 2567 os
2010 2512 2267 2567 obturare
2310 2504 2518 2566 tentent
2544 2529 2558 2565 ε
2584 2526 2775 2566 verum
2804 2511 2858 2566 id
2881 2526 2950 2566 ne
2980 2512 3067 2582 agi
3097 2511 3310 2576 sinatis,
3344 2526 3433 2567 su-

175 2603 264 2657 σὺν
291 2605 417 2676 ὑμῖν
442 2606 574 2668 τοὺς
612 2605 809 2669 παῖδας
841 2603 936 2657 τοῦ
975 2603 1180 2669 Ἰσαάκ,
1212 2602 1581 2676 καὶόρύξατε,
1616 2604 1742 2657 αἴτι-

1895 2609 1980 2665 ιίῑθ
2004 2607 2282 2664 vobiscum
2307 2604 2480 2663 Isaaci
2508 2622 2727 2677 pueros,
2755 2615 2811 2662 et
2839 2617 3032 2677 puteos
3056 2605 3241 2671 fodite,
3273 2605 3326 2661 id
3348 2615 3436 2664 est

173 2694 256 2760 νές
296 2698 432 2750 εἰσιν
481 2684 799 2751 ’ἀποστόλων
833 2694 1073 2767 βοήθειαι
1109 2696 1206 2767 τῆς
1238 2695 1607 2759 διδασκαλίας,
1636 2692 1745 2748 τῶν

173 2785 328 2841 ιντων
362 2789 703 2859 ὑπερμάχιυν
748 2788 847 2859 τῆς
879 2786 1154 2857 ἀληθείας.
1207 2786 1327 2840 Τὸν
1352 2785 1545 2839 Ἰακὼϐ
1583 2784 1744 2838 πάλιν

176 2875 384 2932 ἐδίωκεν
412 2882 441 2932 ό
479 2878 607 2942 ἴδιος
655 2878 879 2947 ἀδελφὸς
919 2876 1113 2942 Ἠσαῦ,
1147 2877 1241 2930 καί
1275 2874 1619 2948 ἀνεχώρησεν
1664 2875 1745 2938 εἰς

172 2968 261 3039 τήν
288 2969 732 3041 Μεσοποταμίαν,
751 2971 846 3023 καὶ
868 2969 1150 3040 ἐποίμαινε
1176 2967 1245 3021 τά
1273 2965 1520 3038 πρόϐατα
1536 2965 1742 3030 Λαϐἀν,

172 3060 452 3132 ἀγρυπνῶν
481 3062 692 3134 ἡμέρας
713 3064 807 3116 καὶ
828 3062 1041 3134 νυκτὸς,
1058 3061 1133 3125 ὡς
1158 3059 1368 3132 μίσθιος
1389 3058 1737 3123 κακοπαθῶν,

174 3154 624 3229 ἐμακροθύμησεν
669 3157 726 3209 ἐν
761 3155 1072 3227 μόχθῳ.Ἐν
1098 3154 1159 3207 δέ
1185 3155 1251 3225 τῇ
1297 3153 1492 3206 ἐαυτοῦ
1536 3151 1745 3205 συνέσει

175 3241 326 3315 ἔθηκε
355 3246 454 3310 τάς
486 3244 732 3317 ῥάϐδους.
762 3247 819 3298 ἐν
862 3246 982 3309 ταῖς
1014 3245 1195 3315 ληνοῖς
1223 3242 1328 3298 τῶν
1365 3243 1746 3315 ποτιστηρίων,

176 3339 271 3391 καὶ
286 3336 461 3394 πάντα
484 3339 555 3393 τά
580 3337 913 3410 ποικιλοειδῆ
942 3339 1190 3411 πρόϐατα
1214 3339 1325 3410 ὑπή
1334 3338 1470 3410 ρχθη
1496 3339 1621 3395 ἴδια.
1640 3341 1750 3393 Kal

174 3427 334 3500 τούτῳ
357 3435 384 3485 ό
412 3432 550 3496 Θεὸς
575 3433 660 3485 ἐπ’
683 3432 926 3501 ἐσχάτων
959 3430 1256 3485 ἐπλάτυνεν
1276 3448 1289 3461 ο
1323 3430 1485 3495 αὐτὸς
1513 3430 1623 3503 γὰρ
1651 3433 1749 3503 μό-

175 3534 256 3581 νος
280 3517 549 3592 ἀπῴχετο.
582 3521 678 3573 σὺν
722 3519 899 3591 πολλῷ
940 3520 997 3575 δὲ
1044 3519 1237 3592 πλήθει
1286 3519 1563 3591 ἐλήλυθεν,
1599 3523 1749 3588 υἱοὺς

174 3608 427 3682 ἐκτήσατο
470 3612 568 3665 καὶ
618 3613 810 3683 κτήνη,
835 3612 896 3665 ού
928 3612 1085 3684 μόνον
1136 3612 1212 3678 δὲ,
1244 3611 1379 3666 ἀλλά
1424 3613 1517 3666 καὶ
1567 3613 1745 3687 πλήθη

174 3700 404 3771 ἀγγέλων
434 3705 889 3777 συνευφραίνοντο
915 3704 1081 3776 αὐτῷ.
1101 3705 1408 3759 Ἐλεύσεται
1433 3702 1527 3761 οὖν
1556 3708 1585 3760 ὁ
1610 3707 1748 3778 ἀλη-

175 3792 306 3859 θινὸς
349 3795 546 3850 Ἰακὼϐ
581 3796 719 3867 μετά
747 3798 843 3868 τῆς
872 3796 1123 3869 οὐρανίου
1165 3798 1459 3869 ἁγγελικῆς
1500 3799 1749 3871 παρατά-

175 3880 315 3951 ξεως,
348 3888 377 3939 ό
406 3886 611 3957 ποιμὴν
641 3885 749 3939 τῶν
783 3887 1085 3958 προϐάτων,
1121 3889 1214 3941 καὶ
1235 3888 1503 3942 ἀποδώσει
1532 3890 1747 3960 ἑκάστῳ

175 3975 305 4030 κατά
330 3978 425 4049 τὴν
451 3976 652 4049 πρᾶξιν
682 3978 871 4033 αὑτοῦ.
902 3978 1006 4032 Τὸν
1050 3980 1249 4053 Ἰωσὴφ
1282 3981 1338 4034 δέ
1366 3982 1415 4035 οἱ
1447 3981 1566 4034 ἴδιοι
1592 3981 1748 4037 ἁδελ-

175 4067 258 4137 φοὶ
299 4068 606 4142 ἐζήλωσαν·
638 4071 686 4122 σὶ
717 4070 823 4124 υἱοὶ
852 4069 943 4122 τοῦ
973 4070 1179 4143 πατρὸς
1213 4070 1378 4125 αὑτοῦ
1408 4071 1593 4125 τοῦτον
1625 4073 1746 4127 ἀντὶ

175 4156 422 4231 ἀργυρίου
451 4161 734 4224 ἀπέδοντο,
768 4161 861 4215 καὶ
916 4159 1013 4233 τὴν
1059 4160 1250 4215 τούτου
1299 4161 1465 4233 τιμὴν
1509 4161 1747 4233 διεμερί-

176 4255 554 4325 σαντο.’ορἄτε
579 4253 678 4326 τὴν
711 4253 976 4325 τοσαύτην
1007 4253 1221 4308 ἀδικίαν
1252 4253 1360 4307 τῶν
1388 4254 1597 4325 ἀνδρῶν
1620 4255 1746 4308 τού-

173 4358 289 4399 των.
320 4348 491 4411 Αὐτὸς
514 4347 570 4401 δὲ
599 4347 1056 4420 ἐμακροθύμησεν
1081 4349 1110 4401 ὁ
1141 4347 1349 4412 δίκαιος
1376 4349 1434 4401 ἐν
1462 4349 1596 4401 πᾶσι
1614 4347 1746 4402 ,τού-

1847 2701 2162 2772 apostolicaa
2192 2700 2458 2757 doctrina:
2489 2701 2725 2768 auxilia;
2757 2699 2990 2770 apostoli
3026 2714 3261 2770 namque
3302 2709 3433 2755 sunt

1845 2797 2276 2861 propugnatores
2303 2790 2438 2845 veri.
2474 2787 2739 2845 Iacobum
2779 2805 2973 2845 rursus
3011 2798 3331 2859 persecutus
3351 2801 3435 2847 est

1846 2879 1969 2949 ejus
2018 2879 2187 2936 frater
2219 2878 2388 2943 Esau,
2419 2895 2485 2935 ac
2527 2879 2756 2935 recessit
2793 2880 2842 2934 is
2877 2880 2931 2934 in
2961 2877 3430 2948 Mesopotamiam,

1847 2971 1941 3026 ubi
1992 2987 2185 3043 greges
2230 2969 2440 3027 Labani
2474 2971 2751 3042 pascebat,
2783 2969 2874 3025 die
2907 2977 3176 3040 nocteque
3205 2970 3435 3041 vigilans

1848 3073 1903 3121 et
1931 3065 2088 3134 quasi
2119 3066 2492 3120 mercenarius
2527 3065 2668 3119 mala
2696 3080 2912 3136 passus,
2945 3064 3002 3118 in
3033 3064 3218 3120 labore
3246 3065 3338 3119 diu
3361 3065 3437 3119 vi-

1851 3156 2133 3226 riliterque
2178 3156 2564 3226 perseveravit.
2598 3156 2899 3211 Prudenter
2931 3165 3112 3212 autem
3156 3170 3220 3211 ac
3247 3157 3434 3213 cousi-

1850 3247 2038 3302 derate
2073 3249 2255 3318 virgas
2286 3248 2465 3319 posuit
2522 3248 2576 3303 in
2629 3248 2915 3303 canalibus
2943 3249 3321 3319 aquariorum,
3359 3248 3433 3302 ita

1850 3347 1911 3392 ut
1937 3346 2212 3409 quotquot
2242 3338 2380 3392 varii
2404 3337 2607 3393 coloris
2631 3347 2790 3391 erant
2816 3352 2968 3403 oves,
2999 3352 3114 3391 suae
3143 3346 3340 3392 essent.
3366 3335 3435 3391 Et

1850 3433 1997 3487 hunc
2018 3446 2238 3502 quoque
2267 3429 2410 3485 Deus
2431 3430 2484 3484 in
2509 3428 2811 3482 novissimo
2835 3427 3081 3481 dilatavit
3113 3444 3127 3480 :
3155 3441 3282 3481 nam
3304 3442 3431 3481 cum

1850 3523 1999 3578 solus
2028 3522 2271 3584 abiisset,
2304 3535 2427 3575 cum
2456 3516 2804 3573 multitudine
2846 3530 3044 3586 magna
3077 3515 3258 3581 rediit,
3290 3515 3433 3569 ﬁlios

1848 3612 2456 3685 posseditetjugnenta,
2495 3625 2599 3664 nec
2634 3609 2700 3663 iis
2736 3607 2911 3662 solum
2948 3608 3154 3676 potitus
3196 3614 3301 3673 est,
3334 3605 3431 3661 sed

1847 3707 2010 3761 etiam
2038 3704 2356 3774 angelorum
2398 3712 2593 3757 turma
2620 3714 2745 3753 cum
2790 3699 2908 3769 ipso
2936 3697 3277 3752 familiariter
3302 3710 3435 3767 age-

1846 3798 2002 3855 bant.
2030 3796 2223 3853 Veniet
2248 3795 2414 3866 igitur
2445 3808 2607 3873 verus
2632 3790 2802 3846 Iacob
2825 3805 2947 3844 cum
2977 3784 3186 3845 ccclesti
3232 3787 3434 3858 angeli-

1849 3904 2023 3959 coque
2053 3886 2319 3951 exercitu,
2356 3881 2562 3941 scilicet
2598 3883 2688 3937 ille
2714 3882 2906 3936 Pastor
2925 3881 3135 3943 ovium,
3162 3888 3217 3934 et
3245 3879 3448 3934 reddeb-

1846 3981 2143 4052 unicuique
2172 3979 2467 4035 secundum
2502 3992 2665 4047 opera
2692 3975 2832 4045 ejus.
2851 3972 2908 4027 in
2930 3972 3224 4042 Josepbum
3248 3980 3430 4027 autem

1848 4072 1934 4127 vel
1963 4071 2066 4143 ipsi
2097 4070 2293 4126 fratres
2326 4069 2530 4124 invidia
2558 4066 2689 4121 moti
2714 4074 2870 4128 sunt,
2899 4065 2999 4135 ipsi
3029 4064 3125 4118 lilii
3153 4065 3324 4134 patris
3341 4065 3429 4120 sui

1846 4181 1947 4237 pro
1978 4163 2208 4234 pecunia
2240 4162 2585 4217 tradiderunt
2618 4175 2765 4225 eum,
2794 4167 2847 4212 et
2873 4157 3105 4227 pretium
3146 4157 3266 4227 ejus
3289 4156 3431 4211 inter

1848 4272 1907 4313 se
1934 4257 2256 4311 diviserunt.
2286 4252 2475 4307 Videte
2506 4261 2769 4321 quantum
2804 4248 2878 4302 illi
2912 4247 3126 4303 facinus
3150 4256 3431 4318 perpetra-

1847 4355 1995 4402 ruut.
2026 4344 2146 4416 Ipse
2188 4354 2368 4400 autem
2403 4344 2486 4398 vir
2509 4344 2692 4414 justus
2725 4342 2779 4396 in
2807 4341 2959 4396 hisce
2985 4339 3242 4409 omnibus
3268 4340 3428 4397 forti-

173 4452 304 4500 τοις·
334 4439 393 4492 ού
419 4438 530 4510 γὰρ
558 4438 718 4511 μόνον
747 4441 795 4493 οἱ
833 4438 1072 4507 ἀδελφοὶ,
1101 4437 1236 4493 ἀλλά
1254 4439 1348 4493 καὶ
1371 4440 1407 4510 ή’
1424 4438 1559 4510 γυνὴ
1585 4438 1737 4508 ἐφθό-

1895 4457 1922 4495 r
1947 4439 2322 4510 patienterque
2358 4451 2417 4491 se
2450 4437 2658 4506 gessit:
2694 4450 2803 4489 non
2838 4435 2981 4489 enim
3018 4433 3249 4489 fratrum
3288 4434 3429 4489 duu-

172 4543 320 4598 νησεν
337 4531 507 4602 αὐτῷ.
537 4530 647 4585 Καὶ
664 4530 847 4584 τοῦτον
880 4529 1383 4602 μακροθυμήσαντα
1402 4532 1430 4583 ὁ
1458 4530 1590 4594 Θεὸς
1613 4548 1743 4585 κατ-

172 4615 352 4691 έστησε
376 4624 474 4695 τῆς
509 4623 613 4693 γῆς
640 4622 914 4691 Αἰγύπτου
959 4621 1202 4692 βασιλέα.
1237 4623 1310 4675 Οὐ
1342 4622 1502 4693 μόνον
1533 4621 1634 4693 τῆς
1662 4624 1743 4675 αἰ-

175 4708 363 4783 σθητῆς
395 4712 673 4784 βασιλείας
697 4712 1052 4784 κληρονόμος,
1088 4712 1224 4766 ἀλλά
1259 4712 1353 4767 καὶ
1380 4712 1481 4783 τῆς
1510 4714 1739 4785 ἐπουρα-

173 4800 276 4852 νίου
299 4804 531 4872 ἐγένετο.
556 4806 667 4858 Καὶ
700 4804 942 4876 σήμερόν
975 4805 1111 4859 εἰσιν
1138 4806 1187 4857 ol
1207 4804 1333 4867 τοὺς
1359 4802 1565 4857 ἑαυτῶν
1596 4802 1743 4856 ἀδελ-

172 4891 294 4956 φοὺς
317 4896 718 4966 πιπράσκοντες
753 4895 850 4950 κα)⁵
876 4894 1314 4968 διαμεριζόμενοι
1354 4894 1415 4948 τὸ
1457 4893 1737 4967 ἀργύριον.

170 4983 496 5059 Μνησθῶμεν
548 4991 645 5042 καὶ
696 4988 795 5059 τῆς
838 4987 1116 5058 ὑπομονῆς
1145 4985 1239 5039 τοῦ
1276 4985 1416 5051 Ἰὼϐ,
1459 4984 1552 5039 τοῦ
1603 4986 1739 5057 μήτε

170 5072 503 5145 εύθηνοῦντες
554 5077 955 5141 ἐκκλίναντος,
992 5078 1133 5149 μήτε
1192 5077 1297 5149 μὴν
1346 5073 1740 5149 πειραζόμενος

169 5166 391 5220 τοσαῦτα
419 5171 476 5222 ἐν
504 5170 720 5240 ἑκάστῳ
763 5169 1069 5241 πράγματι,
1099 5167 1234 5222 ἀλλά
1283 5169 1741 5240 μακροθυμήσαν-

170 5267 253 5316 τος
281 5261 577 5331 καρτερῶς.
601 5260 706 5325 ἓως
735 5260 800 5313 ἂν
827 5259 1079 5333 ἀπολάϐῃ
1104 5259 1265 5313 διπλᾶ
1289 5259 1439 5333 παρά
1460 5260 1613 5313 Θεοῦ.
1630 5261 1740 5313 Καὶ

173 5343 506 5422 ἐμαρτυρήθη
540 5348 841 5422 μέχριηνῦν,
869 5351 950 5403 ὅτι
980 5350 1245 5404 πέπονθεν
1278 5347 1450 5416 οὗτος,
1481 5352 1566 5404 ἵνα
1596 5353 1735 5422 φανῇ

173 5437 276 5499 τοῖς
318 5443 447 5495 πᾶσι
473 5443 705 5506 δίκαιος.
720 5444 777 5497 '0
814 5443 871 5497 δὲ
900 5444 1140 5513 Μωῦσῆς
1169 5444 1268 5496 οὐκ
1298 5442 1608 5514 ἐπεθύμησε
1640 5441 1735 5496 τοῦ

171 5525 324 5582 τόπου
349 5531 436 5587 τὸν
465 5534 693 5588 πλοῦτον
725 5535 1219 5607 περιποιήσασθαι·
1251 5535 1364 5590 ἀλλ’
1389 5534 1554 5605 ἔφυγε
1602 5534 1739 5606 πάρ-

174 5632 306 5685 οικος
329 5625 611 5697 γενόμενος
635 5629 692 5680 ἐν
715 5627 979 5699 ἀλλοτρίᾳ
998 5631 1091 5699 γῇ,
1119 5628 1151 5698 ἢ
1183 5627 1250 5681 τὰ
1287 5627 1557 5681 ἐνεστῶτα
1605 5644 1738 5680 κατ-

172 5712 392 5786 έλειπεν,
422 5724 507 5777 ἵνα
536 5724 814 5796 μεταλάϐῃ
837 5725 945 5777 τῶν
975 5723 1227 5777 αἰωνίων.
1257 5724 1317 5776 Οἱ
1347 5723 1403 5776 δέ
1433 5721 1613 5777 τοίνυν
1638 5724 1735 5776 ἐπι

178 5805 410 5867 ελάθοντο
436 5814 808 5889 [ἐπελάχοντο]
840 5817 968 5881 ἴσως
990 5818 1093 5887 τῆς,
1120 5814 1412 5886 βασιλείας.

1852 4541 2000 4587 taxat
2026 4529 2310 4595 invidiam,
2340 4528 2433 4584 sed
2461 4526 2625 4583 etiam
2657 4526 3008 4596 impotentem
3034 4524 3281 4581 mulieris
3302 4529 3425 4581 ani-

1851 4638 2002 4678 mum
2035 4621 2174 4676 tulit.
2211 4618 2368 4674 Hunc
2401 4632 2534 4673 vero
2563 4616 2706 4673 Deus
2739 4616 3000 4672 diuturno
3025 4625 3267 4687 tempore
3295 4617 3425 4672 viri-

1850 4714 1974 4769 liter
2015 4721 2284 4783 agentem,
2317 4709 2599 4767 constituit
2625 4707 2850 4780 Egypti
2889 4722 3091 4778 regem.
3116 4705 3227 4763 Nec
3252 4708 3428 4763 solum

1847 4805 1969 4875 ejus
2001 4803 2148 4875 quod
2181 4802 2284 4858 sub
2327 4817 2550 4857 sensum
2578 4799 2827 4867 cadebat,
2858 4798 2952 4854 sed
2990 4799 3155 4853 etiam
3194 4799 3431 4855 ccelestis

1849 4896 1999 4967 regni
2026 4897 2201 4951 haeres
2231 4892 2410 4949 factus
2429 4902 2543 4949 est.
2576 4890 2721 4947 Sane
2743 4891 2906 4946 hodie
2942 4905 3163 4961 quoque
3187 4891 3322 4948 tales
3345 4909 3430 4949 re—

1849 4990 2156 5059 periuntur,
2184 4987 2280 5058 qui
2320 4984 2680 5062 fratres.suos
2708 4984 2962 5051 vendant,
2993 4993 3048 5039 et
3076 4983 3318 5039 dividant
3347 4986 3431 5039 in-

1849 5088 1930 5134 ter
1955 5094 2014 5135 se
2049 5079 2365 5150 pecuniam.
2398 5074 2769 5133 Recordemur
2796 5074 2961 5130 etiam
2991 5074 3266 5144 patientiae
3283 5072 3428 5140 Jobi,

1845 5170 1941 5240 qui
1968 5184 2143 5239 neque
2169 5184 2293 5224 cum
2324 5182 2584 5239 prospere
2611 5174 2816 5238 ageret,
2846 5180 3025 5236 neque
3051 5179 3176 5220 cum
3213 5157 3430 5221 tot'ten-

1844 5262 2145 5320 tationibus
2167 5262 2540 5332 impeteretur,
2558 5259 2720 5328 idque
2748 5258 2979 5329 singulis
2999 5258 3055 5313 in
3081 5259 3241 5314 rebus
3266 5266 3461 5328 atque.

1844 5354 2305 5427 possessionibus,
2332 5353 2402 5409 ab
2431 5352 2687 5423 aequitate
2712 5352 3044 5417 declinavit;
3080 5351 3176 5407 sed
3217 5350 3430 5407 fertiter
3460 5412 3461 5417 η

1844 5449 2049 5518 diuque
2080 5446 2356 5510 toleravit,
2387 5444 2819 5515 doneeduplicia
2844 5446 3113 5515 acciperet
3136 5460 3166 5499 a
3200 5443 3332 5501 Deo.
3352 5444 3429 5500 De

1844 5538 2071 5609 ipsoque
2099 5536 2469 5592 testimonium
2498 5538 2702 5591 datum
2733 5545 2815 5591 est
2852 5549 3025 5604 usque
3070 5534 3141 5589 ad
3186 5549 3428 5604 praesens

1842 5640 2076 5701 tempus,
2108 5628 2256 5701 quod
2303 5639 2451 5684 tanta
2504 5630 2743 5698 taliaque
2791 5642 2987 5698 passus
3037 5626 3129 5691 sit,
3160 5634 3222 5682 ut
3248 5628 3425 5697 palam

1842 5729 1988 5777 esset
2015 5721 2292 5785 omnibus,
2316 5736 2438 5775 eum
2468 5721 2644 5776 virum
2676 5735 2798 5776 esse
2826 5719 3059 5788 justum.
3086 5718 3300 5792 Moyses
3325 5738 3429 5776 au.

1842 5820 1950 5867 tem
1993 5826 2102 5869 non
2147 5810 2462 5882 concupivit
2488 5811 2592 5867 loci
2621 5811 2767 5866 illius
2796 5810 3015 5867 divitias
3048 5808 3296 5879 adipisci,
3334 5812 3431 5867 sed
