  <div class='ocr_page' id='page_1' title='image "/cluster/home/n/w/nwhite01/storage/ocr_20150623/26/nnc1.0046978577/667.png"; bbox 0 0 3794 6226; ppageno 0'>
   <div class='ocr_carea' id='block_1_1' title="bbox 376 289 514 345">
    <p class='ocr_par' dir='ltr' id='par_1_1' title="bbox 376 289 514 345">
     <span class='ocr_line' id='line_1_1' title="bbox 376 289 514 345; baseline 0.014 -2"><span class='ocrx_word' id='word_1_1' title='bbox 376 289 514 345; x_wconf 77' lang='grc'><strong>1505</strong></span> 
     </span>
    </p>
   </div>
   <div class='ocr_carea' id='block_1_2' title="bbox 976 291 3026 361">
    <p class='ocr_par' dir='ltr' id='par_1_2' title="bbox 976 291 3026 361">
     <span class='ocr_line' id='line_1_2' title="bbox 976 291 3026 361; baseline 0.006 -13"><span class='ocrx_word' id='word_1_2' title='bbox 976 291 1039 348; x_wconf 80' lang='lat' dir='ltr'><strong>S.</strong></span> <span class='ocrx_word' id='word_1_3' title='bbox 1075 293 1444 350; x_wconf 76' lang='lat' dir='ltr'><strong>ATHANASII</strong></span> <span class='ocrx_word' id='word_1_4' title='bbox 1485 296 1632 353; x_wconf 83' lang='lat' dir='ltr'><strong>OPP.</strong></span> <span class='ocrx_word' id='word_1_5' title='bbox 1675 297 1854 354; x_wconf 78' lang='lat' dir='ltr'><strong>PARS</strong></span> <span class='ocrx_word' id='word_1_6' title='bbox 1891 300 1932 353; x_wconf 90' lang='grc' dir='ltr'>Ι.</span> <span class='ocrx_word' id='word_1_7' title='bbox 1972 330 2042 340; x_wconf 88' lang='lat'><strong>-—-</strong></span> <span class='ocrx_word' id='word_1_8' title='bbox 2081 299 2456 359; x_wconf 80' lang='lat' dir='ltr'><strong>HISTORICA</strong></span> <span class='ocrx_word' id='word_1_9' title='bbox 2490 303 2578 357; x_wconf 86' lang='lat' dir='ltr'><strong>ET</strong></span> <span class='ocrx_word' id='word_1_10' title='bbox 2612 304 3026 361; x_wconf 80' lang='lat' dir='ltr'><strong>DOGMATICA.</strong></span> 
     </span>
    </p>
   </div>
   <div class='ocr_carea' id='block_1_3' title="bbox 3495 311 3653 367">
    <p class='ocr_par' dir='ltr' id='par_1_3' title="bbox 3495 311 3653 367">
     <span class='ocr_line' id='line_1_3' title="bbox 3495 311 3653 367; baseline -0.019 0"><span class='ocrx_word' id='word_1_11' title='bbox 3495 311 3653 367; x_wconf 57' lang='grc'><strong>4504</strong></span> 
     </span>
    </p>
   </div>
   <div class='ocr_carea' id='block_1_4' title="bbox 375 404 3650 498">
    <p class='ocr_par' dir='ltr' id='par_1_4' title="bbox 375 404 3650 498">
     <span class='ocr_line' id='line_1_4' title="bbox 375 404 3650 498; baseline 0.007 -40"><span class='ocrx_word' id='word_1_12' title='bbox 375 404 583 475; x_wconf 80' lang='lat' dir='ltr'><strong>aufugit</strong></span> <span class='ocrx_word' id='word_1_13' title='bbox 605 407 919 476; x_wconf 90' lang='lat' dir='ltr'><strong>advenaque</strong></span> <span class='ocrx_word' id='word_1_14' title='bbox 951 406 1052 464; x_wconf 81' lang='lat' dir='ltr'><strong>fuit</strong></span> <span class='ocrx_word' id='word_1_15' title='bbox 1080 411 1134 464; x_wconf 90' lang='lat' dir='ltr'><strong>in</strong></span> <span class='ocrx_word' id='word_1_16' title='bbox 1170 411 1346 466; x_wconf 89' lang='lat' dir='ltr'><strong>aliena</strong></span> <span class='ocrx_word' id='word_1_17' title='bbox 1379 421 1544 479; x_wconf 87' lang='lat' dir='ltr'><strong>terra,</strong></span> <span class='ocrx_word' id='word_1_18' title='bbox 1575 430 1640 469; x_wconf 90' lang='lat' dir='ltr'><strong>ac</strong></span> <span class='ocrx_word' id='word_1_19' title='bbox 1662 430 1783 484; x_wconf 74' lang='lat' dir='ltr'><strong>quae</strong></span> <span class='ocrx_word' id='word_1_20' title='bbox 1806 415 2096 486; x_wconf 56' lang='lat' dir='ltr'><strong>praesentia</strong></span> <span class='ocrx_word' id='word_1_21' title='bbox 2139 429 2295 473; x_wconf 81' lang='lat' dir='ltr'><strong>erant</strong></span> <span class='ocrx_word' id='word_1_22' title='bbox 2338 419 2645 489; x_wconf 75' lang='lat' dir='ltr'><strong>dereliquit,</strong></span> <span class='ocrx_word' id='word_1_23' title='bbox 2696 429 2756 474; x_wconf 94' lang='lat' dir='ltr'><strong>ut</strong></span> <span class='ocrx_word' id='word_1_24' title='bbox 2803 429 3003 477; x_wconf 71' lang='lat' dir='ltr'><strong>aeterna</strong></span> <span class='ocrx_word' id='word_1_25' title='bbox 3066 423 3490 479; x_wconf 76' lang='lat' dir='ltr'><strong>nancisceretur.</strong></span> <span class='ocrx_word' id='word_1_26' title='bbox 3533 425 3650 498; x_wconf 84' lang='lat' dir='ltr'><strong>Ipsi</strong></span> 
     </span>
    </p>
   </div>
   <div class='ocr_carea' id='block_1_5' title="bbox 376 503 1543 575">
    <p class='ocr_par' dir='ltr' id='par_1_5' title="bbox 376 503 1543 575">
     <span class='ocr_line' id='line_1_5' title="bbox 376 503 1543 575; baseline 0.005 -18"><span class='ocrx_word' id='word_1_27' title='bbox 376 507 561 571; x_wconf 78' lang='lat' dir='ltr'><strong>itaque</strong></span> <span class='ocrx_word' id='word_1_28' title='bbox 587 503 704 572; x_wconf 87' lang='lat' dir='ltr'><strong>pari</strong></span> <span class='ocrx_word' id='word_1_29' title='bbox 742 504 889 574; x_wconf 83' lang='lat' dir='ltr'><strong>regni</strong></span> <span class='ocrx_word' id='word_1_30' title='bbox 914 506 1142 575; x_wconf 61' lang='lat' dir='ltr'><strong>praemio</strong></span> <span class='ocrx_word' id='word_1_31' title='bbox 1170 506 1357 562; x_wconf 90' lang='lat' dir='ltr'><strong>donati</strong></span> <span class='ocrx_word' id='word_1_32' title='bbox 1396 517 1543 563; x_wconf 92' lang='lat' dir='ltr'><strong>sunt.</strong></span> 
     </span>
    </p>
   </div>
   <div class='ocr_carea' id='block_1_6' title="bbox 369 594 1867 675">
    <p class='ocr_par' dir='ltr' id='par_1_6' title="bbox 369 594 1867 669">
     <span class='ocr_line' id='line_1_6' title="bbox 369 594 1867 669; baseline 0.007 -21"><span class='ocrx_word' id='word_1_33' title='bbox 369 623 371 626; x_wconf 47' lang='grc' dir='ltr'><strong>έ</strong></span> <span class='ocrx_word' id='word_1_34' title='bbox 448 596 501 649; x_wconf 89' lang='grc'><strong>6.</strong></span> <span class='ocrx_word' id='word_1_35' title='bbox 543 594 780 666; x_wconf 89' lang='lat' dir='ltr'><strong>Tempus</strong></span> <span class='ocrx_word' id='word_1_36' title='bbox 820 611 917 650; x_wconf 94' lang='lat' dir='ltr'><strong>nos</strong></span> <span class='ocrx_word' id='word_1_37' title='bbox 964 596 1218 653; x_wconf 89' lang='lat' dir='ltr'><strong>deﬁceret</strong></span> <span class='ocrx_word' id='word_1_38' title='bbox 1263 600 1307 654; x_wconf 89' lang='lat' dir='ltr'><strong>si</strong></span> <span class='ocrx_word' id='word_1_39' title='bbox 1353 600 1420 655; x_wconf 91' lang='lat' dir='ltr'><strong>de</strong></span> <span class='ocrx_word' id='word_1_40' title='bbox 1471 602 1700 669; x_wconf 78' lang='lat' dir='ltr'><strong>singulis</strong></span> <span class='ocrx_word' id='word_1_41' title='bbox 1744 620 1867 659; x_wconf 82' lang='lat' dir='ltr'><strong>sane</strong></span> 
     </span>
    </p>
   </div>
   <div class='ocr_carea' id='block_1_7' title="bbox 2154 594 3652 675">
    <p class='ocr_par' dir='ltr' id='par_1_7' title="bbox 2154 600 3652 675">
     <span class='ocr_line' id='line_1_7' title="bbox 2154 600 3652 675; baseline -0.001 -17"><span class='ocrx_word' id='word_1_42' title='bbox 2154 631 2176 658; x_wconf 75' lang='grc' dir='ltr'><strong>ι.</strong></span> <span class='ocrx_word' id='word_1_43' title='bbox 2231 600 2500 671; x_wconf 72' lang='grc' dir='ltr'>Ἑκλείψει</span> <span class='ocrx_word' id='word_1_44' title='bbox 2554 604 2583 655; x_wconf 83' lang='grc' dir='ltr'><strong>ό</strong></span> <span class='ocrx_word' id='word_1_45' title='bbox 2651 602 2843 673; x_wconf 79' lang='grc' dir='ltr'>καιρὸς</span> <span class='ocrx_word' id='word_1_46' title='bbox 2883 601 3250 673; x_wconf 84' lang='grc' dir='ltr'><strong>διηγουμένων</strong></span> <span class='ocrx_word' id='word_1_47' title='bbox 3507 605 3652 675; x_wconf 77' lang='grc' dir='ltr'>περὶ</span> 
     </span>
    </p>
   </div>
   <div class='ocr_carea' id='block_1_8' title="bbox 377 685 1953 763">
    <p class='ocr_par' dir='ltr' id='par_1_8' title="bbox 377 685 1953 763">
     <span class='ocr_line' id='line_1_8' title="bbox 377 685 1953 763; baseline 0.006 -23"><span class='ocrx_word' id='word_1_48' title='bbox 377 687 709 741; x_wconf 77' lang='lat' dir='ltr'><strong>mentionem</strong></span> <span class='ocrx_word' id='word_1_49' title='bbox 735 685 911 741; x_wconf 79' lang='lat' dir='ltr'><strong>facere</strong></span> <span class='ocrx_word' id='word_1_50' title='bbox 934 689 1375 758; x_wconf 86' lang='lat' dir='ltr'><strong>aggrederemur.</strong></span> <span class='ocrx_word' id='word_1_51' title='bbox 1395 690 1499 746; x_wconf 91' lang='lat' dir='ltr'><strong>Sed</strong></span> <span class='ocrx_word' id='word_1_52' title='bbox 1533 701 1590 746; x_wconf 91' lang='lat' dir='ltr'><strong>ut</strong></span> <span class='ocrx_word' id='word_1_53' title='bbox 1616 693 1804 763; x_wconf 87' lang='lat' dir='ltr'><strong>paucis</strong></span> <span class='ocrx_word' id='word_1_54' title='bbox 1827 709 1953 748; x_wconf 86' lang='lat' dir='ltr'><strong>con-</strong></span> 
     </span>
    </p>
   </div>
   <div class='ocr_carea' id='block_1_9' title="bbox 375 775 1950 850">
    <p class='ocr_par' dir='ltr' id='par_1_9' title="bbox 375 775 1950 850">
     <span class='ocr_line' id='line_1_9' title="bbox 375 775 1950 850; baseline 0.006 -21"><span class='ocrx_word' id='word_1_55' title='bbox 375 775 680 843; x_wconf 89' lang='lat' dir='ltr'><strong>cludamus,</strong></span> <span class='ocrx_word' id='word_1_56' title='bbox 713 776 958 832; x_wconf 89' lang='lat' dir='ltr'><strong>dicamus</strong></span> <span class='ocrx_word' id='word_1_57' title='bbox 980 776 1153 834; x_wconf 88' lang='lat' dir='ltr'><strong>Eliam</strong></span> <span class='ocrx_word' id='word_1_58' title='bbox 1176 781 1244 834; x_wconf 90' lang='lat' dir='ltr'><strong>ab</strong></span> <span class='ocrx_word' id='word_1_59' title='bbox 1263 780 1510 837; x_wconf 89' lang='lat' dir='ltr'><strong>Jezabele</strong></span> <span class='ocrx_word' id='word_1_60' title='bbox 1525 794 1798 850; x_wconf 80' lang='lat' dir='ltr'><strong>vexatum,</strong></span> <span class='ocrx_word' id='word_1_61' title='bbox 1827 799 1950 838; x_wconf 91' lang='lat' dir='ltr'><strong>cum</strong></span> 
     </span>
    </p>
   </div>
   <div class='ocr_carea' id='block_1_10' title="bbox 374 868 1952 944">
    <p class='ocr_par' dir='ltr' id='par_1_10' title="bbox 374 868 1952 944">
     <span class='ocr_line' id='line_1_10' title="bbox 374 868 1952 944; baseline 0.006 -24"><span class='ocrx_word' id='word_1_62' title='bbox 374 868 428 920; x_wconf 90' lang='lat' dir='ltr'><strong>in</strong></span> <span class='ocrx_word' id='word_1_63' title='bbox 463 868 723 923; x_wconf 72' lang='lat' dir='ltr'><strong>mrumnis</strong></span> <span class='ocrx_word' id='word_1_64' title='bbox 749 880 1168 940; x_wconf 85' lang='lat' dir='ltr'><strong>perseverasset,</strong></span> <span class='ocrx_word' id='word_1_65' title='bbox 1204 884 1548 944; x_wconf 88' lang='lat' dir='ltr'><strong>assumptum</strong></span> <span class='ocrx_word' id='word_1_66' title='bbox 1600 871 1809 931; x_wconf 67' lang='lat' dir='ltr'><strong>fuisse.</strong></span> <span class='ocrx_word' id='word_1_67' title='bbox 1839 875 1952 930; x_wconf 89' lang='lat' dir='ltr'><strong>Eli-</strong></span> 
     </span>
    </p>
   </div>
   <div class='ocr_carea' id='block_1_11' title="bbox 373 964 1953 1034">
    <p class='ocr_par' dir='ltr' id='par_1_11' title="bbox 373 964 1953 1034">
     <span class='ocr_line' id='line_1_11' title="bbox 373 964 1953 1034; baseline 0.009 -25"><span class='ocrx_word' id='word_1_68' title='bbox 373 971 516 1013; x_wconf 81' lang='lat' dir='ltr'><strong>saeus</strong></span> <span class='ocrx_word' id='word_1_69' title='bbox 560 971 740 1012; x_wconf 89' lang='lat' dir='ltr'><strong>autem</strong></span> <span class='ocrx_word' id='word_1_70' title='bbox 791 975 914 1016; x_wconf 90' lang='lat' dir='ltr'><strong>cum</strong></span> <span class='ocrx_word' id='word_1_71' title='bbox 964 964 1128 1018; x_wconf 84' lang='lat' dir='ltr'><strong>sociis</strong></span> <span class='ocrx_word' id='word_1_72' title='bbox 1167 965 1409 1021; x_wconf 86' lang='lat' dir='ltr'><strong>oleribus</strong></span> <span class='ocrx_word' id='word_1_73' title='bbox 1452 968 1804 1034; x_wconf 76' lang='lat' dir='ltr'><strong>vescebatur,</strong></span> <span class='ocrx_word' id='word_1_74' title='bbox 1857 968 1953 1024; x_wconf 86' lang='lat' dir='ltr'><strong>sed</strong></span> 
     </span>
    </p>
   </div>
   <div class='ocr_carea' id='block_1_12' title="bbox 373 1042 1951 1128">
    <p class='ocr_par' dir='ltr' id='par_1_12' title="bbox 373 1042 1951 1128">
     <span class='ocr_line' id='line_1_12' title="bbox 373 1042 1951 1128; baseline 0.011 -31"><span class='ocrx_word' id='word_1_75' title='bbox 373 1042 612 1100; x_wconf 78' lang='lat' dir='ltr'><strong>Verbum</strong></span> <span class='ocrx_word' id='word_1_76' title='bbox 655 1049 844 1106; x_wconf 86' lang='lat' dir='ltr'><strong>vivens</strong></span> <span class='ocrx_word' id='word_1_77' title='bbox 896 1052 950 1105; x_wconf 94' lang='lat' dir='ltr'><strong>in</strong></span> <span class='ocrx_word' id='word_1_78' title='bbox 1008 1069 1065 1107; x_wconf 90' lang='lat' dir='ltr'><strong>se</strong></span> <span class='ocrx_word' id='word_1_79' title='bbox 1119 1053 1307 1109; x_wconf 83' lang='lat' dir='ltr'><strong>habuit</strong></span> <span class='ocrx_word' id='word_1_80' title='bbox 1353 1075 1368 1109; x_wconf 83' lang='lat'><strong>:</strong></span> <span class='ocrx_word' id='word_1_81' title='bbox 1422 1057 1703 1128; x_wconf 84' lang='lat' dir='ltr'><strong>ipsiusque</strong></span> <span class='ocrx_word' id='word_1_82' title='bbox 1751 1060 1951 1115; x_wconf 88' lang='lat' dir='ltr'><strong>mortui</strong></span> 
     </span>
    </p>
   </div>
   <div class='ocr_carea' id='block_1_13' title="bbox 358 1127 1953 1207">
    <p class='ocr_par' dir='ltr' id='par_1_13' title="bbox 358 1127 1953 1207">
     <span class='ocr_line' id='line_1_13' title="bbox 358 1127 1953 1207; baseline 0.01 -18"><span class='ocrx_word' id='word_1_83' title='bbox 358 1127 497 1190; x_wconf 37' lang='lat' dir='ltr'><strong>&#39;ossa</strong></span> <span class='ocrx_word' id='word_1_84' title='bbox 534 1149 810 1194; x_wconf 89' lang='lat' dir='ltr'><strong>mortuum</strong></span> <span class='ocrx_word' id='word_1_85' title='bbox 847 1143 1294 1200; x_wconf 85' lang='lat' dir='ltr'><strong>suscitaverunt:</strong></span> <span class='ocrx_word' id='word_1_86' title='bbox 1333 1147 1461 1202; x_wconf 90' lang='lat' dir='ltr'><strong>hinc</strong></span> <span class='ocrx_word' id='word_1_87' title='bbox 1486 1149 1748 1204; x_wconf 90' lang='lat' dir='ltr'><strong>indicium</strong></span> <span class='ocrx_word' id='word_1_88' title='bbox 1791 1153 1953 1207; x_wconf 90' lang='lat' dir='ltr'><strong>datur</strong></span> 
     </span>
    </p>
   </div>
   <div class='ocr_carea' id='block_1_14' title="bbox 371 1232 1953 1306">
    <p class='ocr_par' dir='ltr' id='par_1_14' title="bbox 371 1232 1953 1306">
     <span class='ocr_line' id='line_1_14' title="bbox 371 1232 1953 1306; baseline 0.009 -23"><span class='ocrx_word' id='word_1_89' title='bbox 371 1245 521 1298; x_wconf 86' lang='lat' dir='ltr'><strong>spem</strong></span> <span class='ocrx_word' id='word_1_90' title='bbox 571 1232 708 1300; x_wconf 85' lang='lat' dir='ltr'><strong>justi</strong></span> <span class='ocrx_word' id='word_1_91' title='bbox 750 1250 1029 1304; x_wconf 88' lang='lat' dir='ltr'><strong>nunquam</strong></span> <span class='ocrx_word' id='word_1_92' title='bbox 1083 1238 1281 1306; x_wconf 85' lang='lat' dir='ltr'><strong>perire.</strong></span> <span class='ocrx_word' id='word_1_93' title='bbox 1315 1237 1602 1305; x_wconf 88' lang='lat' dir='ltr'><strong>Jeremias,</strong></span> <span class='ocrx_word' id='word_1_94' title='bbox 1647 1257 1711 1297; x_wconf 81' lang='lat' dir='ltr'><strong>ex</strong></span> <span class='ocrx_word' id='word_1_95' title='bbox 1753 1243 1953 1298; x_wconf 87' lang='lat' dir='ltr'><strong>invidia</strong></span> 
     </span>
    </p>
   </div>
   <div class='ocr_carea' id='block_1_15' title="bbox 369 1319 1954 1394">
    <p class='ocr_par' dir='ltr' id='par_1_15' title="bbox 369 1319 1954 1394">
     <span class='ocr_line' id='line_1_15' title="bbox 369 1319 1954 1394; baseline 0.01 -21"><span class='ocrx_word' id='word_1_96' title='bbox 369 1321 993 1394; x_wconf 88' lang='lat' dir='ltr'><strong>pseudoprophetarum,</strong></span> <span class='ocrx_word' id='word_1_97' title='bbox 1021 1327 1077 1380; x_wconf 87' lang='lat' dir='ltr'><strong>in</strong></span> <span class='ocrx_word' id='word_1_98' title='bbox 1112 1328 1294 1383; x_wconf 90' lang='lat' dir='ltr'><strong>lacum</strong></span> <span class='ocrx_word' id='word_1_99' title='bbox 1327 1329 1568 1386; x_wconf 83' lang='lat' dir='ltr'><strong>lutosum</strong></span> <span class='ocrx_word' id='word_1_100' title='bbox 1600 1319 1791 1389; x_wconf 76' lang='lat' dir='ltr'><strong>vivens</strong></span> <span class='ocrx_word' id='word_1_101' title='bbox 1816 1350 1954 1389; x_wconf 84' lang='lat' dir='ltr'><strong>con-</strong></span> 
     </span>
    </p>
   </div>
   <div class='ocr_carea' id='block_1_16' title="bbox 371 1411 1952 1483">
    <p class='ocr_par' dir='ltr' id='par_1_16' title="bbox 371 1411 1952 1483">
     <span class='ocr_line' id='line_1_16' title="bbox 371 1411 1952 1483; baseline 0.009 -19"><span class='ocrx_word' id='word_1_102' title='bbox 371 1411 545 1483; x_wconf 79' lang='lat' dir='ltr'><strong>jectus</strong></span> <span class='ocrx_word' id='word_1_103' title='bbox 570 1423 673 1468; x_wconf 91' lang='lat' dir='ltr'><strong>est.</strong></span> <span class='ocrx_word' id='word_1_104' title='bbox 704 1414 950 1472; x_wconf 83' lang='lat' dir='ltr'><strong>Ezechiel</strong></span> <span class='ocrx_word' id='word_1_105' title='bbox 983 1428 1162 1474; x_wconf 86' lang='lat' dir='ltr'><strong>autem</strong></span> <span class='ocrx_word' id='word_1_106' title='bbox 1200 1422 1538 1479; x_wconf 88' lang='lat' dir='ltr'><strong>decumbens</strong></span> <span class='ocrx_word' id='word_1_107' title='bbox 1569 1425 1790 1482; x_wconf 90' lang='lat' dir='ltr'><strong>inlatus</strong></span> <span class='ocrx_word' id='word_1_108' title='bbox 1815 1428 1952 1481; x_wconf 91' lang='lat' dir='ltr'><strong>alte-</strong></span> 
     </span>
    </p>
   </div>
   <div class='ocr_carea' id='block_1_17' title="bbox 369 1513 1954 1589">
    <p class='ocr_par' dir='ltr' id='par_1_17' title="bbox 369 1513 1954 1589">
     <span class='ocr_line' id='line_1_17' title="bbox 369 1513 1954 1589; baseline 0.013 -32"><span class='ocrx_word' id='word_1_109' title='bbox 369 1519 493 1558; x_wconf 87' lang='lat' dir='ltr'><strong>rum</strong></span> <span class='ocrx_word' id='word_1_110' title='bbox 533 1514 676 1560; x_wconf 90' lang='lat' dir='ltr'><strong>totos</strong></span> <span class='ocrx_word' id='word_1_111' title='bbox 704 1518 922 1562; x_wconf 88' lang='lat' dir='ltr'><strong>centum</strong></span> <span class='ocrx_word' id='word_1_112' title='bbox 956 1513 1252 1584; x_wconf 82' lang='lat' dir='ltr'><strong>nonaginta</strong></span> <span class='ocrx_word' id='word_1_113' title='bbox 1281 1515 1398 1571; x_wconf 89' lang='lat' dir='ltr'><strong>dies</strong></span> <span class='ocrx_word' id='word_1_114' title='bbox 1427 1516 1499 1571; x_wconf 88' lang='lat' dir='ltr'><strong>ita</strong></span> <span class='ocrx_word' id='word_1_115' title='bbox 1532 1521 1816 1589; x_wconf 82' lang='lat' dir='ltr'><strong>transegit,</strong></span> <span class='ocrx_word' id='word_1_116' title='bbox 1861 1535 1954 1576; x_wconf 83' lang='lat' dir='ltr'><strong>co-</strong></span> 
     </span>
    </p>
   </div>
   <div class='ocr_carea' id='block_1_18' title="bbox 369 1595 1952 1677">
    <p class='ocr_par' dir='ltr' id='par_1_18' title="bbox 369 1595 1952 1677">
     <span class='ocr_line' id='line_1_18' title="bbox 369 1595 1952 1677; baseline 0.011 -29"><span class='ocrx_word' id='word_1_117' title='bbox 369 1595 597 1652; x_wconf 89' lang='lat' dir='ltr'><strong>medens</strong></span> <span class='ocrx_word' id='word_1_118' title='bbox 635 1614 830 1667; x_wconf 86' lang='lat' dir='ltr'><strong>panem</strong></span> <span class='ocrx_word' id='word_1_119' title='bbox 862 1600 1163 1673; x_wconf 89' lang='lat' dir='ltr'><strong>bibensque</strong></span> <span class='ocrx_word' id='word_1_120' title='bbox 1182 1605 1368 1660; x_wconf 90' lang='lat' dir='ltr'><strong>vinum</strong></span> <span class='ocrx_word' id='word_1_121' title='bbox 1399 1623 1523 1662; x_wconf 92' lang='lat' dir='ltr'><strong>cum</strong></span> <span class='ocrx_word' id='word_1_122' title='bbox 1557 1607 1834 1677; x_wconf 77' lang='lat' dir='ltr'><strong>mensura,</strong></span> <span class='ocrx_word' id='word_1_123' title='bbox 1859 1627 1952 1666; x_wconf 90' lang='lat' dir='ltr'><strong>ne-</strong></span> 
     </span>
    </p>
   </div>
   <div class='ocr_carea' id='block_1_19' title="bbox 370 1687 1954 1770">
    <p class='ocr_par' dir='ltr' id='par_1_19' title="bbox 370 1687 1954 1770">
     <span class='ocr_line' id='line_1_19' title="bbox 370 1687 1954 1770; baseline 0.012 -32"><span class='ocrx_word' id='word_1_124' title='bbox 370 1701 478 1755; x_wconf 86' lang='lat' dir='ltr'><strong>que</strong></span> <span class='ocrx_word' id='word_1_125' title='bbox 530 1687 586 1741; x_wconf 90' lang='lat' dir='ltr'><strong>i&#39;n</strong></span> <span class='ocrx_word' id='word_1_126' title='bbox 637 1688 782 1743; x_wconf 88' lang='lat' dir='ltr'><strong>latus</strong></span> <span class='ocrx_word' id='word_1_127' title='bbox 832 1691 977 1746; x_wconf 87' lang='lat' dir='ltr'><strong>aliud</strong></span> <span class='ocrx_word' id='word_1_128' title='bbox 1031 1709 1327 1751; x_wconf 89' lang='lat' dir='ltr'><strong>conversus</strong></span> <span class='ocrx_word' id='word_1_129' title='bbox 1375 1706 1482 1767; x_wconf 87' lang='lat' dir='ltr'><strong>est,</strong></span> <span class='ocrx_word' id='word_1_130' title='bbox 1511 1699 1682 1756; x_wconf 92' lang='lat' dir='ltr'><strong>donec</strong></span> <span class='ocrx_word' id='word_1_131' title='bbox 1725 1703 1954 1770; x_wconf 76' lang='lat' dir='ltr'><strong>jusserit</strong></span> 
     </span>
    </p>
   </div>
   <div class='ocr_carea' id='block_1_20' title="bbox 369 1775 1952 1857">
    <p class='ocr_par' dir='ltr' id='par_1_20' title="bbox 369 1775 1952 1857">
     <span class='ocr_line' id='line_1_20' title="bbox 369 1775 1952 1857; baseline 0.014 -29"><span class='ocrx_word' id='word_1_132' title='bbox 369 1775 535 1832; x_wconf 89' lang='lat' dir='ltr'><strong>Deus.</strong></span> <span class='ocrx_word' id='word_1_133' title='bbox 574 1777 678 1845; x_wconf 87' lang='lat' dir='ltr'><strong>Qui</strong></span> <span class='ocrx_word' id='word_1_134' title='bbox 707 1790 888 1836; x_wconf 90' lang='lat' dir='ltr'><strong>autem</strong></span> <span class='ocrx_word' id='word_1_135' title='bbox 923 1783 1213 1840; x_wconf 87' lang='lat' dir='ltr'><strong>Dominum</strong></span> <span class='ocrx_word' id='word_1_136' title='bbox 1244 1788 1523 1857; x_wconf 90' lang='lat' dir='ltr'><strong>deserunt,</strong></span> <span class='ocrx_word' id='word_1_137' title='bbox 1553 1792 1609 1846; x_wconf 93' lang='lat' dir='ltr'><strong>in</strong></span> <span class='ocrx_word' id='word_1_138' title='bbox 1631 1793 1776 1849; x_wconf 90' lang='lat' dir='ltr'><strong>latus</strong></span> <span class='ocrx_word' id='word_1_139' title='bbox 1805 1796 1952 1850; x_wconf 90' lang='lat' dir='ltr'><strong>aliud</strong></span> 
     </span>
    </p>
   </div>
   <div class='ocr_carea' id='block_1_21' title="bbox 369 1867 1953 1956">
    <p class='ocr_par' dir='ltr' id='par_1_21' title="bbox 369 1867 1953 1956">
     <span class='ocr_line' id='line_1_21' title="bbox 369 1867 1953 1956; baseline 0.014 -36"><span class='ocrx_word' id='word_1_140' title='bbox 369 1867 436 1920; x_wconf 88' lang='lat' dir='ltr'><strong>ad</strong></span> <span class='ocrx_word' id='word_1_141' title='bbox 473 1871 794 1938; x_wconf 88' lang='lat' dir='ltr'><strong>captandam</strong></span> <span class='ocrx_word' id='word_1_142' title='bbox 831 1875 1066 1943; x_wconf 87' lang='lat' dir='ltr'><strong>quietem</strong></span> <span class='ocrx_word' id='word_1_143' title='bbox 1117 1891 1530 1948; x_wconf 82' lang='lat' dir='ltr'><strong>convertuntur,</strong></span> <span class='ocrx_word' id='word_1_144' title='bbox 1565 1900 1706 1954; x_wconf 93' lang='lat' dir='ltr'><strong>quos</strong></span> <span class='ocrx_word' id='word_1_145' title='bbox 1755 1902 1953 1956; x_wconf 88' lang='lat' dir='ltr'><strong>propa-</strong></span> 
     </span>
    </p>
   </div>
   <div class='ocr_carea' id='block_1_22' title="bbox 367 1957 1950 2039">
    <p class='ocr_par' dir='ltr' id='par_1_22' title="bbox 367 1957 1950 2039">
     <span class='ocr_line' id='line_1_22' title="bbox 367 1957 1950 2039; baseline 0.015 -29"><span class='ocrx_word' id='word_1_146' title='bbox 367 1957 474 2012; x_wconf 89' lang='lat' dir='ltr'><strong>lam</strong></span> <span class='ocrx_word' id='word_1_147' title='bbox 503 1962 738 2017; x_wconf 88' lang='lat' dir='ltr'><strong>estinde</strong></span> <span class='ocrx_word' id='word_1_148' title='bbox 767 1975 1086 2035; x_wconf 85' lang='lat' dir='ltr'><strong>recepturos</strong></span> <span class='ocrx_word' id='word_1_149' title='bbox 1112 1980 1319 2039; x_wconf 89' lang='lat' dir='ltr'><strong>partem</strong></span> <span class='ocrx_word' id='word_1_150' title='bbox 1363 1990 1517 2028; x_wconf 90' lang='lat' dir='ltr'><strong>suam</strong></span> <span class='ocrx_word' id='word_1_151' title='bbox 1549 1991 1688 2031; x_wconf 90' lang='lat' dir='ltr'><strong>esse.</strong></span> <span class='ocrx_word' id='word_1_152' title='bbox 1722 1975 1778 2031; x_wconf 91' lang='lat' dir='ltr'><strong>ln</strong></span> <span class='ocrx_word' id='word_1_153' title='bbox 1807 1978 1950 2034; x_wconf 86' lang='lat' dir='ltr'><strong>latus</strong></span> 
     </span>
    </p>
   </div>
   <div class='ocr_carea' id='block_1_23' title="bbox 367 2049 1948 2134">
    <p class='ocr_par' dir='ltr' id='par_1_23' title="bbox 367 2049 1948 2134">
     <span class='ocr_line' id='line_1_23' title="bbox 367 2049 1948 2134; baseline 0.013 -31"><span class='ocrx_word' id='word_1_154' title='bbox 367 2049 553 2120; x_wconf 84' lang='lat' dir='ltr'><strong>itaque</strong></span> <span class='ocrx_word' id='word_1_155' title='bbox 598 2053 741 2108; x_wconf 88' lang='lat' dir='ltr'><strong>idem</strong></span> <span class='ocrx_word' id='word_1_156' title='bbox 784 2068 1129 2125; x_wconf 85' lang='lat' dir='ltr'><strong>perseverate</strong></span> <span class='ocrx_word' id='word_1_157' title='bbox 1156 2062 1330 2118; x_wconf 91' lang='lat' dir='ltr'><strong>donec</strong></span> <span class='ocrx_word' id='word_1_158' title='bbox 1363 2065 1590 2134; x_wconf 86' lang='lat' dir='ltr'><strong>jusserit</strong></span> <span class='ocrx_word' id='word_1_159' title='bbox 1614 2067 1776 2124; x_wconf 88' lang='lat' dir='ltr'><strong>Deus.</strong></span> <span class='ocrx_word' id='word_1_160' title='bbox 1815 2070 1948 2124; x_wconf 87' lang='lat' dir='ltr'><strong>Vin-</strong></span> 
     </span>
    </p>
   </div>
   <div class='ocr_carea' id='block_1_24' title="bbox 367 2141 1948 2220">
    <p class='ocr_par' dir='ltr' id='par_1_24' title="bbox 367 2141 1948 2220">
     <span class='ocr_line' id='line_1_24' title="bbox 367 2141 1948 2220; baseline 0.013 -27"><span class='ocrx_word' id='word_1_161' title='bbox 367 2141 488 2195; x_wconf 91' lang='lat' dir='ltr'><strong>cula</strong></span> <span class='ocrx_word' id='word_1_162' title='bbox 516 2157 754 2213; x_wconf 84' lang='lat' dir='ltr'><strong>namque</strong></span> <span class='ocrx_word' id='word_1_163' title='bbox 789 2146 879 2200; x_wconf 89' lang='lat' dir='ltr'><strong>illa</strong></span> <span class='ocrx_word' id='word_1_164' title='bbox 915 2163 1112 2220; x_wconf 89' lang='lat' dir='ltr'><strong>magna</strong></span> <span class='ocrx_word' id='word_1_165' title='bbox 1146 2149 1446 2208; x_wconf 86' lang='lat' dir='ltr'><strong>Ezechielis</strong></span> <span class='ocrx_word' id='word_1_166' title='bbox 1499 2169 1626 2210; x_wconf 91' lang='lat' dir='ltr'><strong>sunt</strong></span> <span class='ocrx_word' id='word_1_167' title='bbox 1648 2157 1948 2214; x_wconf 87' lang='lat' dir='ltr'><strong>ﬁrmissimi</strong></span> 
     </span>
    </p>
   </div>
   <div class='ocr_carea' id='block_1_25' title="bbox 367 2236 1946 2322">
    <p class='ocr_par' dir='ltr' id='par_1_25' title="bbox 367 2236 1946 2322">
     <span class='ocr_line' id='line_1_25' title="bbox 367 2236 1946 2322; baseline 0.013 -34"><span class='ocrx_word' id='word_1_168' title='bbox 367 2249 650 2292; x_wconf 88' lang='lat' dir='ltr'><strong>sermones</strong></span> <span class='ocrx_word' id='word_1_169' title='bbox 671 2236 788 2293; x_wconf 90' lang='lat' dir='ltr'><strong>Dei.</strong></span> <span class='ocrx_word' id='word_1_170' title='bbox 815 2239 1088 2298; x_wconf 88' lang='lat' dir='ltr'><strong>Danielem</strong></span> <span class='ocrx_word' id='word_1_171' title='bbox 1123 2255 1303 2300; x_wconf 90' lang='lat' dir='ltr'><strong>autem</strong></span> <span class='ocrx_word' id='word_1_172' title='bbox 1332 2260 1662 2304; x_wconf 86' lang='lat' dir='ltr'><strong>accusarunt</strong></span> <span class='ocrx_word' id='word_1_173' title='bbox 1694 2261 1946 2322; x_wconf 64' lang='lat' dir='ltr'><strong>satrapae,</strong></span> 
     </span>
    </p>
   </div>
   <div class='ocr_carea' id='block_1_26' title="bbox 366 2327 1950 2406">
    <p class='ocr_par' dir='ltr' id='par_1_26' title="bbox 366 2327 1950 2406">
     <span class='ocr_line' id='line_1_26' title="bbox 366 2327 1950 2406; baseline 0.015 -30"><span class='ocrx_word' id='word_1_174' title='bbox 366 2327 553 2380; x_wconf 86' lang='lat' dir='ltr'><strong>animo</strong></span> <span class='ocrx_word' id='word_1_175' title='bbox 587 2327 762 2398; x_wconf 88' lang='lat' dir='ltr'><strong>ipsum</strong></span> <span class='ocrx_word' id='word_1_176' title='bbox 811 2346 844 2385; x_wconf 89' lang='lat' dir='ltr'><strong>a</strong></span> <span class='ocrx_word' id='word_1_177' title='bbox 887 2335 1142 2402; x_wconf 83' lang='lat' dir='ltr'><strong>precibus</strong></span> <span class='ocrx_word' id='word_1_178' title='bbox 1175 2336 1521 2406; x_wconf 87' lang='lat' dir='ltr'><strong>deterrendi;</strong></span> <span class='ocrx_word' id='word_1_179' title='bbox 1554 2340 1644 2396; x_wconf 85' lang='lat' dir='ltr'><strong>ille</strong></span> <span class='ocrx_word' id='word_1_180' title='bbox 1688 2359 1816 2400; x_wconf 90' lang='lat' dir='ltr'><strong>vero</strong></span> <span class='ocrx_word' id='word_1_181' title='bbox 1855 2361 1950 2400; x_wconf 81' lang='lat' dir='ltr'><strong>ne-</strong></span> 
     </span>
    </p>
   </div>
   <div class='ocr_carea' id='block_1_27' title="bbox 365 2420 1947 2502">
    <p class='ocr_par' dir='ltr' id='par_1_27' title="bbox 365 2420 1947 2502">
     <span class='ocr_line' id='line_1_27' title="bbox 365 2420 1947 2502; baseline 0.015 -32"><span class='ocrx_word' id='word_1_182' title='bbox 365 2431 644 2487; x_wconf 86' lang='lat' dir='ltr'><strong>quaquam</strong></span> <span class='ocrx_word' id='word_1_183' title='bbox 671 2420 832 2476; x_wconf 86' lang='lat' dir='ltr'><strong>ﬁnem</strong></span> <span class='ocrx_word' id='word_1_184' title='bbox 869 2426 1060 2480; x_wconf 90' lang='lat' dir='ltr'><strong>orandi</strong></span> <span class='ocrx_word' id='word_1_185' title='bbox 1101 2426 1250 2495; x_wconf 82' lang='lat' dir='ltr'><strong>fecit,</strong></span> <span class='ocrx_word' id='word_1_186' title='bbox 1282 2430 1622 2502; x_wconf 90' lang='lat' dir='ltr'><strong>injectusque</strong></span> <span class='ocrx_word' id='word_1_187' title='bbox 1653 2435 1740 2491; x_wconf 90' lang='lat' dir='ltr'><strong>bis</strong></span> <span class='ocrx_word' id='word_1_188' title='bbox 1771 2447 1855 2492; x_wconf 87' lang='lat' dir='ltr'><strong>est</strong></span> <span class='ocrx_word' id='word_1_189' title='bbox 1891 2438 1947 2493; x_wconf 90' lang='lat' dir='ltr'><strong>in</strong></span> 
     </span>
    </p>
   </div>
   <div class='ocr_carea' id='block_1_28' title="bbox 363 2507 1949 2585">
    <p class='ocr_par' dir='ltr' id='par_1_28' title="bbox 363 2507 1949 2585">
     <span class='ocr_line' id='line_1_28' title="bbox 363 2507 1949 2585; baseline 0.015 -24"><span class='ocrx_word' id='word_1_190' title='bbox 363 2507 544 2562; x_wconf 85' lang='lat' dir='ltr'><strong>lacum</strong></span> <span class='ocrx_word' id='word_1_191' title='bbox 570 2510 812 2578; x_wconf 85' lang='lat' dir='ltr'><strong>leonum,</strong></span> <span class='ocrx_word' id='word_1_192' title='bbox 840 2531 1075 2585; x_wconf 90' lang='lat' dir='ltr'><strong>quorum</strong></span> <span class='ocrx_word' id='word_1_193' title='bbox 1101 2516 1245 2574; x_wconf 93' lang='lat' dir='ltr'><strong>Deus</strong></span> <span class='ocrx_word' id='word_1_194' title='bbox 1270 2534 1366 2574; x_wconf 87' lang='lat' dir='ltr'><strong>ora</strong></span> <span class='ocrx_word' id='word_1_195' title='bbox 1395 2523 1692 2581; x_wconf 86' lang='lat' dir='ltr'><strong>obturavit.</strong></span> <span class='ocrx_word' id='word_1_196' title='bbox 1715 2525 1826 2582; x_wconf 87' lang='lat' dir='ltr'><strong>Nec</strong></span> <span class='ocrx_word' id='word_1_197' title='bbox 1854 2528 1949 2584; x_wconf 87' lang='lat' dir='ltr'><strong>de-</strong></span> 
     </span>
    </p>
   </div>
   <div class='ocr_carea' id='block_1_29' title="bbox 365 2600 1945 2683">
    <p class='ocr_par' dir='ltr' id='par_1_29' title="bbox 365 2600 1945 2683">
     <span class='ocr_line' id='line_1_29' title="bbox 365 2600 1945 2683; baseline 0.016 -32"><span class='ocrx_word' id='word_1_198' title='bbox 365 2607 498 2652; x_wconf 86' lang='lat' dir='ltr'><strong>sunt</strong></span> <span class='ocrx_word' id='word_1_199' title='bbox 522 2600 684 2656; x_wconf 81' lang='lat' dir='ltr'><strong>hodie</strong></span> <span class='ocrx_word' id='word_1_200' title='bbox 705 2604 800 2673; x_wconf 90' lang='lat' dir='ltr'><strong>qui</strong></span> <span class='ocrx_word' id='word_1_201' title='bbox 829 2619 927 2659; x_wconf 84' lang='lat' dir='ltr'><strong>nos</strong></span> <span class='ocrx_word' id='word_1_202' title='bbox 954 2618 1233 2672; x_wconf 87' lang='lat' dir='ltr'><strong>accusent,</strong></span> <span class='ocrx_word' id='word_1_203' title='bbox 1269 2621 1329 2664; x_wconf 92' lang='lat' dir='ltr'><strong>ut</strong></span> <span class='ocrx_word' id='word_1_204' title='bbox 1358 2627 1388 2664; x_wconf 91' lang='lat' dir='ltr'><strong>a</strong></span> <span class='ocrx_word' id='word_1_205' title='bbox 1410 2615 1663 2683; x_wconf 85' lang='lat' dir='ltr'><strong>precibus</strong></span> <span class='ocrx_word' id='word_1_206' title='bbox 1683 2619 1748 2673; x_wconf 91' lang='lat' dir='ltr'><strong>ad</strong></span> <span class='ocrx_word' id='word_1_207' title='bbox 1778 2621 1945 2675; x_wconf 91' lang='lat' dir='ltr'><strong>Deum</strong></span> 
     </span>
    </p>
   </div>
   <div class='ocr_carea' id='block_1_30' title="bbox 363 2692 1948 2782">
    <p class='ocr_par' dir='ltr' id='par_1_30' title="bbox 363 2692 1948 2782">
     <span class='ocr_line' id='line_1_30' title="bbox 363 2692 1948 2782; baseline 0.016 -39"><span class='ocrx_word' id='word_1_208' title='bbox 363 2692 684 2749; x_wconf 86' lang='lat' dir='ltr'><strong>emittendis</strong></span> <span class='ocrx_word' id='word_1_209' title='bbox 722 2696 1088 2760; x_wconf 85' lang='lat' dir='ltr'><strong>absterreant.</strong></span> <span class='ocrx_word' id='word_1_210' title='bbox 1122 2701 1291 2771; x_wconf 86' lang='lat' dir='ltr'><strong>quue</strong></span> <span class='ocrx_word' id='word_1_211' title='bbox 1334 2706 1684 2764; x_wconf 81' lang='lat' dir='ltr'><strong>manifestum</strong></span> <span class='ocrx_word' id='word_1_212' title='bbox 1714 2724 1797 2767; x_wconf 90' lang='lat' dir='ltr'><strong>est</strong></span> <span class='ocrx_word' id='word_1_213' title='bbox 1819 2713 1948 2782; x_wconf 86' lang='lat' dir='ltr'><strong>quia</strong></span> 
     </span>
    </p>
   </div>
   <div class='ocr_carea' id='block_1_31' title="bbox 365 2787 1947 2872">
    <p class='ocr_par' dir='ltr' id='par_1_31' title="bbox 365 2787 1947 2872">
     <span class='ocr_line' id='line_1_31' title="bbox 365 2787 1947 2872; baseline 0.016 -38"><span class='ocrx_word' id='word_1_214' title='bbox 365 2796 490 2836; x_wconf 92' lang='lat' dir='ltr'><strong>cum</strong></span> <span class='ocrx_word' id='word_1_215' title='bbox 526 2800 647 2851; x_wconf 90' lang='lat' dir='ltr'><strong>nos,</strong></span> <span class='ocrx_word' id='word_1_216' title='bbox 676 2794 788 2840; x_wconf 90' lang='lat' dir='ltr'><strong>tum</strong></span> <span class='ocrx_word' id='word_1_217' title='bbox 820 2787 1011 2845; x_wconf 85' lang='lat' dir='ltr'><strong>Patres</strong></span> <span class='ocrx_word' id='word_1_218' title='bbox 1043 2801 1263 2849; x_wconf 84' lang='lat' dir='ltr'><strong>nostros</strong></span> <span class='ocrx_word' id='word_1_219' title='bbox 1292 2796 1580 2868; x_wconf 90' lang='lat' dir='ltr'><strong>episcopos</strong></span> <span class='ocrx_word' id='word_1_220' title='bbox 1610 2816 1947 2872; x_wconf 89' lang='lat' dir='ltr'><strong>persequun-</strong></span> 
     </span>
    </p>
   </div>
   <div class='ocr_carea' id='block_1_32' title="bbox 364 2872 1945 2957">
    <p class='ocr_par' dir='ltr' id='par_1_32' title="bbox 364 2872 1945 2957">
     <span class='ocr_line' id='line_1_32' title="bbox 364 2872 1945 2957; baseline 0.015 -33"><span class='ocrx_word' id='word_1_221' title='bbox 364 2883 474 2926; x_wconf 86' lang='lat' dir='ltr'><strong>tur.</strong></span> <span class='ocrx_word' id='word_1_222' title='bbox 497 2872 696 2928; x_wconf 84' lang='lat' dir='ltr'><strong>Beatus</strong></span> <span class='ocrx_word' id='word_1_223' title='bbox 718 2892 851 2931; x_wconf 88' lang='lat' dir='ltr'><strong>sane</strong></span> <span class='ocrx_word' id='word_1_224' title='bbox 879 2881 960 2932; x_wconf 91' lang='lat' dir='ltr'><strong>vir</strong></span> <span class='ocrx_word' id='word_1_225' title='bbox 991 2881 1323 2951; x_wconf 91' lang='lat' dir='ltr'><strong>inculpatus,</strong></span> <span class='ocrx_word' id='word_1_226' title='bbox 1350 2885 1405 2938; x_wconf 90' lang='lat' dir='ltr'><strong>in</strong></span> <span class='ocrx_word' id='word_1_227' title='bbox 1430 2889 1592 2957; x_wconf 88' lang='lat' dir='ltr'><strong>cujus</strong></span> <span class='ocrx_word' id='word_1_228' title='bbox 1613 2906 1706 2945; x_wconf 90' lang='lat' dir='ltr'><strong>ore</strong></span> <span class='ocrx_word' id='word_1_229' title='bbox 1728 2892 1945 2948; x_wconf 90' lang='lat' dir='ltr'><strong>inventa</strong></span> 
     </span>
    </p>
   </div>
   <div class='ocr_carea' id='block_1_33' title="bbox 364 2966 1947 3050">
    <p class='ocr_par' dir='ltr' id='par_1_33' title="bbox 364 2966 1947 3050">
     <span class='ocr_line' id='line_1_33' title="bbox 364 2966 1947 3050; baseline 0.013 -32"><span class='ocrx_word' id='word_1_230' title='bbox 364 2966 513 3019; x_wconf 86' lang='lat' dir='ltr'><strong>nulla</strong></span> <span class='ocrx_word' id='word_1_231' title='bbox 550 2975 636 3021; x_wconf 90' lang='lat' dir='ltr'><strong>est</strong></span> <span class='ocrx_word' id='word_1_232' title='bbox 659 2970 952 3024; x_wconf 87' lang='lat' dir='ltr'><strong>accusandi</strong></span> <span class='ocrx_word' id='word_1_233' title='bbox 985 2988 1175 3039; x_wconf 90' lang='lat' dir='ltr'><strong>causa,</strong></span> <span class='ocrx_word' id='word_1_234' title='bbox 1207 2978 1316 3031; x_wconf 89' lang='lat' dir='ltr'><strong>nisi</strong></span> <span class='ocrx_word' id='word_1_235' title='bbox 1348 2981 1492 3048; x_wconf 90' lang='lat' dir='ltr'><strong>quod</strong></span> <span class='ocrx_word' id='word_1_236' title='bbox 1530 2996 1719 3050; x_wconf 81' lang='lat' dir='ltr'><strong>preces</strong></span> <span class='ocrx_word' id='word_1_237' title='bbox 1753 2983 1947 3040; x_wconf 82' lang='lat' dir='ltr'><strong>fundat</strong></span> 
     </span>
    </p>
   </div>
   <div class='ocr_carea' id='block_1_34' title="bbox 365 3054 1944 3143">
    <p class='ocr_par' dir='ltr' id='par_1_34' title="bbox 365 3054 1944 3143">
     <span class='ocr_line' id='line_1_34' title="bbox 365 3054 1944 3143; baseline 0.016 -38"><span class='ocrx_word' id='word_1_238' title='bbox 365 3054 433 3106; x_wconf 88' lang='lat' dir='ltr'><strong>ad</strong></span> <span class='ocrx_word' id='word_1_239' title='bbox 466 3054 776 3112; x_wconf 91' lang='lat' dir='ltr'><strong>Dominum.</strong></span> <span class='ocrx_word' id='word_1_240' title='bbox 813 3057 949 3114; x_wconf 85' lang='lat' dir='ltr'><strong>Illud</strong></span> <span class='ocrx_word' id='word_1_241' title='bbox 997 3072 1079 3117; x_wconf 89' lang='lat' dir='ltr'><strong>est</strong></span> <span class='ocrx_word' id='word_1_242' title='bbox 1123 3065 1438 3132; x_wconf 89' lang='lat' dir='ltr'><strong>patientiam</strong></span> <span class='ocrx_word' id='word_1_243' title='bbox 1469 3079 1650 3125; x_wconf 85' lang='lat' dir='ltr'><strong>tenere</strong></span> <span class='ocrx_word' id='word_1_244' title='bbox 1687 3090 1858 3143; x_wconf 90' lang='lat' dir='ltr'><strong>usque</strong></span> <span class='ocrx_word' id='word_1_245' title='bbox 1891 3078 1944 3130; x_wconf 89' lang='lat' dir='ltr'><strong>in</strong></span> 
     </span>
    </p>
   </div>
   <div class='ocr_carea' id='block_1_35' title="bbox 366 3146 1946 3224">
    <p class='ocr_par' dir='ltr' id='par_1_35' title="bbox 366 3146 1946 3224">
     <span class='ocr_line' id='line_1_35' title="bbox 366 3146 1946 3224; baseline 0.015 -26"><span class='ocrx_word' id='word_1_246' title='bbox 366 3146 548 3200; x_wconf 88' lang='lat' dir='ltr'><strong>tinem.</strong></span> <span class='ocrx_word' id='word_1_247' title='bbox 586 3146 758 3204; x_wconf 89' lang='lat' dir='ltr'><strong>Nemo</strong></span> <span class='ocrx_word' id='word_1_248' title='bbox 786 3152 971 3222; x_wconf 84' lang='lat' dir='ltr'><strong>itaque</strong></span> <span class='ocrx_word' id='word_1_249' title='bbox 1002 3168 1242 3212; x_wconf 91' lang='lat' dir='ltr'><strong>vestrum</strong></span> <span class='ocrx_word' id='word_1_250' title='bbox 1276 3162 1459 3217; x_wconf 89' lang='lat' dir='ltr'><strong>animo</strong></span> <span class='ocrx_word' id='word_1_251' title='bbox 1488 3164 1722 3220; x_wconf 83' lang='lat' dir='ltr'><strong>deﬁciat.</strong></span> <span class='ocrx_word' id='word_1_252' title='bbox 1752 3167 1946 3224; x_wconf 84' lang='lat' dir='ltr'><strong>Consi-</strong></span> 
     </span>
    </p>
   </div>
   <div class='ocr_carea' id='block_1_36' title="bbox 364 3239 1942 3327">
    <p class='ocr_par' dir='ltr' id='par_1_36' title="bbox 364 3239 1942 3327">
     <span class='ocr_line' id='line_1_36' title="bbox 364 3239 1942 3327; baseline 0.015 -35"><span class='ocrx_word' id='word_1_253' title='bbox 364 3239 550 3295; x_wconf 89' lang='lat' dir='ltr'><strong>derate</strong></span> <span class='ocrx_word' id='word_1_254' title='bbox 599 3253 821 3300; x_wconf 90' lang='lat' dir='ltr'><strong>sanctos</strong></span> <span class='ocrx_word' id='word_1_255' title='bbox 852 3246 974 3302; x_wconf 91' lang='lat' dir='ltr'><strong>illos</strong></span> <span class='ocrx_word' id='word_1_256' title='bbox 1011 3257 1120 3304; x_wconf 90' lang='lat' dir='ltr'><strong>tres</strong></span> <span class='ocrx_word' id='word_1_257' title='bbox 1149 3267 1349 3320; x_wconf 88' lang='lat' dir='ltr'><strong>pueros</strong></span> <span class='ocrx_word' id='word_1_258' title='bbox 1379 3256 1472 3324; x_wconf 89' lang='lat' dir='ltr'><strong>qui</strong></span> <span class='ocrx_word' id='word_1_259' title='bbox 1519 3258 1806 3327; x_wconf 76' lang='lat' dir='ltr'><strong>imaginem</strong></span> <span class='ocrx_word' id='word_1_260' title='bbox 1839 3260 1942 3315; x_wconf 84' lang='lat' dir='ltr'><strong>Na-</strong></span> 
     </span>
    </p>
   </div>
   <div class='ocr_carea' id='block_1_37' title="bbox 363 3328 1945 3419">
    <p class='ocr_par' dir='ltr' id='par_1_37' title="bbox 363 3328 1945 3419">
     <span class='ocr_line' id='line_1_37' title="bbox 363 3328 1945 3419; baseline 0.016 -37"><span class='ocrx_word' id='word_1_261' title='bbox 363 3328 840 3390; x_wconf 88' lang='lat' dir='ltr'><strong>buchodonosoris</strong></span> <span class='ocrx_word' id='word_1_262' title='bbox 867 3337 1097 3394; x_wconf 85' lang='lat' dir='ltr'><strong>adorare</strong></span> <span class='ocrx_word' id='word_1_263' title='bbox 1131 3343 1450 3410; x_wconf 88' lang='lat' dir='ltr'><strong>uoluerunt,</strong></span> <span class='ocrx_word' id='word_1_264' title='bbox 1481 3350 1684 3419; x_wconf 90' lang='lat' dir='ltr'><strong>quique</strong></span> <span class='ocrx_word' id='word_1_265' title='bbox 1729 3367 1794 3405; x_wconf 80' lang='lat' dir='ltr'><strong>ex</strong></span> <span class='ocrx_word' id='word_1_266' title='bbox 1845 3354 1945 3408; x_wconf 89' lang='lat' dir='ltr'><strong>hu-</strong></span> 
     </span>
    </p>
   </div>
   <div class='ocr_carea' id='block_1_38' title="bbox 359 3422 1947 3500">
    <p class='ocr_par' dir='ltr' id='par_1_38' title="bbox 359 3422 1947 3500">
     <span class='ocr_line' id='line_1_38' title="bbox 359 3422 1947 3500; baseline 0.014 -27"><span class='ocrx_word' id='word_1_267' title='bbox 359 3422 601 3491; x_wconf 88' lang='lat' dir='ltr'><strong>jusmodi</strong></span> <span class='ocrx_word' id='word_1_268' title='bbox 625 3426 913 3481; x_wconf 90' lang='lat' dir='ltr'><strong>sanctitate</strong></span> <span class='ocrx_word' id='word_1_269' title='bbox 939 3443 1004 3482; x_wconf 94' lang='lat' dir='ltr'><strong>ac</strong></span> <span class='ocrx_word' id='word_1_270' title='bbox 1029 3428 1149 3484; x_wconf 65' lang='lat' dir='ltr'><strong>vitae</strong></span> <span class='ocrx_word' id='word_1_271' title='bbox 1176 3431 1448 3500; x_wconf 90' lang='lat' dir='ltr'><strong>instituto,</strong></span> <span class='ocrx_word' id='word_1_272' title='bbox 1479 3446 1688 3492; x_wconf 84' lang='lat' dir='ltr'><strong>tantum</strong></span> <span class='ocrx_word' id='word_1_273' title='bbox 1715 3437 1947 3495; x_wconf 67' lang='lat' dir='ltr'><strong>ﬂamma:</strong></span> 
     </span>
    </p>
   </div>
   <div class='ocr_carea' id='block_1_39' title="bbox 363 3511 1947 3594">
    <p class='ocr_par' dir='ltr' id='par_1_39' title="bbox 363 3511 1947 3594">
     <span class='ocr_line' id='line_1_39' title="bbox 363 3511 1947 3594; baseline 0.012 -30"><span class='ocrx_word' id='word_1_274' title='bbox 363 3511 640 3565; x_wconf 89' lang='lat' dir='ltr'><strong>caminum</strong></span> <span class='ocrx_word' id='word_1_275' title='bbox 675 3514 1004 3580; x_wconf 66' lang='lat' dir='ltr'><strong>etstinxere,</strong></span> <span class='ocrx_word' id='word_1_276' title='bbox 1039 3527 1100 3571; x_wconf 90' lang='lat' dir='ltr'><strong>ut</strong></span> <span class='ocrx_word' id='word_1_277' title='bbox 1146 3535 1321 3589; x_wconf 90' lang='lat' dir='ltr'><strong>neque</strong></span> <span class='ocrx_word' id='word_1_278' title='bbox 1363 3523 1500 3578; x_wconf 90' lang='lat' dir='ltr'><strong>odor</strong></span> <span class='ocrx_word' id='word_1_279' title='bbox 1529 3525 1670 3594; x_wconf 83' lang='lat' dir='ltr'><strong>ignis</strong></span> <span class='ocrx_word' id='word_1_280' title='bbox 1699 3527 1752 3580; x_wconf 90' lang='lat' dir='ltr'><strong>in</strong></span> <span class='ocrx_word' id='word_1_281' title='bbox 1783 3531 1947 3582; x_wconf 87' lang='lat' dir='ltr'><strong>vesti-</strong></span> 
     </span>
    </p>
   </div>
   <div class='ocr_carea' id='block_1_40' title="bbox 364 3603 1946 3690">
    <p class='ocr_par' dir='ltr' id='par_1_40' title="bbox 364 3603 1946 3690">
     <span class='ocr_line' id='line_1_40' title="bbox 364 3603 1946 3690; baseline 0.013 -36"><span class='ocrx_word' id='word_1_282' title='bbox 364 3603 563 3657; x_wconf 87' lang='lat' dir='ltr'><strong>menlis</strong></span> <span class='ocrx_word' id='word_1_283' title='bbox 606 3617 794 3658; x_wconf 92' lang='lat' dir='ltr'><strong>eorum</strong></span> <span class='ocrx_word' id='word_1_284' title='bbox 849 3607 1102 3664; x_wconf 89' lang='lat' dir='ltr'><strong>inventus</strong></span> <span class='ocrx_word' id='word_1_285' title='bbox 1135 3611 1226 3665; x_wconf 90' lang='lat' dir='ltr'><strong>sit.</strong></span> <span class='ocrx_word' id='word_1_286' title='bbox 1258 3611 1367 3667; x_wconf 90' lang='lat' dir='ltr'><strong>Nec</strong></span> <span class='ocrx_word' id='word_1_287' title='bbox 1398 3614 1450 3668; x_wconf 94' lang='lat' dir='ltr'><strong>in</strong></span> <span class='ocrx_word' id='word_1_288' title='bbox 1483 3617 1681 3672; x_wconf 85' lang='lat' dir='ltr'><strong>vestris</strong></span> <span class='ocrx_word' id='word_1_289' title='bbox 1727 3635 1946 3690; x_wconf 89' lang='lat' dir='ltr'><strong>quoque</strong></span> 
     </span>
    </p>
   </div>
   <div class='ocr_carea' id='block_1_41' title="bbox 363 3693 1944 3776">
    <p class='ocr_par' dir='ltr' id='par_1_41' title="bbox 363 3693 1944 3776">
     <span class='ocr_line' id='line_1_41' title="bbox 363 3693 1944 3776; baseline 0.015 -32"><span class='ocrx_word' id='word_1_290' title='bbox 363 3693 699 3750; x_wconf 90' lang='lat' dir='ltr'><strong>indumentis</strong></span> <span class='ocrx_word' id='word_1_291' title='bbox 751 3698 823 3750; x_wconf 88' lang='lat' dir='ltr'><strong>sit</strong></span> <span class='ocrx_word' id='word_1_292' title='bbox 869 3699 1005 3753; x_wconf 90' lang='lat' dir='ltr'><strong>odor</strong></span> <span class='ocrx_word' id='word_1_293' title='bbox 1052 3701 1193 3772; x_wconf 81' lang='lat' dir='ltr'><strong>ignis</strong></span> <span class='ocrx_word' id='word_1_294' title='bbox 1219 3701 1804 3776; x_wconf 68' lang='lat' dir='ltr'><strong>Nabuchodonosoris,</strong></span> <span class='ocrx_word' id='word_1_295' title='bbox 1829 3714 1944 3768; x_wconf 86' lang='lat' dir='ltr'><strong>sive</strong></span> 
     </span>
    </p>
   </div>
   <div class='ocr_carea' id='block_1_42' title="bbox 361 3791 1941 3872">
    <p class='ocr_par' dir='ltr' id='par_1_42' title="bbox 361 3791 1941 3872">
     <span class='ocr_line' id='line_1_42' title="bbox 361 3791 1941 3872; baseline 0.015 -36"><span class='ocrx_word' id='word_1_296' title='bbox 361 3800 684 3852; x_wconf 77' lang='lat' dir='ltr'><strong>spurcarum</strong></span> <span class='ocrx_word' id='word_1_297' title='bbox 731 3791 1235 3865; x_wconf 80' lang='lat' dir='ltr'><strong>exstinctarumquc</strong></span> <span class='ocrx_word' id='word_1_298' title='bbox 1279 3797 1481 3852; x_wconf 89' lang='lat' dir='ltr'><strong>diaboli</strong></span> <span class='ocrx_word' id='word_1_299' title='bbox 1524 3803 1941 3872; x_wconf 83' lang='lat' dir='ltr'><strong>cogitationum.</strong></span> 
     </span>
    </p>
   </div>
   <div class='ocr_carea' id='block_1_43' title="bbox 359 3875 1944 3962">
    <p class='ocr_par' dir='ltr' id='par_1_43' title="bbox 359 3875 1944 3962">
     <span class='ocr_line' id='line_1_43' title="bbox 359 3875 1944 3962; baseline 0.015 -33"><span class='ocrx_word' id='word_1_300' title='bbox 359 3875 438 3932; x_wconf 86' lang='lat' dir='ltr'><strong>Ne</strong></span> <span class='ocrx_word' id='word_1_301' title='bbox 481 3894 578 3935; x_wconf 85' lang='lat' dir='ltr'><strong>vos</strong></span> <span class='ocrx_word' id='word_1_302' title='bbox 623 3879 776 3936; x_wconf 78' lang='lat' dir='ltr'><strong>fallat</strong></span> <span class='ocrx_word' id='word_1_303' title='bbox 802 3901 948 3948; x_wconf 89' lang='lat' dir='ltr'><strong>esca,</strong></span> <span class='ocrx_word' id='word_1_304' title='bbox 986 3903 1090 3942; x_wconf 91' lang='lat' dir='ltr'><strong>neu</strong></span> <span class='ocrx_word' id='word_1_305' title='bbox 1131 3890 1254 3959; x_wconf 90' lang='lat' dir='ltr'><strong>quis</strong></span> <span class='ocrx_word' id='word_1_306' title='bbox 1287 3891 1434 3946; x_wconf 87' lang='lat' dir='ltr'><strong>dicat</strong></span> <span class='ocrx_word' id='word_1_307' title='bbox 1469 3911 1482 3946; x_wconf 94' lang='lat'><strong>:</strong></span> <span class='ocrx_word' id='word_1_308' title='bbox 1516 3892 1813 3962; x_wconf 87' lang='lat' dir='ltr'><strong>Cunsenui,</strong></span> <span class='ocrx_word' id='word_1_309' title='bbox 1844 3913 1944 3953; x_wconf 87' lang='lat' dir='ltr'><strong>nec</strong></span> 
     </span>
    </p>
   </div>
   <div class='ocr_carea' id='block_1_44' title="bbox 357 3957 1942 4057">
    <p class='ocr_par' dir='ltr' id='par_1_44' title="bbox 357 3957 1942 4057">
     <span class='ocr_line' id='line_1_44' title="bbox 357 3957 1942 4057; baseline 0.012 -34"><span class='ocrx_word' id='word_1_310' title='bbox 357 3957 607 4040; x_wconf 67' lang='lat' dir='ltr'><strong>jejunare</strong></span> <span class='ocrx_word' id='word_1_311' title='bbox 636 3989 858 4043; x_wconf 90' lang='lat' dir='ltr'><strong>possum</strong></span> <span class='ocrx_word' id='word_1_312' title='bbox 882 3994 896 4042; x_wconf 89' lang='lat'><strong>;</strong></span> <span class='ocrx_word' id='word_1_313' title='bbox 927 3979 1020 4032; x_wconf 89' lang='lat' dir='ltr'><strong>sed</strong></span> <span class='ocrx_word' id='word_1_314' title='bbox 1043 3981 1362 4036; x_wconf 90' lang='lat' dir='ltr'><strong>recordetur</strong></span> <span class='ocrx_word' id='word_1_315' title='bbox 1387 3982 1629 4040; x_wconf 86' lang='lat' dir='ltr'><strong>Eleazari</strong></span> <span class='ocrx_word' id='word_1_316' title='bbox 1658 3986 1826 4052; x_wconf 84' lang='lat' dir='ltr'><strong>senis,</strong></span> <span class='ocrx_word' id='word_1_317' title='bbox 1848 3989 1942 4057; x_wconf 92' lang='lat' dir='ltr'><strong>qui</strong></span> 
     </span>
    </p>
   </div>
   <div class='ocr_carea' id='block_1_45' title="bbox 361 4070 1945 4149">
    <p class='ocr_par' dir='ltr' id='par_1_45' title="bbox 361 4070 1945 4149">
     <span class='ocr_line' id='line_1_45' title="bbox 361 4070 1945 4149; baseline 0.014 -33"><span class='ocrx_word' id='word_1_318' title='bbox 361 4079 705 4136; x_wconf 87' lang='lat' dir='ltr'><strong>nequaquam</strong></span> <span class='ocrx_word' id='word_1_319' title='bbox 743 4070 886 4138; x_wconf 75' lang='lat' dir='ltr'><strong>regis</strong></span> <span class='ocrx_word' id='word_1_320' title='bbox 925 4071 1135 4127; x_wconf 72' lang='lat' dir='ltr'><strong>artibus</strong></span> <span class='ocrx_word' id='word_1_321' title='bbox 1169 4074 1430 4144; x_wconf 83' lang='lat' dir='ltr'><strong>deceptus</strong></span> <span class='ocrx_word' id='word_1_322' title='bbox 1463 4088 1567 4141; x_wconf 88' lang='lat' dir='ltr'><strong>est,</strong></span> <span class='ocrx_word' id='word_1_323' title='bbox 1606 4089 1666 4132; x_wconf 89' lang='lat' dir='ltr'><strong>ut</strong></span> <span class='ocrx_word' id='word_1_324' title='bbox 1699 4089 1945 4149; x_wconf 84' lang='lat' dir='ltr'><strong>gustaret.</strong></span> 
     </span>
    </p>
   </div>
   <div class='ocr_carea' id='block_1_46' title="bbox 359 4159 1939 4243">
    <p class='ocr_par' dir='ltr' id='par_1_46' title="bbox 359 4159 1939 4243">
     <span class='ocr_line' id='line_1_46' title="bbox 359 4159 1939 4243; baseline 0.013 -34"><span class='ocrx_word' id='word_1_325' title='bbox 359 4167 454 4210; x_wconf 82' lang='lat' dir='ltr'><strong>aut</strong></span> <span class='ocrx_word' id='word_1_326' title='bbox 489 4159 847 4216; x_wconf 90' lang='lat' dir='ltr'><strong>manducaret</strong></span> <span class='ocrx_word' id='word_1_327' title='bbox 888 4164 1190 4219; x_wconf 89' lang='lat' dir='ltr'><strong>immunda.</strong></span> <span class='ocrx_word' id='word_1_328' title='bbox 1238 4166 1341 4233; x_wconf 88' lang='lat' dir='ltr'><strong>Qui</strong></span> <span class='ocrx_word' id='word_1_329' title='bbox 1377 4185 1505 4224; x_wconf 88' lang='lat' dir='ltr'><strong>vero</strong></span> <span class='ocrx_word' id='word_1_330' title='bbox 1539 4171 1676 4225; x_wconf 90' lang='lat' dir='ltr'><strong>inter</strong></span> <span class='ocrx_word' id='word_1_331' title='bbox 1707 4187 1804 4228; x_wconf 85' lang='lat' dir='ltr'><strong>vos</strong></span> <span class='ocrx_word' id='word_1_332' title='bbox 1847 4174 1939 4243; x_wconf 89' lang='lat' dir='ltr'><strong>ju-</strong></span> 
     </span>
    </p>
   </div>
   <div class='ocr_carea' id='block_1_47' title="bbox 357 4247 1944 4336">
    <p class='ocr_par' dir='ltr' id='par_1_47' title="bbox 357 4247 1944 4336">
     <span class='ocr_line' id='line_1_47' title="bbox 357 4247 1944 4336; baseline 0.014 -36"><span class='ocrx_word' id='word_1_333' title='bbox 357 4247 542 4303; x_wconf 87' lang='lat' dir='ltr'><strong>niorcs</strong></span> <span class='ocrx_word' id='word_1_334' title='bbox 573 4260 720 4316; x_wconf 91' lang='lat' dir='ltr'><strong>sunt,</strong></span> <span class='ocrx_word' id='word_1_335' title='bbox 749 4253 802 4306; x_wconf 90' lang='lat' dir='ltr'><strong>in</strong></span> <span class='ocrx_word' id='word_1_336' title='bbox 832 4257 1153 4310; x_wconf 89' lang='lat' dir='ltr'><strong>memoriam</strong></span> <span class='ocrx_word' id='word_1_337' title='bbox 1189 4269 1444 4314; x_wconf 87' lang='lat' dir='ltr'><strong>revocent</strong></span> <span class='ocrx_word' id='word_1_338' title='bbox 1474 4271 1679 4330; x_wconf 86' lang='lat' dir='ltr'><strong>septem</strong></span> <span class='ocrx_word' id='word_1_339' title='bbox 1712 4264 1833 4320; x_wconf 93' lang='lat' dir='ltr'><strong>illos</strong></span> <span class='ocrx_word' id='word_1_340' title='bbox 1857 4282 1944 4336; x_wconf 86' lang='lat' dir='ltr'><strong>ge-</strong></span> 
     </span>
    </p>
   </div>
   <div class='ocr_carea' id='block_1_48' title="bbox 355 4341 1942 4414">
    <p class='ocr_par' dir='ltr' id='par_1_48' title="bbox 355 4341 1942 4414">
     <span class='ocr_line' id='line_1_48' title="bbox 355 4341 1942 4414; baseline 0.012 -21"><span class='ocrx_word' id='word_1_341' title='bbox 355 4341 749 4398; x_wconf 85' lang='lat' dir='ltr'><strong>nerosissimos</strong></span> <span class='ocrx_word' id='word_1_342' title='bbox 786 4345 1160 4414; x_wconf 73' lang='lat' dir='ltr'><strong>Machabteos;</strong></span> <span class='ocrx_word' id='word_1_343' title='bbox 1215 4366 1279 4404; x_wconf 92' lang='lat' dir='ltr'><strong>ac</strong></span> <span class='ocrx_word' id='word_1_344' title='bbox 1325 4368 1385 4406; x_wconf 91' lang='lat' dir='ltr'><strong>se</strong></span> <span class='ocrx_word' id='word_1_345' title='bbox 1423 4364 1611 4409; x_wconf 90' lang='lat' dir='ltr'><strong>mutuo</strong></span> <span class='ocrx_word' id='word_1_346' title='bbox 1660 4357 1942 4412; x_wconf 83' lang='lat' dir='ltr'><strong>cohorten—</strong></span> 
     </span>
    </p>
   </div>
   <div class='ocr_carea' id='block_1_49' title="bbox 356 4433 1941 4519">
    <p class='ocr_par' dir='ltr' id='par_1_49' title="bbox 356 4433 1941 4519">
     <span class='ocr_line' id='line_1_49' title="bbox 356 4433 1941 4519; baseline 0.016 -36"><span class='ocrx_word' id='word_1_347' title='bbox 356 4440 466 4493; x_wconf 84' lang='lat' dir='ltr'><strong>tur.</strong></span> <span class='ocrx_word' id='word_1_348' title='bbox 498 4433 666 4490; x_wconf 81' lang='lat' dir='ltr'><strong>frater</strong></span> <span class='ocrx_word' id='word_1_349' title='bbox 688 4439 894 4494; x_wconf 84' lang='lat' dir='ltr'><strong>scilicet</strong></span> <span class='ocrx_word' id='word_1_350' title='bbox 919 4440 1164 4504; x_wconf 83' lang='lat' dir='ltr'><strong>fratrem,</strong></span> <span class='ocrx_word' id='word_1_351' title='bbox 1191 4444 1366 4500; x_wconf 84' lang='lat' dir='ltr'><strong>donec</strong></span> <span class='ocrx_word' id='word_1_352' title='bbox 1390 4450 1652 4519; x_wconf 86' lang='lat' dir='ltr'><strong>martyrio</strong></span> <span class='ocrx_word' id='word_1_353' title='bbox 1680 4466 1941 4507; x_wconf 90' lang='lat' dir='ltr'><strong>consum-</strong></span> 
     </span>
    </p>
   </div>
   <div class='ocr_carea' id='block_1_50' title="bbox 354 4529 1941 4608">
    <p class='ocr_par' dir='ltr' id='par_1_50' title="bbox 354 4529 1941 4608">
     <span class='ocr_line' id='line_1_50' title="bbox 354 4529 1941 4608; baseline 0.014 -32"><span class='ocrx_word' id='word_1_354' title='bbox 354 4535 594 4591; x_wconf 84' lang='lat' dir='ltr'><strong>mentur,</strong></span> <span class='ocrx_word' id='word_1_355' title='bbox 621 4537 675 4581; x_wconf 88' lang='lat' dir='ltr'><strong>et</strong></span> <span class='ocrx_word' id='word_1_356' title='bbox 718 4529 830 4583; x_wconf 90' lang='lat' dir='ltr'><strong>sint</strong></span> <span class='ocrx_word' id='word_1_357' title='bbox 879 4531 932 4583; x_wconf 91' lang='lat' dir='ltr'><strong>in</strong></span> <span class='ocrx_word' id='word_1_358' title='bbox 980 4533 1182 4601; x_wconf 90' lang='lat' dir='ltr'><strong>templo</strong></span> <span class='ocrx_word' id='word_1_359' title='bbox 1235 4534 1449 4590; x_wconf 89' lang='lat' dir='ltr'><strong>Domini</strong></span> <span class='ocrx_word' id='word_1_360' title='bbox 1480 4541 1636 4608; x_wconf 89' lang='lat' dir='ltr'><strong>quasi</strong></span> <span class='ocrx_word' id='word_1_361' title='bbox 1671 4542 1941 4598; x_wconf 73' lang='lat' dir='ltr'><strong>columnae</strong></span> 
     </span>
    </p>
   </div>
   <div class='ocr_carea' id='block_1_51' title="bbox 2057 693 3652 766">
    <p class='ocr_par' dir='ltr' id='par_1_51' title="bbox 2057 693 3652 766">
     <span class='ocr_line' id='line_1_51' title="bbox 2057 693 3652 766; baseline -0.001 -17"><span class='ocrx_word' id='word_1_362' title='bbox 2057 695 2292 749; x_wconf 77' lang='grc' dir='ltr'><strong>ἑκάστου</strong></span> <span class='ocrx_word' id='word_1_363' title='bbox 2323 694 2433 747; x_wconf 91' lang='grc' dir='ltr'><strong>τῶν</strong></span> <span class='ocrx_word' id='word_1_364' title='bbox 2459 693 2645 762; x_wconf 83' lang='grc' dir='ltr'>ἁγίων.</span> <span class='ocrx_word' id='word_1_365' title='bbox 2690 694 2828 746; x_wconf 84' lang='grc' dir='ltr'>Ἀλλ’</span> <span class='ocrx_word' id='word_1_366' title='bbox 2854 695 2940 747; x_wconf 79' lang='grc' dir='ltr'>ἶνα</span> <span class='ocrx_word' id='word_1_367' title='bbox 2972 694 3247 764; x_wconf 82' lang='grc' dir='ltr'><strong>συντόμως</strong></span> <span class='ocrx_word' id='word_1_368' title='bbox 3273 696 3521 766; x_wconf 76' lang='grc' dir='ltr'>εῐπωμεν</span> <span class='ocrx_word' id='word_1_369' title='bbox 3549 696 3652 748; x_wconf 77' lang='grc' dir='ltr'>τὸν</span> 
     </span>
    </p>
   </div>
   <div class='ocr_carea' id='block_1_52' title="bbox 2055 783 3650 855">
    <p class='ocr_par' dir='ltr' id='par_1_52' title="bbox 2055 783 3650 855">
     <span class='ocr_line' id='line_1_52' title="bbox 2055 783 3650 855; baseline 0.001 -16"><span class='ocrx_word' id='word_1_370' title='bbox 2055 786 2241 854; x_wconf 89' lang='grc' dir='ltr'>λόγον,</span> <span class='ocrx_word' id='word_1_371' title='bbox 2282 783 2570 855; x_wconf 77' lang='grc' dir='ltr'><strong>δηλοῦμεν,</strong></span> <span class='ocrx_word' id='word_1_372' title='bbox 2597 786 2680 837; x_wconf 83' lang='grc' dir='ltr'><strong>ὅτι</strong></span> <span class='ocrx_word' id='word_1_373' title='bbox 2710 786 2802 838; x_wconf 77' lang='grc' dir='ltr'>καὶ</span> <span class='ocrx_word' id='word_1_374' title='bbox 2843 785 2934 838; x_wconf 83' lang='grc' dir='ltr'><strong>τὸν</strong></span> <span class='ocrx_word' id='word_1_375' title='bbox 2991 784 3174 838; x_wconf 83' lang='grc' dir='ltr'>Ἠλίαν</span> <span class='ocrx_word' id='word_1_376' title='bbox 3203 785 3422 840; x_wconf 77' lang='grc' dir='ltr'><strong>ἐδίωκεν</strong></span> <span class='ocrx_word' id='word_1_377' title='bbox 3463 789 3650 852; x_wconf 70' lang='grc' dir='ltr'><strong>’πεζά-ι</strong></span> 
     </span>
    </p>
   </div>
   <div class='ocr_carea' id='block_1_53' title="bbox 2059 873 3648 946">
    <p class='ocr_par' dir='ltr' id='par_1_53' title="bbox 2059 873 3648 946">
     <span class='ocr_line' id='line_1_53' title="bbox 2059 873 3648 946; baseline 0.001 -18"><span class='ocrx_word' id='word_1_378' title='bbox 2059 875 2177 937; x_wconf 88' lang='grc' dir='ltr'>ϐελ,</span> <span class='ocrx_word' id='word_1_379' title='bbox 2233 873 2531 943; x_wconf 81' lang='grc' dir='ltr'>ὑπομείνας</span> <span class='ocrx_word' id='word_1_380' title='bbox 2581 874 2635 926; x_wconf 84' lang='grc' dir='ltr'>δὲ</span> <span class='ocrx_word' id='word_1_381' title='bbox 2685 876 2742 927; x_wconf 82' lang='grc' dir='ltr'><strong>έν</strong></span> <span class='ocrx_word' id='word_1_382' title='bbox 2782 873 2860 944; x_wconf 87' lang='grc' dir='ltr'><strong>τῷ</strong></span> <span class='ocrx_word' id='word_1_383' title='bbox 2905 875 3058 944; x_wconf 84' lang='grc' dir='ltr'>κόπῳ</span> <span class='ocrx_word' id='word_1_384' title='bbox 3103 875 3404 946; x_wconf 83' lang='grc' dir='ltr'><strong>ἀνελήφθη.</strong></span> <span class='ocrx_word' id='word_1_385' title='bbox 3445 878 3564 930; x_wconf 76' lang='grc' dir='ltr'><strong>Καὶ</strong></span> <span class='ocrx_word' id='word_1_386' title='bbox 3617 879 3648 929; x_wconf 91' lang='grc' dir='ltr'>ὀ</span> 
     </span>
    </p>
   </div>
   <div class='ocr_carea' id='block_1_54' title="bbox 2066 963 3645 1038">
    <p class='ocr_par' dir='ltr' id='par_1_54' title="bbox 2066 963 3645 1038">
     <span class='ocr_line' id='line_1_54' title="bbox 2066 963 3645 1038; baseline 0.002 -22"><span class='ocrx_word' id='word_1_387' title='bbox 2066 963 2377 1028; x_wconf 85' lang='grc' dir='ltr'>Ἐλισσαῖος</span> <span class='ocrx_word' id='word_1_388' title='bbox 2425 963 2482 1016; x_wconf 88' lang='grc' dir='ltr'>δὲ</span> <span class='ocrx_word' id='word_1_389' title='bbox 2529 966 2625 1018; x_wconf 81' lang='grc' dir='ltr'><strong>σὺν</strong></span> <span class='ocrx_word' id='word_1_390' title='bbox 2674 967 2786 1028; x_wconf 79' lang='grc' dir='ltr'>τοῖς</span> <span class='ocrx_word' id='word_1_391' title='bbox 2821 968 2936 1034; x_wconf 84' lang='grc' dir='ltr'>μετ’</span> <span class='ocrx_word' id='word_1_392' title='bbox 2962 965 3125 1019; x_wconf 79' lang='grc' dir='ltr'>αὐτοῦ</span> <span class='ocrx_word' id='word_1_393' title='bbox 3167 966 3395 1037; x_wconf 75' lang='grc' dir='ltr'>βοτάνας</span> <span class='ocrx_word' id='word_1_394' title='bbox 3423 969 3645 1038; x_wconf 69' lang='grc' dir='ltr'>ἤσθιεν,</span> 
     </span>
    </p>
   </div>
   <div class='ocr_carea' id='block_1_55' title="bbox 2054 1051 3646 1127">
    <p class='ocr_par' dir='ltr' id='par_1_55' title="bbox 2054 1051 3646 1127">
     <span class='ocr_line' id='line_1_55' title="bbox 2054 1051 3646 1127; baseline 0.002 -18"><span class='ocrx_word' id='word_1_395' title='bbox 2054 1055 2170 1109; x_wconf 85' lang='grc' dir='ltr'>ἀλλ’</span> <span class='ocrx_word' id='word_1_396' title='bbox 2204 1051 2321 1126; x_wconf 77' lang='grc' dir='ltr'>εἶχε</span> <span class='ocrx_word' id='word_1_397' title='bbox 2363 1055 2452 1108; x_wconf 85' lang='grc' dir='ltr'><strong>τὸν</strong></span> <span class='ocrx_word' id='word_1_398' title='bbox 2483 1057 2539 1109; x_wconf 81' lang='grc' dir='ltr'><strong>έν</strong></span> <span class='ocrx_word' id='word_1_399' title='bbox 2583 1056 2730 1127; x_wconf 85' lang='grc' dir='ltr'>αύτῷ</span> <span class='ocrx_word' id='word_1_400' title='bbox 2763 1055 2940 1121; x_wconf 76' lang='grc' dir='ltr'>ζῶντα</span> <span class='ocrx_word' id='word_1_401' title='bbox 2973 1059 3173 1126; x_wconf 81' lang='grc' dir='ltr'><strong>Λόγον·</strong></span> <span class='ocrx_word' id='word_1_402' title='bbox 3225 1060 3318 1112; x_wconf 78' lang='grc' dir='ltr'><strong>καὶ</strong></span> <span class='ocrx_word' id='word_1_403' title='bbox 3345 1059 3542 1112; x_wconf 83' lang='grc' dir='ltr'>τούτου</span> <span class='ocrx_word' id='word_1_404' title='bbox 3573 1060 3646 1112; x_wconf 71' lang='grc' dir='ltr'>τὰ</span> 
     </span>
    </p>
   </div>
   <div class='ocr_carea' id='block_1_56' title="bbox 2053 1150 3645 1224">
    <p class='ocr_par' dir='ltr' id='par_1_56' title="bbox 2053 1150 3645 1224">
     <span class='ocr_line' id='line_1_56' title="bbox 2053 1150 3645 1224; baseline 0.002 -23"><span class='ocrx_word' id='word_1_405' title='bbox 2053 1150 2188 1202; x_wconf 81' lang='grc' dir='ltr'>ὀστᾶ</span> <span class='ocrx_word' id='word_1_406' title='bbox 2231 1150 2635 1220; x_wconf 86' lang='grc' dir='ltr'>τελευτήσαντα</span> <span class='ocrx_word' id='word_1_407' title='bbox 2681 1151 2943 1222; x_wconf 83' lang='grc' dir='ltr'>ἀνέστησε</span> <span class='ocrx_word' id='word_1_408' title='bbox 2995 1151 3207 1222; x_wconf 78' lang='grc' dir='ltr'>νεκρὸν,</span> <span class='ocrx_word' id='word_1_409' title='bbox 3250 1152 3645 1224; x_wconf 62' lang='grc' dir='ltr'>γνωρίσμτος</span> 
     </span>
    </p>
   </div>
   <div class='ocr_carea' id='block_1_57' title="bbox 2055 1241 3642 1312">
    <p class='ocr_par' dir='ltr' id='par_1_57' title="bbox 2055 1241 3642 1312">
     <span class='ocr_line' id='line_1_57' title="bbox 2055 1241 3642 1312; baseline 0.001 -18"><span class='ocrx_word' id='word_1_410' title='bbox 2055 1241 2354 1312; x_wconf 77' lang='grc' dir='ltr'>διδομένου,</span> <span class='ocrx_word' id='word_1_411' title='bbox 2385 1244 2466 1296; x_wconf 81' lang='grc' dir='ltr'><strong>ὅτι</strong></span> <span class='ocrx_word' id='word_1_412' title='bbox 2493 1243 2588 1296; x_wconf 87' lang='grc' dir='ltr'><strong>τοῦ</strong></span> <span class='ocrx_word' id='word_1_413' title='bbox 2629 1243 2837 1296; x_wconf 85' lang='grc' dir='ltr'>δικαίου</span> <span class='ocrx_word' id='word_1_414' title='bbox 2869 1243 3022 1307; x_wconf 72' lang='grc' dir='ltr'>ἐλπὶς</span> <span class='ocrx_word' id='word_1_415' title='bbox 3051 1245 3150 1296; x_wconf 85' lang='grc' dir='ltr'><strong>ούκ</strong></span> <span class='ocrx_word' id='word_1_416' title='bbox 3178 1244 3492 1298; x_wconf 85' lang='grc' dir='ltr'>ἀπόλλυται.</span> <span class='ocrx_word' id='word_1_417' title='bbox 3539 1245 3642 1297; x_wconf 83' lang='grc' dir='ltr'><strong>Ἰε-</strong></span> 
     </span>
    </p>
   </div>
   <div class='ocr_carea' id='block_1_58' title="bbox 2059 1335 3644 1409">
    <p class='ocr_par' dir='ltr' id='par_1_58' title="bbox 2059 1335 3644 1409">
     <span class='ocr_line' id='line_1_58' title="bbox 2059 1335 3644 1409; baseline 0.003 -23"><span class='ocrx_word' id='word_1_418' title='bbox 2059 1335 2252 1406; x_wconf 87' lang='grc' dir='ltr'>ρεμίαν</span> <span class='ocrx_word' id='word_1_419' title='bbox 2283 1337 2361 1400; x_wconf 83' lang='grc' dir='ltr'>εἰς</span> <span class='ocrx_word' id='word_1_420' title='bbox 2395 1335 2594 1390; x_wconf 84' lang='grc' dir='ltr'>λάκκον</span> <span class='ocrx_word' id='word_1_421' title='bbox 2635 1336 2893 1408; x_wconf 85' lang='grc' dir='ltr'>βορϐόρου</span> <span class='ocrx_word' id='word_1_422' title='bbox 2921 1337 3172 1391; x_wconf 78' lang='grc' dir='ltr'>ἐνέϐαλον</span> <span class='ocrx_word' id='word_1_423' title='bbox 3203 1337 3400 1404; x_wconf 81' lang='grc' dir='ltr'>ζῶντα,</span> <span class='ocrx_word' id='word_1_424' title='bbox 3437 1337 3644 1409; x_wconf 78' lang='grc' dir='ltr'>ζηλού-</span> 
     </span>
    </p>
   </div>
   <div class='ocr_carea' id='block_1_59' title="bbox 2057 1428 3646 1501">
    <p class='ocr_par' dir='ltr' id='par_1_59' title="bbox 2057 1428 3646 1501">
     <span class='ocr_line' id='line_1_59' title="bbox 2057 1428 3646 1501; baseline 0.002 -21"><span class='ocrx_word' id='word_1_425' title='bbox 2057 1445 2215 1499; x_wconf 90' lang='grc' dir='ltr'>μενον</span> <span class='ocrx_word' id='word_1_426' title='bbox 2282 1429 2386 1480; x_wconf 87' lang='grc' dir='ltr'><strong>ὑπὸ</strong></span> <span class='ocrx_word' id='word_1_427' title='bbox 2437 1428 2544 1481; x_wconf 91' lang='grc' dir='ltr'><strong>τῶν</strong></span> <span class='ocrx_word' id='word_1_428' title='bbox 2594 1429 3077 1500; x_wconf 77' lang='grc' dir='ltr'>ψευδοπροφητῶν,</span> <span class='ocrx_word' id='word_1_429' title='bbox 3140 1430 3196 1482; x_wconf 85' lang='lat'><strong>&#39;0</strong></span> <span class='ocrx_word' id='word_1_430' title='bbox 3248 1430 3306 1483; x_wconf 82' lang='grc' dir='ltr'><strong>δὲ</strong></span> <span class='ocrx_word' id='word_1_431' title='bbox 3371 1430 3646 1501; x_wconf 79' lang='grc' dir='ltr'>Ἰεζεκιὴλ</span> 
     </span>
    </p>
   </div>
   <div class='ocr_carea' id='block_1_60' title="bbox 2054 1515 3648 1594">
    <p class='ocr_par' dir='ltr' id='par_1_60' title="bbox 2054 1515 3648 1594">
     <span class='ocr_line' id='line_1_60' title="bbox 2054 1515 3648 1594; baseline 0.004 -24"><span class='ocrx_word' id='word_1_432' title='bbox 2054 1517 2392 1589; x_wconf 84' lang='grc' dir='ltr'>κοιμώμενος</span> <span class='ocrx_word' id='word_1_433' title='bbox 2433 1515 2502 1590; x_wconf 77' lang='grc' dir='ltr'>ἦν</span> <span class='ocrx_word' id='word_1_434' title='bbox 2539 1521 2630 1573; x_wconf 84' lang='grc' dir='ltr'>ὲπὶ</span> <span class='ocrx_word' id='word_1_435' title='bbox 2673 1521 2741 1574; x_wconf 78' lang='grc' dir='ltr'>τὸ.</span> <span class='ocrx_word' id='word_1_436' title='bbox 2789 1521 2998 1593; x_wconf 78' lang='grc' dir='ltr'>πλευρά</span> <span class='ocrx_word' id='word_1_437' title='bbox 3026 1521 3238 1594; x_wconf 80' lang='grc' dir='ltr'>ἡμέρας</span> <span class='ocrx_word' id='word_1_438' title='bbox 3267 1522 3395 1586; x_wconf 83' lang='grc' dir='ltr'>ὅλας</span> <span class='ocrx_word' id='word_1_439' title='bbox 3440 1523 3648 1577; x_wconf 67' lang='grc' dir='ltr'>ἑκατὸν</span> 
     </span>
    </p>
   </div>
   <div class='ocr_carea' id='block_1_61' title="bbox 2053 1600 3646 1686">
    <p class='ocr_par' dir='ltr' id='par_1_61' title="bbox 2053 1600 3646 1686">
     <span class='ocr_line' id='line_1_61' title="bbox 2053 1600 3646 1686; baseline 0.003 -24"><span class='ocrx_word' id='word_1_440' title='bbox 2053 1611 2400 1681; x_wconf 73' lang='grc' dir='ltr'>ἐνενήκοντα,</span> <span class='ocrx_word' id='word_1_441' title='bbox 2435 1611 2632 1665; x_wconf 75' lang='grc' dir='ltr'>ἐσθίων</span> <span class='ocrx_word' id='word_1_442' title='bbox 2661 1613 2823 1685; x_wconf 79' lang='grc' dir='ltr'>ἄρτον</span> <span class='ocrx_word' id='word_1_443' title='bbox 2851 1615 2945 1666; x_wconf 80' lang='grc' dir='ltr'><strong>καὶ</strong></span> <span class='ocrx_word' id='word_1_444' title='bbox 2970 1615 3138 1668; x_wconf 84' lang='grc' dir='ltr'>πίνων</span> <span class='ocrx_word' id='word_1_445' title='bbox 3168 1611 3307 1668; x_wconf 80' lang='grc' dir='ltr'>οἶνον</span> <span class='ocrx_word' id='word_1_446' title='bbox 3335 1600 3394 1670; x_wconf 65' lang='grc' dir='ltr'>ἓν</span> <span class='ocrx_word' id='word_1_447' title='bbox 3428 1616 3646 1686; x_wconf 72' lang='grc' dir='ltr'>μέτρῳ,</span> 
     </span>
    </p>
   </div>
   <div class='ocr_carea' id='block_1_62' title="bbox 2051 1695 3647 1780">
    <p class='ocr_par' dir='ltr' id='par_1_62' title="bbox 2051 1700 3647 1780">
     <span class='ocr_line' id='line_1_62' title="bbox 2051 1700 3647 1780; baseline 0.003 -25"><span class='ocrx_word' id='word_1_448' title='bbox 2051 1703 2114 1756; x_wconf 84' lang='grc' dir='ltr'><strong>ού</strong></span> <span class='ocrx_word' id='word_1_449' title='bbox 2155 1705 2500 1776; x_wconf 79' lang='grc' dir='ltr'>μετεστράφη</span> <span class='ocrx_word' id='word_1_450' title='bbox 2533 1706 2643 1759; x_wconf 84' lang='grc' dir='ltr'><strong>ἀπὸ</strong></span> <span class='ocrx_word' id='word_1_451' title='bbox 2674 1706 2906 1778; x_wconf 80' lang='grc' dir='ltr'>πλευροῦ</span> <span class='ocrx_word' id='word_1_452' title='bbox 2937 1707 3032 1759; x_wconf 80' lang='grc' dir='ltr'><strong>ἐπὶ</strong></span> <span class='ocrx_word' id='word_1_453' title='bbox 3059 1708 3120 1760; x_wconf 87' lang='grc' dir='ltr'><strong>τὸ</strong></span> <span class='ocrx_word' id='word_1_454' title='bbox 3147 1707 3399 1780; x_wconf 72' lang='grc' dir='ltr'>πλευρὸν,</span> <span class='ocrx_word' id='word_1_455' title='bbox 3432 1708 3544 1771; x_wconf 77' lang='grc' dir='ltr'><strong>ἕως</strong></span> <span class='ocrx_word' id='word_1_456' title='bbox 3581 1700 3647 1761; x_wconf 76' lang='grc' dir='ltr'>οὗ</span> 
     </span>
    </p>
   </div>
   <div class='ocr_carea' id='block_1_63' title="bbox 2051 1793 3648 1869">
    <p class='ocr_par' dir='ltr' id='par_1_63' title="bbox 2051 1793 3648 1869">
     <span class='ocr_line' id='line_1_63' title="bbox 2051 1793 3648 1869; baseline 0.003 -22"><span class='ocrx_word' id='word_1_457' title='bbox 2051 1795 2081 1847; x_wconf 84' lang='grc' dir='ltr'><strong>ὁ</strong></span> <span class='ocrx_word' id='word_1_458' title='bbox 2107 1795 2238 1858; x_wconf 80' lang='grc' dir='ltr'>Θεὸς</span> <span class='ocrx_word' id='word_1_459' title='bbox 2274 1796 2421 1866; x_wconf 81' lang='grc' dir='ltr'>αὐτῷ</span> <span class='ocrx_word' id='word_1_460' title='bbox 2455 1793 2624 1850; x_wconf 78' lang='grc' dir='ltr'>εἴπεν.</span> <span class='ocrx_word' id='word_1_461' title='bbox 2655 1801 2718 1852; x_wconf 83' lang='grc' dir='ltr'>Οί</span> <span class='ocrx_word' id='word_1_462' title='bbox 2751 1799 2807 1851; x_wconf 82' lang='grc' dir='ltr'>δὲ</span> <span class='ocrx_word' id='word_1_463' title='bbox 2851 1800 3270 1860; x_wconf 77' lang='grc' dir='ltr'>καταλείποντες</span> <span class='ocrx_word' id='word_1_464' title='bbox 3300 1800 3393 1852; x_wconf 78' lang='grc' dir='ltr'><strong>τὸν</strong></span> <span class='ocrx_word' id='word_1_465' title='bbox 3431 1798 3648 1869; x_wconf 78' lang='grc' dir='ltr'>Κύριον</span> 
     </span>
    </p>
   </div>
   <div class='ocr_carea' id='block_1_64' title="bbox 2057 1886 3648 1960">
    <p class='ocr_par' dir='ltr' id='par_1_64' title="bbox 2057 1886 3648 1960">
     <span class='ocr_line' id='line_1_64' title="bbox 2057 1886 3648 1960; baseline 0.003 -23"><span class='ocrx_word' id='word_1_466' title='bbox 2057 1886 2519 1956; x_wconf 69' lang='grc' dir='ltr'>μεταστρέφονται</span> <span class='ocrx_word' id='word_1_467' title='bbox 2553 1889 2633 1951; x_wconf 84' lang='grc' dir='ltr'><strong>εἰς</strong></span> <span class='ocrx_word' id='word_1_468' title='bbox 2676 1888 2737 1940; x_wconf 79' lang='grc' dir='ltr'><strong>τὸ</strong></span> <span class='ocrx_word' id='word_1_469' title='bbox 2783 1888 3014 1960; x_wconf 76' lang='grc' dir='ltr'>πλευρὸν</span> <span class='ocrx_word' id='word_1_470' title='bbox 3057 1890 3157 1959; x_wconf 78' lang='grc' dir='ltr'><strong>τῆς</strong></span> <span class='ocrx_word' id='word_1_471' title='bbox 3203 1889 3338 1952; x_wconf 82' lang='grc' dir='ltr'>ἰδίας</span> <span class='ocrx_word' id='word_1_472' title='bbox 3384 1889 3648 1942; x_wconf 81' lang='grc' dir='ltr'>ἀναπαύ-</span> 
     </span>
    </p>
   </div>
   <div class='ocr_carea' id='block_1_65' title="bbox 1983 1962 3649 2051">
    <p class='ocr_par' dir='ltr' id='par_1_65' title="bbox 1983 1962 3649 2051">
     <span class='ocr_line' id='line_1_65' title="bbox 1983 1962 3649 2051; baseline 0.003 -23"><span class='ocrx_word' id='word_1_473' title='bbox 1983 1962 2025 2016; x_wconf 79' lang='grc' dir='ltr'><strong>Β</strong></span> <span class='ocrx_word' id='word_1_474' title='bbox 2056 1993 2216 2040; x_wconf 89' lang='grc' dir='ltr'>σεως,</span> <span class='ocrx_word' id='word_1_475' title='bbox 2246 1979 2441 2041; x_wconf 81' lang='grc' dir='ltr'>οἵτινες</span> <span class='ocrx_word' id='word_1_476' title='bbox 2467 1978 2701 2050; x_wconf 62' lang='grc' dir='ltr'>ιέκδηλοί</span> <span class='ocrx_word' id='word_1_477' title='bbox 2744 1982 2850 2032; x_wconf 85' lang='grc' dir='ltr'>εἰσι</span> <span class='ocrx_word' id='word_1_478' title='bbox 2879 1980 3135 2044; x_wconf 86' lang='grc' dir='ltr'>λαϐόντες</span> <span class='ocrx_word' id='word_1_479' title='bbox 3167 1980 3500 2034; x_wconf 81' lang='grc' dir='ltr'>άπεντεῦθεν</span> <span class='ocrx_word' id='word_1_480' title='bbox 3541 1980 3649 2051; x_wconf 82' lang='grc' dir='ltr'>τὴν</span> 
     </span>
    </p>
   </div>
   <div class='ocr_carea' id='block_1_66' title="bbox 2052 2065 3650 2141">
    <p class='ocr_par' dir='ltr' id='par_1_66' title="bbox 2052 2065 3650 2141">
     <span class='ocr_line' id='line_1_66' title="bbox 2052 2065 3650 2141; baseline 0.001 -21"><span class='ocrx_word' id='word_1_481' title='bbox 2052 2066 2259 2120; x_wconf 78' lang='grc' dir='ltr'>ἑαυτῶν</span> <span class='ocrx_word' id='word_1_482' title='bbox 2289 2069 2504 2138; x_wconf 87' lang='grc' dir='ltr'>μερίδα.</span> <span class='ocrx_word' id='word_1_483' title='bbox 2561 2069 2907 2139; x_wconf 86' lang='grc' dir='ltr'>Ἐπιμείνατε</span> <span class='ocrx_word' id='word_1_484' title='bbox 2945 2065 3039 2123; x_wconf 73' lang='grc' dir='ltr'><strong>οὖν</strong></span> <span class='ocrx_word' id='word_1_485' title='bbox 3063 2070 3154 2122; x_wconf 77' lang='grc' dir='ltr'><strong>ἐπὶ</strong></span> <span class='ocrx_word' id='word_1_486' title='bbox 3177 2071 3239 2121; x_wconf 88' lang='grc' dir='ltr'><strong>τὸ</strong></span> <span class='ocrx_word' id='word_1_487' title='bbox 3268 2069 3502 2141; x_wconf 76' lang='grc' dir='ltr'>πλευρὸν</span> <span class='ocrx_word' id='word_1_488' title='bbox 3535 2070 3650 2133; x_wconf 80' lang='grc' dir='ltr'><strong>ἕως</strong></span> 
     </span>
    </p>
   </div>
   <div class='ocr_carea' id='block_1_67' title="bbox 2050 2156 3647 2233">
    <p class='ocr_par' dir='ltr' id='par_1_67' title="bbox 2050 2156 3647 2233">
     <span class='ocr_line' id='line_1_67' title="bbox 2050 2156 3647 2233; baseline 0.004 -24"><span class='ocrx_word' id='word_1_489' title='bbox 2050 2156 2116 2210; x_wconf 82' lang='grc' dir='ltr'>ἂν</span> <span class='ocrx_word' id='word_1_490' title='bbox 2157 2159 2189 2228; x_wconf 79' lang='grc' dir='ltr'><strong>ἡ</strong></span> <span class='ocrx_word' id='word_1_491' title='bbox 2224 2157 2437 2230; x_wconf 80' lang='grc' dir='ltr'>θειότης</span> <span class='ocrx_word' id='word_1_492' title='bbox 2465 2159 2765 2233; x_wconf 79' lang='grc' dir='ltr'>προστάξῃ.</span> <span class='ocrx_word' id='word_1_493' title='bbox 2807 2163 2868 2214; x_wconf 78' lang='grc' dir='ltr'><strong>Οἱ</strong></span> <span class='ocrx_word' id='word_1_494' title='bbox 2894 2160 3002 2233; x_wconf 81' lang='grc' dir='ltr'>γὰρ</span> <span class='ocrx_word' id='word_1_495' title='bbox 3028 2161 3121 2214; x_wconf 91' lang='grc' dir='ltr'><strong>τοῦ</strong></span> <span class='ocrx_word' id='word_1_496' title='bbox 3173 2161 3429 2232; x_wconf 76' lang='grc' dir='ltr'>Ἰεζεκιὴλ</span> <span class='ocrx_word' id='word_1_497' title='bbox 3461 2160 3647 2232; x_wconf 84' lang='grc' dir='ltr'>μεγά-</span> 
     </span>
    </p>
   </div>
   <div class='ocr_carea' id='block_1_68' title="bbox 2048 2247 3645 2322">
    <p class='ocr_par' dir='ltr' id='par_1_68' title="bbox 2048 2247 3645 2322">
     <span class='ocr_line' id='line_1_68' title="bbox 2048 2247 3645 2322; baseline 0.004 -22"><span class='ocrx_word' id='word_1_498' title='bbox 2048 2247 2129 2301; x_wconf 88' lang='grc' dir='ltr'><strong>λοι</strong></span> <span class='ocrx_word' id='word_1_499' title='bbox 2162 2249 2351 2319; x_wconf 86' lang='grc' dir='ltr'>δεσμοί</span> <span class='ocrx_word' id='word_1_500' title='bbox 2381 2253 2516 2303; x_wconf 87' lang='grc' dir='ltr'>εἰσιν</span> <span class='ocrx_word' id='word_1_501' title='bbox 2550 2254 2598 2304; x_wconf 73' lang='lat' dir='ltr'><strong>oi</strong></span> <span class='ocrx_word' id='word_1_502' title='bbox 2633 2251 2970 2322; x_wconf 87' lang='grc' dir='ltr'>βεϐαιότατοι</span> <span class='ocrx_word' id='word_1_503' title='bbox 3018 2253 3164 2322; x_wconf 83' lang='grc' dir='ltr'>λόγοι</span> <span class='ocrx_word' id='word_1_504' title='bbox 3192 2253 3285 2306; x_wconf 87' lang='grc' dir='ltr'><strong>τοῦ</strong></span> <span class='ocrx_word' id='word_1_505' title='bbox 3329 2253 3485 2306; x_wconf 85' lang='grc' dir='ltr'>Θεοῦ.</span> <span class='ocrx_word' id='word_1_506' title='bbox 3529 2253 3645 2307; x_wconf 84' lang='grc' dir='ltr'><strong>Τοῦ</strong></span> 
     </span>
    </p>
   </div>
   <div class='ocr_carea' id='block_1_69' title="bbox 2047 2338 3643 2416">
    <p class='ocr_par' dir='ltr' id='par_1_69' title="bbox 2047 2338 3643 2416">
     <span class='ocr_line' id='line_1_69' title="bbox 2047 2338 3643 2416; baseline 0.001 -21"><span class='ocrx_word' id='word_1_507' title='bbox 2047 2338 2105 2395; x_wconf 86' lang='grc' dir='ltr'>δὲ</span> <span class='ocrx_word' id='word_1_508' title='bbox 2147 2340 2344 2412; x_wconf 80' lang='grc' dir='ltr'>Δανιὴλ</span> <span class='ocrx_word' id='word_1_509' title='bbox 2396 2343 2781 2415; x_wconf 84' lang='grc' dir='ltr'>κατηγόρησαν</span> <span class='ocrx_word' id='word_1_510' title='bbox 2823 2347 2871 2397; x_wconf 90' lang='grc' dir='ltr'>οἱ</span> <span class='ocrx_word' id='word_1_511' title='bbox 2916 2346 3211 2416; x_wconf 75' lang='grc' dir='ltr'>σατράπαι,</span> <span class='ocrx_word' id='word_1_512' title='bbox 3247 2343 3492 2396; x_wconf 84' lang='grc' dir='ltr'>κωλῦσαι</span> <span class='ocrx_word' id='word_1_513' title='bbox 3545 2343 3643 2396; x_wconf 88' lang='grc' dir='ltr'>θέ-</span> 
     </span>
    </p>
   </div>
   <div class='ocr_carea' id='block_1_70' title="bbox 2047 2431 3647 2507">
    <p class='ocr_par' dir='ltr' id='par_1_70' title="bbox 2047 2431 3647 2507">
     <span class='ocr_line' id='line_1_70' title="bbox 2047 2431 3647 2507; baseline 0.003 -23"><span class='ocrx_word' id='word_1_514' title='bbox 2047 2431 2230 2497; x_wconf 88' lang='grc' dir='ltr'>λοντες</span> <span class='ocrx_word' id='word_1_515' title='bbox 2253 2436 2412 2488; x_wconf 76' lang='grc' dir='ltr'>αὑτὸν</span> <span class='ocrx_word' id='word_1_516' title='bbox 2437 2437 2545 2490; x_wconf 88' lang='grc' dir='ltr'><strong>τῶν</strong></span> <span class='ocrx_word' id='word_1_517' title='bbox 2579 2438 2753 2507; x_wconf 75' lang='grc' dir='ltr'>εὐχῶν</span> <span class='ocrx_word' id='word_1_518' title='bbox 2774 2456 2786 2468; x_wconf 91' lang='grc'><strong>·</strong></span> <span class='ocrx_word' id='word_1_519' title='bbox 2822 2440 2850 2492; x_wconf 89' lang='grc' dir='ltr'>ὁ</span> <span class='ocrx_word' id='word_1_520' title='bbox 2877 2439 2933 2491; x_wconf 82' lang='grc' dir='ltr'>δὲ</span> <span class='ocrx_word' id='word_1_521' title='bbox 2952 2439 3049 2491; x_wconf 83' lang='grc' dir='ltr'><strong>οὐκ</strong></span> <span class='ocrx_word' id='word_1_522' title='bbox 3088 2437 3225 2490; x_wconf 78' lang='grc' dir='ltr'>ὲπαύ</span> <span class='ocrx_word' id='word_1_523' title='bbox 3236 2454 3382 2502; x_wconf 81' lang='grc' dir='ltr'>σατο,</span> <span class='ocrx_word' id='word_1_524' title='bbox 3407 2435 3503 2489; x_wconf 76' lang='grc' dir='ltr'><strong>καὶ</strong></span> <span class='ocrx_word' id='word_1_525' title='bbox 3553 2437 3647 2488; x_wconf 83' lang='grc' dir='ltr'><strong>ἐν·</strong></span> 
     </span>
    </p>
   </div>
   <div class='ocr_carea' id='block_1_71' title="bbox 2050 2525 3644 2599">
    <p class='ocr_par' dir='ltr' id='par_1_71' title="bbox 2050 2525 3644 2599">
     <span class='ocr_line' id='line_1_71' title="bbox 2050 2525 3644 2599; baseline 0.003 -22"><span class='ocrx_word' id='word_1_526' title='bbox 2050 2525 2254 2598; x_wconf 83' lang='grc' dir='ltr'>εϐλήθη</span> <span class='ocrx_word' id='word_1_527' title='bbox 2285 2527 2366 2590; x_wconf 83' lang='grc' dir='ltr'>δίς</span> <span class='ocrx_word' id='word_1_528' title='bbox 2395 2530 2474 2590; x_wconf 84' lang='grc' dir='ltr'><strong>είς</strong></span> <span class='ocrx_word' id='word_1_529' title='bbox 2506 2527 2709 2581; x_wconf 84' lang='grc' dir='ltr'>λάκκον</span> <span class='ocrx_word' id='word_1_530' title='bbox 2737 2527 2966 2581; x_wconf 89' lang='grc' dir='ltr'>λεόντων</span> <span class='ocrx_word' id='word_1_531' title='bbox 2987 2547 2998 2559; x_wconf 76' lang='grc'><strong><em>⁸</em></strong></span> <span class='ocrx_word' id='word_1_532' title='bbox 3031 2530 3063 2581; x_wconf 85' lang='grc' dir='ltr'><strong>ὁ.</strong></span> <span class='ocrx_word' id='word_1_533' title='bbox 3089 2527 3146 2582; x_wconf 85' lang='grc' dir='ltr'><strong>δὲ</strong></span> <span class='ocrx_word' id='word_1_534' title='bbox 3176 2528 3309 2591; x_wconf 82' lang='grc' dir='ltr'>Θεὸς</span> <span class='ocrx_word' id='word_1_535' title='bbox 3335 2529 3644 2599; x_wconf 76' lang='grc' dir='ltr'>ὲνέφραξεν</span> 
     </span>
    </p>
   </div>
   <div class='ocr_carea' id='block_1_72' title="bbox 2054 2619 3640 2692">
    <p class='ocr_par' dir='ltr' id='par_1_72' title="bbox 2054 2619 3640 2692">
     <span class='ocr_line' id='line_1_72' title="bbox 2054 2619 3640 2692; baseline 0.001 -20"><span class='ocrx_word' id='word_1_536' title='bbox 2054 2619 2236 2672; x_wconf 84' lang='grc' dir='ltr'>αὐτῶν</span> <span class='ocrx_word' id='word_1_537' title='bbox 2259 2619 2328 2672; x_wconf 78' lang='grc' dir='ltr'>τὰ</span> <span class='ocrx_word' id='word_1_538' title='bbox 2351 2621 2612 2690; x_wconf 88' lang='grc' dir='ltr'>στόματα.</span> <span class='ocrx_word' id='word_1_539' title='bbox 2637 2621 2747 2674; x_wconf 76' lang='grc' dir='ltr'><strong>Καὶ</strong></span> <span class='ocrx_word' id='word_1_540' title='bbox 2770 2623 3006 2692; x_wconf 84' lang='grc' dir='ltr'>σήμερον</span> <span class='ocrx_word' id='word_1_541' title='bbox 3029 2620 3423 2691; x_wconf 79' lang='grc' dir='ltr'>κατηγοροῦσιν</span> <span class='ocrx_word' id='word_1_542' title='bbox 3448 2621 3640 2692; x_wconf 81' lang='grc' dir='ltr'>ἡμῶν,</span> 
     </span>
    </p>
   </div>
   <div class='ocr_carea' id='block_1_73' title="bbox 2050 2710 3644 2784">
    <p class='ocr_par' dir='ltr' id='par_1_73' title="bbox 2050 2710 3644 2784">
     <span class='ocr_line' id='line_1_73' title="bbox 2050 2710 3644 2784; baseline 0.002 -21"><span class='ocrx_word' id='word_1_543' title='bbox 2050 2712 2125 2781; x_wconf 82' lang='grc' dir='ltr'>μὴ</span> <span class='ocrx_word' id='word_1_544' title='bbox 2157 2710 2406 2775; x_wconf 88' lang='grc' dir='ltr'>θέλοντες</span> <span class='ocrx_word' id='word_1_545' title='bbox 2438 2711 2832 2784; x_wconf 80' lang='grc' dir='ltr'>προσεύχεσθαι</span> <span class='ocrx_word' id='word_1_546' title='bbox 2863 2714 3011 2782; x_wconf 82' lang='grc' dir='ltr'>ἡμᾶς</span> <span class='ocrx_word' id='word_1_547' title='bbox 3053 2714 3189 2784; x_wconf 72' lang='grc' dir='ltr'>πρὸς</span> <span class='ocrx_word' id='word_1_548' title='bbox 3221 2713 3311 2765; x_wconf 83' lang='grc' dir='ltr'><strong>τὸν</strong></span> <span class='ocrx_word' id='word_1_549' title='bbox 3341 2713 3496 2766; x_wconf 85' lang='grc' dir='ltr'>Θεόν.</span> <span class='ocrx_word' id='word_1_550' title='bbox 3531 2714 3644 2766; x_wconf 79' lang='grc' dir='ltr'><strong>Φα-</strong></span> 
     </span>
    </p>
   </div>
   <div class='ocr_carea' id='block_1_74' title="bbox 2046 2802 3641 2875">
    <p class='ocr_par' dir='ltr' id='par_1_74' title="bbox 2046 2802 3641 2875">
     <span class='ocr_line' id='line_1_74' title="bbox 2046 2802 3641 2875; baseline -0.001 -18"><span class='ocrx_word' id='word_1_551' title='bbox 2046 2803 2202 2875; x_wconf 85' lang='grc' dir='ltr'>νερὸν</span> <span class='ocrx_word' id='word_1_552' title='bbox 2230 2802 2408 2870; x_wconf 90' lang='grc' dir='ltr'>τοῦτο,</span> <span class='ocrx_word' id='word_1_553' title='bbox 2448 2803 2530 2856; x_wconf 84' lang='grc' dir='ltr'>ὅτι</span> <span class='ocrx_word' id='word_1_554' title='bbox 2570 2803 2663 2855; x_wconf 76' lang='grc' dir='ltr'><strong>καὶ</strong></span> <span class='ocrx_word' id='word_1_555' title='bbox 2693 2804 2839 2873; x_wconf 83' lang='grc' dir='ltr'>ἡμᾶς</span> <span class='ocrx_word' id='word_1_556' title='bbox 2868 2803 3143 2866; x_wconf 86' lang='grc' dir='ltr'>διώκουσι,</span> <span class='ocrx_word' id='word_1_557' title='bbox 3174 2804 3270 2855; x_wconf 76' lang='grc' dir='ltr'>καὶ</span> <span class='ocrx_word' id='word_1_558' title='bbox 3298 2805 3424 2866; x_wconf 77' lang='grc' dir='ltr'>τοὺς</span> <span class='ocrx_word' id='word_1_559' title='bbox 3453 2803 3641 2856; x_wconf 86' lang='grc' dir='ltr'>Πατέ-</span> 
     </span>
    </p>
   </div>
   <div class='ocr_carea' id='block_1_75' title="bbox 2049 2893 3642 2968">
    <p class='ocr_par' dir='ltr' id='par_1_75' title="bbox 2049 2893 3642 2968">
     <span class='ocr_line' id='line_1_75' title="bbox 2049 2893 3642 2968; baseline -0.003 -20"><span class='ocrx_word' id='word_1_560' title='bbox 2049 2913 2148 2968; x_wconf 91' lang='grc' dir='ltr'><strong>ρας</strong></span> <span class='ocrx_word' id='word_1_561' title='bbox 2176 2895 2335 2966; x_wconf 79' lang='grc' dir='ltr'>ἡμῶν</span> <span class='ocrx_word' id='word_1_562' title='bbox 2387 2896 2514 2958; x_wconf 76' lang='grc' dir='ltr'>τοὺς</span> <span class='ocrx_word' id='word_1_563' title='bbox 2570 2894 2922 2957; x_wconf 78' lang='grc' dir='ltr'>ἐπισκόπους.</span> <span class='ocrx_word' id='word_1_564' title='bbox 2971 2894 3257 2963; x_wconf 81' lang='grc' dir='ltr'>Μακάριος</span> <span class='ocrx_word' id='word_1_565' title='bbox 3297 2893 3435 2963; x_wconf 74' lang='grc' dir='ltr'>ἀνὴρ</span> <span class='ocrx_word' id='word_1_566' title='bbox 3478 2894 3642 2956; x_wconf 79' lang='grc' dir='ltr'>ὅστις</span> 
     </span>
    </p>
   </div>
   <div class='ocr_carea' id='block_1_76' title="bbox 2046 2983 3640 3057">
    <p class='ocr_par' dir='ltr' id='par_1_76' title="bbox 2046 2983 3640 3057">
     <span class='ocr_line' id='line_1_76' title="bbox 2046 2983 3640 3057; baseline -0.003 -17"><span class='ocrx_word' id='word_1_567' title='bbox 2046 2986 2337 3057; x_wconf 81' lang='grc' dir='ltr'>ἆμεμπτός</span> <span class='ocrx_word' id='word_1_568' title='bbox 2379 2989 2518 3047; x_wconf 78' lang='grc' dir='ltr'>ἐστι,</span> <span class='ocrx_word' id='word_1_569' title='bbox 2551 2985 2645 3038; x_wconf 71' lang='grc' dir='ltr'>καὶ</span> <span class='ocrx_word' id='word_1_570' title='bbox 2674 2986 2770 3054; x_wconf 81' lang='grc' dir='ltr'>οὐχ</span> <span class='ocrx_word' id='word_1_571' title='bbox 2815 2984 3010 3056; x_wconf 76' lang='grc' dir='ltr'>εὑρέθη</span> <span class='ocrx_word' id='word_1_572' title='bbox 3044 2987 3100 3037; x_wconf 82' lang='grc' dir='ltr'><strong>ὲν</strong></span> <span class='ocrx_word' id='word_1_573' title='bbox 3139 2983 3286 3054; x_wconf 81' lang='grc' dir='ltr'>αύτῷ</span> <span class='ocrx_word' id='word_1_574' title='bbox 3314 2985 3480 3047; x_wconf 85' lang='grc' dir='ltr'>αἰτία,</span> <span class='ocrx_word' id='word_1_575' title='bbox 3518 2984 3640 3038; x_wconf 81' lang='grc' dir='ltr'>ἀλλ’</span> 
     </span>
    </p>
   </div>
   <div class='ocr_carea' id='block_1_77' title="bbox 2047 3075 3639 3148">
    <p class='ocr_par' dir='ltr' id='par_1_77' title="bbox 2047 3075 3639 3148">
     <span class='ocr_line' id='line_1_77' title="bbox 2047 3075 3639 3148; baseline -0.001 -17"><span class='ocrx_word' id='word_1_576' title='bbox 2047 3077 2186 3148; x_wconf 83' lang='grc' dir='ltr'>αὓτη</span> <span class='ocrx_word' id='word_1_577' title='bbox 2222 3079 2380 3148; x_wconf 90' lang='grc' dir='ltr'>μόνη,</span> <span class='ocrx_word' id='word_1_578' title='bbox 2401 3078 2460 3130; x_wconf 79' lang='grc' dir='ltr'><strong>τὸ</strong></span> <span class='ocrx_word' id='word_1_579' title='bbox 2490 3077 2887 3148; x_wconf 79' lang='grc' dir='ltr'>προσεύχεσθαι</span> <span class='ocrx_word' id='word_1_580' title='bbox 2914 3076 3050 3146; x_wconf 85' lang='grc' dir='ltr'>πρὸς</span> <span class='ocrx_word' id='word_1_581' title='bbox 3075 3075 3166 3129; x_wconf 77' lang='grc' dir='ltr'><strong>τδν</strong></span> <span class='ocrx_word' id='word_1_582' title='bbox 3194 3075 3415 3146; x_wconf 84' lang='grc' dir='ltr'>Κύριον.</span> <span class='ocrx_word' id='word_1_583' title='bbox 3457 3076 3639 3129; x_wconf 85' lang='grc' dir='ltr'>Τοῦτό</span> 
     </span>
    </p>
   </div>
   <div class='ocr_carea' id='block_1_78' title="bbox 2045 3161 3638 3236">
    <p class='ocr_par' dir='ltr' id='par_1_78' title="bbox 2045 3161 3638 3236">
     <span class='ocr_line' id='line_1_78' title="bbox 2045 3161 3638 3236; baseline -0.003 -16"><span class='ocrx_word' id='word_1_584' title='bbox 2045 3168 2162 3220; x_wconf 76' lang='grc' dir='ltr'>ἐστι</span> <span class='ocrx_word' id='word_1_585' title='bbox 2188 3167 2247 3218; x_wconf 85' lang='grc' dir='ltr'>τὺ</span> <span class='ocrx_word' id='word_1_586' title='bbox 2288 3165 2583 3236; x_wconf 83' lang='grc' dir='ltr'>ὑπομένειν</span> <span class='ocrx_word' id='word_1_587' title='bbox 2606 3167 2684 3229; x_wconf 88' lang='grc' dir='ltr'><strong>είς</strong></span> <span class='ocrx_word' id='word_1_588' title='bbox 2715 3165 2886 3228; x_wconf 79' lang='grc' dir='ltr'>τέλος.</span> <span class='ocrx_word' id='word_1_589' title='bbox 2917 3165 3122 3236; x_wconf 76' lang='grc' dir='ltr'>Μηδεὶς</span> <span class='ocrx_word' id='word_1_590' title='bbox 3147 3161 3237 3218; x_wconf 80' lang='grc' dir='ltr'><strong>οὖν</strong></span> <span class='ocrx_word' id='word_1_591' title='bbox 3268 3166 3324 3216; x_wconf 82' lang='grc' dir='ltr'>ὲν</span> <span class='ocrx_word' id='word_1_592' title='bbox 3355 3165 3482 3234; x_wconf 77' lang='grc' dir='ltr'>ὑμῖν</span> <span class='ocrx_word' id='word_1_593' title='bbox 3529 3164 3638 3217; x_wconf 87' lang='grc' dir='ltr'>δει-</span> 
     </span>
    </p>
   </div>
   <div class='ocr_carea' id='block_1_79' title="bbox 2045 3255 3639 3329">
    <p class='ocr_par' dir='ltr' id='par_1_79' title="bbox 2045 3255 3639 3329">
     <span class='ocr_line' id='line_1_79' title="bbox 2045 3255 3639 3329; baseline -0.001 -19"><span class='ocrx_word' id='word_1_594' title='bbox 2045 3258 2366 3329; x_wconf 61' lang='grc' dir='ltr'>λοψυχείτω.</span> <span class='ocrx_word' id='word_1_595' title='bbox 2407 3259 2790 3328; x_wconf 79' lang='grc' dir='ltr'>Κατανοήσατε</span> <span class='ocrx_word' id='word_1_596' title='bbox 2819 3257 2928 3328; x_wconf 81' lang='grc' dir='ltr'>γὰρ</span> <span class='ocrx_word' id='word_1_597' title='bbox 2963 3257 3090 3320; x_wconf 82' lang='grc' dir='ltr'>τοὺς</span> <span class='ocrx_word' id='word_1_598' title='bbox 3127 3259 3274 3328; x_wconf 80' lang='grc' dir='ltr'>τρεῖς</span> <span class='ocrx_word' id='word_1_599' title='bbox 3317 3255 3510 3323; x_wconf 80' lang='grc' dir='ltr'>ἁγίους</span> <span class='ocrx_word' id='word_1_600' title='bbox 3550 3273 3639 3326; x_wconf 87' lang='grc' dir='ltr'>μι-</span> 
     </span>
    </p>
   </div>
   <div class='ocr_carea' id='block_1_80' title="bbox 2048 3350 3638 3422">
    <p class='ocr_par' dir='ltr' id='par_1_80' title="bbox 2048 3350 3638 3422">
     <span class='ocr_line' id='line_1_80' title="bbox 2048 3350 3638 3422; baseline -0.001 -18"><span class='ocrx_word' id='word_1_601' title='bbox 2048 3352 2213 3422; x_wconf 78' lang='grc' dir='ltr'>κροὺς</span> <span class='ocrx_word' id='word_1_602' title='bbox 2249 3351 2408 3413; x_wconf 78' lang='grc' dir='ltr'>δντας</span> <span class='ocrx_word' id='word_1_603' title='bbox 2438 3351 2511 3422; x_wconf 82' lang='grc' dir='ltr'>μὴ</span> <span class='ocrx_word' id='word_1_604' title='bbox 2539 3351 2909 3419; x_wconf 82' lang='grc' dir='ltr'>ὑποταγέντας</span> <span class='ocrx_word' id='word_1_605' title='bbox 2934 3353 2999 3421; x_wconf 77' lang='grc' dir='ltr'>τῇ</span> <span class='ocrx_word' id='word_1_606' title='bbox 3035 3352 3202 3403; x_wconf 74' lang='grc' dir='ltr'>εικόνι</span> <span class='ocrx_word' id='word_1_607' title='bbox 3231 3350 3638 3420; x_wconf 78' lang='grc' dir='ltr'>Ναϐουχοδονό-</span> 
     </span>
    </p>
   </div>
   <div class='ocr_carea' id='block_1_81' title="bbox 2050 3441 3638 3514">
    <p class='ocr_par' dir='ltr' id='par_1_81' title="bbox 2050 3441 3638 3514">
     <span class='ocr_line' id='line_1_81' title="bbox 2050 3441 3638 3514; baseline -0.001 -18"><span class='ocrx_word' id='word_1_608' title='bbox 2050 3461 2165 3513; x_wconf 87' lang='grc' dir='ltr'>σορ,</span> <span class='ocrx_word' id='word_1_609' title='bbox 2201 3443 2295 3496; x_wconf 70' lang='grc' dir='ltr'>καὶ</span> <span class='ocrx_word' id='word_1_610' title='bbox 2323 3443 2413 3496; x_wconf 84' lang='grc' dir='ltr'>διὰ</span> <span class='ocrx_word' id='word_1_611' title='bbox 2449 3442 2550 3511; x_wconf 83' lang='grc' dir='ltr'><strong>τῆς</strong></span> <span class='ocrx_word' id='word_1_612' title='bbox 2576 3443 2746 3514; x_wconf 74' lang='grc' dir='ltr'>αὐτῆς</span> <span class='ocrx_word' id='word_1_613' title='bbox 2768 3442 3076 3511; x_wconf 78' lang='grc' dir='ltr'>ἁγιωσύνης</span> <span class='ocrx_word' id='word_1_614' title='bbox 3104 3443 3196 3495; x_wconf 76' lang='grc' dir='ltr'><strong>καὶ</strong></span> <span class='ocrx_word' id='word_1_615' title='bbox 3224 3441 3501 3504; x_wconf 85' lang='grc' dir='ltr'>πολιτείας</span> <span class='ocrx_word' id='word_1_616' title='bbox 3534 3459 3638 3495; x_wconf 88' lang='grc' dir='ltr'>κα-</span> 
     </span>
    </p>
   </div>
   <div class='ocr_carea' id='block_1_82' title="bbox 2045 3531 3635 3603">
    <p class='ocr_par' dir='ltr' id='par_1_82' title="bbox 2045 3531 3635 3603">
     <span class='ocr_line' id='line_1_82' title="bbox 2045 3531 3635 3603; baseline 0 -19"><span class='ocrx_word' id='word_1_617' title='bbox 2045 3533 2418 3596; x_wconf 79' lang='grc' dir='ltr'>τασϐέσαντας</span> <span class='ocrx_word' id='word_1_618' title='bbox 2458 3532 2555 3603; x_wconf 83' lang='grc' dir='ltr'>τὴν</span> <span class='ocrx_word' id='word_1_619' title='bbox 2604 3531 2935 3603; x_wconf 76' lang='grc' dir='ltr'>τηλικαύτην</span> <span class='ocrx_word' id='word_1_620' title='bbox 2991 3532 3220 3602; x_wconf 79' lang='grc' dir='ltr'>κάμινον</span> <span class='ocrx_word' id='word_1_621' title='bbox 3267 3531 3369 3601; x_wconf 82' lang='grc' dir='ltr'>τῆς</span> <span class='ocrx_word' id='word_1_622' title='bbox 3407 3531 3635 3601; x_wconf 70' lang='grc' dir='ltr'>φλογὸς,</span> 
     </span>
    </p>
   </div>
   <div class='ocr_carea' id='block_1_83' title="bbox 2046 3622 3638 3694">
    <p class='ocr_par' dir='ltr' id='par_1_83' title="bbox 2046 3622 3638 3694">
     <span class='ocr_line' id='line_1_83' title="bbox 2046 3622 3638 3694; baseline -0.001 -16"><span class='ocrx_word' id='word_1_623' title='bbox 2046 3625 2140 3678; x_wconf 66' lang='grc' dir='ltr'><strong>καὶ</strong></span> <span class='ocrx_word' id='word_1_624' title='bbox 2187 3623 2309 3677; x_wconf 78' lang='grc' dir='ltr'>οὐδὲ</span> <span class='ocrx_word' id='word_1_625' title='bbox 2351 3624 2496 3694; x_wconf 86' lang='grc' dir='ltr'>ὀσμὴ</span> <span class='ocrx_word' id='word_1_626' title='bbox 2526 3623 2698 3694; x_wconf 82' lang='grc' dir='ltr'>πυρὸς</span> <span class='ocrx_word' id='word_1_627' title='bbox 2729 3625 2785 3676; x_wconf 83' lang='grc' dir='ltr'><strong>ἐν</strong></span> <span class='ocrx_word' id='word_1_628' title='bbox 2830 3626 2944 3686; x_wconf 88' lang='grc' dir='ltr'>τοῖς</span> <span class='ocrx_word' id='word_1_629' title='bbox 2971 3622 3260 3694; x_wconf 83' lang='grc' dir='ltr'>ὲνδύμασιν</span> <span class='ocrx_word' id='word_1_630' title='bbox 3296 3623 3482 3677; x_wconf 60' lang='grc' dir='ltr'>αὐτῶν»</span> <span class='ocrx_word' id='word_1_631' title='bbox 3510 3624 3638 3692; x_wconf 77' lang='grc' dir='ltr'>ἐγέο</span> 
     </span>
    </p>
   </div>
   <div class='ocr_carea' id='block_1_84' title="bbox 2045 3715 3634 3788">
    <p class='ocr_par' dir='ltr' id='par_1_84' title="bbox 2045 3715 3634 3788">
     <span class='ocr_line' id='line_1_84' title="bbox 2045 3715 3634 3788; baseline -0.002 -17"><span class='ocrx_word' id='word_1_632' title='bbox 2045 3734 2185 3772; x_wconf 88' lang='grc' dir='ltr'>νετο.</span> <span class='ocrx_word' id='word_1_633' title='bbox 2230 3716 2382 3788; x_wconf 81' lang='grc' dir='ltr'>Μηδὲ</span> <span class='ocrx_word' id='word_1_634' title='bbox 2412 3719 2469 3770; x_wconf 84' lang='grc' dir='ltr'>ὲν</span> <span class='ocrx_word' id='word_1_635' title='bbox 2494 3718 2608 3780; x_wconf 87' lang='grc' dir='ltr'>τοῖς</span> <span class='ocrx_word' id='word_1_636' title='bbox 2632 3715 2917 3788; x_wconf 82' lang='grc' dir='ltr'>ὑμετέροις</span> <span class='ocrx_word' id='word_1_637' title='bbox 2937 3715 3195 3786; x_wconf 80' lang='grc' dir='ltr'>ἐνδύμασι</span> <span class='ocrx_word' id='word_1_638' title='bbox 3223 3715 3461 3783; x_wconf 84' lang='grc' dir='ltr'>γενέσθω</span> <span class='ocrx_word' id='word_1_639' title='bbox 3480 3716 3634 3788; x_wconf 77' lang='grc' dir='ltr'>ὀσμὴ</span> 
     </span>
    </p>
   </div>
   <div class='ocr_carea' id='block_1_85' title="bbox 2044 3805 3635 3879">
    <p class='ocr_par' dir='ltr' id='par_1_85' title="bbox 2044 3805 3635 3879">
     <span class='ocr_line' id='line_1_85' title="bbox 2044 3805 3635 3879; baseline 0 -20"><span class='ocrx_word' id='word_1_640' title='bbox 2044 3807 2218 3879; x_wconf 79' lang='grc' dir='ltr'>πυρὸς</span> <span class='ocrx_word' id='word_1_641' title='bbox 2254 3805 2350 3860; x_wconf 87' lang='grc' dir='ltr'><strong>τοῦ</strong></span> <span class='ocrx_word' id='word_1_642' title='bbox 2384 3806 2871 3877; x_wconf 88' lang='grc' dir='ltr'>Ναϐουχοδονόσορ,</span> <span class='ocrx_word' id='word_1_643' title='bbox 2894 3806 3090 3870; x_wconf 80' lang='grc' dir='ltr'>οἵτινές</span> <span class='ocrx_word' id='word_1_644' title='bbox 3124 3807 3261 3859; x_wconf 74' lang='grc' dir='ltr'>εἰσιν</span> <span class='ocrx_word' id='word_1_645' title='bbox 3294 3807 3344 3858; x_wconf 84' lang='grc' dir='ltr'>οἱ</span> <span class='ocrx_word' id='word_1_646' title='bbox 3384 3805 3478 3864; x_wconf 84' lang='grc' dir='ltr'><strong>τοῦ</strong></span> <span class='ocrx_word' id='word_1_647' title='bbox 3510 3807 3635 3860; x_wconf 85' lang='grc' dir='ltr'>δια-</span> 
     </span>
    </p>
   </div>
   <div class='ocr_carea' id='block_1_86' title="bbox 2045 3896 3633 3969">
    <p class='ocr_par' dir='ltr' id='par_1_86' title="bbox 2045 3896 3633 3969">
     <span class='ocr_line' id='line_1_86' title="bbox 2045 3896 3633 3969; baseline 0.002 -20"><span class='ocrx_word' id='word_1_648' title='bbox 2045 3897 2200 3950; x_wconf 88' lang='grc' dir='ltr'>ϐόλου</span> <span class='ocrx_word' id='word_1_649' title='bbox 2227 3899 2276 3950; x_wconf 86' lang='grc' dir='ltr'><strong>οί</strong></span> <span class='ocrx_word' id='word_1_650' title='bbox 2299 3897 2789 3968; x_wconf 87' lang='grc' dir='ltr'>κατασϐεννύμενοι</span> <span class='ocrx_word' id='word_1_651' title='bbox 2817 3896 3046 3969; x_wconf 80' lang='grc' dir='ltr'>φθαρτοὶ</span> <span class='ocrx_word' id='word_1_652' title='bbox 3065 3897 3341 3968; x_wconf 33' lang='grc' dir='ltr'>λογισμοί..</span> <span class='ocrx_word' id='word_1_653' title='bbox 3365 3898 3458 3968; x_wconf 82' lang='grc' dir='ltr'><strong>Μὴ</strong></span> <span class='ocrx_word' id='word_1_654' title='bbox 3483 3899 3633 3952; x_wconf 82' lang='grc' dir='ltr'>ἀπα-</span> 
     </span>
    </p>
   </div>
   <div class='ocr_carea' id='block_1_87' title="bbox 2042 3988 3632 4061">
    <p class='ocr_par' dir='ltr' id='par_1_87' title="bbox 2042 3988 3632 4061">
     <span class='ocr_line' id='line_1_87' title="bbox 2042 3988 3632 4061; baseline 0.003 -21"><span class='ocrx_word' id='word_1_655' title='bbox 2042 3988 2189 4042; x_wconf 83' lang='grc' dir='ltr'>τάτω</span> <span class='ocrx_word' id='word_1_656' title='bbox 2233 3989 2378 4058; x_wconf 84' lang='grc' dir='ltr'>ὑμᾶς</span> <span class='ocrx_word' id='word_1_657' title='bbox 2427 3988 2648 4060; x_wconf 80' lang='grc' dir='ltr'>βρῶσις,</span> <span class='ocrx_word' id='word_1_658' title='bbox 2703 3988 2838 4060; x_wconf 86' lang='grc' dir='ltr'>μηδὲ</span> <span class='ocrx_word' id='word_1_659' title='bbox 2885 3988 3088 4057; x_wconf 81' lang='grc' dir='ltr'>λεγέτω</span> <span class='ocrx_word' id='word_1_660' title='bbox 3137 4007 3258 4052; x_wconf 87' lang='grc' dir='ltr'>τις·</span> <span class='ocrx_word' id='word_1_661' title='bbox 3306 3990 3632 4061; x_wconf 81' lang='grc' dir='ltr'>Γεγήρακα,</span> 
     </span>
    </p>
   </div>
   <div class='ocr_carea' id='block_1_88' title="bbox 2047 4081 3634 4154">
    <p class='ocr_par' dir='ltr' id='par_1_88' title="bbox 2047 4081 3634 4154">
     <span class='ocr_line' id='line_1_88' title="bbox 2047 4081 3634 4154; baseline 0.001 -19"><span class='ocrx_word' id='word_1_662' title='bbox 2047 4082 2140 4135; x_wconf 72' lang='grc' dir='ltr'><strong>καὶ</strong></span> <span class='ocrx_word' id='word_1_663' title='bbox 2187 4083 2248 4135; x_wconf 88' lang='grc' dir='ltr'><strong>ού</strong></span> <span class='ocrx_word' id='word_1_664' title='bbox 2291 4081 2524 4152; x_wconf 89' lang='grc' dir='ltr'>δύναμαι</span> <span class='ocrx_word' id='word_1_665' title='bbox 2558 4082 2877 4153; x_wconf 86' lang='grc' dir='ltr'>νηστεῦσαι·</span> <span class='ocrx_word' id='word_1_666' title='bbox 2909 4081 3046 4136; x_wconf 85' lang='grc' dir='ltr'>ἀλλὰ</span> <span class='ocrx_word' id='word_1_667' title='bbox 3088 4083 3383 4154; x_wconf 83' lang='grc' dir='ltr'>μεμνήσθω</span> <span class='ocrx_word' id='word_1_668' title='bbox 3415 4082 3510 4135; x_wconf 89' lang='grc' dir='ltr'><strong>τοῦ</strong></span> <span class='ocrx_word' id='word_1_669' title='bbox 3541 4101 3634 4151; x_wconf 86' lang='grc' dir='ltr'>γε·</span> 
     </span>
    </p>
   </div>
   <div class='ocr_carea' id='block_1_89' title="bbox 2049 4173 3631 4246">
    <p class='ocr_par' dir='ltr' id='par_1_89' title="bbox 2049 4173 3631 4246">
     <span class='ocr_line' id='line_1_89' title="bbox 2049 4173 3631 4246; baseline 0.001 -19"><span class='ocrx_word' id='word_1_670' title='bbox 2049 4173 2202 4246; x_wconf 85' lang='grc' dir='ltr'>ραιοῦ</span> <span class='ocrx_word' id='word_1_671' title='bbox 2245 4173 2590 4246; x_wconf 79' lang='grc' dir='ltr'>Ἐλεαζάρου,</span> <span class='ocrx_word' id='word_1_672' title='bbox 2621 4174 2713 4228; x_wconf 88' lang='grc' dir='ltr'><strong>τοῦ</strong></span> <span class='ocrx_word' id='word_1_673' title='bbox 2743 4174 2817 4246; x_wconf 81' lang='grc' dir='ltr'>μὴ</span> <span class='ocrx_word' id='word_1_674' title='bbox 2847 4174 3216 4244; x_wconf 77' lang='grc' dir='ltr'>ἀπατηθέντος</span> <span class='ocrx_word' id='word_1_675' title='bbox 3251 4175 3356 4228; x_wconf 81' lang='grc' dir='ltr'><strong>ὑπὸ</strong></span> <span class='ocrx_word' id='word_1_676' title='bbox 3399 4174 3495 4228; x_wconf 84' lang='grc' dir='ltr'><strong>τοῦ</strong></span> <span class='ocrx_word' id='word_1_677' title='bbox 3531 4175 3631 4246; x_wconf 84' lang='grc' dir='ltr'><strong>βα-</strong></span> 
     </span>
    </p>
   </div>
   <div class='ocr_carea' id='block_1_90' title="bbox 2045 4266 3633 4346">
    <p class='ocr_par' dir='ltr' id='par_1_90' title="bbox 2045 4266 3633 4346">
     <span class='ocr_line' id='line_1_90' title="bbox 2045 4266 3633 4346; baseline 0.002 -28"><span class='ocrx_word' id='word_1_678' title='bbox 2045 4266 2238 4330; x_wconf 88' lang='grc' dir='ltr'>σιλέως</span> <span class='ocrx_word' id='word_1_679' title='bbox 2287 4266 2583 4334; x_wconf 86' lang='grc' dir='ltr'>γεύσασθαι</span> <span class='ocrx_word' id='word_1_680' title='bbox 2628 4267 2661 4337; x_wconf 87' lang='grc' dir='ltr'><strong>ἢ</strong></span> <span class='ocrx_word' id='word_1_681' title='bbox 2709 4269 3136 4340; x_wconf 75' lang='grc' dir='ltr'>μιαροφαγῆσαι.</span> <span class='ocrx_word' id='word_1_682' title='bbox 3184 4270 3246 4322; x_wconf 83' lang='grc' dir='ltr'><strong>Οἱ</strong></span> <span class='ocrx_word' id='word_1_683' title='bbox 3287 4269 3342 4322; x_wconf 85' lang='grc' dir='ltr'>δὲ</span> <span class='ocrx_word' id='word_1_684' title='bbox 3397 4273 3455 4323; x_wconf 85' lang='grc' dir='ltr'>ὲν</span> <span class='ocrx_word' id='word_1_685' title='bbox 3498 4271 3633 4346; x_wconf 80' lang='grc' dir='ltr'>ὑμῖν</span> 
     </span>
    </p>
   </div>
   <div class='ocr_carea' id='block_1_91' title="bbox 2044 4352 3630 4426">
    <p class='ocr_par' dir='ltr' id='par_1_91' title="bbox 2044 4352 3630 4426">
     <span class='ocr_line' id='line_1_91' title="bbox 2044 4352 3630 4426; baseline 0.003 -18"><span class='ocrx_word' id='word_1_686' title='bbox 2044 4352 2298 4425; x_wconf 85' lang='grc' dir='ltr'>νεώτεροι</span> <span class='ocrx_word' id='word_1_687' title='bbox 2354 4356 2846 4426; x_wconf 80' lang='grc' dir='ltr'>μνημονευέτωσαν</span> <span class='ocrx_word' id='word_1_688' title='bbox 2889 4355 2998 4408; x_wconf 90' lang='grc' dir='ltr'><strong>τῶν</strong></span> <span class='ocrx_word' id='word_1_689' title='bbox 3041 4357 3182 4415; x_wconf 72' lang='grc' dir='ltr'>ἑπτά</span> <span class='ocrx_word' id='word_1_690' title='bbox 3231 4360 3630 4426; x_wconf 80' lang='grc' dir='ltr'>γενναιοτάτων</span> 
     </span>
    </p>
   </div>
   <div class='ocr_carea' id='block_1_92' title="bbox 2044 4446 3628 4518">
    <p class='ocr_par' dir='ltr' id='par_1_92' title="bbox 2044 4446 3628 4518">
     <span class='ocr_line' id='line_1_92' title="bbox 2044 4446 3628 4518; baseline 0.003 -18"><span class='ocrx_word' id='word_1_691' title='bbox 2044 4446 2440 4514; x_wconf 82' lang='grc' dir='ltr'>Μακκαϐαίων,</span> <span class='ocrx_word' id='word_1_692' title='bbox 2491 4447 2969 4518; x_wconf 84' lang='grc' dir='ltr'>παραμυθούμενοι</span> <span class='ocrx_word' id='word_1_693' title='bbox 3021 4447 3250 4511; x_wconf 78' lang='grc' dir='ltr'>ἕκαστος</span> <span class='ocrx_word' id='word_1_694' title='bbox 3289 4449 3381 4502; x_wconf 86' lang='grc' dir='ltr'><strong>τὸν</strong></span> <span class='ocrx_word' id='word_1_695' title='bbox 3428 4451 3628 4509; x_wconf 78' lang='grc' dir='ltr'>ἑαυτοῦ</span> 
     </span>
    </p>
   </div>
   <div class='ocr_carea' id='block_1_93' title="bbox 2042 4523 3627 4612">
    <p class='ocr_par' dir='ltr' id='par_1_93' title="bbox 2042 4523 3627 4612">
     <span class='ocr_line' id='line_1_93' title="bbox 2042 4523 3627 4612; baseline 0.001 -20"><span class='ocrx_word' id='word_1_696' title='bbox 2042 4536 2292 4605; x_wconf 70' lang='grc' dir='ltr'>ἀδελφὸν,</span> <span class='ocrx_word' id='word_1_697' title='bbox 2325 4539 2481 4608; x_wconf 80' lang='grc' dir='ltr'>ἄχρις</span> <span class='ocrx_word' id='word_1_698' title='bbox 2515 4523 2975 4591; x_wconf 84' lang='grc' dir='ltr'>ἂντελειωθῶσιν</span> <span class='ocrx_word' id='word_1_699' title='bbox 2999 4540 3059 4591; x_wconf 85' lang='grc' dir='ltr'>ὲν</span> <span class='ocrx_word' id='word_1_700' title='bbox 3101 4542 3166 4610; x_wconf 79' lang='grc' dir='ltr'>τῇ</span> <span class='ocrx_word' id='word_1_701' title='bbox 3199 4542 3494 4612; x_wconf 76' lang='grc' dir='ltr'>μαρτυρίᾳ,</span> <span class='ocrx_word' id='word_1_702' title='bbox 3531 4543 3627 4596; x_wconf 75' lang='grc' dir='ltr'>καὶ</span> 
     </span>
    </p>
   </div>
   <div class='ocr_carea' id='block_1_94' title="bbox 353 4615 1851 4703">
    <p class='ocr_par' dir='ltr' id='par_1_94' title="bbox 353 4615 1851 4697">
     <span class='ocr_line' id='line_1_94' title="bbox 353 4615 1851 4697; baseline 0.011 -30"><span class='ocrx_word' id='word_1_703' title='bbox 353 4615 517 4683; x_wconf 53' lang='lat' dir='ltr'><strong>ignis.</strong></span> <span class='ocrx_word' id='word_1_704' title='bbox 540 4615 738 4673; x_wconf 86' lang='lat' dir='ltr'><strong>Matres</strong></span> <span class='ocrx_word' id='word_1_705' title='bbox 769 4620 895 4673; x_wconf 88' lang='lat' dir='ltr'><strong>item</strong></span> <span class='ocrx_word' id='word_1_706' title='bbox 930 4621 982 4674; x_wconf 86' lang='lat' dir='ltr'><strong>in</strong></span> <span class='ocrx_word' id='word_1_707' title='bbox 1010 4623 1164 4677; x_wconf 89' lang='lat' dir='ltr'><strong>vobis</strong></span> <span class='ocrx_word' id='word_1_708' title='bbox 1191 4635 1457 4696; x_wconf 88' lang='lat' dir='ltr'><strong>quotquot</strong></span> <span class='ocrx_word' id='word_1_709' title='bbox 1489 4629 1775 4697; x_wconf 85' lang='lat' dir='ltr'><strong>habentur,</strong></span> <span class='ocrx_word' id='word_1_710' title='bbox 1801 4635 1851 4686; x_wconf 89' lang='lat' dir='ltr'><strong>ﬁl</strong></span> 
     </span>
    </p>
   </div>
   <div class='ocr_carea' id='block_1_95' title="bbox 2129 4615 3627 4703">
    <p class='ocr_par' dir='ltr' id='par_1_95' title="bbox 2129 4630 3627 4703">
     <span class='ocr_line' id='line_1_95' title="bbox 2129 4630 3627 4703; baseline 0.002 -19"><span class='ocrx_word' id='word_1_711' title='bbox 2129 4647 2308 4684; x_wconf 71' lang='grc' dir='ltr'>ιωνται</span> <span class='ocrx_word' id='word_1_712' title='bbox 2338 4634 2395 4683; x_wconf 84' lang='grc' dir='ltr'><strong>ὲν</strong></span> <span class='ocrx_word' id='word_1_713' title='bbox 2425 4630 2502 4700; x_wconf 82' lang='grc' dir='ltr'><strong>τῷ</strong></span> <span class='ocrx_word' id='word_1_714' title='bbox 2535 4630 2647 4700; x_wconf 83' lang='grc' dir='ltr'><strong>ναῷ</strong></span> <span class='ocrx_word' id='word_1_715' title='bbox 2678 4631 2881 4703; x_wconf 88' lang='grc' dir='ltr'>Κυρίου</span> <span class='ocrx_word' id='word_1_716' title='bbox 2918 4630 3100 4684; x_wconf 88' lang='grc' dir='ltr'>στῦλοι</span> <span class='ocrx_word' id='word_1_717' title='bbox 3133 4634 3327 4700; x_wconf 72' lang='grc' dir='ltr'>φωτός.</span> <span class='ocrx_word' id='word_1_718' title='bbox 3367 4634 3530 4686; x_wconf 85' lang='grc' dir='ltr'>Ὅσαι</span> <span class='ocrx_word' id='word_1_719' title='bbox 3571 4635 3627 4693; x_wconf 79' lang='grc' dir='ltr'><strong>δὲ</strong></span> 
     </span>
    </p>
   </div>
   <div class='ocr_carea' id='block_1_96' title="bbox 351 4703 1934 4781">
    <p class='ocr_par' dir='ltr' id='par_1_96' title="bbox 351 4703 1934 4781">
     <span class='ocr_line' id='line_1_96' title="bbox 351 4703 1934 4781; baseline 0.013 -22"><span class='ocrx_word' id='word_1_720' title='bbox 351 4703 645 4760; x_wconf 62' lang='lat' dir='ltr'><strong>hortentur</strong></span> <span class='ocrx_word' id='word_1_721' title='bbox 679 4725 841 4777; x_wconf 88' lang='lat' dir='ltr'><strong>suos;</strong></span> <span class='ocrx_word' id='word_1_722' title='bbox 880 4715 1341 4781; x_wconf 85' lang='lat' dir='ltr'><strong>quemadmodum</strong></span> <span class='ocrx_word' id='word_1_723' title='bbox 1380 4719 1470 4774; x_wconf 90' lang='lat' dir='ltr'><strong>illa</strong></span> <span class='ocrx_word' id='word_1_724' title='bbox 1497 4719 1934 4779; x_wconf 74' lang='lat' dir='ltr'><strong>Machabzcorum</strong></span> 
     </span>
    </p>
   </div>
   <div class='ocr_carea' id='block_1_97' title="bbox 351 4803 1934 4886">
    <p class='ocr_par' dir='ltr' id='par_1_97' title="bbox 351 4803 1934 4886">
     <span class='ocr_line' id='line_1_97' title="bbox 351 4803 1934 4886; baseline 0.015 -37"><span class='ocrx_word' id='word_1_725' title='bbox 351 4806 549 4865; x_wconf 76' lang='lat' dir='ltr'><strong>mater,</strong></span> <span class='ocrx_word' id='word_1_726' title='bbox 573 4815 696 4870; x_wconf 70' lang='lat' dir='ltr'><strong>qum</strong></span> <span class='ocrx_word' id='word_1_727' title='bbox 720 4817 827 4855; x_wconf 81' lang='lat' dir='ltr'><strong>non</strong></span> <span class='ocrx_word' id='word_1_728' title='bbox 857 4803 1053 4858; x_wconf 88' lang='lat' dir='ltr'><strong>insano</strong></span> <span class='ocrx_word' id='word_1_729' title='bbox 1082 4823 1291 4870; x_wconf 82' lang='lat' dir='ltr'><strong>amore,</strong></span> <span class='ocrx_word' id='word_1_730' title='bbox 1319 4826 1428 4866; x_wconf 88' lang='lat' dir='ltr'><strong>non</strong></span> <span class='ocrx_word' id='word_1_731' title='bbox 1458 4827 1642 4870; x_wconf 86' lang='lat' dir='ltr'><strong>errore</strong></span> <span class='ocrx_word' id='word_1_732' title='bbox 1680 4818 1934 4886; x_wconf 85' lang='lat' dir='ltr'><strong>quopiam</strong></span> 
     </span>
    </p>
   </div>
   <div class='ocr_carea' id='block_1_98' title="bbox 352 4887 1938 4975">
    <p class='ocr_par' dir='ltr' id='par_1_98' title="bbox 352 4887 1938 4975">
     <span class='ocr_line' id='line_1_98' title="bbox 352 4887 1938 4975; baseline 0.015 -35"><span class='ocrx_word' id='word_1_733' title='bbox 352 4887 598 4958; x_wconf 84' lang='lat' dir='ltr'><strong>decepta,</strong></span> <span class='ocrx_word' id='word_1_734' title='bbox 631 4891 775 4947; x_wconf 82' lang='lat' dir='ltr'><strong>ﬁlios</strong></span> <span class='ocrx_word' id='word_1_735' title='bbox 809 4892 1151 4962; x_wconf 87' lang='lat' dir='ltr'><strong>hortabatur,</strong></span> <span class='ocrx_word' id='word_1_736' title='bbox 1181 4908 1240 4952; x_wconf 96' lang='lat' dir='ltr'><strong>ut</strong></span> <span class='ocrx_word' id='word_1_737' title='bbox 1279 4903 1500 4960; x_wconf 87' lang='lat' dir='ltr'><strong>eosdem</strong></span> <span class='ocrx_word' id='word_1_738' title='bbox 1532 4904 1584 4956; x_wconf 93' lang='lat' dir='ltr'><strong>iu</strong></span> <span class='ocrx_word' id='word_1_739' title='bbox 1623 4920 1793 4975; x_wconf 88' lang='lat' dir='ltr'><strong>regno</strong></span> <span class='ocrx_word' id='word_1_740' title='bbox 1825 4925 1938 4964; x_wconf 71' lang='lat' dir='ltr'><strong>cu:-</strong></span> 
     </span>
    </p>
   </div>
   <div class='ocr_carea' id='block_1_99' title="bbox 350 4977 1936 5061">
    <p class='ocr_par' dir='ltr' id='par_1_99' title="bbox 350 4977 1936 5061">
     <span class='ocr_line' id='line_1_99' title="bbox 350 4977 1936 5061; baseline 0.014 -30"><span class='ocrx_word' id='word_1_741' title='bbox 350 4977 534 5034; x_wconf 89' lang='lat' dir='ltr'><strong>lorum</strong></span> <span class='ocrx_word' id='word_1_742' title='bbox 564 4986 830 5052; x_wconf 84' lang='lat' dir='ltr'><strong>reciperet</strong></span> <span class='ocrx_word' id='word_1_743' title='bbox 854 4995 908 5040; x_wconf 89' lang='lat' dir='ltr'><strong>et</strong></span> <span class='ocrx_word' id='word_1_744' title='bbox 935 5004 1040 5041; x_wconf 89' lang='lat' dir='ltr'><strong>una</strong></span> <span class='ocrx_word' id='word_1_745' title='bbox 1067 5005 1252 5044; x_wconf 83' lang='lat' dir='ltr'><strong>secum</strong></span> <span class='ocrx_word' id='word_1_746' title='bbox 1279 4992 1520 5049; x_wconf 88' lang='lat' dir='ltr'><strong>haberet.</strong></span> <span class='ocrx_word' id='word_1_747' title='bbox 1540 4994 1694 5061; x_wconf 85' lang='lat' dir='ltr'><strong>Quod</strong></span> <span class='ocrx_word' id='word_1_748' title='bbox 1720 4999 1936 5054; x_wconf 88' lang='lat' dir='ltr'><strong>etiamsi</strong></span> 
     </span>
    </p>
   </div>
   <div class='ocr_carea' id='block_1_100' title="bbox 351 5072 1935 5155">
    <p class='ocr_par' dir='ltr' id='par_1_100' title="bbox 351 5072 1935 5155">
     <span class='ocr_line' id='line_1_100' title="bbox 351 5072 1935 5155; baseline 0.013 -33"><span class='ocrx_word' id='word_1_749' title='bbox 351 5084 452 5124; x_wconf 75' lang='lat' dir='ltr'><strong>vos</strong></span> <span class='ocrx_word' id='word_1_750' title='bbox 503 5072 801 5127; x_wconf 84' lang='lat' dir='ltr'><strong>adversarii</strong></span> <span class='ocrx_word' id='word_1_751' title='bbox 849 5090 1268 5147; x_wconf 88' lang='lat' dir='ltr'><strong>persequantur,</strong></span> <span class='ocrx_word' id='word_1_752' title='bbox 1301 5082 1413 5135; x_wconf 91' lang='lat' dir='ltr'><strong>imo</strong></span> <span class='ocrx_word' id='word_1_753' title='bbox 1468 5092 1524 5138; x_wconf 89' lang='lat' dir='ltr'><strong>et</strong></span> <span class='ocrx_word' id='word_1_754' title='bbox 1577 5090 1935 5155; x_wconf 88' lang='lat' dir='ltr'><strong>comprehen-</strong></span> 
     </span>
    </p>
   </div>
   <div class='ocr_carea' id='block_1_101' title="bbox 351 5163 1941 5244">
    <p class='ocr_par' dir='ltr' id='par_1_101' title="bbox 351 5163 1941 5244">
     <span class='ocr_line' id='line_1_101' title="bbox 351 5163 1941 5244; baseline 0.013 -28"><span class='ocrx_word' id='word_1_755' title='bbox 351 5163 505 5228; x_wconf 91' lang='lat' dir='ltr'><strong>dant,</strong></span> <span class='ocrx_word' id='word_1_756' title='bbox 533 5175 617 5219; x_wconf 89' lang='lat' dir='ltr'><strong>sat</strong></span> <span class='ocrx_word' id='word_1_757' title='bbox 642 5168 796 5223; x_wconf 80' lang='lat' dir='ltr'><strong>vobis</strong></span> <span class='ocrx_word' id='word_1_758' title='bbox 836 5180 953 5225; x_wconf 90' lang='lat' dir='ltr'><strong>esto</strong></span> <span class='ocrx_word' id='word_1_759' title='bbox 985 5173 1130 5241; x_wconf 90' lang='lat' dir='ltr'><strong>quod</strong></span> <span class='ocrx_word' id='word_1_760' title='bbox 1165 5189 1362 5244; x_wconf 85' lang='lat' dir='ltr'><strong>corpus</strong></span> <span class='ocrx_word' id='word_1_761' title='bbox 1407 5185 1652 5232; x_wconf 88' lang='lat' dir='ltr'><strong>vestrum</strong></span> <span class='ocrx_word' id='word_1_762' title='bbox 1700 5181 1770 5233; x_wconf 89' lang='lat' dir='ltr'><strong>sit</strong></span> <span class='ocrx_word' id='word_1_763' title='bbox 1805 5191 1941 5236; x_wconf 85' lang='lat' dir='ltr'><strong>tem-</strong></span> 
     </span>
    </p>
   </div>
   <div class='ocr_carea' id='block_1_102' title="bbox 309 5254 1937 5340">
    <p class='ocr_par' dir='ltr' id='par_1_102' title="bbox 309 5254 1937 5340">
     <span class='ocr_line' id='line_1_102' title="bbox 309 5254 1937 5340; baseline 0.013 -33"><span class='ocrx_word' id='word_1_764' title='bbox 309 5267 312 5272; x_wconf 83' lang='lat'>&#39;</span> <span class='ocrx_word' id='word_1_765' title='bbox 349 5255 502 5325; x_wconf 87' lang='lat' dir='ltr'><strong>plum</strong></span> <span class='ocrx_word' id='word_1_766' title='bbox 533 5254 648 5313; x_wconf 88' lang='lat' dir='ltr'><strong>Dei.</strong></span> <span class='ocrx_word' id='word_1_767' title='bbox 677 5258 1001 5318; x_wconf 83' lang='lat' dir='ltr'><strong>Mementote</strong></span> <span class='ocrx_word' id='word_1_768' title='bbox 1035 5268 1433 5334; x_wconf 91' lang='lat' dir='ltr'><strong>apostolorum,</strong></span> <span class='ocrx_word' id='word_1_769' title='bbox 1463 5271 1557 5340; x_wconf 90' lang='lat' dir='ltr'><strong>qui</strong></span> <span class='ocrx_word' id='word_1_770' title='bbox 1593 5271 1723 5325; x_wconf 90' lang='lat' dir='ltr'><strong>olim</strong></span> <span class='ocrx_word' id='word_1_771' title='bbox 1759 5277 1937 5328; x_wconf 76' lang='lat' dir='ltr'><strong>vexati</strong></span> 
     </span>
    </p>
   </div>
   <div class='ocr_carea' id='block_1_103' title="bbox 349 5348 1940 5437">
    <p class='ocr_par' dir='ltr' id='par_1_103' title="bbox 349 5348 1940 5437">
     <span class='ocr_line' id='line_1_103' title="bbox 349 5348 1940 5437; baseline 0.013 -37"><span class='ocrx_word' id='word_1_772' title='bbox 349 5348 481 5402; x_wconf 87' lang='lat' dir='ltr'><strong>etin</strong></span> <span class='ocrx_word' id='word_1_773' title='bbox 514 5364 793 5407; x_wconf 90' lang='lat' dir='ltr'><strong>carcerem</strong></span> <span class='ocrx_word' id='word_1_774' title='bbox 821 5357 1054 5426; x_wconf 90' lang='lat' dir='ltr'><strong>conjecti</strong></span> <span class='ocrx_word' id='word_1_775' title='bbox 1087 5371 1249 5426; x_wconf 89' lang='lat' dir='ltr'><strong>sunt;</strong></span> <span class='ocrx_word' id='word_1_776' title='bbox 1283 5373 1335 5418; x_wconf 92' lang='lat' dir='ltr'><strong>et</strong></span> <span class='ocrx_word' id='word_1_777' title='bbox 1365 5362 1402 5416; x_wconf 86' lang='lat' dir='ltr'><strong>i-i</strong></span> <span class='ocrx_word' id='word_1_778' title='bbox 1433 5372 1610 5418; x_wconf 82' lang='lat' dir='ltr'><strong>tamen</strong></span> <span class='ocrx_word' id='word_1_779' title='bbox 1647 5381 1770 5424; x_wconf 87' lang='lat' dir='ltr'><strong>cum</strong></span> <span class='ocrx_word' id='word_1_780' title='bbox 1804 5383 1940 5437; x_wconf 87' lang='lat' dir='ltr'><strong>gau-</strong></span> 
     </span>
    </p>
   </div>
   <div class='ocr_carea' id='block_1_104' title="bbox 351 5437 1936 5529">
    <p class='ocr_par' dir='ltr' id='par_1_104' title="bbox 351 5437 1936 5529">
     <span class='ocr_line' id='line_1_104' title="bbox 351 5437 1936 5529; baseline 0.014 -38"><span class='ocrx_word' id='word_1_781' title='bbox 351 5437 443 5491; x_wconf 89' lang='lat' dir='ltr'><strong>dio</strong></span> <span class='ocrx_word' id='word_1_782' title='bbox 474 5442 675 5508; x_wconf 83' lang='lat' dir='ltr'><strong>gratias</strong></span> <span class='ocrx_word' id='word_1_783' title='bbox 704 5446 960 5515; x_wconf 80' lang='lat' dir='ltr'><strong>agebant,</strong></span> <span class='ocrx_word' id='word_1_784' title='bbox 989 5453 1247 5519; x_wconf 84' lang='lat' dir='ltr'><strong>quoniam</strong></span> <span class='ocrx_word' id='word_1_785' title='bbox 1277 5452 1420 5524; x_wconf 80' lang='lat' dir='ltr'><strong>digiti</strong></span> <span class='ocrx_word' id='word_1_786' title='bbox 1459 5455 1628 5510; x_wconf 84' lang='lat' dir='ltr'><strong>habili</strong></span> <span class='ocrx_word' id='word_1_787' title='bbox 1665 5468 1790 5512; x_wconf 90' lang='lat' dir='ltr'><strong>sunt</strong></span> <span class='ocrx_word' id='word_1_788' title='bbox 1837 5476 1936 5529; x_wconf 84' lang='lat' dir='ltr'><strong>pro</strong></span> 
     </span>
    </p>
   </div>
   <div class='ocr_carea' id='block_1_105' title="bbox 353 5532 1933 5614">
    <p class='ocr_par' dir='ltr' id='par_1_105' title="bbox 353 5532 1933 5614">
     <span class='ocr_line' id='line_1_105' title="bbox 353 5532 1933 5614; baseline 0.016 -33"><span class='ocrx_word' id='word_1_789' title='bbox 353 5532 576 5587; x_wconf 85' lang='lat' dir='ltr'><strong>nomine</strong></span> <span class='ocrx_word' id='word_1_790' title='bbox 606 5534 726 5602; x_wconf 90' lang='lat' dir='ltr'><strong>ejus</strong></span> <span class='ocrx_word' id='word_1_791' title='bbox 768 5543 1158 5600; x_wconf 85' lang='lat' dir='ltr'><strong>contumeliam</strong></span> <span class='ocrx_word' id='word_1_792' title='bbox 1209 5548 1339 5614; x_wconf 90' lang='lat' dir='ltr'><strong>pati.</strong></span> <span class='ocrx_word' id='word_1_793' title='bbox 1375 5546 1756 5604; x_wconf 79' lang='lat' dir='ltr'><strong>Recordamini</strong></span> <span class='ocrx_word' id='word_1_794' title='bbox 1803 5552 1933 5607; x_wconf 86' lang='lat' dir='ltr'><strong>item</strong></span> 
     </span>
    </p>
   </div>
   <div class='ocr_carea' id='block_1_106' title="bbox 355 5626 1932 5712">
    <p class='ocr_par' dir='ltr' id='par_1_106' title="bbox 355 5626 1932 5712">
     <span class='ocr_line' id='line_1_106' title="bbox 355 5626 1932 5712; baseline 0.016 -40"><span class='ocrx_word' id='word_1_795' title='bbox 355 5626 436 5673; x_wconf 91' lang='lat' dir='ltr'><strong>tot</strong></span> <span class='ocrx_word' id='word_1_796' title='bbox 465 5634 778 5682; x_wconf 90' lang='lat' dir='ltr'><strong>sanctorum</strong></span> <span class='ocrx_word' id='word_1_797' title='bbox 816 5645 1139 5702; x_wconf 83' lang='lat' dir='ltr'><strong>martyrum,</strong></span> <span class='ocrx_word' id='word_1_798' title='bbox 1174 5635 1267 5704; x_wconf 90' lang='lat' dir='ltr'><strong>qui</strong></span> <span class='ocrx_word' id='word_1_799' title='bbox 1295 5637 1482 5707; x_wconf 82' lang='lat' dir='ltr'><strong>plagas</strong></span> <span class='ocrx_word' id='word_1_800' title='bbox 1507 5642 1748 5712; x_wconf 78' lang='lat' dir='ltr'><strong>perpessi</strong></span> <span class='ocrx_word' id='word_1_801' title='bbox 1782 5653 1932 5707; x_wconf 85' lang='lat' dir='ltr'><strong>sunt.</strong></span> 
     </span>
    </p>
   </div>
   <div class='ocr_carea' id='block_1_107' title="bbox 351 5708 1934 5800">
    <p class='ocr_par' dir='ltr' id='par_1_107' title="bbox 351 5708 1934 5800">
     <span class='ocr_line' id='line_1_107' title="bbox 351 5708 1934 5800; baseline 0.018 -34"><span class='ocrx_word' id='word_1_802' title='bbox 351 5708 487 5767; x_wconf 78' lang='lat' dir='ltr'><strong>adeo</strong></span> <span class='ocrx_word' id='word_1_803' title='bbox 522 5723 580 5770; x_wconf 93' lang='lat' dir='ltr'><strong>ut</strong></span> <span class='ocrx_word' id='word_1_804' title='bbox 611 5717 775 5773; x_wconf 85' lang='lat' dir='ltr'><strong>etiam</strong></span> <span class='ocrx_word' id='word_1_805' title='bbox 810 5719 943 5791; x_wconf 88' lang='lat' dir='ltr'><strong>ipsis</strong></span> <span class='ocrx_word' id='word_1_806' title='bbox 973 5726 1116 5780; x_wconf 84' lang='lat' dir='ltr'><strong>oculi</strong></span> <span class='ocrx_word' id='word_1_807' title='bbox 1148 5708 1585 5800; x_wconf 78' lang='lat' dir='ltr'><strong>excluderentur,</strong></span> <span class='ocrx_word' id='word_1_808' title='bbox 1609 5708 1664 5788; x_wconf 79' lang='lat' dir='ltr'><strong>et</strong></span> <span class='ocrx_word' id='word_1_809' title='bbox 1714 5735 1934 5794; x_wconf 73' lang='lat' dir='ltr'><strong>coclites</strong></span> 
     </span>
    </p>
   </div>
   <div class='ocr_carea' id='block_1_108' title="bbox 2043 4721 3627 4794">
    <p class='ocr_par' dir='ltr' id='par_1_108' title="bbox 2043 4721 3627 4794">
     <span class='ocr_line' id='line_1_108' title="bbox 2043 4721 3627 4794; baseline 0.002 -19"><span class='ocrx_word' id='word_1_810' title='bbox 2043 4721 2206 4776; x_wconf 83' lang='grc' dir='ltr'>πάλιν</span> <span class='ocrx_word' id='word_1_811' title='bbox 2243 4723 2298 4775; x_wconf 82' lang='grc' dir='ltr'>ἐν</span> <span class='ocrx_word' id='word_1_812' title='bbox 2330 4723 2456 4791; x_wconf 85' lang='grc' dir='ltr'>ύμῖν</span> <span class='ocrx_word' id='word_1_813' title='bbox 2489 4723 2745 4793; x_wconf 82' lang='grc' dir='ltr'>μητέρες,</span> <span class='ocrx_word' id='word_1_814' title='bbox 2795 4721 3209 4794; x_wconf 83' lang='grc' dir='ltr'>παρακλήτορες</span> <span class='ocrx_word' id='word_1_815' title='bbox 3239 4724 3479 4776; x_wconf 79' lang='grc' dir='ltr'>ἔστωσαν</span> <span class='ocrx_word' id='word_1_816' title='bbox 3516 4726 3627 4778; x_wconf 89' lang='grc' dir='ltr'><strong>τῶν</strong></span> 
     </span>
    </p>
   </div>
   <div class='ocr_carea' id='block_1_109' title="bbox 2041 4813 3627 4890">
    <p class='ocr_par' dir='ltr' id='par_1_109' title="bbox 2041 4813 3627 4890">
     <span class='ocr_line' id='line_1_109' title="bbox 2041 4813 3627 4890; baseline -0.006 -12"><span class='ocrx_word' id='word_1_817' title='bbox 2041 4815 2268 4875; x_wconf 67' lang='grc' dir='ltr'>τέκνων.</span> <span class='ocrx_word' id='word_1_818' title='bbox 2303 4813 2490 4884; x_wconf 77' lang='grc' dir='ltr'>ὥσπερ</span> <span class='ocrx_word' id='word_1_819' title='bbox 2527 4815 2566 4885; x_wconf 1' lang='grc' dir='ltr'>ἡ,</span> <span class='ocrx_word' id='word_1_820' title='bbox 2612 4814 2837 4868; x_wconf 76' lang='grc' dir='ltr'>ἐκείνων</span> <span class='ocrx_word' id='word_1_821' title='bbox 2868 4815 3086 4887; x_wconf 81' lang='grc' dir='ltr'>ἀμανὴς</span> <span class='ocrx_word' id='word_1_822' title='bbox 3129 4816 3224 4868; x_wconf 73' lang='grc' dir='ltr'><strong>καὶ</strong></span> <span class='ocrx_word' id='word_1_823' title='bbox 3265 4815 3510 4886; x_wconf 76' lang='grc' dir='ltr'>ἀπλανὴς</span> <span class='ocrx_word' id='word_1_824' title='bbox 3559 4814 3627 4890; x_wconf 75' lang='grc' dir='ltr'>ἦν</span> 
     </span>
    </p>
   </div>
   <div class='ocr_carea' id='block_1_110' title="bbox 2041 4905 3626 4980">
    <p class='ocr_par' dir='ltr' id='par_1_110' title="bbox 2041 4905 3626 4980">
     <span class='ocr_line' id='line_1_110' title="bbox 2041 4905 3626 4980; baseline 0.004 -23"><span class='ocrx_word' id='word_1_825' title='bbox 2041 4905 2458 4976; x_wconf 86' lang='grc' dir='ltr'>προτρεπομένη</span> <span class='ocrx_word' id='word_1_826' title='bbox 2488 4907 2614 4967; x_wconf 84' lang='grc' dir='ltr'>τοὺς</span> <span class='ocrx_word' id='word_1_827' title='bbox 2642 4907 2808 4968; x_wconf 81' lang='grc' dir='ltr'>υἱοὺς,</span> <span class='ocrx_word' id='word_1_828' title='bbox 2851 4906 2937 4959; x_wconf 81' lang='grc' dir='ltr'><strong>ἵνα</strong></span> <span class='ocrx_word' id='word_1_829' title='bbox 2971 4909 3028 4959; x_wconf 83' lang='grc' dir='ltr'><strong>ἐν</strong></span> <span class='ocrx_word' id='word_1_830' title='bbox 3053 4909 3117 4978; x_wconf 79' lang='grc' dir='ltr'>τῇ</span> <span class='ocrx_word' id='word_1_831' title='bbox 3149 4907 3396 4980; x_wconf 71' lang='grc' dir='ltr'>βασιλείᾳ</span> <span class='ocrx_word' id='word_1_832' title='bbox 3425 4913 3626 4975; x_wconf 77' lang='grc' dir='ltr'>αὐτοὺς</span> 
     </span>
    </p>
   </div>
   <div class='ocr_carea' id='block_1_111' title="bbox 2040 4996 3628 5069">
    <p class='ocr_par' dir='ltr' id='par_1_111' title="bbox 2040 4996 3628 5069">
     <span class='ocr_line' id='line_1_111' title="bbox 2040 4996 3628 5069; baseline 0.004 -19"><span class='ocrx_word' id='word_1_833' title='bbox 2040 4996 2294 5069; x_wconf 84' lang='grc' dir='ltr'>ἀπολάϐῃ</span> <span class='ocrx_word' id='word_1_834' title='bbox 2322 4999 2417 5050; x_wconf 79' lang='grc' dir='ltr'><strong>σὺν</strong></span> <span class='ocrx_word' id='word_1_835' title='bbox 2464 4997 2622 5068; x_wconf 78' lang='grc' dir='ltr'>αὐτῇ.</span> <span class='ocrx_word' id='word_1_836' title='bbox 2668 4997 2781 5049; x_wconf 80' lang='grc' dir='ltr'><strong>Κᾶν</strong></span> <span class='ocrx_word' id='word_1_837' title='bbox 2811 4997 3101 5069; x_wconf 75' lang='grc' dir='ltr'>διωχθῆτε,</span> <span class='ocrx_word' id='word_1_838' title='bbox 3148 5000 3244 5053; x_wconf 70' lang='grc' dir='ltr'>καὶ</span> <span class='ocrx_word' id='word_1_839' title='bbox 3273 5002 3628 5056; x_wconf 59' lang='grc' dir='ltr'>ἀπολάϐωσιν</span> 
     </span>
    </p>
   </div>
   <div class='ocr_carea' id='block_1_112' title="bbox 2041 5089 3622 5166">
    <p class='ocr_par' dir='ltr' id='par_1_112' title="bbox 2041 5089 3622 5166">
     <span class='ocr_line' id='line_1_112' title="bbox 2041 5089 3622 5166; baseline 0.003 -22"><span class='ocrx_word' id='word_1_840' title='bbox 2041 5093 2206 5162; x_wconf 80' lang='grc' dir='ltr'>ὑμᾶς,</span> <span class='ocrx_word' id='word_1_841' title='bbox 2268 5090 2569 5144; x_wconf 82' lang='grc' dir='ltr'>ἱκανούσθω</span> <span class='ocrx_word' id='word_1_842' title='bbox 2610 5091 2670 5144; x_wconf 86' lang='grc' dir='ltr'><strong>τὸ</strong></span> <span class='ocrx_word' id='word_1_843' title='bbox 2714 5089 2873 5162; x_wconf 90' lang='grc' dir='ltr'>σῶμα</span> <span class='ocrx_word' id='word_1_844' title='bbox 2923 5092 3076 5166; x_wconf 82' lang='grc' dir='ltr'>ὑμῶν</span> <span class='ocrx_word' id='word_1_845' title='bbox 3113 5090 3251 5148; x_wconf 81' lang='grc' dir='ltr'>εἶναι</span> <span class='ocrx_word' id='word_1_846' title='bbox 3293 5095 3420 5157; x_wconf 85' lang='grc' dir='ltr'>ναὸς</span> <span class='ocrx_word' id='word_1_847' title='bbox 3463 5094 3622 5149; x_wconf 86' lang='grc' dir='ltr'>Θεοῦ.</span> 
     </span>
    </p>
   </div>
   <div class='ocr_carea' id='block_1_113' title="bbox 2038 5183 3624 5255">
    <p class='ocr_par' dir='ltr' id='par_1_113' title="bbox 2038 5183 3624 5255">
     <span class='ocr_line' id='line_1_113' title="bbox 2038 5183 3624 5255; baseline 0.001 -19"><span class='ocrx_word' id='word_1_848' title='bbox 2038 5183 2326 5255; x_wconf 68' lang='grc' dir='ltr'>Μνὴσθητε</span> <span class='ocrx_word' id='word_1_849' title='bbox 2370 5183 2478 5236; x_wconf 89' lang='grc' dir='ltr'><strong>τῶν</strong></span> <span class='ocrx_word' id='word_1_850' title='bbox 2514 5185 2857 5254; x_wconf 84' lang='grc' dir='ltr'>διωκομένων</span> <span class='ocrx_word' id='word_1_851' title='bbox 2895 5186 3015 5238; x_wconf 86' lang='grc' dir='ltr'>τότε</span> <span class='ocrx_word' id='word_1_852' title='bbox 3056 5185 3369 5246; x_wconf 82' lang='grc' dir='ltr'>ἀποστόλων</span> <span class='ocrx_word' id='word_1_853' title='bbox 3402 5187 3498 5239; x_wconf 75' lang='grc' dir='ltr'>καὶ</span> <span class='ocrx_word' id='word_1_854' title='bbox 3544 5189 3624 5249; x_wconf 85' lang='grc' dir='ltr'><strong>είς</strong></span> 
     </span>
    </p>
   </div>
   <div class='ocr_carea' id='block_1_114' title="bbox 2038 5270 3621 5348">
    <p class='ocr_par' dir='ltr' id='par_1_114' title="bbox 2038 5270 3621 5348">
     <span class='ocr_line' id='line_1_114' title="bbox 2038 5270 3621 5348; baseline 0.001 -19"><span class='ocrx_word' id='word_1_855' title='bbox 2038 5270 2285 5348; x_wconf 67' lang='grc' dir='ltr'>φυλακὴν</span> <span class='ocrx_word' id='word_1_856' title='bbox 2339 5277 2666 5347; x_wconf 82' lang='grc' dir='ltr'>βληθέντων,</span> <span class='ocrx_word' id='word_1_857' title='bbox 2704 5277 2796 5330; x_wconf 74' lang='grc' dir='ltr'><strong>καὶ</strong></span> <span class='ocrx_word' id='word_1_858' title='bbox 2831 5277 3291 5348; x_wconf 85' lang='grc' dir='ltr'>εύχαριστούντων</span> <span class='ocrx_word' id='word_1_859' title='bbox 3336 5278 3476 5347; x_wconf 75' lang='grc' dir='ltr'>μετὰ</span> <span class='ocrx_word' id='word_1_860' title='bbox 3521 5297 3621 5348; x_wconf 79' lang='grc' dir='ltr'><strong>χα-</strong></span> 
     </span>
    </p>
   </div>
   <div class='ocr_carea' id='block_1_115' title="bbox 2042 5367 3623 5439">
    <p class='ocr_par' dir='ltr' id='par_1_115' title="bbox 2042 5367 3623 5439">
     <span class='ocr_line' id='line_1_115' title="bbox 2042 5367 3623 5439; baseline 0.001 -19"><span class='ocrx_word' id='word_1_861' title='bbox 2042 5369 2158 5439; x_wconf 73' lang='grc' dir='ltr'>ρᾶς,</span> <span class='ocrx_word' id='word_1_862' title='bbox 2187 5369 2267 5420; x_wconf 78' lang='grc' dir='ltr'><strong>ὅτι</strong></span> <span class='ocrx_word' id='word_1_863' title='bbox 2298 5367 2714 5438; x_wconf 83' lang='grc' dir='ltr'>κατηξιώθησαν</span> <span class='ocrx_word' id='word_1_864' title='bbox 2743 5368 2883 5430; x_wconf 79' lang='grc' dir='ltr'>ὑπὲρ</span> <span class='ocrx_word' id='word_1_865' title='bbox 2913 5368 3006 5420; x_wconf 84' lang='grc' dir='ltr'><strong>τοῦ</strong></span> <span class='ocrx_word' id='word_1_866' title='bbox 3031 5369 3292 5438; x_wconf 80' lang='grc' dir='ltr'>ὀνόματος</span> <span class='ocrx_word' id='word_1_867' title='bbox 3315 5370 3480 5422; x_wconf 76' lang='grc' dir='ltr'>αὑτοῦ</span> <span class='ocrx_word' id='word_1_868' title='bbox 3508 5371 3623 5421; x_wconf 78' lang='grc' dir='ltr'>ἀτιο</span> 
     </span>
    </p>
   </div>
   <div class='ocr_carea' id='block_1_116' title="bbox 2045 5459 3629 5541">
    <p class='ocr_par' dir='ltr' id='par_1_116' title="bbox 2045 5459 3629 5541">
     <span class='ocr_line' id='line_1_116' title="bbox 2045 5459 3629 5541; baseline 0 -30"><span class='ocrx_word' id='word_1_869' title='bbox 2045 5460 2348 5530; x_wconf 74' lang='grc' dir='ltr'>μασθῆναι·</span> <span class='ocrx_word' id='word_1_870' title='bbox 2398 5460 2495 5512; x_wconf 88' lang='grc' dir='ltr'>καὶ</span> <span class='ocrx_word' id='word_1_871' title='bbox 2532 5459 2639 5511; x_wconf 91' lang='grc' dir='ltr'><strong>τῶν</strong></span> <span class='ocrx_word' id='word_1_872' title='bbox 2681 5459 2849 5528; x_wconf 78' lang='grc' dir='ltr'>ἁγίων</span> <span class='ocrx_word' id='word_1_873' title='bbox 2898 5461 3190 5541; x_wconf 81' lang='grc' dir='ltr'>μαρτύρων</span> <span class='ocrx_word' id='word_1_874' title='bbox 3217 5461 3325 5512; x_wconf 89' lang='grc' dir='ltr'><strong>τῶν</strong></span> <span class='ocrx_word' id='word_1_875' title='bbox 3353 5461 3629 5519; x_wconf 45' lang='grc' dir='ltr'>τοσούτων,</span> 
     </span>
    </p>
   </div>
   <div class='ocr_carea' id='block_1_117' title="bbox 2041 5553 3621 5626">
    <p class='ocr_par' dir='ltr' id='par_1_117' title="bbox 2041 5553 3621 5626">
     <span class='ocr_line' id='line_1_117' title="bbox 2041 5553 3621 5626; baseline 0 -21"><span class='ocrx_word' id='word_1_876' title='bbox 2041 5555 2330 5623; x_wconf 78' lang='grc' dir='ltr'>αἰκισμοὺς</span> <span class='ocrx_word' id='word_1_877' title='bbox 2355 5553 2784 5622; x_wconf 84' lang='grc' dir='ltr'>ὑπενεγκόντων,</span> <span class='ocrx_word' id='word_1_878' title='bbox 2811 5555 2935 5624; x_wconf 78' lang='grc' dir='ltr'>ἄχρι</span> <span class='ocrx_word' id='word_1_879' title='bbox 2969 5555 3061 5607; x_wconf 86' lang='grc' dir='ltr'>καὶ</span> <span class='ocrx_word' id='word_1_880' title='bbox 3092 5555 3388 5626; x_wconf 73' lang='grc' dir='ltr'>ἐξορύξεως</span> <span class='ocrx_word' id='word_1_881' title='bbox 3421 5555 3621 5623; x_wconf 72' lang='grc' dir='ltr'>ὀφθαλ-</span> 
     </span>
    </p>
   </div>
   <div class='ocr_carea' id='block_1_118' title="bbox 2043 5646 3620 5719">
    <p class='ocr_par' dir='ltr' id='par_1_118' title="bbox 2043 5646 3620 5719">
     <span class='ocr_line' id='line_1_118' title="bbox 2043 5646 3620 5719; baseline 0.001 -21"><span class='ocrx_word' id='word_1_882' title='bbox 2043 5646 2181 5717; x_wconf 83' lang='grc' dir='ltr'>μῶν,</span> <span class='ocrx_word' id='word_1_883' title='bbox 2220 5647 2312 5700; x_wconf 75' lang='grc' dir='ltr'><strong>καὶ</strong></span> <span class='ocrx_word' id='word_1_884' title='bbox 2349 5647 2715 5718; x_wconf 60' lang='grc' dir='ltr'>μονόφθαλμος</span> <span class='ocrx_word' id='word_1_885' title='bbox 2752 5648 3016 5715; x_wconf 81' lang='grc' dir='ltr'>ἐγένοντο.</span> <span class='ocrx_word' id='word_1_886' title='bbox 3079 5647 3215 5701; x_wconf 84' lang='grc' dir='ltr'>Ἀλλ’</span> <span class='ocrx_word' id='word_1_887' title='bbox 3265 5659 3297 5719; x_wconf 84' lang='grc' dir='ltr'><strong>η</strong></span> <span class='ocrx_word' id='word_1_888' title='bbox 3344 5647 3438 5700; x_wconf 81' lang='grc' dir='ltr'><strong>τοῦ</strong></span> <span class='ocrx_word' id='word_1_889' title='bbox 3485 5646 3620 5700; x_wconf 78' lang='grc' dir='ltr'>Θέοῦ</span> 
     </span>
    </p>
   </div>
   <div class='ocr_carea' id='block_1_119' title="bbox 2049 5739 3630 5812">
    <p class='ocr_par' dir='ltr' id='par_1_119' title="bbox 2049 5739 3630 5812">
     <span class='ocr_line' id='line_1_119' title="bbox 2049 5739 3630 5812; baseline -0.001 -18"><span class='ocrx_word' id='word_1_890' title='bbox 2049 5739 2247 5807; x_wconf 66' lang='grc' dir='ltr'>γνῶσις</span> <span class='ocrx_word' id='word_1_891' title='bbox 2281 5742 2337 5794; x_wconf 81' lang='grc' dir='ltr'>ὲν</span> <span class='ocrx_word' id='word_1_892' title='bbox 2366 5743 2430 5811; x_wconf 79' lang='grc' dir='ltr'>τῇ</span> <span class='ocrx_word' id='word_1_893' title='bbox 2463 5739 2654 5812; x_wconf 72' lang='grc' dir='ltr'>καρδίᾳ</span> <span class='ocrx_word' id='word_1_894' title='bbox 2681 5740 2860 5795; x_wconf 71' lang='grc' dir='ltr'>αὐτῶν</span> <span class='ocrx_word' id='word_1_895' title='bbox 2890 5739 3203 5811; x_wconf 69' lang='grc' dir='ltr'>ἐτύγχανεν,</span> <span class='ocrx_word' id='word_1_896' title='bbox 3235 5743 3312 5803; x_wconf 80' lang='grc' dir='ltr'><strong>είς</strong></span> <span class='ocrx_word' id='word_1_897' title='bbox 3341 5739 3433 5804; x_wconf 61' lang='grc' dir='ltr'>οὓς</span> <span class='ocrx_word' id='word_1_898' title='bbox 3475 5743 3501 5794; x_wconf 88' lang='grc' dir='ltr'>ὁ</span> <span class='ocrx_word' id='word_1_899' title='bbox 3531 5739 3630 5793; x_wconf 70' lang='grc' dir='ltr'><strong>τοῦ</strong></span> 
     </span>
    </p>
   </div>
  </div>
