3794 6226
175 290 309 392 “(i5

1413 328 1646 386 SERMO
1685 328 1772 383 DE
1809 323 2198 382 PATIENTIA.

3282 314 3421 371 I306

174 451 419 521 Σωτῆρος
458 448 618 520 λόγος
646 448 848 518 ἔφθασε
890 449 1174 518 λέγοντοςο
1221 449 1510 519 Μακάριοι
1548 454 1604 505 οι
1646 463 1747 504 κα-

1883 445 2159 500 vaderent.
2195 440 2398 497 Verum
2426 438 2520 494 Dei
2565 437 2807 509 cognitio
2835 434 3094 491 cordibus
3117 446 3305 488 eorum
3332 431 3421 487 in-

173 539 334 606 θαροὶ
361 539 438 608 τῇ
470 538 705 609 καρδίᾳ,
741 539 830 594 ὅτι
854 539 1022 594 αὐτοὶ
1045 537 1153 593 τὸν
1177 540 1326 596 Θεὸν
1345 540 1614 609 ὄψονται.
1651 539 1745 591 Τι-

171 631 257 693 νὲς
301 628 360 683 δὲ
419 629 521 683 νῦν
569 630 938 703 προδεδώκασι
993 631 1159 705 μηδὲν
1204 629 1434 685 καθόλου
1492 630 1745 701 οἰκισμὸν

173 718 451 784 παθόντες,
484 719 671 775 ἕνεκεν
698 721 867 791 τριῶν
903 722 1265 793 πραγμάτων,
1299 719 1661 793 φιλαργυρίας
1683 735 1743 773 τε

172 811 261 865 καὶ
296 811 656 877 ἀπολαύσεως
698 814 918 886 σαρκὸς,
951 814 1255 887 βρωμάτων
1288 813 1384 866 καὶ
1415 811 1614 873 ποτῶν.
1651 811 1744 865 καὶ

172 902 499 970 κενοδοξίας,
533 905 823 978 φιλαρχίας
855 908 950 961 καὶ¹
984 890 1323 976 ἀνθρωπίνου
1357 905 1545 976 φόϐου.

236 1180 291 1235 7.
333 1178 526 1235 Ταῦτα
577 1180 1009 1253 γεγραφήκαμεν
1064 1179 1507 1253 παρακαλοῦντες
1558 1181 1704 1253 ὑμᾶς
1725 1197 1742 1212 ’

171 1271 281 1325 ἁλλ’
297 1271 415 1323 ἔστι
441 1272 642 1343 μέτρον
664 1272 894 1325 ἑκάστου
917 1271 1059 1326 κατὰ
1089 1271 1185 1343 τὴν
1212 1271 1442 1326 ἑκάστου
1472 1272 1745 1328 πολιτείαν

171 1360 315 1414 ῐδιον.
365 1361 641 1425 Ἕκαστος
679 1357 771 1415 οὖν
822 1360 976 1433 ὑμῶν
1009 1360 1194 1430 φίλους
1224 1360 1419 1415 ἑαυτοῦ
1468 1363 1580 1417 ἄνω
1612 1362 1742 1417 κτά-

170 1453 309 1507 σθωο
349 1453 430 1507 διὸ
456 1454 490 1525 ἡ
521 1453 712 1525 Γραφῇ
754 1453 938 1522 λέγει·
987 1455 1094 1508 Ἔν
1123 1453 1305 1507 παντὶ
1346 1453 1528 1523 καιρῷ
1561 1455 1743 1524 φίλος

166 1544 483 1614 ὑπαρχέτω
542 1562 661 1599 σοι.
734 1545 976 1614 Ἀδελφοὶ
998 1544 1055 1599 δὲ
1094 1545 1154 1599 ἐν
1204 1544 1472 1615 ἀνάγκαις
1500 1545 1743 1600 εστωσαν

168 1637 419 1705 χρήσιμοι
437 1654 451 1666 ·
474 1634 669 1688 τούτου
699 1635 809 1709 γὰρ
836 1635 993 1708 χάριν
1021 1636 1510 1706 γεννῶνται.”υσοι
1536 1634 1630 1690 οὖν
1657 1655 1745 1708 μι-

171 1726 336 1796 μηταὶ
402 1726 640 1779 ἑκάστου
700 1726 811 1782 τῶν
870 1726 1285 1799 προειρημένων
1337 1728 1477 1795 είσὶ,
1538 1727 1743 1781 τούτων

171 1815 598 1887 συγκληρονόμοι
646 1814 894 1882 ἔσονται,
948 1817 1044 1871 καὶ
1077 1815 1297 1881 τούτους
1342 1815 1522 1881 ἕξουσι
1558 1814 1745 1885 φίλους
1775 1803 1817 1858 Β

167 1907 225 1961 ἐν
265 1908 449 1980 ἡμέρᾳ
483 1908 753 1981 ἀνάγκης.
807 1907 876 1962 Εἴ
914 1926 1000 1973 τις
1046 1909 1416 1981 πρεσϐύτερος
1461 1909 1741 1980 τυγχάνει,

173 1999 439 2070 μιμείσθω
469 2000 733 2071 Τιμόθεον
777 2002 1098 2073 προεστῶτα
1149 2002 1349 2065 καλῶς,
1391 2003 1483 2056 καὶ
1536 2001 1744 2073 βαθμὸν

171 2090 342 2161 ἐαυτῷ
381 2091 777 2161 περιποιοῦντα
822 2092 916 2146 καὶ
956 2092 1153 2164 πολλὴν
1183 2095 1495 2166 παρρησίαν
1526 2097 1585 2148 ἐν
1612 2096 1746 2166 Χρι-

173 2177 289 2250 στῷ.
324 2179 394 2233 Εἰ
412 2197 499 2245 τις
521 2180 766 2245 διάκονός
798 2182 936 2248 ἐστι,
962 2182 1234 2253 μιμείσθω
1248 2186 1374 2248 τοὺς
1398 2187 1524 2257 περὶ
1539 2185 1745 2254 Στέφα-

172 2287 255 2324 νον
280 2273 838 2339 ἐπτάπιστευθέντας
865 2275 1153 2342 διακονεῖν,
1184 2277 1234 2330 οἳ
1264 2276 1357 2330 καὶ
1393 2276 1574 2330 πιστοὶ¹
1603 2277 1743 2349 πλή-

177 2379 281 2434 ρεις
305 2363 629 2435 Πνεύματος
656 2366 812 2434 ἁγίου
847 2366 1114 2435 ἐγένοντο.
1156 2369 1224 2422 Et
1258 2386 1340 2433 τις
1368 2366 1740 2440 ἁναγνώστης,

173 2455 510 2526 συμμέτοχος
578 2457 820 2526 γενέσθω
870 2457 966 2512 τοῦ
1019 2458 1266 2528 λέγοντος
1284 2477 1299 2491 ’
1371 2461 1441 2515 Ἡ
1490 2452 1745 2530 γλῶσαὰ

166 2561 277 2614 μου
308 2546 586 2617 κάλαμος
614 2549 995 2619 γραμματέως
1023 2550 1394 2622 ὁξυγράφου·
1426 2555 1520 2608 καὶ
1559 2553 1632 2619 ὡς
1662 2549 1741 2607 εἷ-

171 2654 264 2691 πεν
291 2640 319 2692 ὁ
347 2640 599 2711 Πέτρος⁸
634 2642 708 2694 El
738 2659 828 2708 τις
863 2642 1055 2706 λαλεῖ,
1083 2644 1158 2709 ὡς
1187 2646 1362 2715 λόγια
1401 2645 1549 2699 Θεοῦ
1575 2663 1588 2676 ’
1630 2647 1742 2709 καὶ,

174 2729 458 2800 Ἀργυρος
511 2733 935 2804 πεπυρωμένος
984 2734 1236 2805 γλῶσσα
1283 2734 1539 2790 δικαίου.
1591 2737 1744 2790 Ὅσοι

175 2824 388 2894 μοναχοὶ
429 2823 653 2889 τέλειοι,
702 2825 979 2895 ἐχέτωσαν
1017 2826 1240 2891 τούτους
1269 2827 1396 2891 τοὺς
1424 2827 1614 2896 ἁγίους
1655 2828 1747 2883 ἆν-

171 2912 294 2985 δρας
338 2917 419 2979 είς
476 2915 683 2982 φίλους,
735 2917 944 2983 Ἠλίαν,
986 2918 1307 2983 Ἐλισσαῖον,
1351 2919 1640 2992 Ἰωάννην·
1694 2921 1747 2974 οἱ

172 3003 224 3056 δὲ
254 3007 309 3058 ἐν
350 3006 540 3070 αὐτοῖς
569 3006 821 3078 νεώτεροι
873 3008 1242 3079 μιμείσθωσαν
1280 3010 1407 3074 τοὺς
1448 3011 1568 3064 τότε
1596 3013 1746 3083 τρεῖς

170 3095 350 3196 ἁγίους
382 3096 528 3196 μετά
554 3096 665 3196 τῶν
695 3098 1092 3196 Μακκαϐαίων.
1123 3103 1188 3154 Αἱ
1216 3101 1272 3155 δὲ
1300 3102 1556 3175 παρθένοι
1580 3120 1746 3176 προσ·
1773 3137 1814 3196 C

172 3183 483 3257 δοκώμεναε
521 3188 626 3240 είσι
668 3186 805 3257 μετὰ
847 3187 958 3242 τῶν
994 3190 1383 3260 συνεταιρίδων
1415 3193 1472 3244 ἐν
1499 3191 1746 3262 οὐρανοῖς

170 3276 379 3349 Μαρίας
422 3280 547 3350 ἅμα
574 3279 812 3351 ἀδελφῆς
853 3280 1080 3353 Ἀαρὼν,
1119 3282 1339 3353 καὶτῆς
1392 3282 1611 3355 Μαρίας
1650 3281 1749 3336 καὶ

173 3367 377 3443 Θέκληςτ
404 3372 511 3443 τῆς
557 3374 847 3444 ἐκτιλάσης
881 3373 978 3446 τὴν
1024 3373 1291 3445 σαρκικὴν
1329 3373 1624 3445 ἐπιθυμίαν
1653 3373 1750 3443 ἀφ’

174 3457 388 3532 ἑαυτῆς,
416 3463 518 3516 καὶ
544 3462 653 3516 τῶν
685 3463 973 3536 τεσσάρων,
1002 3462 1315 3532 θυγατέρων
1347 3464 1615 3518 Φιλίππου
1637 3463 1748 3517 τῶν

175 3552 647 3625 προφητςυουσῶν.
681 3555 748 3608 Αἱ
776 3542 837 3608 δὲ
863 3554 1029 3627 χῆραι
1065 3554 1474 3627 πολιτευόμεναι
1503 3555 1747 3611 ἔστωσαν

176 3640 357 3717 ὥσπερ
386 3646 636 3720 Δεϐόρρα
677 3646 935 3720 κρίνουσα
971 3648 1062 3702 τὸν
1088 3648 1236 3711 λαὸν,
1261 3648 1384 3719 ἥτις
1413 3649 1748 3719 ἐχρημάτισε

181 3738 355 3809 μήτηρ
381 3740 441 3792 ἐν
480 3741 834 3813 Ἰερουσαλήμ
852 3757 866 3771 ·
896 3742 991 3795 καὶ
1017 3742 1095 3806 ὡς
1146 3742 1346 3814 Ἰουδὴθ
1381 3745 1437 3796 ἐν
1463 3745 1530 3814 τῇ
1563 3759 1748 3813 φρονι-

183 3828 364 3899 μότητι
394 3833 492 3885 καὶ
519 3831 779 3903 ἁγιασμῷ
818 3833 919 3904 τὴν
948 3833 1188 3905 κεφαλὴν
1240 3816 1558 3908 Ὀλοφέρνου
1588 3835 1747 3904 ἀφει-

177 3918 375 3995 λαμένη
398 3941 412 3956 ·
476 3925 573 3978 καὶ
610 3924 799 3997 ὥσπερ
837 3927 1008 3980 Ἀννα
1060 3925 1305 3998 θυγάτηρ
1346 3928 1610 4000 Φανουὴλ,
1654 3928 1750 3998 ὀγ-

177 4010 429 4083 δοήκοντα
480 4017 766 4088 τεσσάρων
821 4017 956 4072 ἐτῶν
1017 4014 1183 4083 οὖσα,
1246 4016 1321 4092 ῆν
1368 4022 1427 4074 ἐν
1478 4020 1559 4092 τῷ
1618 4020 1748 4093 ἱερῷ

178 4101 509 4176 λατρεύουσα
543 4109 600 4161 ἐν
640 4107 919 4176 νηστείαις
946 4109 1043 4161 καὶ
1084 4108 1322 4180 δεήσεσι,
1351 4109 1445 4163 καὶ
1474 4110 1566 4163 ἐπὶ
1603 4111 1751 4166 τέλει.

180 4192 605 4267 ἀνθωμολογεῖτο
635 4197 712 4268 τῷ
742 4199 955 4270 Κυρίῳ.

242 4287 293 4341 8.
336 4290 495 4343 Ὅσοι
527 4289 831 4360 πρεσϐῦται
857 4291 922 4360 τῇ
961 4288 1148 4361 ἡλικίᾳ
1186 4289 1344 4354 εἰσιν,
1372 4290 1613 4347 ἔστωσαν
1661 4311 1751 4365 μι-

183 4378 342 4447 μητοιι
367 4377 462 4439 τοῦ
494 4378 699 4448 ἀγαθοῦ
743 4378 1031 4450 πρεσϐείου
1057 4378 1152 4432 τοῦ
1196 4379 1447 4452 Ἀϐραὰμ
1470 4383 1528 4435 ἐν
1562 4385 1626 4454 τῇ
1661 4400 1751 4453 φι-

1850 537 2106 598 haerebat,
2125 533 2368 604 ipsisque
2388 530 2723 600 competebat
2748 530 2850 583 hoc
2873 524 3174 581 Salvatoris
3191 523 3420 585 dictum,

1846 627 2002 683 Beati
2033 625 2228 681 mundo
2253 625 2434 689 corde,
2458 625 2706 694 quoniam
2745 619 2848 687 ipsi
2888 617 3058 671 Deum
3094 613 3418 669 videbunt“.

1848 719 1989 774 Sunt
2034 726 2213 772 autem
2263 714 2486 785 quidam
2534 711 2716 776 hodie,
2748 709 2842 779 qui
2879 715 3065 778 aperte
3096 705 3336 774 produnt
3364 715 3423 757 se

1845 815 1983 871 nihil
2004 827 2371 869 aerumnarum
2401 810 2633 866 tolerare
2659 821 2842 877 posse,
2869 805 3030 874 idque
3060 801 3234 858 tribus
3255 798 3425 869 potis-

1847 909 2049 964 simum
2097 905 2166 961 de
2217 903 2424 967 causis,
2449 902 2521 959 ob
2548 898 2830 956 avaritiam
2873 896 3100 958 scilicet,
3132 892 3422 960 carnisque
3528 952 3532 957 ,

1845 1000 2174 1071 voluptates,
2205 996 2387 1051 cibum
2423 1001 2478 1048 et
2521 1002 2729 1064 potum,
2758 998 2920 1057 atque
2951 988 3021 1042 ob
3060 986 3276 1040 inanem
3307 982 3428 1052 glo-

1845 1092 2008 1153 riam,
2040 1089 2414 1149 ambitionem,
2447 1086 2854 1151 humanumque
2886 1088 3109 1134 metum.

1919 1181 1969 1234 7.
2015 1181 2138 1234 llaec
2171 1176 2493 1246 scripsimus
2525 1189 2620 1229 vos
2645 1169 2969 1228 exhortandi
2996 1182 3161 1223 causa
3185 1183 3201 1233 ;
3228 1177 3419 1219 verum

1844 1280 1928 1326 est
1955 1284 2053 1324 sua
2078 1268 2276 1335 cuique
2303 1277 2560 1319 mensura
2599 1259 2896 1316 secundum
2926 1254 3203 1327 proprium
3231 1252 3423 1321 singu-

1846 1361 2025 1431 lorum
2059 1358 2393 1412 institutum.
2427 1352 2672 1421 Quisque
2715 1349 2880 1420 igitur
2920 1355 3162 1402 vestrum
3216 1344 3424 1398 amicos

1843 1449 1950 1505 sibi
1979 1446 2185 1519 104],
2214 1460 2434 1500 sursum
2467 1450 2641 1513 paret,
2667 1455 2780 1510 qua
2815 1440 2882 1494 de
2909 1451 3075 1493 causa
3102 1434 3237 1490 dicit
3270 1431 3422 1488 Scri-

1845 1552 2002 1612 ptura
2038 1558 2050 1593 :
2090 1539 2153 1594 In
2199 1537 2343 1592 omni
2385 1548 2613 1604 tempore
2661 1531 2865 1586 amicus
2905 1528 2999 1582 tibi
3023 1529 3091 1581 sit
3109 1527 3177 1579 ⁵⁷.
3205 1523 3424 1578 Fratres

1845 1641 2026 1688 autem
2054 1631 2109 1685 in
2136 1627 2577 1690 necessitatibus,
2603 1623 2811 1679 mutuis
2850 1620 3151 1676 inserviant
3175 1630 3422 1671 commo-

1845 1725 1969 1791 dis;
1997 1737 2061 1778 ea
2089 1721 2237 1777 enim
2279 1720 2347 1775 de
2395 1732 2561 1774 causa
2592 1717 2910 1787 gignuntur.
2946 1710 3226 1780 Quotquot
3258 1708 3424 1778 igitur

1844 1814 2208 1884 singulorum,
2244 1825 2385 1881 quos
2425 1823 2592 1878 supra
2632 1803 2904 1870 recensui,
2931 1803 3235 1857 imitatores
3272 1807 3422 1865 sunt,

1843 1906 2159 1963 eorumdem
2205 1902 2516 1958 colueredes
2545 1907 2727 1965 erunt,
2766 1899 2944 1967 iisque
2982 1897 3037 1950 in
3068 1894 3156 1948 die
3184 1891 3424 1948 necessi-

1845 2001 1972 2054 tatis
2013 1997 2204 2052 amicis
2246 1995 2517 2050 fruentur.
2564 1991 2623 2047 Si
2652 1991 2775 2061 quis
2805 1990 3087 2060 presbyter
3110 1995 3216 2051 est,
3245 1984 3426 2038 imite-

1844 2100 1935 2148 tur
1959 2089 2306 2145 Timotheum
2334 2087 2429 2157 qui
2454 2084 2681 2157 pulchre
2705 2082 2943 2153 prml‘uit,
2973 2091 3029 2134 ct
3057 2077 3284 2147 gradum
3316 2074 3422 2129 sibi

1844 2184 2133 2254 acquisivit
2180 2180 2520 2248 multamque
2548 2177 2606 2231 in
2634 2175 2854 2231 Christo
2898 2171 3175 2227 ﬁduciam.
3211 2166 3269 2223 Si
3297 2165 3423 2236 quis

1843 2277 2108 2332 diaconus
2137 2281 2240 2338 est,
2280 2271 2526 2327 imitetur
2572 2276 2780 2337 septem
2825 2265 2951 2320 illos
2995 2261 3088 2332 qui
3141 2274 3266 2315 cum
3298 2257 3424 2313 Ste-

1844 2366 2025 2438 phano
2053 2364 2121 2420 ad
2149 2361 2362 2418 diaconi
2389 2358 2625 2415 oﬂicium
2650 2355 2827 2411 allecti
2852 2361 3000 2418 sunt,
3026 2351 3121 2422 qui
3149 2350 3332 2405 ﬁdeles
3357 2363 3424 2404 ac

1845 2457 1991 2529 pleni
2032 2454 2238 2525 Spiritu
2284 2462 2476 2509 sancto
2520 2448 2763 2504 fuerunt.
2799 2444 2857 2502 Si
2882 2445 3007 2515 quis
3036 2444 3205 2497 lector
3235 2449 3346 2504 est,
3376 2440 3425 2494 is

1845 2548 2118 2619 particeps
2149 2553 2204 2600 et
2243 2543 2488 2599 imitator
2530 2539 2652 2610 ejus
2693 2539 2766 2593 sit
2794 2536 2887 2607 qui
2925 2536 3039 2589 ait:
3066 2532 3270 2603 Lingua
3306 2546 3424 2585 mea

1845 2638 2084 2693 calamus
2112 2636 2300 2690 scribae
2334 2633 2579 2688 velociter
2609 2629 2883 2685 scribentis
2919 2627 3003 2692 ⁸⁸;
3034 2635 3107 2692 et,
3136 2634 3194 2679 ut
3221 2624 3297 2678 ait
3322 2620 3426 2677 Pe-

1846 2739 1963 2786 trus
1992 2749 2007 2786 :
2039 2728 2100 2784 Si
2130 2728 2248 2799 quis
2290 2726 2545 2796 loquitur,
2576 2732 2828 2794 tanquam
2869 2719 3078 2789 eloquia
3120 2716 3219 2771 Dei
3235 2717 3317 2781 '9;
3345 2723 3422 2781 et,

1845 2823 2132 2891 Argentum
2153 2819 2271 2889 igne
2293 2816 2655 2871 examinatum
2673 2822 2749 2868 est
2777 2812 2964 2882 lingua
2977 2810 3114 2880 justi
3135 2810 3201 2862 ⁸⁸.
3232 2806 3425 2862 Mona-

1846 2913 1934 2969 ehi
1984 2910 2248 2981 perfecti,
2302 2920 2522 2964 sanctos
2570 2906 2737 2961 hosce
2783 2905 2990 2958 amicos
3042 2900 3146 2956 sibi
3192 2906 3423 2969 parent,

1847 3003 2046 3071 Etiam,
2074 3003 2352 3066 Elisazum,
2379 2999 2646 3055 Joannem
2679 3016 2695 3052 :
2728 2996 2822 3067 qui
2848 3010 2980 3051 vero
3015 2995 3156 3049 inter
3187 2993 3312 3047 illos
3336 2991 3429 3062 jn-

1847 3096 2032 3152 niores
2085 3103 2236 3158 sunt,
2279 3093 2563 3147 imitentur
2606 3099 2718 3145 tres
2765 3088 2890 3143 illos
2938 3093 3159 3142 sanctos
3201 3097 3427 3154 pueros,

1848 3205 1972 3246 cum
2004 3186 2346 3243 Machabaeis.
2374 3183 2626 3255 Virgines
2652 3189 2834 3237 autem
2873 3185 3190 3248 exspectent
3218 3192 3277 3231 se
3300 3190 3427 3230 cum

1848 3280 2193 3338 consortibus
2218 3278 2337 3333 suis
2362 3277 2416 3331 in
2444 3276 2597 3332 coelis
2629 3272 2977 3330 coronandas
2996 3285 3138 3335 esse,
3171 3283 3279 3324 una
3298 3283 3424 3322 cum

1846 3372 2015 3428 Maria
2041 3370 2275 3425 Aaronis
2303 3383 2513 3433 sorore,
2545 3365 2711 3420 Maria
2728 3363 2973 3435 Virgine,
2999 3377 3063 3417 ac
3085 3360 3284 3416 Thecla
3304 3374 3429 3429 quae

1848 3464 2123 3522 carnalem
2172 3461 2478 3532 cupidinem
2514 3459 2581 3512 ab
2615 3472 2674 3513 se
2705 3455 3020 3521 eradicavit,
3053 3467 3266 3509 necnon
3297 3466 3426 3507 cum

1846 3566 2081 3630 quatuor
2109 3552 2342 3624 Philippi
2381 3552 2595 3607 ﬁliabus
2637 3546 3106 3620 prophetantibus.
3138 3544 3324 3600 Viduas
3352 3544 3429 3597 vi-

1849 3659 1960 3706 tam
1991 3662 2149 3704 suam
2176 3644 2407 3718 perinde
2432 3643 2719 3699 instituant
2744 3650 2907 3711 atque
2932 3637 3164 3704 Debora,
3187 3651 3309 3706 quae
3332 3648 3428 3705 po-

1847 3743 2038 3813 pulum
2085 3737 2370 3812 judicavit,
2399 3750 2521 3807 qute
2551 3742 2746 3790 vocata
2779 3741 2863 3788 est
2906 3738 3082 3785 mater
3118 3729 3174 3783 in
3202 3726 3428 3783 Jerusa—

1847 3812 1953 3889 iem
1985 3851 2007 3889 ι
2033 3847 2099 3887 ac
2146 3831 2288 3885 sicut
2332 3826 2522 3883 Judith
2564 3840 2688 3896 qua:
2727 3823 3022 3895 prudentia
3064 3829 3119 3876 et
3141 3812 3429 3875 sanctitate

1848 3932 2013 3997 caput
2044 3919 2379 3993 Holopherni
2412 3916 2679 3981 abscidit;
2705 3923 2759 3971 et
2788 3914 2933 3971 sicut
2959 3913 3113 3967 Anna
3147 3910 3259 3966 ﬁlia
3292 3908 3434 3963 Pha—

1850 4016 2000 4081 nuel,
2026 4030 2147 4087 quae
2170 4011 2446 4083 octoginta
2470 4018 2706 4080 quatuor
2732 4019 3002 4061 annorum
3026 4018 3150 4060 cum
3178 4010 3342 4069 esset,
3370 4001 3426 4055 in

1849 4106 2056 4177 templo
2085 4101 2432 4159 ministrabat
2455 4099 2507 4153 in
2532 4097 2758 4169 jejuniis
2785 4104 2839 4151 et
2866 4090 3357 4155 obsecrationibus,
3375 4098 3433 4145 et

1849 4202 1907 4257 in
1937 4199 2046 4255 ﬁne
2080 4194 2443 4254 conﬁtebatur
2464 4190 2716 4246 Domino.

1920 4291 1974 4346 8.
2016 4288 2294 4360 Quotquot
2339 4299 2498 4339 senes
2542 4288 2701 4337 aetate
2735 4287 2886 4344 sunt,
2907 4276 3038 4332 boni
3085 4275 3232 4331 senis
3260 4272 3438 4328 Abra-

1850 4381 1998 4438 hami
2027 4380 2083 4435 in
2125 4374 2346 4447 hospitii
2371 4374 2493 4444 jure
2519 4369 2825 4427 exercendo
2849 4368 3154 4423 imitatores
3174 4365 3305 4432 sint,
3333 4379 3432 4435 pa-

178 4463 403 4539 λοξενίᾳ,
456 4469 553 4522 καὶ
605 4467 796 4540 ὥσπερ
862 4468 1049 4523 Ἰσαὰκ
1097 4470 1193 4523 καὶ
1245 4468 1463 4535 Ἰακὼϐ,
1518 4470 1639 4525 Ἰὡϐ
1686 4488 1746 4525 τε

1883 4474 2087 4542 iterque
2115 4467 2308 4534 lsaaci,
2340 4463 2550 4529 Jacobi,
2576 4460 2698 4516 Jobi
2730 4471 2785 4518 et
2810 4459 2953 4516 Loti.
2988 4457 3193 4514 Vetula;
3223 4465 3318 4512 aut
3342 4457 3431 4511 vi-

180 4558 267 4611 καὶ
290 4560 431 4615 Λώτ.
467 4560 632 4618 Ὅσαι
657 4560 714 4613 δὲ
741 4560 1153 4633 πρεσϐύτιδεςῆ
1186 4562 1373 4636 χῆραι,
1404 4561 1749 4634 ζηλούτωσαν

180 4652 470 4727 τὴνςχήραν
494 4656 595 4725 τὴν
622 4657 679 4708 ἐν
711 4656 1017 4727 Σαραιπτὰ,
1052 4657 1147 4712 καὶ
1170 4636 1270 4727 τὴν
1309 4657 1753 4729 προσενεγκαμέ-

187 4761 276 4816 νην
298 4748 366 4801 τὰ
403 4747 498 4801 δύο
527 4746 719 4808 λεπτά.
759 4747 875 4801 Νῦν
910 4748 988 4807 δὲ,
1022 4748 1297 4818 ἀγαπητοί
1326 4765 1427 4819 μου
1455 4749 1513 4805 ἐν
1541 4750 1750 4822 Κυρίῳ,

187 4842 355 4911 χωρὶς,
383 4841 729 4910 πολυλογίας,
764 4839 955 4911 καιρός
989 4842 1104 4894 ἐστι
1133 4839 1225 4899 τοῦ
1262 4840 1549 4912 πενθῆσαι.
1597 4841 1756 4912 Ἐγέ-

185 4946 313 4986 νετο
340 4933 410 4987 δὲ
430 4933 582 5003 μετὰ
615 4932 685 4987 τὸ
721 4933 1276 5003 αὶχμαλωτευθῆναι
1300 4933 1415 5002 τὴν
1457 4935 1753 5003 Ἰερουσα-

181 5016 318 5087 λὴμ,
365 5021 465 5073 καὶ
522 5019 762 5087 Ἰσραὴλ
798 5017 1206 5088 ἐρημωθῆναι,
1251 5020 1537 5074 ἐκάθισεν
1577 5020 1756 5090 Ἰερε-

178 5108 313 5173 μίας
347 5110 593 5173 κλαίων,
633 5109 732 5163 καὶ
773 5109 1072 5179 ἐθρήνησε
1123 5109 1228 5164 τὸν
1274 5110 1499 5180 θρῆνον
1538 5111 1756 5167 τοῦτον

183 5198 275 5252 ἐπὶ
327 5201 748 5271 Ἰερουσαλὴμ,
793 5203 892 5258 καὶ
931 5198 1062 5256 εἷπε
1081 5219 1107 5239 κ
1157 5201 1292 5268 Πῶς
1329 5202 1571 5259 ἐκάθισε
1595 5204 1754 5274 μόνη

184 5291 222 5359 ἡ
270 5296 449 5367 πόλις¹
500 5297 540 5363 ’ἠ
603 5294 1036 5365 πεπληθυμένη
1095 5294 1295 5359 λαῶν;
1358 5296 1611 5367 ἐγενήθη
1675 5298 1755 5363 ὡς

184 5381 362 5451 χήρα·
396 5389 445 5441 οἱ
477 5388 587 5460 γὰρ
615 5388 759 5458 ἆγιοι
797 5388 891 5441 ἐπὶ
938 5391 1006 5460 τῇ
1057 5389 1169 5441 τῶν
1207 5388 1510 5462 ἀνθρώπων
1547 5388 1753 5443 πτώσει

189 5472 474 5533 κλαίουσιν.
519 5480 652 5534 Ἰδοὺ
688 5480 798 5552 γὰρ
829 5483 1066 5554 σήμερον
1093 5483 1126 5553 ἡ
1179 5482 1474 5552 Ἐκκλησία
1506 5482 1582 5546 ὡς
1606 5484 1751 5553 χήρα

189 5567 502 5640 γεγένηται·
537 5571 645 5625 ἰδοὺ
685 5572 796 5626 ὁδοὶ
843 5570 980 5625 Σιὼν
1013 5572 1271 5625 πενθοῦσι
1305 5572 1456 5644 παρὰ
1477 5573 1537 5627 τὸ
1570 5573 1644 5645 μὴ
1674 5570 1749 5628 εῐ-

255 5750 309 5786 σι
336 5752 518 5811 Matth.
546 5772 605 5822 ν,
629 5755 684 5813 8.
760 5756 802 5791 δ’
846 5755 1006 5814 Prov.
1031 5773 1165 5828 xm,
1210 5757 1292 5814 i7.
1369 5757 1414 5791 ⁸⁸
1438 5756 1580 5815 Psal.
1617 5773 1747 5824 ntv,

1899 5758 1957 5843 A"
1994 5756 2022 5813 Ι
2052 5757 2196 5814 Petr.
2226 5773 2303 5825 tv,
2333 5756 2419 5812 11.
2495 5752 2542 5787 ⁶⁶
2579 5751 2723 5809 Psal.
2752 5768 2831 5819 ιι,
2873 5751 2922 5809 7.

1849 4563 1972 4620 dum
2016 4559 2341 4616 aemulentur
2390 4554 2613 4610 viduam
2646 4552 3027 4622 Sareptanam,
3053 4559 3107 4606 et
3148 4565 3268 4604 eam
3309 4564 3436 4619 quae

1851 4655 1961 4713 duo
1988 4653 2197 4708 minuta
2227 4648 2449 4706 obtulit.
2469 4645 2628 4701 Nunc
2659 4653 2866 4711 autem,
2895 4642 3076 4699 dilecti
3105 4642 3212 4696 mei
3232 4641 3286 4695 in
3324 4638 3431 4694 Do-

1853 4746 2026 4809 mino,
2057 4758 2126 4797 ne
2156 4740 2344 4796 multis
2384 4739 2587 4801 dicam,
2620 4748 2835 4807 tempus
2865 4734 3083 4807 lugendi
3119 4741 3220 4789 est.
3248 4731 3318 4785 Et
3345 4732 3432 4801 fa-

1854 4849 1995 4895 ctum
2017 4845 2095 4892 est
2116 4844 2391 4906 postquam
2418 4832 2472 4885 in
2498 4830 2857 4901 captivitatem
2878 4828 3095 4883 redacta
3111 4836 3187 4881 est
3207 4824 3431 4881 Jerusa-

1852 4930 1956 4984 lem
2001 4937 2052 4982 et
2101 4925 2273 4981 Israel
2317 4925 2555 4978 desertus
2603 4931 2699 4986 est,
2732 4921 2868 4976 sedit
2893 4918 3153 4975 Jeremias
3197 4918 3349 4988 ﬂens,
3377 4926 3431 4972 et

1852 5020 2061 5093 planxit
2086 5018 2465 5073 lamentatione
2502 5016 2600 5069 hac
2626 5029 2783 5084 super
2838 5010 3139 5074 Jerusalem
3162 5019 3212 5065 et
3242 5011 3378 5064 dixit
3408 5026 3431 5064 :

1857 5113 2129 5180 Quomodo
2192 5112 2334 5165 sedet
2401 5108 2517 5164 sola
2587 5107 2771 5162 ciuitas
2812 5105 2967 5176 plena
3006 5102 3247 5174 populo?
3283 5102 3433 5173 facta

1854 5216 1934 5262 est
1980 5205 2135 5276 quasi
2181 5202 2425 5267 vidua“,
2461 5201 2638 5257 sancti
2682 5199 2885 5269 quippe
2924 5197 3208 5265 hominum
3243 5196 3435 5264 lapsus

1857 5298 2160 5368 deplorant.
2189 5295 2327 5351 Ecce
2368 5309 2604 5364 namque
2649 5292 2811 5346 hodie
2857 5289 3097 5346 Ecclesia
3141 5287 3235 5343 Dei
3269 5287 3432 5356 quasi

1859 5391 2021 5446 vidua
2047 5388 2190 5445 facta
2214 5396 2301 5443 est
2337 5406 2351 5442 :
2388 5402 2516 5443 ecce
2543 5386 2645 5441 viae
2673 5383 2806 5440 Sion
2844 5384 3028 5454 lugent
3045 5389 3112 5436 eo
3140 5380 3286 5450 quod
3322 5394 3433 5433 non

1856 5481 1967 5538 sint
1999 5482 2091 5550 qui
2124 5480 2342 5536 veniant
2376 5479 2443 5535 ad
2489 5478 2922 5542 solemnitatem;
2952 5488 3078 5529 ecce
3121 5470 3436 5527 sacerdotes

1854 5572 1973 5643 ejus
2000 5580 2239 5643 gemunt,
2270 5570 2505 5641 virgines
2524 5568 2643 5639 ejus
2671 5566 3040 5631 abducuntur,
3076 5552 3326 5618 clausum
3348 5569 3435 5616 est

3000 5749 3043 5782 “
3082 5746 3280 5802 Thren.
3314 5760 3355 5810 t,
3380 5743 3441 5800 ι.
