3794 6226
361 262 497 318 i307

965 266 1022 323 S.
1065 267 1441 325 ATHANASII
1479 271 1631 328 OPP.
1674 272 1857 329 PARS
1905 273 1927 328 ῐ

2087 273 2460 333 ΗιετοιιιοΑ
2494 276 2583 332 ΕΤ
2621 278 3045 336 ΒΟΟΜΛΠΟᾹ.
3064 322 3075 329 .

3484 288 3633 347 usos

362 380 660 439 Sabbatum
689 393 935 442 nostrum
968 398 1023 444 et
1049 391 1582 464 solemnitas,.atque
1628 397 1930 455 neomenia.

2062 400 2586 471 ναιὲρχομένουςὲν
2623 402 2817 475 sopri}:
2853 402 3059 457 ίδοϋρίκ
3087 406 3250 475 ἱερεῖς
3296 407 3467 477 αὐτῆς
3500 411 3657 463 ἀναο-

358 475 485 531 Alio
533 477 663 531 item
712 478 836 534 loco
885 480 1217 552 lacrymatur
1258 484 1521 554 propheta
1569 487 1797 544 dicens:
1828 488 1965 559 (62)·

361 567 529 631 Flzbo
557 580 624 635 te,
652 572 802 625 vinea
825 571 1053 627 Sebama
1080 590 1099 628 :
1129 591 1225 628 cur
1250 578 1516 646 perierunt
1539 579 1941 635 vindemiatorcs

360 659 674 715 tuiivinum
704 662 759 715 in
780 662 1039 717 torculari
1062 674 1160 733 est,
1191 683 1342 737 egens
1365 667 1738 725 calcatoribus.
1768 671 1943 727 Multa

361 762 538 805 autem
585 752 646 805 ob
700 754 1097 811 multitudinem
1125 758 1523 816 vulneratorum
1567 764 1676 816 hoc.
1717 773 1943 834 tempore

362 856 677 900 recusarunt
718 848 996 902 vulnerati.
1034 851 1301 922 Quotquot
1329 854 1493 925 igitur
1531 854 1689 909 illaesi
1731 872 1940 911 reman-

359 945 541 990 serunt
576 938 794 1007 juvenes
836 942 1092 1011 expediti,
1124 949 1417 998 conservati
1452 949 1687 1014 veniant,
1728 956 1786 1001 ut
1831 949 1943 1004 luet

361 1037 734 1106 percipiant“.
771 1035 839 1092 Et
886 1054 1079 1107 rursus
1132 1041 1241 1096 alio
1288 1043 1342 1096 in
1396 1042 1518 1097 loco
1557 1042 1672 1099 haec
1708 1044 1941 1099 lamenta

358 1128 518 1182 edit:
553 1125 686 1192 Quis
710 1128 859 1182 dabit
903 1131 1069 1199 capiti
1112 1146 1224 1184 meo
1267 1147 1483 1202 aquam,
1524 1143 1573 1186 et
1613 1133 1781 1186 oculis
1813 1134 1943 1187 meis

364 1220 563 1290 fontem
586 1219 966 1291 lacrymarum,
993 1232 1043 1276 et
1071 1222 1393 1292 plorabimus
1418 1225 1667 1294 papulum
1695 1224 1832 1279 hunc
1859 1226 1944 1280 die

358 1328 429 1367 ac
465 1320 638 1376 nocte,
669 1312 972 1368 vulneratos
1004 1315 1133 1384 ﬁlice
1161 1316 1343 1386 populi
1392 1317 1515 1379 mei,
1541 1318 1631 1386 qui
1682 1318 1943 1387 sapientes

362 1412 487 1458 sunt
539 1404 609 1457 ad
660 1404 962 1473 faciendum
1011 1406 1234 1468 malum,
1264 1407 1603 1476 nesciuntque
1631 1406 1802 1475 facere
1848 1407 1942 1461 bo.-

358 1493 587 1548 num“?
630 1492 722 1549 Sic
764 1492 976 1549 faciunt
1014 1496 1109 1571 qui
1144 1495 1357 1565 plorant
1392 1496 1458 1551 de
1490 1495 1734 1566 lapsibus
1766 1496 1945 1551 homi-

365 1601 519 1642 num.
554 1585 800 1641 Ezechiel
841 1587 1102 1657 propheta
1135 1604 1328 1644 rursus
1368 1589 1748 1659 plorabatpro
1776 1591 1946 1645 omni-

365 1677 472 1732 bus
498 1676 591 1747 qui
617 1677 895 1740 caderent,
934 1685 1097 1746 prout
1140 1677 1357 1747 jussum
1409 1679 1514 1748 ipsi
1563 1678 1740 1734 fuerat
1769 1698 1781 1734 :
1808 1678 1944 1733 Leva

358 1767 641 1836 planctum
689 1784 847 1837 super
885 1770 1174 1840 principem
1225 1769 1350 1840 Tyri
1374 1771 1439 1825 δ”.
1468 1769 1578 1825 Nec
1608 1771 1677 1826 de
1706 1772 1947 1843 principe

366 1858 493 1932 Tyri
526 1868 739 1914 tantum
768 1860 1201 1923 lamentabatur,
1234 1863 1328 1917 sed
1365 1870 1424 1916 ut
1450 1863 1531 1917 vel
1560 1878 1629 1918 ex
1664 1863 1838 1934 ipsius
1866 1864 1949 1919 la-

363 1951 567 2023 crymis
618 1950 879 2022 augurari
932 1951 1095 2006 facile
1140 1960 1244 2019 est,
1277 1952 1346 2007 de
1387 1954 1572 2009 multis
1622 1955 1787 2010 aliis:
1821 1972 1948 2010 nam

359 2044 623 2099 omnibus
652 2044 949 2114 advigilant
979 2054 1033 2098 et
1061 2044 1278 2115 lugendi
1302 2046 1550 2116 exempla
1576 2047 1945 2117 suppeditant.

364 2133 535 2188 David
590 2150 808 2204 quoque
858 2135 926 2189 de
969 2134 1193 2189 fortium
1221 2150 1354 2191 casu
1387 2136 1791 2194 lamentabatur
1823 2155 1948 2195 cum

366 2225 573 2281 diceret
603 2243 615 2278 :
646 2224 922 2289 Quomodo
952 2225 1252 2279 ceciderunt
1275 2227 1462 2295 fortes,
1489 2237 1539 2281 et
1569 2230 1835 2298 perierunt
1860 2247 1951 2285 va-

358 2335 427 2377 sa
470 2316 703 2372 bellica?
755 2316 837 2371 Ne
887 2319 1213 2372 annuntietis
1253 2320 1309 2371 in
1349 2318 1501 2387 Geth,
1536 2336 1697 2392 neque
1752 2323 1808 2375 in
1852 2322 1948 2375 viis

365 2411 665 2474 Ascalonis,
686 2427 749 2464 ne
771 2411 906 2481 forte
926 2412 1187 2465 exsultent
1221 2411 1350 2481 ﬁlice
1372 2413 1863 2468 incircumcisorum
1877 2413 1945 2470 “.

361 2503 506 2559 Ecce
558 2503 830 2571 hodieque
883 2502 1198 2557 ceciderunt
1225 2502 1418 2568 fortes,
1442 2513 1497 2558 et
1525 2520 1717 2575 magna
1752 2505 1951 2560 instru-

362 2603 550 2649 menta
592 2593 810 2656 bellica,
855 2590 924 2646 de
970 2591 1171 2660 quibus
1226 2590 1521 2661 lugendum
1570 2601 1671 2648 est.
1709 2592 1950 2664 Lugebat

360 2684 494 2742 item
526 2686 643 2756 ipse
669 2684 1039 2749 de.Absalone
1071 2699 1182 2738 non
1227 2684 1355 2752 quia
1394 2691 1664 2749 mortuus,
1696 2684 1789 2738 sed
1818 2686 1948 2755 quia

363 2776 756 2848 praevaricatus
787 2782 949 2829 esset.
980 2771 1047 2828 Et
1078 2788 1180 2827 nos
1218 2772 1401 2841 itaque
1443 2788 1511 2827 ne
1542 2773 1826 2843 lugeamus
1856 2775 1951 2829 de-

364 2869 606 2930 functos,
640 2866 735 2921 sed
781 2879 877 2920 eos
923 2864 1017 2935 qui
1066 2864 1346 2934 propriam
1392 2863 1550 2919 [idem
1590 2865 1945 2936 abnegarent.

365 2958 720 3029 Excipiamus
764 2955 934 3013 Joelis
981 2957 1190 3011 dictum
1233 2956 1464 3025 ejusque
1490 2956 1643 3024 jussa
1676 2960 1949 3029 complea-

364 3064 513 3114 mus,
544 3047 701 3118 queis
735 3046 986 3101 hortatur
1021 3054 1082 3099 ut
1111 3045 1474 3103 lamentemur
1498 3045 1565 3101 de
1599 3046 1667 3101 iis
1692 3047 1785 3117 qui
1816 3057 1947 3103 eunt

365 3141 421 3196 in
446 3139 762 3210 perniciem,
796 3138 882 3193 his
910 3136 1090 3193 verbis
1118 3154 1132 3191 :
1165 3134 1488 3206 Egrediatur
1520 3153 1743 3207 sponsus
1764 3138 1828 3194 de
1855 3156 1947 3194 cu-

366 3232 541 3289 biculo
562 3239 741 3298 suo,et
763 3246 958 3300 sponsa
985 3232 1048 3283 de
1080 3228 1212 3282 lecto
1241 3244 1358 3283 suo.
1376 3227 1671 3284 Plorabunt
1697 3231 1947 3287 sacerdo-

368 3335 444 3382 tes
475 3325 707 3379 ministri
733 3323 923 3377 altaris
950 3330 1000 3375 et
1023 3321 1198 3375 dicent
1224 3336 1241 3374 :
1269 3317 1460 3386 Parce,
1490 3318 1733 3383 Domine.
1756 3323 1947 3393 populo

368 3427 481 3484 tuo,
505 3425 556 3471 et
603 3432 667 3470 ne
710 3417 800 3469 des
837 3414 1194 3469 Iuereditatem
1219 3421 1366 3466 tuam
1404 3414 1459 3467 in
1504 3402 1860 3483 opprobrium,
1890 3424 1947 3469 ut

366 3510 706 3563 dominentur
746 3507 821 3560 eis
852 3506 1112 3569 nationes,
1143 3519 1204 3557 ne
1236 3502 1373 3573 forte
1399 3504 1579 3557 dicant
1602 3505 1656 3558 in
1685 3506 1945 3575 gentibus,

370 3597 474 3656 Ubi
512 3590 591 3655 est
623 3598 761 3653 Deus
786 3613 967 3653 eorum
986 3596 1030 3627 ⁶⁶
1050 3596 1074 3649 ?
1096 3594 1352 3651 Fortasse
1384 3595 1544 3651 nobis
1568 3611 1785 3667 quoque
1803 3597 1945 3653 dica-

367 3701 457 3746 tur
476 3698 532 3744 et
557 3689 689 3743 illud
716 3708 729 3743 :
767 3686 982 3741 Zelatus
1013 3695 1089 3740 est
1121 3686 1374 3739 Dominus
1399 3687 1650 3755 populum
1682 3703 1857 3751 suum,
1894 3696 1942 3742 et

365 3781 595 3852 pepercit
627 3780 819 3849 populo
839 3795 934 3833 suo
957 3779 1022 3833 ⁸⁷.
1055 3776 1110 3832 ln
1142 3776 1374 3832 Threnis
1396 3778 1524 3831 item
1550 3777 1744 3847 legitur
1771 3793 1787 3831 :
1820 3775 1943 3830 Mu-

366 3874 416 3928 ri
450 3873 581 3929 Sion
613 3873 856 3927 emittant
898 3887 992 3925 ceu
1036 3878 1290 3924 torrentes
1329 3869 1593 3939 lacrymas
1645 3869 1730 3923 die
1757 3886 1819 3924 ac
1849 3885 1943 3922 no-

365 3965 527 4021 cte“.
563 3962 704 4019 Num
752 3962 925 4017 muris
952 3971 1005 4015 et
1035 3960 1304 4030 lapidibus
1329 3960 1403 4013 ita
1435 3959 1696 4028 loquitur,
1737 3975 1805 4014 an
1843 3975 1942 4030 p0-

368 4057 479 4112 tius
510 4055 578 4110 iis
606 4054 701 4124 qui
739 4066 866 4106 vere
907 4051 1048 4104 muri
1076 4048 1335 4105 Ecclesiae
1362 4049 1532 4105 sunt?
1564 4048 1722 4105 Certe
1756 4051 1810 4103 in
1842 4050 1942 4104 iis-

363 4149 486 4204 dem
512 4146 766 4202 omnibus
792 4145 842 4199 id
869 4144 1195 4213 completum
1221 4151 1339 4209 est;
1374 4159 1498 4197 nam
1530 4142 1795 4214 lacrymas
1818 4143 1942 4197 ubi-

363 4256 471 4311 que
495 4254 592 4294 ceu
618 4245 885 4293 torrentes
911 4235 1227 4290 etniserunt.

2047 492 2382 558 στενάζουσι,
2430 494 2523 546 καὶ
2569 496 2625 548 αί
2652 494 2956 565 παρθένοι.
2988 497 3162 566 αὐτῆς
3206 500 3459 565 ἄγονται,
3513 503 3628 554 ἀπο

2044 578 2294 651 εκλείσθη
2324 580 2482 652 ήμῶν
2520 582 2581 635 τὸ
2607 582 2902 648 Σάδὸατον,
2927 585 3021 639 καὶ
3043 587 3297 659 ήηὲορτὴ,
3322 591 3415 643 καὶ
3438 593 3470 662 ή
3503 608 3625 644 νεο-

2047 674 2233 745 μηνία.
2270 676 2379 729 Καὶ
2401 676 2460 728 ὲν
2489 675 2632 747 ἄλλῳ
2658 676 2810 750 τόπῳ
2838 679 3023 734 κλαίει
3042 679 3071 732 ὁ
3099 684 3382 754 προφήτης
3409 683 3623 753 λέγωνι·

2042 765 2398 834 κλαύσομαι
2422 780 2515 831 σε,
2542 766 2821 835 ἄμπελος
2855 768 3090 838 Σέόαμα
3109 787 3123 800 ο
3172 771 3230 824 τί
3256 770 3624 841 ὼλοθρεύθηρ

2043 872 2164 911 σαν
2194 861 2479 927 τρυγηταί
2517 875 2669 924 σου;
2700 864 2738 914 .d
2769 856 2936 928 οἶνός
2958 862 3141 916 ἐστιν.
3161 863 3232 916 ἐν
3269 862 3437 931 ληνῷ
3472 867 3623 934 χρῇς

2043 944 2154 1007 ζων
2185 950 2429 1017 κούφων
2457 951 2644 1015 ἀξίων
2692 950 2964 1021 χωρῆσαι
3009 953 3244 1008 τοῦτον.
3294 956 3507 1010 Πολλὰ
3560 955 3630 1009 δὲ

2043 1038 2140 1092 διὰ
2167 1041 2235 1093 τὸ
2268 1040 2501 1111 πλῆθος
2528 1042 2646 1097 τῶν
2678 1047 3269 1116 τετραυματισμένων
3292 1047 3363 1101 ἐν
3393 1046 3474 1113 τῷ
3507 1049 3628 1103 νῦν

2044 1130 2227 1199 καιρῷ
2294 1131 2721 1201 παρῃτήσαντο
2794 1138 3373 1207 τετραυματισμένοι.
3456 1139 3628 1193 Ὅσοι

2044 1221 2193 1291 γοῦν
2219 1224 2498 1291 ἀϐλαϐεῖς
2532 1224 2778 1295 ἔμειναν
2799 1227 2996 1296 κοῦφα
3023 1227 3135 1280 νέα
3155 1228 3625 1299 διατετηρημένα

2045 1317 2589 1385 προσερχέσθωσαν
2611 1320 2986 1387 μεταλαϐεῖν.
3018 1321 3149 1373 Καὶ
3185 1321 3346 1374 πάλιν
3394 1325 3452 1375 ὲν
3477 1321 3645 1391 ἄλλῳ-

2045 1406 2194 1475 τόπῳ
2221 1406 2396 1460 κλαίει
2419 1407 2591 1477 λέγων
2610 1426 2624 1438 ·
2664 1412 2757 1477 Τίς
2778 1409 2899 1479 δῴη
2929 1410 3004 1481 τῇ
3032 1414 3269 1483 κεφαλῇ
3290 1431 3413 1483 μου
3444 1413 3628 1484 ὕδωρ,

2045 1498 2144 1551 καί
2174 1498 2501 1568 ὀφθαλμοῖς
2545 1519 2674 1571 μου
2715 1502 2919 1571 πηγὴν
2965 1503 3257 1573 δακρύων,
3299 1505 3400 1559 καί
3439 1507 3632 1559 κλαύ-

2046 1602 2247 1656 σωμεν
2265 1587 2372 1641 τὸν
2405 1589 2560 1644 λαὸν
2579 1591 2794 1645 τοῦτον
2825 1593 3051 1662 ’ἡμέρας
3075 1596 3173 1650 καί
3209 1596 3453 1662 νυκτὸς,
3484 1597 3634 1663 τοὺς
3660 1622 3663 1623 ν

2046 1682 2662 1753 τετραυματισμένους
2721 1686 3013 1755 θυγατρὸς
3067 1688 3220 1742 λαοῦ
3272 1707 3425 1757 μου,
3484 1691 3633 1757 τοὺς

2048 1772 2487 1841 σοφοὺςιῦντιις
2523 1778 2617 1841 εὶς
2646 1776 2714 1829 τὸ
2751 1777 3171 1846 κακοποιῆσαι,
3209 1780 3276 1833 τὸ
3315 1779 3385 1833 δὲ
3434 1780 3636 1835 καλὸν

2047 1861 2294 1931 ποιῆσαι
2319 1864 2405 1933 μὴ
2427 1865 2872 1935 ἐπεγνωκότας,;
2902 1869 3071 1923 Τοῦτο
3105 1870 3382 1934 ποιοῦντες
3413 1871 3633 1924 κλαίον-

2045 1970 2137 2016 τες
2166 1954 2257 2006 ἐπὶ
2279 1954 2643 2027 τῷπτώματι
2663 1957 3120 2030 τῶνάνθρώπων.
3164 1961 3221 2014 Ὁ
3246 1962 3542 2033 προφήτης
3574 1960 3633 2014 δὲ

2046 2045 2209 2100 πάλιν
2255 2046 2518 2119 Ίεζεκιὴλ
2550 2048 2768 2120 ἐθρήνει
2796 2050 2882 2118 ἐφ’
2907 2050 3137 2104 ἕκαστον
3167 2051 3274 2105 τῶν
3303 2052 3639 2105 ἀποπεπτω-

2047 2139 2239 2204 κότων,
2268 2139 2457 2212 ὥσπερ
2489 2141 2637 2211 αὐτῷ
2661 2141 2908 2214 εἴρηται·
2938 2142 3352 2211 Λάὄειθρῆνον
3382 2144 3486 2197 ἐπὶ
3526 2144 3637 2197 τὸν

2046 2230 2309 2300 ἄρχοντα
2352 2232 2559 2299 Τύρου.
2604 2234 2715 2286 Καὶ
2757 2235 2856 2287 οὐκ
2902 2235 2994 2287 ἐπὶ
3039 2235 3129 2287 τὸν
3178 2236 3417 2306 ἄρχοντα
3451 2235 3635 2307 Τύρου

2050 2322 2211 2393 μόνον
2243 2321 2439 2387 κλαίει,
2486 2323 2601 2377 ἀλλ’
2634 2323 2727 2376 ἐπὶ
2752 2325 2892 2388 τοὺς
2936 2324 3163 2388 πολλοὺς
3212 2326 3354 2397 τάχα
3406 2328 3473 2379 ἐκ
3521 2326 3634 2379 τῶν

2048 2410 2213 2464 αὐτοῦ
2247 2411 2498 2483 δακρύων
2535 2412 3001 2482 καταντήσουσιν·
3040 2412 3232 2465 σκοποὶ
3279 2412 3390 2483 γὰρ
3432 2413 3635 2481 τυγχάο

2049 2519 2196 2555 νουσι
2226 2503 2320 2555 τοῦ
2366 2503 2586 2568 παντὸς,
2618 2504 2712 2557 καὶ
2755 2502 3023 2573 διίκτορες
3061 2502 3154 2555 τοῦ
3182 2503 3421 2557 πενθεῖν.
3456 2504 3573 2556 Καὶ
3603 2502 3633 2554 ὁ

2049 2591 2210 2645 Δαυῖδ
2238 2592 2452 2646 ἔκλαιεν
2481 2593 2572 2645 ἐπὶ
2602 2592 2681 2662 τῷ
2712 2589 2963 2662 πτώματι
2994 2590 3231 2644 δυνατῶν
3258 2590 3431 2658 λέγων
3456 2607 3470 2619 ·
3498 2588 3633 2654 Πῶς

2048 2680 2275 2735 ἔπεσον
2302 2681 2569 2745 δυνατοὶ,
2602 2680 2699 2734 καὶ
2726 2680 3037 2735 ἀπώλοντο
3069 2681 3258 2746 σκεύη
3294 2675 3634 2747 πολεμικάς

2049 2774 2146 2844 Μὴ
2181 2775 2573 2845 ἀναγγείλατε
2604 2773 2675 2827 ἐν
2709 2771 2850 2838 Γὲθ,
2878 2772 3035 2843 μηδέ
3078 2773 3150 2825 ἐν
3197 2770 3360 2836 ὀδοῖς
3417 2771 3634 2823 Ἀσκα-

2047 2866 2262 2933 λῶνος,
2288 2866 2522 2936 μήποτε
2556 2863 2936 2934 εὐφρανθῶσι
2960 2862 3277 2933 θυγατέρες
3306 2857 3653 2930 ἁπεριτμήον

2046 2976 2197 3014 των·
2260 2959 2367 3011 ἰδοὺ
2409 2957 2516 3030 γὰρ
2563 2957 2657 3011 καὶ
2707 2958 2945 3028 σήμερον
2990 2956 3191 3009 ἔπεσαν
3234 2954 3485 3016 δυνατοὶ,
3536 2952 3637 3005 καὶ

2054 3050 2265 3119 μεγάλα
2310 3051 2479 3119 σκεύη
2521 3048 2811 3120 πολεμικὰ,
2844 3049 2991 3119 ἆπερ
3022 3048 3104 3101 δεῖ
3133 3045 3360 3101 κλαίειν.
3401 3045 3664 3098 Ἔκλαιε.

2050 3139 2107 3193 δὲ
2134 3140 2226 3192 ἐπὶ
2257 3139 2354 3192 τὸν
2391 3137 2764 3208 ’Δϐεσσαλὼμ,
2795 3138 2896 3208 οὐχ
2936 3139 3017 3191 ὅτι
3050 3136 3340 3202 ἀπέθανεν,
3385 3135 3505 3188 ἀλλ’
3550 3135 3659 3187 ὅτι.

2051 3231 2430 3301 παρηνόμησε.
2464 3231 2575 3283 Καὶ
2602 3231 2760 3301 ἡμεῖς
2796 3230 2975 3283 τοίνυν
3002 3229 3083 3301 μὴ
3118 3229 3244 3292 τοὺς
3271 3227 3630 3298 τελευτήσαν-
3656 3259 3661 3263 -

2050 3341 2150 3387 τας
2174 3322 2521 3393 κλαύσωμεν,
2542 3321 2679 3376 ἀλλὰ
2704 3323 2826 3384 τοὺς
2857 3322 2954 3392 τὴν
2989 3321 3120 3374 ἰδίαν
3151 3320 3331 3373 πίστιν
3371 3321 3635 3390 ἀπαρνη-

2051 3412 2338 3485 σαμένους.
2390 3411 2683 3483 Δεξώμεθα
2734 3413 2829 3466 καὶ
2869 3412 2961 3464 τὸν
3001 3411 3157 3480 λόγον
3200 3408 3293 3463 τοῦ
3345 3412 3636 3481 προφήτου

2062 3503 2235 3575 Ἰωήλ,
2279 3504 2370 3570 καὶ
2409 3503 2831 3574 ἐπιτελέσωμεν,
2860 3503 2936 3566 ὡς
2970 3502 3293 3574 προστάττει
3323 3503 3421 3555 καὶ
3456 3517 3635 3572 προσ-

2050 3595 2293 3649 καλεῖται
2379 3594 2611 3649 κλαίειν-
2647 3594 2738 3647 ἐπὶ
2793 3594 2919 3658 τοὺς
2989 3596 3046 3648 ὲν
3098 3592 3343 3664 ἀπωλείᾳ
3410 3592 3591 3661 λέγων
3618 3608 3632 3621 ν

2061 3687 2376 3753 Ἐξελθέτω
2414 3687 2673 3757 νυμφίος
2704 3687 2771 3740 ἐκ
2817 3686 2923 3740 τοῦ
2968 3685 3251 3751 κοιτῶνος
3280 3685 3495 3750 αὑτοῦ,
3532 3684 3636 3738 καὶ

2047 3781 2251 3850 νύμφη
2278 3780 2346 3834 ἐκ
2379 3779 2484 3834 τοῦ
2516 3778 2751 3833 παστοῦ
2795 3777 3005 3847 αὐτῆς.
3040 3779 3426 3833 Κλαύσονται
3463 3780 3521 3831 οἱ
3554 3779 3635 3830 ἱε-

2038 3870 2169 3939 ρεῖς
2201 3874 2254 3925 οἱ
2284 3871 3217 3941 λειτουργοῦντεςηθυσιασττφίῳ,
3248 3870 3344 3924 καὶ
3383 3870 3630 3939 ἐροῦσι·

2048 3963 2276 4029 Φεῖσαι,
2315 3964 2515 4032 Κύριε,
2562 3962 2669 4016 τοῦ
2714 3961 2874 4016 λαοῦ
2920 3978 3059 4028 σου,
3093 3961 3301 4031 καὶμὴ
3346 3959 3470 4025 δῷς
3512 3960 3634 4025 τὴν

2048 4055 2457 4124 κληρονομίαν
2498 4069 2614 4109 σου
2648 4056 2736 4119 εἰς
2774 4053 3003 4120 ὄνειδος
3042 4054 3145 4108 τοῦ
3183 4051 3475 4122 κατάρξαι
3517 4055 3627 4106 αὑ·-

2048 4143 2166 4199 τῶν
2189 4145 2354 4213 ἔθνη,
2381 4143 2615 4214 μήποτε
2651 4145 2904 4199 εἴπωσιν
2933 4144 3003 4199 ἐν
3051 4144 3175 4212 τοῖς
3220 4146 3455 4199 ἔθνεσι·
3501 4142 3630 4197 Ποῦ

2049 4237 2220 4290 ἐστιν
2255 4239 2288 4290 ό
2331 4235 2473 4303 Θεὸς
2509 4235 2742 4302 αὐτῶν;
2791 4237 2943 4308 Τάχα
2979 4237 3037 4291 δέ
3070 4255 3186 4300 πως
3233 4237 3327 4289 καὶ
3371 4238 3510 4307 ἡμῖν
3545 4237 3661 4289 λεν

362 4337 518 4410 χθείη
545 4336 628 4401 τὸ,
677 4333 788 4391 Καὶ
819 4330 1081 4399 ἐζήλωσε
1110 4330 1326 4397 Κύριος
1362 4327 1469 4382 τὸν
1522 4328 1677 4384 λαὸν
1728 4330 1933 4396 αὐτοῦ,
1975 4330 2074 4386 καὶ
2113 4332 2395 4401 ἐφείσατο
2448 4331 2555 4386 τοῦ
2598 4331 2751 4385 λαοῦ
2805 4332 3015 4386 αὐτοῦ.
3072 4333 3182 4386 Καὶ
3224 4333 3282 4385 ὲν
3319 4334 3435 4395 τοῖς
3482 4333 3627 4403 Θρή-

362 4450 474 4497 νοις
525 4431 685 4486 πάλιν
732 4431 938 4483 κεῖταιο
1004 4426 1174 4494 Τειχη
1224 4423 1378 4478 Σιὼν
1434 4425 1936 4495 καταγαγέτωσαν
1970 4427 2114 4480 ὡσεί
2160 4425 2520 4496 χειμάρρους
2566 4425 2798 4495 δάκρυα
2837 4426 3061 4496 ἡμέρας
3102 4427 3201 4481 καὶ
3234 4428 3476 4494 νυκτός.
3535 4426 3658 4496 Mi):

362 4527 472 4601 ipsi
516 4528 752 4598 τείχεσιν
800 4524 834 4594 ἢ
888 4522 1058 4585 λίθοις
1090 4520 1260 4589 λέγει,
1295 4518 1330 4591 ἢ
1379 4519 1598 4584 πάντως
1640 4523 1753 4583 τοῖς
1794 4517 1944 4574 οὖσιν
1994 4521 2171 4590 ἁγίοις
2211 4521 2418 4592 τείχεσι
2467 4521 2565 4592 τῆς
2608 4521 2966 4603 Ἰξκκλησίαςς
3000 4521 3156 4576 Ἰδοὺ
3198 4522 3307 4593 γὰρ
3350 4522 3446 4576 ἐπὶ
3491 4523 3645 4577 πάνυ·

360 4643 457 4688 τας
488 4625 684 4685 αὐτοὺς
715 4619 1071 4691 πεπλήρωται
1103 4614 1513 4684 καταγαγόντας
1551 4614 1681 4668 ὡσεὶ
1707 4616 2045 4690 χειμάρρους
2072 4617 2284 4687 δάκρυα
2316 4614 2613 4685 πανταχοῦ.

433 4721 485 4775 9.
538 4717 696 4772 Nunc
729 4724 910 4770 autem
943 4728 1290 4769 assumamus
1323 4712 1535 4767 Cantici
1565 4714 1729 4769 verba
1749 4756 1764 4781 ,
1794 4713 1930 4768 Eun-

2117 4715 2171 4770 9.
2207 4713 2323 4767 Νῦν
2355 4713 2414 4767 δὲ
2439 4711 2829 4783 ἐπιλαὸὡμεθα
2853 4710 3059 4766 καὶτοῦ
3098 4711 3198 4780 τῆς
3226 4711 3398 4782 ,ᾨδῆς
3429 4712 3651 4780 λόγων

361 4822 439 4867 tes
462 4812 609 4865 ibant
635 4817 685 4863 et
723 4807 915 4877 ﬂebant
937 4806 1200 4858 mittentes
1232 4804 1434 4858 semina
1464 4821 1563 4858 sua
1579 4805 1644 4860 θ’.
1668 4805 1940 4871 Quemad-

358 4904 585 4959 modum
614 4901 864 4956 hodierni
894 4899 1177 4969 praesules,
1219 4899 1313 4968 qui
1346 4913 1455 4953 non
1485 4900 1687 4955 habent
1715 4916 1825 4971 quo
1852 4916 1939 4956 se-

359 4999 508 5053 mina
553 4998 820 5050 emittant.
863 4992 1118 5047 Attamen
1160 4993 1420 5046 venientes
1456 4992 1656 5046 venient
1696 5009 1813 5046 cum
1845 5009 1939 5047 ea:-

358 5088 680 5151 sultatione,
720 5094 987 5157 portantes
1023 5084 1327 5154 manipulos
1360 5085 1569 5138 suos".
1615 5083 1748 5139 Nam
1799 5084 1941 5139 beati

357 5182 447 5251 qui
470 5182 668 5251 lugent,
698 5179 947 5250 quoniam
983 5178 1086 5245 ipsi
1116 5175 1623 5243 consolabuntur“;
1669 5186 1724 5231 et
1756 5176 1885 5231 illud
1916 5197 1931 5232 :

360 5273 443 5327 Ad
484 5288 751 5341 vesperum
786 5271 1146 5325 demorabitur
1183 5270 1374 5338 ﬂetus,
1411 5278 1460 5322 et
1508 5270 1576 5321 ad
1614 5269 1932 5321 matutinum

358 5364 636 5418 lwtitia".
689 5362 934 5432 Apostoli
983 5362 1182 5431 quippe
1226 5360 1321 5430 qui
1357 5368 1487 5413 tunc
1532 5359 1598 5413 ad
1643 5372 1929 5428 vesperum

430 5500 473 5529 ⁶¹
512 5498 711 5551 luerent.
740 5473 929 5559 χιξνιιι,
963 5498 1049 5550 5‘2.
1128 5496 1172 5527 ⁸³
1211 5493 1409 5550 Jerem.
1442 5510 1518 5553 ix.
1560 5492 1672 5548 1-3.
1752 5493 1798 5524 “
1835 5491 1930 5547 Ezc

2063 5508 2256 5557 xxvnl,
2283 5494 2370 5546 Η.

2038 4800 2437 4875 Πορευόμενοι
2463 4805 2820 4872 ἐπορεύοντο
2844 4803 2942 4856 καὶ
2979 4803 3227 4857 ἔκλαιον
3250 4804 3527 4872 αἴροντες
3556 4804 3625 4858 τὰ

2039 4897 2353 4967 σπέρματα
2399 4896 2619 4952 αὐτῶν.
2660 4898 2869 4968 ’Ὠσπερ
2908 4898 2958 4949 οἱ
3000 4895 3342 4968 προεστῶτες
3382 4897 3480 4951 νῦν
3529 4899 3624 4952 καὶ

2037 4990 2138 5043 οὐκ
2189 4989 2404 5059 ἔχοντες
2447 4988 2551 5042 ποῦ
2600 4989 2670 5042 τὰ
2705 4989 2995 5061 σπέρματα
3027 4988 3428 5045 καταὸάλωσιν.
3480 4991 3620 5044 Ἀλλ’

2036 5082 2187 5153 ὅμως
2218 5082 2529 5151 ἐρχόμενοι
2553 5080 2814 5148 ἥξουσιν
2842 5080 2913 5134 ἐν
2939 5080 3297 5150 ἀγαλλιάσει
3335 5077 3623 5148 φέροντες

2039 5175 2112 5229 τὰ
2134 5172 2438 5243 δράγματα
2461 5171 2681 5227 αὐτῶν.
2712 5172 3001 5241 Μακάριοι
3020 5172 3129 5244 γὰρ
3149 5175 3202 5226 oi
3233 5172 3639 5235 πενθοῦντες..

2038 5265 2129 5319 ὅτι
2188 5264 2358 5319 αὐτοὶ
2407 5263 2979 5334 παρακληθήσονται
2998 5282 3010 5294 ·
3068 5265 3163 5318 καὶ
3189 5264 3268 5329 τὸ,
3332 5264 3635 5331 Ἐσπέρίις-

2037 5354 2473 5421 αὑλισθήσεται
2497 5352 2821 5423 κλαυθμὸς,
2844 5354 2940 5407 καὶ
2965 5356 3051 5418 εἱς
3066 5351 3131 5405 τὸ
3162 5351 3313 5421 πρωῒ
3333 5352 3627 5421 ἀγαλλίας

2483 5493 2528 5525 ⁸⁸
2567 5490 2611 5544 ll
2650 5490 2783 5562 Reg.
2826 5507 2864 5555 ι,
2892 5490 2996 5562 7l9.
3071 5490 3115 5521 “
3140 5488 3356 5562 Joelﬁtl,
3403 5488 3501 5556 iG,’
3532 5485 3641 5542 17.-

359 5567 403 5601 "
444 5569 572 5622 ibid.
610 5567 694 5623 i8.
772 5567 818 5598 ⁵⁸
857 5566 1058 5621 Thren.
1104 5583 1163 5632 ll,
1207 5566 1293 5619 18.
1370 5566 1413 5598 ⁸³
1454 5564 1790 5628 Psal.cxxv,
1817 5566 1870 5616 6.

2062 5563 2168 5618 bid.
2250 5564 2293 5595 '“
2335 5562 2527 5617 Matth.
2573 5580 2625 5627 ν,
2668 5561 2752 5618 5(
2799 5564 2845 5594 ⁷³
2884 5561 3027 5618 Psal.
3069 5577 3222 5625 χχιι,
3263 5561 3315 5615 ϐ.

429 5703 542 5774 (62)
584 5701 705 5759 Haec
741 5703 968 5758 multum
998 5717 1027 5757 a
1063 5701 1252 5757 Graeco
1275 5708 1329 5755 et
1358 5714 1387 5753 a
1414 5696 1641 5767 Vulgata
1673 5697 1933 5755 differunt
1972 5697 2338 5769 perplexaque
2372 5707 2531 5756 sunt..
