3794 6226
179 308 311 365 i309

1316 298 1549 366 SERMO
1597 309 1665 365 ιΝ
1706 309 1948 368 RAMOS
1984 313 2395 372 PALMABL'M.

3290 329 3428 385 1310

176 441 289 489 σις.
314 424 378 478 οι
405 430 520 494 γάρ
545 422 832 478 ἀπόστολοι
875 424 971 479 καὶ
1003 425 1126 480 τότε
1170 426 1457 493 κλαίοντες.
1482 444 1555 483 το
1586 430 1720 483 ἑσπέ

1854 431 2156 499 ﬂererant,
2207 436 2274 490 ad
2326 437 2656 491 matutinum
2708 449 2899 509 postea
2942 433 3110 497 laetaii
3159 455 3306 511 sunt.
3364 447 3428 499 Et

177 531 289 585 ρας,
313 513 717 582 ἠγαλλιάσαντο
744 515 977 587 πρωῖας.
1019 517 1129 570 Καὶ
1153 517 1539 590 ὴλΜαγδαληνὴ
1560 520 1747 591 Μαρία

177 602 522 674 παρεκάθητο
562 602 638 674 τῷ
668 603 917 675 μνημείῳ
953 603 1218 658 κλαίουσα
1237 621 1251 635 ο
1285 605 1471 677 ταύτῃ·
1504 606 1688 675 ὀφθεὶς
1718 610 1748 662 ὁ

174 694 369 766 Κύριος
413 694 607 763 ἀφεῖλε
659 693 770 748 τῶν
802 694 974 765 αὐτῆς
1023 695 1320 767 ὀφθαλμῶν
1370 697 1441 751 τὰ
1500 698 1743 769 δάκρυα·-

171 783 456 856 ἑπληρώθη
482 784 549 837 τὸ
574 784 683 854 (65)
724 784 1051 856 προλέγοντο
1072 798 1087 813 ⁶
1117 785 1229 840 Καὶ
1252 786 1501 856 ἀφεῖλεν
1531 790 1565 841 ό
1603 787 1747 855 Θεὸς

171 875 285 933 πᾶν
299 876 574 945 δάκρυον
587 877 706 931 ἀπὸ
733 878 961 943 παντὸς
985 864 1328 946 προσώπου.
1346 879 1637 952 Μνήσθητε
1651 880 1745 935 τοῦ

120 1018 127 1027 ,
171 967 363 1040 Κυρίου
396 967 577 1038 ήμῶν,
606 969 687 1021 ὅτι
715 968 951 1022 τοσαῦτα
991 968 1159 1022 ἔπαθε
1192 969 1258 1022 διῗ
1297 971 1475 1040 ἡμᾶς·
1522 969 1743 1043 ἐξεδύθη

166 1057 252 1111 τὸν
306 1057 627 1128 ἱματισμὸν,
680 1057 935 1111 ἐνέδυσαν
989 1057 1153 1111 αὑτὸν
1190 1057 1437 1129 χλαμύδα
1464 1059 1743 1131 κοκκίνην,

166 1146 497 1217 περιέθηκαν
548 1146 699 1219 αὐτῷ
729 1148 995 1217 στέφανον
1028 1147 1088 1212 ἐξ
1124 1149 1412 1213 ἀκανθῶν,
1444 1152 1745 1206 ἐνέπτυσαν

165 1237 326 1309 αὐτῷ,
355 1239 649 1306 ἐνέπαιξαν
677 1240 848 1311 αὐτῷ,
881 1242 975 1295 καὶ
998 1240 1304 1313 ἐρῤαπίσθη
1342 1243 1446 1296 ὑπὸ
1471 1245 1743 1316 ὑπηρέτου

163 1332 191 1384 ὁ
214 1329 317 1383 τῶν
364 1331 627 1384 ἁπάντων
662 1332 961 1404 Δεσπότης.
1033 1334 1379 1405 Ἐκρεμάσθη
1409 1336 1501 1389 ἐπὶ
1549 1336 1705 1401 ξύλου
1725 1376 1741 1401 ,

166 1423 411 1476 ἐπότισαν
433 1424 600 1476 αὐτὸν
619 1423 738 1488 ὄξος
759 1425 896 1495 μετὰ
917 1426 1101 1497 χολῆς,
1124 1427 1505 1499 διεμερίσαντο
1519 1428 1587 1481 τὰ
1618 1429 1745 1498 ἱμά-

163 1528 245 1565 τια
270 1513 439 1567 αὐτοῦ
492 1513 783 1584 βλέποντος
808 1555 823 1579 ,
875 1515 1044 1589 λόγχῃ
1094 1515 1193 1587 τὴν
1243 1516 1482 1589 πλευρὰν
1528 1519 1739 1587 ἐνυξαν,

164 1602 425 1676 παρέθετο
444 1604 509 1657 τὸ
541 1605 758 1676 πνεῦμα
774 1606 853 1668 εἰς
885 1608 1073 1676 χεῖρας
1101 1605 1195 1659 τοῦ
1218 1607 1452 1677 Πατρὸς,
1485 1607 1644 1679 ἐτέθη
1682 1607 1742 1661 τὸ

165 1694 315 1763 σῶμα
370 1696 542 1750 αὑτοῦ
589 1698 647 1749 ἐν
680 1696 952 1768 μνημείῳ,
998 1696 1196 1769 ἀνέστη
1246 1700 1312 1769 τῇ
1343 1698 1500 1770 τρίτῃ
1534 1699 1736 1770 ἡμέρᾳ,

1866 521 2036 578 Maria
2065 524 2387 596 Magdalena
2410 530 2661 599 sepulcro
2684 531 2820 588 ﬂens
2846 534 3082 601 astabat,
3128 536 3217 590 cui
3262 552 3426 607 appa-

1850 628 1979 669 rens
2035 613 2297 671 Dominus
2344 619 2571 676 abstulit
2619 622 2889 695 lacrymas
2935 626 3005 680 ab
3049 627 3225 682 oculis
3269 629 3421 699 ejus,

1851 704 2040 774 sicque
2073 706 2366 777 impletum
2398 718 2486 777 est
2517 713 2661 781 quod
2704 724 2827 769 ante
2872 714 3079 771 dictum
3114 717 3321 784 fuerat,
3356 718 3426 773 Et

1849 794 2071 851 abstulit
2122 798 2264 853 Deus
2310 817 2515 855 omnem
2566 802 2858 874 lacrymam
2904 807 2970 860 ab
3005 810 3147 862 omni
3192 813 3338 864 vultu
3355 811 3424 866 ".

1849 887 2233 945 Recordamini
2281 891 2501 948 Domini
2538 897 2709 950 nostri
2740 937 2753 957 .
2791 898 2883 967 qui
2916 908 3065 954 tanta
3104 917 3301 970 passus
3339 911 3426 956 est

1845 996 1945 1051 pro
1998 982 2159 1037 nobis
2190 1000 2204 1036 :
2234 994 2433 1040 exutus
2477 985 2578 1040 fuit
2613 989 2973 1056 vestimento,
3027 1000 3081 1045 et
3128 993 3424 1047 induerunt

1845 1088 1971 1128 eum
2001 1073 2291 1146 chlamyde
2320 1076 2611 1144 coccinea,
2661 1079 3037 1149 imposuerunt
3081 1081 3132 1136 ei
3175 1084 3417 1153 spineam

1846 1177 2128 1228 coronam,
2165 1178 2537 1235 conspuerunt
2588 1168 2641 1222 in
2672 1185 2797 1224 eum
2818 1210 2833 1234 ,
2884 1171 3171 1227 illuserunt
3198 1176 3245 1228 ei
3276 1190 3290 1225 ε
3323 1189 3420 1229 co-

1844 1252 2022 1324 laphis
2055 1272 2229 1312 caesus
2259 1268 2345 1313 est
2382 1274 2414 1314 a
2450 1260 2722 1326 ministro,
2760 1262 2853 1332 qui
2883 1262 3127 1317 omnium
3153 1263 3418 1320 Dominus

1843 1355 1947 1401 est.
2009 1346 2317 1419 Suspensus
2365 1360 2449 1405 est
2496 1352 2549 1405 in
2596 1352 2777 1423 ligno,
2827 1364 3047 1424 potatus
3092 1366 3248 1411 aceto
3288 1374 3415 1412 cum

1845 1436 1970 1492 felle
1996 1455 2010 1491 :
2042 1439 2351 1496 diviserunt
2374 1443 2696 1498 vestimenta
2721 1445 2840 1514 ejus
2874 1446 2993 1515 ipso
3031 1447 3263 1513 vidente,
3299 1449 3418 1503 lan-

1843 1544 1938 1584 cea
1986 1531 2129 1587 latus
2156 1534 2275 1601 ejus
2306 1536 2649 1590 conﬁxerunt
2670 1578 2686 1603 ,
2733 1536 2987 1607 deposuit
3018 1541 3132 1610 ipse
3164 1541 3416 1609 spiritum

1843 1618 1898 1673 in
1927 1635 2126 1677 manus
2152 1622 2331 1678 Patris
2362 1641 2375 1676 :
2408 1626 2704 1694 repositum
2734 1637 2817 1681 est
2843 1643 3043 1697 corpus
3070 1628 3189 1698 ejus
3222 1629 3274 1683 in
3298 1645 3417 1683 mo-

1843 1721 2129 1776 numento,
2160 1715 2461 1769 resurrexit
2488 1716 2649 1770 tertia
2681 1717 2798 1782 die,
2828 1727 3142 1788 assumptus
3175 1729 3260 1775 est
3287 1735 3413 1775 cum

160 1786 429 1859 ἀνελήφθη
474 1790 535 1841 ἐν
576 1789 700 1862 δόξῃ
734 1792 814 1854 εἰς
845 1791 1126 1862 οὐρανοὺς,
1153 1792 1530 1865 προεκήρυξαν
1573 1793 1723 1847 αὐτοι

1839 1802 2011 1873 gloria
2042 1807 2096 1857 in
2129 1795 2332 1870 caelos,
2383 1809 2821 1877 pramuntiarunt
2862 1826 2985 1863 eum
3028 1812 3201 1865 sancti
3237 1812 3413 1881 angeli

160 1876 298 1944 ἅγιοι
326 1877 553 1947 ἄγγελοι
587 1878 864 1948 λέγοντες
913 1883 1119 1950 Ἄρατε
1150 1884 1350 1949 πύλας
1374 1922 1403 1947 ,_
1429 1885 1483 1937 οἱ
1522 1883 1735 1952 ἄρχον-

158 1984 270 2034 τες,
290 1968 480 2039 ὑμῶν.
526 1971 941 2041 Ἀναλογίσασθε
983 1970 1078 2028 οὖν
1111 1975 1202 2027 τὸν
1233 1975 1486 2045 τοιαύτην
1534 1978 1736 2048 ὑπομο-

160 2060 250 2130 νὴν
280 2061 682 2132 ἐνδειξάμενον,
708 2065 774 2118 ἶν’
800 2066 948 2129 ὅστις
987 2064 1053 2119 ἂν
1096 2067 1339 2139 μιμητὴς
1369 2068 1541 2122 αὑτοῦ
1582 2071 1736 2140 γίνη..

157 2167 260 2214 ται,
282 2146 434 2217 οὗτος
469 2157 566 2211 καὶ
593 2156 959 2229 συγκάθεδρος
988 2158 1084 2212 καὶ
1114 2159 1550 2231 συγκληρονόμος
1568 2161 1732 2215 αὐτοῦ

156 2242 392 2314 γένηται,
423 2244 503 2311 ὡς
535 2248 696 2311 αὐτὸς
730 2249 1112 2318 ἐπηγγείλατο,
1147 2253 1207 2304 ἐν
1243 2256 1308 2323 τῇ
1343 2252 1599 2326 βασιλείᾳ.
1617 2253 1726 2307 τῶν

1835 1896 2097 1963 dicentes,
2119 1898 2359 1952 Attollite
2386 1910 2587 1969 portas,
2604 1901 2890 1970 principes,
2916 1910 3116 1955 vestras
3129 1903 3195 1956 ⁷⁸.
3214 1903 3412 1959 Animo
3504 1901 3510 1906 ’

1832 1982 2001 2054 igitur
2042 1986 2382 2041 considerate
2413 2003 2537 2041 cum
2585 1989 2679 2058 qui
2719 1991 2881 2044 talem
2914 1992 3160 2046 exhibuit
3202 1995 3412 2063 patien-

1832 2076 1988 2139 tiam,
2021 2084 2082 2129 ut
2111 2077 2363 2147 quisquis
2391 2079 2511 2148 ejus
2544 2080 2783 2135 imitator
2818 2081 3000 2147 fuerit,
3039 2099 3166 2138 cum
3202 2086 3292 2141 illo
3324 2101 3411 2142 se-

1831 2166 1957 2220 deat
2020 2166 2251 2237 ejusque
2303 2171 2542 2226 cohaeres
2611 2173 2713 2238 sit,
2783 2178 3238 2244 quemadmodum
3293 2180 3411 2249 ipse

1833 2258 2107 2327 pollicitus
2141 2271 2255 2325 est,
2292 2261 2345 2317 in
2379 2278 2548 2335 regno
2581 2268 2868 2333 ctelorum,
2901 2269 2955 2322 in
3008 2271 3207 2325 saecula
3239 2287 3411 2326 saecu-

1832 2348 2031 2404 lorum.
2066 2350 2259 2407 Amen.

168 2488 3384 2538 Ἦ

971 2609 1356 2673 MONITUM
1401 2613 1483 2673 IN
1533 2604 2551 2687 SEQUENTEM‘SEBMONEM.

156 2335 390 2406 οὐρανῶν
422 2340 503 2403 εἰς
529 2339 657 2402 τοὺς
686 2338 889 2405 αἰῶνας
904 2341 1273 2399 τῶνηαίιῦνων.
1322 2346 1516 2416 Ἀμήν.

220 2885 429 2960 ιθᾰε
455 2886 571 2941 Hoc
597 2888 913 2958 opusculum
937 2888 1221 2945 Athanasii
1254 2894 1462 2947 nomine
1495 2901 1759 2962 comparet
1787 2895 1843 2948 in
1873 2893 2140 2949 codicibus
2155 2893 2521 2948 Ambrosianis
2540 2902 2589 2947 et
2616 2894 2987 2949 Ottobonianis
3015 2912 3033 2950 :
3057 2896 3209 2966 cujus
3234 2901 3405 2967 stylus

156 2979 316 3031 medio
347 2979 580 3048 quodam
614 2982 803 3034 orandi
828 2998 1011 3052 genere
1035 2984 1172 3038 inter
1198 2984 1393 3056 δριμύν
1419 2983 1618 3037 scilicet
1640 2994 1691 3038 et
1722 2986 1937 3055 χυδαῖον
1965 2986 2327 3056 progreditur.
2396 2984 2464 3037 At
2497 3002 2617 3039 cum
2641 2986 2897 3058 quidquid
2931 2988 3274 3042 homiliarum
3305 3006 3404 3059 po-

154 3073 515 3145 pulariumque
542 3092 841 3131 sermonum
866 3078 1194 3135 Athanasius
1219 3080 1407 3143 edidit,
1432 3080 1551 3148 jam
1583 3080 1787 3149 injuria
1820 3090 2113 3151 temporunt
2137 3088 2403 3134 vetustate
2429 3080 2674 3135 obrutum
2701 3082 2901 3151 fuerit,
2935 3093 2985 3136 et
3008 3085 3055 3137 si
3083 3101 3189 3155 qua
3214 3085 3310 3139 hoc
3346 3087 3405 3139 in

154 3181 326 3234 genere
347 3179 629 3237 supersunt
657 3169 737 3223 vel
776 3180 953 3240 aperte
977 3174 1164 3241 spuria
1194 3174 1303 3226 sint
1325 3212 1341 3237 ,
1385 3172 1464 3227 vel
1499 3174 1638 3227 inter
1664 3173 2118 3245 ἁμφιὸαλλόμενα
2151 3181 2556 3243 computentur;
2589 3173 2731 3226 haud
2760 3174 2918 3243 facile
2944 3184 3021 3230 est
3054 3176 3404 3231 internoscere

153 3275 272 3313 num
291 3262 387 3314 hoc
407 3261 721 3331 opusculum
749 3262 821 3316 sit
843 3262 1139 3339 Athanasio
1168 3263 1609 3333 adjudicandum.
1648 3263 1709 3319 Si
1738 3265 1852 3334 quis
1875 3280 1996 3318 vero
2023 3264 2243 3332 objiciat
2265 3302 2280 3328 ,
2307 3264 2405 3317 hac
2432 3279 2607 3316 rerum
2638 3266 2967 3332 conditione,
2996 3283 3100 3320 non
3120 3282 3271 3335 posse
3301 3284 3402 3321 un-

153 3367 322 3420 quam,
354 3354 540 3424 quavis
564 3363 777 3423 reperta.
798 3353 1017 3409 homilia
1046 3355 1124 3409 vel
1146 3372 1383 3411 sermone
1413 3356 1756 3412 Athanasiine
1780 3356 1847 3409 sit
1871 3356 2081 3425 deliniri
2102 3370 2122 3419 ;
2159 3354 2281 3407 huic
2307 3370 2578 3423 reponam,
2601 3371 2753 3424 posse
2780 3356 3027 3410 homilias
3052 3358 3158 3411 sive
3188 3361 3399 3411 oratio-

154 3459 235 3500 nes
266 3448 552 3502 Athanasii
580 3450 788 3503 nomine
816 3451 1163 3517 deprehendi,
1193 3465 1309 3519 qua:
1337 3430 1508 3520 primo
1538 3458 1821 3518 conspectu
1857 3448 2213 3504 Athanasiani
2243 3451 2370 3521 styli
2417 3460 2572 3504 notas
2601 3450 2890 3519 praeferant
2901 3466 2921 3514 ;
2953 3466 3070 3519 qute
3097 3459 3274 3503 autem
3301 3468 3396 3506 stt—

152 3539 618 3605 persunthomilia:
658 3540 940 3596 Athanasii
965 3544 1174 3596 nomine
1199 3543 1491 3613 insignitae,
1530 3542 1608 3596 vel
1654 3542 1808 3611 nugis
1841 3541 2009 3610 plena:
2037 3542 2414 3613 manifesteque
2443 3544 2640 3611 spuria:
2662 3553 2818 3607 sunt,
2848 3540 2927 3595 vel
2951 3541 3231 3594 humiliore
3255 3542 3397 3611 style

153 3632 475 3699 conscriptae,
503 3646 660 3700 quam
683 3642 741 3685 ut
771 3631 1068 3687 Athanasio
1094 3634 1466 3687 incunctanter
1492 3631 1849 3687 ascribantur.
1877 3630 1993 3697 Quo
2027 3642 2290 3701 postremo
2322 3635 2379 3686 in
2410 3649 2592 3704 genere
2614 3632 2748 3685 hanc
2784 3632 3097 3686 censendum
3124 3643 3393 3703 putamus.

157 3738 296 3795 ΤΟΥ
350 3746 449 3799 ΕΝ
522 3749 786 3801 ΑΓῙΟΙΣ
834 3752 1127 3803 ΠΑΤΡΟΣ
1182 3752 1399 3805 ΗΜΩΝ
1444 3753 1719 3805 ΑΘΑΝᾹ-

1837 3749 2099 3806 SANCTI
2159 3750 2429 3806 PATRIS
2482 3749 2762 3806 NOSTRI
2817 3749 3236 3805 ATIIANASII
3280 3751 3401 3805 AR-

216 3815 393 3868 ΣΙΟΥ
461 3820 1077 3873 ΑΡΧΙΕΠΙΣΚΟΠΟΥ
1153 3822 1720 3877 ΑΛΕΞΑΝΔΡΕΙΑΣ

1900 3819 2395 3876 CHIEPISCOPI
2434 3820 2959 3875 ALEXANDRINI
3005 3821 3255 3877 SERMU
3309 3821 3402 3876 IN

215 3887 459 3940 ΛΟΓΟΣ
493 3891 624 3941 ΕΙΣ
664 3892 749 3943 ΤΑ
785 3892 982 3944 ΒΑΙΑ.

1900 3890 2151 3946 RAMOS
2190 3891 2620 3946 PALMARUM.

213 4017 462 4089 Φρικτὺν,
490 3998 788 4094 ἀγαπητοὶ,
824 3987 1124 4098 μυστήριον
1151 4027 1388 4099 σήμερον
1431 4027 1487 4080 ἐν
1524 4027 1721 4099 Ἰερου-

1895 4025 2255 4082 Tremendum
2282 4067 2298 4093 ,
2345 4024 2561 4092 dilecti,
2595 4025 2912 4097 mysterium
2944 4025 3105 4081 hodie
3131 4024 3401 4099 Jerosoly-

153 4109 324 4183 σαλὴμ
354 4116 573 4183 γέγονε.
596 4116 910 4187 Μυστήριον
936 4116 992 4171 δέ
1027 4134 1169 4188 φημι
1210 4116 1273 4170 τδ
1309 4118 1413 4170 ὑπὸ
1448 4118 1556 4172 τῶν
1582 4136 1718 4191 προ-

151 4203 327 4272 φητῶν
359 4206 655 4278 κηρυχθὲν,
688 4209 781 4261 καὶ
810 4208 913 4261 ὑπὸ
946 4208 1183 4280 Χριστοῦ
1208 4208 1479 4263 τελεσθὲν.
1512 4212 1719 4274 Ὄντως

151 4295 253 4367 γᾴρ
276 4298 680 4369 εὐλογημένος
702 4303 735 4353 ὀ
755 4300 1077 4369 ἐρχόμενος
1105 4300 1176 4355 ἐν
1202 4302 1442 4371 ὀνόματι
1474 4305 1716 4371 Κυρίου,

152 4387 285 4441 κατὰ
310 4389 402 4445 τὸν
451 4391 719 4462 μακάριον
749 4392 911 4445 Δαυῖδ
931 4410 944 4423 ·
996 4394 1090 4447 καὶ
1124 4393 1284 4448 πάλιν
1318 4396 1347 4448 ὁ
1382 4395 1576 4458 αὐτός’
1625 4395 1720 4449 Ἐκ

152 4480 441 4549 αἷτόματος
466 4485 701 4551 νηπίων
723 4484 820 4538 καὶ
852 4482 1230 4550 θηλαζόντων
1261 4486 1598 4553 κατηρτίσω
1628 4486 1730 4539 al-

152 4585 273 4627 νον.
300 4574 410 4647 Τὴν
441 4566 550 4647 γάρ
603 4576 788 4648 κοινὴν
828 4577 1121 4632 ἀνάστασιν
1147 4576 1241 4631 τοῦ
1269 4577 1379 4631 τῶν
1417 4577 1718 4650 ἀνθρώπων

153 4664 331 4736 γένους
356 4669 715 4739 πιστούμενος
739 4670 768 4721 ὁ
799 4670 1016 4724 πάντων
1047 4668 1311 4742 δεσπότης
1340 4670 1434 4724 καὶ
1458 4670 1715 4742 δημιουρ-

153 4754 241 4827 rb;
281 4759 487 4832 Ἰησοῦς
518 4760 770 4831 Χριστὸς,
798 4763 826 4815 ὁ
852 4762 1029 4817 πάντα
1062 4760 1128 4814 δι’
1158 4762 1307 4833 ἡμᾶς
1337 4763 1716 4832 οἰκονομήσας,

154 4848 253 4918 πρὸ
274 4852 364 4908 τοῦ
396 4853 664 4925 σωτηρίου
692 4853 854 4906 αὑτοῦ
871 4853 1076 4917 πάθους
1098 4856 1162 4907 ἐκ
1176 4854 1392 4926 ,νεκρῶν
1420 4853 1606 4925 ἤγειρε
1628 4853 1717 4907 τὸν

151 4937 411 5015 Λάζαρον.
446 4945 608 4998 Ὅθεν
646 4944 969 5016 μετὰτοῦτο
987 4944 1263 5010 σπεύδων,
1308 4944 1382 5008 ὡς
1420 4943 1574 5019 ἔφην,
1608 4944 1719 4997 λοι-

159 5032 248 5089 πὸν
272 5037 331 5090 τὸ
362 5037 501 5110 ὑπὲρ
519 5037 678 5113 ἡμῶν
703 5037 873 5102 πάθος
905 5038 1280 5105 ἀναδέξασθαι,
1312 5036 1714 5101 Ἆποστέλλει,

155 5128 309 5195 φησιν
344 5131 371 5183 ὁ
399 5129 807 5202 εὐαγγελιστὴς,
829 5130 937 5183 δύο
961 5129 1266 5203 τινὰςιτῶν
1298 5128 1516 5184 ἑαυτοῦ
1530 5133 1718 5198 μαθη-

152 5213 263 5269 τῶν
280 5219 470 5289 λέγων
492 5239 505 5253 ο
535 5221 931 5290 Πορευθέντες
958 5225 1044 5289 εἰς
1065 5222 1179 5289 τὴν
1198 5225 1511 5277 κατέναντι
1552 5220 1719 5292 ἡμῶν

155 5306 364 5376 κώμην,
385 5311 675 5381 εὑρήσετε
713 5314 858 5368 ὄνον
877 5313 1225 5385 δεδεμένην,
1251 5315 1349 5369 καὶ
1373 5313 1577 5368 πῶλον
1597 5313 1719 5368 σὺν

153 5398 298 5468 αὐτῇ
320 5419 333 5432 ·
354 5405 659 5470 λύσαντες
686 5405 935 5476 ἀγάγετέ
953 5405 1197 5476 μοιιΔιὰ
1223 5406 1382 5460 τοῦτο
1402 5406 1429 5458 ὁ
1452 5406 1720 5477 μακάριος

219 5557 324 5626 (65)
351 5561 774 5632 Προλεγόμενον.

1826 4118 1932 4174 mis
1982 4118 2210 4172 exstitit.
2272 4117 2588 4189 Mysterium
2640 4117 2795 4182 dico,
2848 4119 2992 4187 quod
3042 4133 3073 4172 a
3122 4119 3399 4189 prophetis

1825 4210 2270 4280 praenuntiatum,
2299 4224 2328 4262 a
2350 4207 2571 4263 Christo
2600 4218 3035 4263 consummatum
3063 4220 3167 4262 est.
3192 4207 3399 4265 Revera

1825 4302 1970 4357 enim
2005 4300 2306 4355 benedictus
2336 4301 2423 4371 qui
2446 4300 2581 4353 venit
2608 4301 2661 4353 in
2696 4300 2903 4353 nomine
2924 4299 3173 4368 Domini,
3205 4316 3402 4357 secun-

1825 4396 1954 4449 dum
1995 4395 2212 4449 beatum
2265 4392 2623 4460 Davidem";
2655 4408 2719 4447 ac
2746 4408 2939 4447 rursus
2969 4392 3110 4447 idem
3147 4411 3161 4447 :
3198 4392 3283 4448 Ea:
3310 4404 3399 4448 ore

1824 4486 2115 4554 infantium
2134 4493 2184 4538 et
2209 4484 2517 4537 lactentium
2542 4484 2807 4553 perfecisti
2840 4483 3128 4538 laudem".
3158 4482 3232 4539 Ut
3250 4486 3396 4540 enim

1824 4592 2170 4631 communem
2218 4577 2432 4649 generis
2482 4575 2709 4630 humani
2774 4576 3230 4632 resurrectionem
3281 4577 3398 4632 fore

1824 4667 2078 4723 suaderet
2112 4667 2378 4722 Dominus
2423 4676 2474 4722 et
2518 4678 2731 4721 creator
2775 4666 2936 4722 Jesus
2972 4666 3225 4723 Christus
3248 4708 3263 4733 ,
3301 4669 3397 4737 qui

1823 4759 2007 4813 omnia
2038 4758 2214 4813 nostri
2244 4774 2409 4813 causa
2440 4758 2775 4828 dispensavit
2805 4767 2859 4813 et
2895 4758 3054 4823 fecit,
3095 4768 3220 4813 ante
3250 4758 3398 4813 salu-

1823 4858 1996 4903 tarem
2023 4849 2333 4919 passionem
2368 4864 2523 4904 suam
2553 4848 2818 4903 Lazarum
2840 4864 2907 4904 ex
2958 4852 3188 4905 mortuis
3215 4851 3397 4906 susci-

1823 4942 1977 4995 tavit.
2014 4942 2379 5008 Quamobrem
2415 4942 2519 4997 hoc
2544 4952 2782 5013 peracto,
2829 4952 2889 4997 ut
2934 4943 3067 5007 dixi,
3118 4941 3394 4999 festinavit

1821 5033 2183 5088 voluntariam
2215 5049 2315 5104 pro
2340 5033 2500 5088 nobis
2536 5034 2686 5088 adire
2715 5034 3044 5103 passionem.
3078 5031 3270 5098 Mittit,
3320 5034 3398 5088 ait

1824 5126 2180 5199 evangelista,
2212 5126 2344 5180 duos
2381 5141 2445 5181 ea:
2474 5127 2763 5197 discipulis
2796 5127 2907 5181 suis
2950 5127 3128 5181 dicens
3151 5142 3171 5181 :
3197 5126 3394 5181 Euntes

1821 5221 1878 5273 in
1902 5221 2074 5273 vicum
2107 5220 2401 5289 oppositum
2426 5259 2441 5283 ,
2472 5220 2744 5273 invenietis
2772 5221 2978 5273 asinam
3002 5220 3309 5290 alligatam,
3344 5231 3395 5274 et

1823 5312 2028 5381 pullum
2074 5328 2193 5365 cum
2235 5328 2299 5366 ea
2325 5326 2343 5363 :
2375 5311 2669 5376 solventes,
2721 5312 2967 5365 adducite
3016 5312 3146 5365 mihi
3163 5314 3227 5366 "".
3272 5312 3397 5366 Ideo

1827 5407 2017 5461 beatus
2063 5402 2229 5460 Jacob
2275 5404 2581 5475 patriarcha
2623 5419 2745 5459 cum
2794 5404 3194 5461 hencdictiones
3234 5405 3399 5476 quasi

227 5693 270 5733 τ’
307 5695 409 5754 Isa.
452 5717 577 5769 xxv,
616 5700 669 5757 8.
750 5702 793 5734 '”'
834 5700 977 5759 Psal.
1020 5719 1181 5770 χχιιι,
1222 5702 1274 5768 7,
1317 5704 1385 5760 9..
1450 5704 1494 5736 ⁷¹
1528 5701 1671 5759 Psal.
1714 5720 1723 5756 ι

1840 5719 1878 5769 ι,
1917 5701 2008 5757 26.
2083 5702 2127 5734 ⁷*
2167 5700 2315 5756 Bsai.
2356 5716 2484 5765 vtu,
2524 5700 2621 5776 δην
2654 5702 2696 5731 ⁷⁷
2737 5699 2928 5758 Matth.
2969 5718 3091 5771 ut,
3132 5704 3199 5771 l.,
3233 5705 3291 5762 9..
