3794 6226
376 321 513 380 1511

979 315 1036 371 S.
1078 309 1455 367 ATHANASII
1489 304 1638 362 UPP.
1681 301 1861 358 PARS
1896 297 1936 353 l.
1971 291 2438 350 -—HISTORICA
2475 289 2564 344 ET
2600 283 3022 343 DOGMATICA.

3492 276 3644 333 13!!

373 454 575 503 sortem
607 441 733 496 ﬁliis
759 437 1097 508 impertiret,
1134 434 1226 488 ubi
1260 432 1325 488 ad
1353 430 1549 485 ludam
1583 426 1871 498 pervenisst

2149 411 2266 468 κὼσ
2297 413 2327 465 6
2354 410 2720 482 πατριάρχης,
2755 403 2917 475 ἡνίκα
2937 401 3039 465 τὰς
3068 398 3342 508 εὐλογίας,
3355 397 3417 448 ὲν
3446 397 3645 500 κλινήρη»

373 540 454 594 sic
484 532 829 595 aitzludas,
876 538 924 583 te
960 527 1177 581 laudent
1210 526 1404 594 fratres
1448 523 1527 575 tui
1545 521 1626 587 7';
1670 530 1725 574 et.
1762 517 1952 589 paucis

376 626 732 697 interpositis,
771 621 835 676 Et
860 624 969 691 ipse
997 618 1324 689 exspectatio
1352 616 1583 685 gentium
1603 612 1669 667 ⁷⁸.
1697 610 1950 678 Qualium

373 720 543 776 ludas
576 717 819 788 gentium
858 711 1192 782 exspectatio
1232 707 1371 763 fuit?
1399 704 1631 761 Nullius.
1664 702 1868 757 Verum
1899 702 1951 756 id

374 814 579 869 indicat
601 809 865 881 propheta
886 846 901 871 ,
932 804 1079 876 quod
1106 819 1175 858 ex
1208 801 1345 857 Juda
1382 800 1465 856 sol
1493 809 1649 855 ortus
1677 798 1770 852 sit.
1814 795 1957 849 Rur—

375 921 497 961 sum
526 904 716 973 paucis
745 899 1044 969 interjectis
1080 896 1221 951 idem
1262 895 1339 949 ait
1370 911 1382 947 :
1416 893 1614 963 Ligans
1656 890 1726 944 ad
1751 892 1953 945 vitream

375 1002 581 1055 asinam
609 1013 795 1062 suam,
840 1003 892 1050 et
926 993 995 1048 ad
1026 993 1181 1047 uitem
1209 989 1413 1060 pullum
1444 985 1695 1042 asinae“.
1726 985 1953 1039 Asinam

373 1103 428 1149 et
462 1092 669 1164 pullum
702 1086 890 1145 dicens
913 1129 927 1155 ,
974 1087 1274 1143 Ecclesiam
1323 1085 1562 1154 gentium
1605 1080 1947 1152 significavit.

374 1183 508 1241 Nam
539 1199 727 1239 revera
748 1180 1014 1235 Dominus
1040 1189 1224 1249 gentes
1250 1178 1423 1232 vineae
1449 1184 1503 1231 et
1536 1175 1630 1230 viti
1656 1175 1953 1242 colligavit,

375 1281 429 1336 id
462 1288 577 1346 est,
616 1275 795 1332 Veteri
838 1285 892 1329 et
918 1271 1070 1328 Novo
1098 1272 1470 1333 Testamento,
1515 1287 1624 1341 quo
1666 1285 1760 1339 per
1792 1268 1948 1323 (idem

374 1372 591 1445 pietatis
619 1370 853 1425 fructum
886 1366 1108 1421 ferrent.
1130 1365 1268 1420 llinc
1295 1362 1732 1434 pergit-.Lavabit
1757 1362 1809 1415 in
1832 1362 1951 1415 cina

374 1466 568 1521 stolam
597 1480 785 1527 suam,
829 1470 878 1514 et
910 1462 964 1513 in
996 1458 1250 1528 sanguine
1282 1473 1397 1511 uva:
1426 1457 1676 1508 amictum
1714 1454 1957 1507 suum“.

378 1556 586 1612 Stolam
620 1563 673 1609 et
702 1554 958 1607 amictum
991 1549 1219 1612 Christi,
1252 1563 1473 1602 carnem
1522 1555 1819 1616 nuncupat.
1864 1544 1954 1599 Si-

376 1650 594 1721 quidem
621 1656 814 1717 sponte
834 1646 889 1699 in
912 1660 1074 1699 carne
1104 1660 1202 1700 sua
1241 1642 1390 1696 cruci
1437 1656 1537 1710 pro
1567 1640 1726 1694 nobis
1758 1638 1951 1694 afﬁxus

376 1750 481 1803 est,
509 1749 570 1794 ut
594 1739 811 1809 proprio
834 1737 1100 1806 sanguine
1123 1744 1470 1806 peccatorum
1497 1742 1809 1789 nostrorum
1839 1749 1874 1788 Si

398 1832 407 1849 |
430 1847 461 1849 ,-
506 1830 742 1849 _LI__-_-.
793 1827 1246 1849 _---_.-.I_.-J--...
1280 1826 1331 1849 :..
1364 1824 1501 1849 1....2Α
1535 1824 1797 1849 -.._:..I..m
1827 1838 1874 1849 Αι-

1045 1752 1100 1791 1e
1123 1744 1470 1806 peccatorum
1497 1742 1809 1789 nostrorum
1839 1748 1954 1788 sor-
1984 1767 2029 1823 Β
2308 1737 2326 1741 ⁷
2355 1737 2445 1787 “;⁴
2478 1737 2491 1739 ἡ
2512 1737 2541 1738 “

1045 1828 1246 1849 “JH.
1280 1826 1331 1849 ε..
1364 1824 1501 1849 1,,,εΑ
1535 1824 1797 1849 humum
1827 1831 1906 1849 Μ,
1936 1841 1949 1849 _
2055 1797 2149 1833 του
2182 1780 2419 1849 Χριστου
2449 1776 2543 1830 καὶ

377 1832 473 1886 des
502 1830 766 1893 ablueret,
787 1827 1248 1898 quemadmodum
1280 1826 1333 1879 in
1364 1824 1501 1880 lsaia
1535 1824 1798 1893 scriptum
1825 1831 1909 1877 est
1936 1841 1950 1876 :

381 1920 558 1987 Quare
588 1920 749 1975 rubra
774 1921 1080 1975 vestimenta
1112 1928 1231 1983 tua,
1265 1929 1313 1972 et
1340 1917 1651 1970 indumenta
1684 1926 1775 1969 tua
1798 1914 1953 1986 quasi

379 2011 575 2066 calcati
621 2010 925 2071 torcularis,
956 2008 1139 2078 plenus
1188 2008 1495 2061 conculcata
1533 2008 1619 2060 1i’?
1653 2006 1852 2060 Verum
1884 2005 1952 2060 ad

378 2103 720 2175 propositum
775 2111 1134 2157 revertamur.
1196 2099 1338 2155 Dicit
1372 2115 1499 2170 ergo
1529 2098 1814 2169 discipulis
1848 2096 1954 2151 Do-

380 2196 564 2250 minus
589 2195 656 2249 de
691 2194 843 2248 asina
874 2194 1103 2262 loquens
1140 2209 1153 2244 :
1202 2189 1270 2244 Et
1312 2192 1356 2245 si
1396 2192 1511 2260 quis
1545 2191 1688 2244 vobis
1715 2189 1953 2243 dixerit:

380 2287 520 2354 Quid
544 2288 724 2357 facitis
740 2288 765 2340 .°
784 2296 876 2340 aut
906 2303 1002 2340 cur
1025 2285 1225 2341 solvitis
1250 2284 1453 2354 pullum
1474 2285 1499 2337 2’
1517 2284 1709 2337 dicite:
1730 2282 1955 2335 Domino

377 2396 507 2449 opus
542 2379 637 2433 illo
669 2392 745 2435 est
771 2379 837 2434 ⁸³.
882 2377 943 2433 In
998 2378 1149 2433 nullo
1172 2419 1186 2443 ,
1236 2376 1447 2445 inquit,
1489 2374 1733 2431 dubitate
1762 2390 1954 2430 eorum

377 2489 501 2544 qua:
525 2471 823 2528 secundum
848 2471 1213 2526 oeconomiam
1245 2484 1425 2525 meam
1460 2478 1758 2539 geruntur;
1792 2483 1956 2524 nemo

376 2567 534 2624 vobis
564 2566 890 2636 repugnabit
917 2573 1012 2619 aut
1043 2565 1273 2620 obsistet
1300 2564 1355 2618 in
1381 2564 1490 2618 ulla
1520 2579 1598 2619 re.
1631 2560 1824 2627 Dicite,
1850 2563 1958 2619 Do-

377 2659 532 2713 mino
576 2658 722 2713 illius
753 2672 876 2713 esse
913 2671 1054 2726 opus
1084 2674 1098 2710 :
1130 2656 1352 2726 iussum
1380 2672 1562 2712 meum
1592 2668 1956 2726 exsequentes

378 2767 542 2807 nemo
581 2766 679 2807 vos
715 2750 1026 2806 coercebit:
1057 2749 1202 2804 Nam
1231 2767 1383 2807 meus
1408 2760 1488 2804 est
1527 2751 1668 2804 orbis
1711 2761 1866 2806 terra:
1906 2760 1955 2805 et

376 2844 650 2913 plenitudo
692 2843 805 2912 ejus
824 2843 890 2897 ⁸⁵.
935 2840 1161 2911 Oportet
1207 2842 1374 2912 igitur
1411 2856 1750 2911 quaecunque
1794 2857 1825 2896 a
1872 2857 1958 2898 me

376 2937 582 3005 scripta
612 2945 743 2991 sont
772 2935 839 2989 ad
872 2935 1079 2989 exitum
1111 2933 1325 2988 deduci.
1357 2931 1530 2988 Hodie
1552 2933 1795 2989 insidens
1827 2935 1962 2990 sub-

374 3030 547 3105 jugali
586 3027 981 3098 Jerosolymam
1034 3028 1386 3098 ingressurus
1430 3042 1575 3083 sum.
1625 3025 1956 3082 Scrutamini

2056 505 2287 576 παρεῖχε
2312 504 2427 565 τοῖς
2456 499 2686 561 τέκνοις,
2717 493 2887 551 ἐλθὼν
2932 493 3026 545 ἐπὶ
3068 490 3160 544 τὸν
3211 486 3430 549 Ἰούδαν,
3462 484 3646 549 οὕτως

2052 593 2273 665 εἴρηκεν
2298 609 2312 622 ·
2358 589 2567 653 Ἰούδα,
2598 587 2674 643 σὲ
2702 583 3064 641 αίνέσιιισαν
3087 584 3147 634 οἱ
3185 576 3438 646 ἀδελφοί
3479 590 3608 630 σου
3626 590 3640 604 ·

2051 686 2147 740 καὶ
2170 684 2287 755 μετ’
2318 682 2474 751 ὀλίγα
2495 700 2508 713 ·
2530 680 2641 736 Καὶ
2654 676 2836 743 αὐτὸς
2855 672 3189 744 προσδοκία
3211 667 3423 725 ἐθνῶν.
3457 667 3644 720 Ποίων

2050 779 2108 832 δὲ
2142 777 2311 831 ὲθνῶν
2350 776 2541 845 γέγονε
2563 771 2860 846 προσδοκία
2898 763 3443 834 Ἰούδας;ούδαμῶς.
3475 760 3645 814 Ἀλλά

2050 872 2209 926 τοῦτο
2237 870 2388 942 δηλοῖ
2413 872 2442 923 6
2471 867 2778 938 προφήτης.
2802 862 2987 933 ἐπειδὴ
3030 858 3091 925 ἐξ
3136 857 3305 912 Ἰούδα
3343 854 3645 909 ἀνατέταλ-

2051 977 2147 1014 κεν
2178 961 2208 1014 6
2234 959 2405 1030 ἥλιος.
2452 955 2621 1009 Πάλιν
2654 953 2772 1024 μεθ’
2818 952 2983 1023 έτερα
3018 952 3047 1003 6
3088 948 3249 1011 αὐτὸς
3299 946 3479 1014 λέγει·
3538 946 3644 999 Δε-

2051 1052 2294 1120 σμεύων
2336 1048 2491 1118 πρὸς
2522 1045 2798 1116 ἄμπελον
2825 1042 2941 1112 τὴν
2980 1042 3125 1094 ὄνον
3180 1037 3400 1102 αὑτοῦ,
3431 1035 3531 1090 καί
3565 1034 3643 1104 τῇ

2050 1142 2205 1197 ἕλικι
2228 1141 2337 1195 τὸν
2362 1137 2569 1193 πῶλον
2590 1137 2703 1203 τῆς
2728 1134 2895 1188 ὄνου.
2931 1135 3088 1186 Ὀνον
3111 1132 3205 1186 καὶ
3236 1129 3413 1183 πῶλον
3440 1126 3641 1192 εἰπὼν,

2052 1234 2149 1305 τὴν
2180 1232 2504 1300 Ἐκκλησίαν
2530 1227 2835 1283 τῶνιὲθνῶν
2850 1226 3144 1296 ἐσήμανεν.
3177 1223 3505 1293 Ἐδέσμευσε
3525 1220 3640 1292 γὰρ

2052 1323 2268 1388 ἀληθῶς
2295 1322 2364 1377 τὰ
2388 1322 2516 1393 ἔθνη
2557 1318 2810 1390 όΚύριος
2835 1319 2903 1386 τῇ
2944 1312 3177 1387 ἀμπέλῳ
3210 1314 3304 1367 καὶ
3357 1315 3428 1384 τῇ
3460 1310 3639 1365 ἕλικι⁸

2051 1415 2319 1477 τουτέστι,
2351 1416 2418 1485 τῇ
2449 1412 2662 1483 Παλαιᾷ
2689 1412 2783 1465 καὶ
2812 1411 2990 1480 Καινῇ
3017 1408 3280 1478 Διαθήκῃ,
3311 1405 3461 1468 ὅπως
3499 1421 3643 1474 καρ-

2040 1507 2404 1577 -ποψορήσωσι
2435 1502 2645 1575 καρπὸν
2668 1500 2950 1563 εὐσεϐείας
2970 1497 3061 1552 διὰ
3094 1497 3193 1566 τῆς
3221 1496 3478 1559 πίστεως,
3504 1491 3642 1547 Εἶτα

2051 1596 2243 1664 ἐπάγει
2262 1608 2275 1622 °
2305 1591 2535 1648 [Marsi
2551 1592 2621 1645 ἐν
2637 1591 2781 1657 οϊνῳ
2805 1589 2922 1658 τὴν
2947 1584 3184 1654 στολὴν
3201 1585 3410 1648 αὐτοῦ,
3437 1584 3543 1640 καὶ
3574 1584 3647 1636 ἐν

2050 1689 2252 1757 αἵματι
2302 1682 2630 1754 σταφυλῆς
2658 1681 2775 1749 τὴν
2822 1677 3150 1749 περιϐολὴν
3180 1673 3388 1733 αὑτοῦ.
3437 1673 3644 1746 Στολὴν

2576 1772 2871 1847 περιϐολὴν
2904 1772 3004 1843 τὴν
3043 1770 3222 1843 σάρκα
3244 1767 3414 1836 λέγει.
3460 1768 3659 1820 Ἑκου-

2060 1871 2189 1934 σίως
2209 1869 2318 1942 γὰρ
2347 1869 2414 1923 δι’
2449 1869 2597 1939 ἡμᾶς
2617 1867 2675 1919 ὲν
2705 1864 2926 1936 σταυρῷ
2950 1860 3276 1934 προσηλώθη
3322 1858 3512 1928 σαρκὶ,
3556 1858 3650 1911 ἶνα

2053 1963 2133 2034 τῷ
2173 1962 2289 2032 ἰδίῳ
2320 1962 2512 2032 αἵματι
2545 1958 2638 2012 τὸν
2674 1956 2845 2029 ῥύπον
2902 1954 3141 2024 έκπλύνῃ
3196 1951 3306 2005 τῶν
3348 1950 3648 2020 ἡμετέρων

2058 2052 2362 2127 ἁμαρτιῶν,
2400 2051 2584 2115 καθὼς
2609 2050 2704 2103 καὶ
2739 2052 2796 2103 ὲν
2842 2048 3041 2118 Ἡσαΐᾳ
3068 2045 3405 2116 γέγραπταν
3435 2039 3547 2093 Διὰ
3591 2040 3651 2092 τι

1986 2174 1995 2185 ν
2055 2163 2173 2201 σου
2202 2142 2421 2214 ἐρυθρὰ
2448 2143 2522 2197 τὰ
2549 2140 2765 2212 ἱμάτια,
2808 2138 2907 2194 καὶ
2959 2137 3030 2192 τὰ
3056 2133 3358 2205 ἐνδύματα
3406 2146 3531 2186 σου
3566 2132 3652 2195 ὡς

2055 2236 2442 2305 ἀποπατητοῦ
2490 2233 2708 2303 ληνοῦ,
2737 2232 2977 2302 πλήρης
3025 2225 3650 2295 καταπεπατημένης;

2068 2330 2210 2384 Ἀλλ’
2244 2329 2335 2382 ἐπὶ
2365 2328 2426 2381 τὸ
2466 2327 2825 2399 προκείμενον
2874 2322 3274 2391 ἐπανέλθωμεν.
3319 2319 3485 2386 Λέγει
3534 2317 3651 2386 γὰρ

2057 2425 2171 2486 τοῖς
2201 2420 2471 2492 μαθηταῖς
2501 2421 2531 2472 6
2561 2417 2765 2488 Κύριος
2793 2416 2921 2487 περὶ
2951 2415 3050 2486 τῆς
3079 2413 3200 2465 ὄνου
3222 2429 3235 2443 ’
3262 2410 3375 2465 Καὶ
3408 2406 3524 2461 ἐάν
3555 2424 3649 2471 τις

2057 2514 2199 2583 ὑμῖν
2242 2513 2407 2581 εἴπῃ,
2469 2511 2531 2565 Τί
2561 2508 2813 2573 ποιεῖτε;
2859 2506 2898 2575 ἣ
2928 2506 2987 2559 τί
3029 2505 3207 2559 λύετε
3248 2502 3355 2556 τὸν
3397 2498 3648 2560 minor;

2056 2609 2261 2661 εἴπατε
2285 2606 2374 2659 ὅτι
2410 2605 2464 2658 '0
2481 2604 2699 2672 Κύριος
2723 2600 2909 2656 αὐτοῦ
2929 2599 3140 2670 χρείαν
3163 2596 3308 2665 ἔχει.
3339 2594 3434 2666 Μὴ
3458 2594 3649 2647 διστά-

2059 2714 2212 2768 σητε,
2267 2695 2453 2766 φησὶν,
2503 2695 2563 2747 έν
2600 2692 2786 2765 μηδενὶ
2812 2689 2919 2743 τῶν
2949 2688 3091 2743 κατὰ
3113 2687 3211 2758 τὴν
3265 2685 3403 2757 ἐμὴν
3431 2686 3649 2738 οίκονο-

2062 2789 2191 2860 μίαν
2239 2785 2655 2858 πραττομένων·
2687 2781 2862 2845 οὐδεὶς
2911 2780 3066 2851 ὑμῶν
3098 2779 3482 2848 ἀντιστήσεται
3523 2777 3648 2830 οὐδὲ

2057 2879 2512 2951 ἀπιρῤητορήσει
2567 2875 2704 2947 πρὸς
2735 2874 2855 2927 οὐδὲ
2907 2872 2966 2926 ἒν
3011 2871 3185 2943 ῥῆμα.
3244 2871 3467 2936 Εἴπατε,
3506 2870 3652 2924 ὃτιδ

2058 2971 2262 3043 Κύριος
2288 2969 2455 3023 αὐτοῦ
2491 2967 2683 3039 χρείαν
2711 2966 2844 3037 ἔχει,
2873 2966 3048 3029 οὐδεῖς
3073 2963 3309 3029 κωλύσει
3340 2964 3488 3034 ὑμᾶς
3520 2980 3648 3018 ποι-

2058 3061 2251 3124 οῦντας
2271 3059 2333 3114 τδ
2361 3060 2454 3113 ὑπ’
2481 3056 2617 3129 ἐμοῦ
2640 3056 3112 3128 προσταττόμενον
3135 3072 3150 3087 ο
3183 3053 3323 3124 Ὲμὴ
3339 3053 3451 3123 γάρ
3474 3055 3653 3109 ἑστιν

382 3122 732 3192 Scripturas;
757 3134 886 3176 ecce
913 3118 1210 3173 Zacharias
1245 3119 1510 3188 propheta
1541 3118 1626 3173 bis
1649 3117 1832 3173 verbis
1862 3133 1880 3171 ε

2152 3117 2458 3221 nx}:an
2507 3117 2607 3204 καί
2638 3117 2704 3203 t6
2755 3117 3046 3219 πλήριιλμα
3075 3117 3286 3215 αὐτῆς.
3460 3147 3650 3201 τοίνυν

380 3216 623 3271 clamat:
659 3212 839 3269 Gaude
890 3211 1151 3276 multum,
1210 3210 1329 3282 filia
1371 3210 1500 3266 Sion
1533 3227 1551 3265 :
1579 3210 1959 3281 pradicabitur

382 3308 480 3364 tibi
497 3307 677 3378 justus
704 3316 752 3360 et
778 3302 1045 3361 Salvator.
1074 3303 1191 3372 Ipse
1218 3314 1545 3371 mansuetus,
1576 3304 1811 3358 insidens
1833 3302 1959 3357 sub-

376 3400 573 3477 jugali,
602 3411 653 3455 et
674 3399 821 3471 pullo
842 3399 1008 3452 asinis
1032 3398 1205 3469 juveni
1225 3395 1293 3451 ⁸⁸.
1327 3394 1564 3466 Tempus
1594 3410 1835 3466 praesens
1866 3394 1963 3450 be-

382 3492 640 3563 neplaciti
670 3499 789 3556 est;
819 3498 1032 3559 oportet
1054 3503 1140 3542 me
1172 3487 1458 3543 inimicum
1484 3496 1729 3542 evertere
1767 3500 1835 3541 ac
1861 3500 1960 3556 per

382 3601 602 3642 crucem
648 3585 834 3641 omnia
874 3591 1066 3654 pacata
1099 3578 1345 3636 reddere.
1392 3579 1543 3650 Opus
1570 3588 1656 3634 est
1681 3588 1740 3634 ut
1770 3578 1961 3636 istliaae

381 3673 721 3747 Jerosolyma
747 3675 909 3729 ﬁnem
941 3664 1193 3742 accipiat,
1229 3684 1283 3727 et
1312 3670 1554 3726 Ecclesia
1591 3670 1830 3741 gentium
1867 3669 1961 3725 tir-

384 3780 585 3826 metur.
637 3770 831 3823 Annon
877 3766 1162 3838 psalmista
1207 3763 1375 3818 David
1423 3763 1491 3817 de
1532 3762 1634 3816 hac
1674 3760 1960 3816 vocatione

385 3865 625 3937 gentium
667 3863 1001 3919 vaticinatus
1043 3859 1172 3915 est?
1237 3856 1380 3925 Quid
1425 3871 1556 3912 vero
1601 3856 1719 3910 ait?
1766 3852 1962 3909 Omnes

385 3965 582 4029 gentes,
616 3970 949 4026 quascunque
978 3953 1180 4020 fecisti,
1203 3952 1439 4016 uenient,
1464 3958 1515 4004 et
1542 3946 1841 4002 adorabunt
1873 3963 1963 4001 co-

385 4065 501 4103 ram
537 4058 605 4113 te,
643 4045 936 4100 Domine”.
964 4043 1029 4100 Hi
1065 4055 1194 4100 sunt
1215 4044 1328 4097 veri
1356 4042 1703 4108 adoratores,
1736 4041 1829 4110 qui
1864 4055 1961 4110 per

384 4140 546 4197 ﬁdem
592 4138 829 4195 Verbum
870 4145 1211 4207 receperunt.
1243 4134 1445 4190 Deinde
1472 4135 1548 4189 ait
1588 4133 1957 4205 evangelista:

387 4233 586 4290 Euntes
617 4243 794 4287 autem
826 4230 1075 4302 discipuli
1102 4229 1339 4299 fecerunt
1381 4229 1518 4281 sicut
1554 4226 1799 4296 praecepit
1827 4226 1958 4290 illis,

385 4338 435 4383 et
459 4328 794 4382 adduxerunt
816 4325 1023 4378 asinam
1042 4333 1093 4378 et
1114 4322 1342 4393 pullum,
1359 4330 1408 4375 et
1431 4322 1786 4389 imposuerunt
1805 4335 1963 4389 super

385 4420 509 4475 illos
538 4421 877 4482 uestimenta,
902 4427 952 4471 et
981 4414 1166 4470 Iesum
1193 4415 1413 4483 desuper
1437 4412 1613 4466 sedere
1643 4411 1876 4482 fecerunt
1892 4410 1957 4465 ⁸⁷.

385 4514 432 4567 0
477 4525 727 4582 magnam
750 4508 1061 4563 Servatoris
1080 4521 1206 4576 erga
1254 4521 1356 4560 nos
1414 4502 1956 4572 attemperationem!

387 4603 521 4670 Quis
565 4601 684 4670 ejus
727 4616 853 4670 erga
901 4613 1003 4653 nos
1045 4597 1248 4652 amoris
1279 4594 1532 4649 affectum
1572 4609 1680 4648 non
1722 4592 1961 4647 admire—

388 4697 512 4752 tur?
537 4694 672 4762 Quis
706 4709 813 4749 non
838 4692 1187 4760 Obstupescat
1216 4686 1431 4757 quando
1460 4687 1527 4749 is,
1557 4683 1653 4755 qui
1687 4685 1839 4739 sedet
1869 4699 1961 4738 su-

385 4804 482 4861 per
504 4785 809 4851 cherubim,
837 4784 950 4853 jam
983 4790 1201 4851 propter
1228 4794 1328 4834 nos
1355 4778 1501 4848 pullo
1532 4778 1699 4831 asina:
1722 4776 1966 4831 insidet?

389 4882 458 4937 Et
490 4882 584 4951 qui
613 4896 641 4935 a
676 4878 951 4948 seraphim
982 4876 1306 4941 celebratur,
1328 4873 1443 4942 jam
1472 4888 1502 4926 a
1529 4870 1768 4941 parvulis
1803 4868 1962 4925 effer-

388 4987 479 5031 tur
513 4971 802 5028 laudibus?
847 4968 983 5025 Nam
1027 4967 1387 5031 vestimentis,
1423 4964 1621 5037 inquit,
1664 4964 1782 5019 suis
1815 4963 1961 5017 viam

390 5064 737 5132 sternebant;
784 5062 875 5117 alii
904 5075 1090 5115 ramos
1117 5058 1183 5113 de
1210 5056 1498 5112 arboribus
1544 5054 1843 5120 caedentes,
1883 5053 1965 5108 id-

387 5160 566 5230 ipsum
601 5155 965 5229 praestabant;
1014 5164 1068 5208 et
1099 5151 1191 5206 alii
1219 5149 1438 5221 quidem
1487 5156 1826 5218 praeeuntes,
1870 5147 1963 5201 alii

386 5267 520 5306 vero
564 5250 996 5319 subsequentes,
1040 5260 1163 5301 cum
1196 5242 1580 5297 innocentibus
1628 5240 1815 5310 pueris
1854 5253 1964 5293 una

390 5340 720 5402 clamabant,
752 5337 1136 5407 triumphalem
1179 5334 1439 5406 hymnum
1483 5329 1842 5401 profer-entes,
1876 5330 1962 5385 his

392 5433 569 5488 verbis
597 5451 609 5486 :
640 5431 895 5487 liosanna
924 5430 1037 5499 ﬁlio
1064 5428 1258 5491 David,
1287 5426 1585 5481 benedictus
1620 5423 1712 5494 qui
1739 5424 1877 5477 venit
1907 5423 1963 5475 in

389 5523 599 5577 nomine
641 5521 882 5586 Domini,
915 5519 1168 5573 Hosanna
1194 5521 1249 5573 in
1269 5517 1487 5572 excelsis
1505 5515 1571 5570 ⁸⁸.
1596 5513 1961 5581 Quamobrem

465 5684 512 5716 "
550 5685 686 5741 Gen.
729 5703 876 5749 ειη,
917 5684 973 5737 8.
1048 5685 1092 5717 ⁷⁸
1129 5684 1259 5738 ibid.
1303 5684 1389 5737 i0.
1464 5682 1510 5714 ”
1549 5679 1682 5736 ibid.
1729 5678 1813 5735 Η.
1894 5678 1937 5710 ⁸¹

1812 5724 1813 5727 η
1894 5678 1937 5710 ⁸¹
1981 5678 2114 5733 ibid.
2189 5678 2235 5710 ⁸²
2274 5676 2380 5732 lsa.
2410 5692 2577 5749 nam,
2711 5673 2956 5749 “‘fALuc.
3035 5692 3150 5742 rx,
3224 5672 3310 5728 5|.

1300 5755 1344 5786 ⁸³
1379 5752 1523 5809 Psal.
1563 5768 1760 5819 LXXXV,
1803 5749 1855 5809 9s
1931 5750 1975 5786 ⁸⁷
2017 5749 2204 5812 Matth.
2246 5764 2358 5815 ιιι,
2401 5746 2451 5815 6,
2500 5747 2546 5800 7.
2624 5746 2668 5778 ⁸⁸
2709 5744 2917 5801 ibitl..9.

394 5768 548 5826 nm,
576 5757 624 5811 1.
699 5758 743 5790 ⁸⁵
785 5755 1012 5811 Zachar.
1054 5770 1129 5816 lx,
1172 5754 1224 5809 9.

2058 3241 2239 3295 πάντα
2264 3242 2335 3295 τὰ
2365 3242 2493 3310 παρ’
2532 3238 2665 3310 ἐμοῦ
2717 3238 3081 3311 γεγραμμένα
3125 3240 3208 3301 είς
3238 3238 3411 3309 πέρας
3442 3237 3649 3292 ἐλθεῖν.

2057 3334 2149 3387 Δεῖ
2178 3349 2246 3403 με
2276 3331 2540 3385 εἰσελθεῖν
2563 3333 2646 3395 είς
2679 3328 3038 3402 Ἰερουσαλὴμ
3066 3331 3308 3401 σήμερον
3334 3329 3649 3401 ἐποχούμε-

2057 3442 2151 3479 νον
2173 3425 2266 3478 ἐπὶ
2286 3424 2604 3493 ὑποζύγιον.
2649 3424 2938 3495 Ἐρευνᾶτε
2962 3422 3061 3487 τὰς
3107 3423 3361 3493 Γραφάς·
3402 3424 3517 3477 ἰδοὺ
3548 3427 3654 3479 Ζα-

2056 3517 2256 3587 χαρίας
2303 3517 2333 3569 6
2389 3517 2677 3587 προφήτης
2734 3515 3027 3587 διαρρήδην
3063 3514 3166 3587 βοᾷ
3216 3515 3423 3584 λέγων·
3468 3516 3654 3585 Χαῖρε

2058 3605 2314 3676 σφόδρα,
2348 3606 2599 3675 θύγατερ
2628 3604 2781 3659 Σιών
2801 3620 2816 3635 ·
2860 3604 3235 3673 κηρύσσεται
3269 3619 3368 3659 σοι
3414 3604 3654 3673 δίκαιος

2057 3697 2158 3752 καὶ
2184 3695 2403 3759 σώζων.
2432 3696 2625 3764 Αὐτὸς
2645 3697 2840 3766 πραῢς
2862 3695 3338 3765 καὶὲπιϐεσηκὼς
3364 3696 3469 3749 ἐπὶ
3500 3700 3655 3753 ὑπο-

2059 3787 2257 3858 ζύγιον
2290 3787 2393 3841 καὶ
2415 3785 2621 3841 πῶλον
2648 3786 2792 3842 ὄνου
2816 3787 2978 3841 νέον.
3006 3787 3212 3858 Καιρὸς
3249 3782 3342 3840 οὖν
3396 3787 3653 3852 εὐδοκίας

2059 3881 2088 3933 6
2113 3877 2330 3950 παρών·
2359 3878 2439 3932 δεῖ
2463 3894 2531 3949 με
2559 3878 2659 3948 τὴν
2691 3877 2893 3951 ἔχθραν
2928 3876 3086 3931 λῦσαι
3115 3878 3211 3932 καὶ
3234 3879 3653 3950 είρηνοποιῆσαι

2058 3970 2129 4026 τὰ
2154 3971 2334 4025 πάντα
2360 3969 2451 4024 διὰ
2486 3969 2582 4024 τοῦ
2618 3968 2874 4041 σταυροῦ.
2901 3970 2994 4022 Δεῖ
3022 3968 3119 4039 τὴν
3145 3967 3242 4022 νῦν
3285 3968 3653 4041 Ἰερουσαλὴμ

2059 4062 2210 4126 τέλος
2234 4061 2439 4126 λαϐεῖν,
2472 4062 2565 4115 καὶ
2591 4062 2692 4133 τὴν
2712 4060 2772 4127 ἐξ
2803 4061 2970 4114 ἐθνῶν
3008 4060 3333 4130 Ἐκκλησίαν
3354 4061 3655 4132 στηριχθῆ-

2061 4170 2170 4206 ναι.
2207 4154 2278 4206 Ἢ
2301 4153 2419 4223 ούχὶ
2450 4153 2544 4206 καὶ
2568 4152 2596 4205 6
2627 4151 2870 4224 ὑμνῳδὸς
2906 4150 3069 4204 Δαυῖδ
3098 4151 3227 4222 περὶ
3266 4150 3366 4219 τῆς
3400 4150 3676 4223 κλήσεως-

2061 4243 2264 4315 ταύτης
2321 4243 2430 4297 τῶν
2473 4241 2645 4297 ἐθνῶν
2693 4244 3103 4315 προεφήτευσε;
3142 4241 3206 4293 Τί
3264 4239 3372 4312 γὰρ
3419 4243 3673 4313 εἰρηκες,

2064 4333 2266 4389 Πάντα
2300 4332 2373 4387 τὰ
2403 4331 2571 4400 ἔθνη,
2594 4331 2712 4386 ὅσα
2739 4333 3052 4400 ἐποίησας,
3072 4331 3291 4399 ἥξουσι
3324 4331 3422 4385 καὶ
3456 4346 3651 4401 προσ-

2064 4424 2451 4494 κυνήσουσιν
2495 4423 2753 4478 ἐνώπιόν
2783 4437 2922 4486 σου,
2976 4423 3171 4490 Κύριε.
3229 4416 3384 4477 Οὗτοί
3420 4424 3565 4476 εἰσιν
3603 4422 3654 4477 οί

2065 4516 2310 4589 ἀληθινοὶ
2344 4516 2740 4589 προσκυνηταὶ,
2771 4517 2820 4570 οἱ
2852 4515 2941 4569 διὰ
2968 4515 3204 4579 πίστεως
3241 4513 3332 4567 τὸν
3363 4513 3542 4583 Λόγον
3569 4516 3656 4571 δε-

2066 4608 2303 4680 χόμενοι.
2336 4605 2472 4663 Εἶτά
2516 4590 2679 4679 φησιν
2710 4609 2739 4662 6
2786 4606 3213 4676 εὐαγγελιστήςο
3247 4605 3654 4674 Πορευθέντες

2066 4698 2135 4752 δὲ
2166 4701 2221 4752 οἱ
2240 4700 2497 4768 μαθηταὶ
2525 4699 2831 4765 ἐποίησανξ
2846 4698 3041 4764 καθὼς
3059 4696 3401 4762 συνέταξεν
3416 4699 3651 4767 αὐτοῖς,

2066 4790 2165 4843 καὶ
2189 4788 2418 4858 ἤγαγον
2443 4787 2558 4857 τὴν
2587 4788 2731 4842 ὄνον
2753 4786 2851 4841 καὶ
2887 4786 2994 4841 τὸν
3026 4786 3257 4852 πῶλον,
3302 4786 3403 4840 καὶ
3431 4785 3652 4856 ἐπέθη-

2066 4898 2182 4936 καν
2213 4880 2412 4935 ἐπάνω
2433 4879 2632 4934 αὐτῶν
2658 4880 2729 4934 τὰ
2759 4878 2975 4948 ἱμάτια,
3016 4878 3115 4933 καὶ
3145 4878 3519 4933 ἐπεκάθισαν
3548 4881 3653 4934 τὸν

2078 4973 2341 5042 Ἰησοῦν.
2392 4972 2456 5025 ’Ὼ
2508 4972 2609 5043 τῆς
2638 4972 2838 5043 πολλῆς
2889 4971 2983 5025 τοῦ
3032 4971 3283 5040 Σωτῆρος
3335 4970 3474 5042 πρὸς
3502 4974 3656 5042 ἡμεῖς

2066 5063 2565 5134 συγκαταϐάσεωςι
2596 5064 2692 5127 Τίς
2740 5065 2801 5117 ού
2841 5063 3110 5133 θαυμάσει
3159 5062 3221 5115 τὸ
3271 5062 3506 5132 μέγεθος
3555 5064 3655 5133 τῆς

2063 5153 2230 5208 αὐτοῦ
2261 5153 2398 5225 πρὸς
2428 5153 2574 5224 ἡμᾶς
2606 5153 2859 5223 ἀγάπης;
2891 5152 2989 5215 Τίς
3016 5152 3117 5205 οὐκ
3148 5151 3215 5204 ἂν
3238 5150 3476 5221 suam.
3514 5152 3601 5205 ὅτι
3624 5152 3672 5203 6.

2066 5238 2292 5292 ἐπὶτῶν
2316 5239 2579 5310 χερουόὶμ
2620 5239 2983 5310 ἐποχούμενος
3028 5239 3122 5291 ἐπὶ
3173 5238 3349 5292 πῶλον
3381 5240 3450 5292 δι’
3503 5242 3651 5312 ἡμᾶς

2066 5329 2377 5402 satam-5:61;;
2417 5331 2475 5384 Ὀ
2508 5330 2613 5383 ὑπὸ
2637 5329 2746 5383 τῶν
2789 5329 3033 5402 σεραφὶμ
3060 5329 3470 5401 ἀνυμνούμενος
3490 5370 3507 5396 ,
3545 5332 3649 5385 ὑπὸ

2070 5423 2281 5494 νηπίων
2305 5424 2663 5494 εύφημεῖται;
2685 5422 2812 5486 Τοῖς
2836 5422 2935 5493 μὲν
2949 5422 3056 5493 γὰρ
3086 5422 3338 5493 ἱματίοις,
3373 5423 3533 5493 φησὶ,
3553 5422 3648 5493 τήν

2069 5514 2188 5568 ὁδὸν
2216 5513 2651 5585 κατεστρώννυον
2666 5529 2679 5542 °
2700 5514 2848 5568 ἄλλοι
2869 5514 2926 5568 δὲ
2946 5513 3171 5576 κλάδους
3191 5515 3255 5567 ὲκ
3280 5513 3389 5567 τῶν
3414 5513 3648 5583 δένδρων

3409 5673 3457 5705 αι
3496 5671 3642 5729 ιιεειι.
