3794 6226
161 331 290 389 £533
1335 321 1612 380 CONTRA
1650 318 2203 378 MACEDONIANOS.
3267 323 3410 380 15η

158 445 433 507 κόπτοντες
458 441 522 495 τὸ
548 441 677 495 αὐτὸ
704 439 918 495 ἐποίουν
938 458 951 472 ·
982 440 1076 493 καὶ
1105 439 1155 493 οἰ
1181 440 1280 511 μὲν
1311 439 1656 512 προπορευόμ

1910 453 1926 493 s
1953 438 2138 503 etiam,
2162 435 2331 490 missa
2354 433 2503 489 omni
2538 431 2759 489 sordida
2790 431 3146 504 cogitatione,
3173 434 3408 506 depulso

158 557 248 602 νοι,
280 539 328 591 οἰ
351 537 409 591 δέ
433 533 852 599 ἀκολουθοῦντες
884 533 1112 604 ἔκραζον
1144 533 1262 604 ἅμα
1294 536 1410 598 τοῖς
1432 535 1656 604 ἀπειροκ

1912 530 2025 586 ovis
2075 528 2298 584 sordido
2330 524 2548 590 allecto,
2579 524 2792 595 dejecto
2832 525 2983 580 omni
3010 525 3135 580 dolo
3165 534 3219 580 et
3248 526 3410 581 mali-

158 648 264 694 κοις
285 627 498 690 παισὶν,
520 626 783 680 ἐπινίκιόν
812 642 932 679 τινα
952 623 1122 697 ῦμνον
1141 625 1392 694 λέγοντες
1411 642 1424 656 ο
1467 626 1656 681 Ὠσακ

1922 662 1938 687 ,
1992 622 2339 675 innocentem
2371 617 2541 672 animi
2586 630 2809 673 sensum
2860 626 3242 683 assumentes,
3282 632 3409 673 cum

158 719 231 786 τῷ
260 717 365 783 υἱῷ
386 715 593 781 Δαυιδ,
623 712 1028 784 εὐλογημένος
1053 717 1087 767 ό
1110 713 1433 782 ἐρχόμενος
1474 713 1546 767 ἐν
1590 714 1656 765 όν

1911 714 2009 769 eris
2038 713 2181 777 illis,
2211 709 2558 780 lampadibus
2603 709 2852 763 instructi
2886 724 3245 764 occurramus
3281 710 3409 765 Ser-

155 809 556 879 ματιΚυρίου.
594 806 856 860 Ὡσαννὰ
901 805 970 858 ἐν
999 803 1122 870 τοῖς
1148 806 1451 872 ὑψίστοις.
1496 802 1588 856 Διὸ
1632 820 1653 855 s

1908 804 1999 858 tori
2026 803 2270 870 Christo,
2309 817 2442 857 vero
2472 802 2582 856 Deo
2606 811 2819 865 nostro,
2843 809 3006 870 atque
3031 815 3097 855 ex
3126 816 3406 855 ramorum

159 902 323 969 ἡμεῖς,
352 897 686 967 ἀποθέμενοι
714 896 891 949 πάντα
926 894 1182 965 λογισμὸν
1218 893 1467 966 ῥυπαρὸν
1510 894 1605 948 καὶ
1651 916 1657 945 ι

1905 897 2129 951 statione
2167 895 2345 965 ipsum
2392 895 2585 949 mortis
2626 893 2888 949 victorem
2927 892 3403 962 depraadicemus:

159 991 317 1062 me;
338 989 688 1061 ἐνθυμήσεις,
733 989 823 1044 καὶ
863 988 962 1059 τὴν
993 990 1052 1041 ἐν
1081 986 1389 1058 πανουργίᾳ
1437 985 1657 1058 πονηρία

1914 1000 2099 1039 varum
2129 985 2299 1039 ramis
2333 984 2517 1039 onusti
2548 982 2859 1038 miseratori
2888 982 3144 1051 bonoque
3174 981 3412 1037 Domino

158 1082 509 1153 ἀπειρόκακον
541 1080 748 1134 ἔννοιαν
795 1079 1175 1142 ἀναλαϐόντες,
1210 1078 1326 1149 ἅμα
1365 1081 1475 1143 τοῖς
1537 1094 1656 1132 παις

1914 1078 2220 1149 pplicemus,
2252 1076 2497 1132 dicentes
2525 1093 2538 1128 :
2578 1076 2892 1131 Benedictus
2920 1077 3009 1145 qui
3038 1076 3174 1130 venit
3199 1084 3253 1129 et
3279 1091 3412 1129 ven-

159 1176 370 1236 ἐκείνοις
402 1172 541 1244 μετὰ
574 1171 813 1244 φαιδρῶν
838 1171 946 1225 τῶν
973 1170 1269 1242 λαμπάδων
1312 1171 1657 1243 ἀπαντήσωμ

1907 1186 1987 1225 rus
2016 1177 2100 1224 est
2141 1170 2196 1223 in
2241 1170 2450 1223 nomine
2491 1169 2740 1234 Domini,
2773 1168 3031 1222 Hosanna
3067 1168 3121 1222 in
3165 1168 3405 1223 excelsis.

158 1263 228 1335 τῷ
256 1265 467 1334 Σωτῆρι
490 1261 712 1334 Χριστῷ
740 1262 818 1333 τῷ
849 1261 1089 1334 ἀληθινῷ
1117 1260 1236 1331 Θεῷ
1266 1261 1421 1332 ἡμῶν
1449 1276 1462 1290 ·
1491 1260 1586 1314 καὶ
1612 1278 1656 1313 τι

1911 1263 2155 1318 nedictus
2174 1278 2253 1327 es,
2278 1262 2370 1332 qui
2401 1277 2525 1318 cum
2551 1263 2704 1318 dives
2725 1244 2897 1327 esses,
2928 1277 3023 1331 per
3044 1262 3409 1318 oeconomiam

163 1357 253 1427 μὲν
275 1355 445 1427 βαῖοις
473 1353 700 1428 νικητὴν
742 1355 904 1409 αὐτὸν
937 1355 1031 1409 τοῦ
1066 1354 1296 1409 θανάτου
1349 1352 1661 1426 κηρύξωμεπ

1916 1361 2054 1423 »ριετ
2085 1368 2185 1408 nos
2214 1368 2421 1424 pauper
2450 1353 2688 1420 accedis,
2747 1362 2804 1407 ut
2846 1368 2947 1408 nos
2991 1352 3175 1422 inopia
3205 1363 3297 1406 tua
3327 1352 3414 1406 di-

159 1451 261 1511 τοῖς
280 1447 333 1500 δὲ
356 1445 465 1500 τῶν
490 1444 689 1500 ἐλαιῶν
720 1446 937 1511 κλάδοις
976 1446 1069 1500 τὸν
1098 1446 1368 1517 ἐλεήμονα
1393 1446 1490 1499 καὶ
1522 1443 1657 1513 ἀγαθ

1919 1461 1967 1501 es
1997 1446 2170 1502 simus
2204 1465 2216 1499 ε
2251 1446 2346 1516 qui
2377 1456 2645 1501 venturus
2684 1462 2743 1501 es
2779 1463 2904 1502 cum
2938 1447 3111 1518 gloria
3136 1446 3417 1516 judicatu-

161 1537 516 1610 ίκετεύσωμεν
540 1537 790 1606 λέγοντες
813 1554 828 1568 ο
864 1537 1289 1608 Εὐλογημένος
1330 1539 1362 1591 ὁ
1401 1535 1594 1591 ἐλθὼν
1632 1554 1659 1590 κ

1911 1551 1926 1590 ι
1966 1536 2121 1590 vivos
2160 1543 2217 1591 et
2258 1545 2527 1592 mortuos.
2561 1536 2664 1607 lpsi
2709 1537 2882 1608 gloria
2925 1545 2979 1592 et
3020 1536 3310 1608 imperium
3353 1535 3409 1590 in

158 1628 434 1701 ἐρχόμενος
491 1629 562 1683 ἐν
602 1629 845 1697 ὀνόματι
885 1629 1126 1697 Κυρίου,
1166 1625 1431 1683 Ὡσαννὰ
1489 1627 1560 1681 ἐν
1601 1644 1656 1680 τι

1123 1673 1126 1689 ,
1166 1625 1431 1683 Ὡσαννὰ
1489 1627 1560 1681 ἐν
1601 1626 1726 1693 τοῖς
1831 1628 2029 1682 smcula
2052 1628 2399 1684 saeculorum.
2427 1627 2621 1684 Amen.

156 1721 443 1789 ὑψίστοις.
478 1719 857 1791 Εὐλογημένος
878 1721 907 1774 ό
926 1718 1095 1773 ἐλθὼν
1139 1721 1261 1774 κατ’
1306 1719 1639 1789 οἰκονομίαν,
1694 1719 1787 1773 καὶ
1824 1720 1889 1773 δι’
1914 1721 2063 1790 ἡμᾶς
2093 1720 2414 1792 πτωχεύσας
2440 1718 2694 1784 πλούσιος
2723 1719 2819 1785 ὢν,
2847 1720 2934 1774 ἵνα
2957 1720 3051 1775 καὶ
3075 1722 3221 1793 ἡμᾶς
3244 1722 3310 1793 τῇ
3340 1724 3415 1793 σῇ

159 1815 384 1887 πτωχεία
404 1808 796 1889 πλουτήσωμεν
815 1832 829 1846 ’
858 1815 1149 1887 ἐρχόμενος
1167 1813 1223 1867 δὲ
1249 1812 1388 1885 μετὰ
1410 1814 1569 1884 δόξης
1599 1817 1782 1887 κρῖναι
1812 1814 2017 1880 ζῶντας
2061 1817 2156 1870 καὶ
2203 1815 2431 1887 νεκρούς
2450 1833 2463 1846 ·
2509 1816 2660 1889 αὐτῷ
2712 1818 2746 1887 ἡ
2800 1817 2926 1882 δόξα
2966 1818 3063 1871 καὶ
3094 1815 3157 1869 τὸ
3207 1815 3416 1888 κράτος

158 1909 230 1972 είς
257 1910 378 1973 τοὺς
405 1908 610 1973 αἰῶνας
636 1908 746 1963 τῶν
766 1907 994 1962 αἰώνων.
1058 1908 1249 1979 Ἀμήν.

669 2267 1052 2330 MONITUM
1087 2266 1172 2329 IN
1210 2263 1778 2329 FRAGMENTUM
1843 2264 2168 2327 CONTRA
2206 2264 2879 2328 MACEDONIANOS.

225 2575 430 2649 1053
470 2573 700 2647 Sequens
733 2577 1086 2646 fragmentum
1117 2592 1183 2631 ea:
1210 2574 1442 2647 prolixo,
1464 2586 1526 2633 ut
1548 2579 1775 2647 videtur,
1820 2594 1973 2650 opere
2032 2587 2333 2649 excerptum
2387 2586 2486 2633 est.
2538 2576 2673 2633 Cum
2724 2578 2863 2632 enim
2899 2578 3117 2649 quidam
3156 2578 3416 2632 ementita

159 2669 418 2723 catholicae
468 2670 596 2740 ﬁdei
617 2672 785 2740 specie
841 2668 1139 2723 Macedonii
1183 2683 1384 2725 errores
1405 2683 1727 2744 spargerent,
1753 2673 2100 2737 Athanasius,
2121 2688 2223 2743 quo
2245 2673 2441 2726 vivente
2475 2689 2623 2726 nemo
2658 2671 2822 2725 inulte
2844 2672 2920 2725 vel
2943 2672 3079 2725 clam
3104 2672 3180 2725 vel
3199 2671 3408 2741 publice

163 2775 333 2814 sanam
389 2763 551 2831 ﬁdem
604 2762 951 2834 impugnavit,
993 2763 1168 2832 vafras
1213 2764 1447 2820 homines
1490 2775 1550 2819 ut
1588 2765 1793 2821 larvam
1812 2774 2010 2836 ponant
2032 2774 2462 2835 provocat,ratus
2485 2763 2768 2834 optabilius
2790 2779 2899 2817 esse
2923 2774 2978 2816 ut
3002 2779 3202 2817 errores
3224 2762 3409 2832 palam

173 2850 402 2919 eierrent
431 2897 446 2920 ,
477 2872 641 2927 quam
686 2867 741 2909 ut
770 2857 922 2911 aliud
948 2858 1259 2914 simulantes
1282 2860 1613 2930 adreperent,
1635 2862 1976 2933 incautosque
1996 2859 2378 2930 simpliciorum
2401 2861 2604 2913 animos
2622 2858 2812 2912 sensim
2829 2858 3162 2912 abducerent.
3188 2855 3407 2910 Editum

161 2959 303 3013 porro
331 2948 433 3017 fuit
453 2949 554 3002 hoc
583 2966 712 3021 opus
752 2946 963 3006 circiter
994 2969 1189 3006 annum
1215 2953 1340 3021 359,
1363 2970 1465 3024 quo
1487 2956 1720 3010 maxime
1745 2965 1975 3025 tempore
1999 2954 2371 3008 Macedoniani
2396 2953 2783 3022 obstrepebani.

684 3060 1065 3133 Fragmentum
1097 3074 1285 3119 contra
1321 3064 1753 3122 Macedonianos.
1792 3064 1878 3120 Ea:
1905 3066 2022 3120 cod.
2053 3066 2283 3122 Colbert.
2315 3064 2476 3130 5179,
2509 3065 2832 3136 bombycino.

223 3174 281 3228 El
303 3176 416 3245 μὲν,
454 3176 683 3249 μηδενὸς
709 3177 1091 3249 ὑποκειμένου,
1120 3180 1250 3251 περί
1301 3181 1538 3247 πίστεως
1580 3183 1717 3256 γρά-

1910 3182 1948 3237 ii
1971 3181 2191 3253 quidem
2218 3182 2366 3236 nulla
2387 3181 2688 3237 exsistente
2711 3180 2778 3235 de
2801 3180 3081 3235 tractanda
3110 3178 3215 3234 ﬁde
3237 3193 3373 3235 occa
3398 3209 3408 3217 -

161 3280 324 3333 φουσι,
348 3269 601 3341 περιττὸν
631 3270 693 3323 τὸ
724 3270 1061 3343 ἐπιχείρημα
1092 3272 1186 3326 καί¹
1241 3273 1534 3339 ἐπιϐλαὸὲς
1555 3315 1570 3341 ,
1614 3278 1659 3330 ὅτ

1904 3289 1998 3338 tne,
2062 3274 2329 3340 scribunt,
2377 3274 2560 3330 inanis
2606 3274 3012 3343 damnosusque
3054 3282 3138 3328 est
3184 3273 3402 3328 illorum

163 3357 413 3430 μηδεμιᾶς
440 3361 723 3432 ζητήσεως
754 3360 922 3432 οὔσης
949 3363 1150 3429 αὐτοῖς,
1187 3365 1459 3436 πρόφασιν
1488 3366 1658 3440 λογομ

1912 3371 2062 3420 natus
2090 3379 2105 3414 :
2133 3363 2259 3434 quia
2287 3364 2433 3418 nulla
2460 3365 2686 3420 suborta
2712 3364 3036 3434 quaestione,
3063 3363 3410 3433 disceptandi

159 3447 272 3517 χίας
302 3453 653 3525 παρέχουσιν,
678 3455 1138 3520 ἀνασκευάζοντες
1178 3456 1277 3521 τὰς
1325 3459 1567 3524 ἀκάκους
1610 3464 1657 3514 τι

1903 3458 2064 3513 ebent
2112 3458 2498 3525 occasionem;
2545 3457 2921 3512 innocentium
2971 3456 3199 3510 fratrum
3234 3457 3401 3512 corda

162 3539 387 3613 ἀδελφῶν
422 3544 652 3619 καρδίας
677 3584 692 3609 ,
744 3546 839 3599 καὶ
880 3547 1351 3620 παρασπείροντες
1392 3548 1428 3604 ἆ
1477 3551 1611 3623 μηδὲ
1642 3570 1660 3606 ε

1912 3549 2240 3617 efactantes,
2269 3554 2443 3620 eaque
2471 3564 2759 3620 perperam
2792 3549 3214 3605 disseminantes
3235 3588 3249 3612 ,
3280 3565 3409 3620 qua:

160 3632 271 3687 νοῦν
321 3638 499 3691 αὐτῶν
552 3654 684 3692 ποτε
726 3637 893 3711 ἀνέϐη
912 3657 925 3670 ο
954 3641 1003 3692 εἰ
1055 3638 1112 3693 δὲ
1142 3639 1232 3695 διὰ
1257 3641 1356 3714 τὴν
1387 3645 1656 3699 Μακεδονί

1902 3658 2099 3714 nquam
2150 3643 2257 3697 illis
2307 3642 2364 3695 in
2432 3651 2671 3697 mentem
2715 3641 3026 3707 venissent;
3076 3641 3272 3712 quodsi
3337 3658 3400 3697 ea

162 3725 352 3797 αἰρεσιν
403 3731 828 3802 ἀπολογούμενοι
881 3732 1112 3804 γράφειν
1156 3734 1561 3807 ἐπιχειροῦσιν,
1610 3736 1660 3792 εδ

1904 3752 1930 3792 s
1959 3735 2229 3792 scribendi
2261 3750 2427 3791 causa
2460 3735 2563 3801 sit,
2609 3734 2757 3805 quod
2791 3750 2821 3789 a
2858 3733 3163 3790 Macedonii
3204 3734 3399 3789 haeresi

159 3816 257 3870 τῶν
280 3823 459 3877 κακῶν
493 3823 678 3894 φυτῶν
705 3824 777 3879 τὰ
801 3825 1092 3898 σπέρματα
1115 3827 1452 3900 προανελεῖν,
1478 3829 1573 3883 καὶ
1593 3848 1656 3885 το

1900 3842 1944 3882 ιο
1980 3841 2213 3897 purgare
2250 3826 2451 3892 velint;
2497 3826 2784 3897 oportebat
2830 3840 2961 3881 sane
2989 3841 3084 3881 eos
3129 3827 3398 3881 malarum

161 3908 285 3964 αὐτὰ
327 3916 710 3987 παρασχόντας
737 3916 1105 3988 στηλιτεῦσαι,
1160 3918 1256 3972 καὶ
1291 3919 1465 3985 οὕτως
1501 3920 1570 3975 τὰ
1603 3922 1659 3976 dx

1903 3919 2032 3973 nina
2086 3919 2394 3988 plantarum
2449 3918 2629 3988 primo
2686 3918 3009 3982 sustulisse,
3062 3927 3225 3989 atque
3289 3928 3401 3975 tra-

161 3998 364 4058 ἐκείνων
385 4007 622 4079 γράφειν
660 4007 856 4080 ὀρθῶς,
892 4008 925 4079 ἦ
958 4009 1196 4064 ἐκδικεῖν
1229 4012 1477 4085 φανερῶς
1497 4012 1565 4067 τά
1597 4015 1659 4068 Μ

1902 4011 2042 4066 xisse
2065 4025 2161 4065 eos
2182 4011 2275 4081 qui
2309 4009 2440 4065 talia
2470 4010 2913 4077 subministrant,
2947 4026 3011 4065 ac
3041 4010 3241 4066 deinde
3266 4028 3400 4067 con-

161 4093 398 4164 κεδονίου,
433 4101 524 4153 ἵνα
553 4099 626 4172 μὴ
652 4100 1058 4172 κεκρυμμένοι,
1091 4101 1226 4157 ἀλλὰ
1266 4104 1517 4176 φανερῶς
1552 4122 1659 4160 πνεε

1997 4117 2058 4156 os
2082 4113 2227 4157 recta
2256 4103 2523 4158 sententia
2553 4103 2794 4158 scribere
2815 4145 2831 4170 ,
2861 4104 2945 4159 vel
2977 4105 3192 4160 tandem
3222 4104 3404 4160 Mace-

163 4190 834 4262 ματομάχοιδεικνύωνται,
866 4191 962 4246 καί
997 4193 1197 4258 πάντες
1220 4196 1420 4260 αὐτοὺς
1445 4194 1661 4267 φεύγωσ

1897 4191 1970 4246 nii
2013 4192 2326 4262 Opinionem
2359 4195 2538 4264 palam
2564 4195 2877 4261 vindicare,
2931 4203 2992 4250 ut
3043 4213 3111 4252 ne
3142 4198 3395 4267 latenter,

160 4272 226 4337 ὡς
252 4278 355 4333 ἀπὸ
379 4281 670 4354 προσώπου
688 4282 882 4352 ὄφεως.
915 4282 1029 4338 Νῦν
1049 4284 1106 4338 δέ
1134 4288 1361 4340 κακεῖνα
1388 4286 1658 4359 κρύπτουο

1897 4284 1915 4337 i
1962 4283 2177 4353 publice
2222 4283 2737 4345 Pneumatomachi.
2768 4286 2884 4343 sive
2934 4286 3170 4356 Spiritus
3221 4291 3395 4345 sancti

161 4368 391 4445 καὶπερὶ
432 4374 608 4431 ἄλλων
646 4375 1098 4448 προσποιούμενοι
1137 4378 1437 4449 γράφουσιν
1456 4397 1471 4411 ο
1525 4380 1659 4436 ὥσπε

1901 4384 2034 4438 stes,
2085 4384 2586 4432 commonstrentnr
2630 4392 2643 4428 :
2690 4377 2880 4447 sicque
2927 4393 3120 4435 omnes
3162 4380 3230 4435 ab
3289 4381 3399 4437 illis

160 4457 325 4516 οἰττῶν
362 4466 677 4536 σεσηπότων
708 4465 888 4537 μελῶν
908 4470 1345 4541 παρατρέχοντες
1386 4471 1559 4543 ἰατροὶ
1588 4490 1655 4527 πε

1899 4481 2077 4536 nquam
2109 4481 2140 4520 a
2166 4465 2304 4523 facie
2330 4469 2597 4539 serpentis
2631 4468 2923 4541 refugiant.
2957 4468 3114 4527 Nunc
3136 4481 3317 4527 autem
3341 4483 3397 4529 et

160 4549 256 4604 τῶν
279 4535 625 4624 ὑγιαινόντων
650 4535 1031 4628 διαλέγοντας,
1052 4535 1435 4632 ἢ-ἀγνοοῦντες
1547 4562 1658 4635 τέχη

1892 4535 2268 4626 ιίοοουιιοηι,
2302 4568 2357 4614 et
2394 4535 2461 4615 d—e
2497 4560 2620 4615 aliis
2665 4535 3074 4617 dissimulanter
3104 4564 3390 4620 scribunt:

161 4642 459 4717 πανούργως
487 4647 780 4719 χρώμενοι.
806 4647 992 4711 Οὐδεὶς
1006 4649 1134 4719 γὰρ,
1167 4648 1566 4721 ἐγκαλούμενος
1587 4668 1653 4705 πε

1896 4649 2280 4706 emadmodum
2315 4651 2513 4708 medici
2543 4651 2613 4708 de
2635 4653 2783 4708 carie
2808 4653 3190 4712 laborantibus
3219 4671 3394 4711 mem-

164 4735 405 4803 μοιχείας,
435 4738 780 4806 ἀπολογεῖται
810 4738 939 4808 περὶ
969 4738 1211 4809 κλοιιτῆς⁹
1249 4738 1360 4812 (64)
1393 4741 1515 4796 ούδέ
1549 4741 1662 4812 φόνι

1904 4759 1931 4797 s
1976 4743 2203 4812 carptim
2258 4752 2512 4816 agentes,
2564 4745 2632 4799 de
2693 4745 2843 4801 sanis
2889 4746 3227 4815 edisserunt,
3280 4748 3395 4804 sive

159 4835 234 4885 τις
260 4824 503 4902 ἔγκλημα
533 4828 763 4898 διώκων,
805 4831 1058 4901 ἀνέχεται
1090 4830 1197 4886 τῶν
1222 4831 1657 4906 κατηγορούμενα

1893 4842 2127 4888 rorantes
2150 4874 2165 4898 ,
2194 4835 2308 4889 sive
2334 4844 2451 4889 arte
2477 4851 2577 4891 sua
2605 4834 2755 4891 vafre
2783 4845 3016 4894 utentes.
3047 4836 3219 4895 Νλικ)
3244 4840 3391 4895 enim

161 4915 206 4963 εἰ
229 4915 565 4990 ἀπολογοῖντο
595 4921 872 4991 λέγοντες,
914 4923 1027 4977 Οὐκ
1071 4924 1528 4996 ἐπιωρκήσαμεν,
1575 4925 1659 4977 ea)

1905 4922 2175 4979 adulterio
2201 4933 2510 4991 accusatus,
2542 4925 2608 4980 de
2636 4922 2780 4981 furto
2811 4941 2930 4982 sese
2958 4935 3185 4997 purgat;
3217 4941 3394 4996 neque

162 5002 242 5054 καὶ
272 5007 364 5080 τὴν
415 5012 887 5084 παρακαταθήκην
939 5012 1304 5085 ἐφυλάξαμεν.
1350 5015 1565 5070 Μᾶλλον
1594 5018 1660 5085 γὰ

1895 5013 1909 5066 i
1945 5015 2108 5070 caedis
2140 5016 2347 5071 crimen
2377 5015 2555 5082 oti‘ert,
2602 5032 2728 5073 reos
2762 5016 2967 5087 patitur
2995 5018 3136 5073 hanc
3168 5016 3271 5073 sibi
3299 5020 3393 5073 de-

161 5088 262 5145 ἐστι
291 5100 440 5158 τοῦτο
465 5104 713 5174 παίγνιον
738 5103 771 5175 ἢ
795 5103 948 5169 λύσις
966 5104 1309 5173 ἐγκλήματος
1328 5108 1420 5161 καὶ
1449 5107 1659 5180 ἀληθεία

1896 5104 2117 5159 ιείοηειη
2146 5121 2372 5175 parare:
2396 5104 2515 5161 Non
2546 5107 2933 5178 pejeravimus,
2969 5109 3081 5164 imo
3104 5109 3270 5164 etiam
3295 5109 3394 5163 de-

161 5180 431 5258 ἀπόδιιξις.
1816 5195 2053 5264 positum
2076 5198 2433 5254 servavimus.
2456 5198 2512 5254 ld
2539 5200 2685 5255 enim
2709 5200 2866 5256 lusus
2890 5201 3074 5272 potius
3098 5210 3201 5263 est,
3222 5215 3391 5272 quam

1815 5279 2064 5342 criminis
2097 5288 2363 5359 depulsio,
2401 5300 2496 5346 aut
2526 5292 2770 5349 veritatis
2796 5292 3213 5350 demonstratio.

226 5438 328 5516 (64)
359 5447 441 5505 Cf.
477 5450 717 5522 Epistola
741 5453 812 5509 ad
838 5455 1104 5526 episcopos
1137 5455 1361 5528 {Egypti
1389 5468 1440 5514 et
1474 5457 1676 5531 Libyas,
1720 5477 1774 5516 n.
1811 5461 1899 5532 ll,
1926 5479 1977 5536 p.
2007 5464 2132 5520 22L
