3794 6226
357 341 500 399 15ὶό
963 339 1020 395 S.
1063 335 1439 393 ATHANASII
1475 335 1626 391 OFP.
1669 332 1851 388 PARS
1887 332 1926 386 l.
1969 365 2038 374 —
2066 330 2444 387 lllSTORlCA
2483 330 2571 384 ET
2609 330 3034 387 DOGMATICA.
3471 327 3610 382 1516

908 591 1288 652 MONITUM
1340 592 1418 652 IN
1460 590 1959 652 FRAGMENTA
2009 588 2329 649 CONTRA
2365 586 2911 648 NOVATIANOS.

432 883 778 946 Novatianos,
802 883 892 953 qui
912 897 1018 935 aevo
1047 898 1143 934 suo
1167 882 1361 934 residui
1386 891 1557 943 erant,
1576 897 1676 934 non
1713 882 1870 934 semel
1897 881 1951 933 in
1976 882 2184 950 scriptis
2211 882 2322 934 suis
2343 883 2579 950 exagitat
2594 881 2935 935 Athanasius.
2958 881 3112 946 Quod
3141 890 3316 934 autem
3336 882 3619 952 speciatim

357 988 542 1030 contra
578 975 905 1030 Novatianos
931 990 1058 1042 opus
1084 973 1325 1039 ediderit,
1368 989 1432 1026 ex
1465 974 1604 1026 hisce
1640 973 1951 1043 fragmentis
1989 972 2446 1041 deprehendimus,
2483 975 2932 1042 comperimusque
2958 974 3090 1026 duos
3136 973 3326 1026 saltent
3363 989 3428 1026 ea
3461 973 3526 1026 de
3568 991 3621 1026 re

358 1073 515 1126 libros
542 1081 787 1125 exaratos
815 1069 878 1122 ab
905 1086 962 1123 eo
992 1070 1154 1138 fuisse
1176 1085 1194 1120 :
1225 1085 1347 1121 nam
1371 1069 1587 1121 secundi
1619 1078 1922 1138 excerptum
1949 1068 2192 1136 affertur.
2222 1067 2456 1121 Tertium
2487 1084 2604 1121 vero
2624 1068 2996 1138 fragmentum,
3023 1069 3162 1137 quod
3184 1069 3238 1120 in
3260 1068 3424 1120 veteri
3443 1067 3622 1120 codice

359 1169 635 1221 Athanasii
668 1183 854 1218 nomen
893 1165 1106 1234 prwfert
1134 1202 1150 1227 ,
1191 1163 1497 1232 conjectura
1530 1173 1734 1216 tantum
1782 1181 1846 1218 ea:
1875 1164 2027 1217 libris
2061 1174 2245 1217 contra
2290 1163 2620 1216 Novatianos
2649 1174 2945 1232 excerptum
2987 1173 3235 1232 putamus
3263 1179 3282 1217 :
3315 1162 3620 1232 exhibetque

356 1259 674 1314 vrteclarum
703 1259 765 1311 de
786 1257 1108 1326 confessione
1129 1257 1198 1309 ad
1225 1257 1552 1311 sacerdotem
1580 1257 1783 1312 edenda
1820 1258 2205 1324 testimonium,
2244 1265 2302 1310 ut
2328 1259 2492 1311 cuivis
2519 1259 2810 1326 perspicere
2834 1257 2976 1310 licet.

395 1381 718 1452 Fragmenta
750 1381 1005 1433 librorum
1029 1388 1213 1433 contra
1245 1375 1599 1432 Novatianos.
1634 1377 1719 1431 Ex-
1749 1379 1927 1502 coldice
1955 1378 2118 1516 Repip
2141 1377 2307 1502 ίξ’ἐ98,
2335 1395 2389 1434 x1
2413 1378 2598 1432 sazculi
2646 1376 2862 1430 membr.
2893 1375 2988 1430 Est
3010 1384 3195 1428 catena
3220 1377 3275 1428 in
3293 1373 3435 1427 Acta
3457 1390 3588 1443 apo-

1715 1459 1794 1501 sto
1822 1466 2001 1515 orum,
2057 1468 2083 1501 ο
2114 1490 2126 1500 .
2156 1468 2187 1502 o
2230 1489 2242 1502 .

1715 1459 1969 1502 stolarum
1987 1491 2001 1515 ,
2031 1459 2126 1515 [οι.
2156 1459 2242 1502 52.

395 1562 454 1618 S.
487 1565 768 1617 Athanasii
797 1579 861 1616 ea:
885 1563 1020 1617 libro
1048 1565 1272 1618 secundo
1314 1576 1500 1618 contra
1539 1563 1888 1619 Novatianos.

2114 1565 2146 1620 ῦ
2171 1566 2342 1636 ἁγίου
2385 1565 2733 1639 Ἀθανασίοῃ
2757 1563 2836 1639 ἐκ,
2866 1560 2971 1616 τοῦ
3016 1560 3164 1630 πρὸς
3206 1556 3623 1624 Νουατιανσὺς

436 1725 672 1786 Manens,
696 1723 893 1792 tnquil,
921 1724 1062 1777 vobis
1093 1723 1358 1787 manebat,
1391 1732 1442 1777 et
1481 1727 1840 1778 venundatum
1874 1725 1932 1777 in

361 1830 532 1871 vestra
581 1829 692 1871 erat
746 1826 1002 1886 potestate
1022 1817 1094 1871 ⁸³.
1145 1815 1448 1882 Quoniam,
1516 1818 1621 1881 ait,
1673 1816 1935 1886 Spiritum

364 1920 610 1964 sanctum
645 1918 851 1964 tentare
874 1909 1114 1980 aggressi
1141 1910 1294 1975 estis,
1326 1918 1488 1978 atque
1517 1909 1571 1961 in
1607 1909 1712 1962 hoc
1749 1916 1939 1962 mutuo

363 2003 740 2067 consensistis,
792 2013 849 2055 ut
895 2003 1146 2056 voluistis
1194 2000 1628 2068 experimentum
1671 1999 1816 2053 illius
1855 1998 1935 2052 rei

363 2094 608 2162 capietis.
667 2095 772 2147 Alii
830 2109 958 2148 vero
1009 2093 1076 2146 ad
1137 2107 1327 2146 sanam
1389 2100 1626 2145 mentem
1693 2090 1935 2153 deducti,

363 2197 687 2255 sumptaque
717 2202 748 2240 a
774 2186 928 2241 vobis
953 2184 1306 2256 experientia,
1335 2183 1569 2252 idipsum
1605 2191 1815 2237 tentare
1846 2196 1938 2236 ve—

362 2278 648 2332 rebuutur.

2669 1635 2728 1698 β¹
2759 1634 2966 1701 λόγου.

2105 1728 2172 1780 Et
2204 1725 2396 1795 ἔμενε,
2423 1727 2604 1796 φησιν,
2640 1724 2782 1794 ὑμῖν
2811 1724 3004 1792 ἔμενε,
3041 1720 3137 1774 καί
3173 1721 3402 1789 πραθὲν
3437 1720 3511 1773 ἐν
3547 1717 3623 1788 τῇ

2041 1818 2294 1888 ὑμετέρᾳ
2323 1817 2575 1884 ἐξουσίᾳ
2598 1813 2695 1885 ἦν.
2744 1815 2961 1886 Ἐπειδὴ
2987 1813 3062 1877 δὲ,
3099 1814 3281 1884 φησὶν,
3329 1812 3620 1882 ἐπεχειρή-

2045 1929 2172 1965 σατε
2208 1911 2462 1982 πειράσαι
2498 1910 2558 1962 τὸ
2600 1907 2823 1979 Πνεῦμα
2850 1908 2911 1960 τὸ
2937 1908 3110 1975 ἅγιον,
3174 1905 3269 1958 καὶ
3331 1905 3411 1966 είς
3461 1901 3626 1954 τοῦτο

2045 2003 2457 2073 συνεφωνήσατε
2480 2041 2494 2064 ,
2537 1999 2772 2072 λήψεσθε
2815 2002 3009 2069 πεῖραν
3039 1991 3099 2050 οὗ
3133 1997 3456 2067 ἠθελήσατε.
3505 1993 3625 2045 Σω-

2043 2092 2494 2163 φρονισθήσονται
2519 2090 2603 2160 δὴ,
2639 2090 2734 2143 καὶ
2767 2088 3163 2159 φοϐηθήσονται
3196 2086 3290 2140 καὶ
3318 2084 3465 2139 ἄλλοι
3499 2099 3628 2136 πει-

2047 2185 2228 2255 ράσαι,
2257 2183 2324 2236 δι’
2353 2181 2506 2254 ὑμῶν
2525 2181 2624 2253 τήν
2656 2183 2848 2254 πεῖραν
2867 2179 3142 2242 λαὸόντες.

1881 2433 2109 2490 Ibidem.

528 2551 594 2607 S.
626 2550 907 2604 Athanasii
932 2565 998 2605 ex
1027 2566 1180 2620 opere
1204 2560 1391 2606 contra
1413 2548 1767 2605 Novatianos.

441 2720 536 2777 Hic
559 2738 724 2792 porro
760 2722 1217 2777 considerandum
1247 2732 1367 2788 est,
1395 2731 1527 2778 tunc
1557 2722 1776 2777 initium
1806 2735 1946 2791 prat-

363 2814 648 2869 dicationis
705 2813 907 2878 fuisse,
964 2814 1220 2883 ipsosque
1263 2830 1522 2884 magnum
1585 2813 1802 2868 facinus
1851 2828 1945 2882 ag-

365 2918 582 2972 gressos
607 2900 747 2968 esSe,
776 2919 941 2957 ausos
973 2912 1180 2957 tentare
1211 2901 1474 2972 Spiritum
1523 2913 1794 2958 sanctum.
1830 2900 1938 2956 Ho-

365 3012 486 3050 rum
520 3005 698 3048 autem
742 2995 1067 3064 supplicium
1099 3011 1308 3064 magna:
1352 2994 1614 3050 fratribus
1646 2995 1767 3049 aliis
1792 2994 1939 3048 utili-

368 3086 460 3138 tati
489 3085 608 3148 fuit,
641 3086 901 3140 institutis
928 3086 1135 3140 scilicet
1163 3097 1216 3140 et
1240 3086 1467 3151 edoctis,
1494 3102 1600 3140 non
1626 3086 1935 3140 audendum

366 3178 646 3248 quidpiam
683 3194 803 3232 esse
835 3188 1023 3233 contra
1066 3177 1330 3249 Spiritum
1364 3188 1640 3245 sanctum,
1690 3194 1790 3234 nec
1822 3189 1940 3232 ten-

362 3281 419 3324 ta
428 3287 482 3325 re
510 3271 686 3340 ipsum
714 3280 983 3339 oportere.

1994 2561 1999 2567 '
2049 2546 2158 2602 Τοῦ
2191 2545 2364 2616 ἁγίου
2409 2545 2765 2602 Ἀθανασίου
2786 2545 2855 2598 ἐκ
2883 2542 2993 2616 τῆς
3031 2541 3180 2609 πρὸς
3215 2537 3628 2604 Νουατιανοὺς

2623 2615 3041 2684 πραγματείας.

2112 2711 2460 2780 Κατανοῆσαι
2491 2711 2572 2764 δεῖ
2603 2711 2695 2764 καὶ
2729 2708 2983 2771 ἐνταῦθα,
3005 2709 3086 2761 ὅτι
3109 2705 3251 2777 ἀρχή
3286 2700 3352 2775 ἦν
3377 2702 3471 2757 τοῦ
3521 2719 3630 2772 κη-

2046 2804 2337 2876 ρύγματος,
2372 2805 2465 2858 καὶ
2505 2804 2648 2874 μέγα
2685 2804 2782 2873 μὲν
2810 2802 3118 2872 ἐτόλμησαν
3145 2796 3287 2854 οὗτοι
3313 2839 3327 2860 ,
3363 2799 3631 2869 πειράσα.

2040 2895 2102 2947 τὸ
2130 2895 2352 2964 Πνεῦμα
2381 2895 2441 2947 τὸ
2465 2894 2619 2962 ἅγιον
2660 2894 3136 2964 ἐπιχειρήσαντες·
3182 2890 3388 2962 μεγάλη
3421 2890 3476 2942 δὲ
3511 2891 3632 2952 τοῖς

2042 2989 2219 3050 ἄλλοις
2253 2987 2497 3056 ἀδελφοῖς
2520 2985 2758 3055 ὠφέλεια
2781 2984 3000 3053 γέγονεν
3029 2987 3061 3054 ή
3103 2983 3306 3036 τούτων
3344 2983 3625 3052 τιμωρία·

2044 3079 2438 3149 ὲπαιδεύθησαν
2465 3079 2593 3148 γὰρ,
2625 3079 2718 3132 καὶ
2739 3075 3115 3147 ἐδιδάχθησαν,
3144 3077 3225 3129 ὅτι
3254 3075 3316 3128 οὐ
3358 3075 3441 3128 δεῖ
3479 3074 3631 3128 κατὰ

2044 3169 2139 3223 τοῦ
2179 3169 2491 3240 Πνεύματος
2522 3169 2744 3239 τολμᾷν,
2774 3168 2895 3222 οὐδὲ
2928 3167 3188 3240 πειράσαι
3214 3165 3371 3221 τοῦτο
3410 3165 3632 3234 ἐπιχει-

2051 3281 2180 3336 ρειν.

640 3401 726 3455 Ea:
757 3403 874 3457 cod.
904 3402 1055 3458 Colb.
1084 3403 1210 3471 200,
1232 3419 1350 3474 quae
1381 3411 1458 3458 est
1487 3411 1675 3458 catena
1703 3401 1756 3454 in
1783 3398 2348 3523 Jerenlztam..Estqtte,
2379 3407 2434 3450 ut
2459 3398 2685 3466 videtur,
2715 3400 3067 3469 fragmentum
3097 3416 3161 3453 ea:
3182 3399 3329 3452 libris

1709 3482 1893 3523 contra
1979 3481 2272 3523 ovattanos.

1709 3482 1893 3524 contra
1922 3481 2272 3526 Novattanos.

393 3562 911 3630 'Quemadmodum
963 3567 1126 3619 homo
1183 3580 1214 3619 a
1265 3565 1547 3621 sacerdote
1597 3565 1939 3634 baptizatus,

364 3656 604 3726 Spiritus
625 3658 797 3711 sancti
822 3658 994 3727 gratia
1024 3659 1362 3713 illuminatur
1385 3676 1400 3726 ;
1426 3659 1499 3712 ita
1524 3658 1619 3728 qui
1653 3655 1943 3712 confitetur

369 3749 425 3802 in
453 3749 790 3819 pmnitentia,
809 3764 902 3818 per
931 3751 1273 3805 sacerdotem
1305 3749 1513 3806 Christi
1545 3748 1718 3819 gratia
1743 3745 1940 3800 remis-

371 3840 578 3894 sionem
607 3839 824 3908 accipit.

2124 3559 2333 3632 Ὥσπερ
2359 3559 2641 3631 ἅνθρωπος
2669 3561 2770 3614 ὑπὸ
2803 3561 3091 3633 ἀνθρώπου
3131 3563 3320 3634 ἱερέως
3370 3562 3637 3632 ﬁam-tio.

2055 3651 2218 3722 μένου
2271 3651 2560 3720 φωτίζεται
2617 3655 2681 3722 τῇ
2715 3651 2810 3705 τοῦ
2859 3652 3014 3721 ἁγίου
3060 3654 3372 3725 Πνεύματος
3417 3654 3633 3725 χάριτι,

2048 3741 2220 3805 οὕτως
2264 3744 2358 3795 καὶ
2402 3745 2430 3794 ὁ
2467 3743 2954 3814 ἐξομολογούμενος
3016 3746 3072 3799 ὲν
3110 3746 3364 3816 μετανοίᾳ
3395 3746 3483 3798 διὰ
3541 3745 3638 3799 τοῦ

2054 3833 2243 3904 ἱερέως
2271 3832 2534 3904 λαμϐάνει
2555 3843 2654 3906 την
2679 3835 2873 3904 ἄφεσιν
2897 3837 3078 3908 χάριτι
3110 3836 3366 3909 Χριστοῦ.

373 3955 490 4010 Duo
523 3956 802 4010 Athanasii
831 3958 968 4020 loca,
1001 3971 1118 4026 qua:
1138 3956 1193 4008 in
1217 3954 1416 4008 Anecd.
1449 3951 1733 4008 GriecJo.
1769 3949 2354 4026 Christophori‘_Wolﬁi
2387 3962 2511 4006 tom.
2545 3951 2652 4019 IV,
2688 3970 2823 4026 pag.
2855 3955 2925 4009 52
2974 3957 3101 4008 edit.
3144 3956 3445 4024 Hamburgi
3468 3997 3484 4021 ,
3531 3957 3630 4010 ιτα-

535 4027 740 4093 bentur,
780 4029 844 4080 ab
881 4021 1060 4080 eodem
1096 4035 1339 4094 excerpta
1377 4041 1441 4078 ex
1471 4035 1659 4078 catena
1697 4039 1798 4076 ms.
1825 4063 1840 4088 ,
1875 4023 1929 4074 in
1967 4038 2069 4091 qua
2096 4021 2164 4074 ad
2188 4023 2349 4074 Actus
2380 4021 2739 4092 apostolorum
2762 4021 3112 4079 illustrandos
3141 4021 3458 4095 afferuntur.

477 4141 629 4196 CAP.
673 4141 788 4196 Vlll
813 4184 828 4209 ,
856 4159 908 4196 ν.
939 4141 1028 4195 24.
1068 4140 1367 4193 Precamini
1399 4156 1486 4193 vos
1526 4154 1621 4206 pro
1659 4153 1739 4191 me
1765 4136 1834 4188 ad

1009 4211 1310 4264 hominum.

973 4299 1346 4354 ATHANASII

626 4394 707 4449 Ex
736 4409 986 4449 sermone
1015 4393 1082 4447 lll
1113 4403 1301 4447 contra
1325 4389 1679 4446 Novatianos.

445 4488 718 4552 Adversus
750 4488 890 4542 hanc
927 4487 1047 4557 ejus
1106 4486 1525 4540 amaritudinem
1571 4493 1624 4538 et
1665 4481 1943 4537 temerita-

374 4587 481 4631 tem
514 4578 854 4641 insolentem,
886 4593 993 4646 qua
1023 4577 1076 4629 in
1101 4575 1197 4630 Dei
1235 4577 1438 4630 donum
1485 4573 1790 4639 ferebatur,
1836 4570 1944 4625 Pe-

374 4679 492 4724 trus
519 4669 713 4724 merito
741 4669 977 4738 graviter
1012 4667 1458 4723 commovebatur
1478 4708 1494 4733 ,
1524 4674 1948 4732 commotusque

375 4762 441 4814 ad
503 4775 628 4814 cum
696 4760 946 4813 dicebat:
981 4757 1216 4813 Pecunia
1273 4768 1363 4812 tua
1427 4768 1596 4812 tecum
1655 4767 1830 4825 pereat
1865 4757 1942 4809 9°.

375 4851 636 4918 Quamvis
651 4851 795 4904 enim
820 4851 1127 4906 meliustibi
1148 4866 1271 4905 esse
1294 4849 1489 4920 possit,
1511 4859 1692 4902 tamen
1722 4857 1946 4917 propter

376 4943 720 4998 insolentiam
753 4943 900 4996 illam
932 4951 1105 5006 tuam,
1129 4941 1274 5011 quod
1293 4941 1587 5012 gratuitum
1621 4939 1711 4993 Dei
1739 4943 1946 4994 donum

376 5034 604 5105 pecunia
635 5035 943 5103 comparari
977 5049 1135 5102 posse
1170 5048 1413 5097 censeas,
1439 5048 1542 5085 non
1580 5042 1654 5084 est
1684 5029 1780 5085 tibi
1821 5046 1946 5099 por-

447 5165 493 5196 ⁸⁹
531 5166 652 5220 Act.
697 5181 749 5230 ν,
789 5165 842 5218 4.
919 5166 964 5198 ⁸⁸
993 5165 1111 5220 Act.
1147 5181 1264 5232 vut,
1294 5163 1389 5218 20.

449 5300 560 5371 (65)
598 5301 923 5369 Καθαρούς.
951 5301 1316 5356 Catharorum
1349 5301 1568 5356 nomine
1590 5310 1646 5355 et
1689 5301 1792 5371 ipsi
1843 5299 1950 5354 No-

378 5372 578 5424 vatiani
641 5387 697 5424 se
751 5375 1060 5436 i-ocabant,
1112 5381 1167 5425 et
1213 5376 1281 5426 ab
1332 5373 1454 5425 aliis
1507 5371 1942 5438 appellabantur.

376 5439 511 5493 Vide
542 5443 792 5508 Bevereg.
831 5443 896 5495 ad
933 5457 1108 5496 canon
1146 5459 1240 5496 vni
1293 5443 1489 5495 concil.
1530 5439 1754 5495 Nicasui.
1786 5441 1945 5495 Conf.

381 5511 438 5563 Β.
488 5511 684 5581 Mayeri
721 5509 1091 5581 (Ξοιιιιιιιιιιιιιι⁸
1140 5513 1205 5565 de
1247 5511 1484 5565 Pietistis
1527 5511 1740 5565 Veteris
1770 5511 1951 5564 Eccle-

377 5582 503 5642 siae,
547 5580 596 5648 p.
642 5581 709 5633 99
746 5595 860 5648 seq.
911 5580 1404 5636 Pl‘tBa‘lallllSSlIIIUS
1452 5582 1608 5635 Bern.
1656 5583 1722 5634 de
1775 5583 1952 5635 Μοιιιο

379 5650 574 5704 faucon
628 5649 730 5702 tria
779 5652 1081 5716 fragmenta
1126 5667 1439 5705 sermonum
1491 5653 1774 5705 Athanasii
1825 5652 1948 5704 Col.—

379 5721 586 5777 .cttioni
606 5718 826 5773 Patrum
851 5719 1208 5785 Nova',Paris.
1240 5720 1393 5788 l70b’,
1418 5723 1509 5777 l'ol.
1531 5723 1705 5790 editae,
1724 5734 1854 5778 tom.
1877 5721 1942 5793 ll,

2088 4133 2244 4188 ΚΕΦ.
2268 4136 2351 4201 Η’,
2389 4153 2446 4200 ς.
2479 4134 2576 4188 κδ’.
2607 4135 2862 4208 Δεήθητε
2886 4137 3054 4206 ὑμεῖς
3086 4137 3239 4206 ὑπὲρ
3266 4139 3414 4208 ἐμοῦ
3445 4140 3600 4208 πρὸς

2649 4207 2757 4260 τὸν
2791 4211 3028 4275 Κύριον.

2640 4300 2836 4352 ἈΘΛΝ
2840 4301 3044 4354 ΛΣίοΥ

2134 4390 2227 4442 Ἐκ
2253 4389 2346 4443 τοῦ
2381 4389 2517 4463 πρὸς
2539 4391 2868 4463 λεγομένους
2889 4393 3177 4464 Καθαροὺς
3200 4391 3310 4464 (65)
3342 4393 3459 4462 λογ.
3486 4396 3561 4462 Υ.

2122 4482 2266 4553 Πρὸς
2287 4478 2380 4535 οὖν
2405 4484 2503 4554 τὴν
2535 4484 2900 4556 ὑποκειμένην
2922 4485 3083 4538 αὐτοῦ
3114 4486 3360 4557 πικρίαν,
3385 4486 3481 4539 καὶ
3502 4487 3639 4541 ταύ-

2046 4592 2144 4645 την
2173 4575 2338 4628 αὑτοῦ
2363 4575 2460 4647 τὴν
2483 4576 2624 4630 κατὰ
2654 4578 2752 4649 τῆς
2782 4578 2990 4649 δωρεᾶς
3018 4577 3109 4630 τοῦ
3136 4577 3270 4630 Θεοῦ
3300 4578 3510 4648 τόλμαν
3542 4582 3638 4634 καὶ

2047 4667 2392 4737 ἐπιχείρησιν
2436 4669 2641 4741 Πέτρος
2689 4669 2912 4733 δικαίως
2950 4669 3203 4741 ἐκινήθη,
3250 4670 3345 4723 καὶ
3390 4670 3637 4740 κινηθεὴ

2046 4757 2166 4813 εἶπε
2202 4761 2339 4832 πρὸς
2379 4761 2572 4816 αὐτόν·
2616 4764 2683 4817 Τὸ
2724 4765 3008 4833 ἀργύριόν
3029 4779 3156 4817 σου
3220 4763 3341 4818 σὺν
3374 4764 3475 4818 σοὶ
3538 4765 3634 4834 εἴη

2045 4857 2132 4919 εις
2179 4854 2500 4909 ἀπώλειαν.
2559 4855 2620 4908 Εἰ
2680 4857 2773 4910 καῖ⁹
2825 4855 2898 4927 μὴ
2940 4855 3039 4919 δεῖ,
3074 4855 3211 4909 ἀλλὰ
3237 4855 3326 4909 διὰ
3356 4856 3457 4926 τὴν
3507 4857 3634 4910 τόλ-

2052 4966 2157 5018 μαν
2189 4965 2282 5000 σου
2303 4949 2505 5021 ταύτην
2529 4988 2544 5013 ,
2597 4949 2676 5001 ὅτι
2710 4948 2807 5020 τήν
2834 4949 3044 5020 δωρεὰν
3072 4948 3166 5002 τοῦ
3197 4947 3333 5000 Θεοῦ
3371 4947 3637 5017 ἐνόμισας

2047 5039 2137 5093 διὰ
2163 5042 2460 5112 χρημάτων
2500 5041 2761 5106 κτᾶσθαι,
2810 5043 2923 5094 οὐκ
2952 5041 3084 5095 ἐστι
3120 5055 3220 5094 σοι
3243 5040 3415 5110 μερίς
3436 5079 3450 5103 ,
3491 5039 3637 5095 οὐδὲ

2056 5321 2109 5373 p.
2148 5305 2270 5365 105.
2303 5306 2552 5366 inseruit,
2590 5307 2731 5359 inter
2753 5321 2874 5374 qum
2904 5314 3082 5360 tamen
3116 5320 3356 5374 praesens
3382 5304 3488 5358 hoc
3523 5321 3633 5360 una

2054 5392 2177 5428 cum
2209 5386 2470 5443 sequente
2499 5376 2697 5429 frustra
2733 5392 2966 5444 quaeres.
3002 5376 3250 5445 Cumque
3286 5375 3440 5443 prius
3473 5376 3630 5439 illud,

2052 5463 2115 5499 ex
2144 5462 2200 5499 ιιι
2235 5455 2426 5500 contra
2456 5445 2793 5500 Novatiauos
2824 5447 2964 5500 libro
2999 5448 3276 5508 alferatur,
3313 5455 3484 5514 p-ntet,
3523 5460 3632 5499 non

2053 5518 2214 5578 dum,
2260 5532 2408 5588 quos
2452 5518 2831 5588 suspicabatur
2877 5517 2946 5570 cl.
3006 5515 3495 5588 Moutfaucouius,
3537 5516 3633 5569 sed

2055 5598 2165 5639 tres
2199 5587 2485 5649 minimum
2524 5585 2689 5645 libros
2728 5591 2991 5642 adversus
3019 5585 3352 5643 Novatianos
3374 5591 3444 5640 ab
3468 5585 3636 5640 Atha-

2055 5658 2212 5713 nasio
2243 5656 2474 5727 scriptos
2501 5656 2518 5711 ί
2527 5663 2689 5714 uisse.
