3794 6226
127 353 250 407 ἰζίἰῚ

1375 346 1650 402 CONTRA
1689 346 2152 404 NOVATIANOS.

3241 355 3380 412 1318

127 472 340 538 ταιῆμος
367 468 438 523 ἐν
464 465 539 534 τῷ
553 466 712 537 λόγῳ
733 467 938 533 τούτῳ.
984 465 1045 524 Ἡ
1068 466 1417 537 γὰρκαρδία
1445 484 1561 522 σου
1577 470 1688 522 οὐκ

1831 469 1887 531 Eo,
1917 484 2077 538 neque
2104 484 2220 521 sors
2254 467 2311 520 in
2330 482 2565 520 sermone
2589 468 2708 521 isto.
2738 467 2920 538 Neque
2949 471 3088 524 enim
3117 488 3208 526 cor
3231 485 3380 529 tuum

126 563 286 616 ἔστιν
303 557 506 616 εὐθεῖα
529 556 787 610 ἐνώπιον
812 557 920 610 τοῦ
952 557 1121 611 Θεοῦ.
1154 558 1266 610 Καὶ
1313 558 1549 612 τοσαῦτα
1576 560 1698 612 κατ’

128 649 280 706 αὑτοῦ
309 648 481 703 εἰπὼν
507 648 680 720 ὀρθῶς
714 649 808 701 καὶ
843 648 1087 715 δικαίως,
1123 649 1274 703 οὐδὲν
1311 651 1513 705 τούτων
1536 651 1700 705 ἁνία-

127 761 209 796 τον
241 742 586 813 ἡγησάμενος
637 739 716 811 τῷ
741 740 841 810 τῆς
875 741 1163 810 μετανοίας
1194 744 1501 815 φαρμάκῳ,
1543 743 1703 814 θερα-

129 833 350 887 πευτικὰ
377 833 435 886 δὲ
471 832 644 885 ταῦτα
669 832 862 902 κρίνας
890 827 1052 898 εἶναι,
1080 833 1328 903 ἐπήγαγε
1349 849 1361 862 ·
1398 837 1702 905 Μετανόη-

131 945 239 984 σον
260 923 374 981 οὖν
394 926 513 980 ἀπὸ
540 923 650 993 τῆς
679 927 894 991 κακίας
945 941 1083 989 σου,
1144 927 1242 980 καὶ
1293 925 1534 996 δεήθητι
1588 929 1700 984 τοῦ

131 1020 375 1087 Κυρίου,
406 1020 462 1071 εὶ
501 1017 615 1087 ἄρα
644 1017 1011 1087 ἀφεθήσεταί
1055 1032 1154 1071 σοι
1201 1018 1241 1085 ἢ
1293 1019 1530 1072 ἐπίνοια
1590 1019 1700 1090 τῆς

131 1111 369 1180 καρδίας
395 1124 534 1164 σου.
563 1109 722 1178 Μέγα
750 1110 860 1181 γάρ
894 1127 976 1162 σοι
1009 1109 1102 1162 καί
1132 1109 1310 1163 τοῦτο.
1357 1111 1465 1164 Καὶ⁴
1492 1111 1568 1184 μὴ
1597 1112 1696 1184 ’ήδη

129 1203 219 1275 τὴν
241 1201 446 1271 δωρεὰν
470 1199 641 1263 οὕτως
667 1201 992 1270 ἀκαθάρτως
1025 1200 1122 1254 καὶ
1153 1202 1410 1274 ῥυπαρῶς
1443 1202 1530 1256 διὰ
1565 1220 1701 1275 χρη-

135 1293 306 1363 μάτων
337 1291 556 1346 σπεῦδε.
610 1291 768 1344 Ἀλλὰ
793 1292 930 1355 τέως
963 1291 1062 1362 τῆς
1089 1293 1314 1364 πικρίας
1341 1310 1444 1360 σου,
1477 1295 1568 1347 καὶ
1599 1295 1699 1364 τῆς

131 1385 294 1454 κακῆς
329 1383 536 1455 ταύτης
577 1383 816 1447 ἐπινοίας
867 1385 1213 1455 παυσάμενος
1239 1426 1254 1450 ,
1293 1386 1694 1454 μετανόησον,

129 1478 176 1528 εί
195 1476 301 1544 ἄρα
317 1475 685 1544 ἀφεθήσεταί
705 1489 804 1528 σει
828 1475 866 1542 ἠ
886 1477 1122 1530 ἐπίνοια
1152 1475 1262 1544 τῆς
1285 1477 1532 1546 καρδίας
1559 1493 1696 1542 σου,

129 1570 219 1638 οὐχ
260 1569 332 1632 ὡς
366 1566 761 1639 άμφιῦἁλλων,
819 1569 933 1622 ἀλλ’
981 1570 1062 1622 ὃτι
1108 1570 1335 1624 δυσίατα
1392 1569 1560 1642 πάθη,
1597 1571 1697 1623 οὐκ

132 1661 310 1713 ἀνίατα
341 1661 550 1732 μέντοι,
577 1659 713 1713 ἀλλὰ
757 1659 1004 1715 δυσίατα.
1037 1663 1099 1714 Εἰ
1155 1662 1263 1732 γὰρ
1316 1658 1384 1733 ἦν
1440 1663 1653 1716 ἀνίατον
1680 1701 1694 1726 ,

130 1753 372 1824 περισσὸν
403 1748 471 1824 ἦν
498 1752 558 1805 τό
582 1769 594 1782 ·
629 1753 1020 1821 Μετανόησον
1040 1752 1158 1808 ἀπὸ
1187 1753 1296 1822 τῆς
1329 1754 1541 1818 κακίας
1577 1770 1694 1808 σου

1804 566 1998 610 rectum
2029 567 2106 610 est
2138 573 2316 609 coram
2347 556 2455 610 Deo
2487 557 2554 611 “.
2589 556 2722 610 Tam
2762 560 3000 629 graviter
3051 563 3104 616 in
3140 579 3265 618 eum
3297 566 3382 623 lo-

1802 657 1962 702 cutus
1991 658 2133 703 recte
2160 657 2339 703 tamen
2377 658 2430 703 et
2464 651 2658 705 merito
2694 652 2834 705 nihil
2865 651 3060 708 horum
3102 658 3380 724 pmniten-

1810 737 1882 792 tia
1922 739 2211 792 accedente
2256 739 2654 794 immedicabile
2703 756 2824 796 esse
2873 744 3230 812 existimans,
3282 749 3378 803 sed

1801 830 1983 898 potius
2011 829 2296 883 medicina:
2319 829 2496 884 locum
2534 847 2823 900 superesse
2866 835 3126 902 judicans
3154 853 3165 885 :
3197 837 3379 893 Paeni-

1804 921 2019 973 tentiam
2060 921 2225 990 igitur
2264 913 2370 990 age.
2404 922 2466 974 de
2507 922 2604 976 hac
2651 925 2909 990 pravitate
2935 935 3048 991 tua,
3073 938 3130 982 et
3157 947 3377 1000 precare

1802 1009 2086 1064 Dominum
2114 1052 2129 1076 ,
2183 1011 2227 1064 si
2257 1012 2394 1080 forte
2439 1014 2733 1068 remittetur
2768 1015 2864 1070 tibi
2897 1019 3148 1088 cogitatio
3198 1022 3375 1076 cordis

1802 1104 1880 1156 tui
1914 1104 1979 1157 θ’.
2017 1104 2151 1157 Nam
2190 1113 2244 1158 et
2294 1105 2398 1159 hoc
2422 1106 2517 1159 tibi
2548 1123 2804 1177 magnum
2839 1111 2964 1165 erit.
2990 1111 3134 1168 Cave
3169 1115 3376 1186 itaque,

1801 1211 1870 1251 ne
1917 1199 2116 1251 donum
2147 1196 2241 1251 Dei
2267 1210 2376 1252 tam
2415 1197 2628 1268 impure
2678 1210 2731 1254 et
2756 1201 2974 1256 sordide
3003 1208 3233 1274 pecunia
3279 1210 3377 1264 tibi

1801 1292 1910 1338 tam
1942 1284 2263 1340 festinanter
2299 1301 2619 1356 comparare
2657 1290 2898 1346 studeas.
2946 1293 3051 1348 Sed
3085 1297 3262 1364 potius
3309 1301 3379 1353 ab

1800 1378 2164 1431 amaritudine
2196 1386 2290 1432 tua
2319 1388 2373 1433 et
2402 1380 2542 1434 mala
2572 1381 2677 1436 ista
2711 1385 3042 1453 cogitatione
3094 1389 3376 1456 recedens,

1797 1469 2160 1536 paenitentiam
2190 1486 2324 1538 age,
2370 1471 2418 1523 si
2464 1472 2601 1540 [orte
2651 1476 2948 1530 remittetur
3005 1478 3101 1532 tibi
3129 1482 3378 1551 cogitatio

1799 1559 1970 1612 cordis
2006 1561 2112 1624 tui;
2145 1577 2266 1630 qua:
2294 1563 2458 1617 verba
2495 1579 2602 1618 non
2645 1566 2810 1621 dubie
2864 1569 3238 1638 proferuntur,
3283 1575 3380 1630 sed
3443 1607 3456 1613 ι

1801 1651 1942 1716 ideo,
1978 1653 2105 1722 quia
2140 1653 2367 1708 affectus
2395 1654 2684 1711 dilliculter
2711 1661 2986 1716 sanabiles
3016 1679 3122 1716 non
3158 1665 3381 1721 insana-

1800 1745 1936 1800 biles
1980 1745 2199 1815 quidem
2237 1758 2399 1812 sunt,
2431 1750 2525 1803 sed
2569 1767 2708 1820 aegre
2760 1763 2941 1809 tamen
2989 1768 3272 1814 sanantur.
3320 1761 3376 1816 Si

130 1849 357 1914 ταύτης,
393 1845 495 1899 καὶ
524 1844 764 1913 δεήθητι
802 1847 908 1901 τοῦ
936 1848 1177 1914 Κυρίου.
1229 1847 1364 1922 Ἀλλ’
1401 1848 1483 1901 ὄτι
1522 1850 1555 1919 ή
1602 1865 1693 1918 με-

1835 1835 1945 1888 niti]
1977 1851 2205 1904 prorsus
2244 1838 2522 1892 emendari
2553 1857 2658 1894 non
2695 1845 3002 1911 potuisset,
3039 1849 3376 1917 superﬂuum

130 1942 302 1995 τάνοια
343 1939 444 2010 μὲν
503 1939 675 2009 ἰσχύει
706 1939 795 1993 διὰ
826 1939 1050 2004 τούτων,
1084 1941 1164 1993 ὅτι
1221 1940 1276 1993 δὲ
1314 1940 1452 2011 μετὰ
1493 1941 1692 2010 πολλῆς

134 2031 406 2101 μετανοίας
439 2031 536 2084 καὶ
570 2031 888 2101 ἐπιμελείας
907 2031 1065 2102 χρεία
1092 2034 1203 2094 τοῖς
1240 2031 1581 2103 βαρυνθεῖσιν
1613 2035 1693 2095 εἰς

134 2125 335 2188 κακίαν,
374 2123 648 2196 παριστὰς
689 2125 999 2195 ἐπήγαγεν·
1055 2125 1124 2177 Ei
1176 2121 1290 2191 ἄρα
1329 2122 1694 2193 ἀφεθήσεται

133 2232 222 2269 σοι
251 2219 287 2286 ὴ
320 2218 559 2272 ἐπίνοια
591 2216 700 2286 τῆς
723 2215 972 2285 καρδίας
1002 2232 1140 2270 σου.
1187 2217 1291 2280 Είς
1339 2217 1450 2285 γὰρ
1497 2216 1694 2284 χολὴν

135 2310 358 2376 πικρίας
384 2310 484 2364 καὶ
516 2309 868 2378 σύνδεσμον
895 2307 1130 2374 ἀδικίας
1157 2307 1272 2376 ὁρῶ
1290 2323 1364 2362 σε
1391 2309 1554 2364 ὄντα.
1581 2309 1693 2362 Καὶ

136 2400 366 2455 τοσοῦτον
403 2401 586 2473 ῑσχυεν
621 2403 756 2474 ήείς
781 2401 1068 2472 μετάνοιαν
1091 2403 1373 2474 προτροπὴ
1406 2401 1500 2455 τοῦ
1530 2403 1694 2472 μεγά-

137 2491 221 2545 λου
260 2493 444 2546 τούτου
488 2494 786 2547 ἀποστόλου
808 2494 900 2547 καὶ
935 2494 1072 2565 πρὸς
1097 2493 1189 2546 τὸν
1219 2493 1466 2547 τοσοῦτον
1496 2494 1690 2565 μάγον,

141 2583 224 2637 καὶ
256 2581 385 2656 πρὸς
424 2586 518 2639 τὸν
564 2584 706 2638 οὕτω
760 2585 921 2656 χολῆς
956 2586 1050 2639 καὶ¹
1083 2585 1307 2657 πικρίας
1352 2587 1565 2656 μεστὸν,
1601 2587 1694 2639 καὶ

140 2677 386 2730 τοσούτων
413 2677 602 2731 κακῶν
629 2677 1056 2751 πεπληρωμένον
1080 2717 1094 2742 ,
1128 2678 1203 2741 ὼς
1239 2677 1343 2749 ήδη
1379 2678 1693 2748 ἐπιμελείας

142 2770 311 2824 ἑαυτὸν
330 2770 532 2836 δοῦναι,
559 2771 654 2824 καὶ
687 2771 859 2824 ταῦτα
901 2770 1049 2840 αὑτῷ
1092 2771 1298 2823 εἰπόντι
1341 2771 1440 2842 τὴν
1472 2770 1693 2842 Γραφὴν

140 2861 543 2935 ἐπιμαρτυρεῖν·
571 2862 826 2932 Δεήθητε
855 2864 1024 2933 ὑμεῖς
1044 2865 1197 2933 ὑπὲρ
1220 2864 1366 2934 ἐμοῦ
1410 2865 1560 2932 πρός
1589 2865 1694 2918 τόν

140 2953 337 3022 Κύριον
358 2971 374 2985 ο
405 2955 466 3008 οὐ
499 2955 608 3026 γὰρ
639 2955 763 3026 ἐμοὶ
793 2956 1072 3026 παρρησία
1114 2956 1383 3024 μέτεστιν,
1424 2957 1570 3020 ὅπως
1598 2975 1696 3028 μη-

139 3040 214 3093 δὲν
245 3043 437 3118 ἐπέλθῃ
463 3046 553 3098 ἐπ’
577 3044 698 3114 ἐμὲ,
714 3037 787 3097 ὧν
808 3045 1082 3115 εἰρήκατε.
1107 3044 1242 3096 Οὔτε
1262 3044 1323 3115 δὴ
1350 3045 1693 3116 ἀπηγόρευσε

139 3134 292 3187 ταῦτα
320 3138 466 3209 αὐτῷ
505 3139 534 3190 ὁ
587 3138 729 3202 θεῖος
793 3137 1132 3201 Ἀπόστολος,
1168 3136 1278 3190 οὔτ’
1318 3139 1690 3209 ἀπηρνήσατο.

1800 1927 1993 1982 fuisset
2029 1930 2210 1984 dicere
2250 1946 2262 1982 :
2290 1930 2664 1986 Paenitentiam
2706 1952 2800 2005 age
2824 1939 2888 1990 de
2922 1938 3130 1993 malitia
3181 1952 3291 2008 tua,
3325 1952 3378 1998 et

1799 2036 2012 2089 precare
2061 2021 2366 2078 Dominum.
2409 2023 2597 2096 Itaque
2633 2030 2952 2096 pmnitentia
2984 2032 3038 2085 in
3073 2034 3173 2088 hac
3207 2051 3376 2092 causa

1793 2109 1979 2165 eliicax
2001 2121 2104 2166 est.
2151 2113 2290 2179 Quia
2316 2131 2448 2170 vero
2477 2134 2599 2172 cum
2637 2121 2957 2188 paenitentia
3003 2142 3198 2196 magna
3243 2145 3374 2184 cura

1793 2214 1932 2268 opus
1955 2203 2195 2270 est'illis,
2236 2207 2330 2274 qui
2365 2208 2430 2260 ad
2466 2209 2728 2263 malitiam
2765 2212 3004 2267 indurati
3055 2227 3225 2281 sunt,
3260 2229 3377 2273 sta-

1794 2291 1889 2346 tim
1921 2293 2236 2365 subjungit:
2281 2295 2339 2350 Si
2367 2298 2504 2366 forte
2529 2301 2622 2353 tibi
2649 2304 2947 2358 remittetur
2981 2311 3232 2376 cogitatio
3255 2328 3375 2364 cor-

1792 2384 1874 2436 dis
1910 2388 2005 2438 tui.
2041 2384 2183 2438 Nam
2217 2389 2272 2440 in
2301 2387 2424 2456 felle
2455 2393 2830 2448 amaritudinis
2872 2407 2923 2450 et
2981 2400 3200 2454 vinculis
3228 2403 3375 2472 inju-

1793 2480 1956 2533 stitia:
1984 2489 2032 2534 te
2059 2498 2169 2534 esse
2198 2483 2348 2538 video
2373 2486 2437 2538 ³³.
2468 2486 2531 2539 Εἰ
2567 2497 2778 2542 tantum
2815 2491 3036 2560 quidem
3087 2494 3256 2549 valuit
3281 2511 3377 2550 ex-

1792 2567 1977 2623 citatio
2023 2569 2125 2623 ista
2157 2571 2224 2624 ad
2262 2573 2665 2642 paenitentiam,
2725 2593 2754 2632 a
2795 2588 2948 2634 tanto
3009 2585 3258 2651 apostolo
3307 2586 3375 2640 ad

1794 2665 2002 2711 tantum
2037 2675 2279 2730 magum,
2321 2677 2559 2734 eumque
2590 2675 2743 2723 tanto
2771 2667 2894 2723 felle
2925 2680 2980 2724 et
3012 2675 3377 2730 amaritudine

1793 2747 2074 2816 refertum,
2136 2752 2410 2823 tantisque
2443 2758 2682 2825 peccatis
2743 2774 3067 2829 oppressum
3095 2805 3109 2829 ,
3148 2775 3208 2819 ut
3261 2767 3375 2837 jam

1794 2846 1908 2892 tum
1941 2855 2132 2895 curam
2185 2843 2334 2899 illam
2376 2849 2700 2917 susciperet,
2730 2852 3058 2922 verbisque,
3093 2854 3376 2928 Scriptura

1796 2939 2046 2998 testante,
2070 2933 2156 2988 bis
2183 2950 2302 2989 eam
2340 2938 2688 3006 profiteretur
2713 2957 2726 2992 :
2764 2941 2926 2997 Orate
2951 2962 3037 2999 vos
3075 2963 3169 3015 pro
3200 2966 3281 3006 me
3307 2956 3376 3004 ad

1794 3021 2084 3078 Dominum
2114 3042 2132 3079 :
2165 3042 2341 3098 neque
2359 3030 2506 3084 enim
2539 3033 2673 3086 mihi
2711 3041 2862 3089 tanta
2899 3036 3040 3092 inest
3071 3040 3290 3109 fiducia,
3318 3055 3379 3099 ut

1795 3129 1864 3168 ne
1895 3116 2026 3185 quid
2061 3132 2276 3184 eorum,
2309 3136 2432 3188 quae
2457 3121 2694 3188 dixistis,
2736 3141 2900 3195 super
2928 3145 3014 3183 me
3036 3133 3234 3187 veniat.
3266 3134 3380 3192 Nec

141 3224 250 3288 Πῶς
279 3227 382 3299 γὰρ
413 3229 441 3280 ὁ
472 3229 566 3282 καὶ
597 3229 928 3300 ὑποθέμενος
963 3231 1056 3283 καὶ
1094 3229 1297 3296 εἰπών;
1346 3231 1611 3284 Τοσοῦτον
1638 3232 1692 3284 δὲ

1835 3211 2038 3265 1·ωοίιίίί
2062 3211 2164 3280 ipsi
2190 3213 2352 3290 hujus
2384 3214 2461 3268 rei
2487 3231 2638 3284 spem
2669 3217 2825 3274 divus
2848 3220 3166 3290 Apostolus,
3202 3243 3379 3297 neque

139 3315 369 3392 ὠφελήθη
400 3315 557 3385 οὗτος
589 3321 750 3384 αὐτὸς
787 3323 815 3374 ὁ
858 3322 1175 3392 τηλικοῦτος
1223 3324 1396 3393 μάγος
1442 3325 1550 3377 ἀπὸ
1593 3325 1691 3395 τῆς

141 3407 350 3475 ἐλπίδος,
393 3413 496 3482 τῆς
526 3413 604 3475 εἰς
629 3413 938 3481 μετάνοιαν,
973 3413 1049 3476 ὡς
1077 3413 1176 3484 ἤδη
1202 3413 1450 3467 τοσοῦτον
1472 3416 1570 3485 τῆς
1603 3431 1694 3466 πο-

141 3498 312 3568 νηρίας
338 3502 428 3553 καὶ
453 3501 680 3572 πικρίας
703 3501 863 3555 αὐτὸν
893 3502 1297 3572 μεταδληθέντα
1322 3505 1490 3556 εἰπεῖν
1507 3517 1520 3530 ⁸
1553 3503 1692 3572 Ἐγὼ

145 3586 230 3654 μὲν
261 3591 354 3643 οὐκ
381 3591 502 3663 εἰμί
528 3591 710 3655 ἱκανὸς
743 3592 883 3664 ὑπὲρ
931 3591 1168 3663 ἐμαυτοῦ
1205 3591 1497 3664 δεηθῆναι·
1536 3593 1694 3664 ὑμεῖς

141 3677 188 3734 δὲ
212 3681 426 3755 δεήθητε
458 3685 601 3757 ὑπὲρ
621 3685 755 3758 ἐμοῦ
785 3687 921 3759 πρὸς
951 3685 1173 3759 Κύριον.

149 3904 452 3987 Tati-aurai;
483 3912 551 3987 ἐκ
581 3912 687 3987 τοῦ
721 3915 872 3983 πρὸς
917 3915 1071 3987 τοὺς
1100 3918 1506 3986 Νουατιανοὺς
1556 3921 1694 3987 τοὺς

233 3976 477 4047 ἑαυτοὺς
501 3976 922 4052 ὀνομάσαντας
963 3976 1254 4059 καθαροὺς
1285 3976 1586 4060 λόγον’Β.

150 4087 370 4148 ΚΕΦΑΛ.
401 4098 522 4164 ις’,
558 4114 641 4152 στ.
673 4105 741 4167 γ’.
762 4100 872 4153 Καὶ
901 4100 1101 4154 λαϐὼν
1120 4103 1460 4172 περιέτεμεν
1486 4107 1690 4163 αὐτόν.

144 4199 148 4210 ·
209 4181 294 4234 Ἵν⁹
323 4183 413 4239 οὖν
436 4189 512 4260 μὴ
543 4190 818 4260 κωλύηται
834 4191 1038 4262 (66-67)
1070 4195 1148 4258 είς
1172 4197 1492 4266 συναγωγὰς
1514 4215 1694 4271 παρα-

150 4268 356 4341 ϐάλλειν,
390 4279 481 4333 διὰ
507 4279 566 4334 τὸ
591 4281 961 4354 ἀπερίτμητον
989 4282 1128 4340 εἶναι
1156 4287 1247 4341 τὸν
1271 4289 1533 4361 Τιμόθεον
1553 4332 1568 4356 ,
1597 4268 1696 4345 οὗ·

148 4378 240 4426 τως
264 4376 621 4444 συμπαρεῖναι
643 4375 786 4429 τοῦτ’
802 4377 1169 4450 ᾠκονόμησεν,
1197 4381 1318 4452 οὐχὶ
1343 4382 1436 4436 καὶ
1463 4382 1696 4455 ἐδογμάοι

149 4469 274 4512 τισεν
302 4462 428 4534 (68),

208 4640 246 4670 ’⁸
274 4643 397 4701 ibid.
427 4650 518 4704 21.
615 4653 660 4684 ⁸⁸
712 4654 842 4711 ibid.
885 4655 974 4711 22.
1051 4658 1098 4690 ⁹⁶
1138 4659 1267 4715 ibid.
1309 4662 1398 4718 25.
1469 4717 1484 4728 ,

229 4832 402 4924 (ξοδ-ι)
418 4841 746 4924 Κῳυδύηται.
771 4846 848 4898 Ita
863 4847 1096 4924 scripsip
1113 4866 1172 4904 ro
1190 4851 1454 4924 κωλύητε,
1471 4854 1522 4907 id
1538 4857 1683 4924 quod

150 4911 321 4991 sensus
353 4913 626 4991 requirere
661 4917 890 4991 videtur.
926 4911 1230 4991 Vere-batur
1275 4911 1420 4978 enim
1444 4911 1685 4991 'Paulus,

151 4983 207 5067 iis
241 4973 574 5067 :I‘iiiiotl'ie_lts,
608 5001 714 5040 non
745 4973 1186 5058 circumcisusia
1202 4991 1402 5049 Iudaeis
1424 5011 1489 5048 ex
1525 4973 1687 5067 sylva:

150 5053 284 5120 Sosis
297 5053 700 5120 excluderetur.

359 5121 770 5204 ᾨκονόμησεν,
808 5129 945 5198 οὐχὶ
978 5129 1084 5204 καὶ
1111 5131 1519 5204 ἐδογμάτισεν.
1555 5137 1688 5204 Quae

152 5190 279 5240 certa
301 5189 364 5246 de
384 5189 633 5251 causa—et
664 5189 814 5255 certo
847 5189 1088 5257 aiiodam
1122 5189 1289 5275 scop'o
1317 5207 1384 5261 ad
1413 5189 1685 5280 tempus;

1797 3299 1979 3356 facere
2007 3301 2113 3358 hoc
2145 3303 2453 3373 denegavit.
2495 3305 2783 3372 Quomodo
2817 3313 2963 3366 enim
2988 3314 3038 3367 id
3074 3314 3253 3372 facere
3277 3335 3378 3388 po-

1797 3401 1936 3448 terat
1963 3395 2056 3464 qui
2086 3395 2202 3465 ipse
2231 3408 2503 3461 suaserat,
2529 3409 2581 3454 et
2603 3405 2968 3472 praeceperat?
2990 3402 3223 3461 Tantum
3248 3426 3379 3467 vero

1795 3487 2072 3539 commodi
2102 3487 2228 3542 hinc
2263 3490 2514 3558 capiebat
2563 3492 2677 3560 ipse
2707 3493 2797 3548 ille
2845 3504 3028 3551 tantus
3073 3515 3263 3570 magus
3309 3519 3380 3558 ex

1795 3575 1900 3630 hac
1933 3593 2049 3647 spe,
2086 3579 2153 3633 ad
2182 3583 2562 3648 ptenitentiam
2592 3583 2754 3652 facta,
2785 3597 2843 3641 ut
2877 3604 2907 3642 a
2938 3591 3146 3646 malitia
3197 3608 3379 3651 sua’et

1798 3670 2164 3726 amaritudine
2208 3673 2442 3728 multum
2484 3685 2724 3734 mutatus
2749 3680 2992 3738 diceret:
3017 3700 3118 3753 ego
3156 3687 3379 3756 quidem

1797 3759 2025 3817 idoneus
2047 3779 2151 3818 non
2185 3780 2329 3832 sum,
2359 3767 2454 3835 qui
2477 3783 2573 3836 pro
2601 3785 2687 3824 me
2712 3770 2832 3840 ipso
2860 3788 3052 3842 precer
3085 3795 3098 3830 :
3134 3793 3233 3832 vos
3248 3793 3380 3834 vero

1796 3859 1948 3906 orate
1981 3868 2080 3922 pro
2120 3871 2208 3910 me
2231 3857 2297 3910 ad
2335 3855 2648 3914 Dominum.

1837 3943 2050 4016 1044
2079 3945 2330 4014 Ejusdem
2352 3966 2416 4002 ea:
2446 3967 2684 4005 sermone
2712 3951 2772 4007 ιι
2802 3965 2990 4011 contra
3016 3956 3350 4014 Novatianos

2096 4017 2192 4084 qui
2224 4035 2277 4071 se
2307 4021 2448 4089 ipsos
2479 4022 2751 4079 Catharos
2780 4026 3090 4095 appellant.‘

1867 4126 2015 4183 CAP.
2058 4127 2200 4197 XVI,
2230 4132 2284 4186 5.
2315 4131 2383 4188 Et
2423 4145 2754 4205 assumptum
2792 4154 2910 4191 eum
2947 4141 3304 4198 circumcidit.

1866 4216 1946 4275 Ne
1979 4220 2144 4290 igitur
2187 4225 2571 4293 prohiberetur
2626 4227 2681 4282 in
2715 4245 3021 4301 synagogas
3069 4247 3380 4303 penetrare,

1797 4311 1927 4381 quia
1956 4311 2278 4370 Timotheus
2333 4333 2442 4372 non
2473 4330 2594 4375 erat
2644 4325 3028 4392 circumcisus,
3078 4335 3136 4380 ut
3183 4334 3237 4380 et
3274 4329 3378 4383 hoc

1796 4401 1972 4472 ﬁeret,
2003 4407 2250 4475 permisit
2291 4409 2509 4478 quidem
2543 4413 2856 4482 prudenter,
2910 4432 3018 4472 non
3067 4433 3199 4474 vero
3241 4434 3383 4488 pm-

1802 4495 1963 4565 cepit.

1794 4855 1906 4946 Dneo
1933 4860 2088 4946 fiunt,
2111 4863 2195 4916 vel
2225 4872 2286 4946 ut
2313 4863 2462 4946 fiant,
2509 4869 2899 4946 permittuntur
2919 4913 2933 4936 ,
2965 4887 3029 4927 ea
3079 4874 3384 4946 οἰκονομεῖ-

1797 4929 1958 5012 σθαιλ
1997 4933 2254 5012 νει-,κατ’
2303 4929 2636 5012 οἰκονομίαν,
2683 4939 2766 4992 vel
2813 4929 3172 5012 οἰκονομικῶς
3199 4929 3320 5000 ﬁeri
3349 4962 3382 5000 a

1792 4997 2048 5054 Patribus
2081 5003 2355 5058 dicuntur.
2396 4997 2496 5059 Sic'
2520 4997 2894 5065 Dainascenus
2923 4997 3015 5066 Iib'.
3056 5029 3112 5066 ιιι
3150 4997 3380 5070 ’ὁέότῖ

1795 5069 2024 5144 ἰΙιοίίοαξα
2046 5072 2168 5144 fide,
2202 5090 2249 5128 c.
2281 5075 2370 5139 εδ,
2407 5092 2457 5144 ρ.
2491 5076 2616 5141 266,
2641 5080 2706 5132 de
2732 5081 2952 5136 Christo
2983 5100 2996 5136 :
3025 5084 3086 5136 Et
3120 5085 3215 5137 και
3237 5069 3382 5139 οδω-

1793 5141 2033 5262 νιέμικῶς
2053 5143 2249 5264 ἑαυτὸν
2283 5141 2598 5201 συνέστελλε
2624 5149 2885 5216 πολλάκις
2913 5170 2926 5182 ·
2965 5154 3025 5206 οὐ
3055 5152 3163 5226 γὰρ
3193 5156 3380 5226 ἠγνόει

1793 5225 1824 5261 τ
1857 5228 1885 5263 ν
1920 5229 2050 5264 καιο
2084 5230 2131 5264 ν.

1793 5225 1885 5263 τον
1920 5229 2014 5266 και
2021 5225 2131 5282 ρον.
