3794 6226
355 291 490 351 ὶ319

909 292 967 348 S.
1009 289 1386 346 ATHANASII
1421 287 1571 343 OPP.
1613 285 1795 342 PARS
1840 285 1878 341 Ι.
1923 317 1992 327 —-
2030 283 2396 341 HISTORICA
2438 282 2526 338 ET
2560 281 2978 340 DOGMATICA.

3474 282 3637 338 i520

3563 451 3602 459 -ο

391 459 3602 503 r_________________.__________________

1197 613 1583 676 MONlTUM
1627 612 1708 672 ΙΝ
1770 610 2128 707 ξΕΟΠΕΝΞ
2167 609 2762 671 FRAGMENTUM.

1934 801 2002 812 .—

428 932 541 986 Iloc
573 932 930 1002 fragmentum
964 931 1105 1003 Περὶ
1136 931 1322 984 ἆπτων
1343 931 1649 985 inscribitur
1671 931 1726 983 in
1757 947 1975 986 manusc

2110 951 2157 988 »ε
2181 933 2304 1004 quia
2327 931 2557 987 vitanda:
2579 929 2925 1000 κακοφωνίας
2957 941 3006 986 et
3039 931 3364 998 repetitionis
3388 948 3540 1001 ergo,
3565 947 3635 985 ea:

357 1029 670 1099 περιάπτων
699 1029 859 1080 unica
888 1043 1028 1090 voce,
1055 1027 1183 1096 περί
1219 1036 1508 1090 resecatur,
1542 1043 1603 1078 ne
1625 1025 1754 1097 περὶ
1787 1027 1978 1098 περιάτ

2123 1030 2349 1098 tegatur.
2383 1027 2526 1080 Nam
2558 1026 2797 1080 amuleta
2827 1035 2874 1080 et
2905 1025 3211 1094 prmstigire,
3243 1039 3359 1093 qua
3388 1025 3472 1076 hic
3495 1040 3634 1076 con-

357 1127 600 1194 futantur
637 1134 686 1178 et
710 1123 1072 1194 prohibentur,
1096 1118 1371 1188 περίαπτα
1401 1134 1503 1170 non
1533 1128 1707 1196 autem
1735 1116 1882 1170 ἀπτα
1914 1119 2181 1181 dicuntur,
2209 1129 2267 1173 ut
2297 1118 2475 1174 videas
2512 1118 2597 1172 hic
2631 1119 2685 1171 in
2717 1119 3014 1188 fragmento
3039 1128 3088 1170 et
3119 1117 3259 1186 apud
3309 1113 3634 1184 Gregorium

359 1220 787 1285 Nazianzenum,
823 1219 912 1288 qui
938 1217 1034 1270 illa
1057 1233 1176 1270 voce
1216 1215 1407 1267 utitur.

1523 1301 1608 1355 Eat
1644 1303 1820 1357 codice
1853 1302 1978 1375 Reg.
2015 1304 2175 1370 1995,
2208 1305 2303 1375 fol.
2332 1307 2455 1362 517.

589 1432 873 1510 Athanasii
904 1427 1277 1492 Alexandrini,
1325 1426 1388 1479 de
1431 1425 1696 1478 amuletis.

435 1545 491 1602 Si
522 1546 643 1616 quis
682 1546 735 1598 in
775 1543 1151 1614 aegritudinem
1199 1548 1394 1595 curatu
1430 1538 1702 1594 difﬁcilem
1747 1539 1937 1608 lapsus

363 1639 454 1700 sit,
487 1636 701 1706 psallat,
738 1633 851 1704 Ego
895 1633 1033 1698 dixi,
1073 1631 1314 1694 Domine,
1355 1631 1603 1683 miserere
1634 1629 1772 1682 mei:
1805 1645 1939 1682 sana

365 1731 600 1783 animam
629 1743 820 1789 meam,
859 1726 983 1796 quia
1013 1725 1232 1792 peccavi
1263 1723 1357 1776 tibi
1387 1723 1458 1786 "‘,
1495 1723 1747 1791 precibus
1787 1721 1939 1776 scili-

368 1830 454 1878 cet
498 1822 761 1882 intentus,
793 1834 856 1873 ac
890 1816 1320 1872 misericordiam
1364 1815 1685 1884 implorans,
1731 1813 1939 1869 caelesti

372 1913 651 1982 sapientia:
673 1912 982 1980 obsequens
1007 1909 1207 1964 dicenti
1240 1928 1252 1961 :
1282 1906 1416 1971 Fili,
1451 1909 1505 1960 in
1538 1916 1764 1976 tempore
1788 1907 1942 1976 inﬁr-

367 2007 574 2057 mitatis
609 2012 712 2058 tua:
743 2019 803 2057 ne
834 2003 1093 2071 despicias
1121 2017 1138 2064 ;
1175 2000 1263 2054 sed
1290 2015 1385 2052 ora
1414 1998 1722 2065 Dominum,
1759 2013 1808 2054 et
1832 2001 1942 2069 ipse

366 2096 572 2149 curabit
603 2103 650 2147 te
681 2095 748 2147 οδ.
777 2093 1031 2146 ΑιιίιιΙριιι
1055 2093 1201 2146 enim
1233 2100 1286 2145 et
1335 2090 1619 2160 praestigia:
1645 2107 1785 2144 vana
1815 2099 1944 2146 sunt

367 2187 590 2241 auxilia.
643 2186 700 2239 Si
753 2185 880 2255 quis
929 2198 1059 2239 vero
1108 2185 1174 2237 iis
1225 2192 1432 2247 utatur,
1475 2183 1522 2237 is
1568 2182 1717 2238 clare
1741 2184 1940 2248 discat,

366 2279 514 2350 quod
573 2278 814 2347 seipsum
871 2275 1113 2331 effecerit
1161 2291 1259 2344 pro
1308 2274 1784 2339 fideli'infidelem,
1841 2289 1942 2344 pro

365 2373 682 2429 Christiano
726 2372 1030 2433 ctlmicum,
1077 2385 1176 2438 pro
1226 2368 1481 2438 prudenti
1514 2369 1941 2436 imprudentem,

366 2483 466 2537 pro
500 2465 809 2520 rationabili
837 2462 1291 2517 irrationabilcm.
1338 2461 1408 2514 At
1454 2460 1598 2514 enim
1637 2461 1819 2514 vetula
1861 2459 1944 2513 vi-

368 2559 504 2630 ginti
531 2557 840 2620 obolorum,
884 2555 1299 2623 autquartariaa
1340 2553 1451 2606 vini
1491 2552 1690 2622 pretio.
1719 2567 1946 2620 serpenc

370 2651 444 2704 tis
473 2651 901 2704 incantationem
936 2646 1035 2699 tibi
1077 2640 1376 2699 ‘exhaurit:
1423 2653 1591 2714 tuque
1627 2651 1739 2698 stas
1770 2643 1945 2697 hianti

367 2756 464 2798 ore
499 2750 759 2810 tanquam
823 2737 1033 2800 asinus,
1077 2736 1490 2806 quadrupedum
1521 2737 1712 2790 sordes
1741 2751 1770 2788 a
1803 2736 1946 2789 collo

367 2841 610 2905 gestans,
636 2831 857 2900 repulso
890 2828 1147 2884 salutaris
1178 2830 1356 2882 crucis
1406 2827 1604 2898 sigillo.
1661 2827 1815 2893 Quod
1863 2827 1939 2881 si-

371 2926 560 2995 gillum
597 2939 705 2978 non
743 2921 919 2976 morbi
966 2928 1176 2974 tantum
1223 2919 1615 2986 reformidant,
1651 2919 1746 2974 sed
1777 2919 1940 2973 etiam

371 3017 550 3072 omnis
611 3017 924 3070 daemonum
993 2995 1193 3067 cohors
1249 3011 1585 3081 pertimescit
1635 3019 1689 3065 et
1741 3013 1942 3064 horret.

371 3107 738 3175 Quamobrem
777 3105 959 3160 omnis
1006 3101 1370 3174 praestigiator
1414 3102 1729 3173 hujusmodi
1769 3103 1948 3174 sigillo

369 3216 582 3258 vacuus
619 3208 721 3253 est.

1960 1433 2012 1489 Α

2191 1429 2545 1484 ’Λθανασίου
2593 1428 3035 1498 Ἀλεξανδρείας
3068 1427 3200 1497 περὶ
3252 1426 3481 1482 ᾶπτων.

2121 1537 2247 1591 Ἐάν
2265 1555 2348 1601 τις
2379 1538 2800 1612 περιπέπτωκεν
2823 1538 3110 1610 ἀνωμαλίᾳ
3130 1537 3461 1607 δυσανιάτῳ,
3484 1534 3638 1606 ψαλ-

2039 1629 2206 1683 λέτωο
2256 1629 2397 1699 Ἐγὼ
2423 1627 2614 1694 εἷπον,
2641 1633 2838 1698 Κύριε,
2864 1629 3128 1699 ἐλέησόν
3154 1645 3261 1698 με,
3305 1628 3477 1680 ἴασαι
3510 1625 3640 1693 τὴν

2039 1720 2253 1790 ψυχήν
2287 1739 2407 1791 μου
2431 1762 2444 1785 ,
2480 1722 2570 1776 ὅτι
2608 1722 2876 1791 ἥμαρτέν
2918 1737 3047 1786 σοι,
3099 1720 3496 1791 ἐπιμελόμενος
3525 1718 3639 1787 τῆς

2041 1819 2346 1886 προσευχῆς
2366 1817 2460 1870 καὶ
2499 1815 2846 1887 μεταδιώκων
2874 1816 2971 1888 τὴν
2999 1813 3390 1885 ἐλεημοσύνην,
3437 1811 3639 1864 πειθό-

2045 1923 2203 1976 μενος
2229 1907 2328 1976 τῆς
2357 1908 2676 1980 ἐπουρανίου
2709 1908 2898 1977 σοφίας
2918 1925 2930 1936 ·
2964 1907 3205 1972 Τέκνον,
3225 1906 3294 1959 ὲν
3313 1905 3500 1974 καιρῷ
3525 1906 3643 1972 ἆῤ-

2034 1997 2428 2069 ρωστήματός
2487 2017 2604 2054 σου
2647 1999 2735 2070 μὴ
2791 1999 3218 2069 παραϐλέψῃςθ
3273 1999 3413 2054 ἀλλ’
3450 1996 3641 2062 εὖξαι

2042 2086 2257 2161 Κυρίῳ,
2292 2092 2390 2145 καὶ
2424 2091 2607 2156 αὐτὸς
2643 2090 2875 2146 ἰάσεταί
2920 2106 3013 2146 σε.
3060 2080 3142 2143 Τὰ
3185 2088 3295 2160 γὰρ
3343 2089 3640 2161 περίαπτα.

2043 2183 2138 2236 καὶ
2162 2184 2218 2236 αἱ
2241 2185 2483 2253 γοητεῖαι
2510 2181 2713 2252 μάταια
2743 2180 3065 2252 βοηθήματα
3090 2179 3449 2250 ὑπάρχουσιν.
3480 2179 3549 2231 El
3575 2174 3639 2230 at

2044 2295 2129 2341 τις
2166 2277 2350 2339 αὐτοῖς
2403 2276 2702 2348 κέχρηται,
2737 2275 3053 2343 γινωσκέτω
3103 2273 3262 2327 τοῦτο
3294 2270 3506 2342 σαφῶς,
3548 2274 3637 2325 ὅτι

2045 2367 2235 2420 ἑαυτὸν
2270 2366 2524 2436 ἐποίησεν
2561 2366 2681 2418 ἀντὶ
2722 2364 2915 2418 πιστοῦ
2963 2366 3210 2429 ἄπιστον,
3261 2364 3380 2417 ἀντὶ
3407 2363 3464 2416 δὲ
3493 2365 3638 2435 Χρι-

2047 2457 2264 2512 στιανοῦ
2297 2457 2528 2522 ὲθνικόν,
2561 2459 2681 2511 ἀντὶ
2702 2458 2759 2511 δὲ
2802 2456 3022 2510 συνετοῦ
3057 2455 3348 2518 ἀσύνετον,
3395 2455 3520 2507 ἀντὶ
3578 2454 3639 2507 δὲ

2044 2551 2264 2620 λογικοῦ
2301 2551 2604 2620 ἀλόγιστον.
2643 2551 2947 2604 Καταντλεῖ
2979 2551 3087 2622 γάρ
3127 2567 3210 2603 σοι
3250 2549 3424 2621 γραῦς
3460 2548 3556 2602 διὰ
3586 2555 3636 2602 κ’

2045 2643 2286 2708 ὀϐολοὺς,
2316 2646 2349 2717 ἢ
2381 2644 2648 2715 τετάρτην
2674 2643 2818 2696 οἴνου
2850 2643 3103 2715 ὲπαοιδὴν
3129 2643 3221 2696 τοῦ
3272 2642 3450 2711 ὅψεως
3473 2659 3485 2672 ·
3538 2643 3640 2695 καὶ

2049 2739 2113 2791 σὺ
2145 2736 2382 2808 ἕστηκας
2425 2737 2499 2800 ὼς
2541 2736 2660 2799 όνος
2705 2734 3085 2806 χασμώμενος,
3117 2735 3297 2805 φορῶν
3322 2733 3377 2786 δὲ
3411 2734 3506 2786 ἐπὶ
3542 2735 3640 2786 τὸν

2050 2830 2252 2900 αὐχένα
2288 2829 2386 2901 τὴν
2433 2829 2706 2901 ῥυπαρίαν
2751 2827 2860 2880 τῶν
2896 2828 3278 2898 τετραπόδων,
3312 2843 3640 2897 παρακρου-

2054 2921 2284 2991 σάμενος
2330 2920 2430 2991 τὴν
2484 2919 2754 2990 σφραγῖδα
2781 2917 2875 2973 τοῦ
2913 2918 3181 2990 σωτηρίου
3218 2917 3474 2989 σταυροῦ.
3532 2917 3640 2971 Ἢν

2055 3013 2321 3085 σφραγῖδα
2345 3015 2406 3066 οὐ
2441 3012 2602 3084 μόνον
2643 3014 2928 3084 νοσήματα
2961 3011 3290 3076 δεδοίκασιν,
3343 3011 3482 3064 ἀλλά
3541 3011 3642 3064 καὶ

2057 3107 2163 3157 πᾶν
2184 3104 2246 3158 τὸ
2273 3107 2457 3174 στῖφος
2505 3103 2612 3158 τῶν
2643 3103 2914 3174 δαιμόνων
2964 3103 3210 3172 φοϐεῖται
3239 3096 3342 3156 ’καὶ
3368 3102 3635 3175 τέθηπεν.

2058 3195 2218 3248 Ὅθεν
2251 3197 2343 3248 καὶ
2377 3197 2484 3258 πᾶς
2511 3195 2642 3266 γόης
2675 3195 3044 3266 ἀσκρράγιστος
3076 3193 3332 3263 ὑπάρχει,

446 3311 513 3366 In
543 3311 722 3365 eodem
754 3309 934 3364 codice
956 3308 1098 3362 2425
1139 3309 1284 3363 locus
1320 3309 1410 3363 ille
1435 3309 1627 3376 psalm.
1657 3325 1710 3377 p.
1750 3307 1888 3364 1206
1918 3327 1978 3363 no

2110 3330 2112 3339 ’
2139 3312 2266 3363 edit.
2305 3310 2624 3378 explicatur,
2649 3317 2699 3362 et
2728 3325 2781 3379 p.
2808 3308 2967 3373 1027,
3000 3308 3040 3361 l.
3070 3324 3131 3370 ιι,
3153 3325 3247 3376 pro
3270 3307 3572 3378 τρέπονται

794 3381 986 3450 legitur
1005 3379 1318 3452 κέκληνται,
1348 3381 1401 3433 in
1429 3381 1532 3450 [ine
1559 3390 1735 3434 autem
1759 3389 1875 3449 past
1911 3381 1978 3434 Ira

2110 3381 2217 3445 rba,
2247 3381 2574 3451 ἀπειθήσασι
2599 3397 2750 3446 ποτε,
2780 3380 2891 3434 haec
2922 3381 3194 3431 adduntur
3228 3394 3248 3432 :

444 3494 914 3562 Quemadmodum
961 3493 1125 3563 igitur
1158 3508 1276 3557 rex,
1313 3508 1437 3548 cum
1472 3492 1742 3548 latronum
1791 3493 1941 3562 prin-

370 3589 549 3659 cipem
601 3588 826 3653 invenit,
863 3589 915 3642 vi
957 3588 1120 3641 urbes
1166 3595 1548 3656 occupantem,
1606 3587 1950 3656 circumqua-

375 3697 482 3753 que
533 3681 886 3751 praedantem,
920 3687 1076 3734 antra
1126 3678 1473 3743 subeuntem,
1503 3686 1561 3733 ut
1591 3680 1845 3734 collectas
1873 3680 1948 3734 ibi

376 3774 639 3844 pecunias
683 3773 961 3842 deponat,
1020 3772 1334 3842 colligatum
1394 3771 1706 3841 hujusmodi
1761 3771 1944 3826 furum

378 3863 676 3932 principem
708 3863 973 3932 supplicio
1009 3862 1204 3926 tradit;
1249 3863 1568 3917 thesaurum
1600 3873 1782 3917 autem
1828 3864 1948 3933 ejus

377 3957 432 4010 in
467 3955 614 4024 regia
663 3955 924 4024 penuaria
958 3953 1250 4020 transfert;
1284 3953 1357 4008 ita
1403 3953 1532 4009 fecit
1571 3963 1625 4008 et
1670 3954 1946 4018 Christus,

378 4048 679 4118 principem
721 4045 927 4110 furum,
954 4046 1190 4100 carceris
1235 4046 1514 4100 custodem
1569 4046 1870 4110 diabolum,
1897 4056 1952 4102 et

377 4145 607 4191 mortem
667 4136 975 4206 colligavit;
1029 4151 1329 4205 eorumque
1384 4136 1632 4202 divitias,
1697 4137 1950 4193 videlicet

380 4228 697 4282 universum
725 4227 1010 4280 hominum
1048 4242 1219 4294 genus
1254 4226 1533 4282 transtulit
1566 4227 1621 4282 in
1663 4227 1948 4284 Dominica

2124 3495 2334 3566 Ὥσπερ
2373 3489 2466 3549 οῦν
2497 3493 2767 3565 βασιλεὺς,
2813 3495 3116 3569 λῄσταρχον
3149 3498 3325 3570 εὑρὼν
3359 3516 3645 3571 κατακρα-

2053 3586 2251 3640 τοῦντα
2293 3589 2495 3652 πόλεις,
2544 3589 2858 3660 ἁρπάζοντα
2888 3591 3244 3662 πανταχόθεν,
3273 3594 3355 3657 είς
3387 3593 3460 3646 τὰ
3496 3597 3645 3666 σπήο

2054 3680 2181 3733 λαια
2210 3681 2629 3751 καταδυόμενον,
2675 3681 3068 3752 ἀποτιθέμενον
3097 3687 3217 3737 ἐκεῖ
3256 3685 3349 3738 τὸν
3379 3685 3641 3748 πλοῦτον,

2053 3769 2220 3841 δήσας
2275 3771 2373 3840 μὲν
2397 3771 2486 3824 τὸν
2507 3770 2828 3844 λῄσταρχον,
2865 3775 3071 3827 ἐκεῖνον
3111 3776 3211 3846 μὲν
3252 3777 3496 3849 τιμωρίᾳ
3533 3796 3644 3830 πα-

2063 3861 2336 3932 ραδίδωσι,
2364 3862 2454 3915 τὸν
2489 3863 2545 3915 δὲ
2572 3863 2842 3941 θησαυρὸν
2879 3864 3044 3918 αὐτοῦ
3092 3867 3387 3938 μεταφέρει
3442 3870 3526 3931 είς
3573 3868 3645 3922 τὰ

2058 3953 2283 4021 ταμιεῖα
2318 3952 2386 4004 τὰ
2411 3950 2696 4021 βασιλικά’
2736 3953 2878 4006 οὕτω
2903 3954 2997 4007 καὶ
3030 3957 3059 4008 ό
3095 3956 3326 4025 Χριστὸς
3357 3957 3641 4028 ἐποίησεν,

2060 4043 2216 4115 ἔδησε
2243 4043 2333 4096 τὸν
2369 4043 2670 4114 λῄσταρχον
2718 4047 2812 4098 καὶ
2844 4046 2934 4098 τὸν
2966 4047 3349 4117 δεσμοφύλακα
3389 4048 3645 4102 διάϐολον

2059 4137 2153 4190 καὶ
2183 4135 2273 4189 τὸν
2317 4134 2542 4190 θάνατον
2564 4153 2577 4168 °
2615 4136 2709 4190 καὶ
2739 4138 2828 4191 τὸν
2858 4137 3086 4193 πλοῦτον
3123 4139 3302 4193 αὐτῶν
3325 4180 3341 4203 ,
3375 4142 3644 4195 ἁπάντων

2061 4226 2364 4300 ἀνθρώπων
2394 4229 2455 4282 τὸ
2481 4229 2635 4297 γένος
2667 4232 2971 4302 μετήγαγεν
3003 4233 3082 4296 εἰς
3107 4233 3176 4286 τὰ
3205 4233 3520 4304 ταμιεῖατὰ
3559 4235 3645 4288 δε·-

379 4319 662 4388 penuaria.
724 4316 848 4371 Ideo
892 4318 1093 4371 clamat
1151 4316 1353 4371 Paulus
1401 4317 1486 4372 his
1546 4318 1727 4372 verbis
1764 4338 1776 4372 :
1811 4319 1951 4383 Quia

2110 4322 2315 4377 ωτικά.
2369 4321 2468 4375 Διὰ
2516 4322 2674 4376 τοῦτο
2716 4324 2812 4377 καὶ
2856 4324 3067 4388 Παῦλος
3115 4324 3214 4396 βοᾷ
3259 4325 3437 4393 λέγων
3463 4344 3476 4355 ·
3514 4329 3645 4381 Ὅτι

381 4408 599 4462 redemit
632 4423 726 4460 nos
755 4407 819 4460 de
849 4406 1094 4474 tenebris,
1119 4417 1166 4460 et
1194 4407 1465 4461 transtulit
1487 4407 1543 4460 in
1573 4425 1788 4479 regnum
1818 4409 1954 4465 Filii

379 4499 681 4552 dilectionis
709 4514 821 4552 sua:
847 4498 913 4550 “.

2060 4413 2438 4482 ἑλυτρώσατο
2474 4413 2628 4485 ἡμᾶς
2655 4417 2722 4470 ἐκ
2752 4417 2857 4470 τοῦ
2873 4419 3153 4484 σκότους,
3179 4419 3274 4472 καὶ
3299 4419 3645 4490 μετήγαγεν

2061 4507 2149 4570 εις
2172 4505 2289 4574 τὴν
2310 4507 2639 4570 βασιλείαν
2668 4507 2774 4561 τοῦ
2815 4508 2950 4563 Υὶοῦ
2979 4508 3090 4578 τῆς
3113 4509 3351 4579 ἀγάπης
3389 4511 3608 4564 αὐτοῦ.

1659 4615 1726 4672 In
1751 4619 1928 4672 eodem
1953 4620 2130 4674 codice
2153 4637 2206 4686 ρ.
2234 4622 2358 4678 150.

451 4706 608 4773 Quod
641 4717 822 4762 autem
856 4708 909 4761 in
938 4707 1097 4763 Patre
1125 4710 1201 4764 sit
1249 4710 1438 4774 Filius,
1471 4720 1524 4766 et
1560 4709 1723 4766 Pater
1756 4713 1811 4766 in
1862 4713 1952 4766 Fi-

381 4799 477 4865 lio,
516 4801 649 4854 illud
677 4809 758 4855 est
806 4815 927 4856 esse
960 4800 1158 4856 Filium
1200 4801 1325 4868 Dei,
1355 4804 1448 4873 qui
1479 4819 1547 4858 ex
1580 4803 1690 4860 Deo
1737 4806 1952 4876 genitus

381 4901 484 4955 est,
517 4904 571 4947 et
609 4891 754 4947 Deus
796 4893 1100 4948 secundum
1161 4903 1434 4961 naturam,
1485 4896 1950 4967 quemadmodum

383 4991 438 5035 et
465 4980 644 5047 Pater,
688 4983 740 5035 in
785 4997 844 5037 se
899 4991 1180 5052 paternam
1222 4984 1458 5052 speciem
1510 4995 1906 5054 repraesentans
1936 5028 1951 5053 ,

383 5085 546 5143 atque
579 5075 634 5127 in
668 5083 892 5143 paterna
922 5074 1201 5145 hypostasi
1237 5077 1531 5132 exhibitus.
1582 5078 1734 5133 Unus
1768 5079 1950 5148 itaque

382 5176 437 5219 et
471 5180 632 5229 unus,
663 5174 718 5218 et
749 5165 903 5234 dyas,
941 5166 1056 5219 sive
1083 5165 1317 5222 dualitas
1349 5167 1460 5233 illa,
1495 5178 1692 5222 natura
1725 5184 1833 5222 non
1867 5185 1953 5224 se-

385 5268 630 5327 paratur,
665 5257 868 5312 nullius
896 5272 1060 5327 egens
1090 5260 1155 5314 ad
1196 5259 1608 5330 perfectionem.
1650 5259 1788 5316 Tota
1823 5262 1949 5330 qui-

385 5349 508 5404 dem
542 5349 820 5418 pleuitudo
875 5350 1094 5404 deitatis
1143 5360 1226 5405 est
1273 5349 1433 5405 Pater
1484 5360 1544 5404 ut
1587 5359 1773 5421 pater;
1830 5362 1944 5407 tota

389 5441 515 5495 item
550 5441 825 5510 plenitudo
865 5441 1084 5496 deitatis
1130 5451 1214 5498 est
1261 5442 1431 5497 Filius
1486 5452 1546 5497 ut
1587 5444 1748 5498 ﬁlius.
1791 5443 1947 5511 Quo-

479 5559 525 5591 "
549 5557 693 5613 P-sal.
732 5575 821 5623 XL,
852 5559 906 5613 5.

459 5676 569 5751 (69)
600 5677 982 5749 Fragmentum
1019 5680 1121 5736 hoc
1153 5679 1402 5749 suspicor
1429 5695 1642 5736 cusum.
1676 5722 1694 5735 .

2136 4715 2245 4787 (69)
2273 4717 2383 4771 Καὶ
2413 4719 2473 4770 τὸ
2499 4721 2556 4771 ἐν
2583 4720 2757 4791 Πατρὶ
2783 4720 2872 4774 τὸν
2908 4721 3035 4773 Υίὺν
3073 4716 3210 4775 εἶναι
3227 4763 3240 4786 ,
3276 4722 3369 4776 καὶ
3405 4723 3500 4776 τὸν
3527 4724 3648 4778 Πα-

2057 4807 2190 4880 τέρα
2215 4810 2273 4861 ἐν
2295 4808 2374 4880 τῷ
2403 4809 2536 4880 Υίῷ,
2564 4811 2720 4863 τοῦτό
2754 4812 2870 4864 ἐστι
2903 4812 2965 4864 τὸ
3014 4813 3134 4866 Υἱὸν
3163 4808 3300 4868 εἶναι
3345 4813 3508 4879 Θεοῦ,
3551 4816 3645 4868 τὸν

2060 4902 2123 4952 ὲκ
2151 4899 2243 4952 τοῦ
2281 4900 2415 4953 Θεοῦ
2445 4903 2861 4974 γεγεννημένον,
2888 4903 3020 4957 Θεὸν
3049 4904 3177 4958 ὅντα
3211 4905 3350 4959 κατά
3393 4907 3496 4978 τὴν
3545 4907 3646 4976 φύ-

2060 5007 2164 5053 σιν,
2192 4989 2377 5063 ὥσπερ
2408 4993 2435 5044 ὁ
2467 4995 2677 5066 Πατὴρ,
2711 4996 2803 5048 καὶ
2829 4996 3115 5051 δεικνύντα
3133 4998 3193 5051 τὸ
3216 4997 3472 5068 πατρῷον
3503 4995 3643 5062 εἶδος

2058 5084 2116 5135 ὲν
2147 5081 2342 5153 ἐαυτῷ,
2369 5086 2460 5137 καὶ
2487 5085 2832 5157 δεικνύμενον
2861 5090 2953 5142 ἐπὶ
2985 5090 3084 5161 τῆς
3110 5091 3382 5161 πατρικῆς
3407 5093 3644 5146 ὑποστά-

2060 5192 2218 5239 σεως.
2248 5171 2344 5240 Εἷς
2365 5173 2457 5230 οῦν
2483 5180 2577 5232 καὶ
2603 5174 2703 5244 εἷς,
2735 5183 2828 5234 καὶ
2875 5183 2908 5252 ή
2937 5181 3065 5256 δυὰς
3103 5183 3162 5234 οὐ
3212 5183 3548 5252 μεμέρισται
3575 5186 3640 5252 τῇ

2059 5268 2239 5336 φύσει,
2284 5269 2537 5341 ἀνενδεὴς
2581 5267 2714 5324 οὖσα
2757 5275 2824 5344 τῇ
2881 5273 3213 5343 τελειότητι·
3270 5272 3392 5326 ὅλον
3438 5274 3541 5343 μὲν
3583 5276 3643 5326 τὸ

2035 5358 2330 5431 ξπλήρωμα
2358 5362 2456 5432 τῆς
2489 5362 2736 5433 θεότητος
2757 5365 2786 5416 ὁ
2820 5365 3011 5436 Πατὴρ
3044 5365 3120 5428 ὡς
3153 5365 3338 5435 πατήρ
3361 5381 3375 5394 ·
3432 5365 3556 5418 ὅλον
3588 5365 3642 5418 δὲ

2058 5449 2121 5501 τὸ
2161 5449 2433 5524 πλήρωμα
2467 5453 2567 5524 τῆς
2612 5453 2861 5526 θεότητος
2896 5456 2925 5508 ὁ
2959 5454 3087 5520 Υἱὸς
3117 5455 3191 5519 ὡς
3227 5456 3360 5520 υἱός.
3423 5457 3642 5528 Ἐπειδὴ

1012 5561 1056 5592 ⁸⁸
1086 5559 1251 5614 Eccli.
1288 5576 1520 5624 xxn'iu,
1557 5561 1610 5615 9.
1688 5563 1735 5595 ’⁸
1764 5561 1981 5620 Coloss.
2017 5580 2056 5633 ι,
2092 5566 2182 5624 15.
