3794 6226
92 304 220 360 1525

1420 297 1845 353 FRAGMENTA
1885 297 2071 352 ALIA.

3189 305 3328 361 1326

85 422 327 490 σώματος
366 415 573 480 Θεῖκῶς
605 414 910 486 πράττοντα
954 409 988 483 ἢ
1033 411 1257 479 λέγοντα
1304 410 1426 464 τινὰ
1451 450 1466 473 ,
1493 410 1658 478 γινώ-

1801 409 2062 463 idcrimus
2098 425 2222 465 eum
2276 409 2482 480 proprii
2523 412 2771 482 corporis
2803 426 3008 482 organo
3033 413 3218 470 divina
3244 416 3326 471 fa~

87 527 276 580 σκομεν
309 511 392 562 ὃτι
427 508 563 570 Θεὸς
591 500 664 560 ὣν
695 505 868 558 ταῦτα
899 503 1221 575 ἐργάζεται·
1249 503 1342 555 καὶ
1374 501 1535 554 πάλιν
1561 500 1657 554 ἐὰν

87 605 273 671 ἴδωμεν
303 600 474 654 αὐτὸν
509 600 575 652 δι’
607 598 837 670 ὀργάνου
863 596 956 649 τοῦ
1004 596 1133 648 ἰδίου
1171 595 1421 664 σώματος
1447 594 1656 666 ἀνθρω-

89 696 245 756 πίνως
269 692 540 745 λαλοῦντα
563 692 594 760 ἢ
625 692 922 760 πάσχοντα,
949 689 1021 758 μὴ
1058 687 1337 756 ἀγνοῶμεν
1361 686 1543 748 αὑτὸν,
1576 687 1657 737 ὅτι

90 781 417 852 σαιεκοερόρος
480 781 698 849 γέγονεν
753 781 1036 849 ἄνθρωπος
1071 795 1085 808 ·
1157 778 1251 829 καὶ
1301 775 1440 828 οὕτω
1488 775 1659 828 ταῦτα

91 876 171 925 xz‘:
202 874 344 923 ποιεῖ
383 873 481 923 καὶ
504 871 678 938 ὶέγειο
711 872 802 923 καὶ
833 871 1062 922 ἑκάστου
1098 867 1206 938 γὰρ
1238 868 1298 920 τὸ
1338 866 1466 919 ἴδιον
1491 865 1656 934 γινὼ-

91 980 318 1024 σκοντες,
353 962 452 1015 καὶ
482 962 766 1032 ἀμφότερα
805 960 863 1026 ἐξ
894 961 1010 1023 ἐνὸς
1045 959 1393 1031 πραττόμενα
1436 958 1658 1028 βλέπον-

89 1070 168 1114 τες
194 1053 285 1104 καὶ
321 1052 597 1116 νοοῦντες,
624 1051 798 1124 ὀρθῶς
825 1052 1150 1122 πιστεύομεν
1181 1051 1275 1103 καὶ
1292 1049 1487 1103 οὔποτε
1521 1049 1657 1102 πλα-

89 1143 397 1215 νηθείημεν.
431 1165 451 1196 ι

1762 502 1990 555 cientem
2015 509 2107 556 aut
2135 501 2427 567 dicentem,
2461 502 2700 558 sciamus
2726 503 2896 558 Deum
2924 519 3046 560 esse
3083 507 3175 576 qui
3203 509 3330 565 talia

1763 601 2037 661 operatur.
2071 591 2394 664 Rursusque
2423 595 2470 648 si
2495 611 2618 648 eum
2649 595 2950 650 viderimus
2973 598 3180 666 proprii
3212 615 3334 651 cor-

1762 685 1911 751 poris
1945 699 2153 753 organo
2208 686 2446 739 humana
2503 687 2812 756 loquentem
2867 696 2960 742 aut
3015 691 3330 758 patientem,

1765 776 1908 829 haud
1947 777 2262 845 ignoremus
2295 777 2470 846 ipsum
2514 778 2681 833 fuisse
2716 779 2770 832 in
2815 795 2981 836 carne
3005 781 3278 836 hominem
3315 801 3330 848 ;

1764 878 1927 937 atque
1961 869 2033 921 ita
2069 871 2178 923 hme
2210 868 2388 925 facere
2429 886 2492 925 ac
2533 873 2700 941 loqui.
2734 870 2866 926 Nam
2895 882 3105 927 naturae
3134 875 3339 930 utrius-

1764 976 1871 1028 que
1906 963 2183 1030 proprium
2219 972 2601 1032 agnoscentes,
2635 972 2690 1017 et
2737 972 3024 1034 utramque
3064 965 3336 1019 actionem

1766 1053 1834 1106 ab
1868 1070 1978 1106 uno
2028 1063 2302 1122 peractam
2350 1066 2635 1111 cernentes
2700 1067 2861 1125 atque
2924 1057 3286 1127 intelligentes
3319 1096 3336 1122 ,

1768 1152 1916 1197 recte
1941 1145 2236 1210 credimus,
2278 1153 2332 1201 et
2365 1162 2645 1216 nunquam
2682 1149 3077 1203 exerrabimus.
3115 1167 3134 1200 ι

1666 1277 1771 1337 IV.
1846 1305 1852 1314 -

163 1403 548 1460 ’Adurao'lov.
583 1403 715 1466 Θεὸς
742 1403 837 1456 καὶ
874 1402 1158 1473 ἄνθρωπος
1189 1402 1218 1454 ὁ
1259 1400 1448 1465 αὐτὸς,
1479 1391 1558 1460 εἷς
1582 1396 1657 1450 ὢν

90 1495 199 1550 καθ’
229 1495 466 1567 ὓπαρξιν
516 1496 774 1566 ἀνελλιπῆ
804 1494 872 1548 τὰ
898 1494 1164 1564 ἑκάτερα.

153 1707 517 1762 Ἀθανασίου
546 1707 616 1760 ἐν
645 1704 720 1774 τῇ
745 1705 1030 1774 ἐξηγήσει
1056 1704 1184 1767 τοῦ,
1221 1722 1240 1755 ι
1278 1703 1474 1772 Ἀμὴν,
1503 1699 1668 1771 ἀμὴν

1837 1401 2139 1456 Athanasii.
2183 1401 2326 1458 Deus
2357 1412 2412 1457 et
2443 1403 2608 1458 homo
2643 1403 2783 1459 idem
2818 1404 3114 1476 (Christus)
3154 1421 3342 1475 perso-

1767 1492 1960 1547 naliter
1997 1509 2159 1559 unus,
2191 1505 2422 1565 utraque
2453 1495 2805 1552 subsistentia
2832 1497 3115 1566 przeditus.

1843 1702 2124 1757 Athanasii
2151 1705 2205 1758 in
2237 1704 2609 1772 explanatione
2631 1707 2927 1759 verborum:
2944 1723 2962 1757 ι
2984 1705 3170 1770 Amen,
3191 1723 3344 1761 amen

92 1796 235 1868 λέγω
282 1799 448 1868 ὑμῖν,
497 1799 640 1867 πρῖν
662 1797 916 1868 ’Λϐραὰμ
948 1795 1224 1868 γενέσθαι
1249 1794 1363 1864 ἐγώ
1383 1797 1521 1865 ειμι.
1559 1813 1578 1846 ι
1596 1825 1665 1835 -

1793 1793 1887 1845 lico
1909 1793 2069 1850 vobis.
2091 1805 2370 1864 antequam
2391 1795 2659 1849 Abraham
2695 1797 2863 1865 ﬁeret,
2880 1813 2972 1866 ego
2987 1812 3122 1850 sum.
3137 1797 3348 1852 s—Ma-

93 1891 466 1961 Ἀναισχυντία
495 1890 682 1960 σαφῶς
708 1890 769 1943 τὸ
803 1891 876 1960 μὴ
927 1887 1089 1959 διχῶς
1135 1889 1274 1941 νοεῖν
1313 1886 1403 1941 τὸν
1431 1881 1666 1958 Χριστὸν

94 1981 278 2047 θεῖκῶς
314 2001 376 2038 τε
405 1983 505 2038 καὶ
528 1981 909 2052 ἀνθρωπίνως.

135 2262 238 2318 Τοῦ
259 2262 438 2328 ἁγίου
506 2258 882 2321 Ἀθανασίου,
925 2257 994 2308 ἐκ
1020 2255 1126 2310 τοῦ
1165 2258 1357 2328 λόγου
1407 2257 1496 2328 sic
1525 2253 1591 2308 τὸ
1615 2295 1634 2323 ,

233 2351 252 2384 ι
281 2327 505 2399 Κύριος
525 2329 726 2384 ἐκτισέ
742 2345 838 2397 με,
872 2347 888 2377 ι
917 2327 1016 2380 καὶ
1037 2327 1185 2380 κατὰ
1201 2327 1525 2394 Ἀρειον-ὠν.

165 2447 269 2499 Καὶ
301 2445 434 2515 γοῦν
492 2445 585 2499 ἐπὶ
624 2444 713 2497 τὸν
766 2443 996 2514 σταυρὸν
1051 2442 1346 2512 ἐρχόμενος
1374 2480 1389 2504 ,
1437 2439 1670 2504 ἐκτενῶς
1708 2490 1712 2495 .

104 2536 449 2606 προςεύχεται
477 2575 493 2597 ,
534 2535 629 2588 καὶ
659 2535 720 2587 τὸ
751 2535 880 2601 γόνυ
927 2533 1130 2596 κλίνει,
1189 2532 1361 2600 λέγων
1384 2549 1396 2562 ·
1445 2532 1665 2600 Πάτερ,

106 2610 432 2695 παρελθέτω
453 2627 560 2681 ἀπ’
577 2626 720 2696 ἐμοῦ
737 2625 800 2678 τὸ
814 2624 1100 2694 ποτήριον
1114 2625 1305 2678 τοῦτο·
1325 2623 1493 2692 πλὴν
1501 2623 1587 2694 μὴ
1605 2623 1671 2678 τὸ

107 2719 240 2789 ἐμὸν
255 2719 488 2789 θέλημα
502 2722 780 2789 γενέσθω,
797 2719 955 2772 ἀλλὰ
971 2718 1036 2770 τὸ
1056 2719 1190 2771 σόν·
1221 2717 1349 2771 ἴδιον
1379 2717 1544 2772 αὑτοῦ
1583 2717 1672 2770 θέ-

107 2807 246 2879 λημα
270 2810 441 2878 λέγων
471 2811 534 2862 τὸ
556 2809 656 2878 τῆς
688 2808 888 2880 σαρκός
907 2824 922 2840 ’
973 2811 1056 2860 ὅτι
1095 2826 1202 2880 περ
1243 2809 1336 2862 καὶ
1367 2809 1538 2880 αὐτὴν
1574 2808 1672 2881 τὴν

111 2889 368 2974 ἦμετέραν
391 2903 576 2973 σάρκα
611 2903 668 2954 ὲν
697 2900 872 2972 ἑαυτῷ
907 2899 1244 2956 οἱκειὼσατο.

1774 1884 1974 1940 nifesta
2000 1887 2330 1956 impudentia
2359 1898 2442 1943 cst
2471 1889 2712 1955 illorum,
2755 1890 2848 1959 qui
2890 1888 3092 1959 duplici
3118 1889 3345 1945 notione

1772 1976 2052 2032 Christum
2085 1978 2436 2035 considerare
2470 1981 2680 2046 nolunt,
2744 1981 2799 2035 id
2837 1988 2922 2036 est
2969 1981 3233 2037 divinitus
3285 1993 3342 2039 et

1774 2066 2110 2124 humanitus.

1679 2156 1781 2218 Vl.

1848 2257 2032 2316 Sancti
2063 2262 2368 2333 Athanasii,
2417 2279 2482 2316 ea:
2512 2279 2748 2317 sermone
2779 2263 2833 2316 in
2865 2263 3001 2316 illud
3029 2279 3048 2317 :
3109 2281 3129 2316 ι
3160 2261 3346 2320 Domi-

2006 2348 2104 2385 nus
2130 2335 2326 2388 creavit
2357 2350 2458 2399 me,
2496 2352 2515 2385 ι
2551 2343 2602 2387 et
2641 2343 2826 2387 contra
2855 2334 3105 2388 Atianos.

1843 2439 2136 2511 Propterea
2169 2459 2294 2498 cum
2325 2444 2390 2498 ad
2417 2459 2634 2498 crucem
2667 2453 2932 2499 venturus
2965 2453 3128 2509 esset,
3185 2446 3346 2501 enixe

1775 2532 1986 2598 orabat,
2031 2534 2281 2605 ﬂexoque
2310 2551 2449 2605 genu
2502 2535 2716 2590 diccbat
2758 2551 2771 2587 :
2828 2535 3010 2599 Pater,
3042 2545 3273 2591 transeat
3312 2555 3348 2593 a

1777 2637 1856 2674 me
1886 2623 2028 2677 calix
2065 2626 2185 2678 iste.
2231 2624 2608 2679 Verumtamen
2655 2643 2754 2679 non
2808 2642 2924 2680 mea
2954 2627 3219 2694 voluntas,
3255 2629 3347 2682 sed

1779 2717 1869 2762 tua
1903 2711 2032 2779 ﬁat;
2059 2713 2335 2782 propriam
2391 2715 2600 2769 scilicet
2642 2713 2828 2770 dicens
2871 2717 3054 2772 carnis
3098 2717 3350 2773 volunta-

1775 2811 1918 2868 tcm;
1953 2805 2393 2874 quandoquidem
2419 2806 2591 2876 ipsam
2627 2815 2872 2863 nostram
2917 2809 3023 2864 sibi
3070 2810 3350 2880 propriam

1777 2897 1984 2956 fecerat
2010 2917 2254 2958 carnem.

1660 2992 1799 3054 Vll.

117 3093 216 3149 Teii
232 3095 500 3165 μεγάλου
539 3094 897 3149 Ἀθανασίου
924 3094 995 3147 ἐν
1042 3093 1122 3159 τῷ
1159 3097 1246 3160 εἷς
1296 3095 1437 3161 τοὺς
1467 3095 1681 3160 βαπτι-
1708 3097 1750 3150 C

570 3165 849 3234 ζομένους
877 3165 1036 3234 λόγῳ
1076 3166 1212 3236 (69).

180 3253 329 3323 Ὀψει
371 3257 505 3318 τοὺς
549 3255 778 3318 Λευῖτας
810 3254 1073 3325 φέροντας
1111 3257 1328 3325 ἄρτους,
1377 3257 1472 3309 καὶ
1506 3257 1674 3326 ποτήο

118 3357 221 3411 ριον
246 3345 534 3405 οἴνου,,κα“ι
562 3345 806 3404 τιθέντας
834 3345 926 3398 ἐπὶ
956 3346 1051 3416 τὴν
1079 3346 1356 3417 τράπεζαν
1376 3362 1390 3376 ·
1437 3349 1531 3400 καὶ
1552 3349 1674 3400 ὅσον

115 3429 252 3483 οὔπω
282 3434 482 3486 ἱκεσίαι
514 3433 606 3486 καὶ
632 3433 842 3504 δεήσεις
868 3434 1130 3501 γίνονται,
1159 3434 1311 3503 ψιλός
1339 3436 1486 3488 ἐστιν
1515 3436 1544 3487 ὁ
1572 3436 1673 3507 ἄρ-

116 3539 198 3585 τος
237 3526 326 3578 καὶ
355 3525 416 3578 τὸ
440 3527 700 3596 ποτήριον
721 3541 734 3553 ’
780 3527 917 3579 ἐπὰν
956 3526 1012 3578 δὲ
1043 3527 1459 3580 ὲπιτελεσθῶσιν
1496 3529 1551 3580 αἱ
1578 3546 1675 3599 με·

115 3613 263 3679 γάλαι
296 3615 388 3668 καὶ
433 3615 747 3685 Θαυμασταὶ
795 3616 970 3684 εὐχαὶ,
1030 3615 1149 3668 τότε
1201 3616 1410 3684 γίνεται
1437 3619 1465 3669 ὁ
1492 3619 1674 3689 ἄρτος,

120 3704 296 3775 σῶμα’
330 3711 424 3760 καὶ
454 3708 516 3760 τὸ
548 3709 821 3778 ποτήριον,
854 3704 994 3777 αἷμα
1017 3708 1108 3760 τοῦ
1147 3708 1353 3777 Κυρίου
1384 3710 1540 3780 ἡμῶν
1576 3712 1678 3778 Ἰη-

120 3796 204 3850 σοῦ
230 3799 487 3869 Χριστοῦ.
521 3799 629 3851 Καὶ
663 3800 837 3853 πάλιν·
871 3800 1151 3870 ἘλΟωμεν
1189 3802 1281 3854 ἐπὶ
1324 3800 1422 3871 τὴν
1463 3801 1680 3853 τελείω-

119 3899 194 3937 σιν
228 3887 330 3940 τών
371 3888 712 3960 μυστηρίων·
749 3884 948 3952 οὗτοςὸ
970 3889 1132 3960 ἄρτος
1159 3891 1251 3942 καὶ
1288 3891 1446 3943 τοῦτο
1487 3891 1546 3944 τὸ
1579 3908 1678 3944 πο-

119 3982 310 4050 τήριον,
336 3983 463 4035 ὅσον
489 3981 640 4034 οῦπω
666 3981 824 4052 εὐχαὶ
855 3983 947 4034 καὶ
987 3984 1187 4036 inscius
1214 3985 1506 4052 γεγόνασι,
1547 3983 1678 4054 ψιλά

120 4069 244 4126 εἰσιν
266 4089 279 4103 ο
331 4073 474 4126 ἐπὰν
503 4073 558 4126 δὲ
594 4075 650 4127 αἱ
684 4073 916 4144 μεγάλαι
949 4074 1130 4145 εὐχαὶ,
1161 4076 1254 4127 καὶ
1279 4076 1335 4128 αἱ
1374 4075 1526 4144 ἅγιαι
1567 4078 1678 4129 ἱκε-

1888 3093 2175 3148 Atltanasii
2209 3094 2413 3166 Magni,
2445 3113 2510 3150 ea:
2551 3113 2787 3152 sermone
2819 3099 2888 3151 ad
2926 3099 3243 3169 baptizatos.

1853 3248 2074 3306 Videbis
2111 3250 2327 3308 Levitas
2368 3267 2536 3322 panes
2566 3254 2788 3324 vinique
2838 3255 3061 3310 calicem
3095 3255 3353 3322 ferentes,

1781 3357 2090 3411 mensatque
2130 3345 2492 3414 imponentes.
2540 3344 2606 3398 Et
2639 3346 2880 3414 quandiu
2912 3347 3130 3416 quidem
3163 3365 3356 3418 preces

1781 3441 1835 3485 et
1861 3431 2230 3488 invocationes
2271 3435 2511 3488 nondum
2552 3448 2681 3490 sunt
2721 3450 2989 3506 peracta},
3030 3438 3167 3492 nihil
3204 3440 3352 3494 aliud

1783 3524 1888 3578 nisi
1922 3525 2077 3592 panis
2109 3525 2359 3595 calixquc
2382 3535 2487 3580 est.
2525 3525 2724 3580 Verum
2754 3528 3032 3583 enimvero
3059 3538 3352 3598 postquam

1783 3625 2016 3684 peractae
2053 3615 2256 3670 fuerint
2284 3632 2494 3686 magnae
2541 3617 2800 3686 miraeque
2839 3634 3049 3687 preces,
3091 3628 3221 3674 tunc
3253 3637 3353 3688 pa-

1785 3709 1870 3761 nis
1917 3707 1978 3762 lit
2029 3723 2264 3777 corpus;
2311 3710 2449 3762 calix
2485 3717 2690 3776 autem,
2739 3710 2951 3764 Domini
3004 3710 3178 3765 nostri
3223 3709 3354 3766 Jesu

1783 3797 1988 3853 Christi
2040 3799 2284 3868 sanguis.
2342 3797 2409 3853 Et
2463 3815 2655 3853 rursus
2685 3817 2698 3853 :
2727 3797 3020 3856 Veniamus
3052 3801 3114 3855 ad
3158 3811 3356 3872 myste-

1783 3893 1988 3946 riorum
2017 3893 2431 3962 perfectionem.
2483 3892 2583 3948 llic
2631 3894 2786 3962 panis
2832 3903 2886 3948 et
2931 3895 3020 3947 hic
3053 3893 3195 3948 calix
3227 3905 3355 3949 ante

1781 3998 1970 4053 preces
2023 3991 2076 4038 et
2140 3983 2509 4038 invocationes
2543 3983 2678 4036 nihil
2727 3984 2866 4038 ultra
2917 3993 3167 4039 naturam
3226 4001 3354 4056 pro-

1782 4073 1955 4144 priam
1988 4074 2222 4127 habent:
2253 4083 2624 4129 verumtamen
2649 4074 2736 4128 ubi
2771 4088 2979 4143 magna:
3001 4089 3187 4143 preces
3220 4090 3352 4128 san-

124 4159 223 4215 σίαι
251 4163 669 4236 ἀναπεμφθῶσι,
701 4165 1015 4220 καταϐαίνει
1044 4167 1256 4235 ὁΛόγος
1285 4169 1365 4232 εἰς
1389 4168 1480 4221 τὸν
1507 4169 1667 4241 ἄρτον

1793 4175 1990 4235 :tmquc
2041 4166 2412 4221 invocationes
2444 4165 2600 4218 editae
2647 4164 2883 4228 fuerint,
2911 4165 3189 4220 descendit
3219 4164 3356 4220 Ver-

122 4253 206 4305 καὶ
229 4253 288 4307 τὸ
309 4257 592 4327 ποτήριον,
624 4257 718 4310 καὶ
747 4257 956 4327 γίνεται
983 4257 1148 4313 αὐτοῦ
1178 4258 1338 4331 σῶμα
1373 4260 1508 4332 (70).

1793 4273 1905 4312 ium
1930 4255 1984 4309 in
2006 4270 2198 4324 panem
2217 4263 2270 4309 et
2286 4255 2595 4323 calicem,et
2611 4269 2808 4324 corpus
2825 4255 2942 4323 ejus
2962 4253 3275 4310 conﬁcitur.

1642 4396 1809 4458 VIII.

578 4513 955 4584 Fragmentum
983 4531 1047 4568 e1:
1077 4515 1353 4570 Athanasii
1384 4518 1608 4586 epistola
1636 4520 1705 4572 ad
1739 4517 2049 4583 Eusebium,
2080 4514 2459 4578 Lucinianum,
2488 4523 2536 4567 et
2568 4513 2735 4566 socios
2767 4511 2901 4583 (71).

183 4637 420 4715 Namque
444 4657 499 4702 et
525 4662 755 4716 magnus
789 4647 1120 4702 Athanasius
1147 4663 1362 4720 aequum
1398 4665 1519 4706 esse
1539 4650 1828 4720 judicavit,
1860 4664 1956 4705 eos
1980 4665 2089 4704 non
2113 4648 2398 4717 repellere,
2442 4645 2538 4715 qui
2583 4647 2728 4716 quod
2758 4646 2967 4709 dicunt,
3005 4655 3160 4701 recto
3183 4661 3350 4701 sensu

123 4736 395 4804 explicant.
428 4741 520 4796 Sic
545 4741 692 4796 enim
721 4741 832 4810 ipse
858 4741 1013 4795 docet
1036 4742 1088 4794 in
1118 4757 1216 4796 sua
1241 4742 1309 4796 ad
1342 4741 1666 4808 Eusebium,
1709 4742 2097 4807 Lueinianum,
2125 4751 2180 4796 et
2209 4741 2390 4795 socios
2426 4739 2654 4808 epistola
2686 4757 2700 4793 :
2744 4757 2762 4789 ‹
2791 4737 2900 4792 Vos
2932 4753 3082 4807 ergo,
3118 4737 3211 4806 qui
3236 4738 3352 4793 hazc

125 4829 291 4883 omnia
318 4832 664 4900 proﬁtemini,
691 4849 758 4887 ne
787 4849 971 4902 quaeso
1002 4833 1124 4888 illos
1150 4833 1239 4902 qui
1271 4833 1464 4888 eadem
1497 4813 1836 4903 'protitentur
1868 4832 2176 4897 damnetis;
2211 4831 2306 4886 sed
2353 4829 2618 4884 vocabula
2640 4829 2733 4882 -ab
2774 4827 2883 4882 illis
2909 4827 3155 4882 adhibita
3177 4827 3356 4896 expli-

124 4929 260 4986 cate;
297 4940 470 4994 neque
501 4925 586 4980 his
621 4925 1056 4994 inconsideratis,
1082 4934 1333 4982 auctores
1360 4927 1680 4996 repellatis;
1712 4927 1824 4982 imo
1852 4940 1982 4982 vero
2016 4939 2111 4980 eos
2143 4931 2368 4979 exorate
2394 4963 2410 4990 ,
2457 4922 2635 4993 iisque
2669 4921 2914 4988 suadete,
2950 4928 3011 4976 ut
3055 4919 3353 4976 conciliare

125 5017 405 5074 sententias
439 5019 624 5074 velint.
661 5037 681 5071 ι

187 5167 289 5240 (69)
318 5171 432 5228 Non
461 5175 656 5245 legitur
681 5175 771 5231 hic
798 5176 950 5232 locus
983 5176 1037 5230 in
1076 5175 1362 5231 Athanasii
1406 5190 1658 5245 sermone

125 5235 440 5316 odrecenter
457 5235 788 5316 itluminatos
803 5261 897 5301 seu
918 5246 1240 5316 baptizatos,
1259 5261 1386 5316 opp.
1409 5248 1496 5302 ed.
1525 5244 1657 5300 Ven.

125 5313 161 5358 ιο
193 5307 251 5384 ΙΙ,
299 5328 353 5382 p.
387 5316 512 5372 395.
543 5315 652 5370 Nec
683 5317 916 5382 mirum;
959 5307 1113 5371 multi
1162 5307 1313 5372 enini
1335 5307 1440 5370 'alii
1475 5333 1663 5371 neces-

126 5388 259 5433 sario
279 5385 598 5441 exstiterunt
626 5387 910 5441 Athanasii
961 5402 1244 5442 sermones
1269 5388 1336 5441 dc
1379 5388 1481 5441 hoc
1511 5403 1666 5456 argu-

127 5457 294 5527 Inellto
317 5455 540 5527 singulis
579 5456 735 5511 annis
763 5471 1096 5521 recurrente,
1151 5473 1262 5527 quo
1306 5455 1663 5526 tempore,’id

125 5526 202 5571 est
223 5517 483 5591 Paschali,
509 5528 756 5581 solebant
785 5527 1024 5596 episcopi
1061 5517 1278 5582 erudire
1311 5517 1663 5594 catechume-

128 5601 235 5667 I303.
269 5602 325 5667 _et
358 5610 483 5667 mox
514 5597 814 5667 baptizatos
844 5598 1226 5656 sublimiorum
1273 5598 1662 5667 mysteriorum

128 5654 352 5718 doctrina
383 5654 640 5724 imbuere.

1839 5174 1950 5248 (70)
1983 5175 2040 5230 S.
2070 5175 2416 5248 Augustinus
2437 5175 2505 5248 in
2541 5182 3097 5248 sexto‘sermonelex
3141 5171 3352 5227 Vindo-

1766 5243 1995 5323 bonensi
2031 5243 2356 5323 bibliotheca
2386 5246 2532 5323 edito
2563 5286 2604 5323 ,_
2624 5243 2722 5314 qui
2777 5254 2862 5323 est
2890 5244 2956 5298 de
2986 5244 3352 5323 Sacramenta

1766 5319 1978 5379 altaris,
2019 5331 2144 5370 cum
2191 5316 2492 5372 Athanasio
2540 5315 2879 5369 adamussim
2913 5315 3192 5370 consentit
3225 5315 3348 5367 sic:

1774 5387 1885 5440 Hoc
1908 5388 2046 5456 quod
2067 5386 2274 5446 videtis,
2309 5387 2635 5446 charissimi,
2672 5385 2727 5438 in
2750 5400 2933 5456 mensa
2957 5384 3172 5438 Domini
3195 5383 3353 5456 panis

1769 5467 1844 5511 est
1873 5454 1930 5510 et
1955 5458 2171 5519 vinum;
2201 5456 2292 5510 sed
2319 5457 2418 5510 iste
2441 5458 2594 5524 panis
2614 5464 2674 5524 et
2711 5456 2808 5508 hoc
2852 5455 3054 5520 vinum,
3078 5454 3351 5508 accedente

1771 5526 1942 5590 verba,
1971 5527 2034 5596 ﬁt
2066 5542 2252 5594 corpus
2276 5538 2323 5580 et
2350 5523 2564 5595 sanguis
2610 5523 2783 5578 Verbi.

1842 5582 2107 5667 (71')'Non
2149 5582 2398 5667 videbam
2433 5582 2602 5666 liuius
2659 5595 2804 5650 tituli
2859 5594 3147 5665 epistolam
3211 5591 3359 5648 inter

1773 5666 1919 5724 edita
1949 5666 2231 5723 Athanasii
2264 5667 2485 5734 scripta.
