3794 6226
3539 292 3681 355 1328

428 306 564 365 Π)ῒῖ
989 304 1047 361 S.
1087 300 1460 360 ATHANASII
1492 301 1641 358 OPP.
1686 299 1867 357 PARS
1901 301 1942 356 l.
1976 330 2048 342 --
2085 298 2459 357 HISTORICA
2497 298 2588 355 ET
2632 298 3051 383 DOGMATICA.

438 472 3664 508 ω

1174 627 1560 692 MONITUM
1617 628 1697 689 ΙΝ
1742 625 2217 690 OPUSCULUM
2282 627 2635 702 SEQUENS
2680 622 2868 704 (71⁸).

501 948 614 1003 Hoc
657 947 966 1017 opusculum
1013 946 1215 1001 exhibet
1281 950 1397 1000 cod.
1424 943 1592 1017 Graec.
1625 944 1828 999 Matrit.
1859 943 2115 1017 LXXXII,
2156 945 2480 1017 chartaceus.
2508 949 2563 999 in
2585 955 2799 1017 quarto,
2822 946 2909 1017 cui
2931 943 3061 1017 folia
3095 945 3216 1009 “8,
3248 946 3439 1000 charta
3464 949 3675 1017 quidem

423 1021 554 1079 satis
595 1014 769 1074 solida
791 1057 807 1084 ,
851 1018 941 1073 sed
984 1017 1317 1072 mediocriter
1345 1016 1616 1078 candida;
1662 1024 1801 1069 totus
1846 1015 2182 1068 Constantini
2215 1014 2465 1068 Lascaris
2493 1014 2653 1069 manu
2682 1015 2931 1069 litterulis
2962 1016 3333 1069 minutissimis
3356 1014 3676 1083 descriptus.

427 1093 508 1147 Eo
538 1096 868 1145 continentur
897 1088 956 1144 S.
1005 1087 1287 1160 Athanasii
1330 1085 1673 1160 Deazymis;
1704 1084 2140 1160 Pseili_Epi_tonte
2195 1085 2397 1160 logices
2430 1086 2496 1160 ad
2550 1087 2878 1160 rhetoricam
2923 1086 3312 1160 i_ntroducen_s;
3348 1087 3681 1160 Blemmgda

428 1163 504 1219 De
530 1163 707 1231 tribus
732 1153 1177 1231 syllogismorum
1193 1157 1403 1231 ﬁguris,
1435 1153 1667 1231 aliisque
1693 1154 1760 1231 ad
1791 1155 2598 1231 dialecticampertinentibus;
2650 1154 2877 1231 Joannis
2906 1153 3384 1231 geometrteLaus
3405 1158 3541 1231 m_ali
3568 1153 3681 1231 sive

426 1226 609 1304 pomi'g;
632 1231 690 1286 S.
718 1222 946 1304 Joannis
969 1222 1282 1304 Damasceni
1310 1222 1660 1304 Theglogica,
1682 1225 1790 1304 sive
1820 1223 1895 1304 De
1918 1224 2021 1303 (ide
2050 1224 2569 1304 orthodqxaﬁlibri;
2622 1239 2694 1304 ei
2715 1222 2938 1304 Cydonii
2972 1223 3319 1304 Tlte‘ologicis
3344 1228 3415 1280 de
3441 1225 3679 1304 Spiritus

425 1293 604 1360 Sancti
658 1299 1037 1371 processione;
1102 1297 1347 1371 uariaque
1412 1293 1678 1371 Εἶτα-τρια
1756 1295 1966 1371 letiferis

2106 1293 2471 1371 tritenti.__Fol.
2532 1295 2609 1347 l:
2652 1293 2758 1371 Τοῦ
2780 1294 2954 1371 ,ἁγίου
3013 1293 3328 1371 ᾏΘανασίου
3385 1297 3523 1366 περὶ
3576 1297 3678 1349 τῶν

439 1363 690 1444 ’Δζύμων
711 1387 726 1400 ·
765 1369 823 1425 S.
852 1368 1147 1444 Athanasii
1175 1367 1242 1421 de
1264 1363 1512 1444 'Azymis.
1530 1363 1605 1444 λά
1631 1366 1981 1444 ,οραδοαζιιηῃ
2011 1365 2247 1433 quamvis
2274 1363 2555 1443 diligenter
2587 1381 2620 1417 a
2668 1365 2820 1444 nobis
2870 1364 3174 1444 qutesitum,
3204 1382 3370 1444 neque
3395 1363 3544 1419 inter
3569 1382 3679 1435 ger-

425 1433 606 1507 mana,
660 1456 822 1512 neque
844 1441 980 1493 inter
1009 1438 1196 1512 dubia1
1242 1433 1481 1512 spuriave
1524 1434 1581 1489 S.
1609 1433 1891 1512 A_thanasii
1936 1450 2094 1512 opera
2136 1435 2402 1512 occurrit;
2446 1450 2606 1512 neque
2637 1434 2716 1487 vel
2737 1435 2853 1512 ipsa
2884 1433 2983 1486 vox
3012 1433 3215 1512 Azyma
3242 1433 3295 1488 in
3318 1437 3439 1505 ejus
3467 1433 3676 1512 operum

427 1504 601 1567 indice
628 1504 848 1581 usquam
876 1517 1110 1581 apparet.
1158 1507 1529 1581 Quamobrem,
1570 1505 1923 1574 cujuscunque
1979 1504 2188 1557 demum
2234 1506 2328 1565 sit,
2378 1505 2629 1557 ineditnm
2655 1506 2783 1571 rati,
2813 1506 2913 1556 huc
2941 1506 3286 1559 transcribere
3311 1504 3419 1560 non
3448 1508 3676 1559 alienum

428 1585 495 1639 ab
526 1576 881 1638 ecclesiastica
904 1576 1198 1633 eruditione
1218 1576 1492 1630 duximus.

615 1692 884 1750 SANCTI
925 1685 1338 1745 ATHANASII
1375 1685 1475 1740 DE
1512 1682 1810 1740 AZYMIS.

501 1809 717 1885 1056
729 1806 926 1861 Tribus
948 1803 1189 1859 materiis
1208 1799 1555 1872 perﬁcichant
1572 1796 1742 1852 Judaei
1761 1794 1992 1859 Pascha,

427 1915 483 1963 et
502 1906 675 1961 tribus
693 1899 1008 1964 virtutibus,
1024 1904 1078 1951 et
1100 1895 1273 1950 tribus
1295 1893 1519 1948 testibus
1546 1890 1843 1947 secundum
1862 1889 1994 1959 legis

429 1997 693 2055 ordinem.
713 1993 850 2048 Tres
869 1989 1088 2061 quidem
1115 1985 1356 2041 materiae
1376 1993 1551 2049 erant,
1578 1998 1772 2053 agnus,
1805 1995 1993 2051 azyma

428 2097 485 2146 et
512 2088 723 2145 lactuca
755 2083 1007 2155 agrestis.
1038 2082 1173 2136 Tres
1200 2086 1380 2133 autem
1403 2077 1651 2141 virtutes,
1672 2089 1843 2141 zonae,
1879 2074 1994 2129 cal-

429 2189 707 2239 ceamenta
736 2177 794 2232 in
820 2174 1069 2247 pedibus,
1104 2179 1156 2227 et
1177 2169 1431 2226 baculum
1462 2167 1518 2221 in
1555 2166 1832 2221 manibus.
1859 2164 1993 2219 Tres

431 2280 594 2327 testes
639 2272 797 2324 erant
845 2264 1039 2321 scriba:
1092 2275 1257 2331 super
1289 2273 1478 2314 mensa
1530 2263 1735 2313 stantes
1769 2264 1825 2311 et
1867 2256 1994 2311 dili-

431 2368 621 2431 genter
669 2356 1021 2412 observantes
1075 2348 1475 2421 plenilunium,
1508 2353 1721 2401 cratere
1767 2344 1992 2415 agitato,

430 2450 724 2519 futuraque
752 2444 1103 2501 vaticinante.
1146 2438 1343 2495 Statim
1385 2436 1642 2494 sacerdos
1676 2435 1807 2491 tuba
1847 2435 1996 2489 clan-

432 2544 593 2616 gebat
636 2539 885 2595 indicans
933 2534 1204 2590 Pascham
1251 2545 1373 2588 esse
1413 2527 1651 2594 Domini,
1678 2542 1767 2616 Aac
1802 2526 1997 2581 deinde

430 2614 557 2704 post
583 2627 913 2685 auditionem
944 2622 1098 2679 vecis
1125 2622 1288 2688 tubae,
1344 2617 1618 2674 faciebant
1665 2614 1995 2671 fermentum

432 2724 552 2782 sine
576 2735 737 2793 pane,
763 2718 852 2773 die
880 2712 1129 2785 septima.
1165 2710 1306 2765 Ante
1338 2708 1554 2779 signum
1602 2704 1851 2771 crateris,
1887 2718 1996 2759 non

432 2815 626 2871 licebat
652 2821 959 2883 praeparare
997 2806 1084 2862 die
1109 2802 1335 2874 septima
1368 2815 1591 2873 agnum,
1621 2798 1706 2854 vel
1744 2811 1996 2869 azymum

432 2907 521 2963 vel
547 2906 838 2961 lactucam.
888 2897 981 2954 Sic
1020 2896 1167 2953 enim
1194 2894 1394 2951 cecinit
1422 2901 1479 2949 et
1508 2905 1741 2962 magnus
1786 2888 1994 2943 David:

2024 1704 2068 1760 Α
2103 1687 2244 1737 ΤΟΥ
2264 1684 2492 1737 ΑΙἸΟΥ
2518 1685 2946 1738 ΑΘΑΝΑΣῙΟΥ
2977 1687 3164 1740 ΠΕΡΙ
3196 1688 3333 1743 ΤΩΝ
3365 1691 3671 1745 ΑΖΥΜΩΝ.

2174 1799 2262 1851 Ἐν
2289 1799 2466 1870 τρισὶν
2528 1798 2681 1862 ῦλαις
2728 1798 2943 1852 ἐτέλουν
2993 1801 3043 1852 cl
3090 1801 3332 1855 Ἰουδαῖοι
3377 1803 3441 1856 τὸ
3489 1806 3674 1877 Πάσχα

2093 1890 2187 1943 καὶ
2212 1890 2270 1942 ὲν
2301 1891 2478 1960 τρισὶν
2526 1891 2766 1961 ἀρεταῖς·
2803 1891 2897 1945 καὶ
2942 1893 3001 1945 ὲν
3029 1892 3177 1963 τρισὶ
3217 1895 3497 1967 μάρτυρσι
3539 1900 3675 1951 κατὰ

2093 1983 2190 2053 τὴν
2214 1983 2366 2048 τάξιν
2388 1981 2481 2036 τοῦ
2529 1982 2737 2051 Νόμου.
2767 1984 2878 2036 Καὶ
2905 1984 2962 2035 αί
2995 1984 3095 2054 μὲν
3122 1989 3270 2056 τρεῖς
3300 1986 3425 2040 ῦλαι
3457 1990 3489 2041 ὁ
3509 1989 3679 2060 ἀμνὸς

2092 2069 2253 2144 ἦσαν,
2274 2073 2342 2125 τὰ
2372 2070 2557 2143 ἄζυμα
2583 2074 2677 2127 καὶ
2705 2075 2739 2143 ἡ
2764 2074 3022 2144 πικραλίς
3040 2078 3079 2105 ⁹·
3102 2075 3157 2127 αἱ
3186 2073 3245 2127 δὲ
3276 2079 3426 2148 τρεῖς
3452 2077 3671 2149 ἀρεταὶ,

2094 2164 2545 2236 περιεζωσμένοι,
2596 2167 2691 2219 καὶ
2709 2165 3031 2236 ὑποδήματα
3068 2168 3148 2229 εἰς
3189 2169 3315 2231 τοὺς
3349 2169 3540 2233 πόδας,
3585 2174 3674 2225 καὶ

2096 2256 2398 2330 βακτηρίαν
2466 2259 2525 2312 ὲν
2574 2261 2695 2322 ταῖς
2722 2258 2930 2329 χερσίν.
2980 2259 3044 2312 Ol
3096 2258 3153 2311 δὲ
3184 2263 3335 2331 τρεῖς
3362 2260 3664 2335 μάρτυρες,

2093 2352 2444 2420 γραμματεῖς
2474 2349 2566 2403 ἐπὶ
2612 2352 2677 2420 τῇ
2728 2349 2974 2421 τραπέζῃ
3009 2348 3264 2413 ἑστῶτες,
3299 2352 3396 2404 καὶ
3434 2351 3671 2423 ἀκριϐῶς

2093 2438 2454 2507 γινώσκοντες
2483 2438 2584 2509 τὴν
2613 2439 2713 2509 τῆς
2739 2438 2967 2510 σελήνης
2991 2438 3277 2509 ἀπόχυσιν,
3303 2440 3394 2493 διὰ
3416 2441 3669 2513 ποτηρίου

2092 2527 2237 2591 τινὸς
2276 2527 2638 2599 σαλευομένου
2691 2529 2785 2581 καὶ
2842 2527 3266 2600 σημαινομένου·
3320 2530 3671 2593 σαλπίζοντος

2095 2620 2257 2685 εὐθὺς
2284 2620 2379 2675 τοῦ
2421 2620 2612 2693 ἱερέως
2639 2622 2722 2674 ὅτι
2749 2621 2940 2692 Πάσχα
2966 2620 3085 2675 ἐστὶ
3116 2621 3344 2692 Κυρίου·
3369 2623 3466 2676 καὶ
3490 2623 3669 2675 λοιπον

2099 2712 2239 2784 μετὰ
2269 2713 2332 2766 τὸ
2352 2714 2606 2784 ἄκουσμα
2630 2714 2731 2783 τῆς
2757 2714 2941 2783 φωνῆς
2977 2713 3078 2783 τῆς
3112 2713 3430 2781 σάλπιγγος,
3458 2714 3672 2768 ἐποίουν

2094 2803 2194 2875 τὴν
2224 2803 2403 2875 ζύμην
2451 2805 2577 2859 ἄνευ
2612 2805 2776 2877 ἄρτου
2830 2805 3047 2878 ἡμέρας
3100 2804 3169 2869 ζ’.
3207 2807 3321 2878 Πρδ
3367 2807 3424 2860 δὲ
3454 2807 3551 2860 τοῦ
3585 2823 3673 2874 ση-

2100 2893 2251 2964 μείου
2276 2892 2371 2946 τοῦ
2417 2894 2676 2966 ποτηρίου
2734 2896 2828 2948 καὶ
2884 2897 2984 2966 τῆς
3039 2895 3361 2967 σάλπιγγος,
3393 2899 3497 2951 οὐκ
3528 2893 3671 2969 εἶχον

432 2998 720 3056 Buccinate
734 2994 790 3049 in
808 2991 1096 3048 Neomenia
1114 2987 1329 3043 tuba°".
1345 2984 1609 3040 Dominus
1620 2989 1802 3037 autem
1813 2989 1996 3036 noster

2106 2981 2343 3049 ἐξουσίαν
2382 2984 2665 3055 ἑτοιμάσαι
2692 2985 2907 3056 ἡμέρας
2930 2985 3070 3040 ἑπτὰ
3091 2988 3279 3056 ἀμνὸν,
3318 2989 3353 3059 ἢ
3378 2989 3607 3061 ἄζυμον,
3635 2992 3668 3062 ἢ

433 3090 596 3146 lesus
620 3085 891 3148 Christus,
925 3081 1116 3152 quinta
1150 3079 1257 3145 die,
1293 3075 1512 3132 tradidit
1552 3090 1708 3131 sacra
1740 3074 1998 3145 mysteria

433 3183 571 3240 hora
607 3178 785 3235 noctis
830 3175 1082 3247 septima.
1133 3170 1395 3226 lntroitus
1432 3182 1619 3239 azyma
1662 3166 2001 3221 manducan-

433 3278 570 3334 tium
601 3272 929 3328 Parasceves
957 3278 1181 3336 vespere
1205 3262 1382 3318 factus
1409 3269 1493 3316 est
1513 3267 1638 3330 post
1664 3258 1998 3329 sepulturam

433 3363 671 3421 Domini.
715 3360 1053 3430 Quapropter
1079 3352 1423 3423 evangelistae
1450 3362 1648 3420 panem
1696 3345 1997 3417 perfectum

435 3456 627 3512 dicunt
659 3448 951 3506 tradidisse
982 3442 1271 3499 Dominum
1302 3438 1359 3493 in
1389 3435 1596 3494 sanctis
1647 3432 1919 3505 mysteriis
1947 3442 2002 3486 et

433 3560 545 3601 non
595 3552 869 3612 azymum,
927 3542 990 3590 ut
1040 3530 1294 3588 credatur
1335 3525 1635 3598 perfectum
1683 3537 1883 3592 corpus
1932 3536 2000 3576 ex

433 3645 623 3694 sancta
653 3630 897 3703 Virgine.
933 3626 1063 3686 Dico
1114 3633 1294 3678 autem
1324 3619 1505 3674 anima
1553 3625 1608 3672 et
1637 3616 1829 3686 spiritu
1856 3629 2000 3685 prae-

432 3729 630 3793 ditum,
656 3731 710 3779 et
742 3736 852 3776 non
882 3718 1023 3774 sicut
1044 3712 1331 3771 haereticus
1353 3707 1724 3781 Apollinarius
1762 3705 1998 3767 dicebat,

435 3819 643 3877 scilicet
695 3827 893 3883 corpus
940 3809 1115 3866 solum
1157 3803 1451 3875 accepisse.
1493 3799 1600 3856 Sed
1657 3813 1760 3854 nos
1806 3811 1999 3868 panem

435 3908 733 3984 perfectum
762 3903 996 3959 dicimus
1044 3899 1190 3953 hunc
1239 3894 1437 3957 farina,
1481 3892 1748 3984 fermento
1792 3895 1848 3943 et
1887 3887 2002 3941 sale

434 3982 769 4063 confectum,
793 3994 943 4048 velut
965 3989 1169 4047 animal
1189 3999 1419 4056 corpore
1446 3990 1499 4039 et
1521 3982 1717 4052 spiritu
1742 3988 1956 4035 constat
1982 3995 1996 4031 :

433 4108 636 4164 corpus
664 4089 811 4145 enim
850 4087 967 4142 sine
992 4083 1189 4155 spiritu
1219 4088 1496 4135 mortuum
1520 4084 1607 4131 est
1632 4092 1647 4141 ;
1683 4081 1739 4129 et
1766 4087 1997 4143 azymon

433 4192 646 4239 tantum
678 4193 787 4235 non
826 4177 1033 4232 habens
1069 4172 1418 4235 fermentum,
1442 4176 1720 4221 mortuum
1754 4173 1858 4227 est,
1891 4179 1998 4216 non

435 4282 615 4329 autem
641 4269 886 4327 vivificus
913 4266 1112 4337 panis:
1160 4261 1423 4333 quoniam
1467 4256 1793 4313 fermentum
1831 4254 1996 4308 vitam

433 4367 525 4421 dat
548 4378 745 4419 massa:
771 4366 827 4415 et
850 4358 1136 4418 unitatem,
1173 4352 1319 4408 haud
1347 4363 1508 4406 secus
1532 4347 1847 4455 adspiritus
1874 4360 2001 4400 cor-
2026 4394 2073 4455 ϐ

431 4455 575 4527 pori,
602 4462 658 4509 et
696 4450 778 4508 sal
817 4448 1053 4505 animae:
1101 4449 1385 4515 pr0pterea
1433 4437 1745 4510 pcrlicimus
1793 4444 1997 4506 myste-

432 4526 577 4604 rium
604 4559 742 4616 pane
768 4539 1031 4612 perfecto,
1059 4551 1131 4592 ne
1161 4536 1218 4591 in
1251 4530 1602 4601 blasphemiis
1635 4528 1786 4598 impii
1833 4526 1999 4596 Apol-

430 4639 616 4696 linarii
672 4634 997 4691 incidamus.
1049 4629 1148 4685 Est
1193 4642 1326 4682 vero
1385 4621 1747 4696 plenilunium
1804 4620 1999 4676 diebus

433 4724 847 4801 quatuordecim
865 4737 991 4778 cum
1018 4718 1246 4776 dimidio
1276 4725 1332 4771 et
1361 4716 1515 4771 horis
1538 4714 1716 4768 tribus
1741 4729 1754 4765 :
1779 4710 1835 4765 in
1864 4724 1993 4780 pas-

432 4822 590 4878 sione
636 4831 768 4874 vero
801 4813 1016 4871 Domini
1053 4810 1229 4866 nostri
1256 4806 1385 4864 Jesu
1414 4806 1638 4871 Christi,
1669 4814 1795 4876 post
1845 4806 1989 4861 sede-

432 4913 539 4969 cim
568 4909 687 4966 dies
710 4904 961 4977 contigit,
988 4909 1050 4957 ut
1073 4899 1459 4957 testiﬁcaretur
1483 4911 1545 4952 se
1567 4910 1690 4951 esse
1720 4910 1903 4950 veram
1931 4910 2000 4999 at}

432 5012 689 5059 aeternam
720 4999 911 5053 vitam.
944 4994 1097 5050 Scire
1136 5005 1269 5062 ergo
1303 4996 1516 5060 oportet
1560 4988 1707 5058 quod
1757 4988 1996 5062 tempore

432 5030 689 5059 internum
727 5030 911 5053 vuum.
946 5030 1097 5050 υυιιν
1136 5030 1268 5062 νιδν
1303 5030 1516 5060 νιιυην.
1560 5030 1707 5058 ..ιν-ν...
1758 5030 1982 5056 πωπω..

431 5092 635 5152 Christi
684 5099 739 5146 et
783 5095 1095 5145 sanctorum
1143 5082 1264 5153 ejus
1297 5079 1689 5151 apostolorum,
1733 5030 2001 5147 optimami

429 5184 665 5241 farinam
681 5179 1009 5251 Azymorum
1033 5173 1366 5231 manducare
1384 5178 1480 5225 aut
1500 5168 1825 5225 distribuere
1848 5167 1994 5222 nulla

430 5274 666 5347 neglexit
695 5269 960 5326 Ecclesia.
1014 5266 1288 5334 Quoniam
1340 5276 1470 5318 vero
1511 5275 1688 5331 neque
1743 5258 1995 5315 Christus

430 5365 549 5435 ipse
584 5373 828 5432 tempore
868 5358 1139 5431 passionis
1169 5370 1282 5412 sua:
1309 5353 1483 5424 legale
1513 5351 1858 5407 manducavit
1888 5348 1995 5405 Pa-

433 5456 586 5521 scha,
631 5453 758 5510 audi
800 5449 1063 5507 Joannem
1095 5446 1481 5518 evangelistam
1513 5444 1821 5499 dicentem:
1859 5443 1995 5497 Ante

501 5565 571 5600 ⁹⁸¹
590 5562 735 5623 Pal.
758 5577 922 5624 un,
955 5561 1011 5615 4.

2104 3074 2344 3145 πικρίδα·
2375 3074 2517 3129 οὓτω
2542 3076 2652 3148 γάρ
2681 3093 2813 3148 φησι
2853 3079 2947 3131 καλ⁸
2990 3078 3019 3130 ὁ
3069 3080 3241 3149 μέγας
3285 3081 3480 3134 Δαυῖδ·
3516 3084 3668 3137 Σαλ-

2101 3167 2319 3219 πίσατε
2347 3166 2417 3220 ἐν
2452 3169 2751 3236 Νεομηνίᾳ
2776 3168 3082 3241 σάλπιγγι.
3113 3171 3170 3225 '0
3198 3171 3256 3224 δὲ
3288 3174 3494 3245 Κύριος
3517 3172 3674 3245 ἡμῶν

2111 3258 2318 3328 Ἰησοῦς
2343 3259 2578 3329 Χριστὸς
2612 3262 2669 3314 ἑν
2700 3263 2766 3333 τῇ
2811 3269 2852 3315 ε’
2883 3263 3065 3335 ἡμέρᾳ
3115 3264 3338 3335 ἐποίησε
3366 3264 3467 3335 τὴν
3498 3266 3675 3337 παρά-

2098 3349 2245 3403 δοσιν
2264 3349 2372 3402 τῶν
2403 3350 2573 3418 ἁγίων
2600 3355 2914 3423 μυστηρίων
2951 3354 3070 3426 ὥρᾳ
3093 3355 3190 3425 τῆς
3218 3354 3413 3418 νυκτὸς
3439 3356 3504 3419 ζ’·
3531 3358 3565 3426 ἡ
3615 3355 3673 3408 δὲ

2099 3441 2301 3505 εἴσοδος
2326 3441 2432 3495 τῶν
2457 3441 2825 3513 ἄζυμοφάγων
2841 3445 3058 3512 ἐγένετο
3080 3447 3407 3518 Παρασκευῇ
3438 3448 3673 3518 ἑσπέρας

2104 3533 2238 3603 μετᾶ
2271 3533 2333 3586 τὸ
2363 3535 2602 3605 ταφῆναι
2627 3537 2716 3590 τὸν
2746 3536 2970 3609 Κύριον.
3025 3540 3125 3592 Διὰ
3179 3540 3335 3594 τοῦτο
3359 3542 3407 3593 οἱ
3432 3538 3476 3595 δ’
3506 3542 3670 3609 εὐαγ-

2098 3625 2344 3693 γελισταὶ
2376 3625 2540 3697 ἄρτον
2562 3628 2764 3683 τέλειον
2799 3629 3020 3699 λέγουσι
3064 3631 3395 3703 παραδοῦναι
3419 3635 3513 3687 τὸν
3558 3635 3672 3689 Κύ-

2102 3734 2216 3787 ριον
2249 3719 2308 3771 ἐν
2338 3722 2451 3782 τοῖς
2482 3719 2660 3787 ἁγίοις
2700 3722 3018 3793 μυστηρίοις
3053 3724 3148 3777 καὶ
3196 3726 3296 3779 οὐκ
3325 3725 3558 3797 ἄζυμον·
3588 3728 3673 3781 ἵνα

2101 3807 2439 3880 πιστώσηται
2467 3811 2546 3862 ὅτι
2568 3811 2771 3865 τέλειον
2793 3811 2950 3883 σῶμα
2981 3816 3046 3867 ὲκ
3065 3816 3163 3886 τῆς
3191 3816 3348 3884 ἁγίας
3370 3817 3669 3888 Παρθένου·

2099 3898 2242 3967 λέγω
2259 3899 2313 3952 δὲ
2331 3899 2571 3971 ἔμψυχον
2588 3902 2680 3955 καὶ
2690 3901 2889 3955 ἔννουν·
2915 3904 3009 3957 καὶ
3023 3904 3084 3957 οὐ
3100 3905 3347 3978 καθάπερ
3362 3907 3387 3958 ὁ
3403 3907 3676 3979 αίρετικδς

2112 3988 2517 4063 Ἀπολλινάριος
2560 3992 2765 4062 ἔλεγεν,
2796 3993 2878 4047 ὅτι
2934 3994 3094 4067 σῶμα
3145 3998 3302 4067 μόνον
3356 4000 3670 4054 ἀνελάϐετο·

2100 4079 2213 4132 ἀλλ’
2239 4083 2400 4151 ἡμεῖς
2428 4083 2589 4154 ἄρτον
2612 4084 2983 4156 τελειούμενόν
3010 4105 3190 4156 φαμεν
3211 4090 3301 4143 τὸν
3332 4089 3401 4143 δι’
3440 4092 3674 4165 ἀλεύρου

2099 4171 2194 4223 καὶ
2225 4171 2401 4242 ζύμης
2429 4174 2519 4225 καὶ
2545 4173 2738 4238 ἃλατος
2764 4177 3148 4248 συνεστηκότα·
3182 4179 3434 4253 καθάπερ
3462 4182 3676 4254 σώματι

2098 4263 2127 4315 ὁ
2158 4264 2539 4333 πνευματικὸς,
2597 4266 2691 4318 καὶ
2746 4267 2847 4319 νοΐ·
2913 4268 3072 4339 σῶμα
3115 4270 3245 4341 γὰρ,
3276 4272 3448 4341 χωρὶς
3482 4274 3673 4344 πνοῆς.

2100 4353 2290 4424 νεκρόν
2316 4355 2454 4406 ἐστι·
2508 4355 2603 4408 καὶ
2653 4356 2716 4408 τδ
2756 4357 2961 4429 ἄζυμον
3000 4360 3159 4430 μόνον
3212 4363 3285 4434 μὴ
3344 4363 3469 4434 ἕχον
3497 4364 3677 4435 ζύμην

2103 4444 2295 4516 νεκρόν
2318 4446 2435 4497 ἐστι
2474 4447 2567 4499 καὶ
2594 4447 2654 4499 οὐ
2707 4447 2935 4513 ζωτικὸς
2982 4450 3164 4521 ἄρτος·
3212 4454 3396 4525 ἐπειδὴ
3444 4458 3480 4527 η
3525 4456 3674 4529 ζύμη

2104 4534 2248 4606 ζωὴν
2292 4535 2473 4590 δίδωσι
2510 4536 2588 4608 τῷ
2633 4539 2914 4611 φυράματι
2965 4542 3060 4594 καὶ
3092 4542 3284 4598 ἕνωσιν
3334 4546 3593 4620 καθάπερ
3616 4551 3677 4602 τὸ

2106 4625 2321 4697 πνεῦμά
2351 4627 2430 4698 τῷ
2459 4627 2690 4699 σώματι,
2710 4631 2803 4683 καὶ
2830 4630 2891 4684 τὸ
2911 4631 3044 4697 ἃλας
3065 4633 3141 4704 τῷ
3165 4634 3259 4706 νῷ·
3291 4637 3386 4689 καὶ
3405 4637 3497 4690 διὰ
3516 4641 3677 4693 τοῦτο

2101 4716 2363 4788 τελοῦμεν
2401 4717 2464 4771 τὸ
2494 4721 2790 4792 μυστήριον
2815 4721 2881 4775 δι’
2913 4723 3079 4793 ἄρτου
3124 4725 3528 4796 τελειουμένου,
3591 4732 3676 4783 ἵνα

2102 4807 2177 4877 μὴ
2203 4809 2268 4878 τῇ
2292 4806 2609 4881 βλασφημίᾳ
2637 4807 2733 4863 τοῦ
2758 4810 2988 4875 ἄσεδοῦς
3012 4812 3417 4885 Ἀπολλιναρίου
3447 4821 3675 4890 περιπέ-

2101 4914 2300 4968 σωμεν.
2341 4899 2555 4954 Γίνεται
2584 4901 2643 4955 δὲ
2672 4905 2708 4971 ἡ
2735 4902 2828 4956 τοῦ
2874 4904 3111 4973 φέγγους
3135 4906 3421 4977 ἄπόχυσις,
3447 4911 3507 4963 ὲν
3540 4912 3676 4981 ήμὲο

2102 5005 2223 5059 ραις
2248 4988 2507 5062 τέσσαρσι
2536 4993 2629 5044 καὶ
2657 4991 2791 5046 δέκα
2817 4994 2990 5065 ἣμισυ
3016 4996 3112 5048 καὶ
3156 4995 3328 5067 ὥραις
3359 4998 3560 5069 τρισίν·
3596 5002 3675 5063 είς

2095 5079 2152 5132 δὲ
2175 5079 2236 5131 τὸ
2259 5079 2429 5144 πάοος
2471 5081 2564 5135 τοῦ
2600 5084 2803 5156 Κυρίου
2842 5086 2998 5157 ἡμῶν
3052 5088 3226 5158 Ἰησοῦ
3283 5089 3520 5161 Χριστοῦ
3571 5092 3673 5144 ὐπ-

2100 5170 2294 5241 ερέϐην
2314 5172 2481 5245 ἕκτην
2502 5175 2597 5228 καὶ
2616 5174 2846 5247 δεκάτην
2871 5177 3105 5249 ἡμέραν·
3127 5179 3212 5232 ἵνα
3244 5184 3572 5255 μαρτυρήσῃ
3593 5183 3672 5236 δτι

2097 5262 2347 5332 ἀληθινός
2368 5266 2483 5318 ἐστι
2520 5266 2613 5319 καὶ
2645 5263 2757 5337 ζωὴ
2786 5267 3019 5333 αίώνιος.
3061 5271 3254 5324 Ἰστέον
3289 5269 3382 5325 οῦν
3410 5273 3487 5338 ὡς
3515 5274 3671 5328 αἰῶνι

2097 5354 2190 5406 τοῦ
2225 5355 2461 5425 Χριστοῦ
2518 5358 2612 5410 καὶ
2644 5357 2754 5413 τῶν
2800 5360 2969 5429 ἁγίων
3014 5362 3322 5416 ἀποστόλων
3366 5354 3533 5418 αὐτοῦ
3577 5367 3672 5435 τὴν

2100 5445 2378 5516 σεμίδαλιν
2396 5447 2503 5501 τῶν
2531 5448 2779 5522 Ἀζύμων
2804 5451 3004 5505 ἐσθίειν
3031 5452 3065 5523 ἡ
3091 5454 3418 5527 προσφέρειν
3446 5455 3670 5527 οὐδεμία

485 5676 715 5752 (71⁸)).
754 5677 961 5741 lriarle,
984 5675 1114 5732 Cod.
1141 5672 1310 5729 Grec.
1353 5671 1582 5741 Matrit,
1611 5670 1835 5738 Matriti,
1868 5671 2027 5735 {769.
2061 5672 2263 5742 in-fol.,
2293 5690 2349 5746 ρ.
2385 5673 2510 5730 299.
