  <div class='ocr_page' id='page_1' title='image "/cluster/home/n/w/nwhite01/storage/ocr_20150623/26/nnc1.0046978577/680.png"; bbox 0 0 3794 6226; ppageno 0'>
   <div class='ocr_carea' id='block_1_1' title="bbox 122 399 1654 461">
    <p class='ocr_par' dir='ltr' id='par_1_1' title="bbox 122 401 1654 457">
     <span class='ocr_line' id='line_1_1' title="bbox 122 401 1654 457; baseline 0.001 -2"><span class='ocrx_word' id='word_1_1' title='bbox 122 401 253 457; x_wconf 71' lang='grc'>1529</span> <span class='ocrx_word' id='word_1_2' title='bbox 1524 402 1613 457; x_wconf 85' lang='lat' dir='ltr'><strong><em>DE</em></strong></span> <span class='ocrx_word' id='word_1_3' title='bbox 1651 450 1654 456; x_wconf 93' lang='lat'><strong><em>.</em></strong></span> 
     </span>
    </p>
   </div>
   <div class='ocr_carea' id='block_1_2' title="bbox 1777 399 3356 461">
    <p class='ocr_par' dir='ltr' id='par_1_2' title="bbox 1777 399 3356 461">
     <span class='ocr_line' id='line_1_2' title="bbox 1777 399 3356 461; baseline 0.001 -3"><span class='ocrx_word' id='word_1_4' title='bbox 1777 403 1933 461; x_wconf 65' lang='lat' dir='ltr'><strong><em>TMlS.</em></strong></span> <span class='ocrx_word' id='word_1_5' title='bbox 3216 399 3356 459; x_wconf 66' lang='lat'><strong><em>1350</em></strong></span> 
     </span>
    </p>
   </div>
   <div class='ocr_carea' id='block_1_3' title="bbox 111 519 1654 595">
    <p class='ocr_par' dir='ltr' id='par_1_3' title="bbox 111 519 1654 593">
     <span class='ocr_line' id='line_1_3' title="bbox 111 519 1654 593; baseline 0.001 -18"><span class='ocrx_word' id='word_1_6' title='bbox 111 519 410 592; x_wconf 75' lang='grc' dir='ltr'>παρέλασεν</span> <span class='ocrx_word' id='word_1_7' title='bbox 459 520 776 592; x_wconf 86' lang='grc' dir='ltr'>Ἐκκλησία·</span> <span class='ocrx_word' id='word_1_8' title='bbox 812 521 936 575; x_wconf 69' lang='grc' dir='ltr'>ἐπεὶ</span> <span class='ocrx_word' id='word_1_9' title='bbox 961 520 1018 574; x_wconf 86' lang='grc' dir='ltr'><strong><em>δέ</em></strong></span> <span class='ocrx_word' id='word_1_10' title='bbox 1038 519 1161 574; x_wconf 72' lang='grc' dir='ltr'>οὔτε</span> <span class='ocrx_word' id='word_1_11' title='bbox 1194 524 1223 575; x_wconf 96' lang='lat'><strong><em>6</em></strong></span> <span class='ocrx_word' id='word_1_12' title='bbox 1263 521 1495 593; x_wconf 79' lang='grc' dir='ltr'>Χριστὸς</span> <span class='ocrx_word' id='word_1_13' title='bbox 1524 522 1654 576; x_wconf 83' lang='grc' dir='ltr'>αὐτὸ</span> 
     </span>
    </p>
   </div>
   <div class='ocr_carea' id='block_1_4' title="bbox 1777 519 3356 595">
    <p class='ocr_par' dir='ltr' id='par_1_4' title="bbox 1790 520 3356 595">
     <span class='ocr_line' id='line_1_4' title="bbox 1790 520 3356 595; baseline -0.001 -16"><span class='ocrx_word' id='word_1_14' title='bbox 1790 525 1929 580; x_wconf 90' lang='lat' dir='ltr'><strong><em>diem</em></strong></span> <span class='ocrx_word' id='word_1_15' title='bbox 1969 525 2160 595; x_wconf 81' lang='lat' dir='ltr'><strong><em>festum</em></strong></span> <span class='ocrx_word' id='word_1_16' title='bbox 2192 524 2434 591; x_wconf 69' lang='lat' dir='ltr'><strong><em>Passim,</em></strong></span> <span class='ocrx_word' id='word_1_17' title='bbox 2465 525 2630 578; x_wconf 84' lang='lat' dir='ltr'><strong><em>sciens</em></strong></span> <span class='ocrx_word' id='word_1_18' title='bbox 2674 520 2833 578; x_wconf 80' lang='lat' dir='ltr'><strong><em>Jesus</em></strong></span> <span class='ocrx_word' id='word_1_19' title='bbox 2881 522 3007 593; x_wconf 99' lang='lat' dir='ltr'><strong><em>quia</em></strong></span> <span class='ocrx_word' id='word_1_20' title='bbox 3034 522 3176 577; x_wconf 46' lang='lat' dir='ltr'><strong><em>‘renit</em></strong></span> <span class='ocrx_word' id='word_1_21' title='bbox 3224 525 3356 578; x_wconf 79' lang='lat' dir='ltr'><strong><em>hora</em></strong></span> 
     </span>
    </p>
   </div>
   <div class='ocr_carea' id='block_1_5' title="bbox 111 610 1654 686">
    <p class='ocr_par' dir='ltr' id='par_1_5' title="bbox 111 610 1654 686">
     <span class='ocr_line' id='line_1_5' title="bbox 111 610 1654 686; baseline 0.001 -20"><span class='ocrx_word' id='word_1_22' title='bbox 111 611 243 666; x_wconf 85' lang='grc' dir='ltr'>κατά</span> <span class='ocrx_word' id='word_1_23' title='bbox 265 610 358 666; x_wconf 83' lang='grc' dir='ltr'><strong><em>τὸν</em></strong></span> <span class='ocrx_word' id='word_1_24' title='bbox 383 612 580 685; x_wconf 86' lang='grc' dir='ltr'>καιρὸν</span> <span class='ocrx_word' id='word_1_25' title='bbox 620 612 714 666; x_wconf 79' lang='grc' dir='ltr'>τοῦ</span> <span class='ocrx_word' id='word_1_26' title='bbox 746 613 952 678; x_wconf 84' lang='grc' dir='ltr'><strong><em>πάθους</em></strong></span> <span class='ocrx_word' id='word_1_27' title='bbox 985 613 1149 668; x_wconf 79' lang='grc' dir='ltr'>αὐτοῦ</span> <span class='ocrx_word' id='word_1_28' title='bbox 1173 613 1234 666; x_wconf 84' lang='grc' dir='ltr'><strong><em>τὸ</em></strong></span> <span class='ocrx_word' id='word_1_29' title='bbox 1278 614 1500 686; x_wconf 83' lang='grc' dir='ltr'>νομικὸν</span> <span class='ocrx_word' id='word_1_30' title='bbox 1519 613 1654 684; x_wconf 80' lang='grc' dir='ltr'>ἔφαγ</span> 
     </span>
    </p>
   </div>
   <div class='ocr_carea' id='block_1_6' title="bbox 1777 610 3354 686">
    <p class='ocr_par' dir='ltr' id='par_1_6' title="bbox 1791 610 3354 685">
     <span class='ocr_line' id='line_1_6' title="bbox 1791 610 3354 685; baseline -0.001 -16"><span class='ocrx_word' id='word_1_31' title='bbox 1791 615 1907 685; x_wconf 87' lang='lat' dir='ltr'><strong><em>ejus</em></strong></span> <span class='ocrx_word' id='word_1_32' title='bbox 1935 626 1995 671; x_wconf 88' lang='lat' dir='ltr'><strong><em>ut</em></strong></span> <span class='ocrx_word' id='word_1_33' title='bbox 2043 624 2279 670; x_wconf 91' lang='lat' dir='ltr'><strong><em>transeat</em></strong></span> <span class='ocrx_word' id='word_1_34' title='bbox 2326 630 2391 670; x_wconf 75' lang='lat' dir='ltr'><strong><em>ex</em></strong></span> <span class='ocrx_word' id='word_1_35' title='bbox 2427 613 2523 668; x_wconf 83' lang='lat' dir='ltr'><strong><em>hoc</em></strong></span> <span class='ocrx_word' id='word_1_36' title='bbox 2562 611 2755 667; x_wconf 88' lang='lat' dir='ltr'><strong><em>mundo</em></strong></span> <span class='ocrx_word' id='word_1_37' title='bbox 2797 612 2867 667; x_wconf 85' lang='lat' dir='ltr'><strong><em>ad</em></strong></span> <span class='ocrx_word' id='word_1_38' title='bbox 2912 610 3270 680; x_wconf 87' lang='lat' dir='ltr'><strong><em>Patrem,.....</em></strong></span> <span class='ocrx_word' id='word_1_39' title='bbox 3302 622 3354 668; x_wconf 85' lang='lat' dir='ltr'><strong><em>et</em></strong></span> 
     </span>
    </p>
   </div>
   <div class='ocr_carea' id='block_1_7' title="bbox 110 704 1682 776">
    <p class='ocr_par' dir='ltr' id='par_1_7' title="bbox 110 704 1682 776">
     <span class='ocr_line' id='line_1_7' title="bbox 110 704 1682 776; baseline 0.002 -20"><span class='ocrx_word' id='word_1_40' title='bbox 110 704 311 775; x_wconf 78' lang='grc' dir='ltr'>Πάσχα,</span> <span class='ocrx_word' id='word_1_41' title='bbox 360 705 530 759; x_wconf 82' lang='grc' dir='ltr'>ἄκουε</span> <span class='ocrx_word' id='word_1_42' title='bbox 569 706 813 759; x_wconf 86' lang='grc' dir='ltr'>Ἰωάννου</span> <span class='ocrx_word' id='word_1_43' title='bbox 847 706 941 758; x_wconf 78' lang='grc' dir='ltr'><strong><em>τοῦ</em></strong></span> <span class='ocrx_word' id='word_1_44' title='bbox 999 704 1385 773; x_wconf 80' lang='grc' dir='ltr'><strong><em>εὐαγγελιστοῦ</em></strong></span> <span class='ocrx_word' id='word_1_45' title='bbox 1416 705 1682 776; x_wconf 85' lang='grc' dir='ltr'>λέγοντος·</span> 
     </span>
    </p>
   </div>
   <div class='ocr_carea' id='block_1_8' title="bbox 107 794 1686 867">
    <p class='ocr_par' dir='ltr' id='par_1_8' title="bbox 107 794 1686 867">
     <span class='ocr_line' id='line_1_8' title="bbox 107 794 1686 867; baseline 0.004 -19"><span class='ocrx_word' id='word_1_46' title='bbox 107 794 222 862; x_wconf 81' lang='grc' dir='ltr'>Πρὸ</span> <span class='ocrx_word' id='word_1_47' title='bbox 260 795 329 848; x_wconf 85' lang='grc' dir='ltr'>δὲ</span> <span class='ocrx_word' id='word_1_48' title='bbox 358 796 473 864; x_wconf 82' lang='grc' dir='ltr'>τῆς</span> <span class='ocrx_word' id='word_1_49' title='bbox 495 797 708 867; x_wconf 80' lang='grc' dir='ltr'>ἑορτῆς</span> <span class='ocrx_word' id='word_1_50' title='bbox 731 798 838 853; x_wconf 83' lang='grc' dir='ltr'><strong><em>τοῦ</em></strong></span> <span class='ocrx_word' id='word_1_51' title='bbox 872 796 1113 866; x_wconf 83' lang='grc' dir='ltr'><strong><em>Πάσχα,</em></strong></span> <span class='ocrx_word' id='word_1_52' title='bbox 1143 797 1314 864; x_wconf 71' lang='grc' dir='ltr'>εἰδὼς</span> <span class='ocrx_word' id='word_1_53' title='bbox 1362 801 1395 851; x_wconf 89' lang='lat' dir='ltr'><strong><em>o&#39;</em></strong></span> <span class='ocrx_word' id='word_1_54' title='bbox 1456 798 1686 867; x_wconf 86' lang='grc' dir='ltr'>Ἰησοῦς</span> 
     </span>
    </p>
   </div>
   <div class='ocr_carea' id='block_1_9' title="bbox 107 882 1684 958">
    <p class='ocr_par' dir='ltr' id='par_1_9' title="bbox 107 882 1684 958">
     <span class='ocr_line' id='line_1_9' title="bbox 107 882 1684 958; baseline 0.006 -22"><span class='ocrx_word' id='word_1_55' title='bbox 107 882 190 937; x_wconf 82' lang='grc' dir='ltr'>ὅτι</span> <span class='ocrx_word' id='word_1_56' title='bbox 212 883 522 952; x_wconf 74' lang='grc' dir='ltr'><strong><em>ἐλήλυθεν</em></strong></span> <span class='ocrx_word' id='word_1_57' title='bbox 575 888 762 943; x_wconf 80' lang='grc' dir='ltr'>αὐτοῦ</span> <span class='ocrx_word' id='word_1_58' title='bbox 795 889 834 958; x_wconf 77' lang='grc' dir='ltr'><strong><em>ἠ</em></strong></span> <span class='ocrx_word' id='word_1_59' title='bbox 889 886 1011 956; x_wconf 82' lang='grc' dir='ltr'>ὥρα</span> <span class='ocrx_word' id='word_1_60' title='bbox 1057 889 1157 942; x_wconf 72' lang='grc' dir='ltr'>ἵνα</span> <span class='ocrx_word' id='word_1_61' title='bbox 1206 887 1436 958; x_wconf 77' lang='grc' dir='ltr'>μεταϐῇ</span> <span class='ocrx_word' id='word_1_62' title='bbox 1476 889 1545 944; x_wconf 82' lang='grc' dir='ltr'>ἐκ</span> <span class='ocrx_word' id='word_1_63' title='bbox 1576 891 1684 945; x_wconf 86' lang='grc' dir='ltr'><strong><em>τοῦ</em></strong></span> 
     </span>
    </p>
   </div>
   <div class='ocr_carea' id='block_1_10' title="bbox 107 976 1684 1049">
    <p class='ocr_par' dir='ltr' id='par_1_10' title="bbox 107 976 1684 1049">
     <span class='ocr_line' id='line_1_10' title="bbox 107 976 1684 1049; baseline 0.004 -20"><span class='ocrx_word' id='word_1_64' title='bbox 107 976 329 1045; x_wconf 81' lang='grc' dir='ltr'><strong><em>κόσμου</em></strong></span> <span class='ocrx_word' id='word_1_65' title='bbox 383 979 606 1033; x_wconf 82' lang='grc' dir='ltr'>τούτου</span> <span class='ocrx_word' id='word_1_66' title='bbox 667 980 818 1049; x_wconf 81' lang='grc' dir='ltr'>πρὸς</span> <span class='ocrx_word' id='word_1_67' title='bbox 887 979 996 1033; x_wconf 75' lang='grc' dir='ltr'>τὸν</span> <span class='ocrx_word' id='word_1_68' title='bbox 1062 979 1315 1048; x_wconf 80' lang='grc' dir='ltr'><strong><em>Πατέρα,</em></strong></span> <span class='ocrx_word' id='word_1_69' title='bbox 1350 1021 1364 1034; x_wconf 94' lang='grc'>.</span> <span class='ocrx_word' id='word_1_70' title='bbox 1397 1020 1410 1032; x_wconf 94' lang='grc'><strong>.</strong></span> <span class='ocrx_word' id='word_1_71' title='bbox 1445 1020 1460 1034; x_wconf 95' lang='grc'><strong>.</strong></span> <span class='ocrx_word' id='word_1_72' title='bbox 1498 1021 1513 1036; x_wconf 92' lang='grc'><strong>.</strong></span> <span class='ocrx_word' id='word_1_73' title='bbox 1582 980 1684 1035; x_wconf 79' lang='grc' dir='ltr'><strong><em>καί</em></strong></span> 
     </span>
    </p>
   </div>
   <div class='ocr_carea' id='block_1_11' title="bbox 105 1065 1682 1140">
    <p class='ocr_par' dir='ltr' id='par_1_11' title="bbox 105 1065 1682 1140">
     <span class='ocr_line' id='line_1_11' title="bbox 105 1065 1682 1140; baseline 0.005 -23"><span class='ocrx_word' id='word_1_74' title='bbox 105 1065 344 1120; x_wconf 80' lang='grc' dir='ltr'><strong><em>δείπνου</em></strong></span> <span class='ocrx_word' id='word_1_75' title='bbox 387 1068 717 1138; x_wconf 77' lang='grc' dir='ltr'><strong><em>γενομένου</em></strong></span> <span class='ocrx_word' id='word_1_76' title='bbox 762 1068 867 1124; x_wconf 83' lang='grc' dir='ltr'><strong><em>τοῦ</em></strong></span> <span class='ocrx_word' id='word_1_77' title='bbox 917 1071 1204 1126; x_wconf 78' lang='grc' dir='ltr'>Διαϐόλου</span> <span class='ocrx_word' id='word_1_78' title='bbox 1236 1071 1353 1140; x_wconf 81' lang='grc' dir='ltr'>ἤδη</span> <span class='ocrx_word' id='word_1_79' title='bbox 1383 1072 1682 1140; x_wconf 78' lang='grc' dir='ltr'>βεϐληκό-</span> 
     </span>
    </p>
   </div>
   <div class='ocr_carea' id='block_1_12' title="bbox 103 1159 1680 1233">
    <p class='ocr_par' dir='ltr' id='par_1_12' title="bbox 103 1159 1680 1233">
     <span class='ocr_line' id='line_1_12' title="bbox 103 1159 1680 1233; baseline 0.005 -22"><span class='ocrx_word' id='word_1_80' title='bbox 103 1175 199 1224; x_wconf 85' lang='grc' dir='ltr'>τος</span> <span class='ocrx_word' id='word_1_81' title='bbox 235 1161 322 1225; x_wconf 73' lang='grc' dir='ltr'>εὶς</span> <span class='ocrx_word' id='word_1_82' title='bbox 345 1159 468 1229; x_wconf 78' lang='grc' dir='ltr'>τὴν</span> <span class='ocrx_word' id='word_1_83' title='bbox 488 1161 742 1230; x_wconf 71' lang='grc' dir='ltr'>καρδίαν·</span> <span class='ocrx_word' id='word_1_84' title='bbox 775 1161 973 1217; x_wconf 85' lang='grc' dir='ltr'><strong><em>Ἰούδα</em></strong></span> <span class='ocrx_word' id='word_1_85' title='bbox 1005 1163 1268 1233; x_wconf 78' lang='grc' dir='ltr'>Σίμωνος</span> <span class='ocrx_word' id='word_1_86' title='bbox 1304 1162 1680 1231; x_wconf 81' lang='grc' dir='ltr'><strong><em>Ἰσκαριώτου</em></strong></span> 
     </span>
    </p>
   </div>
   <div class='ocr_carea' id='block_1_13' title="bbox 103 1249 1678 1327">
    <p class='ocr_par' dir='ltr' id='par_1_13' title="bbox 103 1249 1678 1327">
     <span class='ocr_line' id='line_1_13' title="bbox 103 1249 1678 1327; baseline 0.004 -26"><span class='ocrx_word' id='word_1_87' title='bbox 103 1249 195 1302; x_wconf 77' lang='grc' dir='ltr'>ἵνα</span> <span class='ocrx_word' id='word_1_88' title='bbox 213 1249 401 1304; x_wconf 79' lang='grc' dir='ltr'>αὐτὸν</span> <span class='ocrx_word' id='word_1_89' title='bbox 421 1252 687 1321; x_wconf 81' lang='grc' dir='ltr'>παραδῷ·</span> <span class='ocrx_word' id='word_1_90' title='bbox 725 1254 818 1307; x_wconf 74' lang='grc' dir='ltr'><strong><em>καὶ</em></strong></span> <span class='ocrx_word' id='word_1_91' title='bbox 850 1254 961 1319; x_wconf 83' lang='grc' dir='ltr'>ὅτε,</span> <span class='ocrx_word' id='word_1_92' title='bbox 998 1254 1184 1325; x_wconf 78' lang='grc' dir='ltr'>φησὶν,</span> <span class='ocrx_word' id='word_1_93' title='bbox 1226 1253 1440 1323; x_wconf 87' lang='grc' dir='ltr'>ἐγένετο</span> <span class='ocrx_word' id='word_1_94' title='bbox 1467 1257 1501 1325; x_wconf 80' lang='grc' dir='ltr'><strong>ἡ</strong></span> <span class='ocrx_word' id='word_1_95' title='bbox 1536 1254 1678 1327; x_wconf 78' lang='grc' dir='ltr'>ὥρα,</span> 
     </span>
    </p>
   </div>
   <div class='ocr_carea' id='block_1_14' title="bbox 102 1341 1678 1417">
    <p class='ocr_par' dir='ltr' id='par_1_14' title="bbox 102 1341 1678 1417">
     <span class='ocr_line' id='line_1_14' title="bbox 102 1341 1678 1417; baseline 0.005 -25"><span class='ocrx_word' id='word_1_96' title='bbox 102 1341 370 1395; x_wconf 75' lang='grc' dir='ltr'><strong><em>τουτέστιν</em></strong></span> <span class='ocrx_word' id='word_1_97' title='bbox 398 1343 492 1397; x_wconf 84' lang='grc' dir='ltr'>ὅτε</span> <span class='ocrx_word' id='word_1_98' title='bbox 524 1344 772 1417; x_wconf 79' lang='grc' dir='ltr'><strong><em>παρέστη</em></strong></span> <span class='ocrx_word' id='word_1_99' title='bbox 799 1347 828 1399; x_wconf 93' lang='lat'><strong><em>6</em></strong></span> <span class='ocrx_word' id='word_1_100' title='bbox 892 1344 1082 1416; x_wconf 82' lang='grc' dir='ltr'>καιρὸς</span> <span class='ocrx_word' id='word_1_101' title='bbox 1123 1345 1219 1398; x_wconf 76' lang='grc' dir='ltr'>τοῦ</span> <span class='ocrx_word' id='word_1_102' title='bbox 1260 1345 1549 1417; x_wconf 78' lang='grc' dir='ltr'>προδοῦναι</span> <span class='ocrx_word' id='word_1_103' title='bbox 1581 1346 1678 1400; x_wconf 87' lang='grc' dir='ltr'><strong><em>αὐ·-</em></strong></span> 
     </span>
    </p>
   </div>
   <div class='ocr_carea' id='block_1_15' title="bbox 101 1432 1679 1497">
    <p class='ocr_par' dir='ltr' id='par_1_15' title="bbox 101 1432 1679 1497">
     <span class='ocr_line' id='line_1_15' title="bbox 101 1432 1679 1497; baseline 0.005 -13"><span class='ocrx_word' id='word_1_104' title='bbox 101 1432 213 1497; x_wconf 81' lang='grc' dir='ltr'>τὸν,</span> <span class='ocrx_word' id='word_1_105' title='bbox 268 1433 546 1490; x_wconf 80' lang='grc' dir='ltr'>ἀνέπεσαν</span> <span class='ocrx_word' id='word_1_106' title='bbox 610 1435 710 1489; x_wconf 76' lang='grc' dir='ltr'>καὶ</span> <span class='ocrx_word' id='word_1_107' title='bbox 767 1440 818 1490; x_wconf 89' lang='lat' dir='ltr'><strong><em>ol</em></strong></span> <span class='ocrx_word' id='word_1_108' title='bbox 871 1436 1101 1491; x_wconf 75' lang='grc' dir='ltr'>δώδεκα</span> <span class='ocrx_word' id='word_1_109' title='bbox 1170 1438 1502 1492; x_wconf 79' lang='grc' dir='ltr'><strong><em>ἀπόστολοι</em></strong></span> <span class='ocrx_word' id='word_1_110' title='bbox 1555 1438 1679 1492; x_wconf 74' lang='grc' dir='ltr'><strong><em>σὺν</em></strong></span> 
     </span>
    </p>
   </div>
   <div class='ocr_carea' id='block_1_16' title="bbox 100 1521 1678 1600">
    <p class='ocr_par' dir='ltr' id='par_1_16' title="bbox 100 1521 1678 1600">
     <span class='ocr_line' id='line_1_16' title="bbox 100 1521 1678 1600; baseline 0.008 -25"><span class='ocrx_word' id='word_1_111' title='bbox 100 1521 269 1587; x_wconf 78' lang='grc' dir='ltr'>αὐτῷ·</span> <span class='ocrx_word' id='word_1_112' title='bbox 296 1521 545 1579; x_wconf 78' lang='grc' dir='ltr'>καὶεῖπε</span> <span class='ocrx_word' id='word_1_113' title='bbox 564 1526 713 1596; x_wconf 84' lang='grc' dir='ltr'>πρὸς</span> <span class='ocrx_word' id='word_1_114' title='bbox 733 1529 974 1594; x_wconf 81' lang='grc' dir='ltr'>αὐτούς·</span> <span class='ocrx_word' id='word_1_115' title='bbox 996 1530 1306 1600; x_wconf 77' lang='grc' dir='ltr'><strong><em>Ἐπιθυμίᾳ</em></strong></span> <span class='ocrx_word' id='word_1_116' title='bbox 1328 1531 1678 1599; x_wconf 75' lang='grc' dir='ltr'>ἐπεθύμησα</span> 
     </span>
    </p>
   </div>
   <div class='ocr_carea' id='block_1_17' title="bbox 101 1614 1677 1690">
    <p class='ocr_par' dir='ltr' id='par_1_17' title="bbox 101 1614 1677 1690">
     <span class='ocr_line' id='line_1_17' title="bbox 101 1614 1677 1690; baseline 0.006 -24"><span class='ocrx_word' id='word_1_117' title='bbox 101 1614 265 1669; x_wconf 82' lang='grc' dir='ltr'>τοῦτο</span> <span class='ocrx_word' id='word_1_118' title='bbox 284 1616 352 1670; x_wconf 84' lang='grc' dir='ltr'>τὸ</span> <span class='ocrx_word' id='word_1_119' title='bbox 378 1616 601 1686; x_wconf 84' lang='grc' dir='ltr'><strong><em>Πάσχα</em></strong></span> <span class='ocrx_word' id='word_1_120' title='bbox 632 1618 846 1688; x_wconf 73' lang='grc' dir='ltr'>φαγεῖν</span> <span class='ocrx_word' id='word_1_121' title='bbox 887 1621 1017 1688; x_wconf 82' lang='grc' dir='ltr'>μεθ’</span> <span class='ocrx_word' id='word_1_122' title='bbox 1050 1620 1218 1690; x_wconf 83' lang='grc' dir='ltr'>ὑμῶν</span> <span class='ocrx_word' id='word_1_123' title='bbox 1276 1620 1391 1690; x_wconf 82' lang='grc' dir='ltr'>πρὸ</span> <span class='ocrx_word' id='word_1_124' title='bbox 1444 1621 1555 1675; x_wconf 82' lang='grc' dir='ltr'><strong><em>τοῦ</em></strong></span> <span class='ocrx_word' id='word_1_125' title='bbox 1599 1638 1677 1690; x_wconf 82' lang='grc' dir='ltr'><strong><em>με</em></strong></span> 
     </span>
    </p>
   </div>
   <div class='ocr_carea' id='block_1_18' title="bbox 99 1703 1675 1782">
    <p class='ocr_par' dir='ltr' id='par_1_18' title="bbox 99 1703 1675 1782">
     <span class='ocr_line' id='line_1_18' title="bbox 99 1703 1675 1782; baseline 0.006 -28"><span class='ocrx_word' id='word_1_126' title='bbox 99 1703 318 1757; x_wconf 83' lang='grc' dir='ltr'><strong><em>παθεῖν.</em></strong></span> <span class='ocrx_word' id='word_1_127' title='bbox 365 1705 556 1776; x_wconf 79' lang='grc' dir='ltr'>Ὁρᾷς,</span> <span class='ocrx_word' id='word_1_128' title='bbox 585 1708 704 1775; x_wconf 84' lang='grc' dir='ltr'>Πρό</span> <span class='ocrx_word' id='word_1_129' title='bbox 732 1709 839 1763; x_wconf 86' lang='grc' dir='ltr'><strong><em>τοῦ</em></strong></span> <span class='ocrx_word' id='word_1_130' title='bbox 866 1726 945 1778; x_wconf 79' lang='grc' dir='ltr'><strong><em>με</em></strong></span> <span class='ocrx_word' id='word_1_131' title='bbox 975 1710 1185 1764; x_wconf 77' lang='grc' dir='ltr'><strong><em>παθεῖν</em></strong></span> <span class='ocrx_word' id='word_1_132' title='bbox 1216 1712 1400 1782; x_wconf 86' lang='grc' dir='ltr'>φησίν·</span> <span class='ocrx_word' id='word_1_133' title='bbox 1436 1712 1558 1765; x_wconf 59' lang='grc' dir='ltr'><strong><em>ἐπεὶ⁵</em></strong></span> <span class='ocrx_word' id='word_1_134' title='bbox 1583 1708 1675 1766; x_wconf 78' lang='grc' dir='ltr'><strong><em>οὖν</em></strong></span> 
     </span>
    </p>
   </div>
   <div class='ocr_carea' id='block_1_19' title="bbox 101 1794 1672 1874">
    <p class='ocr_par' dir='ltr' id='par_1_19' title="bbox 101 1794 1672 1874">
     <span class='ocr_line' id='line_1_19' title="bbox 101 1794 1672 1874; baseline 0.006 -27"><span class='ocrx_word' id='word_1_135' title='bbox 101 1794 198 1848; x_wconf 74' lang='grc' dir='ltr'>ἔδει</span> <span class='ocrx_word' id='word_1_136' title='bbox 223 1795 419 1849; x_wconf 82' lang='grc' dir='ltr'>παθεῖν</span> <span class='ocrx_word' id='word_1_137' title='bbox 453 1797 620 1851; x_wconf 79' lang='grc' dir='ltr'>αὐτὸν</span> <span class='ocrx_word' id='word_1_138' title='bbox 652 1799 793 1854; x_wconf 83' lang='grc' dir='ltr'>κατὰ</span> <span class='ocrx_word' id='word_1_139' title='bbox 820 1800 919 1873; x_wconf 80' lang='grc' dir='ltr'><strong><em>τὴν</em></strong></span> <span class='ocrx_word' id='word_1_140' title='bbox 939 1802 1154 1874; x_wconf 79' lang='grc' dir='ltr'>ἡμέραν</span> <span class='ocrx_word' id='word_1_141' title='bbox 1179 1801 1276 1856; x_wconf 79' lang='grc' dir='ltr'>τοῦ</span> <span class='ocrx_word' id='word_1_142' title='bbox 1327 1803 1522 1873; x_wconf 84' lang='grc' dir='ltr'>Πάσχα</span> <span class='ocrx_word' id='word_1_143' title='bbox 1575 1803 1672 1857; x_wconf 81' lang='grc' dir='ltr'><strong><em>τοῦ</em></strong></span> 
     </span>
    </p>
   </div>
   <div class='ocr_carea' id='block_1_20' title="bbox 1791 702 3357 777">
    <p class='ocr_par' dir='ltr' id='par_1_20' title="bbox 1791 702 3357 777">
     <span class='ocr_line' id='line_1_20' title="bbox 1791 702 3357 777; baseline -0.003 -15"><span class='ocrx_word' id='word_1_144' title='bbox 1791 724 1937 762; x_wconf 69' lang='lat' dir='ltr'><strong><em>caena</em></strong></span> <span class='ocrx_word' id='word_1_145' title='bbox 1960 707 2125 777; x_wconf 79' lang='lat' dir='ltr'><strong><em>facta,</em></strong></span> <span class='ocrx_word' id='word_1_146' title='bbox 2154 721 2273 761; x_wconf 89' lang='lat' dir='ltr'><strong><em>cum</em></strong></span> <span class='ocrx_word' id='word_1_147' title='bbox 2300 704 2543 760; x_wconf 80' lang='lat' dir='ltr'><strong><em>diabolus</em></strong></span> <span class='ocrx_word' id='word_1_148' title='bbox 2563 704 2682 774; x_wconf 88' lang='lat' dir='ltr'><strong><em>jam</em></strong></span> <span class='ocrx_word' id='word_1_149' title='bbox 2710 703 2942 759; x_wconf 84' lang='lat' dir='ltr'><strong><em>misisset</em></strong></span> <span class='ocrx_word' id='word_1_150' title='bbox 2960 702 3020 757; x_wconf 91' lang='lat' dir='ltr'><strong><em>in</em></strong></span> <span class='ocrx_word' id='word_1_151' title='bbox 3046 718 3138 757; x_wconf 86' lang='lat' dir='ltr'><strong><em>cor</em></strong></span> <span class='ocrx_word' id='word_1_152' title='bbox 3157 710 3218 757; x_wconf 90' lang='lat' dir='ltr'><strong><em>ut</em></strong></span> <span class='ocrx_word' id='word_1_153' title='bbox 3242 710 3357 757; x_wconf 85' lang='lat' dir='ltr'><strong><em>tra-</em></strong></span> 
     </span>
    </p>
   </div>
   <div class='ocr_carea' id='block_1_21' title="bbox 1784 794 3353 859">
    <p class='ocr_par' dir='ltr' id='par_1_21' title="bbox 1784 794 3353 859">
     <span class='ocr_line' id='line_1_21' title="bbox 1784 794 3353 859; baseline -0.003 -6"><span class='ocrx_word' id='word_1_154' title='bbox 1784 800 1932 854; x_wconf 84' lang='lat' dir='ltr'><strong><em>deret</em></strong></span> <span class='ocrx_word' id='word_1_155' title='bbox 1963 808 2082 854; x_wconf 82' lang='lat' dir='ltr'><strong><em>eum</em></strong></span> <span class='ocrx_word' id='word_1_156' title='bbox 2112 797 2284 853; x_wconf 80' lang='lat' dir='ltr'><strong><em>ludas</em></strong></span> <span class='ocrx_word' id='word_1_157' title='bbox 2311 795 2542 853; x_wconf 78' lang='lat' dir='ltr'><strong><em>Simonis</em></strong></span> <span class='ocrx_word' id='word_1_158' title='bbox 2571 794 2880 859; x_wconf 71' lang='lat' dir='ltr'><strong><em>Iscariotoa;</em></strong></span> <span class='ocrx_word' id='word_1_159' title='bbox 2898 802 2954 850; x_wconf 91' lang='lat' dir='ltr'><strong><em>et</em></strong></span> <span class='ocrx_word' id='word_1_160' title='bbox 2970 808 3095 849; x_wconf 90' lang='lat' dir='ltr'><strong><em>cum</em></strong></span> <span class='ocrx_word' id='word_1_161' title='bbox 3116 794 3353 849; x_wconf 89' lang='lat' dir='ltr'><strong><em>diceret:</em></strong></span> 
     </span>
    </p>
   </div>
   <div class='ocr_carea' id='block_1_22' title="bbox 1798 885 3350 957">
    <p class='ocr_par' dir='ltr' id='par_1_22' title="bbox 1798 885 3350 957">
     <span class='ocr_line' id='line_1_22' title="bbox 1798 885 3350 957; baseline -0.004 -12"><span class='ocrx_word' id='word_1_162' title='bbox 1798 892 1950 946; x_wconf 88' lang='lat' dir='ltr'><strong><em>Venit</em></strong></span> <span class='ocrx_word' id='word_1_163' title='bbox 1966 892 2116 955; x_wconf 85' lang='lat' dir='ltr'><strong><em>hora,</em></strong></span> <span class='ocrx_word' id='word_1_164' title='bbox 2137 890 2242 947; x_wconf 89' lang='lat' dir='ltr'><strong><em>hoc</em></strong></span> <span class='ocrx_word' id='word_1_165' title='bbox 2260 897 2362 957; x_wconf 90' lang='lat' dir='ltr'><strong><em>est,</em></strong></span> <span class='ocrx_word' id='word_1_166' title='bbox 2377 904 2499 945; x_wconf 90' lang='lat' dir='ltr'><strong><em>cum</em></strong></span> <span class='ocrx_word' id='word_1_167' title='bbox 2519 888 2759 942; x_wconf 79' lang='lat' dir='ltr'><strong><em>venisset</em></strong></span> <span class='ocrx_word' id='word_1_168' title='bbox 2781 887 2918 941; x_wconf 87' lang='lat' dir='ltr'><strong><em>hora</em></strong></span> <span class='ocrx_word' id='word_1_169' title='bbox 2940 894 3002 941; x_wconf 89' lang='lat' dir='ltr'><strong><em>ut</em></strong></span> <span class='ocrx_word' id='word_1_170' title='bbox 3023 885 3350 953; x_wconf 78' lang='lat' dir='ltr'><strong><em>traderetur,</em></strong></span> 
     </span>
    </p>
   </div>
   <div class='ocr_carea' id='block_1_23' title="bbox 1781 976 3351 1048">
    <p class='ocr_par' dir='ltr' id='par_1_23' title="bbox 1781 976 3351 1048">
     <span class='ocr_line' id='line_1_23' title="bbox 1781 976 3351 1048; baseline -0.005 -10"><span class='ocrx_word' id='word_1_171' title='bbox 1781 984 2183 1040; x_wconf 88' lang='lat' dir='ltr'><strong><em>diseubuerunt</em></strong></span> <span class='ocrx_word' id='word_1_172' title='bbox 2229 991 2285 1038; x_wconf 90' lang='lat' dir='ltr'><strong><em>et</em></strong></span> <span class='ocrx_word' id='word_1_173' title='bbox 2312 980 2587 1035; x_wconf 84' lang='lat' dir='ltr'><strong><em>duodecim</em></strong></span> <span class='ocrx_word' id='word_1_174' title='bbox 2615 977 2843 1048; x_wconf 80' lang='lat' dir='ltr'><strong><em>apostoli</em></strong></span> <span class='ocrx_word' id='word_1_175' title='bbox 2872 992 2992 1032; x_wconf 87' lang='lat' dir='ltr'><strong><em>eum</em></strong></span> <span class='ocrx_word' id='word_1_176' title='bbox 3027 992 3109 1043; x_wconf 89' lang='lat' dir='ltr'><strong><em>eo,</em></strong></span> <span class='ocrx_word' id='word_1_177' title='bbox 3139 984 3190 1030; x_wconf 88' lang='lat' dir='ltr'><strong><em>et</em></strong></span> <span class='ocrx_word' id='word_1_178' title='bbox 3211 976 3351 1031; x_wconf 72' lang='lat' dir='ltr'><strong><em>dixit</em></strong></span> 
     </span>
    </p>
   </div>
   <div class='ocr_carea' id='block_1_24' title="bbox 1780 1066 3351 1129">
    <p class='ocr_par' dir='ltr' id='par_1_24' title="bbox 1780 1066 3351 1129">
     <span class='ocr_line' id='line_1_24' title="bbox 1780 1066 3351 1129; baseline -0.004 -2"><span class='ocrx_word' id='word_1_179' title='bbox 1780 1074 1857 1128; x_wconf 87' lang='lat' dir='ltr'><strong><em>eis</em></strong></span> <span class='ocrx_word' id='word_1_180' title='bbox 1914 1090 1934 1129; x_wconf 92' lang='lat'><strong><em>:</em></strong></span> <span class='ocrx_word' id='word_1_181' title='bbox 1983 1073 2261 1129; x_wconf 84' lang='lat' dir='ltr'><strong><em>Desiderio</em></strong></span> <span class='ocrx_word' id='word_1_182' title='bbox 2315 1066 2736 1126; x_wconf 53' lang='lat' dir='ltr'><strong><em>desideravi&#39;hoc</em></strong></span> <span class='ocrx_word' id='word_1_183' title='bbox 2780 1068 2989 1123; x_wconf 82' lang='lat' dir='ltr'><strong><em>Pascha</em></strong></span> <span class='ocrx_word' id='word_1_184' title='bbox 3030 1066 3351 1122; x_wconf 82' lang='lat' dir='ltr'><strong><em>manducare</em></strong></span> 
     </span>
    </p>
   </div>
   <div class='ocr_carea' id='block_1_25' title="bbox 1780 1159 3352 1235">
    <p class='ocr_par' dir='ltr' id='par_1_25' title="bbox 1780 1159 3352 1235">
     <span class='ocr_line' id='line_1_25' title="bbox 1780 1159 3352 1235; baseline -0.005 -15"><span class='ocrx_word' id='word_1_185' title='bbox 1780 1166 2066 1233; x_wconf 83' lang='lat' dir='ltr'><strong><em>vobiscum,</em></strong></span> <span class='ocrx_word' id='word_1_186' title='bbox 2134 1173 2415 1235; x_wconf 86' lang='lat' dir='ltr'><strong><em>antequam</em></strong></span> <span class='ocrx_word' id='word_1_187' title='bbox 2460 1163 2660 1234; x_wconf 81' lang='lat' dir='ltr'><strong><em>patiar.</em></strong></span> <span class='ocrx_word' id='word_1_188' title='bbox 2715 1159 2897 1226; x_wconf 84' lang='lat' dir='ltr'><strong><em>Vides,</em></strong></span> <span class='ocrx_word' id='word_1_189' title='bbox 2936 1169 3216 1230; x_wconf 86' lang='lat' dir='ltr'><strong><em>antequam</em></strong></span> <span class='ocrx_word' id='word_1_190' title='bbox 3253 1175 3352 1228; x_wconf 83' lang='lat' dir='ltr'><strong><em>pa-</em></strong></span> 
     </span>
    </p>
   </div>
   <div class='ocr_carea' id='block_1_26' title="bbox 1780 1246 3350 1325">
    <p class='ocr_par' dir='ltr' id='par_1_26' title="bbox 1780 1246 3350 1325">
     <span class='ocr_line' id='line_1_26' title="bbox 1780 1246 3350 1325; baseline -0.003 -18"><span class='ocrx_word' id='word_1_191' title='bbox 1780 1257 1886 1309; x_wconf 80' lang='lat' dir='ltr'><strong><em>tiar</em></strong></span> <span class='ocrx_word' id='word_1_192' title='bbox 1941 1255 2108 1324; x_wconf 87' lang='lat' dir='ltr'><strong><em>dicit;</em></strong></span> <span class='ocrx_word' id='word_1_193' title='bbox 2136 1253 2396 1325; x_wconf 87' lang='lat' dir='ltr'><strong><em>quoniam</em></strong></span> <span class='ocrx_word' id='word_1_194' title='bbox 2421 1265 2551 1323; x_wconf 87' lang='lat' dir='ltr'><strong><em>ergo</em></strong></span> <span class='ocrx_word' id='word_1_195' title='bbox 2582 1250 2863 1321; x_wconf 83' lang='lat' dir='ltr'><strong><em>oportebat</em></strong></span> <span class='ocrx_word' id='word_1_196' title='bbox 2905 1249 3017 1319; x_wconf 87' lang='lat' dir='ltr'><strong><em>pati</em></strong></span> <span class='ocrx_word' id='word_1_197' title='bbox 3057 1248 3212 1303; x_wconf 90' lang='lat' dir='ltr'><strong><em>illum</em></strong></span> <span class='ocrx_word' id='word_1_198' title='bbox 3260 1246 3350 1303; x_wconf 89' lang='lat' dir='ltr'><strong><em>die</em></strong></span> 
     </span>
    </p>
   </div>
   <div class='ocr_carea' id='block_1_27' title="bbox 1778 1338 3350 1416">
    <p class='ocr_par' dir='ltr' id='par_1_27' title="bbox 1778 1338 3350 1416">
     <span class='ocr_line' id='line_1_27' title="bbox 1778 1338 3350 1416; baseline -0.003 -18"><span class='ocrx_word' id='word_1_199' title='bbox 1778 1346 2063 1401; x_wconf 83' lang='lat' dir='ltr'><strong><em>Paschatis</em></strong></span> <span class='ocrx_word' id='word_1_200' title='bbox 2112 1345 2322 1416; x_wconf 80' lang='lat' dir='ltr'><strong><em>legalis,</em></strong></span> <span class='ocrx_word' id='word_1_201' title='bbox 2361 1358 2472 1415; x_wconf 90' lang='lat' dir='ltr'><strong><em>quo</em></strong></span> <span class='ocrx_word' id='word_1_202' title='bbox 2499 1351 2555 1399; x_wconf 87' lang='lat' dir='ltr'><strong><em>et</em></strong></span> <span class='ocrx_word' id='word_1_203' title='bbox 2584 1353 2758 1413; x_wconf 86' lang='lat' dir='ltr'><strong><em>agnus</em></strong></span> <span class='ocrx_word' id='word_1_204' title='bbox 2794 1356 2826 1397; x_wconf 91' lang='lat' dir='ltr'><strong><em>a</em></strong></span> <span class='ocrx_word' id='word_1_205' title='bbox 2856 1338 3057 1396; x_wconf 66' lang='lat' dir='ltr'><strong><em>Iudaeis</em></strong></span> <span class='ocrx_word' id='word_1_206' title='bbox 3098 1338 3350 1395; x_wconf 89' lang='lat' dir='ltr'><strong><em>immola-</em></strong></span> 
     </span>
    </p>
   </div>
   <div class='ocr_carea' id='block_1_28' title="bbox 1777 1429 3347 1507">
    <p class='ocr_par' dir='ltr' id='par_1_28' title="bbox 1777 1429 3347 1507">
     <span class='ocr_line' id='line_1_28' title="bbox 1777 1429 3347 1507; baseline -0.003 -16"><span class='ocrx_word' id='word_1_207' title='bbox 1777 1438 1958 1503; x_wconf 89' lang='lat' dir='ltr'><strong><em>batur,</em></strong></span> <span class='ocrx_word' id='word_1_208' title='bbox 1982 1436 2212 1493; x_wconf 85' lang='lat' dir='ltr'><strong><em>debebat</em></strong></span> <span class='ocrx_word' id='word_1_209' title='bbox 2231 1435 2348 1491; x_wconf 89' lang='lat' dir='ltr'><strong><em>ﬁeri</em></strong></span> <span class='ocrx_word' id='word_1_210' title='bbox 2380 1435 2567 1507; x_wconf 86' lang='lat' dir='ltr'><strong><em>passio</em></strong></span> <span class='ocrx_word' id='word_1_211' title='bbox 2593 1449 2625 1489; x_wconf 91' lang='lat' dir='ltr'><strong><em>a</em></strong></span> <span class='ocrx_word' id='word_1_212' title='bbox 2651 1432 2877 1489; x_wconf 86' lang='lat' dir='ltr'><strong><em>deicidis</em></strong></span> <span class='ocrx_word' id='word_1_213' title='bbox 2903 1431 2991 1487; x_wconf 90' lang='lat' dir='ltr'><strong><em>die</em></strong></span> <span class='ocrx_word' id='word_1_214' title='bbox 3018 1429 3347 1488; x_wconf 84' lang='lat' dir='ltr'><strong><em>Parasceves</em></strong></span> 
     </span>
    </p>
   </div>
   <div class='ocr_carea' id='block_1_29' title="bbox 1778 1524 3344 1592">
    <p class='ocr_par' dir='ltr' id='par_1_29' title="bbox 1778 1524 3344 1592">
     <span class='ocr_line' id='line_1_29' title="bbox 1778 1524 3344 1592; baseline -0.003 -10"><span class='ocrx_word' id='word_1_215' title='bbox 1778 1539 1836 1584; x_wconf 90' lang='lat' dir='ltr'><strong><em>ut</em></strong></span> <span class='ocrx_word' id='word_1_216' title='bbox 1856 1531 2053 1585; x_wconf 89' lang='lat' dir='ltr'><strong><em>iterum</em></strong></span> <span class='ocrx_word' id='word_1_217' title='bbox 2079 1529 2212 1585; x_wconf 89' lang='lat' dir='ltr'><strong><em>dicit</em></strong></span> <span class='ocrx_word' id='word_1_218' title='bbox 2238 1526 2512 1583; x_wconf 85' lang='lat' dir='ltr'><strong><em>Joannes:</em></strong></span> <span class='ocrx_word' id='word_1_219' title='bbox 2540 1525 2805 1592; x_wconf 86' lang='lat' dir='ltr'><strong><em>Quoniam</em></strong></span> <span class='ocrx_word' id='word_1_220' title='bbox 2826 1524 3118 1579; x_wconf 84' lang='lat' dir='ltr'><strong><em>Parasceve</em></strong></span> <span class='ocrx_word' id='word_1_221' title='bbox 3138 1531 3344 1590; x_wconf 86' lang='lat' dir='ltr'><strong><em>erat,...</em></strong></span> 
     </span>
    </p>
   </div>
   <div class='ocr_carea' id='block_1_30' title="bbox 1775 1613 3348 1691">
    <p class='ocr_par' dir='ltr' id='par_1_30' title="bbox 1775 1613 3348 1691">
     <span class='ocr_line' id='line_1_30' title="bbox 1775 1613 3348 1691; baseline -0.004 -16"><span class='ocrx_word' id='word_1_222' title='bbox 1775 1630 1893 1676; x_wconf 88' lang='lat' dir='ltr'><strong><em>erat</em></strong></span> <span class='ocrx_word' id='word_1_223' title='bbox 1916 1620 2062 1675; x_wconf 88' lang='lat' dir='ltr'><strong><em>enim</em></strong></span> <span class='ocrx_word' id='word_1_224' title='bbox 2092 1634 2325 1691; x_wconf 87' lang='lat' dir='ltr'><strong><em>magnus</em></strong></span> <span class='ocrx_word' id='word_1_225' title='bbox 2352 1617 2470 1674; x_wconf 85' lang='lat' dir='ltr'><strong><em>dies</em></strong></span> <span class='ocrx_word' id='word_1_226' title='bbox 2498 1618 2590 1672; x_wconf 88' lang='lat' dir='ltr'><strong><em>ille</em></strong></span> <span class='ocrx_word' id='word_1_227' title='bbox 2618 1614 2862 1683; x_wconf 87' lang='lat' dir='ltr'><strong><em>Sabbati,</em></strong></span> <span class='ocrx_word' id='word_1_228' title='bbox 2893 1615 2953 1671; x_wconf 90' lang='lat' dir='ltr'><strong><em>in</em></strong></span> <span class='ocrx_word' id='word_1_229' title='bbox 2978 1630 3088 1686; x_wconf 92' lang='lat' dir='ltr'><strong><em>quo</em></strong></span> <span class='ocrx_word' id='word_1_230' title='bbox 3116 1623 3172 1669; x_wconf 90' lang='lat' dir='ltr'><strong><em>et</em></strong></span> <span class='ocrx_word' id='word_1_231' title='bbox 3201 1613 3348 1669; x_wconf 85' lang='lat' dir='ltr'><strong><em>deci-</em></strong></span> 
     </span>
    </p>
   </div>
   <div class='ocr_carea' id='block_1_31' title="bbox 1776 1706 3344 1782">
    <p class='ocr_par' dir='ltr' id='par_1_31' title="bbox 1776 1706 3344 1782">
     <span class='ocr_line' id='line_1_31' title="bbox 1776 1706 3344 1782; baseline -0.004 -15"><span class='ocrx_word' id='word_1_232' title='bbox 1776 1728 1899 1768; x_wconf 92' lang='lat' dir='ltr'><strong><em>mus</em></strong></span> <span class='ocrx_word' id='word_1_233' title='bbox 1924 1720 2154 1782; x_wconf 89' lang='lat' dir='ltr'><strong><em>quartus</em></strong></span> <span class='ocrx_word' id='word_1_234' title='bbox 2178 1712 2295 1768; x_wconf 90' lang='lat' dir='ltr'><strong><em>dies</em></strong></span> <span class='ocrx_word' id='word_1_235' title='bbox 2325 1711 2470 1765; x_wconf 89' lang='lat' dir='ltr'><strong><em>lunae</em></strong></span> <span class='ocrx_word' id='word_1_236' title='bbox 2488 1710 2653 1780; x_wconf 86' lang='lat' dir='ltr'><strong><em>primi</em></strong></span> <span class='ocrx_word' id='word_1_237' title='bbox 2675 1709 2902 1774; x_wconf 87' lang='lat' dir='ltr'><strong><em>mensis,</em></strong></span> <span class='ocrx_word' id='word_1_238' title='bbox 2923 1706 3344 1780; x_wconf 86' lang='lat' dir='ltr'><strong><em>quingentesimi</em></strong></span> 
     </span>
    </p>
   </div>
   <div class='ocr_carea' id='block_1_32' title="bbox 1776 1797 3344 1876">
    <p class='ocr_par' dir='ltr' id='par_1_32' title="bbox 1776 1797 3344 1876">
     <span class='ocr_line' id='line_1_32' title="bbox 1776 1797 3344 1876; baseline -0.004 -18"><span class='ocrx_word' id='word_1_239' title='bbox 1776 1803 2040 1876; x_wconf 81' lang='lat' dir='ltr'><strong><em>trigesimi</em></strong></span> <span class='ocrx_word' id='word_1_240' title='bbox 2072 1802 2207 1858; x_wconf 89' lang='lat' dir='ltr'><strong><em>anni</em></strong></span> <span class='ocrx_word' id='word_1_241' title='bbox 2243 1802 2486 1859; x_wconf 87' lang='lat' dir='ltr'><strong><em>incidere</em></strong></span> <span class='ocrx_word' id='word_1_242' title='bbox 2517 1799 2765 1871; x_wconf 83' lang='lat' dir='ltr'><strong><em>contigit,</em></strong></span> <span class='ocrx_word' id='word_1_243' title='bbox 2817 1814 2887 1855; x_wconf 91' lang='lat' dir='ltr'><strong><em>ne</em></strong></span> <span class='ocrx_word' id='word_1_244' title='bbox 2933 1797 3167 1854; x_wconf 79' lang='lat' dir='ltr'><strong><em>traditus</em></strong></span> <span class='ocrx_word' id='word_1_245' title='bbox 3212 1811 3344 1868; x_wconf 85' lang='lat' dir='ltr'><strong><em>pro-</em></strong></span> 
     </span>
    </p>
   </div>
   <div class='ocr_carea' id='block_1_33' title="bbox 99 1870 1654 1968">
    <p class='ocr_par' dir='ltr' id='par_1_33' title="bbox 99 1870 1654 1965">
     <span class='ocr_line' id='line_1_33' title="bbox 99 1870 1654 1965; baseline 0.006 -28"><span class='ocrx_word' id='word_1_246' title='bbox 99 1879 311 1956; x_wconf 77' lang='grc' dir='ltr'>νομικοῦ</span> <span class='ocrx_word' id='word_1_247' title='bbox 335 1887 460 1940; x_wconf 86' lang='grc' dir='ltr'>καθ’</span> <span class='ocrx_word' id='word_1_248' title='bbox 492 1888 561 1959; x_wconf 85' lang='grc' dir='ltr'>ἢν</span> <span class='ocrx_word' id='word_1_249' title='bbox 611 1890 707 1943; x_wconf 73' lang='grc' dir='ltr'>καὶ</span> <span class='ocrx_word' id='word_1_250' title='bbox 743 1892 771 1944; x_wconf 97' lang='lat'><strong><em>6</em></strong></span> <span class='ocrx_word' id='word_1_251' title='bbox 819 1870 992 1963; x_wconf 81' lang='grc' dir='ltr'>ἀμνὸς</span> <span class='ocrx_word' id='word_1_252' title='bbox 1050 1870 1202 1965; x_wconf 80' lang='grc' dir='ltr'>παρὰ</span> <span class='ocrx_word' id='word_1_253' title='bbox 1237 1892 1346 1947; x_wconf 82' lang='grc' dir='ltr'><strong><em>τῶν</em></strong></span> <span class='ocrx_word' id='word_1_254' title='bbox 1409 1870 1654 1948; x_wconf 73' lang='grc' dir='ltr'>Ἰουδαίω·</span> 
     </span>
    </p>
   </div>
   <div class='ocr_carea' id='block_1_34' title="bbox 1777 1870 3343 1968">
    <p class='ocr_par' dir='ltr' id='par_1_34' title="bbox 1777 1870 3343 1968">
     <span class='ocr_line' id='line_1_34' title="bbox 1777 1870 3343 1968; baseline -0.005 -17"><span class='ocrx_word' id='word_1_255' title='bbox 1777 1870 1950 1968; x_wconf 68' lang='lat' dir='ltr'><strong><em>prinm</em></strong></span> <span class='ocrx_word' id='word_1_256' title='bbox 1976 1894 2186 1951; x_wconf 87' lang='lat' dir='ltr'><strong><em>Pascha</em></strong></span> <span class='ocrx_word' id='word_1_257' title='bbox 2209 1893 2491 1963; x_wconf 88' lang='lat' dir='ltr'><strong><em>discipulis</em></strong></span> <span class='ocrx_word' id='word_1_258' title='bbox 2513 1894 2666 1963; x_wconf 86' lang='lat' dir='ltr'><strong><em>prius</em></strong></span> <span class='ocrx_word' id='word_1_259' title='bbox 2676 1870 2953 1947; x_wconf 68' lang='lat' dir='ltr'><strong><em>traderet.</em></strong></span> <span class='ocrx_word' id='word_1_260' title='bbox 2978 1888 3038 1945; x_wconf 88' lang='lat' dir='ltr'><strong><em>ln</em></strong></span> <span class='ocrx_word' id='word_1_261' title='bbox 3075 1903 3232 1945; x_wconf 63' lang='lat' dir='ltr'><strong><em>caena</em></strong></span> <span class='ocrx_word' id='word_1_262' title='bbox 3254 1903 3343 1944; x_wconf 90' lang='lat' dir='ltr'><strong><em>re-</em></strong></span> 
     </span>
    </p>
   </div>
   <div class='ocr_carea' id='block_1_35' title="bbox 100 1975 1674 2056">
    <p class='ocr_par' dir='ltr' id='par_1_35' title="bbox 100 1975 1674 2056">
     <span class='ocr_line' id='line_1_35' title="bbox 100 1975 1674 2056; baseline 0.007 -27"><span class='ocrx_word' id='word_1_263' title='bbox 100 1975 294 2043; x_wconf 87' lang='grc' dir='ltr'>ἐθύετο,</span> <span class='ocrx_word' id='word_1_264' title='bbox 312 1980 511 2052; x_wconf 75' lang='grc' dir='ltr'>ἔμελλε</span> <span class='ocrx_word' id='word_1_265' title='bbox 534 1981 591 2035; x_wconf 85' lang='grc' dir='ltr'><strong><em>δέ</em></strong></span> <span class='ocrx_word' id='word_1_266' title='bbox 615 1981 868 2051; x_wconf 87' lang='grc' dir='ltr'>γενέσθαι</span> <span class='ocrx_word' id='word_1_267' title='bbox 910 1983 973 2037; x_wconf 85' lang='grc' dir='ltr'><strong><em>τὸ</em></strong></span> <span class='ocrx_word' id='word_1_268' title='bbox 1026 1983 1197 2048; x_wconf 83' lang='grc' dir='ltr'><strong><em>πάθος</em></strong></span> <span class='ocrx_word' id='word_1_269' title='bbox 1227 1983 1380 2056; x_wconf 85' lang='grc' dir='ltr'>παρὰ</span> <span class='ocrx_word' id='word_1_270' title='bbox 1404 1985 1510 2039; x_wconf 84' lang='grc' dir='ltr'>τῶν</span> <span class='ocrx_word' id='word_1_271' title='bbox 1558 1986 1674 2040; x_wconf 81' lang='grc' dir='ltr'>θεο-</span> 
     </span>
    </p>
   </div>
   <div class='ocr_carea' id='block_1_36' title="bbox 99 2065 1670 2146">
    <p class='ocr_par' dir='ltr' id='par_1_36' title="bbox 99 2065 1670 2146">
     <span class='ocr_line' id='line_1_36' title="bbox 99 2065 1670 2146; baseline 0.008 -26"><span class='ocrx_word' id='word_1_272' title='bbox 99 2065 290 2122; x_wconf 87' lang='grc' dir='ltr'>κτόνων</span> <span class='ocrx_word' id='word_1_273' title='bbox 326 2072 667 2144; x_wconf 84' lang='grc' dir='ltr'>Παρασκευῇ</span> <span class='ocrx_word' id='word_1_274' title='bbox 696 2073 900 2145; x_wconf 79' lang='grc' dir='ltr'>ἡμέρᾳ,</span> <span class='ocrx_word' id='word_1_275' title='bbox 927 2073 1002 2138; x_wconf 82' lang='grc' dir='ltr'>ὡς</span> <span class='ocrx_word' id='word_1_276' title='bbox 1036 2069 1192 2138; x_wconf 74' lang='grc' dir='ltr'>αὖθις</span> <span class='ocrx_word' id='word_1_277' title='bbox 1223 2092 1386 2146; x_wconf 74' lang='grc' dir='ltr'>φησιν</span> <span class='ocrx_word' id='word_1_278' title='bbox 1429 2079 1457 2131; x_wconf 93' lang='lat'><strong><em>6</em></strong></span> <span class='ocrx_word' id='word_1_279' title='bbox 1487 2077 1670 2133; x_wconf 87' lang='grc' dir='ltr'>Ἰωάν-</span> 
     </span>
    </p>
   </div>
   <div class='ocr_carea' id='block_1_37' title="bbox 98 2160 1671 2237">
    <p class='ocr_par' dir='ltr' id='par_1_37' title="bbox 98 2160 1671 2237">
     <span class='ocr_line' id='line_1_37' title="bbox 98 2160 1671 2237; baseline 0.005 -23"><span class='ocrx_word' id='word_1_280' title='bbox 98 2174 206 2229; x_wconf 74' lang='grc' dir='ltr'>νης·</span> <span class='ocrx_word' id='word_1_281' title='bbox 244 2160 409 2215; x_wconf 80' lang='grc' dir='ltr'>Ἐπεὶ</span> <span class='ocrx_word' id='word_1_282' title='bbox 430 2162 794 2232; x_wconf 80' lang='grc' dir='ltr'>Παρασκευὴ</span> <span class='ocrx_word' id='word_1_283' title='bbox 832 2160 931 2235; x_wconf 78' lang='grc' dir='ltr'><strong><em>ἦν,</em></strong></span> <span class='ocrx_word' id='word_1_284' title='bbox 954 2160 1034 2234; x_wconf 79' lang='grc' dir='ltr'>ἦν</span> <span class='ocrx_word' id='word_1_285' title='bbox 1072 2164 1182 2235; x_wconf 74' lang='grc' dir='ltr'>γὰρ</span> <span class='ocrx_word' id='word_1_286' title='bbox 1223 2164 1455 2235; x_wconf 77' lang='grc' dir='ltr'><strong><em>μεγάλη</em></strong></span> <span class='ocrx_word' id='word_1_287' title='bbox 1483 2166 1671 2237; x_wconf 78' lang='grc' dir='ltr'>ἡμέρα</span> 
     </span>
    </p>
   </div>
   <div class='ocr_carea' id='block_1_38' title="bbox 98 2249 1668 2331">
    <p class='ocr_par' dir='ltr' id='par_1_38' title="bbox 98 2249 1668 2331">
     <span class='ocr_line' id='line_1_38' title="bbox 98 2249 1668 2331; baseline 0.007 -29"><span class='ocrx_word' id='word_1_288' title='bbox 98 2249 285 2320; x_wconf 78' lang='grc' dir='ltr'>ἐκείνη</span> <span class='ocrx_word' id='word_1_289' title='bbox 328 2253 439 2308; x_wconf 84' lang='grc' dir='ltr'><strong><em>τοῦ</em></strong></span> <span class='ocrx_word' id='word_1_290' title='bbox 491 2254 794 2310; x_wconf 76' lang='grc' dir='ltr'>Σαϐϐάτου</span> <span class='ocrx_word' id='word_1_291' title='bbox 819 2257 877 2309; x_wconf 83' lang='grc' dir='ltr'><strong><em>ἐν</em></strong></span> <span class='ocrx_word' id='word_1_292' title='bbox 999 2256 1300 2328; x_wconf 80' lang='grc' dir='ltr'>τηνικαῦτα</span> <span class='ocrx_word' id='word_1_293' title='bbox 1358 2259 1453 2313; x_wconf 73' lang='grc' dir='ltr'>καὶ</span> <span class='ocrx_word' id='word_1_294' title='bbox 1482 2261 1514 2331; x_wconf 82' lang='grc' dir='ltr'><strong>ἡ</strong></span> <span class='ocrx_word' id='word_1_295' title='bbox 1542 2277 1668 2313; x_wconf 80' lang='grc' dir='ltr'>τεσ-</span> 
     </span>
    </p>
   </div>
   <div class='ocr_carea' id='block_1_39' title="bbox 101 2344 1663 2422">
    <p class='ocr_par' dir='ltr' id='par_1_39' title="bbox 101 2344 1663 2422">
     <span class='ocr_line' id='line_1_39' title="bbox 101 2344 1663 2422; baseline 0.006 -27"><span class='ocrx_word' id='word_1_296' title='bbox 101 2344 558 2416; x_wconf 88' lang='grc' dir='ltr'>σαρεσκαιδεκάτη</span> <span class='ocrx_word' id='word_1_297' title='bbox 588 2346 689 2416; x_wconf 82' lang='grc' dir='ltr'>τῆς</span> <span class='ocrx_word' id='word_1_298' title='bbox 706 2347 956 2418; x_wconf 82' lang='grc' dir='ltr'><strong><em>σελήνης,</em></strong></span> <span class='ocrx_word' id='word_1_299' title='bbox 975 2348 1117 2404; x_wconf 85' lang='grc' dir='ltr'>κατὰ</span> <span class='ocrx_word' id='word_1_300' title='bbox 1142 2349 1233 2401; x_wconf 83' lang='grc' dir='ltr'><strong><em>τὸν</em></strong></span> <span class='ocrx_word' id='word_1_301' title='bbox 1262 2350 1476 2422; x_wconf 85' lang='grc' dir='ltr'>πρῶτον</span> <span class='ocrx_word' id='word_1_302' title='bbox 1501 2352 1663 2422; x_wconf 83' lang='grc' dir='ltr'>μῆνα,</span> 
     </span>
    </p>
   </div>
   <div class='ocr_carea' id='block_1_40' title="bbox 102 2433 1666 2511">
    <p class='ocr_par' dir='ltr' id='par_1_40' title="bbox 102 2433 1666 2511">
     <span class='ocr_line' id='line_1_40' title="bbox 102 2433 1666 2511; baseline 0.006 -25"><span class='ocrx_word' id='word_1_303' title='bbox 102 2433 154 2486; x_wconf 81' lang='grc' dir='ltr'><strong><em>ἐν</em></strong></span> <span class='ocrx_word' id='word_1_304' title='bbox 184 2434 260 2504; x_wconf 84' lang='grc' dir='ltr'><strong><em>τῷ</em></strong></span> <span class='ocrx_word' id='word_1_305' title='bbox 282 2437 722 2509; x_wconf 81' lang='grc' dir='ltr'>πεντακοσιοστῷ</span> <span class='ocrx_word' id='word_1_306' title='bbox 743 2438 1050 2511; x_wconf 83' lang='grc' dir='ltr'>τριακοστῷ</span> <span class='ocrx_word' id='word_1_307' title='bbox 1098 2439 1209 2494; x_wconf 79' lang='grc' dir='ltr'>ἔτει</span> <span class='ocrx_word' id='word_1_308' title='bbox 1267 2442 1519 2496; x_wconf 78' lang='grc' dir='ltr'>ἐκπεσεῖν</span> <span class='ocrx_word' id='word_1_309' title='bbox 1545 2440 1666 2495; x_wconf 76' lang='grc' dir='ltr'>ἔτυ-</span> 
     </span>
    </p>
   </div>
   <div class='ocr_carea' id='block_1_41' title="bbox 101 2528 1666 2606">
    <p class='ocr_par' dir='ltr' id='par_1_41' title="bbox 101 2528 1666 2606">
     <span class='ocr_line' id='line_1_41' title="bbox 101 2528 1666 2606; baseline 0.006 -27"><span class='ocrx_word' id='word_1_310' title='bbox 101 2543 202 2597; x_wconf 85' lang='grc' dir='ltr'>χεν,</span> <span class='ocrx_word' id='word_1_311' title='bbox 227 2528 311 2582; x_wconf 73' lang='grc' dir='ltr'>ἵνα</span> <span class='ocrx_word' id='word_1_312' title='bbox 344 2529 420 2602; x_wconf 80' lang='grc' dir='ltr'>μὴ</span> <span class='ocrx_word' id='word_1_313' title='bbox 451 2530 782 2603; x_wconf 82' lang='grc' dir='ltr'>παραδοθεὶς</span> <span class='ocrx_word' id='word_1_314' title='bbox 809 2532 869 2584; x_wconf 79' lang='grc' dir='ltr'>οὐ</span> <span class='ocrx_word' id='word_1_315' title='bbox 903 2531 1087 2606; x_wconf 83' lang='grc' dir='ltr'>φθάσῃ</span> <span class='ocrx_word' id='word_1_316' title='bbox 1148 2533 1211 2587; x_wconf 86' lang='grc' dir='ltr'>τὸ</span> <span class='ocrx_word' id='word_1_317' title='bbox 1237 2534 1433 2588; x_wconf 81' lang='grc' dir='ltr'>οἰκεῖον</span> <span class='ocrx_word' id='word_1_318' title='bbox 1473 2534 1666 2606; x_wconf 86' lang='grc' dir='ltr'>Πάσχα</span> 
     </span>
    </p>
   </div>
   <div class='ocr_carea' id='block_1_42' title="bbox 101 2620 1667 2697">
    <p class='ocr_par' dir='ltr' id='par_1_42' title="bbox 101 2620 1667 2697">
     <span class='ocr_line' id='line_1_42' title="bbox 101 2620 1667 2697; baseline 0.006 -25"><span class='ocrx_word' id='word_1_319' title='bbox 101 2620 202 2683; x_wconf 82' lang='grc' dir='ltr'>τοῖς</span> <span class='ocrx_word' id='word_1_320' title='bbox 230 2620 501 2694; x_wconf 85' lang='grc' dir='ltr'>μαθηταῖς</span> <span class='ocrx_word' id='word_1_321' title='bbox 534 2623 888 2693; x_wconf 81' lang='grc' dir='ltr'>παραδοῦναι,</span> <span class='ocrx_word' id='word_1_322' title='bbox 939 2626 998 2678; x_wconf 87' lang='grc' dir='ltr'><strong><em>ἐν</em></strong></span> <span class='ocrx_word' id='word_1_323' title='bbox 1025 2625 1103 2697; x_wconf 83' lang='grc' dir='ltr'>τῷ</span> <span class='ocrx_word' id='word_1_324' title='bbox 1133 2626 1330 2697; x_wconf 80' lang='grc' dir='ltr'>δείπνῳ</span> <span class='ocrx_word' id='word_1_325' title='bbox 1379 2626 1667 2681; x_wconf 87' lang='grc' dir='ltr'>ἀναπεσὼν</span> 
     </span>
    </p>
   </div>
   <div class='ocr_carea' id='block_1_43' title="bbox 101 2707 1665 2788">
    <p class='ocr_par' dir='ltr' id='par_1_43' title="bbox 101 2707 1665 2788">
     <span class='ocr_line' id='line_1_43' title="bbox 101 2707 1665 2788; baseline 0.006 -28"><span class='ocrx_word' id='word_1_326' title='bbox 101 2707 208 2777; x_wconf 63' lang='grc' dir='ltr'><strong><em>ὀψὲ,</em></strong></span> <span class='ocrx_word' id='word_1_327' title='bbox 237 2713 329 2765; x_wconf 76' lang='grc' dir='ltr'><strong><em>καὶ</em></strong></span> <span class='ocrx_word' id='word_1_328' title='bbox 355 2712 528 2785; x_wconf 77' lang='grc' dir='ltr'>βραδὺ</span> <span class='ocrx_word' id='word_1_329' title='bbox 549 2714 679 2784; x_wconf 74' lang='grc' dir='ltr'>περὶ</span> <span class='ocrx_word' id='word_1_330' title='bbox 706 2714 805 2784; x_wconf 82' lang='grc' dir='ltr'><strong><em>τὴν</em></strong></span> <span class='ocrx_word' id='word_1_331' title='bbox 847 2713 1020 2769; x_wconf 88' lang='grc' dir='ltr'>νύκτα</span> <span class='ocrx_word' id='word_1_332' title='bbox 1068 2714 1210 2768; x_wconf 87' lang='grc' dir='ltr'>κατὰ</span> <span class='ocrx_word' id='word_1_333' title='bbox 1239 2716 1339 2787; x_wconf 82' lang='grc' dir='ltr'><strong><em>τὴν</em></strong></span> <span class='ocrx_word' id='word_1_334' title='bbox 1367 2715 1544 2785; x_wconf 80' lang='grc' dir='ltr'>ὀψίαν,</span> <span class='ocrx_word' id='word_1_335' title='bbox 1570 2717 1665 2788; x_wconf 88' lang='grc' dir='ltr'>δη-</span> 
     </span>
    </p>
   </div>
   <div class='ocr_carea' id='block_1_44' title="bbox 102 2798 1662 2881">
    <p class='ocr_par' dir='ltr' id='par_1_44' title="bbox 102 2798 1662 2881">
     <span class='ocr_line' id='line_1_44' title="bbox 102 2798 1662 2881; baseline 0.006 -28"><span class='ocrx_word' id='word_1_336' title='bbox 102 2798 258 2855; x_wconf 87' lang='grc' dir='ltr'>λονότι</span> <span class='ocrx_word' id='word_1_337' title='bbox 282 2805 381 2873; x_wconf 82' lang='grc' dir='ltr'>τῆς</span> <span class='ocrx_word' id='word_1_338' title='bbox 409 2811 477 2870; x_wconf 90' lang='grc' dir='ltr'><strong><em>ε’,</em></strong></span> <span class='ocrx_word' id='word_1_339' title='bbox 502 2804 671 2874; x_wconf 80' lang='grc' dir='ltr'>ἔφαγε</span> <span class='ocrx_word' id='word_1_340' title='bbox 702 2805 819 2875; x_wconf 83' lang='grc' dir='ltr'>μὲν,</span> <span class='ocrx_word' id='word_1_341' title='bbox 849 2805 986 2860; x_wconf 83' lang='grc' dir='ltr'>ἀλλὰ</span> <span class='ocrx_word' id='word_1_342' title='bbox 1025 2806 1087 2860; x_wconf 80' lang='grc' dir='ltr'>τὸ</span> <span class='ocrx_word' id='word_1_343' title='bbox 1116 2809 1312 2861; x_wconf 78' lang='grc' dir='ltr'>οἰκεῖον</span> <span class='ocrx_word' id='word_1_344' title='bbox 1336 2808 1527 2879; x_wconf 84' lang='grc' dir='ltr'>Πάσχα</span> <span class='ocrx_word' id='word_1_345' title='bbox 1556 2808 1662 2881; x_wconf 78' lang='grc' dir='ltr'><strong><em>πρὸ</em></strong></span> 
     </span>
    </p>
   </div>
   <div class='ocr_carea' id='block_1_45' title="bbox 100 2890 1664 2968">
    <p class='ocr_par' dir='ltr' id='par_1_45' title="bbox 100 2890 1664 2968">
     <span class='ocr_line' id='line_1_45' title="bbox 100 2890 1664 2968; baseline -0.001 -14"><span class='ocrx_word' id='word_1_346' title='bbox 100 2890 188 2962; x_wconf 80' lang='grc' dir='ltr'><strong><em>τῆς</em></strong></span> <span class='ocrx_word' id='word_1_347' title='bbox 209 2894 396 2966; x_wconf 85' lang='grc' dir='ltr'>ἑορτῆς</span> <span class='ocrx_word' id='word_1_348' title='bbox 420 2895 531 2950; x_wconf 85' lang='grc' dir='ltr'>τῶν</span> <span class='ocrx_word' id='word_1_349' title='bbox 547 2894 673 2960; x_wconf 83' lang='grc' dir='ltr'>Ἀζύ</span> <span class='ocrx_word' id='word_1_350' title='bbox 682 2914 817 2968; x_wconf 87' lang='grc' dir='ltr'>μων·</span> <span class='ocrx_word' id='word_1_351' title='bbox 837 2898 934 2952; x_wconf 71' lang='grc' dir='ltr'>καὶ</span> <span class='ocrx_word' id='word_1_352' title='bbox 960 2898 1116 2951; x_wconf 82' lang='grc' dir='ltr'>τοῦτο</span> <span class='ocrx_word' id='word_1_353' title='bbox 1138 2898 1293 2968; x_wconf 84' lang='grc' dir='ltr'>δῆλον</span> <span class='ocrx_word' id='word_1_354' title='bbox 1319 2900 1385 2952; x_wconf 84' lang='grc' dir='ltr'><strong><em>ἐκ</em></strong></span> <span class='ocrx_word' id='word_1_355' title='bbox 1410 2899 1504 2953; x_wconf 84' lang='grc' dir='ltr'>τοῦ</span> <span class='ocrx_word' id='word_1_356' title='bbox 1532 2901 1664 2953; x_wconf 84' lang='grc' dir='ltr'>ἁνα-</span> 
     </span>
    </p>
   </div>
   <div class='ocr_carea' id='block_1_46' title="bbox 102 2971 1660 3063">
    <p class='ocr_par' dir='ltr' id='par_1_46' title="bbox 102 2971 1660 3063">
     <span class='ocr_line' id='line_1_46' title="bbox 102 2971 1660 3063; baseline 0.008 -30"><span class='ocrx_word' id='word_1_357' title='bbox 102 2987 269 3039; x_wconf 84' lang='grc' dir='ltr'>πεσείν</span> <span class='ocrx_word' id='word_1_358' title='bbox 308 2987 494 3040; x_wconf 83' lang='grc' dir='ltr'>αὐτόν·</span> <span class='ocrx_word' id='word_1_359' title='bbox 544 2988 668 3041; x_wconf 79' lang='grc' dir='ltr'>οὐδέ</span> <span class='ocrx_word' id='word_1_360' title='bbox 728 2971 867 3057; x_wconf 68' lang='grc' dir='ltr'>γάρ’</span> <span class='ocrx_word' id='word_1_361' title='bbox 911 2988 1423 3061; x_wconf 87' lang='grc' dir='ltr'>νενομοθετημένον·</span> <span class='ocrx_word' id='word_1_362' title='bbox 1474 2990 1660 3063; x_wconf 81' lang='grc' dir='ltr'>ἐπειδὴ</span> 
     </span>
    </p>
   </div>
   <div class='ocr_carea' id='block_1_47' title="bbox 102 3070 1661 3152">
    <p class='ocr_par' dir='ltr' id='par_1_47' title="bbox 102 3070 1661 3152">
     <span class='ocr_line' id='line_1_47' title="bbox 102 3070 1661 3152; baseline 0.006 -27"><span class='ocrx_word' id='word_1_363' title='bbox 102 3074 400 3145; x_wconf 74' lang='grc' dir='ltr'>ἱσταμένους</span> <span class='ocrx_word' id='word_1_364' title='bbox 441 3079 542 3133; x_wconf 72' lang='grc' dir='ltr'>καὶ</span> <span class='ocrx_word' id='word_1_365' title='bbox 581 3080 1049 3151; x_wconf 84' lang='grc' dir='ltr'>περιεζωσμένους</span> <span class='ocrx_word' id='word_1_366' title='bbox 1092 3081 1186 3134; x_wconf 75' lang='grc' dir='ltr'><strong><em>καὶ</em></strong></span> <span class='ocrx_word' id='word_1_367' title='bbox 1244 3070 1661 3152; x_wconf 77' lang='grc' dir='ltr'>ὑποδεδεμένους</span> 
     </span>
    </p>
   </div>
   <div class='ocr_carea' id='block_1_48' title="bbox 1772 1982 3335 2055">
    <p class='ocr_par' dir='ltr' id='par_1_48' title="bbox 1772 1982 3335 2055">
     <span class='ocr_line' id='line_1_48' title="bbox 1772 1982 3335 2055; baseline -0.006 -9"><span class='ocrx_word' id='word_1_368' title='bbox 1772 1991 2035 2046; x_wconf 89' lang='lat' dir='ltr'><strong><em>cumbens</em></strong></span> <span class='ocrx_word' id='word_1_369' title='bbox 2060 2002 2206 2054; x_wconf 91' lang='lat' dir='ltr'><strong><em>sero,</em></strong></span> <span class='ocrx_word' id='word_1_370' title='bbox 2246 1996 2300 2042; x_wconf 93' lang='lat' dir='ltr'><strong><em>et</em></strong></span> <span class='ocrx_word' id='word_1_371' title='bbox 2328 1985 2443 2041; x_wconf 86' lang='lat' dir='ltr'><strong><em>fere</em></strong></span> <span class='ocrx_word' id='word_1_372' title='bbox 2472 1994 2633 2040; x_wconf 91' lang='lat' dir='ltr'><strong><em>nocte</em></strong></span> <span class='ocrx_word' id='word_1_373' title='bbox 2661 1992 2915 2055; x_wconf 81' lang='lat' dir='ltr'><strong><em>vergente</em></strong></span> <span class='ocrx_word' id='word_1_374' title='bbox 2937 1982 3004 2039; x_wconf 90' lang='lat' dir='ltr'><strong><em>ad</em></strong></span> <span class='ocrx_word' id='word_1_375' title='bbox 3028 1996 3335 2052; x_wconf 87' lang='lat' dir='ltr'><strong><em>vesperam,</em></strong></span> 
     </span>
    </p>
   </div>
   <div class='ocr_carea' id='block_1_49' title="bbox 1769 2075 3340 2155">
    <p class='ocr_par' dir='ltr' id='par_1_49' title="bbox 1769 2075 3340 2155">
     <span class='ocr_line' id='line_1_49' title="bbox 1769 2075 3340 2155; baseline -0.005 -17"><span class='ocrx_word' id='word_1_376' title='bbox 1769 2083 1961 2155; x_wconf 87' lang='lat' dir='ltr'><strong><em>quinta</em></strong></span> <span class='ocrx_word' id='word_1_377' title='bbox 1993 2088 2151 2138; x_wconf 91' lang='lat' dir='ltr'><strong><em>nocte</em></strong></span> <span class='ocrx_word' id='word_1_378' title='bbox 2176 2078 2405 2142; x_wconf 89' lang='lat' dir='ltr'><strong><em>scilicet,</em></strong></span> <span class='ocrx_word' id='word_1_379' title='bbox 2443 2077 2792 2133; x_wconf 87' lang='lat' dir='ltr'><strong><em>manducavit</em></strong></span> <span class='ocrx_word' id='word_1_380' title='bbox 2824 2076 3042 2147; x_wconf 90' lang='lat' dir='ltr'><strong><em>quidem</em></strong></span> <span class='ocrx_word' id='word_1_381' title='bbox 3087 2075 3182 2131; x_wconf 90' lang='lat' dir='ltr'><strong><em>sed</em></strong></span> <span class='ocrx_word' id='word_1_382' title='bbox 3208 2090 3340 2146; x_wconf 89' lang='lat' dir='ltr'><strong><em>pro-</em></strong></span> 
     </span>
    </p>
   </div>
   <div class='ocr_carea' id='block_1_50' title="bbox 1766 2167 3341 2246">
    <p class='ocr_par' dir='ltr' id='par_1_50' title="bbox 1766 2167 3341 2246">
     <span class='ocr_line' id='line_1_50' title="bbox 1766 2167 3341 2246; baseline -0.004 -15"><span class='ocrx_word' id='word_1_383' title='bbox 1766 2177 1945 2246; x_wconf 87' lang='lat' dir='ltr'><strong><em>prium</em></strong></span> <span class='ocrx_word' id='word_1_384' title='bbox 1974 2173 2204 2239; x_wconf 86' lang='lat' dir='ltr'><strong><em>Pascha,</em></strong></span> <span class='ocrx_word' id='word_1_385' title='bbox 2233 2181 2359 2228; x_wconf 87' lang='lat' dir='ltr'><strong><em>ante</em></strong></span> <span class='ocrx_word' id='word_1_386' title='bbox 2392 2170 2592 2229; x_wconf 80' lang='lat' dir='ltr'><strong><em>festum</em></strong></span> <span class='ocrx_word' id='word_1_387' title='bbox 2620 2171 2973 2243; x_wconf 86' lang='lat' dir='ltr'><strong><em>Azymorum.</em></strong></span> <span class='ocrx_word' id='word_1_388' title='bbox 3004 2167 3074 2224; x_wconf 87' lang='lat' dir='ltr'><strong><em>Et</em></strong></span> <span class='ocrx_word' id='word_1_389' title='bbox 3094 2169 3202 2226; x_wconf 90' lang='lat' dir='ltr'><strong><em>hoc</em></strong></span> <span class='ocrx_word' id='word_1_390' title='bbox 3222 2184 3341 2224; x_wconf 85' lang='lat' dir='ltr'><strong><em>ma-</em></strong></span> 
     </span>
    </p>
   </div>
   <div class='ocr_carea' id='block_1_51' title="bbox 1767 2258 3336 2332">
    <p class='ocr_par' dir='ltr' id='par_1_51' title="bbox 1767 2258 3336 2332">
     <span class='ocr_line' id='line_1_51' title="bbox 1767 2258 3336 2332; baseline -0.004 -12"><span class='ocrx_word' id='word_1_391' title='bbox 1767 2265 2026 2322; x_wconf 84' lang='lat' dir='ltr'><strong><em>nifestum</em></strong></span> <span class='ocrx_word' id='word_1_392' title='bbox 2055 2279 2087 2320; x_wconf 91' lang='lat' dir='ltr'><strong><em>e</em></strong></span> <span class='ocrx_word' id='word_1_393' title='bbox 2114 2276 2271 2320; x_wconf 73' lang='lat' dir='ltr'><strong><em>coena</em></strong></span> <span class='ocrx_word' id='word_1_394' title='bbox 2301 2261 2443 2332; x_wconf 88' lang='lat' dir='ltr'><strong><em>ejus,</em></strong></span> <span class='ocrx_word' id='word_1_395' title='bbox 2470 2275 2650 2332; x_wconf 90' lang='lat' dir='ltr'><strong><em>neque</em></strong></span> <span class='ocrx_word' id='word_1_396' title='bbox 2681 2261 2828 2316; x_wconf 88' lang='lat' dir='ltr'><strong><em>enim</em></strong></span> <span class='ocrx_word' id='word_1_397' title='bbox 2863 2259 2969 2316; x_wconf 91' lang='lat' dir='ltr'><strong><em>hoc</em></strong></span> <span class='ocrx_word' id='word_1_398' title='bbox 2999 2258 3172 2330; x_wconf 85' lang='lat' dir='ltr'><strong><em>legale</em></strong></span> <span class='ocrx_word' id='word_1_399' title='bbox 3197 2266 3336 2327; x_wconf 90' lang='lat' dir='ltr'><strong><em>erat,</em></strong></span> 
     </span>
    </p>
   </div>
   <div class='ocr_carea' id='block_1_52' title="bbox 1765 2350 3339 2430">
    <p class='ocr_par' dir='ltr' id='par_1_52' title="bbox 1765 2350 3339 2430">
     <span class='ocr_line' id='line_1_52' title="bbox 1765 2350 3339 2430; baseline -0.006 -16"><span class='ocrx_word' id='word_1_400' title='bbox 1765 2357 1894 2430; x_wconf 89' lang='lat' dir='ltr'><strong><em>quia</em></strong></span> <span class='ocrx_word' id='word_1_401' title='bbox 1915 2364 2143 2421; x_wconf 85' lang='lat' dir='ltr'><strong><em>stantes,</em></strong></span> <span class='ocrx_word' id='word_1_402' title='bbox 2173 2364 2227 2411; x_wconf 90' lang='lat' dir='ltr'><strong><em>et</em></strong></span> <span class='ocrx_word' id='word_1_403' title='bbox 2254 2354 2598 2426; x_wconf 64' lang='lat' dir='ltr'><strong><em>praecinctos,</em></strong></span> <span class='ocrx_word' id='word_1_404' title='bbox 2624 2361 2681 2409; x_wconf 88' lang='lat' dir='ltr'><strong><em>et</em></strong></span> <span class='ocrx_word' id='word_1_405' title='bbox 2703 2352 3073 2408; x_wconf 89' lang='lat' dir='ltr'><strong><em>calceamenta</em></strong></span> <span class='ocrx_word' id='word_1_406' title='bbox 3102 2351 3159 2406; x_wconf 92' lang='lat' dir='ltr'><strong><em>in</em></strong></span> <span class='ocrx_word' id='word_1_407' title='bbox 3186 2350 3339 2421; x_wconf 89' lang='lat' dir='ltr'><strong><em>pedi-</em></strong></span> 
     </span>
    </p>
   </div>
   <div class='ocr_carea' id='block_1_53' title="bbox 1764 2439 3337 2512">
    <p class='ocr_par' dir='ltr' id='par_1_53' title="bbox 1764 2439 3337 2512">
     <span class='ocr_line' id='line_1_53' title="bbox 1764 2439 3337 2512; baseline -0.006 -9"><span class='ocrx_word' id='word_1_408' title='bbox 1764 2447 1868 2504; x_wconf 88' lang='lat' dir='ltr'><strong><em>bus</em></strong></span> <span class='ocrx_word' id='word_1_409' title='bbox 1893 2446 2175 2512; x_wconf 87' lang='lat' dir='ltr'><strong><em>habentes,</em></strong></span> <span class='ocrx_word' id='word_1_410' title='bbox 2205 2443 2540 2499; x_wconf 88' lang='lat' dir='ltr'><strong><em>manducare</em></strong></span> <span class='ocrx_word' id='word_1_411' title='bbox 2569 2440 2778 2497; x_wconf 88' lang='lat' dir='ltr'><strong><em>Pascha</em></strong></span> <span class='ocrx_word' id='word_1_412' title='bbox 2807 2456 2933 2496; x_wconf 90' lang='lat' dir='ltr'><strong><em>cum</em></strong></span> <span class='ocrx_word' id='word_1_413' title='bbox 2964 2439 3337 2506; x_wconf 79' lang='lat' dir='ltr'><strong><em>festinatione,</em></strong></span> 
     </span>
    </p>
   </div>
   <div class='ocr_carea' id='block_1_54' title="bbox 1764 2530 3339 2604">
    <p class='ocr_par' dir='ltr' id='par_1_54' title="bbox 1764 2530 3339 2604">
     <span class='ocr_line' id='line_1_54' title="bbox 1764 2530 3339 2604; baseline -0.004 -11"><span class='ocrx_word' id='word_1_414' title='bbox 1764 2548 1818 2593; x_wconf 92' lang='lat' dir='ltr'><strong><em>et</em></strong></span> <span class='ocrx_word' id='word_1_415' title='bbox 1846 2538 2104 2593; x_wconf 87' lang='lat' dir='ltr'><strong><em>manibus</em></strong></span> <span class='ocrx_word' id='word_1_416' title='bbox 2130 2535 2384 2592; x_wconf 88' lang='lat' dir='ltr'><strong><em>baculum</em></strong></span> <span class='ocrx_word' id='word_1_417' title='bbox 2408 2543 2612 2601; x_wconf 87' lang='lat' dir='ltr'><strong><em>tenere,</em></strong></span> <span class='ocrx_word' id='word_1_418' title='bbox 2636 2532 2838 2590; x_wconf 90' lang='lat' dir='ltr'><strong><em>Judaeis</em></strong></span> <span class='ocrx_word' id='word_1_419' title='bbox 2861 2534 2945 2589; x_wconf 77' lang='lat' dir='ltr'><strong><em>lex</em></strong></span> <span class='ocrx_word' id='word_1_420' title='bbox 2972 2532 3217 2604; x_wconf 86' lang='lat' dir='ltr'><strong><em>jubebat.</em></strong></span> <span class='ocrx_word' id='word_1_421' title='bbox 3246 2530 3339 2586; x_wconf 87' lang='lat' dir='ltr'><strong><em>Fi-</em></strong></span> 
     </span>
    </p>
   </div>
   <div class='ocr_carea' id='block_1_55' title="bbox 1763 2622 3338 2699">
    <p class='ocr_par' dir='ltr' id='par_1_55' title="bbox 1763 2622 3338 2699">
     <span class='ocr_line' id='line_1_55' title="bbox 1763 2622 3338 2699; baseline -0.003 -15"><span class='ocrx_word' id='word_1_422' title='bbox 1763 2645 1888 2685; x_wconf 90' lang='lat' dir='ltr'><strong><em>nem</em></strong></span> <span class='ocrx_word' id='word_1_423' title='bbox 1927 2628 2188 2699; x_wconf 88' lang='lat' dir='ltr'><strong><em>imposuit</em></strong></span> <span class='ocrx_word' id='word_1_424' title='bbox 2219 2635 2463 2698; x_wconf 90' lang='lat' dir='ltr'><strong><em>tempore</em></strong></span> <span class='ocrx_word' id='word_1_425' title='bbox 2509 2626 2745 2697; x_wconf 84' lang='lat' dir='ltr'><strong><em>propriae</em></strong></span> <span class='ocrx_word' id='word_1_426' title='bbox 2785 2624 3189 2696; x_wconf 61' lang='lat' dir='ltr'><strong><em>pradicationis</em></strong></span> <span class='ocrx_word' id='word_1_427' title='bbox 3233 2622 3338 2680; x_wconf 89' lang='lat' dir='ltr'><strong><em>Pa-</em></strong></span> 
     </span>
    </p>
   </div>
   <div class='ocr_carea' id='block_1_56' title="bbox 1763 2715 3335 2791">
    <p class='ocr_par' dir='ltr' id='par_1_56' title="bbox 1763 2715 3335 2791">
     <span class='ocr_line' id='line_1_56' title="bbox 1763 2715 3335 2791; baseline -0.003 -14"><span class='ocrx_word' id='word_1_428' title='bbox 1763 2722 1938 2777; x_wconf 90' lang='lat' dir='ltr'><strong><em>schati</em></strong></span> <span class='ocrx_word' id='word_1_429' title='bbox 1958 2720 2137 2791; x_wconf 80' lang='lat' dir='ltr'><strong><em>legali,</em></strong></span> <span class='ocrx_word' id='word_1_430' title='bbox 2170 2719 2320 2775; x_wconf 84' lang='lat' dir='ltr'><strong><em>dedit</em></strong></span> <span class='ocrx_word' id='word_1_431' title='bbox 2351 2733 2483 2776; x_wconf 89' lang='lat' dir='ltr'><strong><em>vero</em></strong></span> <span class='ocrx_word' id='word_1_432' title='bbox 2518 2718 2797 2789; x_wconf 87' lang='lat' dir='ltr'><strong><em>proprium</em></strong></span> <span class='ocrx_word' id='word_1_433' title='bbox 2821 2715 3023 2787; x_wconf 87' lang='lat' dir='ltr'><strong><em>pascha</em></strong></span> <span class='ocrx_word' id='word_1_434' title='bbox 3059 2715 3117 2771; x_wconf 90' lang='lat' dir='ltr'><strong><em>in</em></strong></span> <span class='ocrx_word' id='word_1_435' title='bbox 3156 2729 3335 2773; x_wconf 76' lang='lat' dir='ltr'><strong><em>coena.</em></strong></span> 
     </span>
    </p>
   </div>
   <div class='ocr_carea' id='block_1_57' title="bbox 1761 2804 3339 2884">
    <p class='ocr_par' dir='ltr' id='par_1_57' title="bbox 1761 2804 3339 2884">
     <span class='ocr_line' id='line_1_57' title="bbox 1761 2804 3339 2884; baseline -0.003 -16"><span class='ocrx_word' id='word_1_436' title='bbox 1761 2813 1949 2884; x_wconf 84' lang='lat' dir='ltr'><strong><em>Itaque</em></strong></span> <span class='ocrx_word' id='word_1_437' title='bbox 1976 2820 2101 2883; x_wconf 90' lang='lat' dir='ltr'><strong><em>post</em></strong></span> <span class='ocrx_word' id='word_1_438' title='bbox 2126 2826 2364 2876; x_wconf 77' lang='lat' dir='ltr'><strong><em>ctenam,</em></strong></span> <span class='ocrx_word' id='word_1_439' title='bbox 2395 2808 2600 2879; x_wconf 90' lang='lat' dir='ltr'><strong><em>accepit</em></strong></span> <span class='ocrx_word' id='word_1_440' title='bbox 2625 2822 2844 2879; x_wconf 88' lang='lat' dir='ltr'><strong><em>panem,</em></strong></span> <span class='ocrx_word' id='word_1_441' title='bbox 2861 2804 3058 2878; x_wconf 82' lang='lat' dir='ltr'><strong><em>frangit</em></strong></span> <span class='ocrx_word' id='word_1_442' title='bbox 3082 2805 3339 2877; x_wconf 84' lang='lat' dir='ltr'><strong><em>deditque</em></strong></span> 
     </span>
    </p>
   </div>
   <div class='ocr_carea' id='block_1_58' title="bbox 1762 2898 3340 2977">
    <p class='ocr_par' dir='ltr' id='par_1_58' title="bbox 1762 2898 3340 2977">
     <span class='ocr_line' id='line_1_58' title="bbox 1762 2898 3340 2977; baseline -0.004 -15"><span class='ocrx_word' id='word_1_443' title='bbox 1762 2905 2023 2977; x_wconf 89' lang='lat' dir='ltr'><strong><em>apostolis</em></strong></span> <span class='ocrx_word' id='word_1_444' title='bbox 2042 2904 2361 2976; x_wconf 81' lang='lat' dir='ltr'><strong><em>mysterium</em></strong></span> <span class='ocrx_word' id='word_1_445' title='bbox 2381 2900 2517 2957; x_wconf 86' lang='lat' dir='ltr'><strong><em>Novi</em></strong></span> <span class='ocrx_word' id='word_1_446' title='bbox 2538 2900 2871 2957; x_wconf 88' lang='lat' dir='ltr'><strong><em>Testamenti</em></strong></span> <span class='ocrx_word' id='word_1_447' title='bbox 2890 2899 2976 2956; x_wconf 90' lang='lat' dir='ltr'><strong><em>sui</em></strong></span> <span class='ocrx_word' id='word_1_448' title='bbox 2991 2914 3059 2955; x_wconf 90' lang='lat' dir='ltr'><strong><em>ac</em></strong></span> <span class='ocrx_word' id='word_1_449' title='bbox 3080 2898 3340 2970; x_wconf 73' lang='lat' dir='ltr'><strong><em>Liturgiae</em></strong></span> 
     </span>
    </p>
   </div>
   <div class='ocr_carea' id='block_1_59' title="bbox 1761 2992 3336 3065">
    <p class='ocr_par' dir='ltr' id='par_1_59' title="bbox 1761 2992 3336 3065">
     <span class='ocr_line' id='line_1_59' title="bbox 1761 2992 3336 3065; baseline -0.005 -11"><span class='ocrx_word' id='word_1_450' title='bbox 1761 3013 1937 3063; x_wconf 83' lang='lat' dir='ltr'><strong><em>novae,</em></strong></span> <span class='ocrx_word' id='word_1_451' title='bbox 1981 3006 2143 3053; x_wconf 91' lang='lat' dir='ltr'><strong><em>nocte</em></strong></span> <span class='ocrx_word' id='word_1_452' title='bbox 2193 2995 2402 3052; x_wconf 88' lang='lat' dir='ltr'><strong><em>scilicet</em></strong></span> <span class='ocrx_word' id='word_1_453' title='bbox 2441 2994 2656 3065; x_wconf 88' lang='lat' dir='ltr'><strong><em>quinta,</em></strong></span> <span class='ocrx_word' id='word_1_454' title='bbox 2704 2993 2760 3048; x_wconf 91' lang='lat' dir='ltr'><strong><em>in</em></strong></span> <span class='ocrx_word' id='word_1_455' title='bbox 2795 3007 2902 3063; x_wconf 91' lang='lat' dir='ltr'><strong><em>qua</em></strong></span> <span class='ocrx_word' id='word_1_456' title='bbox 2955 2992 3189 3047; x_wconf 89' lang='lat' dir='ltr'><strong><em>traditus</em></strong></span> <span class='ocrx_word' id='word_1_457' title='bbox 3231 2999 3336 3048; x_wconf 87' lang='lat' dir='ltr'><strong><em>est.</em></strong></span> 
     </span>
    </p>
   </div>
   <div class='ocr_carea' id='block_1_60' title="bbox 1761 3083 3340 3160">
    <p class='ocr_par' dir='ltr' id='par_1_60' title="bbox 1761 3083 3340 3160">
     <span class='ocr_line' id='line_1_60' title="bbox 1761 3083 3340 3160; baseline -0.005 -13"><span class='ocrx_word' id='word_1_458' title='bbox 1761 3092 1916 3147; x_wconf 88' lang='lat' dir='ltr'><strong><em>Scire</em></strong></span> <span class='ocrx_word' id='word_1_459' title='bbox 1930 3106 2062 3146; x_wconf 84' lang='lat' dir='ltr'><strong><em>vero</em></strong></span> <span class='ocrx_word' id='word_1_460' title='bbox 2087 3097 2303 3160; x_wconf 89' lang='lat' dir='ltr'><strong><em>oportet</em></strong></span> <span class='ocrx_word' id='word_1_461' title='bbox 2321 3088 2489 3160; x_wconf 89' lang='lat' dir='ltr'><strong><em>quod,</em></strong></span> <span class='ocrx_word' id='word_1_462' title='bbox 2515 3101 2624 3157; x_wconf 89' lang='lat' dir='ltr'><strong><em>qua</em></strong></span> <span class='ocrx_word' id='word_1_463' title='bbox 2645 3087 2782 3142; x_wconf 90' lang='lat' dir='ltr'><strong><em>hora</em></strong></span> <span class='ocrx_word' id='word_1_464' title='bbox 2801 3083 3194 3141; x_wconf 80' lang='lat' dir='ltr'><strong><em>cruciﬁxerunt</em></strong></span> <span class='ocrx_word' id='word_1_465' title='bbox 3222 3083 3340 3140; x_wconf 85' lang='lat' dir='ltr'><strong><em>dei-</em></strong></span> 
     </span>
    </p>
   </div>
   <div class='ocr_carea' id='block_1_61' title="bbox 103 3162 1654 3264">
    <p class='ocr_par' dir='ltr' id='par_1_61' title="bbox 103 3162 1654 3264">
     <span class='ocr_line' id='line_1_61' title="bbox 103 3162 1654 3264; baseline 0.006 -48"><span class='ocrx_word' id='word_1_466' title='bbox 103 3162 283 3264; x_wconf 57' lang='grc' dir='ltr'>ἐσθίειν</span> <span class='ocrx_word' id='word_1_467' title='bbox 312 3169 372 3221; x_wconf 82' lang='grc' dir='ltr'><strong><em>τὸ</em></strong></span> <span class='ocrx_word' id='word_1_468' title='bbox 393 3169 589 3241; x_wconf 84' lang='grc' dir='ltr'>Πάσχα</span> <span class='ocrx_word' id='word_1_469' title='bbox 637 3170 777 3240; x_wconf 86' lang='grc' dir='ltr'>μετὰ</span> <span class='ocrx_word' id='word_1_470' title='bbox 803 3170 1058 3242; x_wconf 80' lang='grc' dir='ltr'>σπουδῆς,</span> <span class='ocrx_word' id='word_1_471' title='bbox 1090 3172 1184 3225; x_wconf 74' lang='grc' dir='ltr'><strong><em>καὶ</em></strong></span> <span class='ocrx_word' id='word_1_472' title='bbox 1213 3172 1305 3224; x_wconf 81' lang='grc' dir='ltr'><strong><em>ἐπὶ</em></strong></span> <span class='ocrx_word' id='word_1_473' title='bbox 1344 3174 1533 3243; x_wconf 86' lang='grc' dir='ltr'>χεῖρας</span> <span class='ocrx_word' id='word_1_474' title='bbox 1559 3172 1654 3245; x_wconf 85' lang='grc' dir='ltr'>τὴν</span> 
     </span>
    </p>
   </div>
   <div class='ocr_carea' id='block_1_62' title="bbox 1777 3162 3339 3264">
    <p class='ocr_par' dir='ltr' id='par_1_62' title="bbox 1777 3175 3339 3257">
     <span class='ocr_line' id='line_1_62' title="bbox 1777 3175 3339 3257; baseline -0.005 -19"><span class='ocrx_word' id='word_1_475' title='bbox 1777 3183 1896 3251; x_wconf 66' lang='lat' dir='ltr'><strong><em>:idae</em></strong></span> <span class='ocrx_word' id='word_1_476' title='bbox 1917 3181 2205 3237; x_wconf 90' lang='lat' dir='ltr'><strong><em>Dominum</em></strong></span> <span class='ocrx_word' id='word_1_477' title='bbox 2258 3179 2470 3251; x_wconf 63' lang='lat' dir='ltr'><strong><em>gloriae,</em></strong></span> <span class='ocrx_word' id='word_1_478' title='bbox 2502 3178 2694 3233; x_wconf 88' lang='lat' dir='ltr'><strong><em>eadem</em></strong></span> <span class='ocrx_word' id='word_1_479' title='bbox 2724 3178 2862 3232; x_wconf 89' lang='lat' dir='ltr'><strong><em>hora</em></strong></span> <span class='ocrx_word' id='word_1_480' title='bbox 2891 3190 3094 3246; x_wconf 86' lang='lat' dir='ltr'><strong><em>agnum</em></strong></span> <span class='ocrx_word' id='word_1_481' title='bbox 3139 3175 3339 3257; x_wconf 80' lang='lat' dir='ltr'><strong><em>immo-</em></strong></span> 
     </span>
    </p>
   </div>
   <div class='ocr_carea' id='block_1_63' title="bbox 102 3252 1657 3334">
    <p class='ocr_par' dir='ltr' id='par_1_63' title="bbox 102 3252 1657 3334">
     <span class='ocr_line' id='line_1_63' title="bbox 102 3252 1657 3334; baseline 0.006 -28"><span class='ocrx_word' id='word_1_482' title='bbox 102 3252 383 3329; x_wconf 83' lang='grc' dir='ltr'>βακτηρίαν</span> <span class='ocrx_word' id='word_1_483' title='bbox 414 3260 642 3332; x_wconf 74' lang='grc' dir='ltr'>ἔχοντας</span> <span class='ocrx_word' id='word_1_484' title='bbox 682 3264 795 3326; x_wconf 84' lang='grc' dir='ltr'>τοῖς</span> <span class='ocrx_word' id='word_1_485' title='bbox 830 3262 1103 3326; x_wconf 84' lang='grc' dir='ltr'>Ἰουδαίοις</span> <span class='ocrx_word' id='word_1_486' title='bbox 1146 3263 1176 3315; x_wconf 92' lang='lat'><strong><em>6</em></strong></span> <span class='ocrx_word' id='word_1_487' title='bbox 1205 3262 1368 3334; x_wconf 88' lang='grc' dir='ltr'>νόμος</span> <span class='ocrx_word' id='word_1_488' title='bbox 1419 3262 1657 3317; x_wconf 86' lang='grc' dir='ltr'>ἐκέλευε·</span> 
     </span>
    </p>
   </div>
   <div class='ocr_carea' id='block_1_64' title="bbox 1760 3254 3341 3341">
    <p class='ocr_par' dir='ltr' id='par_1_64' title="bbox 1760 3254 3341 3341">
     <span class='ocr_line' id='line_1_64' title="bbox 1760 3254 3341 3341; baseline -0.006 -13"><span class='ocrx_word' id='word_1_489' title='bbox 1760 3275 1956 3341; x_wconf 77' lang='lat' dir='ltr'><strong><em>tantes,</em></strong></span> <span class='ocrx_word' id='word_1_490' title='bbox 1980 3270 2191 3328; x_wconf 87' lang='lat' dir='ltr'><strong><em>Pascha</em></strong></span> <span class='ocrx_word' id='word_1_491' title='bbox 2221 3269 2393 3340; x_wconf 83' lang='lat' dir='ltr'><strong><em>legale</em></strong></span> <span class='ocrx_word' id='word_1_492' title='bbox 2423 3267 2911 3324; x_wconf 89' lang='lat' dir='ltr'><strong><em>manducaverunt.</em></strong></span> <span class='ocrx_word' id='word_1_493' title='bbox 2934 3265 3002 3322; x_wconf 84' lang='lat' dir='ltr'><strong><em>Et</em></strong></span> <span class='ocrx_word' id='word_1_494' title='bbox 3022 3266 3130 3322; x_wconf 89' lang='lat' dir='ltr'><strong><em>hoc</em></strong></span> <span class='ocrx_word' id='word_1_495' title='bbox 3150 3254 3341 3321; x_wconf 81' lang='lat' dir='ltr'><strong><em>mani-</em></strong></span> 
     </span>
    </p>
   </div>
   <div class='ocr_carea' id='block_1_65' title="bbox 101 3349 1654 3429">
    <p class='ocr_par' dir='ltr' id='par_1_65' title="bbox 101 3349 1654 3426">
     <span class='ocr_line' id='line_1_65' title="bbox 101 3349 1654 3426; baseline 0.006 -27"><span class='ocrx_word' id='word_1_496' title='bbox 101 3349 393 3406; x_wconf 83' lang='grc' dir='ltr'>κατέπαυσε</span> <span class='ocrx_word' id='word_1_497' title='bbox 427 3354 530 3425; x_wconf 82' lang='grc' dir='ltr'>μὲν</span> <span class='ocrx_word' id='word_1_498' title='bbox 550 3357 663 3417; x_wconf 85' lang='grc' dir='ltr'>τοῖς</span> <span class='ocrx_word' id='word_1_499' title='bbox 691 3354 903 3424; x_wconf 77' lang='grc' dir='ltr'>χρόνοις</span> <span class='ocrx_word' id='word_1_500' title='bbox 935 3354 1051 3421; x_wconf 75' lang='grc' dir='ltr'><strong><em>’τοῦ¹</em></strong></span> <span class='ocrx_word' id='word_1_501' title='bbox 1082 3354 1281 3408; x_wconf 80' lang='grc' dir='ltr'>οἰκείου</span> <span class='ocrx_word' id='word_1_502' title='bbox 1312 3354 1654 3426; x_wconf 82' lang='grc' dir='ltr'>κηρύγματος</span> 
     </span>
    </p>
   </div>
   <div class='ocr_carea' id='block_1_66' title="bbox 1777 3349 3337 3429">
    <p class='ocr_par' dir='ltr' id='par_1_66' title="bbox 1777 3354 3337 3429">
     <span class='ocr_line' id='line_1_66' title="bbox 1777 3354 3337 3429; baseline -0.007 -9"><span class='ocrx_word' id='word_1_503' title='bbox 1777 3363 1959 3420; x_wconf 87' lang='lat' dir='ltr'><strong><em>&#39;cstum</em></strong></span> <span class='ocrx_word' id='word_1_504' title='bbox 1989 3372 2074 3418; x_wconf 88' lang='lat' dir='ltr'><strong><em>est</em></strong></span> <span class='ocrx_word' id='word_1_505' title='bbox 2102 3376 2136 3417; x_wconf 91' lang='lat' dir='ltr'><strong><em>e</em></strong></span> <span class='ocrx_word' id='word_1_506' title='bbox 2155 3360 2338 3417; x_wconf 85' lang='lat' dir='ltr'><strong><em>verbis</em></strong></span> <span class='ocrx_word' id='word_1_507' title='bbox 2358 3356 2705 3429; x_wconf 64' lang='lat' dir='ltr'><strong><em>evangelista:</em></strong></span> <span class='ocrx_word' id='word_1_508' title='bbox 2739 3355 2967 3413; x_wconf 80' lang='lat' dir='ltr'><strong><em>Joannis</em></strong></span> <span class='ocrx_word' id='word_1_509' title='bbox 2993 3374 3009 3411; x_wconf 90' lang='lat'><strong>:</strong></span> <span class='ocrx_word' id='word_1_510' title='bbox 3050 3355 3197 3427; x_wconf 90' lang='lat' dir='ltr'><strong><em>quod</em></strong></span> <span class='ocrx_word' id='word_1_511' title='bbox 3228 3354 3337 3426; x_wconf 91' lang='lat' dir='ltr'><strong><em>ipsi</em></strong></span> 
     </span>
    </p>
   </div>
   <div class='ocr_carea' id='block_1_67' title="bbox 99 3435 1654 3523">
    <p class='ocr_par' dir='ltr' id='par_1_67' title="bbox 99 3435 1654 3515">
     <span class='ocr_line' id='line_1_67' title="bbox 99 3435 1654 3515; baseline 0.009 -26"><span class='ocrx_word' id='word_1_512' title='bbox 99 3435 154 3490; x_wconf 78' lang='grc' dir='ltr'>τὸ</span> <span class='ocrx_word' id='word_1_513' title='bbox 172 3439 351 3513; x_wconf 84' lang='grc' dir='ltr'>Πάσχα</span> <span class='ocrx_word' id='word_1_514' title='bbox 384 3445 450 3498; x_wconf 83' lang='grc' dir='ltr'><strong><em>τὸ</em></strong></span> <span class='ocrx_word' id='word_1_515' title='bbox 482 3445 725 3514; x_wconf 74' lang='grc' dir='ltr'>νομικὸν,</span> <span class='ocrx_word' id='word_1_516' title='bbox 750 3446 1032 3515; x_wconf 82' lang='grc' dir='ltr'>παρέδωκε</span> <span class='ocrx_word' id='word_1_517' title='bbox 1060 3446 1116 3500; x_wconf 81' lang='grc' dir='ltr'><strong><em>δέ</em></strong></span> <span class='ocrx_word' id='word_1_518' title='bbox 1137 3447 1198 3500; x_wconf 83' lang='grc' dir='ltr'><strong><em>τὸ</em></strong></span> <span class='ocrx_word' id='word_1_519' title='bbox 1228 3449 1425 3502; x_wconf 76' lang='grc' dir='ltr'>οἰκεῖον</span> <span class='ocrx_word' id='word_1_520' title='bbox 1454 3447 1543 3502; x_wconf 79' lang='grc' dir='ltr'><strong><em>διὰ</em></strong></span> <span class='ocrx_word' id='word_1_521' title='bbox 1563 3449 1654 3502; x_wconf 82' lang='grc' dir='ltr'>τοῦ</span> 
     </span>
    </p>
   </div>
   <div class='ocr_carea' id='block_1_68' title="bbox 1777 3435 3335 3523">
    <p class='ocr_par' dir='ltr' id='par_1_68' title="bbox 1777 3449 3335 3523">
     <span class='ocr_line' id='line_1_68' title="bbox 1777 3449 3335 3523; baseline -0.007 -12"><span class='ocrx_word' id='word_1_522' title='bbox 1777 3470 1870 3512; x_wconf 82' lang='lat' dir='ltr'><strong><em>ton</em></strong></span> <span class='ocrx_word' id='word_1_523' title='bbox 1899 3455 2241 3511; x_wconf 90' lang='lat' dir='ltr'><strong><em>intraverunt</em></strong></span> <span class='ocrx_word' id='word_1_524' title='bbox 2269 3452 2326 3507; x_wconf 92' lang='lat' dir='ltr'><strong><em>in</em></strong></span> <span class='ocrx_word' id='word_1_525' title='bbox 2350 3450 2667 3523; x_wconf 83' lang='lat' dir='ltr'><strong><em>praetorium</em></strong></span> <span class='ocrx_word' id='word_1_526' title='bbox 2697 3465 2767 3505; x_wconf 91' lang='lat' dir='ltr'><strong><em>ne</em></strong></span> <span class='ocrx_word' id='word_1_527' title='bbox 2798 3449 3335 3513; x_wconf 83' lang='lat' dir='ltr'><strong><em>contaminarentur,</em></strong></span> 
     </span>
    </p>
   </div>
   <div class='ocr_carea' id='block_1_69' title="bbox 99 3525 1654 3617">
    <p class='ocr_par' dir='ltr' id='par_1_69' title="bbox 99 3526 1654 3611">
     <span class='ocr_line' id='line_1_69' title="bbox 99 3526 1654 3611; baseline 0.01 -31"><span class='ocrx_word' id='word_1_528' title='bbox 99 3526 312 3586; x_wconf 85' lang='grc' dir='ltr'>δείπνου·</span> <span class='ocrx_word' id='word_1_529' title='bbox 330 3535 410 3589; x_wconf 81' lang='grc' dir='ltr'>διὸ</span> <span class='ocrx_word' id='word_1_530' title='bbox 437 3537 580 3607; x_wconf 80' lang='grc' dir='ltr'>μετὰ</span> <span class='ocrx_word' id='word_1_531' title='bbox 602 3537 664 3590; x_wconf 80' lang='grc' dir='ltr'>τὸ</span> <span class='ocrx_word' id='word_1_532' title='bbox 682 3536 986 3608; x_wconf 85' lang='grc' dir='ltr'>δειπνῆσαι.</span> <span class='ocrx_word' id='word_1_533' title='bbox 1003 3537 1180 3591; x_wconf 80' lang='grc' dir='ltr'>λαϐὼν</span> <span class='ocrx_word' id='word_1_534' title='bbox 1204 3538 1390 3611; x_wconf 85' lang='grc' dir='ltr'>ἄρτον,</span> <span class='ocrx_word' id='word_1_535' title='bbox 1411 3540 1505 3594; x_wconf 76' lang='grc' dir='ltr'><strong><em>καὶ</em></strong></span> <span class='ocrx_word' id='word_1_536' title='bbox 1529 3540 1654 3595; x_wconf 81' lang='grc' dir='ltr'>κλά-</span> 
     </span>
    </p>
   </div>
   <div class='ocr_carea' id='block_1_70' title="bbox 1777 3525 3338 3617">
    <p class='ocr_par' dir='ltr' id='par_1_70' title="bbox 1777 3525 3338 3617">
     <span class='ocr_line' id='line_1_70' title="bbox 1777 3525 3338 3617; baseline -0.007 -13"><span class='ocrx_word' id='word_1_537' title='bbox 1777 3563 1823 3604; x_wconf 84' lang='lat' dir='ltr'><strong><em>tc</em></strong></span> <span class='ocrx_word' id='word_1_538' title='bbox 1856 3546 2061 3617; x_wconf 88' lang='lat' dir='ltr'><strong><em>pascha</em></strong></span> <span class='ocrx_word' id='word_1_539' title='bbox 2096 3543 2435 3603; x_wconf 87' lang='lat' dir='ltr'><strong><em>manducare</em></strong></span> <span class='ocrx_word' id='word_1_540' title='bbox 2470 3549 2742 3613; x_wconf 87' lang='lat' dir='ltr'><strong><em>possent:</em></strong></span> <span class='ocrx_word' id='word_1_541' title='bbox 2790 3541 2865 3595; x_wconf 83' lang='lat' dir='ltr'><strong><em>ita</em></strong></span> <span class='ocrx_word' id='word_1_542' title='bbox 2909 3551 2973 3595; x_wconf 88' lang='lat' dir='ltr'><strong><em>ut</em></strong></span> <span class='ocrx_word' id='word_1_543' title='bbox 3013 3525 3179 3595; x_wconf 86' lang='lat' dir='ltr'><strong><em>unius</em></strong></span> <span class='ocrx_word' id='word_1_544' title='bbox 3227 3537 3338 3594; x_wconf 80' lang='lat' dir='ltr'><strong><em>diei</em></strong></span> 
     </span>
    </p>
   </div>
   <div class='ocr_carea' id='block_1_71' title="bbox 103 3626 1654 3709">
    <p class='ocr_par' dir='ltr' id='par_1_71' title="bbox 103 3626 1654 3703">
     <span class='ocr_line' id='line_1_71' title="bbox 103 3626 1654 3703; baseline 0.008 -30"><span class='ocrx_word' id='word_1_545' title='bbox 103 3633 209 3683; x_wconf 77' lang='grc' dir='ltr'>σας,</span> <span class='ocrx_word' id='word_1_546' title='bbox 231 3626 511 3696; x_wconf 82' lang='grc' dir='ltr'>παρέδωκε</span> <span class='ocrx_word' id='word_1_547' title='bbox 555 3628 669 3690; x_wconf 83' lang='grc' dir='ltr'>τοῖς</span> <span class='ocrx_word' id='word_1_548' title='bbox 716 3628 1034 3702; x_wconf 75' lang='grc' dir='ltr'>ἀποστόλοις</span> <span class='ocrx_word' id='word_1_549' title='bbox 1090 3629 1151 3682; x_wconf 75' lang='grc' dir='ltr'>τὸ</span> <span class='ocrx_word' id='word_1_550' title='bbox 1203 3632 1497 3703; x_wconf 85' lang='grc' dir='ltr'>μυστήριον</span> <span class='ocrx_word' id='word_1_551' title='bbox 1558 3632 1654 3703; x_wconf 79' lang='grc' dir='ltr'>τῆς</span> 
     </span>
    </p>
   </div>
   <div class='ocr_carea' id='block_1_72' title="bbox 1777 3626 3338 3709">
    <p class='ocr_par' dir='ltr' id='par_1_72' title="bbox 1777 3630 3338 3709">
     <span class='ocr_line' id='line_1_72' title="bbox 1777 3630 3338 3709; baseline -0.003 -18"><span class='ocrx_word' id='word_1_552' title='bbox 1777 3638 1933 3709; x_wconf 76' lang='lat' dir='ltr'><strong><em>:patio</em></strong></span> <span class='ocrx_word' id='word_1_553' title='bbox 1993 3643 2123 3708; x_wconf 90' lang='lat' dir='ltr'><strong><em>post</em></strong></span> <span class='ocrx_word' id='word_1_554' title='bbox 2178 3634 2308 3707; x_wconf 88' lang='lat' dir='ltr'><strong><em>agni</em></strong></span> <span class='ocrx_word' id='word_1_555' title='bbox 2359 3631 2792 3690; x_wconf 84' lang='lat' dir='ltr'><strong><em>immolationem</em></strong></span> <span class='ocrx_word' id='word_1_556' title='bbox 2818 3669 2837 3697; x_wconf 87' lang='lat'><strong><em>,</em></strong></span> <span class='ocrx_word' id='word_1_557' title='bbox 2886 3630 3201 3688; x_wconf 88' lang='lat' dir='ltr'><strong><em>immolatus</em></strong></span> <span class='ocrx_word' id='word_1_558' title='bbox 3252 3637 3338 3686; x_wconf 89' lang='lat' dir='ltr'><strong><em>est</em></strong></span> 
     </span>
    </p>
   </div>
   <div class='ocr_carea' id='block_1_73' title="bbox 100 3710 1654 3798">
    <p class='ocr_par' dir='ltr' id='par_1_73' title="bbox 100 3710 1654 3793">
     <span class='ocr_line' id='line_1_73' title="bbox 100 3710 1654 3793; baseline 0.008 -30"><span class='ocrx_word' id='word_1_559' title='bbox 100 3710 289 3785; x_wconf 52' lang='grc' dir='ltr'>Καινῆς</span> <span class='ocrx_word' id='word_1_560' title='bbox 309 3719 587 3790; x_wconf 86' lang='grc' dir='ltr'>Διαθήκης</span> <span class='ocrx_word' id='word_1_561' title='bbox 612 3719 777 3772; x_wconf 79' lang='grc' dir='ltr'>αὐτοῦ</span> <span class='ocrx_word' id='word_1_562' title='bbox 808 3720 902 3773; x_wconf 67' lang='grc' dir='ltr'><strong><em>καὶ</em></strong></span> <span class='ocrx_word' id='word_1_563' title='bbox 918 3722 1108 3774; x_wconf 84' lang='grc' dir='ltr'>Λειτου</span> <span class='ocrx_word' id='word_1_564' title='bbox 1118 3721 1294 3791; x_wconf 82' lang='grc' dir='ltr'>ργὶας·</span> <span class='ocrx_word' id='word_1_565' title='bbox 1330 3722 1388 3773; x_wconf 76' lang='grc' dir='ltr'><strong><em>ἐν</em></strong></span> <span class='ocrx_word' id='word_1_566' title='bbox 1410 3724 1476 3793; x_wconf 84' lang='grc' dir='ltr'>τῇ</span> <span class='ocrx_word' id='word_1_567' title='bbox 1498 3724 1654 3775; x_wconf 79' lang='grc' dir='ltr'>νυκτὶ</span> 
     </span>
    </p>
   </div>
   <div class='ocr_carea' id='block_1_74' title="bbox 1777 3710 3335 3798">
    <p class='ocr_par' dir='ltr' id='par_1_74' title="bbox 1777 3723 3335 3798">
     <span class='ocr_line' id='line_1_74' title="bbox 1777 3723 3335 3798; baseline -0.004 -12"><span class='ocrx_word' id='word_1_568' title='bbox 1777 3730 2035 3787; x_wconf 73' lang='lat' dir='ltr'><strong><em>Zhristus.</em></strong></span> <span class='ocrx_word' id='word_1_569' title='bbox 2061 3728 2170 3785; x_wconf 90' lang='lat' dir='ltr'><strong><em>Sed</em></strong></span> <span class='ocrx_word' id='word_1_570' title='bbox 2198 3727 2329 3798; x_wconf 90' lang='lat' dir='ltr'><strong><em>quid</em></strong></span> <span class='ocrx_word' id='word_1_571' title='bbox 2349 3725 2484 3783; x_wconf 87' lang='lat' dir='ltr'><strong><em>dicit</em></strong></span> <span class='ocrx_word' id='word_1_572' title='bbox 2533 3725 2756 3783; x_wconf 83' lang='lat' dir='ltr'><strong><em>Lucas?</em></strong></span> <span class='ocrx_word' id='word_1_573' title='bbox 2780 3723 2983 3779; x_wconf 90' lang='lat' dir='ltr'><strong><em>Panem</em></strong></span> <span class='ocrx_word' id='word_1_574' title='bbox 3026 3731 3215 3779; x_wconf 88' lang='lat' dir='ltr'><strong><em>narrat</em></strong></span> <span class='ocrx_word' id='word_1_575' title='bbox 3239 3737 3335 3779; x_wconf 89' lang='lat' dir='ltr'><strong><em>ac-</em></strong></span> 
     </span>
    </p>
   </div>
   <div class='ocr_carea' id='block_1_75' title="bbox 99 3798 1650 3884">
    <p class='ocr_par' dir='ltr' id='par_1_75' title="bbox 99 3798 1650 3884">
     <span class='ocr_line' id='line_1_75' title="bbox 99 3798 1650 3884; baseline -0.006 -11"><span class='ocrx_word' id='word_1_576' title='bbox 99 3798 315 3872; x_wconf 81' lang='grc' dir='ltr'>δηλονότι</span> <span class='ocrx_word' id='word_1_577' title='bbox 335 3809 435 3880; x_wconf 80' lang='grc' dir='ltr'>τῆς</span> <span class='ocrx_word' id='word_1_578' title='bbox 468 3807 532 3874; x_wconf 87' lang='grc' dir='ltr'>ε’,</span> <span class='ocrx_word' id='word_1_579' title='bbox 556 3811 615 3863; x_wconf 87' lang='grc' dir='ltr'><strong><em>ἐν</em></strong></span> <span class='ocrx_word' id='word_1_580' title='bbox 708 3809 1000 3883; x_wconf 84' lang='grc' dir='ltr'>παρεδόθη.</span> <span class='ocrx_word' id='word_1_581' title='bbox 1041 3811 1235 3865; x_wconf 78' lang='grc' dir='ltr'>’ἰστέον</span> <span class='ocrx_word' id='word_1_582' title='bbox 1259 3811 1305 3865; x_wconf 83' lang='grc' dir='ltr'>δ’</span> <span class='ocrx_word' id='word_1_583' title='bbox 1327 3812 1410 3865; x_wconf 74' lang='grc' dir='ltr'><strong><em>ὅτι</em></strong></span> <span class='ocrx_word' id='word_1_584' title='bbox 1437 3811 1559 3866; x_wconf 77' lang='grc' dir='ltr'>καθ’</span> <span class='ocrx_word' id='word_1_585' title='bbox 1584 3814 1650 3884; x_wconf 69' lang='grc' dir='ltr'><strong><em>ἢν</em></strong></span> 
     </span>
    </p>
   </div>
   <div class='ocr_carea' id='block_1_76' title="bbox 100 3891 1648 3975">
    <p class='ocr_par' dir='ltr' id='par_1_76' title="bbox 100 3891 1648 3975">
     <span class='ocr_line' id='line_1_76' title="bbox 100 3891 1648 3975; baseline 0.006 -27"><span class='ocrx_word' id='word_1_586' title='bbox 100 3891 231 3965; x_wconf 80' lang='grc' dir='ltr'>ὥραν</span> <span class='ocrx_word' id='word_1_587' title='bbox 249 3898 598 3973; x_wconf 73' lang='grc' dir='ltr'>ἐσταύρωσαν</span> <span class='ocrx_word' id='word_1_588' title='bbox 627 3902 677 3955; x_wconf 79' lang='grc' dir='ltr'>οἱ</span> <span class='ocrx_word' id='word_1_589' title='bbox 699 3900 972 3955; x_wconf 86' lang='grc' dir='ltr'>θεοκτόνοι</span> <span class='ocrx_word' id='word_1_590' title='bbox 997 3902 1087 3955; x_wconf 83' lang='grc' dir='ltr'><strong><em>τὸν</em></strong></span> <span class='ocrx_word' id='word_1_591' title='bbox 1116 3902 1319 3974; x_wconf 83' lang='grc' dir='ltr'>Κύριον</span> <span class='ocrx_word' id='word_1_592' title='bbox 1344 3902 1445 3974; x_wconf 77' lang='grc' dir='ltr'><strong><em>τῆς</em></strong></span> <span class='ocrx_word' id='word_1_593' title='bbox 1470 3903 1648 3975; x_wconf 81' lang='grc' dir='ltr'>δόξης,</span> 
     </span>
    </p>
   </div>
   <div class='ocr_carea' id='block_1_77' title="bbox 100 3989 1652 4066">
    <p class='ocr_par' dir='ltr' id='par_1_77' title="bbox 100 3989 1652 4066">
     <span class='ocr_line' id='line_1_77' title="bbox 100 3989 1652 4066; baseline 0.008 -29"><span class='ocrx_word' id='word_1_594' title='bbox 100 3989 203 4040; x_wconf 80' lang='grc' dir='ltr'>κατ’</span> <span class='ocrx_word' id='word_1_595' title='bbox 244 3991 407 4065; x_wconf 77' lang='grc' dir='ltr'>αὐτὴν</span> <span class='ocrx_word' id='word_1_596' title='bbox 472 3993 568 4048; x_wconf 78' lang='grc' dir='ltr'><strong><em>καὶ</em></strong></span> <span class='ocrx_word' id='word_1_597' title='bbox 617 3993 708 4049; x_wconf 82' lang='grc' dir='ltr'><strong><em>τὸν</em></strong></span> <span class='ocrx_word' id='word_1_598' title='bbox 768 3994 940 4065; x_wconf 74' lang='grc' dir='ltr'>ἀμνὸν</span> <span class='ocrx_word' id='word_1_599' title='bbox 999 3993 1282 4059; x_wconf 85' lang='grc' dir='ltr'>θύσαντες,</span> <span class='ocrx_word' id='word_1_600' title='bbox 1338 3994 1541 4066; x_wconf 74' lang='grc' dir='ltr'>ἔφαγον</span> <span class='ocrx_word' id='word_1_601' title='bbox 1590 3997 1652 4051; x_wconf 71' lang='grc' dir='ltr'><strong><em>τὸ</em></strong></span> 
     </span>
    </p>
   </div>
   <div class='ocr_carea' id='block_1_78' title="bbox 100 4078 1650 4158">
    <p class='ocr_par' dir='ltr' id='par_1_78' title="bbox 100 4078 1650 4158">
     <span class='ocr_line' id='line_1_78' title="bbox 100 4078 1650 4158; baseline 0.005 -22"><span class='ocrx_word' id='word_1_602' title='bbox 100 4078 270 4153; x_wconf 85' lang='grc' dir='ltr'>Πάσχα</span> <span class='ocrx_word' id='word_1_603' title='bbox 297 4085 356 4139; x_wconf 80' lang='grc' dir='ltr'><strong><em>τὸ</em></strong></span> <span class='ocrx_word' id='word_1_604' title='bbox 381 4086 626 4157; x_wconf 88' lang='grc' dir='ltr'>νομικόν·</span> <span class='ocrx_word' id='word_1_605' title='bbox 654 4085 750 4141; x_wconf 77' lang='grc' dir='ltr'><strong><em>καὶ</em></strong></span> <span class='ocrx_word' id='word_1_606' title='bbox 773 4086 932 4140; x_wconf 82' lang='grc' dir='ltr'>τοῦτο</span> <span class='ocrx_word' id='word_1_607' title='bbox 961 4087 1116 4158; x_wconf 84' lang='grc' dir='ltr'>δῆλον</span> <span class='ocrx_word' id='word_1_608' title='bbox 1145 4088 1208 4141; x_wconf 85' lang='grc' dir='ltr'><strong><em>ἐκ</em></strong></span> <span class='ocrx_word' id='word_1_609' title='bbox 1238 4086 1333 4143; x_wconf 79' lang='grc' dir='ltr'>τοῦ</span> <span class='ocrx_word' id='word_1_610' title='bbox 1362 4090 1536 4143; x_wconf 77' lang='grc' dir='ltr'>εἰπεῖν</span> <span class='ocrx_word' id='word_1_611' title='bbox 1558 4090 1650 4143; x_wconf 82' lang='grc' dir='ltr'><strong><em>τὸν</em></strong></span> 
     </span>
    </p>
   </div>
   <div class='ocr_carea' id='block_1_79' title="bbox 100 4170 1650 4251">
    <p class='ocr_par' dir='ltr' id='par_1_79' title="bbox 100 4170 1650 4251">
     <span class='ocr_line' id='line_1_79' title="bbox 100 4170 1650 4251; baseline 0.006 -26"><span class='ocrx_word' id='word_1_612' title='bbox 100 4170 468 4250; x_wconf 78' lang='grc' dir='ltr'>εὐαγγελιστὴν</span> <span class='ocrx_word' id='word_1_613' title='bbox 504 4178 780 4251; x_wconf 85' lang='grc' dir='ltr'>Ἰωάννην·</span> <span class='ocrx_word' id='word_1_614' title='bbox 803 4178 882 4232; x_wconf 83' lang='grc' dir='ltr'>ὅτι</span> <span class='ocrx_word' id='word_1_615' title='bbox 903 4178 1060 4233; x_wconf 69' lang='grc' dir='ltr'><strong><em>αὐτο)⁵</em></strong></span> <span class='ocrx_word' id='word_1_616' title='bbox 1087 4179 1187 4233; x_wconf 88' lang='grc' dir='ltr'><strong><em>οὐκ</em></strong></span> <span class='ocrx_word' id='word_1_617' title='bbox 1210 4179 1459 4251; x_wconf 80' lang='grc' dir='ltr'>εἰσῆλθον</span> <span class='ocrx_word' id='word_1_618' title='bbox 1486 4182 1566 4245; x_wconf 80' lang='grc' dir='ltr'>εἰς</span> <span class='ocrx_word' id='word_1_619' title='bbox 1588 4182 1650 4234; x_wconf 80' lang='grc' dir='ltr'><strong><em>τὸ</em></strong></span> 
     </span>
    </p>
   </div>
   <div class='ocr_carea' id='block_1_80' title="bbox 99 4259 1653 4343">
    <p class='ocr_par' dir='ltr' id='par_1_80' title="bbox 99 4259 1653 4343">
     <span class='ocr_line' id='line_1_80' title="bbox 99 4259 1653 4343; baseline 0.005 -25"><span class='ocrx_word' id='word_1_620' title='bbox 99 4259 415 4341; x_wconf 83' lang='grc' dir='ltr'>Πραιτώριον</span> <span class='ocrx_word' id='word_1_621' title='bbox 446 4270 535 4324; x_wconf 78' lang='grc' dir='ltr'>ἵνα</span> <span class='ocrx_word' id='word_1_622' title='bbox 576 4271 649 4343; x_wconf 83' lang='grc' dir='ltr'><strong><em>μὴ</em></strong></span> <span class='ocrx_word' id='word_1_623' title='bbox 693 4270 1007 4341; x_wconf 84' lang='grc' dir='ltr'>μιανθῶσιν,</span> <span class='ocrx_word' id='word_1_624' title='bbox 1066 4270 1180 4324; x_wconf 79' lang='grc' dir='ltr'>ἀλλ’</span> <span class='ocrx_word' id='word_1_625' title='bbox 1211 4271 1298 4324; x_wconf 81' lang='grc' dir='ltr'><strong><em>ἵνα</em></strong></span> <span class='ocrx_word' id='word_1_626' title='bbox 1349 4271 1563 4341; x_wconf 82' lang='grc' dir='ltr'>φάγωσι</span> <span class='ocrx_word' id='word_1_627' title='bbox 1589 4273 1653 4335; x_wconf 51' lang='grc' dir='ltr'><strong><em>τὸ,</em></strong></span> 
     </span>
    </p>
   </div>
   <div class='ocr_carea' id='block_1_81' title="bbox 100 4350 1647 4434">
    <p class='ocr_par' dir='ltr' id='par_1_81' title="bbox 100 4350 1647 4434">
     <span class='ocr_line' id='line_1_81' title="bbox 100 4350 1647 4434; baseline 0.005 -27"><span class='ocrx_word' id='word_1_628' title='bbox 100 4350 290 4428; x_wconf 86' lang='grc' dir='ltr'>Πάσχα·</span> <span class='ocrx_word' id='word_1_629' title='bbox 319 4360 458 4415; x_wconf 82' lang='grc' dir='ltr'>ὥστε</span> <span class='ocrx_word' id='word_1_630' title='bbox 485 4363 543 4416; x_wconf 83' lang='grc' dir='ltr'><strong><em>ἐν</em></strong></span> <span class='ocrx_word' id='word_1_631' title='bbox 570 4361 756 4434; x_wconf 75' lang='grc' dir='ltr'>ἡμέρᾳ</span> <span class='ocrx_word' id='word_1_632' title='bbox 795 4362 894 4434; x_wconf 80' lang='grc' dir='ltr'>μιᾷ</span> <span class='ocrx_word' id='word_1_633' title='bbox 932 4362 1067 4432; x_wconf 85' lang='grc' dir='ltr'>μετὰ</span> <span class='ocrx_word' id='word_1_634' title='bbox 1088 4362 1182 4416; x_wconf 79' lang='grc' dir='ltr'>τοῦ</span> <span class='ocrx_word' id='word_1_635' title='bbox 1212 4362 1384 4433; x_wconf 78' lang='grc' dir='ltr'>ἀμνοῦ</span> <span class='ocrx_word' id='word_1_636' title='bbox 1410 4361 1573 4432; x_wconf 89' lang='grc' dir='ltr'>ἐτύθη</span> <span class='ocrx_word' id='word_1_637' title='bbox 1619 4365 1647 4415; x_wconf 93' lang='lat'><strong><em>6</em></strong></span> 
     </span>
    </p>
   </div>
   <div class='ocr_carea' id='block_1_82' title="bbox 98 4442 1648 4525">
    <p class='ocr_par' dir='ltr' id='par_1_82' title="bbox 98 4442 1648 4525">
     <span class='ocr_line' id='line_1_82' title="bbox 98 4442 1648 4525; baseline 0.006 -26"><span class='ocrx_word' id='word_1_638' title='bbox 98 4442 327 4517; x_wconf 82' lang='grc' dir='ltr'>Χριστός·</span> <span class='ocrx_word' id='word_1_639' title='bbox 371 4451 509 4506; x_wconf 84' lang='grc' dir='ltr'>ἀλλὰ</span> <span class='ocrx_word' id='word_1_640' title='bbox 547 4453 601 4505; x_wconf 88' lang='grc' dir='ltr'><strong><em>τί</em></strong></span> <span class='ocrx_word' id='word_1_641' title='bbox 633 4470 797 4524; x_wconf 81' lang='grc' dir='ltr'>φησιν</span> <span class='ocrx_word' id='word_1_642' title='bbox 834 4454 863 4506; x_wconf 92' lang='lat'><strong><em>6</em></strong></span> <span class='ocrx_word' id='word_1_643' title='bbox 892 4454 1141 4519; x_wconf 77' lang='grc' dir='ltr'>Λουκᾶςς</span> <span class='ocrx_word' id='word_1_644' title='bbox 1170 4452 1332 4525; x_wconf 85' lang='grc' dir='ltr'>ἄρτον</span> <span class='ocrx_word' id='word_1_645' title='bbox 1365 4450 1518 4508; x_wconf 78' lang='grc' dir='ltr'>εἶπεν</span> <span class='ocrx_word' id='word_1_646' title='bbox 1554 4453 1648 4508; x_wconf 86' lang='grc' dir='ltr'>λα-</span> 
     </span>
    </p>
   </div>
   <div class='ocr_carea' id='block_1_83' title="bbox 100 4529 1721 4615">
    <p class='ocr_par' dir='ltr' id='par_1_83' title="bbox 100 4529 1721 4615">
     <span class='ocr_line' id='line_1_83' title="bbox 100 4529 1721 4615; baseline 0.01 -33"><span class='ocrx_word' id='word_1_647' title='bbox 100 4529 199 4586; x_wconf 77' lang='grc' dir='ltr'>ϐεῖν</span> <span class='ocrx_word' id='word_1_648' title='bbox 242 4539 328 4593; x_wconf 86' lang='grc' dir='ltr'><strong><em>τόν</em></strong></span> <span class='ocrx_word' id='word_1_649' title='bbox 363 4540 600 4611; x_wconf 83' lang='grc' dir='ltr'>Χριστὸν</span> <span class='ocrx_word' id='word_1_650' title='bbox 641 4542 736 4594; x_wconf 77' lang='grc' dir='ltr'><strong><em>καὶ</em></strong></span> <span class='ocrx_word' id='word_1_651' title='bbox 792 4543 894 4594; x_wconf 78' lang='grc' dir='ltr'>οὐκ</span> <span class='ocrx_word' id='word_1_652' title='bbox 937 4542 1167 4611; x_wconf 79' lang='grc' dir='ltr'>ἄζυμον·</span> <span class='ocrx_word' id='word_1_653' title='bbox 1210 4542 1273 4595; x_wconf 85' lang='grc' dir='ltr'><strong><em>ού</em></strong></span> <span class='ocrx_word' id='word_1_654' title='bbox 1304 4543 1414 4615; x_wconf 85' lang='grc' dir='ltr'><strong><em>γάρ</em></strong></span> <span class='ocrx_word' id='word_1_655' title='bbox 1447 4543 1528 4596; x_wconf 80' lang='grc' dir='ltr'><strong><em>έτι</em></strong></span> <span class='ocrx_word' id='word_1_656' title='bbox 1554 4538 1643 4614; x_wconf 78' lang='grc' dir='ltr'>ἦν,</span> <span class='ocrx_word' id='word_1_657' title='bbox 1682 4547 1721 4599; x_wconf 84' lang='grc' dir='ltr'><strong><em>Ι)</em></strong></span> 
     </span>
    </p>
   </div>
   <div class='ocr_carea' id='block_1_84' title="bbox 99 4625 1646 4707">
    <p class='ocr_par' dir='ltr' id='par_1_84' title="bbox 99 4625 1646 4707">
     <span class='ocr_line' id='line_1_84' title="bbox 99 4625 1646 4707; baseline 0.012 -33"><span class='ocrx_word' id='word_1_658' title='bbox 99 4625 329 4699; x_wconf 80' lang='grc' dir='ltr'>πέμπτης</span> <span class='ocrx_word' id='word_1_659' title='bbox 350 4635 515 4704; x_wconf 66' lang='grc' dir='ltr'>οὒς-ης</span> <span class='ocrx_word' id='word_1_660' title='bbox 538 4631 838 4705; x_wconf 79' lang='grc' dir='ltr'>τηνικαῦτα</span> <span class='ocrx_word' id='word_1_661' title='bbox 868 4634 1100 4706; x_wconf 84' lang='grc' dir='ltr'>ἡμέρας·</span> <span class='ocrx_word' id='word_1_662' title='bbox 1132 4634 1551 4706; x_wconf 85' lang='grc' dir='ltr'>τρισκαιδεκάτη</span> <span class='ocrx_word' id='word_1_663' title='bbox 1577 4632 1646 4707; x_wconf 79' lang='grc' dir='ltr'>ἦν</span> 
     </span>
    </p>
   </div>
   <div class='ocr_carea' id='block_1_85' title="bbox 97 4710 1647 4799">
    <p class='ocr_par' dir='ltr' id='par_1_85' title="bbox 97 4710 1647 4799">
     <span class='ocr_line' id='line_1_85' title="bbox 97 4710 1647 4799; baseline 0.012 -36"><span class='ocrx_word' id='word_1_664' title='bbox 97 4710 167 4767; x_wconf 73' lang='grc' dir='ltr'>ἔτι</span> <span class='ocrx_word' id='word_1_665' title='bbox 193 4719 223 4790; x_wconf 78' lang='grc' dir='ltr'><strong>ἡ</strong></span> <span class='ocrx_word' id='word_1_666' title='bbox 248 4722 439 4795; x_wconf 80' lang='grc' dir='ltr'>σελήνη</span> <span class='ocrx_word' id='word_1_667' title='bbox 479 4727 573 4779; x_wconf 77' lang='grc' dir='ltr'><strong><em>καὶ</em></strong></span> <span class='ocrx_word' id='word_1_668' title='bbox 592 4726 692 4778; x_wconf 80' lang='grc' dir='ltr'>οὐκ</span> <span class='ocrx_word' id='word_1_669' title='bbox 712 4721 853 4796; x_wconf 82' lang='grc' dir='ltr'>ἦσαν</span> <span class='ocrx_word' id='word_1_670' title='bbox 880 4725 1082 4797; x_wconf 80' lang='grc' dir='ltr'>ἄζυμα,</span> <span class='ocrx_word' id='word_1_671' title='bbox 1098 4725 1189 4780; x_wconf 83' lang='grc' dir='ltr'>διὰ</span> <span class='ocrx_word' id='word_1_672' title='bbox 1212 4726 1274 4780; x_wconf 84' lang='grc' dir='ltr'><strong><em>τὸ</em></strong></span> <span class='ocrx_word' id='word_1_673' title='bbox 1296 4728 1460 4799; x_wconf 85' lang='grc' dir='ltr'>μήπω</span> <span class='ocrx_word' id='word_1_674' title='bbox 1495 4728 1647 4797; x_wconf 86' lang='grc' dir='ltr'>γενέ-</span> 
     </span>
    </p>
   </div>
   <div class='ocr_carea' id='block_1_86' title="bbox 99 4801 1645 4890">
    <p class='ocr_par' dir='ltr' id='par_1_86' title="bbox 99 4801 1645 4890">
     <span class='ocr_line' id='line_1_86' title="bbox 99 4801 1645 4890; baseline 0.01 -32"><span class='ocrx_word' id='word_1_675' title='bbox 99 4801 223 4890; x_wconf 61' lang='grc' dir='ltr'>σθαι·</span> <span class='ocrx_word' id='word_1_676' title='bbox 258 4815 321 4882; x_wconf 80' lang='grc' dir='ltr'>τῇ</span> <span class='ocrx_word' id='word_1_677' title='bbox 379 4822 438 4866; x_wconf 87' lang='grc' dir='ltr'>ιε’</span> <span class='ocrx_word' id='word_1_678' title='bbox 470 4814 577 4887; x_wconf 73' lang='grc' dir='ltr'><strong><em>γὰρ</em></strong></span> <span class='ocrx_word' id='word_1_679' title='bbox 610 4816 709 4884; x_wconf 84' lang='grc' dir='ltr'>τῆς</span> <span class='ocrx_word' id='word_1_680' title='bbox 768 4814 998 4887; x_wconf 85' lang='grc' dir='ltr'>σελήνης</span> <span class='ocrx_word' id='word_1_681' title='bbox 1038 4810 1107 4886; x_wconf 79' lang='grc' dir='ltr'>ἦν</span> <span class='ocrx_word' id='word_1_682' title='bbox 1151 4817 1645 4890; x_wconf 85' lang='grc' dir='ltr'>νενομοθετημένον</span> 
     </span>
    </p>
   </div>
   <div class='ocr_carea' id='block_1_87' title="bbox 96 4888 1644 4979">
    <p class='ocr_par' dir='ltr' id='par_1_87' title="bbox 96 4888 1644 4979">
     <span class='ocr_line' id='line_1_87' title="bbox 96 4888 1644 4979; baseline 0.013 -36"><span class='ocrx_word' id='word_1_683' title='bbox 96 4888 274 4979; x_wconf 58' lang='grc' dir='ltr'>ἐσθίειν</span> <span class='ocrx_word' id='word_1_684' title='bbox 324 4901 390 4955; x_wconf 66' lang='grc' dir='ltr'>τὰ</span> <span class='ocrx_word' id='word_1_685' title='bbox 434 4902 639 4972; x_wconf 78' lang='grc' dir='ltr'>ἄζυμα·</span> <span class='ocrx_word' id='word_1_686' title='bbox 690 4906 756 4974; x_wconf 79' lang='grc' dir='ltr'>τῇ</span> <span class='ocrx_word' id='word_1_687' title='bbox 805 4903 861 4957; x_wconf 84' lang='grc' dir='ltr'>δὲ</span> <span class='ocrx_word' id='word_1_688' title='bbox 909 4903 969 4957; x_wconf 86' lang='grc' dir='ltr'>ιδ’</span> <span class='ocrx_word' id='word_1_689' title='bbox 999 4905 1095 4958; x_wconf 79' lang='grc' dir='ltr'><strong><em>τὸν</em></strong></span> <span class='ocrx_word' id='word_1_690' title='bbox 1152 4906 1321 4977; x_wconf 85' lang='grc' dir='ltr'>ἀμνὸν</span> <span class='ocrx_word' id='word_1_691' title='bbox 1345 4909 1437 4961; x_wconf 82' lang='grc' dir='ltr'><strong><em>καὶ</em></strong></span> <span class='ocrx_word' id='word_1_692' title='bbox 1465 4888 1644 4979; x_wconf 74' lang='grc' dir='ltr'>μόνον</span> 
     </span>
    </p>
   </div>
   <div class='ocr_carea' id='block_1_88' title="bbox 96 4978 1644 5071">
    <p class='ocr_par' dir='ltr' id='par_1_88' title="bbox 96 4978 1644 5071">
     <span class='ocr_line' id='line_1_88' title="bbox 96 4978 1644 5071; baseline 0.014 -38"><span class='ocrx_word' id='word_1_693' title='bbox 96 4978 317 5071; x_wconf 71' lang='grc' dir='ltr'>θύεσθαι·</span> <span class='ocrx_word' id='word_1_694' title='bbox 349 4992 429 5046; x_wconf 79' lang='grc' dir='ltr'><strong><em>διὸ</em></strong></span> <span class='ocrx_word' id='word_1_695' title='bbox 460 4995 557 5047; x_wconf 68' lang='grc' dir='ltr'><strong><em>καὶ</em></strong></span> <span class='ocrx_word' id='word_1_696' title='bbox 580 4996 648 5065; x_wconf 84' lang='grc' dir='ltr'>τῇ</span> <span class='ocrx_word' id='word_1_697' title='bbox 685 4995 784 5065; x_wconf 77' lang='grc' dir='ltr'><strong><em>μὲν</em></strong></span> <span class='ocrx_word' id='word_1_698' title='bbox 849 4994 909 5047; x_wconf 83' lang='grc' dir='ltr'>ιδ’</span> <span class='ocrx_word' id='word_1_699' title='bbox 951 4995 1045 5049; x_wconf 79' lang='grc' dir='ltr'>τοῦ</span> <span class='ocrx_word' id='word_1_700' title='bbox 1074 4995 1291 5068; x_wconf 85' lang='grc' dir='ltr'>πρώτου</span> <span class='ocrx_word' id='word_1_701' title='bbox 1330 4978 1498 5069; x_wconf 82' lang='grc' dir='ltr'>μηνὸς</span> <span class='ocrx_word' id='word_1_702' title='bbox 1546 5001 1644 5071; x_wconf 82' lang='grc' dir='ltr'><strong><em>τῆς</em></strong></span> 
     </span>
    </p>
   </div>
   <div class='ocr_carea' id='block_1_89' title="bbox 96 5068 1643 5159">
    <p class='ocr_par' dir='ltr' id='par_1_89' title="bbox 96 5068 1643 5159">
     <span class='ocr_line' id='line_1_89' title="bbox 96 5068 1643 5159; baseline 0.015 -41"><span class='ocrx_word' id='word_1_703' title='bbox 96 5068 301 5146; x_wconf 77' lang='grc' dir='ltr'>σελήνης</span> <span class='ocrx_word' id='word_1_704' title='bbox 319 5079 510 5152; x_wconf 85' lang='grc' dir='ltr'>Πάσχα</span> <span class='ocrx_word' id='word_1_705' title='bbox 540 5082 927 5154; x_wconf 82' lang='grc' dir='ltr'>προσαγορεύει</span> <span class='ocrx_word' id='word_1_706' title='bbox 948 5085 976 5137; x_wconf 90' lang='lat'><strong><em>6</em></strong></span> <span class='ocrx_word' id='word_1_707' title='bbox 1022 5084 1205 5154; x_wconf 87' lang='grc' dir='ltr'>νόμος·</span> <span class='ocrx_word' id='word_1_708' title='bbox 1231 5087 1297 5155; x_wconf 86' lang='grc' dir='ltr'>τῇ</span> <span class='ocrx_word' id='word_1_709' title='bbox 1331 5086 1389 5139; x_wconf 83' lang='grc' dir='ltr'><strong><em>δὲ</em></strong></span> <span class='ocrx_word' id='word_1_710' title='bbox 1412 5093 1471 5139; x_wconf 82' lang='grc' dir='ltr'>ιε’</span> <span class='ocrx_word' id='word_1_711' title='bbox 1491 5068 1643 5159; x_wconf 73' lang='grc' dir='ltr'><strong><em>πρῶ-</em></strong></span> 
     </span>
    </p>
   </div>
   <div class='ocr_carea' id='block_1_90' title="bbox 92 5164 1644 5248">
    <p class='ocr_par' dir='ltr' id='par_1_90' title="bbox 92 5164 1644 5248">
     <span class='ocr_line' id='line_1_90' title="bbox 92 5164 1644 5248; baseline 0.014 -36"><span class='ocrx_word' id='word_1_712' title='bbox 92 5173 172 5213; x_wconf 81' lang='grc' dir='ltr'><strong><em>τον</em></strong></span> <span class='ocrx_word' id='word_1_713' title='bbox 196 5164 461 5225; x_wconf 77' lang='grc' dir='ltr'>Σάϐϐατόν</span> <span class='ocrx_word' id='word_1_714' title='bbox 500 5172 776 5244; x_wconf 82' lang='grc' dir='ltr'>ὀνομάζει·</span> <span class='ocrx_word' id='word_1_715' title='bbox 810 5175 859 5228; x_wconf 83' lang='grc' dir='ltr'><strong><em>εί</em></strong></span> <span class='ocrx_word' id='word_1_716' title='bbox 880 5169 972 5227; x_wconf 83' lang='grc' dir='ltr'>οὖν</span> <span class='ocrx_word' id='word_1_717' title='bbox 1007 5175 1035 5227; x_wconf 88' lang='lat'><strong><em>6</em></strong></span> <span class='ocrx_word' id='word_1_718' title='bbox 1061 5175 1294 5246; x_wconf 83' lang='grc' dir='ltr'>Χριστὸς</span> <span class='ocrx_word' id='word_1_719' title='bbox 1312 5177 1475 5248; x_wconf 90' lang='grc' dir='ltr'>ἐτύθη</span> <span class='ocrx_word' id='word_1_720' title='bbox 1501 5178 1644 5233; x_wconf 82' lang='grc' dir='ltr'>κατὰ</span> 
     </span>
    </p>
   </div>
   <div class='ocr_carea' id='block_1_91' title="bbox 93 5251 1640 5341">
    <p class='ocr_par' dir='ltr' id='par_1_91' title="bbox 93 5251 1640 5341">
     <span class='ocr_line' id='line_1_91' title="bbox 93 5251 1640 5341; baseline 0.012 -37"><span class='ocrx_word' id='word_1_721' title='bbox 93 5251 177 5320; x_wconf 75' lang='grc' dir='ltr'>τὴν</span> <span class='ocrx_word' id='word_1_722' title='bbox 196 5255 250 5309; x_wconf 84' lang='grc' dir='ltr'>ιδ’</span> <span class='ocrx_word' id='word_1_723' title='bbox 260 5261 354 5334; x_wconf 75' lang='grc' dir='ltr'>τῇς</span> <span class='ocrx_word' id='word_1_724' title='bbox 378 5264 607 5337; x_wconf 78' lang='grc' dir='ltr'>σελήνης</span> <span class='ocrx_word' id='word_1_725' title='bbox 626 5264 766 5319; x_wconf 81' lang='grc' dir='ltr'>κατὰ</span> <span class='ocrx_word' id='word_1_726' title='bbox 790 5264 887 5337; x_wconf 86' lang='grc' dir='ltr'>τὴν</span> <span class='ocrx_word' id='word_1_727' title='bbox 908 5265 1121 5338; x_wconf 80' lang='grc' dir='ltr'>ἡμέραν</span> <span class='ocrx_word' id='word_1_728' title='bbox 1146 5268 1245 5338; x_wconf 83' lang='grc' dir='ltr'><strong><em>τῆς</em></strong></span> <span class='ocrx_word' id='word_1_729' title='bbox 1261 5268 1640 5341; x_wconf 63' lang='grc' dir='ltr'>Παραπευῆς,</span> 
     </span>
    </p>
   </div>
   <div class='ocr_carea' id='block_1_92' title="bbox 92 5342 1644 5435">
    <p class='ocr_par' dir='ltr' id='par_1_92' title="bbox 92 5342 1644 5435">
     <span class='ocr_line' id='line_1_92' title="bbox 92 5342 1644 5435; baseline 0.013 -33"><span class='ocrx_word' id='word_1_730' title='bbox 170 5346 221 5401; x_wconf 84' lang='grc' dir='ltr'>δὲ</span> <span class='ocrx_word' id='word_1_731' title='bbox 275 5354 546 5412; x_wconf 79' lang='grc' dir='ltr'>Σάϐϐατον</span> <span class='ocrx_word' id='word_1_732' title='bbox 582 5355 651 5430; x_wconf 82' lang='grc' dir='ltr'>ἦν</span> <span class='ocrx_word' id='word_1_733' title='bbox 698 5359 807 5414; x_wconf 86' lang='grc' dir='ltr'><strong><em>τῶν</em></strong></span> <span class='ocrx_word' id='word_1_734' title='bbox 858 5360 1108 5431; x_wconf 83' lang='grc' dir='ltr'>Ἀζύμων</span> <span class='ocrx_word' id='word_1_735' title='bbox 1154 5363 1351 5435; x_wconf 82' lang='grc' dir='ltr'>ἑορτὴ,</span> <span class='ocrx_word' id='word_1_736' title='bbox 1399 5364 1527 5417; x_wconf 83' lang='grc' dir='ltr'>πότε</span> <span class='ocrx_word' id='word_1_737' title='bbox 1574 5364 1644 5420; x_wconf 76' lang='grc' dir='ltr'>τὰ</span> 
     </span>
    </p>
   </div>
   <div class='ocr_carea' id='block_1_93' title="bbox 95 5430 1633 5526">
    <p class='ocr_par' dir='ltr' id='par_1_93' title="bbox 95 5430 1633 5526">
     <span class='ocr_line' id='line_1_93' title="bbox 95 5430 1633 5526; baseline 0.01 -34"><span class='ocrx_word' id='word_1_738' title='bbox 95 5430 255 5526; x_wconf 48' lang='lat' dir='ltr'><strong><em>iiuna</em></strong></span> <span class='ocrx_word' id='word_1_739' title='bbox 279 5442 473 5516; x_wconf 71' lang='grc' dir='ltr'>ἒφαγε;</span> <span class='ocrx_word' id='word_1_740' title='bbox 497 5449 591 5503; x_wconf 72' lang='grc' dir='ltr'><strong><em>καὶ</em></strong></span> <span class='ocrx_word' id='word_1_741' title='bbox 619 5448 751 5502; x_wconf 85' lang='grc' dir='ltr'>πότε</span> <span class='ocrx_word' id='word_1_742' title='bbox 770 5451 883 5513; x_wconf 86' lang='grc' dir='ltr'>τοῖς</span> <span class='ocrx_word' id='word_1_743' title='bbox 909 5430 1226 5516; x_wconf 78' lang='grc' dir='ltr'>ἀποστόλοις</span> <span class='ocrx_word' id='word_1_744' title='bbox 1262 5430 1528 5507; x_wconf 77' lang='grc' dir='ltr'>ταῦταοὲν</span> <span class='ocrx_word' id='word_1_745' title='bbox 1567 5456 1633 5526; x_wconf 82' lang='grc' dir='ltr'>τῇ</span> 
     </span>
    </p>
   </div>
   <div class='ocr_carea' id='block_1_94' title="bbox 95 5519 1640 5622">
    <p class='ocr_par' dir='ltr' id='par_1_94' title="bbox 95 5519 1640 5622">
     <span class='ocr_line' id='line_1_94' title="bbox 95 5519 1640 5622; baseline 0.016 -49"><span class='ocrx_word' id='word_1_746' title='bbox 95 5519 250 5622; x_wconf 29' lang='grc' dir='ltr'>Κῇαινῇ</span> <span class='ocrx_word' id='word_1_747' title='bbox 279 5534 514 5609; x_wconf 82' lang='grc' dir='ltr'>Διαθὴκῃ</span> <span class='ocrx_word' id='word_1_748' title='bbox 548 5538 896 5610; x_wconf 83' lang='grc' dir='ltr'>παρέδωκεν;</span> <span class='ocrx_word' id='word_1_749' title='bbox 926 5538 1007 5593; x_wconf 84' lang='grc' dir='ltr'>ὅτι</span> <span class='ocrx_word' id='word_1_750' title='bbox 1050 5540 1296 5611; x_wconf 85' lang='grc' dir='ltr'>λέγουσιν</span> <span class='ocrx_word' id='word_1_751' title='bbox 1323 5544 1375 5596; x_wconf 77' lang='grc' dir='ltr'><strong><em>οἱ</em></strong></span> <span class='ocrx_word' id='word_1_752' title='bbox 1407 5519 1640 5615; x_wconf 66' lang='grc' dir='ltr'>μιμηταέ</span> 
     </span>
    </p>
   </div>
   <div class='ocr_carea' id='block_1_95' title="bbox 94 5620 1643 5704">
    <p class='ocr_par' dir='ltr' id='par_1_95' title="bbox 94 5620 1643 5704">
     <span class='ocr_line' id='line_1_95' title="bbox 94 5620 1643 5704; baseline 0.011 -33"><span class='ocrx_word' id='word_1_753' title='bbox 94 5620 186 5667; x_wconf 72' lang='grc' dir='ltr'><strong><em>των</em></strong></span> <span class='ocrx_word' id='word_1_754' title='bbox 225 5620 500 5695; x_wconf 80' lang='grc' dir='ltr'>Ἰουδαίων,</span> <span class='ocrx_word' id='word_1_755' title='bbox 522 5629 606 5687; x_wconf 83' lang='grc' dir='ltr'><strong><em>ὅτι</em></strong></span> <span class='ocrx_word' id='word_1_756' title='bbox 634 5629 704 5682; x_wconf 80' lang='grc' dir='ltr'>τὰ</span> <span class='ocrx_word' id='word_1_757' title='bbox 752 5629 936 5702; x_wconf 83' lang='grc' dir='ltr'>ἄζυμα</span> <span class='ocrx_word' id='word_1_758' title='bbox 986 5630 1137 5704; x_wconf 79' lang='grc' dir='ltr'>παρὰ</span> <span class='ocrx_word' id='word_1_759' title='bbox 1168 5632 1278 5686; x_wconf 85' lang='grc' dir='ltr'><strong><em>τῶν</em></strong></span> <span class='ocrx_word' id='word_1_760' title='bbox 1327 5632 1643 5691; x_wconf 80' lang='grc' dir='ltr'>ἀποστόλων</span> 
     </span>
    </p>
   </div>
   <div class='ocr_carea' id='block_1_96' title="bbox 153 5835 778 5922">
    <p class='ocr_par' dir='ltr' id='par_1_96' title="bbox 153 5835 778 5922">
     <span class='ocr_line' id='line_1_96' title="bbox 153 5835 778 5922; baseline 0.03 -31"><span class='ocrx_word' id='word_1_761' title='bbox 153 5835 192 5868; x_wconf 67' lang='grc' dir='ltr'>δ’</span> <span class='ocrx_word' id='word_1_762' title='bbox 212 5837 373 5901; x_wconf 82' lang='lat' dir='ltr'><strong><em>Levit.</em></strong></span> <span class='ocrx_word' id='word_1_763' title='bbox 394 5864 550 5920; x_wconf 62' lang='grc' dir='ltr'>χχιιι,</span> <span class='ocrx_word' id='word_1_764' title='bbox 567 5849 600 5907; x_wconf 78' lang='grc' dir='ltr'><strong><em>ι</em></strong></span> <span class='ocrx_word' id='word_1_765' title='bbox 628 5865 778 5922; x_wconf 85' lang='lat' dir='ltr'><strong><em>seqq.</em></strong></span> 
     </span>
    </p>
   </div>
   <div class='ocr_carea' id='block_1_97' title="bbox 1753 3815 3338 3896">
    <p class='ocr_par' dir='ltr' id='par_1_97' title="bbox 1753 3815 3338 3896">
     <span class='ocr_line' id='line_1_97' title="bbox 1753 3815 3338 3896; baseline -0.007 -16"><span class='ocrx_word' id='word_1_766' title='bbox 1753 3823 1967 3896; x_wconf 87' lang='lat' dir='ltr'><strong><em>cepisse</em></strong></span> <span class='ocrx_word' id='word_1_767' title='bbox 1987 3821 2267 3879; x_wconf 87' lang='lat' dir='ltr'><strong><em>Christum</em></strong></span> <span class='ocrx_word' id='word_1_768' title='bbox 2291 3828 2347 3875; x_wconf 89' lang='lat' dir='ltr'><strong><em>et</em></strong></span> <span class='ocrx_word' id='word_1_769' title='bbox 2371 3833 2482 3876; x_wconf 90' lang='lat' dir='ltr'><strong><em>non</em></strong></span> <span class='ocrx_word' id='word_1_770' title='bbox 2509 3833 2784 3890; x_wconf 88' lang='lat' dir='ltr'><strong><em>azymnm,</em></strong></span> <span class='ocrx_word' id='word_1_771' title='bbox 2814 3817 2911 3887; x_wconf 89' lang='lat' dir='ltr'><strong><em>qui</em></strong></span> <span class='ocrx_word' id='word_1_772' title='bbox 2934 3815 3174 3871; x_wconf 89' lang='lat' dir='ltr'><strong><em>nondum</em></strong></span> <span class='ocrx_word' id='word_1_773' title='bbox 3200 3830 3338 3871; x_wconf 86' lang='lat' dir='ltr'><strong><em>con-</em></strong></span> 
     </span>
    </p>
   </div>
   <div class='ocr_carea' id='block_1_98' title="bbox 1754 3904 3335 3978">
    <p class='ocr_par' dir='ltr' id='par_1_98' title="bbox 1754 3904 3335 3978">
     <span class='ocr_line' id='line_1_98' title="bbox 1754 3904 3335 3978; baseline -0.006 -8"><span class='ocrx_word' id='word_1_774' title='bbox 1754 3915 1954 3972; x_wconf 80' lang='lat' dir='ltr'><strong><em>fectum</em></strong></span> <span class='ocrx_word' id='word_1_775' title='bbox 1993 3920 2132 3968; x_wconf 88' lang='lat' dir='ltr'><strong><em>erat.</em></strong></span> <span class='ocrx_word' id='word_1_776' title='bbox 2165 3910 2369 3978; x_wconf 83' lang='lat' dir='ltr'><strong><em>Quinta</em></strong></span> <span class='ocrx_word' id='word_1_777' title='bbox 2407 3918 2541 3965; x_wconf 87' lang='lat' dir='ltr'><strong><em>tunc</em></strong></span> <span class='ocrx_word' id='word_1_778' title='bbox 2565 3917 2687 3964; x_wconf 91' lang='lat' dir='ltr'><strong><em>erat</em></strong></span> <span class='ocrx_word' id='word_1_779' title='bbox 2713 3906 2876 3974; x_wconf 90' lang='lat' dir='ltr'><strong><em>dies;</em></strong></span> <span class='ocrx_word' id='word_1_780' title='bbox 2912 3906 3044 3961; x_wconf 88' lang='lat' dir='ltr'><strong><em>luna</em></strong></span> <span class='ocrx_word' id='word_1_781' title='bbox 3092 3914 3209 3961; x_wconf 83' lang='lat' dir='ltr'><strong><em>erat</em></strong></span> <span class='ocrx_word' id='word_1_782' title='bbox 3235 3904 3335 3960; x_wconf 90' lang='lat' dir='ltr'><strong><em>ad-</em></strong></span> 
     </span>
    </p>
   </div>
   <div class='ocr_carea' id='block_1_99' title="bbox 1751 3997 3333 4070">
    <p class='ocr_par' dir='ltr' id='par_1_99' title="bbox 1751 3997 3333 4070">
     <span class='ocr_line' id='line_1_99' title="bbox 1751 3997 3333 4070; baseline -0.008 -7"><span class='ocrx_word' id='word_1_783' title='bbox 1751 4009 1859 4064; x_wconf 85' lang='lat' dir='ltr'><strong><em>huc</em></strong></span> <span class='ocrx_word' id='word_1_784' title='bbox 1885 4005 2097 4063; x_wconf 90' lang='lat' dir='ltr'><strong><em>decima</em></strong></span> <span class='ocrx_word' id='word_1_785' title='bbox 2116 4003 2299 4067; x_wconf 88' lang='lat' dir='ltr'><strong><em>tertia,</em></strong></span> <span class='ocrx_word' id='word_1_786' title='bbox 2340 4010 2397 4057; x_wconf 89' lang='lat' dir='ltr'><strong><em>et</em></strong></span> <span class='ocrx_word' id='word_1_787' title='bbox 2426 4016 2537 4056; x_wconf 92' lang='lat' dir='ltr'><strong><em>non</em></strong></span> <span class='ocrx_word' id='word_1_788' title='bbox 2586 4006 2745 4055; x_wconf 90' lang='lat' dir='ltr'><strong><em>erant</em></strong></span> <span class='ocrx_word' id='word_1_789' title='bbox 2789 4009 3003 4070; x_wconf 83' lang='lat' dir='ltr'><strong><em>azyma,</em></strong></span> <span class='ocrx_word' id='word_1_790' title='bbox 3047 3997 3176 4067; x_wconf 87' lang='lat' dir='ltr'><strong><em>quia</em></strong></span> <span class='ocrx_word' id='word_1_791' title='bbox 3219 4009 3333 4050; x_wconf 88' lang='lat' dir='ltr'><strong><em>non</em></strong></span> 
     </span>
    </p>
   </div>
   <div class='ocr_carea' id='block_1_100' title="bbox 1748 4086 3332 4173">
    <p class='ocr_par' dir='ltr' id='par_1_100' title="bbox 1748 4086 3332 4173">
     <span class='ocr_line' id='line_1_100' title="bbox 1748 4086 3332 4173; baseline -0.009 -18"><span class='ocrx_word' id='word_1_792' title='bbox 1748 4107 1909 4156; x_wconf 87' lang='lat' dir='ltr'><strong><em>erant</em></strong></span> <span class='ocrx_word' id='word_1_793' title='bbox 1950 4099 2192 4153; x_wconf 89' lang='lat' dir='ltr'><strong><em>nondum</em></strong></span> <span class='ocrx_word' id='word_1_794' title='bbox 2233 4091 2503 4151; x_wconf 79' lang='lat' dir='ltr'><strong><em>confecta.</em></strong></span> <span class='ocrx_word' id='word_1_795' title='bbox 2551 4089 2771 4147; x_wconf 91' lang='lat' dir='ltr'><strong><em>Decima</em></strong></span> <span class='ocrx_word' id='word_1_796' title='bbox 2800 4088 2994 4159; x_wconf 87' lang='lat' dir='ltr'><strong><em>quinta</em></strong></span> <span class='ocrx_word' id='word_1_797' title='bbox 3020 4088 3109 4143; x_wconf 91' lang='lat' dir='ltr'><strong><em>die</em></strong></span> <span class='ocrx_word' id='word_1_798' title='bbox 3163 4086 3332 4173; x_wconf 56' lang='lat' dir='ltr'><strong><em>lunae,</em></strong></span> 
     </span>
    </p>
   </div>
   <div class='ocr_carea' id='block_1_101' title="bbox 1748 4188 3322 4263">
    <p class='ocr_par' dir='ltr' id='par_1_101' title="bbox 1748 4188 3322 4263">
     <span class='ocr_line' id='line_1_101' title="bbox 1748 4188 3322 4263; baseline -0.007 -16"><span class='ocrx_word' id='word_1_799' title='bbox 1748 4191 1919 4263; x_wconf 88' lang='lat' dir='ltr'><strong><em>legale</em></strong></span> <span class='ocrx_word' id='word_1_800' title='bbox 1945 4198 2065 4245; x_wconf 87' lang='lat' dir='ltr'><strong><em>erat</em></strong></span> <span class='ocrx_word' id='word_1_801' title='bbox 2091 4204 2282 4262; x_wconf 84' lang='lat' dir='ltr'><strong><em>azyma</em></strong></span> <span class='ocrx_word' id='word_1_802' title='bbox 2311 4190 2680 4255; x_wconf 83' lang='lat' dir='ltr'><strong><em>manducare;</em></strong></span> <span class='ocrx_word' id='word_1_803' title='bbox 2718 4188 2930 4242; x_wconf 80' lang='lat' dir='ltr'><strong><em>decima</em></strong></span> <span class='ocrx_word' id='word_1_804' title='bbox 2964 4199 3094 4240; x_wconf 90' lang='lat' dir='ltr'><strong><em>vero</em></strong></span> <span class='ocrx_word' id='word_1_805' title='bbox 3124 4191 3322 4255; x_wconf 85' lang='lat' dir='ltr'><strong><em>quarta</em></strong></span> 
     </span>
    </p>
   </div>
   <div class='ocr_carea' id='block_1_102' title="bbox 1748 4278 3329 4354">
    <p class='ocr_par' dir='ltr' id='par_1_102' title="bbox 1748 4278 3329 4354">
     <span class='ocr_line' id='line_1_102' title="bbox 1748 4278 3329 4354; baseline -0.005 -17"><span class='ocrx_word' id='word_1_806' title='bbox 1748 4297 1949 4354; x_wconf 87' lang='lat' dir='ltr'><strong><em>agnum</em></strong></span> <span class='ocrx_word' id='word_1_807' title='bbox 1981 4290 2188 4336; x_wconf 88' lang='lat' dir='ltr'><strong><em>tantum</em></strong></span> <span class='ocrx_word' id='word_1_808' title='bbox 2224 4281 2532 4336; x_wconf 90' lang='lat' dir='ltr'><strong><em>immolare.</em></strong></span> <span class='ocrx_word' id='word_1_809' title='bbox 2552 4280 2852 4350; x_wconf 88' lang='lat' dir='ltr'><strong><em>Propterea</em></strong></span> <span class='ocrx_word' id='word_1_810' title='bbox 2887 4278 3102 4333; x_wconf 89' lang='lat' dir='ltr'><strong><em>decima</em></strong></span> <span class='ocrx_word' id='word_1_811' title='bbox 3127 4284 3329 4347; x_wconf 87' lang='lat' dir='ltr'><strong><em>quarta</em></strong></span> 
     </span>
    </p>
   </div>
   <div class='ocr_carea' id='block_1_103' title="bbox 1748 4367 3332 4444">
    <p class='ocr_par' dir='ltr' id='par_1_103' title="bbox 1748 4367 3332 4444">
     <span class='ocr_line' id='line_1_103' title="bbox 1748 4367 3332 4444; baseline -0.004 -16"><span class='ocrx_word' id='word_1_812' title='bbox 1748 4376 1836 4429; x_wconf 76' lang='lat' dir='ltr'><strong><em>die</em></strong></span> <span class='ocrx_word' id='word_1_813' title='bbox 1867 4374 2013 4431; x_wconf 69' lang='lat' dir='ltr'><strong><em>luna:</em></strong></span> <span class='ocrx_word' id='word_1_814' title='bbox 2034 4372 2199 4444; x_wconf 88' lang='lat' dir='ltr'><strong><em>primi</em></strong></span> <span class='ocrx_word' id='word_1_815' title='bbox 2231 4372 2460 4436; x_wconf 86' lang='lat' dir='ltr'><strong><em>mensis,</em></strong></span> <span class='ocrx_word' id='word_1_816' title='bbox 2488 4370 2698 4427; x_wconf 88' lang='lat' dir='ltr'><strong><em>Pascha</em></strong></span> <span class='ocrx_word' id='word_1_817' title='bbox 2726 4369 3016 4425; x_wconf 88' lang='lat' dir='ltr'><strong><em>annuntiat</em></strong></span> <span class='ocrx_word' id='word_1_818' title='bbox 3042 4369 3153 4433; x_wconf 84' lang='lat' dir='ltr'><strong><em>lex,</em></strong></span> <span class='ocrx_word' id='word_1_819' title='bbox 3179 4367 3332 4423; x_wconf 88' lang='lat' dir='ltr'><strong><em>deci-</em></strong></span> 
     </span>
    </p>
   </div>
   <div class='ocr_carea' id='block_1_104' title="bbox 1750 4458 3326 4535">
    <p class='ocr_par' dir='ltr' id='par_1_104' title="bbox 1750 4458 3326 4535">
     <span class='ocr_line' id='line_1_104' title="bbox 1750 4458 3326 4535; baseline -0.004 -17"><span class='ocrx_word' id='word_1_820' title='bbox 1750 4479 2009 4535; x_wconf 88' lang='lat' dir='ltr'><strong><em>mumque</em></strong></span> <span class='ocrx_word' id='word_1_821' title='bbox 2050 4478 2181 4519; x_wconf 89' lang='lat' dir='ltr'><strong><em>vero</em></strong></span> <span class='ocrx_word' id='word_1_822' title='bbox 2232 4463 2483 4533; x_wconf 87' lang='lat' dir='ltr'><strong><em>quintum</em></strong></span> <span class='ocrx_word' id='word_1_823' title='bbox 2532 4469 2732 4516; x_wconf 85' lang='lat' dir='ltr'><strong><em>vocant</em></strong></span> <span class='ocrx_word' id='word_1_824' title='bbox 2780 4460 3011 4530; x_wconf 88' lang='lat' dir='ltr'><strong><em>primam</em></strong></span> <span class='ocrx_word' id='word_1_825' title='bbox 3065 4458 3326 4524; x_wconf 88' lang='lat' dir='ltr'><strong><em>Sabbati;</em></strong></span> 
     </span>
    </p>
   </div>
   <div class='ocr_carea' id='block_1_105' title="bbox 1749 4548 3332 4627">
    <p class='ocr_par' dir='ltr' id='par_1_105' title="bbox 1749 4548 3332 4627">
     <span class='ocr_line' id='line_1_105' title="bbox 1749 4548 3332 4627; baseline -0.004 -16"><span class='ocrx_word' id='word_1_826' title='bbox 1749 4561 1796 4611; x_wconf 90' lang='lat' dir='ltr'><strong><em>si</em></strong></span> <span class='ocrx_word' id='word_1_827' title='bbox 1822 4571 1952 4627; x_wconf 85' lang='lat' dir='ltr'><strong><em>ergo</em></strong></span> <span class='ocrx_word' id='word_1_828' title='bbox 1979 4556 2232 4611; x_wconf 84' lang='lat' dir='ltr'><strong><em>Christus</em></strong></span> <span class='ocrx_word' id='word_1_829' title='bbox 2272 4553 2587 4609; x_wconf 91' lang='lat' dir='ltr'><strong><em>immolatus</em></strong></span> <span class='ocrx_word' id='word_1_830' title='bbox 2626 4560 2711 4609; x_wconf 89' lang='lat' dir='ltr'><strong><em>est</em></strong></span> <span class='ocrx_word' id='word_1_831' title='bbox 2753 4551 2971 4608; x_wconf 90' lang='lat' dir='ltr'><strong><em>decima</em></strong></span> <span class='ocrx_word' id='word_1_832' title='bbox 3016 4549 3202 4627; x_wconf 86' lang='lat' dir='ltr'><strong><em>quinta</em></strong></span> <span class='ocrx_word' id='word_1_833' title='bbox 3243 4548 3332 4605; x_wconf 90' lang='lat' dir='ltr'><strong><em>die</em></strong></span> 
     </span>
    </p>
   </div>
   <div class='ocr_carea' id='block_1_106' title="bbox 1748 4645 3331 4713">
    <p class='ocr_par' dir='ltr' id='par_1_106' title="bbox 1748 4645 3331 4713">
     <span class='ocr_line' id='line_1_106' title="bbox 1748 4645 3331 4713; baseline -0.002 -11"><span class='ocrx_word' id='word_1_834' title='bbox 1748 4649 1911 4713; x_wconf 84' lang='lat' dir='ltr'><strong><em>lunae,</em></strong></span> <span class='ocrx_word' id='word_1_835' title='bbox 1936 4648 2025 4703; x_wconf 88' lang='lat' dir='ltr'><strong><em>die</em></strong></span> <span class='ocrx_word' id='word_1_836' title='bbox 2048 4648 2259 4705; x_wconf 87' lang='lat' dir='ltr'><strong><em>scilicet</em></strong></span> <span class='ocrx_word' id='word_1_837' title='bbox 2297 4645 2649 4712; x_wconf 84' lang='lat' dir='ltr'><strong><em>Parasceves,</em></strong></span> <span class='ocrx_word' id='word_1_838' title='bbox 2680 4659 2805 4702; x_wconf 89' lang='lat' dir='ltr'><strong><em>cum</em></strong></span> <span class='ocrx_word' id='word_1_839' title='bbox 2840 4645 3140 4701; x_wconf 85' lang='lat' dir='ltr'><strong><em>Sabbatum</em></strong></span> <span class='ocrx_word' id='word_1_840' title='bbox 3183 4653 3331 4703; x_wconf 88' lang='lat' dir='ltr'><strong><em>esset</em></strong></span> 
     </span>
    </p>
   </div>
   <div class='ocr_carea' id='block_1_107' title="bbox 1747 4736 3397 4810">
    <p class='ocr_par' dir='ltr' id='par_1_107' title="bbox 1747 4736 3397 4810">
     <span class='ocr_line' id='line_1_107' title="bbox 1747 4736 3397 4810; baseline -0.001 -17"><span class='ocrx_word' id='word_1_841' title='bbox 1747 4741 2076 4810; x_wconf 83' lang='lat' dir='ltr'><strong><em>Azymorum</em></strong></span> <span class='ocrx_word' id='word_1_842' title='bbox 2113 4737 2335 4804; x_wconf 84' lang='lat' dir='ltr'><strong><em>festum,</em></strong></span> <span class='ocrx_word' id='word_1_843' title='bbox 2368 4736 2589 4808; x_wconf 90' lang='lat' dir='ltr'><strong><em>quando</em></strong></span> <span class='ocrx_word' id='word_1_844' title='bbox 2628 4752 2817 4809; x_wconf 86' lang='lat' dir='ltr'><strong><em>azyma</em></strong></span> <span class='ocrx_word' id='word_1_845' title='bbox 2858 4736 3230 4802; x_wconf 87' lang='lat' dir='ltr'><strong><em>manducavit,</em></strong></span> <span class='ocrx_word' id='word_1_846' title='bbox 3272 4743 3330 4792; x_wconf 89' lang='lat' dir='ltr'><strong><em>et</em></strong></span> <span class='ocrx_word' id='word_1_847' title='bbox 3384 4798 3397 4808; x_wconf 19' lang='grc' dir='ltr'><strong><em>ς</em></strong></span> 
     </span>
    </p>
   </div>
   <div class='ocr_carea' id='block_1_108' title="bbox 1747 4826 3329 4899">
    <p class='ocr_par' dir='ltr' id='par_1_108' title="bbox 1747 4826 3329 4899">
     <span class='ocr_line' id='line_1_108' title="bbox 1747 4826 3329 4899; baseline -0.003 -16"><span class='ocrx_word' id='word_1_848' title='bbox 1747 4829 1966 4898; x_wconf 88' lang='lat' dir='ltr'><strong><em>quando</em></strong></span> <span class='ocrx_word' id='word_1_849' title='bbox 2008 4829 2274 4899; x_wconf 88' lang='lat' dir='ltr'><strong><em>apostolis</em></strong></span> <span class='ocrx_word' id='word_1_850' title='bbox 2308 4829 2425 4884; x_wconf 60' lang='lat' dir='ltr'><strong><em>haec</em></strong></span> <span class='ocrx_word' id='word_1_851' title='bbox 2455 4829 2512 4882; x_wconf 89' lang='lat' dir='ltr'><strong><em>in</em></strong></span> <span class='ocrx_word' id='word_1_852' title='bbox 2557 4826 2709 4883; x_wconf 88' lang='lat' dir='ltr'><strong><em>Novo</em></strong></span> <span class='ocrx_word' id='word_1_853' title='bbox 2741 4826 3093 4883; x_wconf 88' lang='lat' dir='ltr'><strong><em>Testamento</em></strong></span> <span class='ocrx_word' id='word_1_854' title='bbox 3138 4826 3329 4881; x_wconf 80' lang='lat' dir='ltr'><strong><em>dedit?</em></strong></span> 
     </span>
    </p>
   </div>
   <div class='ocr_carea' id='block_1_109' title="bbox 1748 4916 3329 4991">
    <p class='ocr_par' dir='ltr' id='par_1_109' title="bbox 1748 4916 3329 4991">
     <span class='ocr_line' id='line_1_109' title="bbox 1748 4916 3329 4991; baseline -0.003 -15"><span class='ocrx_word' id='word_1_855' title='bbox 1748 4921 1888 4989; x_wconf 85' lang='lat' dir='ltr'><strong><em>Quia</em></strong></span> <span class='ocrx_word' id='word_1_856' title='bbox 1925 4920 2115 4976; x_wconf 89' lang='lat' dir='ltr'><strong><em>dicunt</em></strong></span> <span class='ocrx_word' id='word_1_857' title='bbox 2160 4921 2467 4981; x_wconf 89' lang='lat' dir='ltr'><strong><em>imitatores</em></strong></span> <span class='ocrx_word' id='word_1_858' title='bbox 2508 4917 2823 4975; x_wconf 77' lang='lat' dir='ltr'><strong><em>Judaeorum</em></strong></span> <span class='ocrx_word' id='word_1_859' title='bbox 2866 4933 3056 4991; x_wconf 80' lang='lat' dir='ltr'><strong><em>azyma</em></strong></span> <span class='ocrx_word' id='word_1_860' title='bbox 3091 4916 3329 4974; x_wconf 88' lang='lat' dir='ltr'><strong><em>mandu-</em></strong></span> 
     </span>
    </p>
   </div>
   <div class='ocr_carea' id='block_1_110' title="bbox 1746 5007 3354 5082">
    <p class='ocr_par' dir='ltr' id='par_1_110' title="bbox 1746 5007 3354 5082">
     <span class='ocr_line' id='line_1_110' title="bbox 1746 5007 3354 5082; baseline -0.002 -15"><span class='ocrx_word' id='word_1_861' title='bbox 1746 5028 1893 5076; x_wconf 87' lang='lat' dir='ltr'><strong><em>care,</em></strong></span> <span class='ocrx_word' id='word_1_862' title='bbox 1926 5010 2189 5081; x_wconf 85' lang='lat' dir='ltr'><strong><em>apostolis</em></strong></span> <span class='ocrx_word' id='word_1_863' title='bbox 2210 5009 2531 5082; x_wconf 83' lang='lat' dir='ltr'><strong><em>jubentibus</em></strong></span> <span class='ocrx_word' id='word_1_864' title='bbox 2559 5051 2575 5075; x_wconf 92' lang='lat'><strong><em>,</em></strong></span> <span class='ocrx_word' id='word_1_865' title='bbox 2628 5026 2729 5066; x_wconf 93' lang='lat' dir='ltr'><strong><em>nos</em></strong></span> <span class='ocrx_word' id='word_1_866' title='bbox 2766 5009 3089 5081; x_wconf 76' lang='lat' dir='ltr'><strong><em>neglexisse.</em></strong></span> <span class='ocrx_word' id='word_1_867' title='bbox 3137 5007 3354 5078; x_wconf 84' lang='lat' dir='ltr'><strong><em>Neque-</em></strong></span> 
     </span>
    </p>
   </div>
   <div class='ocr_carea' id='block_1_111' title="bbox 1745 5098 3324 5175">
    <p class='ocr_par' dir='ltr' id='par_1_111' title="bbox 1745 5098 3324 5175">
     <span class='ocr_line' id='line_1_111' title="bbox 1745 5098 3324 5175; baseline 0 -17"><span class='ocrx_word' id='word_1_868' title='bbox 1745 5104 1889 5158; x_wconf 89' lang='lat' dir='ltr'><strong><em>enim</em></strong></span> <span class='ocrx_word' id='word_1_869' title='bbox 1919 5101 2131 5175; x_wconf 81' lang='lat' dir='ltr'><strong><em>PaScha</em></strong></span> <span class='ocrx_word' id='word_1_870' title='bbox 2164 5102 2334 5174; x_wconf 87' lang='lat' dir='ltr'><strong><em>legale</em></strong></span> <span class='ocrx_word' id='word_1_871' title='bbox 2362 5103 2467 5159; x_wconf 92' lang='lat' dir='ltr'><strong><em>hoc</em></strong></span> <span class='ocrx_word' id='word_1_872' title='bbox 2490 5098 2736 5172; x_wconf 88' lang='lat' dir='ltr'><strong><em>tempore</em></strong></span> <span class='ocrx_word' id='word_1_873' title='bbox 2768 5100 2921 5171; x_wconf 89' lang='lat' dir='ltr'><strong><em>prius</em></strong></span> <span class='ocrx_word' id='word_1_874' title='bbox 2941 5099 3324 5158; x_wconf 85' lang='lat' dir='ltr'><strong><em>manducavit:</em></strong></span> 
     </span>
    </p>
   </div>
   <div class='ocr_carea' id='block_1_112' title="bbox 1744 5194 3326 5265">
    <p class='ocr_par' dir='ltr' id='par_1_112' title="bbox 1744 5194 3326 5265">
     <span class='ocr_line' id='line_1_112' title="bbox 1744 5194 3326 5265; baseline -0.001 -16"><span class='ocrx_word' id='word_1_875' title='bbox 1744 5195 1891 5265; x_wconf 90' lang='lat' dir='ltr'><strong><em>quod</em></strong></span> <span class='ocrx_word' id='word_1_876' title='bbox 1932 5195 2039 5250; x_wconf 87' lang='lat' dir='ltr'><strong><em>hoc</em></strong></span> <span class='ocrx_word' id='word_1_877' title='bbox 2065 5208 2149 5251; x_wconf 85' lang='lat' dir='ltr'><strong><em>est</em></strong></span> <span class='ocrx_word' id='word_1_878' title='bbox 2171 5195 2413 5261; x_wconf 90' lang='lat' dir='ltr'><strong><em>veritas,</em></strong></span> <span class='ocrx_word' id='word_1_879' title='bbox 2455 5194 2510 5249; x_wconf 89' lang='lat' dir='ltr'><strong><em>in</em></strong></span> <span class='ocrx_word' id='word_1_880' title='bbox 2559 5194 2882 5264; x_wconf 88' lang='lat' dir='ltr'><strong><em>probatione</em></strong></span> <span class='ocrx_word' id='word_1_881' title='bbox 2923 5208 3107 5249; x_wconf 89' lang='lat' dir='ltr'><strong><em>rerum</em></strong></span> <span class='ocrx_word' id='word_1_882' title='bbox 3158 5207 3326 5264; x_wconf 90' lang='lat' dir='ltr'><strong><em>supra</em></strong></span> 
     </span>
    </p>
   </div>
   <div class='ocr_carea' id='block_1_113' title="bbox 1744 5282 3330 5357">
    <p class='ocr_par' dir='ltr' id='par_1_113' title="bbox 1744 5282 3330 5357">
     <span class='ocr_line' id='line_1_113' title="bbox 1744 5282 3330 5357; baseline -0.004 -17"><span class='ocrx_word' id='word_1_883' title='bbox 1744 5288 2062 5355; x_wconf 84' lang='lat' dir='ltr'><strong><em>relatarutn,</em></strong></span> <span class='ocrx_word' id='word_1_884' title='bbox 2096 5288 2222 5342; x_wconf 89' lang='lat' dir='ltr'><strong><em>audi</em></strong></span> <span class='ocrx_word' id='word_1_885' title='bbox 2264 5286 2664 5356; x_wconf 87' lang='lat' dir='ltr'><strong><em>legislationcm</em></strong></span> <span class='ocrx_word' id='word_1_886' title='bbox 2697 5283 2900 5357; x_wconf 83' lang='lat' dir='ltr'><strong><em>Moysis</em></strong></span> <span class='ocrx_word' id='word_1_887' title='bbox 2929 5299 3095 5355; x_wconf 88' lang='lat' dir='ltr'><strong><em>quam</em></strong></span> <span class='ocrx_word' id='word_1_888' title='bbox 3123 5283 3193 5339; x_wconf 89' lang='lat' dir='ltr'><strong><em>de</em></strong></span> <span class='ocrx_word' id='word_1_889' title='bbox 3221 5282 3330 5339; x_wconf 54' lang='lat' dir='ltr'><strong><em>Pa.</em></strong></span> 
     </span>
    </p>
   </div>
   <div class='ocr_carea' id='block_1_114' title="bbox 1745 5375 3329 5450">
    <p class='ocr_par' dir='ltr' id='par_1_114' title="bbox 1745 5375 3329 5450">
     <span class='ocr_line' id='line_1_114' title="bbox 1745 5375 3329 5450; baseline -0.001 -17"><span class='ocrx_word' id='word_1_890' title='bbox 1745 5379 1931 5434; x_wconf 88' lang='lat' dir='ltr'><strong><em>schate</em></strong></span> <span class='ocrx_word' id='word_1_891' title='bbox 1957 5388 2011 5434; x_wconf 90' lang='lat' dir='ltr'><strong><em>et</em></strong></span> <span class='ocrx_word' id='word_1_892' title='bbox 2028 5378 2248 5450; x_wconf 86' lang='lat' dir='ltr'><strong><em>Azymis</em></strong></span> <span class='ocrx_word' id='word_1_893' title='bbox 2274 5379 2398 5433; x_wconf 85' lang='lat' dir='ltr'><strong><em>tulit</em></strong></span> <span class='ocrx_word' id='word_1_894' title='bbox 2414 5378 2459 5412; x_wconf 78' lang='lat'><strong>&quot;</strong></span> <span class='ocrx_word' id='word_1_895' title='bbox 2481 5395 2494 5432; x_wconf 91' lang='lat'><strong>:</strong></span> <span class='ocrx_word' id='word_1_896' title='bbox 2515 5375 2617 5432; x_wconf 68' lang='lat' dir='ltr'><strong><em>Hae</em></strong></span> <span class='ocrx_word' id='word_1_897' title='bbox 2644 5383 2766 5430; x_wconf 88' lang='lat' dir='ltr'><strong><em>sunt</em></strong></span> <span class='ocrx_word' id='word_1_898' title='bbox 2782 5392 2925 5446; x_wconf 88' lang='lat' dir='ltr'><strong><em>ergo,</em></strong></span> <span class='ocrx_word' id='word_1_899' title='bbox 2955 5376 3152 5446; x_wconf 88' lang='lat' dir='ltr'><strong><em>inquit,</em></strong></span> <span class='ocrx_word' id='word_1_900' title='bbox 3179 5376 3329 5444; x_wconf 71' lang='lat' dir='ltr'><strong><em>feriat</em></strong></span> 
     </span>
    </p>
   </div>
   <div class='ocr_carea' id='block_1_115' title="bbox 1744 5465 3326 5540">
    <p class='ocr_par' dir='ltr' id='par_1_115' title="bbox 1744 5465 3326 5540">
     <span class='ocr_line' id='line_1_115' title="bbox 1744 5465 3326 5540; baseline -0.001 -16"><span class='ocrx_word' id='word_1_901' title='bbox 1744 5469 1960 5524; x_wconf 87' lang='lat' dir='ltr'><strong><em>Domini</em></strong></span> <span class='ocrx_word' id='word_1_902' title='bbox 2013 5480 2214 5525; x_wconf 73' lang='lat' dir='ltr'><strong><em>sanetur</em></strong></span> <span class='ocrx_word' id='word_1_903' title='bbox 2257 5485 2389 5540; x_wconf 86' lang='lat' dir='ltr'><strong><em>quas</em></strong></span> <span class='ocrx_word' id='word_1_904' title='bbox 2443 5468 2707 5523; x_wconf 83' lang='lat' dir='ltr'><strong><em>celebrare</em></strong></span> <span class='ocrx_word' id='word_1_905' title='bbox 2758 5465 2957 5521; x_wconf 77' lang='lat' dir='ltr'><strong><em>debetis</em></strong></span> <span class='ocrx_word' id='word_1_906' title='bbox 3002 5467 3326 5536; x_wconf 77' lang='lat' dir='ltr'><strong><em>temporibus</em></strong></span> 
     </span>
    </p>
   </div>
   <div class='ocr_carea' id='block_1_116' title="bbox 1749 5557 3328 5631">
    <p class='ocr_par' dir='ltr' id='par_1_116' title="bbox 1749 5557 3328 5631">
     <span class='ocr_line' id='line_1_116' title="bbox 1749 5557 3328 5631; baseline -0.003 -15"><span class='ocrx_word' id='word_1_907' title='bbox 1749 5561 1881 5616; x_wconf 87' lang='lat' dir='ltr'><strong><em>suis.</em></strong></span> <span class='ocrx_word' id='word_1_908' title='bbox 1910 5560 2088 5615; x_wconf 83' lang='lat' dir='ltr'><strong><em>Mense</em></strong></span> <span class='ocrx_word' id='word_1_909' title='bbox 2112 5561 2305 5631; x_wconf 86' lang='lat' dir='ltr'><strong><em>primo,</em></strong></span> <span class='ocrx_word' id='word_1_910' title='bbox 2340 5560 2546 5615; x_wconf 88' lang='lat' dir='ltr'><strong><em>decima</em></strong></span> <span class='ocrx_word' id='word_1_911' title='bbox 2572 5571 2764 5631; x_wconf 86' lang='lat' dir='ltr'><strong><em>quarta</em></strong></span> <span class='ocrx_word' id='word_1_912' title='bbox 2795 5561 2881 5615; x_wconf 90' lang='lat' dir='ltr'><strong><em>die</em></strong></span> <span class='ocrx_word' id='word_1_913' title='bbox 2919 5560 3113 5614; x_wconf 81' lang='lat' dir='ltr'><strong><em>mensis</em></strong></span> <span class='ocrx_word' id='word_1_914' title='bbox 3142 5557 3212 5613; x_wconf 89' lang='lat' dir='ltr'><strong><em>ad</em></strong></span> <span class='ocrx_word' id='word_1_915' title='bbox 3243 5576 3328 5612; x_wconf 81' lang='lat' dir='ltr'><strong><em>ve-</em></strong></span> 
     </span>
    </p>
   </div>
   <div class='ocr_carea' id='block_1_117' title="bbox 1750 5651 3331 5726">
    <p class='ocr_par' dir='ltr' id='par_1_117' title="bbox 1750 5651 3331 5726">
     <span class='ocr_line' id='line_1_117' title="bbox 1750 5651 3331 5726; baseline -0.001 -19"><span class='ocrx_word' id='word_1_916' title='bbox 1750 5668 1958 5723; x_wconf 85' lang='lat' dir='ltr'><strong><em>sperum</em></strong></span> <span class='ocrx_word' id='word_1_917' title='bbox 2012 5652 2188 5710; x_wconf 83' lang='lat' dir='ltr'><strong><em>I’Itase</em></strong></span> <span class='ocrx_word' id='word_1_918' title='bbox 2236 5653 2451 5708; x_wconf 88' lang='lat' dir='ltr'><strong><em>Domini</em></strong></span> <span class='ocrx_word' id='word_1_919' title='bbox 2504 5662 2580 5708; x_wconf 87' lang='lat' dir='ltr'><strong><em>cst</em></strong></span> <span class='ocrx_word' id='word_1_920' title='bbox 2617 5667 2635 5707; x_wconf 92' lang='lat'><strong><em>:</em></strong></span> <span class='ocrx_word' id='word_1_921' title='bbox 2667 5662 2715 5708; x_wconf 88' lang='lat' dir='ltr'><strong><em>et</em></strong></span> <span class='ocrx_word' id='word_1_922' title='bbox 2760 5652 2966 5708; x_wconf 82' lang='lat' dir='ltr'><strong><em>decima</em></strong></span> <span class='ocrx_word' id='word_1_923' title='bbox 3013 5652 3198 5726; x_wconf 88' lang='lat' dir='ltr'><strong><em>quinta</em></strong></span> <span class='ocrx_word' id='word_1_924' title='bbox 3243 5651 3331 5715; x_wconf 66' lang='lat' dir='ltr'><strong><em>die</em></strong></span> 
     </span>
    </p>
   </div>
  </div>
