3794 6226
450 333 585 390 1531
1029 327 1089 382 S.
1129 324 1502 382 ATHANASII
1540 323 1688 381 OPP.
1725 324 1905 382 PARS
1943 326 1983 380 Ι.
2017 357 2088 368 -—
2123 326 2497 384 HISTORICA
2536 327 2623 383 ET
2661 328 3083 386 DOGMATICA.
3569 327 3689 385 1552

445 450 642 506 mensis
681 448 837 518 hujus
866 446 1170 502 solemnitas
1201 446 1523 517 Azymorum
1553 445 1765 501 Domini
1791 454 1891 501 est.
1917 444 2011 501 Se—

2160 450 2286 503 οιεῖν
2311 447 2712 521 παρελάϐομεψ
2738 448 2862 504 οὐδὲ
2886 448 2996 521 γὰρ
3023 450 3086 502 τὸ
3129 448 3322 523 Πᾴσχα
3367 445 3432 500 τδ
3480 445 3689 515 νομικὸν

446 550 585 610 ptem
617 538 797 592 diebus
826 552 1018 605 azyma
1046 535 1347 590 comedetis.
1382 534 1521 591 Ecce
1550 536 1717 591 discis
1754 544 1809 591 et
1833 551 1899 591 ex
1943 536 2010 591 le-

2160 539 2260 592 ατὰ
2280 540 2374 594 τὸν
2392 542 2583 611 χρόνον
2634 544 2839 595 ἐκεῖνον
2889 545 3083 611 φαγεῖν
3108 540 3340 609 ἔφθασεν
3376 540 3406 592 ὁ
3445 537 3687 608 Χριστός·

446 629 732 700 gislatione
753 627 978 698 Moysis,
1008 627 1153 697 quod
1181 628 1360 681 adhuc
1391 641 1497 680 non
1521 637 1677 681 erant
1701 642 1919 698 azyma;
1942 635 2012 682 et-

2160 648 2200 684 :t
2229 630 2285 684 δὲ
2318 631 2488 696 οὕτως
2522 632 2635 703 ἔχει
2679 632 2741 686 τὸ
2769 632 2986 703 ἀληθὲς,
3019 632 3157 703 πρὸς
3196 631 3461 684 πίστωσιν
3489 628 3593 680 τῶν
3620 628 3689 679 εξ-

443 719 589 772 enim
616 727 736 785 post
777 719 1004 783 caenam!
1031 717 1119 771 die
1143 716 1355 771 decima
1385 717 1573 786 quinta
1599 719 1821 772 tradidit
1864 718 2012 773 Chri-

2160 723 2391 793 ημένων,
2441 724 2671 778 ἄκουσον
2718 725 2812 778 καὶ
2859 724 2959 794 τῆς
2992 723 3312 794 νομοθεσίας
3359 716 3687 793 Μωῦτέωςῇ

442 819 582 870 stus,
624 810 782 878 panis
811 809 1093 872 fractione,
1124 808 1258 863 Novi
1292 809 1623 865 Testamcnti
1673 810 2012 883 mysterium,

2163 816 2246 886 ερὶ
2276 814 2370 868 τοῦ
2400 816 2591 886 Πάσχα
2645 817 2739 868 καὶ
2780 814 2888 868 τῶν
2956 815 3204 884 Ἀξύμων
3251 810 3686 881 νενομοθέτηκεν·

440 901 699 967 quoniam
725 917 913 971 azyma
946 902 998 955 in
1026 902 1115 956 illa
1138 901 1226 957 die
1243 902 1484 956 nondum
1511 912 1685 957 erant.

2166 897 2321 969 ὖται,
2348 907 2531 976 φησὶν,
2559 910 2618 960 αἱ
2642 907 2835 974 ἑορταὶ
2867 905 2948 971 τῷ
2973 906 3165 972 Κψίῳ
3186 904 3397 970 adma!
3416 902 3592 970 ἅγιαι,
3624 898 3688 964 ἅς

441 994 730 1049 καλέσετε
767 996 955 1063 αὐτὰς
993 996 1064 1051 ἐν
1090 997 1214 1063 τοῖς
1249 998 1474 1066 καιροῖς
1515 998 1732 1055 αὐτῶν.
1788 1001 1890 1055 Ἐν
1917 1000 1998 1066 τῷ
2034 1008 2084 1053 α’
2101 1002 2252 1071 μηνὶ
2276 1004 2346 1056 ἐν
2389 1003 2463 1071 τῇ
2491 1002 2561 1057 ιδ’
2593 1005 2783 1071 ἡμέρῃ
2808 1003 2915 1057 τοῦ
2955 1002 3148 1072 μηνὸς
3171 1043 3186 1062 .
3223 1000 3536 1070 ἀναμέσον
3582 995 3688 1049 τῶν

441 1087 794 1157 ἐσπερινῶν,
823 1087 1039 1158 Πάσχα
1061 1090 1141 1156 τῷ
1166 1092 1379 1159 Κυρίῳ.
1395 1090 1501 1148 Καὶ
1532 1091 1602 1144 ἐν
1631 1089 1706 1158 τῇ
1734 1096 1796 1144 ιε’
1826 1091 2016 1160 ἡμέρᾳ
2050 1092 2157 1145 τοῦ
2195 1092 2383 1161 μηνὸς
2428 1094 2641 1147 τούτου
2688 1091 2865 1161 ἑορτὴ
2908 1091 3025 1146 τῶν
3064 1089 3309 1160 Ἄζύμων
3360 1090 3443 1156 τῷ
3474 1090 3684 1159 Κυρίῳο

440 1179 591 1233 ἑπτὰ
621 1179 839 1249 ἡμέρας
889 1180 1077 1250 ἄζυμα
1116 1181 1347 1238 ἐδεσθε.
1405 1183 1532 1236 Ἰδοὺ
1584 1184 1872 1253 μανθάνεις
1916 1184 2011 1236 καὶ
2047 1185 2109 1237 ὲκ
2151 1185 2248 1255 τῆς
2297 1185 2614 1256 νομοθεσίας
2642 1186 2940 1249 Μωῦσέως,
2987 1186 3069 1238 ὅτι
3120 1184 3219 1237 οὐκ
3266 1198 3333 1256 ην
3370 1183 3442 1237 τὰ
3492 1183 3682 1254 ἄζυμαο

443 1273 536 1325 καὶ
562 1271 670 1343 γὰρ
705 1271 842 1343 μετὰ
864 1274 924 1326 τὸ
947 1273 1228 1345 δειπνῆσαι
1255 1274 1394 1328 κατὰ
1429 1275 1528 1345 τὴν
1580 1274 1790 1345 ἡμέραν
1836 1275 1935 1346 τὴν
1965 1281 2006 1327 ε’
2045 1277 2359 1346 παρέδωκεν
2404 1280 2432 1331 ὁ
2471 1278 2706 1350 Χριστὸς
2736 1279 2826 1334 διὰ
2855 1280 2957 1351 τῆς
2986 1280 3080 1334 τοῦ
3122 1280 3287 1353 ἄρτου
3334 1277 3582 1343 κλάσεως
3603 1278 3688 1351 ,τὸ

440 1362 542 1431 τῆς
569 1365 780 1435 Καινῆς
808 1365 1083 1437 Διαθήκης
1142 1368 1455 1438 μυστήριονε
1491 1366 1697 1436 ἐπειδὴ·
1722 1364 1905 1436 ἄζυμα
1950 1368 2008 1420 ὲν
2045 1368 2230 1439 ἐκείνῃ
2262 1372 2328 1440 τῇ
2353 1370 2535 1441 ἡμέρᾳ
2559 1371 2659 1425 οὐκ
2688 1367 2849 1443 ἦσαν.
2889 1414 2904 1428 .
2942 1412 2957 1427 .
2994 1411 3012 1427 .

457 1576 3670 1618 mw

1365 1749 1676 1846 VETE
1699 1749 1843 1840 BA
1974 1748 2795 1844 MONUMENTA.

2014 1972 2089 1996 μ

440 2189 664 2247 Concilii
685 2190 1012 2248 Sardicensis
1025 2190 1094 2245 ad
1112 2189 1430 2247 Mareoticus
1453 2191 1600 2246 Eccl.
1627 2191 1848 2261 epistola
1865 2191 1999 2264 (72),

409 2328 411 2330 -
512 2282 709 2340 Sancta
747 2285 984 2357 synodus
1018 2284 1318 2340 secundum
1366 2283 1460 2339 Dei
1512 2284 1739 2355 gratiam
1781 2284 2004 2339 collecta

440 2376 697 2442 Sardicas,
721 2374 980 2432 Eeclesiis
1012 2375 1104 2430 Dei
1135 2376 1277 2445 apud
1304 2374 1597 2431 Marcetam
1623 2391 1745 2431 cum
1776 2377 2004 2448 presby-

437 2470 569 2525 teris
605 2480 658 2525 et
688 2470 1030 2535 diaconibus,
1064 2470 1117 2523 in
1158 2467 1390 2524 Domino
1418 2469 1669 2524 salutem.

506 2561 682 2617 Etiam
714 2577 782 2616 ex
825 2562 933 2628 his,
980 2561 1175 2618 fratres
1206 2561 1575 2623 dilectissimi,
1624 2576 1746 2631 quae
1776 2560 1843 2615 ad
1878 2560 2006 2616 Ale-

435 2654 721 2709 xaudriam
768 2669 863 2723 per
917 2653 1117 2709 fratres
1160 2654 1367 2708 directa
1410 2662 1574 2717 sunt,
1608 2654 1749 2709 scire
1780 2654 2009 2723 potestis

435 2761 559 2815 quae
589 2746 732 2815 apud
762 2734 1003 2802 san'ctam
1038 2754 1091 2801 et
1116 2761 1368 2816 magnam
1396 2745 1659 2816 synodum
1701 2745 1999 2800 secundum

436 2838 531 2893 Dei
580 2839 807 2909 gratiam
841 2837 1414 2899 Sardicatcollectam,
1453 2846 1581 2891 sunt
1607 2837 1825 2893 actitata
1858 2856 1870 2890 :
1904 2837 1998 2892 sed

434 2930 562 2999 quia
607 2940 661 2985 et
702 2946 799 2986 vos
840 2930 1135 3000 scripsistis
1164 2928 1523 2984 intolerabilia
1567 2928 1893 2984 sustinuisse
1931 2929 2001 2983 ab

434 3022 778 3091 impiissimis
811 3023 1111 3088 haereticis,
1147 3037 1379 3091 quorum
1413 3030 1494 3076 est
1548 3022 1797 3091 princeps
1830 3021 2003 3090 pessi-

437 3129 561 3169 mus
587 3113 902 3184 Gregorius,
940 3114 1079 3169 hanc
1109 3114 1179 3169 ob
1209 3127 1429 3167 causam
1468 3112 1705 3167 scribere
1728 3121 1782 3167 et
1810 3113 1876 3166 ad
1910 3128 2005 3168 ve-

435 3215 604 3261 stram
662 3205 1023 3261 reverentiam
1088 3206 1455 3261 necessarium
1520 3214 1707 3260 saneta
1761 3205 2004 3277 synodus

435 3295 723 3350 aestimavit
749 3312 763 3350 :
802 3305 861 3350 ut
885 3297 951 3351 iis
979 3298 1268 3361 consolati,
1294 3298 1467 3366 magis
1496 3312 1560 3351 ac
1587 3297 1763 3368 magis
1792 3298 2000 3351 haben-

432 3396 519 3441 tes
546 3387 602 3440 in
639 3386 747 3441 Deo
775 3401 924 3457 spem
946 3429 961 3451 ,
990 3386 1228 3442 futuram
1259 3389 1674 3459 promissionem
1707 3389 1996 3457 repositam

432 3474 780 3548 diligentibus
801 3478 1078 3533 Christum
1108 3479 1536 3549 consequamini.
1575 3477 1631 3533 Si
1659 3480 1822 3550 igitur
1850 3479 1995 3549 passi

431 3566 564 3622 estis
599 3566 760 3634 mala,
812 3568 979 3622 nolite
1013 3570 1361 3633 contristari,
1396 3570 1489 3625 sed
1538 3571 1713 3640 magis
1745 3570 1994 3637 gaudete,

431 3657 689 3726 quoniam
733 3668 788 3711 et
819 3671 915 3711 vos
949 3657 1222 3713 meruistis
1267 3674 1366 3727 pro
1408 3658 1627 3713 nomine
1662 3657 1874 3712 Domini
1914 3659 1998 3712 in-

429 3748 604 3819 jurias
642 3749 893 3803 tolerare.
926 3747 985 3803 Si
1012 3764 1141 3803 vero
1169 3764 1438 3815 carceres,
1465 3760 1518 3805 et
1548 3750 1784 3818 vincula,
1830 3760 1886 3806 et
1916 3749 1997 3806 fa-

431 3844 641 3898 ctiones
673 3842 973 3907 tolerastis,
1001 3840 1116 3896 haec
1141 3857 1237 3897 vos
1271 3857 1378 3898 non
1408 3845 1810 3900 contristahunt
1835 3864 1848 3900 :
1882 3846 1997 3902 haec

430 3934 574 3991 enim
599 3942 652 3989 et
679 3943 806 3989 ante
836 3950 931 3989 vos
956 3942 1140 4005 patres
1168 3935 1565 4001 sustinuerunt,
1592 3953 1823 4007 quorum
1851 3954 1993 3995 unus

429 4035 515 4082 est
557 4027 747 4081 beatus
780 4024 1018 4093 Paulus,
1059 4035 1274 4096 propter
1307 4027 1450 4098 quod
1496 4037 1551 4083 et
1593 4031 1797 4087 vinctus
1831 4046 1995 4087 voca-

427 4124 517 4172 tus
560 4119 599 4171 ¹.
635 4116 961 4172 Audivimus
990 4128 1190 4189 quanta
1215 4129 1269 4172 et
1290 4117 1541 4188 Ingenius
1561 4122 1839 4192 presbyter
1867 4138 1993 4192 pas-

427 4221 523 4263 sus
554 4215 657 4283 est,
690 4216 747 4262 et
793 4207 1066 4263 doluimus
1099 4208 1314 4277 quidem
1364 4218 1581 4278 prepter
1613 4210 1883 4278 injurias;
1925 4213 1992 4267 li-

426 4297 614 4352 henter
659 4304 841 4352 autem
891 4299 1200 4366 accepimus
1230 4313 1438 4354 sacram
1469 4299 1588 4367 ejus
1618 4301 1950 4357 voluntatem
1970 4336 1989 4371 ,

424 4387 684 4457 quoniam
741 4396 961 4457 propter
1008 4385 1287 4442 Christum
1337 4399 1533 4443 cuncta
1595 4392 1878 4446 sustinuit.
1928 4393 1989 4448 Si

424 4478 587 4548 igitur
629 4478 809 4533 adhuc
852 4492 949 4532 vos
994 4487 1280 4547 premunt,
1329 4494 1452 4548 quae
1499 4488 1718 4548 putatur
1766 4484 1987 4539 tristitia

418 4584 581 4634 esse,
635 4570 690 4624 in
745 4569 1001 4641 gaudium
1036 4580 1397 4626 convertatur.
1450 4571 1783 4643 Scripsimus
1840 4576 1985 4634 enim

416 4661 683 4732 piissimis
710 4661 1147 4732 imperatoribus,
1178 4674 1237 4717 ut
1258 4679 1325 4718 ne
1350 4666 1416 4719 de
1446 4675 1643 4720 caetero
1679 4667 1804 4721 talia
1831 4684 1987 4723 com-

416 4753 704 4807 mittantur
733 4753 1022 4808 adversum
1051 4751 1353 4821 Eeclesias;
1400 4764 1454 4809 et
1501 4758 1796 4824 credimus,
1837 4761 1982 4829 quod
2016 4796 2058 4851 υ

415 4841 695 4898 Dominus
733 4842 896 4899 faciet
944 4859 1040 4913 per
1089 4843 1402 4914 religionem
1461 4849 1979 4906 bumanissimorum

414 4935 825 5005 imperatorum,
852 4945 911 4991 ut
937 4934 1003 4992 et
1019 4949 1121 4992 nos
1149 4952 1273 4993 cum
1296 4939 1493 4994 solatio
1515 4949 1568 4993 et
1595 4940 1837 4996 libertate
1867 4941 1980 4999 Deo

413 5030 616 5100 gratias
648 5038 889 5099 agentes,
920 5037 976 5084 et
996 5028 1283 5098 placentes
1326 5031 1665 5086 inveniamur
1692 5032 1744 5086 in
1776 5034 1864 5087 die
1891 5034 1980 5103 ju-

413 5118 562 5172 dicii.
591 5117 723 5184 Quae
754 5127 936 5173 autem
983 5128 1110 5174 sunt
1152 5120 1396 5182 actitata,
1430 5122 1572 5174 sicut
1601 5121 1977 5190 praediximus,

412 5211 755 5280 cognoscetis
787 5225 853 5265 ex
899 5210 1272 5267 dilectissimis
1304 5210 1563 5265 fratribus
1615 5214 1844 5277 nostris,
1883 5215 1978 5284 qui

412 5310 621 5357 vestras
649 5301 858 5356 litteras
890 5310 1264 5371 portaverant,
1296 5302 1400 5356 hoc
1427 5311 1510 5357 est
1555 5302 1886 5374 presbyteris
1924 5316 1980 5360 et

409 5391 733 5451 diaconihus
760 5392 1140 5449 Alexandrinis
1171 5408 1187 5449 :
1213 5395 1528 5465 episcopum
1551 5394 1695 5449 enim
1735 5406 1975 5452 vestrum

482 5500 501 5530 ⁸
536 5498 733 5570 Ephes.
774 5515 865 5567 tu,
906 5501 973 5567 ις
1011 5519 1083 5568 tv,
1130 5504 1182 5556 1.

478 5609 590 5695 (Ἶῇ)
630 5610 755 5694 llaec
776 5612 986 5695 primus
1014 5613 1069 5695 in
1099 5614 1275 5669 lucem
1298 5617 1532 5695 protulit
1555 5631 1756 5695 crauis.
1780 5618 1969 5695 codice

407 5681 729 5761 amplissimi
760 5683 981 5749 capituli
1010 5681 1343 5761 yeronettsis
1390 5684 1556 5761 YLC.
1616 5685 1964 5761 Scipiohlaj-

406 5748 544 5805 feius
585 5750 643 5806 in
687 5748 962 5822 Desertus.
999 5750 1193 5826 Letter.
1237 5765 1368 5810 tom.
1417 5754 1516 5821 lll,
1567 5748 1723 5828 pagg:
1767 5748 1960 5826 29-47,

2038 2106 2082 2162 Β
2108 2100 2526 2158 dilectissimum
2569 2101 2792 2158 fratrem
2837 2113 3109 2173 nostrum,
3149 2116 3202 2163 et
3245 2110 3685 2168 comministrum

2102 2192 2460 2249 Athanasium
2493 2196 2839 2251 innocentem
2865 2206 2921 2251 et
2953 2198 3226 2254 sincerum
3276 2202 3347 2257 ab
3390 2204 3550 2258 omni
3598 2218 3687 2258 ea-

2104 2283 2311 2345 lumnia
2357 2285 2728 2363 pronuntiavit
2788 2296 2977 2343 sancta
3029 2297 3086 2344 et
3153 2305 3348 2362 magna
3402 2294 3682 2365 synodus;

2105 2371 2454 2430 Theodorum
2476 2389 2629 2438 vero,
2652 2372 2988 2445 Narcissum,
3017 2377 3377 2449 Stephanum,
3396 2383 3681 2449 Acacium,

2105 2462 2420 2535 Georgium,
2462 2463 2775 2531 Ursacium,
2813 2468 3094 2524 Valentem
3145 2481 3200 2526 et
3241 2471 3683 2544 Minophantum,

2105 2558 2419 2628 episcopatu
2465 2560 2716 2630 deposuit
2748 2561 2819 2615 ob
2849 2577 2912 2616 ea
2954 2578 3077 2632 quae
3117 2564 3492 2634 deliquerunt,
3526 2578 3583 2623 et
3617 2568 3683 2623 ob

2106 2648 2483 2718 impiissimam
2528 2650 2777 2707 haeresim
2821 2653 2981 2723 cujus
3008 2656 3141 2709 socii
3169 2664 3224 2710 et
3249 2659 3469 2725 patroni
3497 2661 3684 2714 riden-

2104 2748 2211 2795 tur.
2241 2739 2317 2794 De
2343 2739 2602 2812 Gregorio
2635 2753 2817 2798 autem
2866 2760 2965 2800 nec
3018 2754 3227 2801 tantum
3264 2752 3554 2807 credimus
3592 2768 3683 2808 nec

2099 2830 2398 2885 cessarium
2432 2847 2553 2888 esse
2581 2834 2853 2901 scribere;
2902 2836 3031 2891 olim
3080 2839 3227 2892 enim
3259 2840 3551 2909 depositus
3580 2852 3683 2911 est,

2100 2921 2212 2975 imo
2258 2923 2431 2991 magis
2459 2923 2751 2993 cpiscopus
2784 2926 3003 2994 penitus
3054 2943 3162 2982 non
3209 2940 3294 2983 est
3324 2928 3679 2987 aestimatus:

2098 3014 2220 3083 ejus
2243 3015 2388 3069 enim
2418 3030 2557 3084 opus
2588 3016 2765 3071 simile
2805 3027 2889 3072 est
2925 3019 3047 3087 ejus
3070 3020 3406 3076 ordinationi
3436 3024 3584 3095 (75).
3626 3022 3682 3079 Si

2101 3103 2226 3172 quis
2267 3103 2428 3173 igitur
2453 3103 2522 3157 ab
2552 3119 2616 3158 eo
2639 3104 2900 3176 deceptus
2930 3119 3033 3171 est,
3069 3108 3352 3163 erudiatur
3393 3120 3447 3164 et
3484 3112 3683 3167 veritae

2103 3207 2210 3250 tem
2260 3204 2587 3264 cognoscat;
2640 3197 2685 3250 si
2740 3212 2865 3250 vero
2948 3199 3156 3253 resistit
3201 3201 3321 3269 ejus
3368 3202 3680 3272 impietati,

2102 3287 2354 3356 gaudeat,
2391 3287 2537 3355 quod
2584 3296 2638 3341 et
2669 3287 2784 3356 ipse
2832 3288 3154 3343 adversatus
3201 3302 3283 3346 est
3328 3290 3480 3346 hunc
3521 3308 3682 3363 quem

2105 3386 2292 3432 sancta
2320 3379 2562 3449 synodus
2592 3394 2691 3433 nec
2717 3379 3032 3450 episcopum
3061 3381 3366 3437 aestimarit.
3390 3380 3510 3436 Nec
3539 3385 3681 3437 enim

2099 3482 2202 3521 nos
2248 3468 2448 3534 latuit,
2513 3471 2643 3541 quid
2714 3472 2977 3533 adversus
3031 3487 3125 3526 vos
3192 3472 3573 3539 commiserit,
3630 3484 3682 3529 et

2098 3568 2363 3629 quantum
2393 3575 2492 3615 vos
2529 3562 2806 3630 presserit.
2854 3560 2977 3618 Sed.
3001 3563 3250 3633 gaudete,
3278 3565 3551 3631 quoniam
3587 3581 3680 3635 pm

2097 3650 2316 3705 Christo
2346 3652 2593 3721 patimini
2619 3654 2688 3707 ab
2716 3652 2802 3707 his
2825 3653 2919 3722 qui
2946 3654 3223 3708 Christum
3250 3655 3677 3725 blasphemant:

2096 3743 2432 3798 aestimamus
2500 3754 2680 3798 autem
2739 3746 2885 3815 quod
2952 3745 3065 3816 jam
3132 3747 3313 3801 omnis
3381 3748 3679 3803 insolentia

2095 3835 2356 3897 cessabit,
2392 3834 2684 3906 increpatis
2726 3850 2791 3891 ac
2835 3837 3096 3907 depositis
3123 3839 3325 3899 noxiis,
3359 3839 3457 3908 qui
3506 3841 3681 3895 hzere-

2095 3927 2199 3982 sim
2234 3942 2342 3982 non
2382 3928 2771 3983 nominandam
2806 3929 3189 3991 defendebant.
3226 3929 3544 3987 Incolumes
3587 3948 3679 3989 vos

2092 4032 2215 4073 esse
2245 4019 2297 4072 in
2326 4017 2560 4074 Domino
2591 4031 2740 4090 opto.

2162 4108 2276 4180 Ego
2314 4108 2478 4167 Osius
2507 4112 2798 4181 episcopus
2844 4112 3147 4170 incolumes
3186 4130 3283 4172 vos
3329 4116 3389 4173 in
3437 4114 3677 4174 Domino

2091 4210 2238 4270 opto,
2269 4202 2609 4258 dilectissimi
2638 4202 2854 4260 fratres.

2159 4294 2491 4351 Athanasius
2539 4295 2826 4367 episcopus
2875 4309 3056 4355 vester
3101 4299 3407 4357 incolumes
3458 4319 3563 4358 vos
3622 4302 3678 4356 in

2089 4383 2321 4443 Domino
2347 4395 2496 4455 opto,
2530 4388 2875 4445 dilectissimi
2905 4389 3119 4449 fratres.

2442 4476 2767 4534 Heliodorus
3035 4482 3306 4538 similiter.

2437 4569 2676 4626 Joannes
3040 4577 3167 4629 sim.

2438 4659 2606 4717 Jonas
2694 4714 2700 4725 ,
3033 4665 3161 4718 shn.

2438 4751 2729 4823 Dionysius
3037 4755 3161 4811 sim.

2433 4841 2757 4911 Paregorius
3037 4847 3163 4901 sim.

2439 4932 2628 5013 Actius
3032 4937 3157 4992 sim.

2435 5021 2636 5080 Valens
3036 5028 3159 5083 sim.

2438 5113 2602 5171 Arius
3034 5120 3159 5173 sim.

2430 5205 2763 5277 Porphyrius
3032 5210 3157 5265 sim.

2431 5296 2813 5353 Athenodorus
3028 5301 3150 5356 sim.

2428 5388 2644 5458 Alysius
3026 5392 3149 5444 sint.

2074 5624 2265 5768 θθξξὲί
2308 5694 2426 5751 νεά.
2466 5683 2668 5753 Athan.
2703 5699 2883 5768 Apol.,
2908 5714 2963 5753 η.
2997 5698 3083 5759 50.
