3794 6226
215 313 362 369 1553
1476 301 2234 369 ἾΕΤΕΗΑιΜΟΝυΜΕΝΤΑ.
2883 361 2886 364 ,
3311 297 3452 355 1554

561 429 854 485 Gerontius
1159 429 1431 485 similiter.
1801 429 1854 486 Α
1880 435 2003 476 cere
2029 419 2364 485 voluerunt;
2402 415 2498 487 qui
2541 416 2686 471 enim
2734 415 2949 486 penitus
2979 414 3218 486 episcopi
3255 429 3452 469 nomen

561 517 758 575 Lucius
1159 522 1284 575 sim.
1884 527 1985 568 nec
2015 513 2228 578 habuit,
2260 512 2407 566 hunc
2454 511 2748 565 nominare
2791 508 3126 579 superﬂuum
3156 507 3456 562 astimave-

569 609 816 665 Asterius
1160 611 1287 666 sim.
1879 612 2008 659 runt
2044 619 2059 657 :
2109 605 2206 660 sed
2248 611 2468 674 propter
2505 603 2763 672 deceptos
2805 602 2874 656 ab
2923 617 3011 666 eo,
3062 599 3301 656 nominis
3337 598 3457 667 ejus

558 700 763 758 Bassus
1156 704 1282 760 sim.
1878 696 2213 752 mentionem
2275 694 2550 760 fecerunt;
2622 708 2730 748 non
2778 693 2906 762 quia
2952 692 3148 762 dignus
3193 687 3455 746 memoria

570 795 867 851 Dioscorus
1149 799 1277 852 sim.
1878 789 2182 856 videbatur,
2217 787 2311 844 sed
2368 795 2427 840 ut
2461 800 2530 841 cx
2567 787 2690 851 hoc,
2731 785 2830 855 qui
2856 784 2923 838 ah
2951 785 3043 838 illo
3070 782 3278 853 decepti
3305 786 3454 845 sunt,

557 869 897 941 Domitianus
1154 887 1279 941 sim.
1877 881 1995 950 eius
2019 888 2355 951 cognoscant
2378 876 2688 944 infamiam,
2711 888 2766 933 et
2785 878 3111 933 erubescant
3140 872 3453 946 cujusmodi

555 978 882 1048 Calepodius
1150 981 1277 1035 sim.
1879 973 2037 1028 factis
2069 972 2278 1026 homini
2309 968 2425 1042 (έῖιξ
2462 971 3020 1026 communicaverunt.

557 1068 862 1122 Alexander
1145 1069 1271 1124 sim.
1949 1063 2304 1134 Cognoscctis
2352 1078 2479 1117 vero
2519 1076 2683 1132 super
2713 1076 2808 1117 eos
2848 1061 3049 1130 scripta
3089 1074 3156 1114 ex
3190 1068 3456 1126 superan-

559 1157 887 1212 Plutarclius
1150 1161 1278 1216 sim.
1877 1155 2032 1210 nexis
2067 1170 2083 1209 :
2116 1165 2170 1210 et
2202 1154 2329 1209 licet
2355 1169 2464 1208 non
2499 1167 2690 1207 omnes
2715 1151 2953 1207 scribere
2984 1147 3229 1219 episcopi
3257 1159 3453 1200 occur-

559 1247 876 1305 Vincentius
1153 1252 1280 1306 sim.
1877 1254 2088 1314 rernnt,
2129 1253 2370 1300 attamen
2406 1244 2474 1299 ab
2518 1241 2774 1298 omnibus
2813 1242 3014 1311 scripta
3057 1247 3217 1300 sunt.
3266 1246 3320 1293 et
3349 1249 3449 1306 pro

563 1341 750 1397 Vitalis
1153 1344 1280 1398 sim.
1876 1336 2134 1391 omnibus
2187 1334 2544 1404 scripserunt.
2596 1329 2829 1385 Invicem
2877 1331 3108 1386 salutate
3157 1329 3213 1383 in
3261 1327 3451 1384 osculo

561 1431 798 1488 Severus
1153 1434 1281 1488 sim.
1875 1438 2082 1484 $311010.
2119 1424 2494 1507 Salutant‘vos
2521 1438 2713 1478 omnes
2743 1420 2959 1476 fratres.

556 1521 859 1579 Restitutus
1151 1525 1276 1579 sim.
1942 1519 2274 1590 Protogenes
2306 1503 2614 1587 episcopus,
2649 1513 2953 1569 incolumes
2985 1526 3083 1567 vos
3117 1511 3173 1565 in
3218 1509 3449 1564 Domino

477 1623 496 1643 '
563 1611 885 1670 Vincentius
925 1614 1214 1684 episcopus
1254 1615 1555 1672 incolumes
1587 1634 1684 1673 vos
1717 1619 1773 1674 in

197 1704 438 1761 Domino
469 1713 621 1775 opto,
670 1706 1011 1762 dilectissimi
1045 1706 1244 1763 fratres
1273 1724 1286 1738 ·
1311 1707 1503 1777 jussus
1528 1725 1558 1764 a
1589 1709 1773 1765 fratri-

197 1796 305 1854 bus
344 1797 488 1852 meis
532 1805 588 1853 et
631 1798 972 1868 coepiscopis
1001 1798 1218 1869 scripsi,
1251 1807 1305 1854 et
1338 1799 1638 1870 subscripsi
1676 1817 1775 1873 pro

197 1886 439 1945 caeteris.

838 1976 1050 2050 1047
1077 1977 1144 2033 “-

360 2064 426 2122 S.
454 2065 738 2120 Athanasii
758 2066 827 2120 ad
847 2069 1055 2122 easdem
1077 2063 1346 2124 Ecclesias
1368 2069 1612 2140 epistola.

263 2157 607 2215 Athanasius
641 2157 968 2230 presbyteris
1009 2167 1064 2215 et
1097 2159 1450 2229 diaconibus,
1490 2171 1544 2218 et
1574 2164 1774 2233 populo

197 2251 485 2306 catholicae
508 2248 767 2306 Ecclesia
787 2251 932 2323 apud
961 2249 1284 2320 Mareotam,
1313 2254 1690 2313 dilectissimis
1709 2273 1773 2314 ac

195 2337 652 2396 desiderabilibus
681 2338 963 2406 fratribus,
991 2340 1048 2396 in
1077 2341 1312 2400 Domino
1341 2346 1596 2402 salutem.

267 2429 477 2487 Sancta
509 2435 750 2504 synodus
776 2433 1020 2491 laudavit
1047 2437 1104 2492 in
1133 2436 1353 2494 Christo
1377 2447 1616 2495 vestram
1644 2439 1774 2495 reli-

199 2519 442 2590 gionem.
474 2519 676 2579 Omnes
705 2533 956 2594 acceptos
1004 2526 1248 2583 tulerunt
1274 2527 1330 2583 in
1365 2529 1621 2585 omnibus
1655 2530 1775 2584 ani-

199 2626 350 2668 mum
405 2621 460 2668 et
498 2611 907 2682 fortitudinem,
949 2617 1209 2686 quoniam
1237 2617 1417 2673 minas
1449 2635 1556 2674 non
1587 2621 1776 2675 timui-

198 2702 320 2769 stis,
354 2704 508 2775 quod
551 2704 847 2762 tolerantes
884 2707 1116 2778 injurias
1143 2719 1198 2765 et
1229 2711 1636 2782 persecutiones
1671 2714 1774 2770 ad»

199 2808 420 2852 versum
480 2796 735 2866 pietatem
760 2837 778 2864 ,
846 2799 1223 2869 pravaluistis.
1299 2803 1520 2861 Litterae
1587 2808 1774 2880 itaque

198 2894 418 2957 Vestra,
447 2887 576 2943 dum
602 2889 910 2961 legerentur
938 2893 1214 2958 omnibus,
1241 2893 1509 2966 lacrymas
1530 2913 1774 2954 commo-

197 2987 430 3042 verunt,
476 2986 528 3034 et
580 2994 771 3036 omnes
819 2981 887 3036 ad
926 2991 1171 3038 vestrum
1217 2993 1601 3054 pertraxerunt
1643 2990 1774 3045 affe-

199 3075 393 3162 ctunr:
424 3069 736 3126 dilexerunt
760 3087 860 3162 vos
889 3081 945 3128 et
972 3074 1247 3142 absentes,
1297 3091 1362 3133 ac
1406 3088 1617 3136 vestras
1646 3097 1771 3151 per—
1799 3100 1845 3162 ρ

200 3158 513 3226 secutiones
559 3174 692 3216 suas
733 3160 1181 3219 aestimaverunt:
1215 3163 1480 3222 indicium
1536 3184 1773 3240 namque

198 3246 484 3313 charitatis
523 3263 714 3305 eorum
745 3260 875 3307 sunt
899 3251 1092 3310 litterae
1120 3253 1188 3310 ad
1215 3271 1316 3314 vos
1358 3259 1536 3314 data:
1561 3269 1616 3315 et
1646 3261 1775 3316 licet

199 3337 475 3395 sufﬁceret
495 3355 592 3396 vos
611 3355 1009 3400 connumerare
1037 3355 1241 3403 sancta
1267 3363 1364 3419 per
1387 3349 1771 3407 Alexandriam

199 3427 467 3506 Ecclesia
504 3447 519 3484 :
557 3441 741 3489 tamen
784 3437 1078 3505 separatim
1130 3440 1290 3497 vobis
1329 3442 1549 3512 scripsit
1585 3454 1774 3500 sancta

200 3524 464 3593 synodus,
508 3533 569 3579 ut
620 3525 893 3581 adhortati
934 3543 1045 3584 non
1089 3529 1355 3588 deﬁciatis
1399 3533 1471 3588 oh
1502 3534 1618 3590 haec
1652 3551 1775 3606 qua

200 3615 488 3682 patimini,
540 3616 636 3670 sed
667 3617 870 3688 gratias
897 3621 1069 3690 agatis
1097 3620 1361 3690 Domino;
1410 3627 1556 3695 quod
1591 3636 1773 3682 vestra

201 3707 463 3774 patientia
489 3707 694 3763 bonum
723 3708 960 3766 fructum
986 3711 1226 3769 habebit.
1253 3712 1394 3769 Olim
1423 3716 1605 3787 itaque
1637 3718 1772 3774 late—

199 3797 330 3854 bant
359 3800 740 3884 hareticorum
770 3819 985 3872 mores;
1015 3823 1161 3863 nunc
1190 3815 1374 3863 tamen
1406 3812 1664 3868 omnibus
1683 3828 1773 3869 ex-

200 3892 360 3958 pansi
386 3901 535 3958 sunt,
574 3901 630 3950 et
674 3895 927 3964 patefacti
959 3915 972 3952 :
1012 3913 1141 3953 nam
1176 3908 1364 3955 sancta
1399 3903 1640 3972 synodus
1674 3904 1772 3959 ad-

200 3984 364 4039 vertit
406 3984 476 4040 ah
519 3985 609 4042 his
636 3989 993 4057 concinnatas
1018 3991 1279 4046 adversus
1305 4007 1404 4047 vos
1443 3994 1770 4061 calumnias,

200 4082 254 4128 et
280 4090 380 4131 eos
413 4077 606 4132 habuit
633 4078 782 4145 odio,
814 4087 980 4150 atque
1007 4081 1254 4136 omnium
1284 4098 1559 4139 consensu
1608 4085 1774 4157 depo-

201 4165 308 4220 suit
324 4164 699 4236 Theodorum,
719 4168 1023 4236 Valentem,
1046 4169 1333 4227 Ursacium
1360 4174 1416 4228 in
1445 4174 1773 4233 Alexandria

199 4271 252 4316 et
278 4262 544 4319 Mareota.
576 4263 778 4320 Eadem
807 4267 971 4321 etiam
1001 4283 1098 4337 per
1139 4269 1274 4324 alias
1315 4268 1590 4327 Ecclesias
1627 4271 1774 4328 facta

202 4365 348 4412 sunt.
402 4355 469 4412 Et
513 4358 769 4427 quoniam
803 4360 1159 4416 intolerabilis
1201 4372 1286 4417 est
1319 4362 1431 4432 jam
1479 4366 1773 4422 crudelitas
1831 4387 1834 4395 “

200 4463 390 4505 eorum
413 4459 467 4506 et
493 4452 743 4522 tyrannia
769 4452 879 4524 (74)
903 4454 1162 4510 adversus
1186 4453 1458 4512 Ecclesias
1478 4457 1768 4527 celebrata;
1803 4435 1848 4489 υ

201 4541 317 4599 ideo
350 4544 666 4614 episcopatu
699 4546 894 4617 dejecti
923 4556 1072 4613 sunt,
1099 4549 1359 4620 omnique
1388 4552 1771 4609 communione

203 4635 445 4692 alienati.
475 4637 747 4693 Caeterum
777 4639 846 4696 de
873 4639 1137 4711 Gregorio
1179 4657 1283 4696 nec
1317 4643 1650 4699 mentionem
1690 4643 1772 4701 fa-

293 4793 385 4864 74)
430 4792 723 4865 Tyrannia.
759 4794 851 4848 Sic
879 4808 982 4848 ms.
1010 4809 1110 4864 pro
1144 4796 1404 4865 tyrannis.

298 4863 389 4936 75)
427 4863 739 4936 Cujusntodi
771 4863 1181 4936 factis/tantuli.
1213 4865 1416 4921 Eodem
1463 4881 1629 4922 sensu
1660 4866 1774 4923 for-

208 4933 378 4999 tasse,
402 4933 512 5003 quo
544 4935 730 4987 Italice
764 4951 886 4986 uom
920 4933 973 4986 di
1005 4934 1080 4986 ται
1105 4935 1266 5003 fatta.

277 5004 388 5073 (7,6)
422 5004 700 5056 Liodorus.
736 5003 894 5058 Forte
923 5003 1209 5073 Diodorus.

275 5072 363 5143 (77
419 5073 627 5128 Caloes.
656 5075 716 5128 In
747 5074 907 5128 editis
932 5072 1146 5128 Caluus.

276 5078 388 5212 (78)
421 5143 714 5197 Maximus.
743 5142 850 5196 Per
877 5145 1029 5210 epist.
1073 5144 1146 5198 Cl:

276 5142 388 5213 (78)
421 5143 714 5197 Maximus.
743 5142 850 5196 Per
877 5145 1029 5210 epist.
1073 5144 1218 5198 Clar.
1238 5145 1411 5199 editor
1435 5145 1656 5212 conjicit
1688 5147 1774 5202 hic

211 5213 491 5286 legendum
526 5213 855 5286 nimiminus
875 5214 1144 5284 episcopus
1166 5215 1230 5269 de
1260 5214 1469 5283 Galliis,
1491 5216 1584 5286 qui
1615 5216 1776 5270 nimi-

211 5283 326 5338 rum
358 5283 522 5338 fuerit
552 5283 910 5338 Trevirensis.

281 5353 392 5424 (79)
431 5353 614 5406 Arcid.
658 5355 802 5408 lnter
851 5353 1153 5424 fragmenta
1203 5369 1268 5410 ex
1317 5370 1477 5424 opere
1511 5355 1774 5410 historico

290 5418 491 5494 Hilarii
521 5433 700 5478 exstat
725 5418 963 5492 epistola
983 5425 1172 5494 synodi
1203 5418 1543 5481 Sardi'censis
1580 5427 1646 5479 ad
1679 5425 1774 5479 Ju-

214 5491 339 5562 l_ium
372 5491 393 5545 l
425 5495 479 5546 in
512 5509 618 5562 qua
650 5495 730 5548 sic
761 5495 990 5562 legimus
1015 5491 1072 5561 ι).
1106 5493 1194 5559 15,
1234 5497 1361 5550 edit.
1391 5497 1565 5550 Paris.
1595 5496 1770 5549 £598:

213 5560 326 5634 Hoc
357 5564 494 5616 enim
523 5560 775 5628 optimum
818 5560 871 5618 ct
919 5560 1067 5617 valde
1108 5568 1632 5634 congruentissimum
1666 5581 1776 5620 esse

209 5632 486 5703 uidebitur,
519 5634 566 5685 si
608 5634 677 5686 ad
714 5643 894 5700 caput,
924 5635 979 5686 id
1023 5643 1101 5687 est
1146 5632 1224 5688 all
1257 5634 1402 5688 Petri
1437 5635 1658 5703 apostoli
1688 5653 1774 5688 se-

207 5701 317 5756 dem
343 5705 405 5758 de
433 5702 653 5772 singulis
681 5703 969 5772 quibusque
999 5704 1277 5774 provinciis
1308 5701 1517 5760 Domini
1543 5706 1772 5776 referant

1874 1623 2022 1684 opto,
2059 1610 2398 1667 dilectissimi
2431 1620 2486 1664 et
2503 1605 2917 1672 desiderabiles.

1941 1703 2324 1758 Athenodorus
2359 1701 2647 1770 episcopus
2679 1697 2980 1752 incolumes
3007 1709 3104 1750 vos
3135 1694 3190 1748 in
3222 1690 3450 1748 Domino

1875 1807 2022 1870 opto,
2054 1796 2250 1852 fratres
2277 1791 2639 1848 dilectissimi.

2225 1885 2476 1941 Julianus
2505 1883 2794 1954 cpiscopus
2827 1879 3094 1936 similiter.

2224 1974 2549 2030 Ammonius
2829 1971 2954 2025 sim.

2222 2065 2496 2135 Aprianus
2824 2061 2950 2114 sim.

2229 2157 2519 2213 Marcellus
2827 2153 2955 2207 sim.

2225 2249 2519 2305 Gerontius
2827 2242 2954 2300 sim.

2224 2338 2563 2411 Porphyrius
2830 2334 2958 2390 sim.

2227 2431 2482 2487 Zosimus
2829 2426 2956 2485 sim.

2227 2520 2510 2591 Asclepius
2827 2517 2954 2572 sim.

2228 2611 2510 2682 Appianus
2827 2606 2954 2661 sim.

2224 2699 2488 2772 Eulogius
2826 2695 2948 2751 sim.

2228 2791 2507 2862 Eugenius
2826 2785 2953 2848 sim.

2229 2883 2498 2940 Liodorus
2526 2875 2639 2954 (76)
2829 2878 2955 2934 sim.

2224 2972 2514 3044 Martyrius
2829 2967 2956 3022 sim.

2228 3059 2510 3134 Eucarpus
2826 3058 2952 3113 sim.

2225 3157 2430 3213 Lucius
2824 3153 2951 3207 sim.

2222 3249 2418 3306 Caloes
2453 3247 2563 3319 (77)
2824 3244 2950 3300 sim.

2221 3339 2488 3395 Maximus
2517 3335 2634 3408 (78)
2826 3335 2950 3390 sim.

1945 3453 2049 3509 Per
2073 3452 2332 3522 epistolas
2358 3453 2425 3506 de
2450 3450 2640 3505 Galliis
2671 3446 2977 3504 incolumes
3005 3460 3102 3501 vos
3133 3444 3186 3499 in
3211 3442 3442 3498 Domino

1874 3557 2022 3619 Opto,
2053 3545 2411 3603 dilectissimi.

1945 3637 2266 3692 Arcidamus
2294 3634 2427 3705 (79),
2459 3643 2512 3688 et
2545 3631 2873 3687 Pliiloxenus
2904 3628 3087 3699 presb.
3115 3635 3170 3682 et
3195 3626 3305 3681 Leo
3327 3626 3446 3680 dia-

1874 3747 2045 3787 conus
2075 3730 2141 3785 dc
2170 3728 2343 3783 Roma
2374 3725 2674 3779 incolumes
2701 3739 2800 3778 vos
2829 3731 3100 3791 optamus.

1946 3819 2280 3874 Gaudentius
2324 3815 2637 3871 Naisitanus
2677 3813 2964 3883 episcopus
3011 3809 3312 3867 incolumes
3345 3821 3442 3865 vos

1875 3909 1928 3964 in
1959 3908 2186 3963 Domino
2212 3915 2358 3977 opto.

2013 3998 2321 4054 Florentius
2349 3995 2457 4069 (80)
2493 3994 2656 4049 Merie
2681 3992 2973 4047 Pannonia
2995 3991 3267 4049 similiter.

2014 4089 2334 4143 Ammianus
2358 4086 2424 4141 de
2449 4084 2682 4140 Castello
2713 4080 3007 4137 Pannonia
3035 4079 3161 4136 sim.

2013 4176 2303 4233 Januarius
2325 4176 2391 4229 de
2415 4175 2722 4229 Benevento
2753 4172 2878 4226 sim.

2014 4269 2372 4323 Pratextatus
2395 4264 2506 4336 (8|)
2542 4265 2608 4319 de
2632 4262 2944 4317 Narcidono
2973 4261 3146 4315 Pann.
3177 4259 3299 4314 sim.

2017 4359 2316 4430 Hypeneris
2343 4357 2409 4412 de
2435 4355 2641 4427 Hypata
2663 4353 2959 4409 Thessalia
2982 4353 3108 4406 sim.

2017 4449 2214 4505 Castus
2240 4448 2308 4503 de
2336 4447 2579 4516 Augusta
2609 4444 2870 4499 Casarea
2898 4442 3008 4514 (8%)
3037 4441 3160 4496 sim.

2018 4539 2252 4596 Severus
2277 4539 2343 4594 de
2371 4537 2583 4593 Calciso
2614 4534 2909 4591 Thessalia
2935 4534 3059 4588 sim.

2015 4632 2265 4688 Julianus
2287 4635 2353 4685 de
2382 4627 2808 4698 Theriseptapoli
2837 4625 2960 4680 sim.

1878 4789 2192 4844 sacerdotes.
2227 4786 2489 4851 Quoniam
2538 4799 2658 4851 ergo
2706 4785 2949 4836 universa
2982 4797 3098 4850 quw
3127 4787 3273 4850 gesta
3301 4790 3443 4845 sunt,

1877 4876 1994 4930 quae
2038 4868 2160 4930 acta
2183 4897 2198 4922 ,
2242 4873 2358 4930 quae
2403 4855 2728 4930 constituta,
2762 4862 2810 4905 et
2843 4853 3040 4905 charta:
3078 4852 3363 4930 continent,
3395 4860 3445 4905 et

1877 4921 2006 4984 ὐὶυαῖ
2033 4921 2636 4983 vocisc/iarissimorum
2666 4923 2894 4992 fratrum
2920 4931 2970 4974 et
2998 4921 3443 4992 compresbylerof

1877 5016 1998 5054 rum
2046 5007 2344 5051 nostrorum
2391 4989 2678 5063 Arcydami
2703 5001 2753 5046 et
2796 4990 3115 5045 Filoxeniet
3143 4989 3445 5043 citatissimi

1875 5070 1974 5139 ﬁlii
2010 5069 2174 5139 nostri
2200 5065 2386 5139 Leonis
2417 5064 2645 5139 diaconi,
2675 5073 2780 5139 etc.

1947 5139 2058 5204 (80)
2095 5137 2256 5192 Merie
2303 5127 2637 5204 Pannoniae.
2676 5132 2801 5204 Leg.
2847 5128 3098 5204 Emerita:
3146 5127 3443 5204 Hispania.

1878 5198 2151 5277 Scriptum
2183 5221 2280 5276 pro
2307 5220 2458 5277 more
2488 5203 2651 5277 fuerit
2663 5203 2735 5277 _in
2756 5198 2886 5277 'cod.
2909 5198 3110 5277 βριιη.Ξ
3139 5199 3244 5277 sed
3258 5201 3445 5277 littera

1875 5267 2135 5334 S'detrita
2168 5267 2354 5346 legerit
2380 5275 2633 5328 librarius
2648 5271 2810 5346 Pam,
2833 5267 2961 5346 inde
2974 5269 3272 5346 confecerit
3298 5267 3447 5346 fan-

1875 5350 2066 5403 noniw.
2099 5339 2248 5400 Ideni
2271 5347 2454 5413 lapsus
2482 5359 2606 5397 mox
2647 5342 2808 5413 infra,
2845 5341 2935 5394 ubi
2969 5341 3251 5409 legendum
3280 5339 3446 5390 A'nia-

1878 5436 1973 5473 nus
1999 5419 2064 5470 ab
2092 5412 2356 5485 Hispania
2385 5415 2447 5467 de
2473 5412 2774 5485 Castulone.

1948 5487 2058 5558 (81)
2091 5475 2456 5558 Pt'tetegctatus
2482 5487 2550 5558 de
2592 5481 2897 5558 liarcidono
2928 5478 3102 5532 Pann.
3133 5476 3262 5547 ch.
3297 5475 3452 5530 Pi'azq

1877 5552 2106 5614 testatus
2136 5557 2199 5608 ab
2233 5554 2499 5624 Hispania
2518 5553 2582 5606 de
2611 5552 2932 5624 Barciuona.

1950 5627 2061 5698 (82)
2093 5626 2167 5680 De
2193 5619 2428 5694 Augusta
2462 5622 2737 5678 Cwsarew.
2771 5621 2842 5674 De
2874 5619 3307 5688 Caesaraugusta.
