3794 6226
331 274 470 332 15ὅό

469 389 673 446 Lucius
695 390 762 463 de
789 390 1004 448 Verona
1035 393 1160 448 sim.

471 479 750 551 Eugenius
775 480 843 536 de
863 479 1078 536 Hecleal
1105 481 1362 552 Cycbinis
1390 480 1514 537 sim.

471 573 724 630 Zosimus
751 573 986 644 Lychnis
1025 572 1262 630 Sunosio
1291 573 1496 644 Apulia
1522 573 1645 636 sim.

473 665 839 737 Hermogenes
865 665 933 723 de
957 665 1201 738 Syceono
1231 666 1357 722 sim.

475 758 734 835 Thrypho
762 758 828 814 de
849 757 1063 828 Magara
1089 758 1215 813 sim.

474 846 799 919 Paregorius
827 848 1096 918 Caspinus
1127 847 1237 921 (83)
1273 848 1398 906 sim.

475 940 669 995 Caloes
701 941 812 1012 (84)
841 940 1228 996 Castromartis
1256 941 1381 996 sim.

474 1032 697 1101 lreneus
730 1033 1008 1104 Syeoneus
1040 1032 1151 1103 (85)
1182 1033 1308 1087 sim.

475 1121 823 1180 Macedonius
850 1121 1204 1193 Lypianensis
1234 1119 1348 1193 (86)
1376 1120 1500 1192 sim.

477 1211 767 1284 Martyrius
789 1210 1078 1280 Naupactis
1116 1214 1242 1267 sim.

478 1303 752 1360 Palladius
785 1305 852 1358 de
875 1303 975 1358 Diu
1008 1304 1133 1358 sim.

477 1395 712 1452 Broseus
745 1396 856 1468 (87)
889 1395 1229 1454 Ludonensis
1253 1393 1439 1450 Galliae
1465 1393 1589 1448 sim.

481 1487 742 1544 Ursacius
775 1485 1076 1543 Brixiensis
1101 1487 1227 1542 sim.

478 1579 764 1636 Amantius
795 1579 1208 1645 Viminacensis,
1243 1592 1338 1648 per
1365 1576 1601 1647 presbyt.

550 1668 843 1724 Maximum
875 1669 999 1725 sim.

481 1763 786 1818 Alexander
815 1762 1141 1833 Gyparensis
1164 1759 1381 1816 Achaiae
1406 1759 1530 1814 sim.

477 1850 773 1924 Eutychius
803 1851 869 1908 de
892 1851 1145 1907 Malliana
1167 1851 1291 1906 sim.

482 1940 755 2012 Aprianus
784 1943 850 1996 de
877 1941 1168 1996 Petabione
1198 1939 1494 1994 Pannonia
1522 1938 1649 1992 sim.

481 2035 785 2104 Antigonus
808 2033 1142 2089 Pallenensis
1173 2031 1500 2088 Macedonia
1532 2030 1657 2110 sint.

481 2125 762 2180 Dometius
792 2127 860 2181 de
885 2128 1080 2181 Acaria
1111 2126 1458 2180 Constantias
1487 2122 1611 2177 sint.

482 2217 764 2290 Olympius
790 2218 856 2274 de
885 2217 1206 2287 Enot‘odope
1236 2217 1346 2288 (88)
1376 2217 1500 2271 sim.

482 2308 736 2365 Zosimus
762 2308 1207 2378 Oreomargensis
1237 2308 1362 2363 sim.

480 2400 762 2460 Protasius
788 2399 1074 2456 Mediolan.
1103 2402 1227 2456 sim.

482 2491 698 2548 Marcus
726 2490 992 2547 Siscensis
1025 2490 1197 2545 Savia
1221 2491 1345 2545 sim.

479 2583 761 2655 Eucarpus
789 2583 1059 2655 Oponsius
1086 2583 1302 2639 Achaia
1333 2582 1456 2636 sim.

483 2675 677 2732 Vitalis
711 2674 1014 2731 Vertaresis
1037 2674 1234 2730 Africa
1266 2674 1390 2727 sim.

479 2766 743 2822 ilelianus
771 2767 837 2822 de
871 2765 1124 2838 Tyrtanis
1151 2765 1275 2821 sim.

485 2859 826 2932 Symphorus
856 2860 924 2914 de
953 2857 1276 2928 Herapythis
1302 2855 1478 2910 Creta
1506 2853 1610 2916 sim

482 2950 747 3007 Mosinius
770 2950 1010 3005 Her-acia
1041 2948 1168 3004 sim.

483 3041 745 3100 Eucissus
773 3039 1143 3097 Chisamensis
1176 3039 1299 3095 sim.

484 3134 762 3208 Cydonius
791 3133 1127 3206 Cydonensis
1154 3133 1279 3189 sim.

1066 3265 1151 3320 lli.

734 3381 948 3478 105:8
976 3379 1109 3434 Item
1231 3377 1528 3441 Athanasii.

416 3493 748 3549 Athanasius
807 3492 1136 3563 presnyteris
1187 3501 1242 3546 et
1292 3489 1613 3546 diaconihus
1661 3486 1915 3562 omnibus

347 3586 604 3643 Ecclesia
634 3593 835 3642 sancta
863 3586 1007 3654 apud
1049 3582 1428 3637 Alexandriam
1458 3578 1913 3650 etParembolam

347 3679 614 3736 catholice
641 3676 1006 3732 dilectissimis
1036 3674 1298 3729 fratribus
1327 3674 1579 3728 salutem.

419 3767 546 3824 Hac
570 3767 866 3822 scribentes
896 3773 1110 3835 oportet
1139 3764 1381 3836 epistola
1419 3762 1744 3833 principium
1789 3776 1914 3831 gra-

349 3863 548 3916 tiarum
594 3858 797 3914 Christi
834 3859 1136 3926 actionibus
1183 3857 1388 3921 facere,
1434 3855 1630 3910 fratres
1672 3840 1916 3910 dilectis-

354 3951 516 4018 simi;
564 3965 712 4005 nunc
759 3959 939 4004 autem
989 3950 1226 4002 maxime
1269 3949 1425 4003 docet
1471 3947 1583 4019 (89)
1636 3946 1740 4004 hoc
1778 3946 1914 4013 fieri,

352 4045 611 4114 quoniam
640 4052 695 4098 et
739 4041 882 4097 facta
925 4042 1092 4095 multa
1122 4039 1607 4110 apudDominum,
1637 4049 1692 4094 et
1722 4055 1917 4110 magna

350 4137 555 4192 habent
596 4135 859 4206 gratiam,
892 4142 947 4188 et
985 4141 1198 4203 oportet
1233 4131 1515 4186 credentes
1549 4132 1602 4184 in
1645 4146 1769 4185 eum
1807 4146 1917 4185 non

350 4243 475 4284 esse
515 4228 760 4298 ingratos
786 4234 864 4280 tot
890 4225 1009 4295 ejus
1047 4222 1344 4278 beneficiis.
1369 4221 1584 4278 Gratias
1614 4222 1778 4293 igitur
1806 4223 1919 4294 agi-

350 4335 476 4375 mus
501 4318 751 4382 Domino,
792 4317 884 4388 qui
917 4331 1016 4370 nos
1055 4329 1269 4384 semper
1300 4313 1554 4368 omnibus
1584 4313 1760 4384 palam
1791 4312 1919 4368 facit

899 280 960 337 S.
1002 281 1382 338 A'THANAS"
1427 281 1574 338 OPP.
1619 280 1801 339 PARS
1838 279 1878 336 Ι.
1913 311 1986 324 -
2021 280 2393 337 HlSTOIllCA
2426 281 2513 338 ET
2552 279 2968 338 DOCMATICA.

3428 281 3577 336 1356

1924 393 1977 454 Α
2003 391 2150 447 tibus
2175 391 2407 464 egregiis
2431 392 2635 449 debiles
2656 394 3073 449 convincuntur.
3101 393 3230 459 Qua
3257 393 3400 447 enim
3434 393 3579 448 feee‘.

2002 490 2133 537 runt
2159 483 2435 538 maledica
2474 484 2698 540 haresis
2726 483 2943 538 Eusebii
2990 498 3355 550 successores,
3384 481 3576 538 Theo-

2001 573 2192 640 dorus,
2225 572 2535 640 Narcissus,
2567 573 2786 639 Valens,
2819 573 3106 640 Ursacius,
3135 583 3188 629 et
3228 575 3281 628 in
3309 574 3576 630 omnibus

2001 665 2276 736 pessimus
2297 665 2583 737 Georgius,
2616 664 2943 736 Stephanus,
2969 666 3220 732 Aeacius,
3245 664 3576 735 Minophan—

2005 764 2092 811 tus
2143 767 2197 813 et
2232 772 2423 812 eorum
2472 759 2710 830 collegae,
2756 771 2855 813 nec
2894 773 2989 812 vos
3025 758 3305 828 ignoratis,
3349 757 3571 826 dilecti;

2006 862 2132 902 nam
2168 862 2358 904 eorum
2389 849 2660 905 dementia
2698 851 2950 906 omnibus
2981 848 3244 920 patefacta
3272 858 3358 904 est
3399 867 3414 902 :
3448 865 3577 919 qua

2006 949 2196 994 contra
2227 939 2494 996 Ecclesias
2524 942 2932 1009 commiserunt,
2960 950 3195 997 vestram
3225 956 3326 995 nec
3355 941 3459 996 hoc
3489 941 3578 995 la-

2005 1031 2109 1085 tuit
2138 1032 2435 1086 solertiam.
2465 1032 2703 1088 Primum
2732 1035 2879 1088 enim
2907 1035 3060 1090 vobis
3088 1043 3422 1097 nocuerunt;
3455 1033 3576 1102 pri-

2007 1136 2156 1175 mum
2199 1131 2433 1176 vestram
2468 1124 2750 1178 ecclesiam
2790 1138 3139 1193 corrumpere
3183 1130 3528 1177 tentaverunt
3554 1138 3574 1174 :

2003 1212 2100 1268 sed
2133 1211 2169 1265 ii
2198 1213 2290 1281 qui
2319 1221 2398 1266 tot
2421 1228 2486 1268 ac
2511 1221 2658 1268 tanta
2691 1213 2952 1278 fecerunt,
2985 1223 3039 1269 et
3063 1214 3204 1284 apud
3231 1229 3425 1269 omnes
3459 1221 3578 1268 ter-

2007 1299 2194 1357 ribiles
2225 1303 2475 1358 astimati
2503 1313 2648 1373 sunt,
2680 1305 2820 1362 sicut
2849 1305 3094 1374 pradixi,
3133 1314 3341 1360 tantum
3376 1305 3582 1360 timue-

2005 1401 2156 1458 runt,
2203 1401 2264 1447 ut
2303 1409 2518 1450 omnem
2564 1404 2890 1466 exsuperent
2934 1397 3336 1468 cogitationem.
3385 1395 3584 1466 Neque

2005 1483 2150 1537 enim
2206 1483 2380 1543 solum
2431 1484 2730 1541 Romanam
2778 1489 3043 1558 synodum
3089 1488 3426 1552 timuerunt,
3476 1502 3587 1541 nec

2007 1573 2186 1630 solum
2235 1591 2294 1631 se
2318 1578 2491 1631 vocati
2545 1589 2965 1643 excusaverunt;
3018 1579 3113 1634 sed
3151 1588 3203 1633 et
3249 1594 3400 1633 nunc
3449 1594 3584 1632 cum

2011 1664 2289 1722 Sardicam
2327 1667 2701 1734 advenissent;
2723 1670 2802 1726 sic
2837 1670 3093 1725 infirmati
3125 1678 3252 1725 sunt
3281 1671 3586 1725 conscien-

1937 1726 1980 1789 Β
2011 1758 2104 1822 tia,
2135 1769 2194 1814 ut
2220 1774 2342 1814 cum
2369 1761 2630 1816 vidissent
2649 1761 2884 1830 judices,
2908 1765 3265 1830 mirarentur;
3292 1765 3375 1820 sic
3397 1772 3588 1817 mente

2009 1849 2378 1904 conciderunt.
2413 1849 2549 1906 Vere
2594 1855 2718 1923 quis
2763 1865 2942 1924 posset
2976 1857 3262 1911 adversum
3304 1870 3403 1909 eos
3429 1855 3590 1909 dice.-

2008 1954 2068 1992 re
2093 1940 2112 1969 ¹
2141 1957 2154 1993 :
2191 1937 2290 1993 Ubi
2313 1949 2390 1994 est
2434 1942 2680 2004 stimulus
2726 1952 2868 2012 tuus,
2910 1961 3048 1998 mors
3069 1946 3094 1998 ?
3129 1944 3218 1997 ubi
3247 1953 3324 1998 est
3355 1943 3588 1997 uictoria

2010 2039 2124 2094 tua,
2170 2031 2353 2084 mors?
2384 2029 2496 2086 Nec
2537 2032 2680 2086 enim
2728 2034 2835 2089 illis
2881 2034 3222 2104 proﬁciebat,
3270 2043 3332 2088 ut
3381 2035 3588 2088 vellem

2005 2119 2251 2190 judicare
2279 2139 2294 2174 :
2320 2121 2435 2191 jam
2466 2138 2575 2178 non
2606 2132 2856 2194 poterant
2879 2125 3275 2181 circumvenire
3305 2141 3449 2194 quos
3480 2140 3591 2178 vo-

2010 2211 2221 2279 lebant;
2243 2213 2336 2268 sed
2359 2214 2613 2270 videbant
2631 2217 2778 2271 viros
2802 2216 2985 2272 ﬁdeles
3011 2229 3262 2272 curantes
3280 2217 3591 2286 justitiam,

2011 2303 2122 2360 imo
2152 2304 2326 2374 magis
2359 2304 2536 2374 ipsum
2582 2305 2872 2363 Dominum
2919 2317 3166 2364 nostrum
3214 2309 3475 2363 videbant
3530 2309 3589 2362 in

2009 2398 2134 2454 eis:
2178 2399 2634 2468 quemadmodum
2682 2408 2814 2456 tunc
2858 2400 3132 2456 damones
3178 2401 3246 2456 de
3276 2401 3588 2471 sepulcris;

2014 2487 2107 2542 filii
2135 2489 2278 2543 enim
2322 2504 2447 2543 cum
2476 2498 2662 2544 essent
2689 2490 2979 2558 mendacii,
3009 2508 3116 2546 non
3158 2491 3404 2546 ferebant
3433 2492 3591 2544 veri-

2015 2588 2176 2634 tatem
2213 2580 2416 2634 videre.
2468 2578 2559 2635 Sic
2593 2579 2933 2649 Theodorus,
2975 2580 3282 2648 Narcissus,
3313 2591 3369 2636 et
3413 2580 3594 2635 Ursa-

2010 2671 2130 2725 cius
2159 2686 2283 2725 cum
2315 2673 2430 2726 suis
2461 2671 2624 2726 verba
2652 2672 2864 2726 dicebat
2895 2691 2907 2725 :
2949 2691 2968 2724 ι
3004 2671 3232 2739 Omitte;
3268 2672 3398 2743 quid
3416 2671 3593 2725 nobis

2010 2775 2065 2819 et
2107 2765 2262 2819 vobis
2313 2765 2624 2820 hominibus
2687 2765 2933 2822 Christi?
2975 2768 3230 2822 novimus
3275 2765 3422 2835 quod
3472 2765 3592 2818 veri

2009 2855 2163 2922 estis,
2193 2865 2248 2911 et
2280 2857 2532 2911 timemus
2576 2859 2862 2926 convinci;
2905 2874 3160 2914 veremur
3201 2859 3256 2919 in
3289 2871 3592 2927 personam

2010 2962 2403 3018 recognoscere
2434 2950 2758 3006 calumnias.
2790 2950 2936 3005 Nihil
2981 2961 3065 3006 est
3109 2951 3268 3006 nobis
3306 2958 3360 3004 et
3387 2950 3593 3016 vobis;

2011 3037 2308 3094 Christiani
2342 3041 2486 3094 enim
2529 3057 2628 3096 vos
2671 3042 2827 3106 estis,
2866 3058 2966 3098 nos
3002 3057 3132 3097 vero
3163 3041 3380 3097 Christo
3422 3055 3595 3108 repu-

2014 3138 2274 3200 gnantes;
2322 3139 2378 3184 et
2418 3131 2558 3199 apud
2605 3146 2704 3186 vos
2746 3132 2961 3202 quidem
3009 3133 3208 3186 veritas
3251 3133 3435 3200 pollet,
3483 3147 3594 3188 nos

2013 3237 2141 3277 vero
2185 3224 2579 3278 circumvenire
2613 3224 2922 3280 didicimus.
2966 3223 3282 3278 Putavimus
3323 3224 3592 3279 abscondi

2013 3323 2232 3382 nostra;
2279 3330 2391 3371 non
2437 3316 2550 3385 jam
2583 3316 2938 3372 credebamus
2961 3317 3014 3369 in
3051 3315 3314 3385 judicium
3345 3315 3541 3370 venire
3574 3331 3589 3363 :

2012 3405 2141 3474 quid
2186 3415 2312 3460 ante
2357 3415 2570 3476 tempus
2617 3415 2803 3461 nostra
2837 3406 3174 3472 convincitis,
3202 3414 3256 3460 et
3286 3415 3411 3460 ante
3439 3405 3591 3460 diem

2012 3511 2116 3553 nos
2164 3497 2549 3553 convincentes
2592 3497 2837 3552 vexatis?
2871 3515 2891 3548 ι
2923 3496 2992 3551 Et
3032 3497 3159 3552 licet
3199 3496 3309 3551 sint
3338 3495 3594 3550 moribus

2013 3587 2256 3657 pessimi,
2287 3596 2342 3642 et
2383 3589 2439 3644 in
2487 3588 2727 3644 tenebris
2759 3588 3071 3650 ambulent;
3105 3599 3282 3641 tamen
3313 3601 3593 3656 cognove-

1913 3707 1916 3712 -
2015 3690 2144 3734 runt
2187 3681 2277 3734 vix
2327 3680 2583 3746 tandem,
2623 3680 2880 3750 quoniam
2935 3680 3082 3734 nulla
3141 3688 3224 3734 est
3270 3678 3593 3732 communio

2013 3771 2153 3826 lucis
2176 3779 2231 3825 et
2260 3769 2630 3836 tenebrarum,
2657 3785 2757 3824 nec
2780 3778 2862 3825 est
2892 3769 3071 3839 aliqua
3115 3768 3403 3824 consensio
3427 3767 3593 3821 Chri-

2015 3873 2101 3916 sto
2127 3877 2249 3915 cum
2279 3860 2468 3916 Belial.
2507 3859 2682 3925 Unde,
2715 3860 2910 3916 fratres
2934 3861 3293 3925 dilectissimi,
3325 3874 3447 3913 cum
3481 3860 3593 3913 sci-

2014 3964 2136 4008 rent
2179 3967 2299 4023 qua
2340 3951 2588 4018 fecerint,
2620 3967 2957 4023 quacunque
2989 3951 3323 4008 miserrimos
3357 3949 3471 4021 (90)
3503 3951 3591 4005 vi.

2015 4045 2202 4100 dentes
2249 4056 2631 4109 accusatores,
2687 4053 2850 4101 testes
2899 4060 3011 4116 pra
3057 4044 3229 4100 oculis
3285 4043 3590 4109 habentes,

2016 4136 2212 4190 imitati
2245 4144 2372 4190 sunt
2399 4135 2555 4203 Cain,
2585 4144 2639 4190 et
2662 4135 2810 4190 illius
2831 4151 2981 4192 more
3006 4134 3256 4206 fugerunt
3282 4152 3294 4188 :
3326 4134 3591 4203 quoniam

2017 4228 2292 4297 granditer
2327 4235 2676 4295 erraverunt,
2703 4229 2904 4283 etenim
2939 4227 3049 4300 (9-1)
3082 4227 3203 4297 ejus
3235 4225 3418 4295 fugam
3460 4234 3594 4280 sunt

2017 4319 2231 4382 imitati,
2248 4319 2821 4389 etcondemnationem
2838 4315 3428 4385 habuerunt.Cognovit
3441 4317 3591 4370 enim

351 4411 408 4465 in
443 4409 577 4475 fide,
611 4409 705 4478 qui
730 4415 784 4462 et
804 4408 917 4475 jam
958 4406 1014 4460 in
1047 4406 1298 4475 prasenti
1339 4419 1532 4474 magna
1565 4414 1619 4459 et
1648 4405 1913 4460 mirabilia
1941 4421 1995 4482 Ῑ)
2022 4426 2186 4478 opera
2215 4425 2401 4464 eorum
2435 4418 2622 4464 sancta
2649 4409 2928 4480 synodus;
2960 4408 3164 4462 audivit
3189 4416 3436 4461 nostrum
3463 4423 3592 4460 san-

349 4501 478 4556 fecit
507 4499 765 4554 Ecclesia
793 4516 807 4551 :
838 4513 959 4568 qua
985 4498 1129 4551 enim
1160 4511 1378 4551 rursum
1410 4495 1812 4551 affirmaverunt
1837 4495 1920 4550 di-

350 4593 633 4663 vulgantes
659 4588 896 4644 haretici
940 4586 1230 4642 Eusebiani
1278 4596 1332 4642 et
1356 4588 1472 4642 Arii
1511 4588 1769 4652 haredes,
1807 4588 1922 4642 hac

352 4696 546 4738 omnes
577 4680 671 4749 qui
703 4684 1072 4735 convenerunt
1114 4680 1384 4750 episcopi,
1437 4680 1920 4749 pronuntiaverunt

352 4778 490 4834 falsa
519 4792 582 4831 ea
611 4791 732 4831 esse
758 4786 811 4830 et
841 4775 998 4846 ficta.‘
1016 4773 1084 4828 Et
1109 4775 1147 4828 ii
1175 4773 1277 4842 ipsi
1303 4773 1396 4842 qui
1424 4772 1565 4841 apud
1587 4772 1792 4828 multos
1830 4786 1923 4840 pu-

349 4880 536 4927 tantur
556 4855 681 4926 esse
713 4869 1012 4935 terribiles,
1041 4876 1297 4937 tanquam
1341 4867 1582 4938 gigantes
1622 4864 1917 4932 nominati,

351 4982 452 5036 pro
483 4964 654 5019 nihilo
697 4963 871 5018 habiti
901 4971 1073 5018 sunt:
1111 4969 1166 5016 et
1193 4961 1421 5026 merito;
1460 4960 1919 5030 quemadmodum

350 5055 498 5110 enim
545 5052 864 5108 adveniente
900 5052 1022 5107 luce
1067 5050 1302 5105 tenebra
1341 5058 1675 5120 arguuntur,
1717 5048 1794 5103 sic
1826 5063 1922 5118 per

352 5147 641 5202 adventum
668 5145 940 5215 justorum
973 5143 1232 5214 iniquitas
1266 5141 1570 5207 revelatur;
1606 5149 1659 5194 et
1685 5155 1916 5210 praseng

423 5283 444 5314 ³
482 5279 502 5334 l
540 5280 668 5335 Cor.
712 5295 802 5344 xv,

565 5409 846 5484 Caspinus‘.
882 5408 953 5462 De
980 5407 1186 5484 S_cupis.

422 5478 534 5550 (84)
569 5478 775 5534 Calces.
805 5478 964 5550 Forte
990 5479 1202 5538 Calvus,
1237 5485 1294 5550 ut
1322 5491 1507 5550 supra.

422 5546 536 5620 (85)
567 5550 854 5620 Syconeus.
888 5547 1156 5620 Secoreus,
1180 5547 1360 5620 velde
1389 5546 1601 5602 Securo.

569 5618 937 5692 ijpianensis.
978 5618 1334 5692 Ulpianensis.

422 5685 536 5760 (87)
567 5685 1019 5757 BioseusALudon.
1052 5687 1348 5744 Verissime
1386 5685 1744 5756 Lugdunenti.

2019 4499 2236 4570 guinem
2287 4499 2734 4575 proclamantem,
2785 4500 2991 4553 audivit
3038 4513 3196 4553 voces
3235 4499 3492 4552 lasorum
3525 4497 3592 4551 ab

2017 4592 2170 4660 ipsis.
2194 4589 2573 4659 Cognoverunt
2592 4605 2780 4644 omnes
2803 4589 3037 4659 episcopi
3060 4604 3182 4659 qua
3206 4598 3591 4658 peccaverunt,

2019 4691 2072 4735 et
2101 4690 2302 4751 quanta
2347 4682 2607 4736 adversus
2652 4680 2922 4736 Ecclesias
2958 4691 3175 4735 nostras
3206 4690 3260 4734 et
3291 4679 3429 4733 alias
3462 4695 3590 4749 ope-

2019 4776 2122 4829 rati
2155 4784 2311 4842 sunt;
2345 4784 2399 4830 et
2447 4775 2568 4828 ideo
2609 4775 2709 4830 hos
2751 4774 3209 4844 quemadmodum
3244 4772 3378 4827 Cain
3407 4772 3590 4826 Eccle—

2021 4870 2116 4926 siis
2145 4871 2439 4940 ejecerunt.
2471 4867 2606 4933 Quis
2633 4867 2777 4921 enim
2818 4882 2925 4920 non
2970 4866 3298 4936 lacrymatus
3326 4873 3430 4929 est,
3460 4862 3587 4946 dum

2021 4973 2214 5018 vestra
2246 4963 2438 5016 littera
2465 4959 2809 5029 legerentur?
2835 4959 2960 5027 quis
2998 4973 3106 5012 non
3131 4955 3416 5026 ingemuit,
3446 4954 3590 5024 aSpi-

2021 5055 2174 5109 ciens
2210 5068 2348 5121 quos
2376 5051 2767 5107 exsiliaverunt
2811 5049 2936 5105 isti?
2967 5050 3090 5116 quis
3118 5064 3226 5102 non
3262 5045 3588 5101 existimavit

2021 5151 2232 5200 vestras
2253 5157 2382 5197 suas
2409 5157 2527 5197 esse
2557 5137 2972 5194 tribulationes?
2991 5136 3208 5192 Fratres
3228 5133 3586 5194 dilectissimi,

2090 5406 2200 5478 (88)
2235 5406 2313 5478 De
2350 5405 2672 5474 Enorodope.
2705 5404 2777 5458 De
2809 5404 3040 5458 Doliche.

2091 5477 2203 5548 (89)
2235 5477 2418 5548 Docet.
2452 5479 2531 5530 An
2561 5479 2741 5548 decet?

2091 5543 2203 5618 (90)
2236 5547 2566 5616 Quwcunque
2595 5545 2936 5599 miserrimos.
2960 5543 3118 5615 Forte
3144 5555 3423 5610 eorumque
3453 5553 3588 5593 acer-

2019 5620 2200 5674 rimas.

2024 5689 2028 5698 λ
2103 5689 2213 5758 (9i)
2250 5684 2476 5743 Etenim.
2504 5685 2664 5764 Forte
2693 5686 2873 5740 etiam.
