  <div class='ocr_page' id='page_1' title='image "/cluster/home/n/w/nwhite01/storage/ocr_20150623/26/nnc1.0046978577/684.png"; bbox 0 0 3794 6226; ppageno 0'>
   <div class='ocr_carea' id='block_1_1' title="bbox 151 310 286 367">
    <p class='ocr_par' dir='ltr' id='par_1_1' title="bbox 151 310 286 367">
     <span class='ocr_line' id='line_1_1' title="bbox 151 310 286 367; baseline 0.007 -2"><span class='ocrx_word' id='word_1_1' title='bbox 151 310 286 367; x_wconf 74' lang='grc'><strong>1337</strong></span> 
     </span>
    </p>
   </div>
   <div class='ocr_carea' id='block_1_2' title="bbox 1363 313 2124 383">
    <p class='ocr_par' dir='ltr' id='par_1_2' title="bbox 1363 313 2124 383">
     <span class='ocr_line' id='line_1_2' title="bbox 1363 313 2124 383; baseline 0.007 -14"><span class='ocrx_word' id='word_1_2' title='bbox 1363 313 1641 371; x_wconf 76' lang='lat' dir='ltr'><strong>VETERA</strong></span> <span class='ocrx_word' id='word_1_3' title='bbox 1670 315 2124 383; x_wconf 68' lang='grc' dir='ltr'><strong>ΜΟΝΠΜΕΝΤΛ,</strong></span> 
     </span>
    </p>
   </div>
   <div class='ocr_carea' id='block_1_3' title="bbox 3266 322 3403 380">
    <p class='ocr_par' dir='ltr' id='par_1_3' title="bbox 3266 322 3403 380">
     <span class='ocr_line' id='line_1_3' title="bbox 3266 322 3403 380; baseline 0.015 -1"><span class='ocrx_word' id='word_1_4' title='bbox 3266 322 3403 380; x_wconf 71' lang='grc'><strong>1338</strong></span> 
     </span>
    </p>
   </div>
   <div class='ocr_carea' id='block_1_4' title="bbox 149 418 3400 504">
    <p class='ocr_par' dir='ltr' id='par_1_4' title="bbox 149 418 3400 504">
     <span class='ocr_line' id='line_1_4' title="bbox 149 418 3400 504; baseline 0.004 -27"><span class='ocrx_word' id='word_1_5' title='bbox 149 420 430 493; x_wconf 84' lang='lat' dir='ltr'><strong>quondam</strong></span> <span class='ocrx_word' id='word_1_6' title='bbox 467 435 566 476; x_wconf 85' lang='lat' dir='ltr'><strong>vos</strong></span> <span class='ocrx_word' id='word_1_7' title='bbox 595 418 971 492; x_wconf 87' lang='lat' dir='ltr'><strong>patiebamini,</strong></span> <span class='ocrx_word' id='word_1_8' title='bbox 1002 436 1127 477; x_wconf 91' lang='lat' dir='ltr'><strong>cum</strong></span> <span class='ocrx_word' id='word_1_9' title='bbox 1160 422 1199 477; x_wconf 92' lang='lat' dir='ltr'><strong>ii</strong></span> <span class='ocrx_word' id='word_1_10' title='bbox 1231 422 1610 497; x_wconf 76' lang='lat' dir='ltr'><strong>delinquerent</strong></span> <span class='ocrx_word' id='word_1_11' title='bbox 1642 427 1738 485; x_wconf 89' lang='lat' dir='ltr'><strong>ad—</strong></span> <span class='ocrx_word' id='word_1_12' title='bbox 1764 432 1813 489; x_wconf 81' lang='grc' dir='ltr'><strong>Δ</strong></span> <span class='ocrx_word' id='word_1_13' title='bbox 1838 431 1996 486; x_wconf 84' lang='lat' dir='ltr'><strong>vobis</strong></span> <span class='ocrx_word' id='word_1_14' title='bbox 2031 430 2291 494; x_wconf 84' lang='lat' dir='ltr'><strong>scribere,</strong></span> <span class='ocrx_word' id='word_1_15' title='bbox 2326 439 2380 486; x_wconf 90' lang='lat' dir='ltr'><strong>et</strong></span> <span class='ocrx_word' id='word_1_16' title='bbox 2412 441 2472 486; x_wconf 93' lang='lat' dir='ltr'><strong>ut</strong></span> <span class='ocrx_word' id='word_1_17' title='bbox 2504 431 2718 503; x_wconf 83' lang='lat' dir='ltr'><strong>singula</strong></span> <span class='ocrx_word' id='word_1_18' title='bbox 2748 430 2887 488; x_wconf 81' lang='lat' dir='ltr'><strong>facta</strong></span> <span class='ocrx_word' id='word_1_19' title='bbox 2914 441 3042 490; x_wconf 86' lang='lat' dir='ltr'><strong>sunt</strong></span> <span class='ocrx_word' id='word_1_20' title='bbox 3065 433 3400 504; x_wconf 80' lang='lat' dir='ltr'><strong>signiﬁcare;</strong></span> 
     </span>
    </p>
   </div>
   <div class='ocr_carea' id='block_1_5' title="bbox 148 510 1731 584">
    <p class='ocr_par' dir='ltr' id='par_1_5' title="bbox 148 510 1731 584">
     <span class='ocr_line' id='line_1_5' title="bbox 148 510 1731 584; baseline 0.004 -16"><span class='ocrx_word' id='word_1_21' title='bbox 148 526 367 569; x_wconf 83' lang='lat' dir='ltr'><strong>versum</strong></span> <span class='ocrx_word' id='word_1_22' title='bbox 410 526 546 578; x_wconf 80' lang='lat' dir='ltr'><strong>vos,</strong></span> <span class='ocrx_word' id='word_1_23' title='bbox 596 518 654 566; x_wconf 90' lang='lat' dir='ltr'><strong>et</strong></span> <span class='ocrx_word' id='word_1_24' title='bbox 698 510 838 566; x_wconf 87' lang='lat' dir='ltr'><strong>forte</strong></span> <span class='ocrx_word' id='word_1_25' title='bbox 879 511 995 582; x_wconf 87' lang='lat' dir='ltr'><strong>jam</strong></span> <span class='ocrx_word' id='word_1_26' title='bbox 1045 521 1290 584; x_wconf 86' lang='lat' dir='ltr'><strong>tempore</strong></span> <span class='ocrx_word' id='word_1_27' title='bbox 1331 518 1504 572; x_wconf 89' lang='lat' dir='ltr'><strong>multo</strong></span> <span class='ocrx_word' id='word_1_28' title='bbox 1529 519 1731 574; x_wconf 89' lang='lat' dir='ltr'><strong>bellum</strong></span> 
     </span>
    </p>
   </div>
   <div class='ocr_carea' id='block_1_6' title="bbox 150 599 1734 673">
    <p class='ocr_par' dir='ltr' id='par_1_6' title="bbox 150 599 1734 673">
     <span class='ocr_line' id='line_1_6' title="bbox 150 599 1734 673; baseline 0.003 -15"><span class='ocrx_word' id='word_1_29' title='bbox 150 618 259 659; x_wconf 88' lang='lat' dir='ltr'><strong>nou</strong></span> <span class='ocrx_word' id='word_1_30' title='bbox 284 601 517 673; x_wconf 76' lang='lat' dir='ltr'><strong>quievit.</strong></span> <span class='ocrx_word' id='word_1_31' title='bbox 544 599 702 658; x_wconf 90' lang='lat' dir='ltr'><strong>Nunc</strong></span> <span class='ocrx_word' id='word_1_32' title='bbox 742 615 875 656; x_wconf 87' lang='lat' dir='ltr'><strong>vero</strong></span> <span class='ocrx_word' id='word_1_33' title='bbox 916 601 1157 673; x_wconf 84' lang='lat' dir='ltr'><strong>episcopi</strong></span> <span class='ocrx_word' id='word_1_34' title='bbox 1189 607 1574 665; x_wconf 75' lang='lat' dir='ltr'><strong>convenientes</strong></span> <span class='ocrx_word' id='word_1_35' title='bbox 1617 622 1734 663; x_wconf 86' lang='lat' dir='ltr'><strong>om-</strong></span> 
     </span>
    </p>
   </div>
   <div class='ocr_carea' id='block_1_7' title="bbox 151 684 1731 768">
    <p class='ocr_par' dir='ltr' id='par_1_7' title="bbox 151 684 1731 768">
     <span class='ocr_line' id='line_1_7' title="bbox 151 684 1731 768; baseline 0.003 -18"><span class='ocrx_word' id='word_1_36' title='bbox 151 709 280 763; x_wconf 85' lang='lat' dir='ltr'><strong>nes,</strong></span> <span class='ocrx_word' id='word_1_37' title='bbox 329 703 388 750; x_wconf 87' lang='lat' dir='ltr'><strong>et</strong></span> <span class='ocrx_word' id='word_1_38' title='bbox 430 694 713 750; x_wconf 78' lang='lat' dir='ltr'><strong>audientes</strong></span> <span class='ocrx_word' id='word_1_39' title='bbox 755 708 878 765; x_wconf 69' lang='lat' dir='ltr'><strong>quae</strong></span> <span class='ocrx_word' id='word_1_40' title='bbox 908 695 1058 765; x_wconf 85' lang='lat' dir='ltr'><strong>passi</strong></span> <span class='ocrx_word' id='word_1_41' title='bbox 1102 696 1256 760; x_wconf 89' lang='lat' dir='ltr'><strong>estis,</strong></span> <span class='ocrx_word' id='word_1_42' title='bbox 1306 697 1387 755; x_wconf 91' lang='lat' dir='ltr'><strong>sic</strong></span> <span class='ocrx_word' id='word_1_43' title='bbox 1436 684 1731 768; x_wconf 84' lang='lat' dir='ltr'><strong>doiebant,</strong></span> 
     </span>
    </p>
   </div>
   <div class='ocr_carea' id='block_1_8' title="bbox 150 787 1732 862">
    <p class='ocr_par' dir='ltr' id='par_1_8' title="bbox 150 787 1732 862">
     <span class='ocr_line' id='line_1_8' title="bbox 150 787 1732 862; baseline 0.003 -20"><span class='ocrx_word' id='word_1_44' title='bbox 150 787 229 842; x_wconf 83' lang='lat' dir='ltr'><strong>sic</strong></span> <span class='ocrx_word' id='word_1_45' title='bbox 276 787 593 858; x_wconf 84' lang='lat' dir='ltr'><strong>gemebant,</strong></span> <span class='ocrx_word' id='word_1_46' title='bbox 631 787 1090 857; x_wconf 87' lang='lat' dir='ltr'><strong>quemadmodum</strong></span> <span class='ocrx_word' id='word_1_47' title='bbox 1137 789 1432 847; x_wconf 74' lang='lat' dir='ltr'><strong>tolerantes</strong></span> <span class='ocrx_word' id='word_1_48' title='bbox 1476 792 1732 862; x_wconf 90' lang='lat' dir='ltr'><strong>injuriam</strong></span> 
     </span>
    </p>
   </div>
   <div class='ocr_carea' id='block_1_9' title="bbox 154 878 1736 945">
    <p class='ocr_par' dir='ltr' id='par_1_9' title="bbox 154 878 1736 945">
     <span class='ocr_line' id='line_1_9' title="bbox 154 878 1736 945; baseline 0.003 -13"><span class='ocrx_word' id='word_1_49' title='bbox 154 886 280 941; x_wconf 84' lang='lat' dir='ltr'><strong>tunc</strong></span> <span class='ocrx_word' id='word_1_50' title='bbox 309 878 607 945; x_wconf 83' lang='lat' dir='ltr'><strong>doiebatis,</strong></span> <span class='ocrx_word' id='word_1_51' title='bbox 646 890 700 933; x_wconf 89' lang='lat' dir='ltr'><strong>et</strong></span> <span class='ocrx_word' id='word_1_52' title='bbox 746 878 853 934; x_wconf 82' lang='lat' dir='ltr'><strong>illis</strong></span> <span class='ocrx_word' id='word_1_53' title='bbox 887 918 904 933; x_wconf 94' lang='lat'><strong>.</strong></span> <span class='ocrx_word' id='word_1_54' title='bbox 944 917 960 934; x_wconf 93' lang='lat'><strong>.</strong></span> <span class='ocrx_word' id='word_1_55' title='bbox 1003 919 1019 936; x_wconf 94' lang='lat'><strong>.</strong></span> <span class='ocrx_word' id='word_1_56' title='bbox 1063 920 1078 934; x_wconf 92' lang='lat'><strong>.</strong></span> <span class='ocrx_word' id='word_1_57' title='bbox 1119 919 1135 935; x_wconf 95' lang='lat'><strong>.</strong></span> <span class='ocrx_word' id='word_1_58' title='bbox 1178 918 1194 933; x_wconf 93' lang='lat'><strong>.</strong></span> <span class='ocrx_word' id='word_1_59' title='bbox 1234 890 1352 936; x_wconf 87' lang='lat' dir='ltr'><strong>erat</strong></span> <span class='ocrx_word' id='word_1_60' title='bbox 1393 882 1550 938; x_wconf 89' lang='lat' dir='ltr'><strong>dolor</strong></span> <span class='ocrx_word' id='word_1_61' title='bbox 1583 898 1736 939; x_wconf 61' lang='lat' dir='ltr'><strong>come-</strong></span> 
     </span>
    </p>
   </div>
   <div class='ocr_carea' id='block_1_10' title="bbox 152 966 1734 1044">
    <p class='ocr_par' dir='ltr' id='par_1_10' title="bbox 152 966 1734 1044">
     <span class='ocr_line' id='line_1_10' title="bbox 152 966 1734 1044; baseline 0.004 -21"><span class='ocrx_word' id='word_1_62' title='bbox 152 967 334 1029; x_wconf 86' lang='lat' dir='ltr'><strong>munis</strong></span> <span class='ocrx_word' id='word_1_63' title='bbox 366 966 470 1021; x_wconf 87' lang='lat' dir='ltr'><strong>illo</strong></span> <span class='ocrx_word' id='word_1_64' title='bbox 491 975 754 1036; x_wconf 90' lang='lat' dir='ltr'><strong>tempore,</strong></span> <span class='ocrx_word' id='word_1_65' title='bbox 778 982 888 1039; x_wconf 90' lang='lat' dir='ltr'><strong>quo</strong></span> <span class='ocrx_word' id='word_1_66' title='bbox 915 970 1280 1038; x_wconf 87' lang='lat' dir='ltr'><strong>processistis.</strong></span> <span class='ocrx_word' id='word_1_67' title='bbox 1303 970 1389 1027; x_wconf 87' lang='lat' dir='ltr'><strong>Ob</strong></span> <span class='ocrx_word' id='word_1_68' title='bbox 1412 973 1527 1028; x_wconf 72' lang='lat' dir='ltr'><strong>haec</strong></span> <span class='ocrx_word' id='word_1_69' title='bbox 1549 973 1734 1044; x_wconf 81' lang='lat' dir='ltr'><strong>igitur,</strong></span> 
     </span>
    </p>
   </div>
   <div class='ocr_carea' id='block_1_11' title="bbox 152 1059 1734 1130">
    <p class='ocr_par' dir='ltr' id='par_1_11' title="bbox 152 1059 1734 1130">
     <span class='ocr_line' id='line_1_11' title="bbox 152 1059 1734 1130; baseline 0.002 -16"><span class='ocrx_word' id='word_1_70' title='bbox 152 1069 206 1121; x_wconf 83' lang='lat' dir='ltr'><strong>et</strong></span> <span class='ocrx_word' id='word_1_71' title='bbox 234 1060 341 1115; x_wconf 86' lang='lat' dir='ltr'><strong>alia</strong></span> <span class='ocrx_word' id='word_1_72' title='bbox 389 1061 601 1127; x_wconf 85' lang='lat' dir='ltr'><strong>omnia,</strong></span> <span class='ocrx_word' id='word_1_73' title='bbox 631 1075 752 1130; x_wconf 72' lang='lat' dir='ltr'><strong>qua:</strong></span> <span class='ocrx_word' id='word_1_74' title='bbox 783 1068 972 1117; x_wconf 87' lang='lat' dir='ltr'><strong>contra</strong></span> <span class='ocrx_word' id='word_1_75' title='bbox 1013 1059 1286 1117; x_wconf 86' lang='lat' dir='ltr'><strong>Ecclesias</strong></span> <span class='ocrx_word' id='word_1_76' title='bbox 1317 1065 1734 1130; x_wconf 86' lang='lat' dir='ltr'><strong>commiserunt,</strong></span> 
     </span>
    </p>
   </div>
   <div class='ocr_carea' id='block_1_12' title="bbox 154 1152 1737 1225">
    <p class='ocr_par' dir='ltr' id='par_1_12' title="bbox 154 1152 1737 1225">
     <span class='ocr_line' id='line_1_12' title="bbox 154 1152 1737 1225; baseline 0 -14"><span class='ocrx_word' id='word_1_77' title='bbox 154 1162 388 1211; x_wconf 82' lang='lat' dir='ltr'><strong>cunctos</strong></span> <span class='ocrx_word' id='word_1_78' title='bbox 423 1152 682 1209; x_wconf 88' lang='lat' dir='ltr'><strong>universa</strong></span> <span class='ocrx_word' id='word_1_79' title='bbox 714 1153 955 1224; x_wconf 87' lang='lat' dir='ltr'><strong>synodus</strong></span> <span class='ocrx_word' id='word_1_80' title='bbox 1000 1162 1187 1210; x_wconf 87' lang='lat' dir='ltr'><strong>sancta</strong></span> <span class='ocrx_word' id='word_1_81' title='bbox 1228 1155 1499 1225; x_wconf 86' lang='lat' dir='ltr'><strong>deposuit,</strong></span> <span class='ocrx_word' id='word_1_82' title='bbox 1543 1164 1598 1212; x_wconf 91' lang='lat' dir='ltr'><strong>et</strong></span> <span class='ocrx_word' id='word_1_83' title='bbox 1626 1170 1737 1211; x_wconf 92' lang='lat' dir='ltr'><strong>non</strong></span> 
     </span>
    </p>
   </div>
   <div class='ocr_carea' id='block_1_13' title="bbox 156 1244 1740 1314">
    <p class='ocr_par' dir='ltr' id='par_1_13' title="bbox 156 1244 1740 1314">
     <span class='ocr_line' id='line_1_13' title="bbox 156 1244 1740 1314; baseline 0.001 -13"><span class='ocrx_word' id='word_1_84' title='bbox 156 1247 335 1302; x_wconf 87' lang='lat' dir='ltr'><strong>solum</strong></span> <span class='ocrx_word' id='word_1_85' title='bbox 386 1259 488 1300; x_wconf 90' lang='lat' dir='ltr'><strong>eos</strong></span> <span class='ocrx_word' id='word_1_86' title='bbox 535 1244 742 1300; x_wconf 88' lang='lat' dir='ltr'><strong>alienos</strong></span> <span class='ocrx_word' id='word_1_87' title='bbox 784 1244 1048 1314; x_wconf 82' lang='lat' dir='ltr'><strong>judicavit</strong></span> <span class='ocrx_word' id='word_1_88' title='bbox 1086 1245 1157 1299; x_wconf 91' lang='lat' dir='ltr'><strong>ab</strong></span> <span class='ocrx_word' id='word_1_89' title='bbox 1207 1245 1470 1313; x_wconf 83' lang='lat' dir='ltr'><strong>Ecclesia,</strong></span> <span class='ocrx_word' id='word_1_90' title='bbox 1503 1247 1598 1303; x_wconf 88' lang='lat' dir='ltr'><strong>sed</strong></span> <span class='ocrx_word' id='word_1_91' title='bbox 1637 1262 1740 1303; x_wconf 91' lang='lat' dir='ltr'><strong>nec</strong></span> 
     </span>
    </p>
   </div>
   <div class='ocr_carea' id='block_1_14' title="bbox 155 1336 1743 1408">
    <p class='ocr_par' dir='ltr' id='par_1_14' title="bbox 155 1336 1743 1408">
     <span class='ocr_line' id='line_1_14' title="bbox 155 1336 1743 1408; baseline 0.001 -16"><span class='ocrx_word' id='word_1_92' title='bbox 155 1337 354 1408; x_wconf 85' lang='lat' dir='ltr'><strong>dignos</strong></span> <span class='ocrx_word' id='word_1_93' title='bbox 384 1336 577 1392; x_wconf 79' lang='lat' dir='ltr'><strong>vocari</strong></span> <span class='ocrx_word' id='word_1_94' title='bbox 609 1336 950 1392; x_wconf 87' lang='lat' dir='ltr'><strong>Christianos</strong></span> <span class='ocrx_word' id='word_1_95' title='bbox 980 1336 1306 1392; x_wconf 67' lang='lat' dir='ltr'><strong>aestimavit:</strong></span> <span class='ocrx_word' id='word_1_96' title='bbox 1337 1338 1431 1407; x_wconf 89' lang='lat' dir='ltr'><strong>qui</strong></span> <span class='ocrx_word' id='word_1_97' title='bbox 1471 1338 1617 1394; x_wconf 90' lang='lat' dir='ltr'><strong>enim</strong></span> <span class='ocrx_word' id='word_1_98' title='bbox 1644 1339 1743 1395; x_wconf 70' lang='lat' dir='ltr'><strong>abu-</strong></span> 
     </span>
    </p>
   </div>
   <div class='ocr_carea' id='block_1_15' title="bbox 158 1428 1738 1500">
    <p class='ocr_par' dir='ltr' id='par_1_15' title="bbox 158 1428 1738 1500">
     <span class='ocr_line' id='line_1_15' title="bbox 158 1428 1738 1500; baseline 0.001 -16"><span class='ocrx_word' id='word_1_99' title='bbox 158 1438 423 1500; x_wconf 85' lang='lat' dir='ltr'><strong>negantes</strong></span> <span class='ocrx_word' id='word_1_100' title='bbox 472 1428 773 1494; x_wconf 84' lang='lat' dir='ltr'><strong>Christum,</strong></span> <span class='ocrx_word' id='word_1_101' title='bbox 814 1429 1273 1497; x_wconf 82' lang='lat' dir='ltr'><strong>quemadmodum</strong></span> <span class='ocrx_word' id='word_1_102' title='bbox 1303 1428 1601 1485; x_wconf 84' lang='lat' dir='ltr'><strong>Christiani</strong></span> <span class='ocrx_word' id='word_1_103' title='bbox 1639 1446 1738 1486; x_wconf 88' lang='lat' dir='ltr'><strong>vo-</strong></span> 
     </span>
    </p>
   </div>
   <div class='ocr_carea' id='block_1_16' title="bbox 156 1517 1742 1591">
    <p class='ocr_par' dir='ltr' id='par_1_16' title="bbox 156 1517 1742 1591">
     <span class='ocr_line' id='line_1_16' title="bbox 156 1517 1742 1591; baseline 0.002 -17"><span class='ocrx_word' id='word_1_104' title='bbox 156 1531 350 1576; x_wconf 89' lang='lat' dir='ltr'><strong>centur</strong></span> <span class='ocrx_word' id='word_1_105' title='bbox 365 1521 390 1573; x_wconf 86' lang='lat'><strong>?</strong></span> <span class='ocrx_word' id='word_1_106' title='bbox 412 1527 472 1574; x_wconf 91' lang='lat' dir='ltr'><strong>et</strong></span> <span class='ocrx_word' id='word_1_107' title='bbox 498 1519 593 1589; x_wconf 88' lang='lat' dir='ltr'><strong>qui</strong></span> <span class='ocrx_word' id='word_1_108' title='bbox 614 1527 805 1574; x_wconf 90' lang='lat' dir='ltr'><strong>contra</strong></span> <span class='ocrx_word' id='word_1_109' title='bbox 825 1517 1097 1575; x_wconf 87' lang='lat' dir='ltr'><strong>Ecclesias</strong></span> <span class='ocrx_word' id='word_1_110' title='bbox 1117 1520 1462 1589; x_wconf 89' lang='lat' dir='ltr'><strong>delinquunt,</strong></span> <span class='ocrx_word' id='word_1_111' title='bbox 1490 1520 1528 1575; x_wconf 91' lang='lat' dir='ltr'><strong>ii</strong></span> <span class='ocrx_word' id='word_1_112' title='bbox 1551 1537 1742 1591; x_wconf 88' lang='lat' dir='ltr'><strong>quem-</strong></span> 
     </span>
    </p>
   </div>
   <div class='ocr_carea' id='block_1_17' title="bbox 158 1609 1743 1682">
    <p class='ocr_par' dir='ltr' id='par_1_17' title="bbox 158 1609 1743 1682">
     <span class='ocr_line' id='line_1_17' title="bbox 158 1609 1743 1682; baseline 0.001 -14"><span class='ocrx_word' id='word_1_113' title='bbox 158 1611 461 1668; x_wconf 81' lang='lat' dir='ltr'><strong>admodum</strong></span> <span class='ocrx_word' id='word_1_114' title='bbox 495 1619 753 1682; x_wconf 87' lang='lat' dir='ltr'><strong>poterunt</strong></span> <span class='ocrx_word' id='word_1_115' title='bbox 789 1610 980 1666; x_wconf 85' lang='lat' dir='ltr'><strong>adesse</strong></span> <span class='ocrx_word' id='word_1_116' title='bbox 1008 1609 1306 1667; x_wconf 83' lang='lat' dir='ltr'><strong>Ecclesiis?</strong></span> <span class='ocrx_word' id='word_1_117' title='bbox 1335 1610 1491 1668; x_wconf 90' lang='lat' dir='ltr'><strong>Unde</strong></span> <span class='ocrx_word' id='word_1_118' title='bbox 1517 1616 1743 1670; x_wconf 86' lang='lat' dir='ltr'><strong>manda-</strong></span> 
     </span>
    </p>
   </div>
   <div class='ocr_carea' id='block_1_18' title="bbox 157 1704 1741 1777">
    <p class='ocr_par' dir='ltr' id='par_1_18' title="bbox 157 1704 1741 1777">
     <span class='ocr_line' id='line_1_18' title="bbox 157 1704 1741 1777; baseline 0.001 -16"><span class='ocrx_word' id='word_1_119' title='bbox 157 1706 235 1761; x_wconf 82' lang='lat' dir='ltr'><strong>vi:</strong></span> <span class='ocrx_word' id='word_1_120' title='bbox 262 1715 456 1762; x_wconf 88' lang='lat' dir='ltr'><strong>sancta</strong></span> <span class='ocrx_word' id='word_1_121' title='bbox 481 1706 731 1777; x_wconf 80' lang='lat' dir='ltr'><strong>synodus</strong></span> <span class='ocrx_word' id='word_1_122' title='bbox 757 1705 960 1776; x_wconf 90' lang='lat' dir='ltr'><strong>ubique</strong></span> <span class='ocrx_word' id='word_1_123' title='bbox 982 1704 1264 1772; x_wconf 89' lang='lat' dir='ltr'><strong>Ecclesiis,</strong></span> <span class='ocrx_word' id='word_1_124' title='bbox 1294 1715 1355 1761; x_wconf 90' lang='lat' dir='ltr'><strong>ut</strong></span> <span class='ocrx_word' id='word_1_125' title='bbox 1375 1706 1518 1776; x_wconf 85' lang='lat' dir='ltr'><strong>apud</strong></span> <span class='ocrx_word' id='word_1_126' title='bbox 1551 1721 1741 1762; x_wconf 91' lang='lat' dir='ltr'><strong>omnes</strong></span> 
     </span>
    </p>
   </div>
   <div class='ocr_carea' id='block_1_19' title="bbox 1835 521 3404 593">
    <p class='ocr_par' dir='ltr' id='par_1_19' title="bbox 1835 521 3404 593">
     <span class='ocr_line' id='line_1_19' title="bbox 1835 521 3404 593; baseline 0.003 -15"><span class='ocrx_word' id='word_1_127' title='bbox 1835 521 1927 578; x_wconf 85' lang='lat' dir='ltr'><strong>sed</strong></span> <span class='ocrx_word' id='word_1_128' title='bbox 1980 522 2238 591; x_wconf 89' lang='lat' dir='ltr'><strong>quoniam</strong></span> <span class='ocrx_word' id='word_1_129' title='bbox 2301 522 2602 593; x_wconf 83' lang='lat' dir='ltr'><strong>presbyteri</strong></span> <span class='ocrx_word' id='word_1_130' title='bbox 2649 531 2704 579; x_wconf 87' lang='lat' dir='ltr'><strong>et</strong></span> <span class='ocrx_word' id='word_1_131' title='bbox 2741 524 2998 581; x_wconf 88' lang='lat' dir='ltr'><strong>diacones</strong></span> <span class='ocrx_word' id='word_1_132' title='bbox 3045 525 3224 579; x_wconf 82' lang='lat' dir='ltr'><strong>idonei</strong></span> <span class='ocrx_word' id='word_1_133' title='bbox 3277 537 3404 582; x_wconf 87' lang='lat' dir='ltr'><strong>sunt</strong></span> 
     </span>
    </p>
   </div>
   <div class='ocr_carea' id='block_1_20' title="bbox 1834 612 3402 684">
    <p class='ocr_par' dir='ltr' id='par_1_20' title="bbox 1834 612 3402 684">
     <span class='ocr_line' id='line_1_20' title="bbox 1834 612 3402 684; baseline 0.003 -18"><span class='ocrx_word' id='word_1_134' title='bbox 1834 612 2086 667; x_wconf 89' lang='lat' dir='ltr'><strong>nuntiare</strong></span> <span class='ocrx_word' id='word_1_135' title='bbox 2116 612 2271 669; x_wconf 84' lang='lat' dir='ltr'><strong>vobis</strong></span> <span class='ocrx_word' id='word_1_136' title='bbox 2294 622 2587 683; x_wconf 65' lang='lat' dir='ltr'><strong>praesentes</strong></span> <span class='ocrx_word' id='word_1_137' title='bbox 2608 615 2675 669; x_wconf 88' lang='lat' dir='ltr'><strong>de</strong></span> <span class='ocrx_word' id='word_1_138' title='bbox 2700 615 2953 671; x_wconf 90' lang='lat' dir='ltr'><strong>omnibus</strong></span> <span class='ocrx_word' id='word_1_139' title='bbox 2982 630 3105 684; x_wconf 69' lang='lat' dir='ltr'><strong>qua:</strong></span> <span class='ocrx_word' id='word_1_140' title='bbox 3130 614 3402 680; x_wconf 82' lang='lat' dir='ltr'><strong>viderunt,</strong></span> 
     </span>
    </p>
   </div>
   <div class='ocr_carea' id='block_1_21' title="bbox 1835 702 3403 775">
    <p class='ocr_par' dir='ltr' id='par_1_21' title="bbox 1835 702 3403 775">
     <span class='ocr_line' id='line_1_21' title="bbox 1835 702 3403 775; baseline 0.002 -19"><span class='ocrx_word' id='word_1_141' title='bbox 1835 703 2007 757; x_wconf 89' lang='lat' dir='ltr'><strong>multa</strong></span> <span class='ocrx_word' id='word_1_142' title='bbox 2041 702 2260 772; x_wconf 81' lang='lat' dir='ltr'><strong>quidem</strong></span> <span class='ocrx_word' id='word_1_143' title='bbox 2293 704 2531 759; x_wconf 87' lang='lat' dir='ltr'><strong>scribere</strong></span> <span class='ocrx_word' id='word_1_144' title='bbox 2563 703 2792 759; x_wconf 83' lang='lat' dir='ltr'><strong>cessavi.</strong></span> <span class='ocrx_word' id='word_1_145' title='bbox 2831 702 2967 758; x_wconf 82' lang='lat' dir='ltr'><strong>illud</strong></span> <span class='ocrx_word' id='word_1_146' title='bbox 2998 713 3205 758; x_wconf 87' lang='lat' dir='ltr'><strong>tantum</strong></span> <span class='ocrx_word' id='word_1_147' title='bbox 3238 705 3403 775; x_wconf 80' lang='lat' dir='ltr'><strong>signi-</strong></span> 
     </span>
    </p>
   </div>
   <div class='ocr_carea' id='block_1_22' title="bbox 1834 791 3403 864">
    <p class='ocr_par' dir='ltr' id='par_1_22' title="bbox 1834 791 3403 864">
     <span class='ocr_line' id='line_1_22' title="bbox 1834 791 3403 864; baseline 0.003 -16"><span class='ocrx_word' id='word_1_148' title='bbox 1834 791 1968 859; x_wconf 86' lang='lat' dir='ltr'><strong>fico,</strong></span> <span class='ocrx_word' id='word_1_149' title='bbox 2001 794 2368 850; x_wconf 86' lang='lat' dir='ltr'><strong>necessarium</strong></span> <span class='ocrx_word' id='word_1_150' title='bbox 2410 801 2630 864; x_wconf 88' lang='lat' dir='ltr'><strong>putans,</strong></span> <span class='ocrx_word' id='word_1_151' title='bbox 2666 801 2729 848; x_wconf 91' lang='lat' dir='ltr'><strong>ut</strong></span> <span class='ocrx_word' id='word_1_152' title='bbox 2770 810 2882 864; x_wconf 72' lang='lat' dir='ltr'><strong>prae</strong></span> <span class='ocrx_word' id='word_1_153' title='bbox 2922 796 3097 850; x_wconf 87' lang='lat' dir='ltr'><strong>oculis</strong></span> <span class='ocrx_word' id='word_1_154' title='bbox 3143 795 3403 852; x_wconf 75' lang='lat' dir='ltr'><strong>habentes</strong></span> 
     </span>
    </p>
   </div>
   <div class='ocr_carea' id='block_1_23' title="bbox 1836 883 3405 955">
    <p class='ocr_par' dir='ltr' id='par_1_23' title="bbox 1836 883 3405 955">
     <span class='ocr_line' id='line_1_23' title="bbox 1836 883 3405 955; baseline 0.004 -18"><span class='ocrx_word' id='word_1_155' title='bbox 1836 884 2087 940; x_wconf 83' lang='lat' dir='ltr'><strong>timorem</strong></span> <span class='ocrx_word' id='word_1_156' title='bbox 2138 883 2378 949; x_wconf 84' lang='lat' dir='ltr'><strong>Domini,</strong></span> <span class='ocrx_word' id='word_1_157' title='bbox 2412 901 2537 939; x_wconf 88' lang='lat' dir='ltr'><strong>eum</strong></span> <span class='ocrx_word' id='word_1_158' title='bbox 2583 887 2935 955; x_wconf 69' lang='lat' dir='ltr'><strong>praeponatis,</strong></span> <span class='ocrx_word' id='word_1_159' title='bbox 2966 896 3020 942; x_wconf 88' lang='lat' dir='ltr'><strong>et</strong></span> <span class='ocrx_word' id='word_1_160' title='bbox 3064 889 3246 942; x_wconf 86' lang='lat' dir='ltr'><strong>omnia</strong></span> <span class='ocrx_word' id='word_1_161' title='bbox 3278 904 3405 943; x_wconf 91' lang='lat' dir='ltr'><strong>cum</strong></span> 
     </span>
    </p>
   </div>
   <div class='ocr_carea' id='block_1_24' title="bbox 1835 968 3406 1048">
    <p class='ocr_par' dir='ltr' id='par_1_24' title="bbox 1835 968 3406 1048">
     <span class='ocr_line' id='line_1_24' title="bbox 1835 968 3406 1048; baseline 0.004 -20"><span class='ocrx_word' id='word_1_162' title='bbox 1835 981 2018 1028; x_wconf 87' lang='lat' dir='ltr'><strong>vestra</strong></span> <span class='ocrx_word' id='word_1_163' title='bbox 2063 968 2353 1029; x_wconf 85' lang='lat' dir='ltr'><strong>concordia</strong></span> <span class='ocrx_word' id='word_1_164' title='bbox 2387 975 2672 1031; x_wconf 88' lang='lat' dir='ltr'><strong>celebretis</strong></span> <span class='ocrx_word' id='word_1_165' title='bbox 2707 976 3065 1046; x_wconf 87' lang='lat' dir='ltr'><strong>intclligentes</strong></span> <span class='ocrx_word' id='word_1_166' title='bbox 3108 986 3163 1032; x_wconf 92' lang='lat' dir='ltr'><strong>et</strong></span> <span class='ocrx_word' id='word_1_167' title='bbox 3188 978 3406 1048; x_wconf 85' lang='lat' dir='ltr'><strong>sapien-</strong></span> 
     </span>
    </p>
   </div>
   <div class='ocr_carea' id='block_1_25' title="bbox 1836 1063 3404 1134">
    <p class='ocr_par' dir='ltr' id='par_1_25' title="bbox 1836 1063 3404 1134">
     <span class='ocr_line' id='line_1_25' title="bbox 1836 1063 3404 1134; baseline 0.004 -17"><span class='ocrx_word' id='word_1_168' title='bbox 1836 1072 1938 1119; x_wconf 88' lang='lat' dir='ltr'><strong>tes.</strong></span> <span class='ocrx_word' id='word_1_169' title='bbox 1970 1063 2133 1119; x_wconf 83' lang='lat' dir='ltr'><strong>Orate</strong></span> <span class='ocrx_word' id='word_1_170' title='bbox 2171 1080 2271 1134; x_wconf 91' lang='lat' dir='ltr'><strong>pro</strong></span> <span class='ocrx_word' id='word_1_171' title='bbox 2313 1065 2490 1133; x_wconf 90' lang='lat' dir='ltr'><strong>nobis,</strong></span> <span class='ocrx_word' id='word_1_172' title='bbox 2519 1066 2785 1122; x_wconf 82' lang='lat' dir='ltr'><strong>habentes</strong></span> <span class='ocrx_word' id='word_1_173' title='bbox 2821 1067 2876 1121; x_wconf 92' lang='lat' dir='ltr'><strong>in</strong></span> <span class='ocrx_word' id='word_1_174' title='bbox 2906 1081 3088 1123; x_wconf 84' lang='lat' dir='ltr'><strong>mente</strong></span> <span class='ocrx_word' id='word_1_175' title='bbox 3116 1069 3404 1124; x_wconf 88' lang='lat' dir='ltr'><strong>viduarum</strong></span> 
     </span>
    </p>
   </div>
   <div class='ocr_carea' id='block_1_26' title="bbox 1837 1155 3404 1228">
    <p class='ocr_par' dir='ltr' id='par_1_26' title="bbox 1837 1155 3404 1228">
     <span class='ocr_line' id='line_1_26' title="bbox 1837 1155 3404 1228; baseline 0.004 -21"><span class='ocrx_word' id='word_1_176' title='bbox 1837 1155 2208 1219; x_wconf 82' lang='lat' dir='ltr'><strong>necessitates,</strong></span> <span class='ocrx_word' id='word_1_177' title='bbox 2260 1156 2495 1210; x_wconf 75' lang='lat' dir='ltr'><strong>maxime</strong></span> <span class='ocrx_word' id='word_1_178' title='bbox 2532 1157 2790 1225; x_wconf 88' lang='lat' dir='ltr'><strong>quoniam</strong></span> <span class='ocrx_word' id='word_1_179' title='bbox 2836 1157 2902 1212; x_wconf 89' lang='lat' dir='ltr'><strong>ad</strong></span> <span class='ocrx_word' id='word_1_180' title='bbox 2946 1174 3039 1213; x_wconf 90' lang='lat' dir='ltr'><strong>eas</strong></span> <span class='ocrx_word' id='word_1_181' title='bbox 3083 1160 3404 1228; x_wconf 74' lang='lat' dir='ltr'><strong>pertinentia</strong></span> 
     </span>
    </p>
   </div>
   <div class='ocr_carea' id='block_1_27' title="bbox 1838 1245 3405 1318">
    <p class='ocr_par' dir='ltr' id='par_1_27' title="bbox 1838 1245 3405 1318">
     <span class='ocr_line' id='line_1_27' title="bbox 1838 1245 3405 1318; baseline 0.005 -20"><span class='ocrx_word' id='word_1_182' title='bbox 1838 1245 2045 1300; x_wconf 83' lang='lat' dir='ltr'><strong>inimici</strong></span> <span class='ocrx_word' id='word_1_183' title='bbox 2074 1245 2317 1301; x_wconf 80' lang='lat' dir='ltr'><strong>veritatis</strong></span> <span class='ocrx_word' id='word_1_184' title='bbox 2348 1246 2662 1301; x_wconf 91' lang='lat' dir='ltr'><strong>obtulerunt</strong></span> <span class='ocrx_word' id='word_1_185' title='bbox 2688 1246 2820 1318; x_wconf 78' lang='lat'><strong>(95),</strong></span> <span class='ocrx_word' id='word_1_186' title='bbox 2856 1247 2950 1303; x_wconf 85' lang='lat' dir='ltr'><strong>sed</strong></span> <span class='ocrx_word' id='word_1_187' title='bbox 2983 1249 3198 1303; x_wconf 85' lang='lat' dir='ltr'><strong>dilectio</strong></span> <span class='ocrx_word' id='word_1_188' title='bbox 3226 1257 3405 1306; x_wconf 80' lang='lat' dir='ltr'><strong>vestra</strong></span> 
     </span>
    </p>
   </div>
   <div class='ocr_carea' id='block_1_28' title="bbox 1838 1322 3405 1406">
    <p class='ocr_par' dir='ltr' id='par_1_28' title="bbox 1838 1322 3405 1406">
     <span class='ocr_line' id='line_1_28' title="bbox 1838 1322 3405 1406; baseline 0.003 -16"><span class='ocrx_word' id='word_1_189' title='bbox 1838 1334 2021 1390; x_wconf 86' lang='lat' dir='ltr'><strong>vincat</strong></span> <span class='ocrx_word' id='word_1_190' title='bbox 2066 1322 2445 1391; x_wconf 83' lang='lat' dir='ltr'><strong>haereticorum</strong></span> <span class='ocrx_word' id='word_1_191' title='bbox 2505 1337 2770 1391; x_wconf 83' lang='lat' dir='ltr'><strong>malitiam</strong></span> <span class='ocrx_word' id='word_1_192' title='bbox 2818 1355 2832 1392; x_wconf 84' lang='lat'><strong>:</strong></span> <span class='ocrx_word' id='word_1_193' title='bbox 2887 1339 3162 1394; x_wconf 88' lang='lat' dir='ltr'><strong>credimus</strong></span> <span class='ocrx_word' id='word_1_194' title='bbox 3215 1339 3405 1406; x_wconf 89' lang='lat' dir='ltr'><strong>enim,</strong></span> 
     </span>
    </p>
   </div>
   <div class='ocr_carea' id='block_1_29' title="bbox 1837 1426 3409 1500">
    <p class='ocr_par' dir='ltr' id='par_1_29' title="bbox 1837 1426 3409 1500">
     <span class='ocr_line' id='line_1_29' title="bbox 1837 1426 3409 1500; baseline 0.004 -19"><span class='ocrx_word' id='word_1_195' title='bbox 1837 1428 1981 1500; x_wconf 90' lang='lat' dir='ltr'><strong>quod</strong></span> <span class='ocrx_word' id='word_1_196' title='bbox 2013 1427 2312 1485; x_wconf 90' lang='lat' dir='ltr'><strong>secundum</strong></span> <span class='ocrx_word' id='word_1_197' title='bbox 2340 1426 2616 1483; x_wconf 87' lang='lat' dir='ltr'><strong>orationes</strong></span> <span class='ocrx_word' id='word_1_198' title='bbox 2641 1436 2850 1483; x_wconf 84' lang='lat' dir='ltr'><strong>vestras</strong></span> <span class='ocrx_word' id='word_1_199' title='bbox 2871 1426 3135 1485; x_wconf 87' lang='lat' dir='ltr'><strong>Dominus</strong></span> <span class='ocrx_word' id='word_1_200' title='bbox 3162 1445 3409 1487; x_wconf 85' lang='lat' dir='ltr'><strong>annuens</strong></span> 
     </span>
    </p>
   </div>
   <div class='ocr_carea' id='block_1_30' title="bbox 1838 1517 3410 1591">
    <p class='ocr_par' dir='ltr' id='par_1_30' title="bbox 1838 1517 3410 1591">
     <span class='ocr_line' id='line_1_30' title="bbox 1838 1517 3410 1591; baseline 0.001 -16"><span class='ocrx_word' id='word_1_201' title='bbox 1838 1520 1987 1575; x_wconf 88' lang='lat' dir='ltr'><strong>dabit</strong></span> <span class='ocrx_word' id='word_1_202' title='bbox 2016 1519 2152 1573; x_wconf 89' lang='lat' dir='ltr'><strong>mihi</strong></span> <span class='ocrx_word' id='word_1_203' title='bbox 2180 1520 2422 1575; x_wconf 89' lang='lat' dir='ltr'><strong>velocius</strong></span> <span class='ocrx_word' id='word_1_204' title='bbox 2447 1534 2545 1574; x_wconf 87' lang='lat' dir='ltr'><strong>vos</strong></span> <span class='ocrx_word' id='word_1_205' title='bbox 2570 1519 2776 1574; x_wconf 86' lang='lat' dir='ltr'><strong>videre.</strong></span> <span class='ocrx_word' id='word_1_206' title='bbox 2812 1517 3031 1573; x_wconf 84' lang='lat' dir='ltr'><strong>Interim</strong></span> <span class='ocrx_word' id='word_1_207' title='bbox 3061 1529 3240 1575; x_wconf 89' lang='lat' dir='ltr'><strong>tamen</strong></span> <span class='ocrx_word' id='word_1_208' title='bbox 3267 1521 3410 1591; x_wconf 89' lang='lat' dir='ltr'><strong>apud</strong></span> 
     </span>
    </p>
   </div>
   <div class='ocr_carea' id='block_1_31' title="bbox 1841 1609 3411 1680">
    <p class='ocr_par' dir='ltr' id='par_1_31' title="bbox 1841 1609 3411 1680">
     <span class='ocr_line' id='line_1_31' title="bbox 1841 1609 3411 1680; baseline 0.002 -16"><span class='ocrx_word' id='word_1_209' title='bbox 1841 1610 2106 1680; x_wconf 85' lang='lat' dir='ltr'><strong>synodum</strong></span> <span class='ocrx_word' id='word_1_210' title='bbox 2144 1610 2364 1664; x_wconf 83' lang='lat' dir='ltr'><strong>actitata</strong></span> <span class='ocrx_word' id='word_1_211' title='bbox 2399 1609 2740 1679; x_wconf 80' lang='lat' dir='ltr'><strong>cognoscetis</strong></span> <span class='ocrx_word' id='word_1_212' title='bbox 2767 1624 2833 1663; x_wconf 71' lang='lat' dir='ltr'><strong>ex</strong></span> <span class='ocrx_word' id='word_1_213' title='bbox 2864 1609 3080 1680; x_wconf 86' lang='lat' dir='ltr'><strong>scriptis</strong></span> <span class='ocrx_word' id='word_1_214' title='bbox 3117 1611 3184 1665; x_wconf 87' lang='lat' dir='ltr'><strong>ad</strong></span> <span class='ocrx_word' id='word_1_215' title='bbox 3211 1626 3307 1667; x_wconf 89' lang='lat' dir='ltr'><strong>vos</strong></span> <span class='ocrx_word' id='word_1_216' title='bbox 3338 1610 3411 1667; x_wconf 87' lang='lat' dir='ltr'><strong>ab</strong></span> 
     </span>
    </p>
   </div>
   <div class='ocr_carea' id='block_1_32' title="bbox 1841 1700 3414 1771">
    <p class='ocr_par' dir='ltr' id='par_1_32' title="bbox 1841 1700 3414 1771">
     <span class='ocr_line' id='line_1_32' title="bbox 1841 1700 3414 1771; baseline 0.003 -18"><span class='ocrx_word' id='word_1_217' title='bbox 1841 1700 2094 1754; x_wconf 89' lang='lat' dir='ltr'><strong>omnibus</strong></span> <span class='ocrx_word' id='word_1_218' title='bbox 2119 1700 2408 1769; x_wconf 89' lang='lat' dir='ltr'><strong>episcopis,</strong></span> <span class='ocrx_word' id='word_1_219' title='bbox 2439 1708 2491 1753; x_wconf 90' lang='lat' dir='ltr'><strong>et</strong></span> <span class='ocrx_word' id='word_1_220' title='bbox 2516 1700 2583 1754; x_wconf 89' lang='lat' dir='ltr'><strong>de</strong></span> <span class='ocrx_word' id='word_1_221' title='bbox 2613 1700 2873 1769; x_wconf 88' lang='lat' dir='ltr'><strong>subjectis</strong></span> <span class='ocrx_word' id='word_1_222' title='bbox 2905 1700 3100 1757; x_wconf 89' lang='lat' dir='ltr'><strong>litteris</strong></span> <span class='ocrx_word' id='word_1_223' title='bbox 3127 1702 3414 1771; x_wconf 77' lang='lat' dir='ltr'><strong>depositio-</strong></span> 
     </span>
    </p>
   </div>
   <div class='ocr_carea' id='block_1_33' title="bbox 160 1788 3410 1869">
    <p class='ocr_par' dir='ltr' id='par_1_33' title="bbox 160 1788 3410 1869">
     <span class='ocr_line' id='line_1_33' title="bbox 160 1788 3410 1869; baseline -0 -23"><span class='ocrx_word' id='word_1_224' title='bbox 160 1806 455 1864; x_wconf 84' lang='lat' dir='ltr'><strong>notentur;</strong></span> <span class='ocrx_word' id='word_1_225' title='bbox 492 1805 555 1851; x_wconf 78' lang='lat' dir='ltr'><strong>ut</strong></span> <span class='ocrx_word' id='word_1_226' title='bbox 582 1797 618 1852; x_wconf 84' lang='lat' dir='ltr'><strong>ii</strong></span> <span class='ocrx_word' id='word_1_227' title='bbox 654 1797 748 1867; x_wconf 84' lang='lat' dir='ltr'><strong>qui</strong></span> <span class='ocrx_word' id='word_1_228' title='bbox 789 1796 859 1852; x_wconf 82' lang='lat' dir='ltr'><strong>ab</strong></span> <span class='ocrx_word' id='word_1_229' title='bbox 886 1797 1020 1867; x_wconf 81' lang='lat' dir='ltr'><strong>ipsis</strong></span> <span class='ocrx_word' id='word_1_230' title='bbox 1059 1799 1270 1868; x_wconf 75' lang='lat' dir='ltr'><strong>decepti</strong></span> <span class='ocrx_word' id='word_1_231' title='bbox 1313 1806 1473 1862; x_wconf 74' lang='lat' dir='ltr'><strong>sunt,</strong></span> <span class='ocrx_word' id='word_1_232' title='bbox 1510 1797 1622 1869; x_wconf 78' lang='lat' dir='ltr'><strong>jam</strong></span> <span class='ocrx_word' id='word_1_233' title='bbox 1671 1797 1739 1852; x_wconf 75' lang='lat' dir='ltr'><strong>ad</strong></span> <span class='ocrx_word' id='word_1_234' title='bbox 1770 1808 1813 1863; x_wconf 72' lang='grc' dir='ltr'><strong>Β</strong></span> <span class='ocrx_word' id='word_1_235' title='bbox 1840 1804 1964 1843; x_wconf 90' lang='lat' dir='ltr'><strong>nem</strong></span> <span class='ocrx_word' id='word_1_236' title='bbox 1994 1789 2286 1854; x_wconf 87' lang='lat' dir='ltr'><strong>Theodori,</strong></span> <span class='ocrx_word' id='word_1_237' title='bbox 2329 1788 2589 1857; x_wconf 85' lang='lat' dir='ltr'><strong>Narcissi,</strong></span> <span class='ocrx_word' id='word_1_238' title='bbox 2624 1790 2903 1859; x_wconf 89' lang='lat' dir='ltr'><strong>Stephani,</strong></span> <span class='ocrx_word' id='word_1_239' title='bbox 2934 1791 3137 1857; x_wconf 87' lang='lat' dir='ltr'><strong>Acacii,</strong></span> <span class='ocrx_word' id='word_1_240' title='bbox 3171 1792 3410 1863; x_wconf 80' lang='lat' dir='ltr'><strong>Georgii,</strong></span> 
     </span>
    </p>
   </div>
   <div class='ocr_carea' id='block_1_34' title="bbox 159 1886 1741 1957">
    <p class='ocr_par' dir='ltr' id='par_1_34' title="bbox 159 1886 1741 1957">
     <span class='ocr_line' id='line_1_34' title="bbox 159 1886 1741 1957; baseline -0.001 -16"><span class='ocrx_word' id='word_1_241' title='bbox 159 1888 558 1957; x_wconf 85' lang='lat' dir='ltr'><strong>plenitudinem</strong></span> <span class='ocrx_word' id='word_1_242' title='bbox 583 1895 639 1941; x_wconf 90' lang='lat' dir='ltr'><strong>et</strong></span> <span class='ocrx_word' id='word_1_243' title='bbox 659 1886 941 1942; x_wconf 83' lang='lat' dir='ltr'><strong>veritatem</strong></span> <span class='ocrx_word' id='word_1_244' title='bbox 969 1895 1344 1942; x_wconf 86' lang='lat' dir='ltr'><strong>revertantur.-</strong></span> <span class='ocrx_word' id='word_1_245' title='bbox 1365 1886 1547 1941; x_wconf 87' lang='lat' dir='ltr'><strong>Nolite</strong></span> <span class='ocrx_word' id='word_1_246' title='bbox 1572 1888 1741 1957; x_wconf 87' lang='lat' dir='ltr'><strong>igitur</strong></span> 
     </span>
    </p>
   </div>
   <div class='ocr_carea' id='block_1_35' title="bbox 162 1976 1740 2048">
    <p class='ocr_par' dir='ltr' id='par_1_35' title="bbox 162 1976 1740 2048">
     <span class='ocr_line' id='line_1_35' title="bbox 162 1976 1740 2048; baseline -0.002 -15"><span class='ocrx_word' id='word_1_247' title='bbox 162 1980 414 2043; x_wconf 81' lang='lat' dir='ltr'><strong>deﬁcere,</strong></span> <span class='ocrx_word' id='word_1_248' title='bbox 453 1978 652 2033; x_wconf 81' lang='lat' dir='ltr'><strong>fratres</strong></span> <span class='ocrx_word' id='word_1_249' title='bbox 677 1978 1050 2045; x_wconf 88' lang='lat' dir='ltr'><strong>dilectissimi;</strong></span> <span class='ocrx_word' id='word_1_250' title='bbox 1076 1986 1335 2048; x_wconf 88' lang='lat' dir='ltr'><strong>tanquam</strong></span> <span class='ocrx_word' id='word_1_251' title='bbox 1366 1976 1459 2032; x_wconf 89' lang='lat' dir='ltr'><strong>Dei</strong></span> <span class='ocrx_word' id='word_1_252' title='bbox 1495 1978 1658 2044; x_wconf 88' lang='lat' dir='ltr'><strong>servi,</strong></span> <span class='ocrx_word' id='word_1_253' title='bbox 1686 1984 1740 2032; x_wconf 87' lang='lat' dir='ltr'><strong>et</strong></span> 
     </span>
    </p>
   </div>
   <div class='ocr_carea' id='block_1_36' title="bbox 164 2067 1741 2140">
    <p class='ocr_par' dir='ltr' id='par_1_36' title="bbox 164 2067 1741 2140">
     <span class='ocr_line' id='line_1_36' title="bbox 164 2067 1741 2140; baseline -0.002 -15"><span class='ocrx_word' id='word_1_254' title='bbox 164 2070 321 2125; x_wconf 87' lang='lat' dir='ltr'><strong>ﬁdem</strong></span> <span class='ocrx_word' id='word_1_255' title='bbox 354 2070 564 2125; x_wconf 86' lang='lat' dir='ltr'><strong>Christi</strong></span> <span class='ocrx_word' id='word_1_256' title='bbox 608 2069 930 2126; x_wconf 83' lang='lat' dir='ltr'><strong>confitentes</strong></span> <span class='ocrx_word' id='word_1_257' title='bbox 967 2070 1274 2140; x_wconf 89' lang='lat' dir='ltr'><strong>probemini</strong></span> <span class='ocrx_word' id='word_1_258' title='bbox 1322 2070 1376 2124; x_wconf 92' lang='lat' dir='ltr'><strong>in</strong></span> <span class='ocrx_word' id='word_1_259' title='bbox 1406 2067 1657 2133; x_wconf 90' lang='lat' dir='ltr'><strong>Domino,</strong></span> <span class='ocrx_word' id='word_1_260' title='bbox 1686 2076 1741 2123; x_wconf 92' lang='lat' dir='ltr'><strong>et</strong></span> 
     </span>
    </p>
   </div>
   <div class='ocr_carea' id='block_1_37' title="bbox 164 2157 1742 2230">
    <p class='ocr_par' dir='ltr' id='par_1_37' title="bbox 164 2157 1742 2230">
     <span class='ocr_line' id='line_1_37' title="bbox 164 2157 1742 2230; baseline -0.002 -15"><span class='ocrx_word' id='word_1_261' title='bbox 164 2174 273 2215; x_wconf 92' lang='lat' dir='ltr'><strong>non</strong></span> <span class='ocrx_word' id='word_1_262' title='bbox 302 2159 528 2230; x_wconf 90' lang='lat' dir='ltr'><strong>dejiciat</strong></span> <span class='ocrx_word' id='word_1_263' title='bbox 558 2173 657 2214; x_wconf 91' lang='lat' dir='ltr'><strong>vos</strong></span> <span class='ocrx_word' id='word_1_264' title='bbox 685 2159 983 2226; x_wconf 85' lang='lat' dir='ltr'><strong>tribulatio,</strong></span> <span class='ocrx_word' id='word_1_265' title='bbox 1010 2174 1187 2229; x_wconf 91' lang='lat' dir='ltr'><strong>neque</strong></span> <span class='ocrx_word' id='word_1_266' title='bbox 1219 2158 1286 2213; x_wconf 89' lang='lat' dir='ltr'><strong>ab</strong></span> <span class='ocrx_word' id='word_1_267' title='bbox 1326 2158 1615 2224; x_wconf 68' lang='lat' dir='ltr'><strong>haereticis,</strong></span> <span class='ocrx_word' id='word_1_268' title='bbox 1643 2157 1742 2212; x_wconf 89' lang='lat' dir='ltr'><strong>ad-</strong></span> 
     </span>
    </p>
   </div>
   <div class='ocr_carea' id='block_1_38' title="bbox 167 2247 1744 2321">
    <p class='ocr_par' dir='ltr' id='par_1_38' title="bbox 167 2247 1744 2321">
     <span class='ocr_line' id='line_1_38' title="bbox 167 2247 1744 2321; baseline -0.003 -15"><span class='ocrx_word' id='word_1_269' title='bbox 167 2266 383 2307; x_wconf 88' lang='lat' dir='ltr'><strong>versum</strong></span> <span class='ocrx_word' id='word_1_270' title='bbox 412 2265 517 2306; x_wconf 91' lang='lat' dir='ltr'><strong>vos</strong></span> <span class='ocrx_word' id='word_1_271' title='bbox 541 2249 634 2321; x_wconf 86' lang='lat' dir='ltr'><strong>qui</strong></span> <span class='ocrx_word' id='word_1_272' title='bbox 665 2258 1008 2316; x_wconf 73' lang='lat' dir='ltr'><strong>exercentur,</strong></span> <span class='ocrx_word' id='word_1_273' title='bbox 1026 2250 1241 2305; x_wconf 88' lang='lat' dir='ltr'><strong>dolores</strong></span> <span class='ocrx_word' id='word_1_274' title='bbox 1264 2249 1607 2305; x_wconf 88' lang='lat' dir='ltr'><strong>contristent.</strong></span> <span class='ocrx_word' id='word_1_275' title='bbox 1633 2247 1744 2311; x_wconf 80' lang='lat' dir='ltr'><strong>Ha-</strong></span> 
     </span>
    </p>
   </div>
   <div class='ocr_carea' id='block_1_39' title="bbox 165 2340 1741 2406">
    <p class='ocr_par' dir='ltr' id='par_1_39' title="bbox 165 2340 1741 2406">
     <span class='ocr_line' id='line_1_39' title="bbox 165 2340 1741 2406; baseline -0.002 -8"><span class='ocrx_word' id='word_1_276' title='bbox 165 2341 301 2398; x_wconf 89' lang='lat' dir='ltr'><strong>betis</strong></span> <span class='ocrx_word' id='word_1_277' title='bbox 326 2342 479 2398; x_wconf 91' lang='lat' dir='ltr'><strong>enim</strong></span> <span class='ocrx_word' id='word_1_278' title='bbox 514 2343 775 2398; x_wconf 90' lang='lat' dir='ltr'><strong>mundum</strong></span> <span class='ocrx_word' id='word_1_279' title='bbox 802 2341 1120 2397; x_wconf 89' lang='lat' dir='ltr'><strong>universum</strong></span> <span class='ocrx_word' id='word_1_280' title='bbox 1149 2340 1523 2397; x_wconf 83' lang='lat' dir='ltr'><strong>condolentem</strong></span> <span class='ocrx_word' id='word_1_281' title='bbox 1547 2340 1741 2406; x_wconf 85' lang='lat' dir='ltr'><strong>vobis;</strong></span> 
     </span>
    </p>
   </div>
   <div class='ocr_carea' id='block_1_40' title="bbox 166 2433 1743 2505">
    <p class='ocr_par' dir='ltr' id='par_1_40' title="bbox 166 2433 1743 2505">
     <span class='ocr_line' id='line_1_40' title="bbox 166 2433 1743 2505; baseline -0.003 -14"><span class='ocrx_word' id='word_1_282' title='bbox 166 2435 393 2505; x_wconf 88' lang='lat' dir='ltr'><strong>etquod</strong></span> <span class='ocrx_word' id='word_1_283' title='bbox 429 2434 612 2505; x_wconf 88' lang='lat' dir='ltr'><strong>majus</strong></span> <span class='ocrx_word' id='word_1_284' title='bbox 640 2443 759 2497; x_wconf 85' lang='lat' dir='ltr'><strong>est,</strong></span> <span class='ocrx_word' id='word_1_285' title='bbox 788 2434 1078 2489; x_wconf 89' lang='lat' dir='ltr'><strong>habentem</strong></span> <span class='ocrx_word' id='word_1_286' title='bbox 1119 2447 1311 2488; x_wconf 91' lang='lat' dir='ltr'><strong>omnes</strong></span> <span class='ocrx_word' id='word_1_287' title='bbox 1356 2447 1455 2487; x_wconf 88' lang='lat' dir='ltr'><strong>vos</strong></span> <span class='ocrx_word' id='word_1_288' title='bbox 1498 2433 1553 2487; x_wconf 94' lang='lat' dir='ltr'><strong>in</strong></span> <span class='ocrx_word' id='word_1_289' title='bbox 1584 2447 1743 2487; x_wconf 88' lang='lat' dir='ltr'><strong>men-</strong></span> 
     </span>
    </p>
   </div>
   <div class='ocr_carea' id='block_1_41' title="bbox 166 2522 1746 2599">
    <p class='ocr_par' dir='ltr' id='par_1_41' title="bbox 166 2522 1746 2599">
     <span class='ocr_line' id='line_1_41' title="bbox 166 2522 1746 2599; baseline -0.001 -17"><span class='ocrx_word' id='word_1_290' title='bbox 166 2534 294 2582; x_wconf 82' lang='lat' dir='ltr'><strong>tem.</strong></span> <span class='ocrx_word' id='word_1_291' title='bbox 351 2526 496 2583; x_wconf 91' lang='lat' dir='ltr'><strong>Puto</strong></span> <span class='ocrx_word' id='word_1_292' title='bbox 529 2537 709 2581; x_wconf 89' lang='lat' dir='ltr'><strong>autem</strong></span> <span class='ocrx_word' id='word_1_293' title='bbox 741 2526 865 2599; x_wconf 81' lang='lat' dir='ltr'><strong>jam</strong></span> <span class='ocrx_word' id='word_1_294' title='bbox 909 2525 1163 2595; x_wconf 91' lang='lat' dir='ltr'><strong>deceptos</strong></span> <span class='ocrx_word' id='word_1_295' title='bbox 1214 2524 1284 2579; x_wconf 90' lang='lat' dir='ltr'><strong>ab</strong></span> <span class='ocrx_word' id='word_1_296' title='bbox 1330 2522 1472 2591; x_wconf 89' lang='lat' dir='ltr'><strong>illis,</strong></span> <span class='ocrx_word' id='word_1_297' title='bbox 1501 2524 1746 2580; x_wconf 89' lang='lat' dir='ltr'><strong>videntes</strong></span> 
     </span>
    </p>
   </div>
   <div class='ocr_carea' id='block_1_42' title="bbox 172 2615 1748 2690">
    <p class='ocr_par' dir='ltr' id='par_1_42' title="bbox 172 2615 1748 2690">
     <span class='ocr_line' id='line_1_42' title="bbox 172 2615 1748 2690; baseline -0.002 -16"><span class='ocrx_word' id='word_1_298' title='bbox 172 2619 569 2690; x_wconf 89' lang='lat' dir='ltr'><strong>correptionem</strong></span> <span class='ocrx_word' id='word_1_299' title='bbox 617 2617 820 2673; x_wconf 89' lang='lat' dir='ltr'><strong>factam</strong></span> <span class='ocrx_word' id='word_1_300' title='bbox 865 2632 898 2673; x_wconf 91' lang='lat' dir='ltr'><strong>a</strong></span> <span class='ocrx_word' id='word_1_301' title='bbox 942 2615 1182 2688; x_wconf 87' lang='lat' dir='ltr'><strong>synodo,</strong></span> <span class='ocrx_word' id='word_1_302' title='bbox 1219 2616 1288 2671; x_wconf 90' lang='lat' dir='ltr'><strong>ab</strong></span> <span class='ocrx_word' id='word_1_303' title='bbox 1328 2615 1437 2671; x_wconf 91' lang='lat' dir='ltr'><strong>illis</strong></span> <span class='ocrx_word' id='word_1_304' title='bbox 1470 2616 1664 2679; x_wconf 84' lang='lat' dir='ltr'><strong>averti,</strong></span> <span class='ocrx_word' id='word_1_305' title='bbox 1693 2624 1748 2671; x_wconf 92' lang='lat' dir='ltr'><strong>et</strong></span> 
     </span>
    </p>
   </div>
   <div class='ocr_carea' id='block_1_43' title="bbox 175 2708 1748 2783">
    <p class='ocr_par' dir='ltr' id='par_1_43' title="bbox 175 2708 1748 2783">
     <span class='ocr_line' id='line_1_43' title="bbox 175 2708 1748 2783; baseline 0 -17"><span class='ocrx_word' id='word_1_306' title='bbox 175 2708 281 2783; x_wconf 72' lang='lat'><strong>(92)</strong></span> <span class='ocrx_word' id='word_1_307' title='bbox 310 2727 380 2767; x_wconf 80' lang='lat' dir='ltr'><strong>ex</strong></span> <span class='ocrx_word' id='word_1_308' title='bbox 420 2727 519 2767; x_wconf 90' lang='lat' dir='ltr'><strong>ore</strong></span> <span class='ocrx_word' id='word_1_309' title='bbox 563 2714 804 2782; x_wconf 88' lang='lat' dir='ltr'><strong>ipsorum</strong></span> <span class='ocrx_word' id='word_1_310' title='bbox 848 2710 1200 2780; x_wconf 86' lang='lat' dir='ltr'><strong>impietatem.</strong></span> <span class='ocrx_word' id='word_1_311' title='bbox 1231 2708 1288 2764; x_wconf 89' lang='lat' dir='ltr'><strong>Si</strong></span> <span class='ocrx_word' id='word_1_312' title='bbox 1314 2724 1442 2765; x_wconf 90' lang='lat' dir='ltr'><strong>vero</strong></span> <span class='ocrx_word' id='word_1_313' title='bbox 1469 2719 1591 2781; x_wconf 92' lang='lat' dir='ltr'><strong>post</strong></span> <span class='ocrx_word' id='word_1_314' title='bbox 1629 2710 1748 2766; x_wconf 73' lang='lat' dir='ltr'><strong>haec</strong></span> 
     </span>
    </p>
   </div>
   <div class='ocr_carea' id='block_1_44' title="bbox 173 2801 1745 2871">
    <p class='ocr_par' dir='ltr' id='par_1_44' title="bbox 173 2801 1745 2871">
     <span class='ocr_line' id='line_1_44' title="bbox 173 2801 1745 2871; baseline 0.001 -16"><span class='ocrx_word' id='word_1_315' title='bbox 173 2801 348 2857; x_wconf 81' lang='lat' dir='ltr'><strong>adhuc</strong></span> <span class='ocrx_word' id='word_1_316' title='bbox 381 2818 583 2858; x_wconf 88' lang='lat' dir='ltr'><strong>manus</strong></span> <span class='ocrx_word' id='word_1_317' title='bbox 623 2811 707 2857; x_wconf 89' lang='lat' dir='ltr'><strong>est</strong></span> <span class='ocrx_word' id='word_1_318' title='bbox 745 2816 937 2856; x_wconf 91' lang='lat' dir='ltr'><strong>eorum</strong></span> <span class='ocrx_word' id='word_1_319' title='bbox 965 2801 1200 2869; x_wconf 74' lang='lat' dir='ltr'><strong>excelsa,</strong></span> <span class='ocrx_word' id='word_1_320' title='bbox 1227 2815 1296 2855; x_wconf 88' lang='lat' dir='ltr'><strong>ne</strong></span> <span class='ocrx_word' id='word_1_321' title='bbox 1333 2801 1597 2871; x_wconf 89' lang='lat' dir='ltr'><strong>stupeatis</strong></span> <span class='ocrx_word' id='word_1_322' title='bbox 1624 2814 1745 2866; x_wconf 86' lang='lat' dir='ltr'><strong>vos,</strong></span> 
     </span>
    </p>
   </div>
   <div class='ocr_carea' id='block_1_45' title="bbox 175 2891 1751 2962">
    <p class='ocr_par' dir='ltr' id='par_1_45' title="bbox 175 2891 1751 2962">
     <span class='ocr_line' id='line_1_45' title="bbox 175 2891 1751 2962; baseline 0.002 -18"><span class='ocrx_word' id='word_1_323' title='bbox 175 2906 346 2962; x_wconf 91' lang='lat' dir='ltr'><strong>neque</strong></span> <span class='ocrx_word' id='word_1_324' title='bbox 381 2892 716 2959; x_wconf 85' lang='lat' dir='ltr'><strong>formidetis,</strong></span> <span class='ocrx_word' id='word_1_325' title='bbox 743 2892 790 2947; x_wconf 89' lang='lat' dir='ltr'><strong>si</strong></span> <span class='ocrx_word' id='word_1_326' title='bbox 821 2892 899 2947; x_wconf 91' lang='lat' dir='ltr'><strong>illi</strong></span> <span class='ocrx_word' id='word_1_327' title='bbox 928 2891 1157 2948; x_wconf 63' lang='lat' dir='ltr'><strong>saeviunt</strong></span> <span class='ocrx_word' id='word_1_328' title='bbox 1181 2908 1196 2958; x_wconf 90' lang='lat'><strong>;</strong></span> <span class='ocrx_word' id='word_1_329' title='bbox 1224 2891 1317 2947; x_wconf 89' lang='lat' dir='ltr'><strong>sed</strong></span> <span class='ocrx_word' id='word_1_330' title='bbox 1349 2900 1522 2956; x_wconf 88' lang='lat' dir='ltr'><strong>orate,</strong></span> <span class='ocrx_word' id='word_1_331' title='bbox 1548 2899 1603 2947; x_wconf 90' lang='lat' dir='ltr'><strong>et</strong></span> <span class='ocrx_word' id='word_1_332' title='bbox 1630 2908 1751 2947; x_wconf 89' lang='lat' dir='ltr'><strong>ma-</strong></span> 
     </span>
    </p>
   </div>
   <div class='ocr_carea' id='block_1_46' title="bbox 1839 1879 3410 1953">
    <p class='ocr_par' dir='ltr' id='par_1_46' title="bbox 1839 1879 3410 1953">
     <span class='ocr_line' id='line_1_46' title="bbox 1839 1879 3410 1953; baseline 0.003 -19"><span class='ocrx_word' id='word_1_333' title='bbox 1839 1879 2205 1952; x_wconf 83' lang='lat' dir='ltr'><strong>Minophanti,</strong></span> <span class='ocrx_word' id='word_1_334' title='bbox 2265 1879 2479 1937; x_wconf 87' lang='lat' dir='ltr'><strong>Ursacii</strong></span> <span class='ocrx_word' id='word_1_335' title='bbox 2522 1890 2577 1936; x_wconf 90' lang='lat' dir='ltr'><strong>et</strong></span> <span class='ocrx_word' id='word_1_336' title='bbox 2626 1880 2868 1938; x_wconf 79' lang='lat' dir='ltr'><strong>Valentis</strong></span> <span class='ocrx_word' id='word_1_337' title='bbox 2914 1898 2928 1934; x_wconf 90' lang='lat'><strong>:</strong></span> <span class='ocrx_word' id='word_1_338' title='bbox 2993 1897 3115 1937; x_wconf 88' lang='lat' dir='ltr'><strong>nam</strong></span> <span class='ocrx_word' id='word_1_339' title='bbox 3164 1882 3410 1953; x_wconf 68' lang='lat' dir='ltr'><strong>Gregorii</strong></span> 
     </span>
    </p>
   </div>
   <div class='ocr_carea' id='block_1_47' title="bbox 1840 1972 3411 2044">
    <p class='ocr_par' dir='ltr' id='par_1_47' title="bbox 1840 1972 3411 2044">
     <span class='ocr_line' id='line_1_47' title="bbox 1840 1972 3411 2044; baseline 0.003 -17"><span class='ocrx_word' id='word_1_340' title='bbox 1840 1975 2172 2028; x_wconf 83' lang='lat' dir='ltr'><strong>mentionem</strong></span> <span class='ocrx_word' id='word_1_341' title='bbox 2221 1972 2401 2028; x_wconf 85' lang='lat' dir='ltr'><strong>facere</strong></span> <span class='ocrx_word' id='word_1_342' title='bbox 2451 1973 2781 2041; x_wconf 88' lang='lat' dir='ltr'><strong>noluerunt;</strong></span> <span class='ocrx_word' id='word_1_343' title='bbox 2828 1974 2921 2044; x_wconf 86' lang='lat' dir='ltr'><strong>qui</strong></span> <span class='ocrx_word' id='word_1_344' title='bbox 2983 1975 3126 2029; x_wconf 91' lang='lat' dir='ltr'><strong>enim</strong></span> <span class='ocrx_word' id='word_1_345' title='bbox 3193 1976 3411 2044; x_wconf 84' lang='lat' dir='ltr'><strong>penitus</strong></span> 
     </span>
    </p>
   </div>
   <div class='ocr_carea' id='block_1_48' title="bbox 1839 2064 3415 2137">
    <p class='ocr_par' dir='ltr' id='par_1_48' title="bbox 1839 2064 3415 2137">
     <span class='ocr_line' id='line_1_48' title="bbox 1839 2064 3415 2137; baseline 0.003 -19"><span class='ocrx_word' id='word_1_346' title='bbox 1839 2064 2080 2135; x_wconf 88' lang='lat' dir='ltr'><strong>episcopi</strong></span> <span class='ocrx_word' id='word_1_347' title='bbox 2104 2080 2303 2120; x_wconf 89' lang='lat' dir='ltr'><strong>nomen</strong></span> <span class='ocrx_word' id='word_1_348' title='bbox 2344 2079 2451 2120; x_wconf 92' lang='lat' dir='ltr'><strong>non</strong></span> <span class='ocrx_word' id='word_1_349' title='bbox 2498 2066 2711 2131; x_wconf 88' lang='lat' dir='ltr'><strong>habuit,</strong></span> <span class='ocrx_word' id='word_1_350' title='bbox 2744 2066 2890 2121; x_wconf 89' lang='lat' dir='ltr'><strong>hunc</strong></span> <span class='ocrx_word' id='word_1_351' title='bbox 2914 2067 3196 2121; x_wconf 88' lang='lat' dir='ltr'><strong>nominare</strong></span> <span class='ocrx_word' id='word_1_352' title='bbox 3221 2083 3415 2137; x_wconf 86' lang='lat' dir='ltr'><strong>super-</strong></span> 
     </span>
    </p>
   </div>
   <div class='ocr_carea' id='block_1_49' title="bbox 1840 2154 3412 2228">
    <p class='ocr_par' dir='ltr' id='par_1_49' title="bbox 1840 2154 3412 2228">
     <span class='ocr_line' id='line_1_49' title="bbox 1840 2154 3412 2228; baseline 0 -15"><span class='ocrx_word' id='word_1_353' title='bbox 1840 2156 2010 2214; x_wconf 86' lang='lat' dir='ltr'><strong>ﬂuum</strong></span> <span class='ocrx_word' id='word_1_354' title='bbox 2054 2167 2403 2227; x_wconf 80' lang='lat' dir='ltr'><strong>putaverunt.</strong></span> <span class='ocrx_word' id='word_1_355' title='bbox 2449 2157 2554 2212; x_wconf 83' lang='lat' dir='ltr'><strong>Sed</strong></span> <span class='ocrx_word' id='word_1_356' title='bbox 2583 2166 2763 2213; x_wconf 89' lang='lat' dir='ltr'><strong>tamen</strong></span> <span class='ocrx_word' id='word_1_357' title='bbox 2810 2168 3031 2228; x_wconf 90' lang='lat' dir='ltr'><strong>propter</strong></span> <span class='ocrx_word' id='word_1_358' title='bbox 3061 2154 3313 2228; x_wconf 75' lang='lat' dir='ltr'><strong>deceptos</strong></span> <span class='ocrx_word' id='word_1_359' title='bbox 3341 2158 3412 2213; x_wconf 91' lang='lat' dir='ltr'><strong>ab</strong></span> 
     </span>
    </p>
   </div>
   <div class='ocr_carea' id='block_1_50' title="bbox 1841 2249 3412 2322">
    <p class='ocr_par' dir='ltr' id='par_1_50' title="bbox 1841 2249 3412 2322">
     <span class='ocr_line' id='line_1_50' title="bbox 1841 2249 3412 2322; baseline -0.001 -14"><span class='ocrx_word' id='word_1_360' title='bbox 1841 2267 1907 2308; x_wconf 90' lang='lat' dir='ltr'><strong>eo</strong></span> <span class='ocrx_word' id='word_1_361' title='bbox 1939 2250 2059 2322; x_wconf 85' lang='lat' dir='ltr'><strong>ejus</strong></span> <span class='ocrx_word' id='word_1_362' title='bbox 2086 2251 2324 2308; x_wconf 90' lang='lat' dir='ltr'><strong>nominis</strong></span> <span class='ocrx_word' id='word_1_363' title='bbox 2366 2251 2693 2307; x_wconf 90' lang='lat' dir='ltr'><strong>mentionem</strong></span> <span class='ocrx_word' id='word_1_364' title='bbox 2727 2249 3000 2318; x_wconf 88' lang='lat' dir='ltr'><strong>fecerunt;</strong></span> <span class='ocrx_word' id='word_1_365' title='bbox 3032 2265 3140 2306; x_wconf 90' lang='lat' dir='ltr'><strong>non</strong></span> <span class='ocrx_word' id='word_1_366' title='bbox 3169 2252 3294 2321; x_wconf 87' lang='lat' dir='ltr'><strong>quia</strong></span> <span class='ocrx_word' id='word_1_367' title='bbox 3324 2251 3412 2308; x_wconf 88' lang='lat' dir='ltr'><strong>di-</strong></span> 
     </span>
    </p>
   </div>
   <div class='ocr_carea' id='block_1_51' title="bbox 1843 2342 3415 2419">
    <p class='ocr_par' dir='ltr' id='par_1_51' title="bbox 1843 2342 3415 2419">
     <span class='ocr_line' id='line_1_51' title="bbox 1843 2342 3415 2419; baseline 0.002 -23"><span class='ocrx_word' id='word_1_368' title='bbox 1843 2358 2009 2414; x_wconf 88' lang='lat' dir='ltr'><strong>gnum</strong></span> <span class='ocrx_word' id='word_1_369' title='bbox 2034 2352 2150 2398; x_wconf 88' lang='lat' dir='ltr'><strong>erat</strong></span> <span class='ocrx_word' id='word_1_370' title='bbox 2183 2342 2303 2419; x_wconf 88' lang='lat' dir='ltr'><strong>ejus</strong></span> <span class='ocrx_word' id='word_1_371' title='bbox 2329 2358 2526 2397; x_wconf 89' lang='lat' dir='ltr'><strong>nomen</strong></span> <span class='ocrx_word' id='word_1_372' title='bbox 2566 2358 2889 2407; x_wconf 86' lang='lat' dir='ltr'><strong>memorare,</strong></span> <span class='ocrx_word' id='word_1_373' title='bbox 2920 2343 3014 2398; x_wconf 91' lang='lat' dir='ltr'><strong>sed</strong></span> <span class='ocrx_word' id='word_1_374' title='bbox 3045 2350 3106 2397; x_wconf 91' lang='lat' dir='ltr'><strong>ut</strong></span> <span class='ocrx_word' id='word_1_375' title='bbox 3143 2343 3212 2396; x_wconf 89' lang='lat' dir='ltr'><strong>ab</strong></span> <span class='ocrx_word' id='word_1_376' title='bbox 3237 2358 3302 2399; x_wconf 89' lang='lat' dir='ltr'><strong>eo</strong></span> <span class='ocrx_word' id='word_1_377' title='bbox 3326 2342 3415 2399; x_wconf 85' lang='lat' dir='ltr'><strong>de-</strong></span> 
     </span>
    </p>
   </div>
   <div class='ocr_carea' id='block_1_52' title="bbox 1843 2433 3412 2506">
    <p class='ocr_par' dir='ltr' id='par_1_52' title="bbox 1843 2433 3412 2506">
     <span class='ocr_line' id='line_1_52' title="bbox 1843 2433 3412 2506; baseline 0 -16"><span class='ocrx_word' id='word_1_378' title='bbox 1843 2433 1985 2506; x_wconf 89' lang='lat' dir='ltr'><strong>cepti</strong></span> <span class='ocrx_word' id='word_1_379' title='bbox 2013 2443 2346 2505; x_wconf 79' lang='lat' dir='ltr'><strong>cognoscant</strong></span> <span class='ocrx_word' id='word_1_380' title='bbox 2367 2434 2486 2501; x_wconf 89' lang='lat' dir='ltr'><strong>ejus</strong></span> <span class='ocrx_word' id='word_1_381' title='bbox 2510 2433 2812 2499; x_wconf 82' lang='lat' dir='ltr'><strong>infamiam,</strong></span> <span class='ocrx_word' id='word_1_382' title='bbox 2830 2442 2883 2488; x_wconf 92' lang='lat' dir='ltr'><strong>et</strong></span> <span class='ocrx_word' id='word_1_383' title='bbox 2904 2433 3245 2500; x_wconf 84' lang='lat' dir='ltr'><strong>erubescant,</strong></span> <span class='ocrx_word' id='word_1_384' title='bbox 3268 2434 3412 2505; x_wconf 91' lang='lat' dir='ltr'><strong>quod</strong></span> 
     </span>
    </p>
   </div>
   <div class='ocr_carea' id='block_1_53' title="bbox 1845 2527 3413 2583">
    <p class='ocr_par' dir='ltr' id='par_1_53' title="bbox 1845 2527 3413 2583">
     <span class='ocr_line' id='line_1_53' title="bbox 1845 2527 3413 2583; baseline 0.002 -4"><span class='ocrx_word' id='word_1_385' title='bbox 1845 2527 1938 2579; x_wconf 90' lang='lat' dir='ltr'><strong>tali</strong></span> <span class='ocrx_word' id='word_1_386' title='bbox 1963 2527 2501 2581; x_wconf 85' lang='lat' dir='ltr'><strong>communicaverunt</strong></span> <span class='ocrx_word' id='word_1_387' title='bbox 2539 2566 2555 2583; x_wconf 89' lang='lat'><strong>.</strong></span> <span class='ocrx_word' id='word_1_388' title='bbox 2599 2567 2613 2581; x_wconf 95' lang='lat'><strong>.</strong></span> <span class='ocrx_word' id='word_1_389' title='bbox 2657 2566 2671 2580; x_wconf 94' lang='lat'><strong>.</strong></span> <span class='ocrx_word' id='word_1_390' title='bbox 2718 2566 2733 2580; x_wconf 92' lang='lat'><strong>.</strong></span> <span class='ocrx_word' id='word_1_391' title='bbox 2777 2566 2791 2579; x_wconf 92' lang='lat'><strong>.</strong></span> <span class='ocrx_word' id='word_1_392' title='bbox 2833 2566 2847 2581; x_wconf 94' lang='lat'><strong>.</strong></span> <span class='ocrx_word' id='word_1_393' title='bbox 2874 2536 3050 2580; x_wconf 89' lang='lat' dir='ltr'><strong>tamen</strong></span> <span class='ocrx_word' id='word_1_394' title='bbox 3078 2536 3134 2581; x_wconf 89' lang='lat' dir='ltr'><strong>et</strong></span> <span class='ocrx_word' id='word_1_395' title='bbox 3162 2527 3265 2582; x_wconf 92' lang='lat' dir='ltr'><strong>hoc</strong></span> <span class='ocrx_word' id='word_1_396' title='bbox 3289 2543 3413 2583; x_wconf 91' lang='lat' dir='ltr'><strong>cum</strong></span> 
     </span>
    </p>
   </div>
   <div class='ocr_carea' id='block_1_54' title="bbox 1847 2615 3419 2686">
    <p class='ocr_par' dir='ltr' id='par_1_54' title="bbox 1847 2615 3419 2686">
     <span class='ocr_line' id='line_1_54' title="bbox 1847 2615 3419 2686; baseline 0.003 -15"><span class='ocrx_word' id='word_1_397' title='bbox 1847 2618 1977 2677; x_wconf 84' lang='lat' dir='ltr'><strong>illis.</strong></span> <span class='ocrx_word' id='word_1_398' title='bbox 2006 2615 2314 2673; x_wconf 83' lang='lat' dir='ltr'><strong>incolumes</strong></span> <span class='ocrx_word' id='word_1_399' title='bbox 2340 2634 2437 2673; x_wconf 91' lang='lat' dir='ltr'><strong>vos</strong></span> <span class='ocrx_word' id='word_1_400' title='bbox 2476 2619 2531 2672; x_wconf 94' lang='lat' dir='ltr'><strong>in</strong></span> <span class='ocrx_word' id='word_1_401' title='bbox 2563 2617 2793 2675; x_wconf 89' lang='lat' dir='ltr'><strong>Domino</strong></span> <span class='ocrx_word' id='word_1_402' title='bbox 2825 2633 2945 2684; x_wconf 91' lang='lat' dir='ltr'><strong>oro,</strong></span> <span class='ocrx_word' id='word_1_403' title='bbox 2975 2616 3333 2686; x_wconf 88' lang='lat' dir='ltr'><strong>dilectissimi,</strong></span> <span class='ocrx_word' id='word_1_404' title='bbox 3361 2626 3419 2675; x_wconf 86' lang='lat' dir='ltr'><strong>et</strong></span> 
     </span>
    </p>
   </div>
   <div class='ocr_carea' id='block_1_55' title="bbox 1846 2709 2476 2767">
    <p class='ocr_par' dir='ltr' id='par_1_55' title="bbox 1846 2709 2476 2767">
     <span class='ocr_line' id='line_1_55' title="bbox 1846 2709 2476 2767; baseline 0.002 -3"><span class='ocrx_word' id='word_1_405' title='bbox 1846 2709 2232 2766; x_wconf 87' lang='lat' dir='ltr'><strong>desiderabiles</strong></span> <span class='ocrx_word' id='word_1_406' title='bbox 2260 2709 2476 2767; x_wconf 78' lang='lat' dir='ltr'><strong>fratres.</strong></span> 
     </span>
    </p>
   </div>
   <div class='ocr_carea' id='block_1_56' title="bbox 2593 2821 2681 2877">
    <p class='ocr_par' dir='ltr' id='par_1_56' title="bbox 2593 2821 2681 2877">
     <span class='ocr_line' id='line_1_56' title="bbox 2593 2821 2681 2877; baseline -0.011 0"><span class='ocrx_word' id='word_1_407' title='bbox 2593 2821 2681 2877; x_wconf 76' lang='lat' dir='ltr'><strong>IV.</strong></span> 
     </span>
    </p>
   </div>
   <div class='ocr_carea' id='block_1_57' title="bbox 179 2970 3421 3052">
    <p class='ocr_par' dir='ltr' id='par_1_57' title="bbox 179 2970 3421 3052">
     <span class='ocr_line' id='line_1_57' title="bbox 179 2970 3421 3052; baseline -0 -19"><span class='ocrx_word' id='word_1_408' title='bbox 179 2996 276 3036; x_wconf 89' lang='lat' dir='ltr'><strong>nus</strong></span> <span class='ocrx_word' id='word_1_409' title='bbox 322 2984 388 3038; x_wconf 87' lang='lat' dir='ltr'><strong>ad</strong></span> <span class='ocrx_word' id='word_1_410' title='bbox 440 2982 614 3038; x_wconf 91' lang='lat' dir='ltr'><strong>Deum</strong></span> <span class='ocrx_word' id='word_1_411' title='bbox 657 2983 865 3047; x_wconf 88' lang='lat' dir='ltr'><strong>levate,</strong></span> <span class='ocrx_word' id='word_1_412' title='bbox 912 2990 968 3036; x_wconf 94' lang='lat' dir='ltr'><strong>et</strong></span> <span class='ocrx_word' id='word_1_413' title='bbox 1015 2981 1270 3037; x_wconf 75' lang='lat' dir='ltr'><strong>confidite</strong></span> <span class='ocrx_word' id='word_1_414' title='bbox 1294 3022 1311 3048; x_wconf 92' lang='lat'><strong>,</strong></span> <span class='ocrx_word' id='word_1_415' title='bbox 1341 2982 1601 3052; x_wconf 91' lang='lat' dir='ltr'><strong>quoniam</strong></span> <span class='ocrx_word' id='word_1_416' title='bbox 1634 2998 1745 3038; x_wconf 91' lang='lat' dir='ltr'><strong>non</strong></span> <span class='ocrx_word' id='word_1_417' title='bbox 1773 2970 1817 3029; x_wconf 84' lang='lat' dir='ltr'><strong>C</strong></span> <span class='ocrx_word' id='word_1_418' title='bbox 1853 2979 2096 3043; x_wconf 77' lang='lat' dir='ltr'><strong>Historia</strong></span> <span class='ocrx_word' id='word_1_419' title='bbox 2127 2979 2401 3052; x_wconf 69' lang='lat' dir='ltr'><strong>acephnlu,</strong></span> <span class='ocrx_word' id='word_1_420' title='bbox 2426 2979 2495 3033; x_wconf 86' lang='lat' dir='ltr'><strong>ad</strong></span> <span class='ocrx_word' id='word_1_421' title='bbox 2524 2979 2876 3052; x_wconf 73' lang='lat' dir='ltr'><strong>Athanasium</strong></span> <span class='ocrx_word' id='word_1_422' title='bbox 2899 2978 3227 3049; x_wconf 74' lang='lat' dir='ltr'><strong>potissimum</strong></span> <span class='ocrx_word' id='word_1_423' title='bbox 3251 2992 3313 3031; x_wconf 81' lang='lat' dir='ltr'><strong>ac</strong></span> <span class='ocrx_word' id='word_1_424' title='bbox 3340 2992 3421 3033; x_wconf 74' lang='lat' dir='ltr'><strong>res</strong></span> 
     </span>
    </p>
   </div>
   <div class='ocr_carea' id='block_1_58' title="bbox 178 3071 1747 3143">
    <p class='ocr_par' dir='ltr' id='par_1_58' title="bbox 178 3071 1747 3143">
     <span class='ocr_line' id='line_1_58' title="bbox 178 3071 1747 3143; baseline 0.004 -19"><span class='ocrx_word' id='word_1_425' title='bbox 178 3072 409 3137; x_wconf 77' lang='lat' dir='ltr'><strong>tardabit</strong></span> <span class='ocrx_word' id='word_1_426' title='bbox 438 3073 726 3138; x_wconf 91' lang='lat' dir='ltr'><strong>Dominus,</strong></span> <span class='ocrx_word' id='word_1_427' title='bbox 754 3073 849 3128; x_wconf 89' lang='lat' dir='ltr'><strong>sed</strong></span> <span class='ocrx_word' id='word_1_428' title='bbox 870 3073 1053 3128; x_wconf 88' lang='lat' dir='ltr'><strong>omnia</strong></span> <span class='ocrx_word' id='word_1_429' title='bbox 1076 3073 1232 3129; x_wconf 89' lang='lat' dir='ltr'><strong>vobis</strong></span> <span class='ocrx_word' id='word_1_430' title='bbox 1256 3071 1420 3129; x_wconf 81' lang='lat' dir='ltr'><strong>faciet</strong></span> <span class='ocrx_word' id='word_1_431' title='bbox 1447 3088 1544 3143; x_wconf 89' lang='lat' dir='ltr'><strong>pro</strong></span> <span class='ocrx_word' id='word_1_432' title='bbox 1564 3081 1747 3131; x_wconf 83' lang='lat' dir='ltr'><strong>vestra</strong></span> 
     </span>
    </p>
   </div>
   <div class='ocr_carea' id='block_1_59' title="bbox 177 3162 1745 3238">
    <p class='ocr_par' dir='ltr' id='par_1_59' title="bbox 177 3162 1745 3238">
     <span class='ocr_line' id='line_1_59' title="bbox 177 3162 1745 3238; baseline 0.002 -19"><span class='ocrx_word' id='word_1_433' title='bbox 177 3162 709 3221; x_wconf 75' lang='lat' dir='ltr'><strong>voluntate..Vellem</strong></span> <span class='ocrx_word' id='word_1_434' title='bbox 739 3164 958 3236; x_wconf 90' lang='lat' dir='ltr'><strong>quidem</strong></span> <span class='ocrx_word' id='word_1_435' title='bbox 988 3165 1166 3222; x_wconf 89' lang='lat' dir='ltr'><strong>adhuc</strong></span> <span class='ocrx_word' id='word_1_436' title='bbox 1187 3165 1435 3237; x_wconf 88' lang='lat' dir='ltr'><strong>pluribus</strong></span> <span class='ocrx_word' id='word_1_437' title='bbox 1458 3165 1745 3238; x_wconf 87' lang='lat' dir='ltr'><strong>epistolam</strong></span> 
     </span>
    </p>
   </div>
   <div class='ocr_carea' id='block_1_60' title="bbox 243 3300 1119 3378">
    <p class='ocr_par' dir='ltr' id='par_1_60' title="bbox 243 3300 1119 3378">
     <span class='ocr_line' id='line_1_60' title="bbox 243 3300 1119 3378; baseline 0.005 -18"><span class='ocrx_word' id='word_1_438' title='bbox 243 3300 356 3378; x_wconf 76' lang='lat'><strong>(92)</strong></span> <span class='ocrx_word' id='word_1_439' title='bbox 387 3303 479 3361; x_wconf 77' lang='lat' dir='ltr'><strong>Ea:</strong></span> <span class='ocrx_word' id='word_1_440' title='bbox 507 3322 614 3363; x_wconf 83' lang='lat' dir='ltr'><strong>ore.</strong></span> <span class='ocrx_word' id='word_1_441' title='bbox 638 3304 803 3362; x_wconf 89' lang='lat' dir='ltr'><strong>Forte</strong></span> <span class='ocrx_word' id='word_1_442' title='bbox 825 3307 1119 3364; x_wconf 71' lang='lat' dir='ltr'><strong>exliorrere.</strong></span> 
     </span>
    </p>
   </div>
   <div class='ocr_carea' id='block_1_61' title="bbox 2291 3050 2990 3119">
    <p class='ocr_par' dir='ltr' id='par_1_61' title="bbox 2291 3050 2990 3119">
     <span class='ocr_line' id='line_1_61' title="bbox 2291 3050 2990 3119; baseline 0 -16"><span class='ocrx_word' id='word_1_443' title='bbox 2291 3050 2682 3106; x_wconf 76' lang='lat' dir='ltr'><strong>Alexandrinas</strong></span> <span class='ocrx_word' id='word_1_444' title='bbox 2707 3050 2990 3119; x_wconf 79' lang='lat' dir='ltr'><strong>pertinens.</strong></span> 
     </span>
    </p>
   </div>
   <div class='ocr_carea' id='block_1_62' title="bbox 1926 3124 2977 3234">
    <p class='ocr_par' dir='ltr' id='par_1_62' title="bbox 1926 3124 2977 3234">
     <span class='ocr_line' id='line_1_62' title="bbox 1926 3124 2977 3234; baseline -0.002 -13"><span class='ocrx_word' id='word_1_445' title='bbox 1926 3164 2117 3221; x_wconf 72' lang='lat' dir='ltr'><strong>Exstat</strong></span> <span class='ocrx_word' id='word_1_446' title='bbox 2148 3124 2291 3220; x_wconf 78' lang='lat' dir='ltr'><strong>intra</strong></span> <span class='ocrx_word' id='word_1_447' title='bbox 2320 3163 2486 3234; x_wconf 88' lang='lat' dir='ltr'><strong>hujus</strong></span> <span class='ocrx_word' id='word_1_448' title='bbox 2516 3165 2651 3220; x_wconf 90' lang='lat' dir='ltr'><strong>tomi</strong></span> <span class='ocrx_word' id='word_1_449' title='bbox 2677 3163 2784 3220; x_wconf 90' lang='lat' dir='ltr'><strong>col.</strong></span> <span class='ocrx_word' id='word_1_450' title='bbox 2817 3162 2977 3219; x_wconf 71' lang='lat' dir='ltr'><strong>1M5.</strong></span> 
     </span>
    </p>
   </div>
   <div class='ocr_carea' id='block_1_63' title="bbox 1925 3296 2990 3375">
    <p class='ocr_par' dir='ltr' id='par_1_63' title="bbox 1925 3296 2990 3375">
     <span class='ocr_line' id='line_1_63' title="bbox 1925 3296 2990 3375; baseline -0.009 -15"><span class='ocrx_word' id='word_1_451' title='bbox 1925 3302 2039 3375; x_wconf 78' lang='grc'><strong>(95)</strong></span> <span class='ocrx_word' id='word_1_452' title='bbox 2072 3300 2409 3358; x_wconf 83' lang='lat' dir='ltr'><strong>Obtulerunt.</strong></span> <span class='ocrx_word' id='word_1_453' title='bbox 2448 3297 2613 3365; x_wconf 75' lang='lat' dir='ltr'><strong>Forte</strong></span> <span class='ocrx_word' id='word_1_454' title='bbox 2641 3296 2990 3354; x_wconf 73' lang='lat' dir='ltr'><strong>abstulerunt.</strong></span> 
     </span>
    </p>
   </div>
  </div>
