3794 6226
316 319 454 375 1565
914 326 973 384 8.
1013 326 1388 385 ATHANASII
1428 329 1580 386 OPP.
1631 330 1813 388 PARS
1845 333 1909 388 ll.
1949 364 2021 374 —
2049 333 2416 393 EPISTOLE
2454 337 2990 398 HEORTASTICIE.
3437 347 3588 403 15M

314 441 542 515 Syriaco
579 458 903 512 consonum,
934 447 989 502 in
1023 444 1293 505 Vaticano
1326 451 1515 507 codice
1538 422 1686 507 casu
1727 453 2174 523 conspiciendum
2208 470 2268 509 se
2296 456 2517 522 obtulit,
2547 457 2695 528 quod
2733 457 2962 514 inferius
2983 474 3106 530 pag.
3133 460 3237 518 119
3274 461 3333 516 in
3366 462 3583 520 scholia

311 532 557 588 recitavi.
589 533 769 605 Atque
817 536 906 592 hic
938 537 1151 609 'sponte
1195 540 1446 594 oboritur
1479 542 1726 611 quaedam
1772 544 1840 596 de
1885 543 2172 599 Athanasii
2204 544 2940 602 heortasticarum‘numero
2982 549 3231 618 qutestio.
3264 548 3481 606 Etenim
3507 568 3582 609 ex

311 626 589 683 Chronico
618 630 725 698 (de
756 645 866 699 quo
892 646 1022 687 mox
1050 632 1329 706 dicemus)
1359 644 1572 691 constat
1594 637 1955 707 episcopalem
1985 638 2170 692 sedem
2205 638 2546 696 inscendisse
2576 639 2939 700 Athanasium
2965 631 3091 697 ante
3115 642 3406 698 dimidium
3445 647 3577 700 anni

311 717 437 782 528,
468 720 743 790 rebusque
772 722 1030 779 humanis
1058 727 1362 781 excessisse
1390 728 1493 782 sub
1521 728 1667 782 exitu
1704 728 1833 782 anni
1868 728 1996 794 575,
2029 729 2122 799 qui
2161 736 2290 783 sunt
2334 730 2462 783 anni
2489 729 2578 783 46.
2606 719 2994 785 Verumtamen
3026 732 3094 786 ab
3132 733 3216 789 his
3243 734 3581 789 subtrahen-

311 805 414 859 dus
443 807 652 874 primus
682 818 786 873 est,
809 827 919 881 quo
946 828 1053 868 non
1076 815 1430 884 Athanasius,
1461 819 1555 874 sed
1581 818 1887 872 Alexander
1906 818 2159 873 decessor
2189 818 2500 889 scripserat.
2529 817 2672 889 Ergo
2697 820 2855 874 annis
2880 822 3225 890 episcopatus
3249 822 3321 877 15
3342 837 3576 891 respon-

309 901 402 955 det
429 901 765 959 adamussim
798 923 1062 965 numerus
1101 913 1557 969 heortasticarum
1595 917 1737 984 apud
1766 914 2018 969 Cosmum
2048 923 2407 969 memoratus.
2441 913 2735 985 (Attamen
2773 916 2827 971 in
2854 914 2977 970 Vita
3019 917 3305 972 Athanasii
3338 917 3579 973 Arabico

310 992 512 1062 scripta
557 994 701 1051 circa
732 995 894 1053 ﬁnem
927 999 1183 1054 dicuntur
1220 1001 1342 1071 ejus
1385 1003 1728 1058 heortasticae
1753 1003 1866 1075 47.)
1914 1003 2055 1070 Quin
2087 1005 2222 1059 adeo
2266 1004 2319 1058 in
2361 1004 2634 1060 Chronico
2678 1006 2901 1077 Syriaco
2946 1006 3143 1061 dicitur
3186 1008 3475 1065 confectus
3504 1011 3579 1067 ab

309 1083 613 1145 Athanasio
649 1106 794 1146 anno
822 1091 927 1146 567
961 1092 1148 1150 Canon
1176 1111 1459 1152 sacrarum
1493 1097 1920 1166 Seripturarum,
1946 1100 2039 1169 qui
2073 1114 2263 1169 reapse
2295 1108 2652 1156 conservatus
2688 1109 2793 1165 est,
2827 1117 2892 1157 ex
2920 1104 3149 1173 epistola
3176 1105 3243 1159 50
3272 1115 3573 1177 sumptus;

311 1179 469 1250 isque
500 1181 627 1237 item
655 1200 919 1241 numerus
947 1186 1107 1256 plane
1137 1187 1426 1259 respondet
1469 1188 1827 1243 Athanasiani
1860 1190 2207 1258 episcopatus
2249 1204 2394 1244 anno
2420 1189 2508 1244 59.
2542 1187 2710 1245 Recte
2750 1190 3037 1246 hactenus.
3087 1190 3191 1248 Sed
3225 1194 3361 1263 quid
3393 1195 3573 1250 eidem

308 1271 585 1330 Chronico
618 1280 968 1347 respondeas,
1001 1283 1143 1350 quod
1175 1298 1333 1338 annis
1364 1281 1491 1347 556,
1515 1284 1640 1349 557,
1667 1284 1792 1349 541,
1819 1284 1887 1338 54

1998 1284 2094 1351 L57,
2119 1284 2249 1350 558,
2272 1284 2398 1347 559,
2420 1283 2545 1349 560,
2568 1284 2693 1351 561,
2720 1284 2771 1338 id
2802 1292 2885 1339 est
2913 1300 3108 1339 nevem
3143 1288 3301 1342 annis
3348 1298 3578 1357 praeter-

309 1370 537 1426 missam
570 1373 640 1427 ab
665 1374 967 1429 Athanasio
999 1376 1383 1433 heortasticum
1416 1378 1588 1435 fuisse
1621 1381 1843 1434 narrat?
1873 1379 2002 1434 Mihi
2035 1380 2256 1450 quidem
2284 1380 2543 1451 cogitanti
2584 1379 2659 1433 nil
2682 1379 2827 1433 aliud
2862 1380 3081 1434 interim
3113 1380 3281 1435 menti
3302 1384 3575 1449 occurrit,

309 1479 475 1533 quam
508 1475 567 1521 ut
602 1467 692 1521 illa
723 1468 979 1524 Cbronici
1012 1471 1173 1525 verba
1205 1488 1309 1525 non
1334 1475 1569 1542 scripsit,
1604 1475 1686 1529 vel
1715 1492 1816 1528 non
1848 1475 2015 1541 misit,
2043 1476 2110 1531 de
2140 1476 2357 1545 publica
2388 1485 2598 1529 tantum
2623 1484 2675 1529 ct
2707 1476 2875 1529 libera
2909 1475 3248 1529 heortastica:
3275 1475 3580 1532 diﬂ'usione

309 1553 613 1625 intelligere
640 1557 825 1624 liccat;
858 1560 984 1628 quia
1013 1561 1272 1617 nimirum
1299 1565 1367 1618 ab
1392 1564 1692 1620 Athanasio
1722 1567 1802 1620 vel
1833 1567 1885 1620 in
1911 1565 2052 1638 fuga
2084 1578 2138 1622 et
2166 1568 2379 1634 exsilio,
2405 1568 2490 1620 vel
2515 1567 2570 1621 in
2605 1568 2872 1623 abstrusis
2897 1569 3030 1624 locis
3056 1569 3277 1632 latente,
3306 1569 3580 1625 solemnis

308 1649 541 1719 epistola
571 1652 637 1706 ad
676 1655 934 1723 populum
966 1656 1163 1713 deferri
1197 1662 1374 1730 palam
1404 1663 1713 1732 nequiverit
1743 1682 1756 1717 :
1787 1662 1945 1732 cujus
1974 1663 2052 1718 rei
2079 1664 2299 1727 indicia,
2328 1663 2540 1719 furtiva!
2564 1664 2772 1719 scilicet
2795 1660 3029 1730 epistolii
3063 1660 3291 1729 alicujus
3321 1660 3580 1714 submis-

308 1743 507 1810 sionis,
534 1745 588 1799 in
628 1745 746 1816 ipso
774 1747 1051 1803 Chronico
1081 1758 1226 1804 sunt.
1263 1748 1371 1821 (Et
1405 1751 1623 1819 quidem
1648 1765 1748 1805 nos
1789 1751 1929 1807 hanc
1956 1752 2365 1822 ambiguitatem
2396 1753 2677 1806 innuimus
2708 1751 2761 1805 in
2787 1748 2999 1805 scholio
3054 1762 3177 1816 pag.
3206 1746 3329 1802 116.
3357 1745 3377 1818 )
3410 1747 3581 1803 Certe

306 1835 438 1907 quia
466 1836 585 1892 dies
615 1838 888 1907 paschalis
932 1839 1001 1892 ab
1033 1840 1289 1909 episcopo
1323 1839 1692 1897 Alexandrino
1723 1841 2130 1899 denuntiandns
2161 1843 2456 1913 quotannis
2485 1842 2796 1897 necessario
2828 1850 2946 1895 erat
2986 1847 3101 1893 tum
3124 1837 3399 1911 Egyptiis
3430 1838 3577 1902 suis,

309 1935 427 1983 tum
461 1930 627 1984 etiam
654 1929 904 1985 Romano
931 1929 1194 2000 pontiﬁci,
1221 1945 1454 1999 pronum
1482 1932 1691 1986 creditu
1720 1942 1821 1996 est,
1850 1932 2207 1987 Athanasium
2233 1933 2465 2004 singulis
2490 1933 2714 1989 omnino
2742 1932 2924 1995 annis,
2950 1947 3045 2000 per
3071 1931 3337 2000 privatam
3372 1931 3575 1985 saltem

308 2018 722 2085 heortasticam,
758 2024 843 2075 vel
875 2022 1215 2077 heortasticae
1248 2020 1627 2087 simulacrum,
1663 2037 1729 2075 eo
1770 2021 2143 2091 perfungendo
2171 2022 2383 2076 muneri
2416 2037 2524 2077 non
2563 2022 2822 2077 defuisse.
2850 2022 2961 2079 Nec
2988 2039 3116 2078 vero
3143 2022 3400 2077 Latinum
3435 2023 3579 2077 illud

311 2109 677 2184 fragmentum
712 2114 842 2184 ﬁliis
868 2113 978 2167 suis
1004 2112 1326 2184 inscriptum
1354 2114 1494 2183 apud
1530 2112 1995 2168 Montfauconinm
2026 2116 2157 2169 edit.
2191 2112 2353 2179 Ven.,
2379 2121 2512 2169 tom.
2537 2113 2583 2182 Ι,
2616 2122 2754 2185 part.
2788 2130 2845 2178 ιι,
2870 2130 2989 2185 pag.
3018 2116 3143 2180 772,
3172 2116 3576 2172 heortasticum

312 2219 372 2259 se
394 2204 752 2259 demonstrat.
783 2204 969 2275 Neque
996 2207 1125 2261 item
1160 2221 1317 2260 novm
1348 2206 1453 2260 illm
1478 2204 1758 2260 Athanasii
1777 2206 2019 2275 epistolae
2043 2206 2100 2261 in
2124 2203 2423 2262 Veronensi
2454 2207 2640 2262 codice
2671 2223 2702 2263 a
2738 2209 2993 2280 Scipione
3018 2209 3229 2285 Maﬂ'eio
3261 2209 3456 2266 Latine
3486 2211 3579 2265 in~

311 2291 505 2363 ventae,
538 2299 604 2354 ad
632 2299 1019 2355 heortasticum
1051 2314 1223 2370 genus
1248 2299 1515 2354 ullatenus
1540 2298 1829 2367 pertinent.

990 2453 1058 2492 DE
1094 2452 1360 2493 CIBONICO
1400 2451 1684 2491 TEIPORUII
1722 2451 1795 2489 ΕΤ
1832 2451 1890 2489 BE

1998 2449 2320 2491 l'AS'l'lCARDl
2358 2450 2547 2492 BANCT!
2584 2453 2893 2493 ΑτιίΔΝΑειι.

383 2579 446 2632 V.
485 2576 604 2633 Non
644 2578 811 2634 semel
838 2577 949 2647 jam
978 2575 1405 2631 memoravimus
1436 2574 1722 2646 Syriacum
1756 2573 2065 2630 Chronicon
2092 2572 2481 2630 Athanasianis
2504 2574 2849 2631 heortastieis
2884 2576 3142 2646 praeclaro
3174 2576 3405 2633 consilio
3427 2592 3578 2647 prae-

307 2667 572 2737 positum,
603 2668 749 2737 quod
782 2668 1099 2722 universum
1131 2667 1482 2735 episcopatus
1507 2664 1627 2734 ejus
1651 2673 1866 2734 tempus
1887 2664 2301 2733 complectitur;
2332 2680 2443 2736 quo
2471 2673 2617 2720 certe
2651 2666 2979 2721 documento
3013 2666 3355 2721 incommode
3389 2666 3577 2720 caruit

310 2764 359 2818 is
395 2764 490 2833 qui
524 2764 590 2818 de
620 2763 834 2817 ratione
878 2771 1182 2830 temporum
1214 2758 1713 2813 Athanasianorum
1747 2758 2008 2813 disseruit
2032 2757 2407 2827 Mamacbius;
2444 2760 2573 2815 item
2605 2758 2963 2816 Fontaninius
3003 2760 3082 2815 De
3119 2778 3255 2814 anno
3281 2759 3574 2815 emortuali

309 2860 483 2916 sancti
513 2858 816 2917 Athanasii.
845 2857 1049 2926 aliique
1077 2853 1356 2909 annalium
1388 2861 1658 2907 auctores.
1684 2849 2143 2908 Pretiosissimum
2172 2853 2354 2909 hercle
2390 2854 2676 2925 scriptum,
2708 2857 2799 2911 ubi
2826 2867 3022 2928 praeter
3053 2858 3195 2913 diem
3229 2858 3572 2928 paschalem,

310 2950 406 3019 qui
437 2958 521 3003 est
552 2947 810 3002 Chronici
832 2946 1129 3017 primarius
1155 2958 1376 3012 scepus,
1406 2958 1515 2997 atra
1539 2941 1879 3006 Diocletiani,
1910 2941 1962 2997 id
1992 2951 2075 2997 est
2105 2950 2321 3012 tempus
2353 2944 2594 3013 suscepti
2624 2944 2696 3000 ab
2714 2959 2779 2999 eo
2811 2946 3026 3015 imperii
3054 2945 3151 3017 (a),
3177 2946 3433 3000 consules
3457 2944 3578 2999 Ro—
3632 3016 3642 3021 δ

311 3057 621 3105 manorum,
653 3039 872 3111 [Egypti
906 3037 1171 3110 przefecti,
1201 3038 1402 3108 singuli
1430 3038 1588 3099 lunae,
1617 3037 1671 3091 id
1697 3050 1781 3092 est
1807 3038 2077 3093 mensium
2106 3038 2224 3093 dies
2270 3037 2568 3110 (namque,
2594 3048 2656 3096 ut
2687 3042 2766 3096 ait
2794 3041 3119 3097 Ambrosius
3145 3042 3200 3095 in
3230 3043 3326 3096 cit.
3360 3057 3448 3111 ep.
3473 3040 3573 3110 25,

311 3134 580 3189 naturalis
610 3150 746 3189 usus
779 3133 1061 3188 nationum
1094 3132 1280 3185 lunam
1320 3144 1421 3199 pro
1449 3130 1639 3185 diebus
1671 3130 1967 3202 appellat),
1995 3129 2351 3187 hebdomadas
2381 3146 2602 3201 quoque
2631 3133 2734 3189 sub
2761 3134 3040 3189 consuetis
3068 3132 3295 3186 deorum
3322 3132 3574 3186 nomini-

311 3227 417 3281 bus
447 3226 583 3292 dies,
616 3227 963 3289 indictiones,
987 3232 1209 3295 epaetae,
1236 3230 1290 3277 et
1319 3221 1623 3293 Egyptiaci
1648 3222 1853 3278 mensis
1885 3224 1954 3278 ad
1985 3221 2291 3278 Romanum
2314 3224 2582 3289 reductio,
2607 3239 2871 3295 perquam
2898 3232 3153 3279 accurate
3182 3223 3520 3278 adnotantur
3554 3243 3570 3278 :

312 3318 426 3373 imo
452 3317 711 3388 praecipui
739 3317 902 3372 etiam
935 3317 1220 3373 Athanasii
1246 3326 1420 3383 actus,
1458 3325 1514 3370 et
1540 3316 1871 3386 scriptarum
1911 3317 2366 3373 heortasticarum
2400 3319 2604 3374 mentio
2649 3319 2999 3374 admiscetur.
3027 3316 3143 3373 Hoc
3171 3334 3302 3387 ergo
3336 3317 3578 3373 Chroni-

315 3422 441 3471 con,
465 3409 779 3478 quicunque
808 3408 861 3462 in
886 3408 1102 3463 illorum
1128 3416 1435 3476 temporum
1462 3405 1626 3460 rebus
1650 3405 1860 3460 versari
1888 3407 2091 3473 volent,
2125 3408 2244 3460 sine
2270 3406 2437 3460 dubio
2465 3407 2772 3462 consulent.
2804 3406 2958 3474 Quod
2998 3418 3057 3462 ut
3080 3408 3327 3462 videatur
3353 3409 3571 3474 utilius,

314 3502 768 3559 heortasticarum
800 3504 934 3559 calci
968 3519 1067 3557 nos
1101 3502 1247 3557 aliud
1277 3500 1657 3556 subtexuimus
1682 3499 1935 3556 Latinum
1967 3500 2280 3556 Chronicon
2312 3518 2466 3572 atque
2498 3502 2956 3568 Athanasianum,
2986 3502 3090 3559 sub
3116 3502 3419 3573 Theophilo
3451 3504 3575 3574 epi-

317 3617 482 3672 scopo
515 3602 802 3670 scriptum,
830 3610 884 3655 et
914 3615 942 3651 a
974 3598 1229 3669 Scipione
1262 3597 1473 3653 Maiieio
1501 3612 1567 3651 ex
1598 3605 1910 3664 pervetusto
1938 3596 2166 3651 Verome
2188 3598 2374 3653 codice
2400 3598 2718 3654 excitatum.
2985 3609 2987 3611 ‘

384 3895 464 3965 (α)
493 3893 625 3949 Era
645 3891 1175 3973 lliocl'ctianidicitur
1189 3888 1694 3973 etiamMartyrum,
1725 3903 1894 3970 quan-
1920 3913 1961 3967 Α
1994 3890 2102 3971 suis
2128 3888 2479 3973 gauderetnet
2504 3889 2727 3972 gloriose
2758 3889 2968 3970 viveret.
2990 3888 3240 3973 Proinde.
3259 3891 3385 3960 quia
3413 3907 3570 3945 nemo

317 3960 482 4035 quam
522 3964 851 4035 persecutio
890 3962 1107 4017 nonnisi
1157 3976 1301 4035 anno
1351 3960 1532 4035 ipsius
1572 3960 1890 4029 imperantis

318 4030 487 4104 itx-(
509 4030 710 4089 Christi
749 4032 896 4101 505)
939 4041 1222 4104 commota
1246 4030 1458 4104 fuerit._
1494 4030 1748 4104 (Imperat
1791 4045 1890 4084 au-

317 4114 427 4162 tem
462 4100 730 4173 imperare
758 4100 901 4158 anno
928 4100 1129 4173 Christi
1162 4100 1287 4173 20:4,
1317 4101 1463 4173 quod
1491 4101 1888 4173 estvnsitatum,

317 4186 381 4230 ut
420 4169 557 4233 diin
588 4174 735 4228 illius
772 4188 895 4227 atrae
934 4171 1173 4228 initium.
1203 4169 1352 4225 Mihi
1379 4172 1433 4226 in
1487 4171 1672 4225 codice
1696 4169 1890 4223 Latino

319 4243 444 4301 Vat.
467 4244 625 4306 H95,
658 4245 695 4297 f.
719 4242 847 4307 206,
864 4242 997 4298 satis
1023 4243 1202 4311 prisco
1226 4251 1281 4295 et
1308 4257 1518 4311 magnae
1546 4241 1704 4311 molis
1727 4239 1892 4307 (unde

317 4317 481 4373 etiam
529 4315 859 4384 poematium
911 4311 978 4366 de
1026 4310 1128 4365 SS.
1163 4311 1584 4384 Constantiact
1611 4310 1892 4384 Gallicano

320 4380 570 4453 sumpsi)
613 4385 666 4438 in
702 4384 928 4453 prologo
968 4383 1212 4453 martyrii
1240 4380 1296 4436 S.
1327 4380 1894 4453 Georgiioecurrebat

319 4448 637 4511 Diocletiani
665 4448 900 4510 edictum
930 4448 1202 4520 quoddam
1233 4461 1419 4507 contra
1435 4448 1799 4510 Christianos.
1825 4448 1893 4503 ab

320 4542 387 4583 eo
411 4528 684 4580 diversum
730 4523 873 4593 quod
923 4522 1229 4593 Pasicrates
1273 4523 1463 4577 recitat
1495 4522 1549 4593 in
1581 4521 1731 4574 Actis
1755 4520 1895 4593 ejus-

319 4599 444 4653 dem
497 4596 555 4650 S.
591 4589 809 4665 Georgii
856 4593 998 4665 apud
1048 4592 1292 4665 Surium,
1323 4602 1459 4647 tom.
1497 4591 1565 4665 ll,
1609 4606 1731 4665 pag.
1763 4589 1889 4665 905.

317 4666 584 4722 Neutrum
628 4660 861 4719 fortasse
893 4660 1027 4717 Satis
1057 4663 1353 4734 genuinum
1381 4672 1465 4717 est
1498 4662 1634 4730 (etsi
1664 4661 1765 4734 tria
1788 4660 1897 4734 sal-

321 4747 430 4793 tem
476 4735 793 4791 Diocletiani
825 4735 1000 4789 edicta
1024 4730 1092 4788 de
1121 4748 1185 4787 ea
1215 4734 1592 4803 persecutione
1619 4730 1896 4803 exstitisse

323 4808 609 4876 scimus);
640 4806 747 4860 hoc
781 4814 962 4876 autem
1008 4801 1259 4876 nostrum
1309 4818 1500 4876 parum
1536 4818 1593 4856 se
1618 4801 1895 4876 locutione

323 4894 423 4935 sua
452 4870 684 4947 aliisque
739 4875 942 4947 criticis
978 4874 1119 4929 notis
1151 4870 1514 4947 commendat,
1535 4882 1589 4925 et
1615 4872 1681 4925 de
1706 4870 1895 4947 Graeco

323 4957 469 5006 certe
498 4941 802 5002 derivatum
831 4945 1077 5011 videtur;
1127 4942 1259 4997 nihil
1288 4951 1469 4996 tamen
1501 4950 1655 5011 vetat
1676 4941 1893 5010 quomi-

325 5036 431 5077 nus
458 5018 547 5073 hic
578 5018 752 5071 obiter
778 5016 1040 5069 recitetur
1063 5009 1089 5068 ἐ
1124 5012 1485 5068 Diocletianus
1520 5021 1571 5065 et
1605 5009 1896 5064 Maximia-

324 5107 423 5146 nus
446 5087 627 5143 divina
646 5086 975 5157 prouidentia
996 5083 1254 5157 Caesares,
1273 5083 1512 5157 omnibus
1537 5080 1893 5157 magnatibus,

325 5150 656 5219 consuﬁbus,
676 5156 960 5227 praefectis,
990 5166 1143 5226 atque
1167 5154 1411 5217 tribunis,
1436 5150 1774 5220 omnibusque
1791 5166 1896 5273 £0-

325 5231 466 5273 nulix
493 5237 686 5273 nnslrm
717 5227 915 5273 dicioni
947 5227 1260 5273 faventibus-
1285 5232 1403 5273 rota
1434 5223 1646 5273 salutis.
1697 5249 1748 5258 —
1835 5236 1893 5272 a-

324 5231 466 5300 pulis
493 5223 686 5283 nostrai
717 5223 915 5300 dicioni
945 5223 1261 5300 faventibus,
1285 5232 1413 5300 tota
1434 5223 1646 5300 salutis.
1670 5249 1748 5299 _—
1793 5223 1893 5273 Sa-

325 5292 607 5370 qacissimo
628 5292 1060 5370 vestroingenio,
1081 5313 1143 5349 ac
1170 5311 1297 5370 pene
1320 5292 1638 5370 to_ti_ntund_o
1653 5292 1770 5370 iam
1800 5305 1895 5343 no-

328 5362 440 5423 ium
473 5380 570 5431 est,
603 5369 758 5440 quod
785 5362 975 5422 divina
1012 5362 1301 5440 clementia
1332 5362 1608 5440 altithroni
1640 5362 1787 5440 {ovis
1831 5375 1893 5412 ac

325 5441 492 5495 sacris
535 5431 835 5493 numinibus
884 5436 1282 5506 complacuisset
1338 5434 1392 5506 in
1433 5442 1542 5506 toto
1576 5431 1697 5506 urbe
1728 5440 1897 5506 terra-

326 5526 448 5564 rum
490 5509 783 5563 Romanum
819 5500 1096 5577 imperium.
1133 5505 1472 5577 peculiariter
1506 5503 1693 5577 habere
1725 5500 1895 5553 culto-

329 5596 461 5635 rem.
496 5578 613 5632 Hac
661 5596 757 5647 pro
792 5595 866 5643 re,
894 5572 959 5631 de
996 5572 1161 5647 parva
1190 5585 1339 5646 gente
1387 5573 1457 5628 ad
1503 5572 1709 5627 culmen
1740 5579 1903 5647 tanta

330 5650 607 5720 dignitatis
642 5640 776 5720 illud
793 5640 1030 5720 exaltare
1056 5640 1435 5720 dignatisunt,
1456 5653 1517 5720 ut
1541 5640 1904 5720 monarchiam

332 5710 595 5789 relineret,
637 5718 977 5785 omnibusque
998 5710 1165 5785 regnis
1200 5712 1514 5785 subjugatis,
1546 5710 1760 5781 paciﬁca
1784 5724 1902 5764 cum

1990 3961 2064 4013 eis
2098 3962 2210 4012 sine
2233 3962 2450 4029 prmmio
2480 3963 2656 4022 servit,
2686 3960 3040 4028 praecipimus,
3063 3961 3367 4020 suademus.
3393 3977 3571 4014 mone-

1991 4046 2129 4094 mus,
2152 4038 2209 4083 ut
2240 4040 2434 4098 quanto
2461 4032 2628 4098 magis
2657 4046 2742 4083 eos
2766 4029 3081 4098 propitiatus
3102 4029 3289 4085 habere
3317 4033 3573 4098 concupi-

1993 4106 2083 4162 tis,
2124 4108 2272 4153 tanto
2316 4100 2485 4169 magis
2518 4117 2625 4153 una
2660 4099 2941 4170 nobiscum
2980 4100 3122 4153 omni
3156 4100 3297 4155 nisu.
3322 4102 3571 4170 omnique

1992 4170 2264 4223 conamine
2290 4171 2474 4223 mentis
2500 4185 2595 4237 pro
2627 4169 2842 4222 illorum
2869 4170 3268 4238 honoriﬁcentia
3296 4169 3527 4238 uigiletis
3550 4188 3570 4224 :

1991 4241 2319 4308 maximeque
2350 4240 2697 4308 nefandorum
2720 4239 3158 4293 Christicolarum
3189 4241 3453 4294 culturam
3478 4257 3573 4293 sa-

1993 4310 2191 4379 gaciter
2227 4311 2589 4376 exstirpanda,
2619 4310 2710 4379 qui
2735 4323 2783 4362 et
2826 4308 3005 4377 palam
3044 4327 3130 4363 eos
3167 4312 3432 4379 infamare
3462 4326 3572 4365 non

1993 4389 2249 4446 metuunt,
2273 4390 2318 4433 et
2342 4379 2813 4450 alium‘qnemdam
2850 4380 3163 4449 cruciﬁxum
3188 4391 3245 4434 ut
3286 4383 3443 4435 deum
3479 4397 3571 4435 re-

1994 4450 2170 4502 nerari
2218 4451 2476 4503 nituntur.
2499 4445 2708 4502 Idcirco
2748 4465 2840 4518 per
2888 4445 3291 4518 Itoc'imperiale
3338 4452 3571 4504 edictam

1993 4523 2280 4585 sancimus,
2311 4530 2366 4572 ut
2394 4520 2686 4590 ubicunque
2710 4520 2900 4589 reperti
2929 4520 3147 4588 fuerint,
3179 4530 3377 4575 remota
3424 4520 3571 4574 omni

1994 4591 2288 4661 occasione,
2308 4591 2418 4661 sine
2446 4589 2626 4661 aliqua
2647 4591 3000 4646 miseratione.
3021 4593 3324 4658 sacriﬁcare
3349 4590 3572 4659 compel-

1994 4659 2175 4713 lantur
2209 4675 2227 4712 :
2262 4660 2499 4729 alipquin
2534 4659 2885 4715 atrocissimis
2943 4662 3225 4713 tradantur
3278 4662 3464 4730 poenis,
3519 4669 3568 4714 et

1993 4731 2330 4799 ﬂanimarum
2355 4731 2798 4784 combustionibus
2819 4741 3132 4785 exuruntur.
3160 4731 3434 4785 Hactenus
3460 4731 3571 4785 edi-

1995 4810 2163 4854 ctum.
2195 4800 2463 4855 Caaterum
2493 4816 2657 4869 quam
2688 4802 2917 4864 tumida,
2951 4816 3114 4869 quam
3143 4803 3373 4855 verbosa
3405 4810 3572 4868 atque

1995 4871 2239 4924 involuta
2285 4880 2339 4925 et
2371 4872 2657 4939 plusquam
2692 4870 2930 4924 Asiatica
2978 4870 3296 4925 Diocletiani
3335 4872 3571 4925 scrinio-

1996 4955 2118 4993 rum
2152 4941 2354 4994 locutio
2385 4940 2568 5001 fuerit,
2604 4951 2804 5010 quanta
2835 4941 2954 5008 ejus
2981 4941 3046 4994 de
3069 4940 3315 4995 Romana
3347 4941 3567 4995 fortuna

1998 5011 2333 5080 imperioque
2353 5010 2575 5079 proprio
2605 5011 3089 5079 magniloquentia,
3114 5019 3319 5080 quanta
3347 5012 3567 5064 demum

1998 5079 2272 5151 hypocrisi
2305 5096 2460 5135 suam
2493 5096 2618 5150 erga
2664 5082 2795 5136 deos
2836 5081 3088 5148 pietatem
3135 5079 3344 5151 impius
3371 5081 3463 5133 hic
3482 5080 3569 5146 ja-

1997 5160 2145 5203 ctare
2167 5150 2383 5215 soleret,
2401 5151 2524 5205 licet
2545 5152 2788 5219 apprime
2812 5165 3142 5219 cognoscere
3162 5150 3354 5219 inejus
3371 5164 3569 5219 magno

1996 5227 2051 5274 et
2082 5220 2303 5289 indubio
2322 5219 2396 5274 De
2421 5222 2601 5288 pretiis
2622 5219 2883 5275 venalium
2904 5236 3077 5273 rerum
3095 5221 3294 5283 edicto,
3318 5220 3402 5274 ve!
3426 5220 3568 5289 apud

1998 5304 2110 5343 nos-
2134 5287 2328 5357 Script.
2365 5287 2487 5353 νει,
2522 5298 2655 5343 tom.
2687 5289 2749 5352 V,
2790 5299 2930 5357 part.
2963 5303 3002 5352 1,
3035 5305 3157 5359 pag.
3185 5289 3292 5344 296
3320 5287 3569 5358 seq.,'vel

1999 5360 2141 5415 apud
2170 5360 2305 5415 alios
2331 5361 2586 5415 editores.
2627 5358 2728 5414 Ubi
2754 5359 2921 5413 etiam
2949 5358 3205 5414 observes
3237 5361 3399 5415 velim
3441 5358 3568 5413 Dio-

2001 5429 2313 5499 cletianum,
2344 5445 2655 5499 quanquam
2685 5430 3013 5499 Augustum,
3046 5429 3152 5484 dici
3207 5430 3319 5484 illic
3366 5430 3568 5483 nihilo-

2002 5499 2184 5554 minus
2212 5496 2590 5563 Cazsarem,'ut
2621 5500 2672 5553 in
2701 5496 2807 5553 hoc
2835 5496 3093 5554 Vaticano
3135 5499 3337 5555 edicto.
3367 5499 3568 5553 Ibidem

1998 5577 2180 5623 tamen
2226 5570 2279 5623 in
2332 5579 2567 5639 quatuor
2602 5569 2988 5639 imperatorum
3038 5568 3212 5623 titulis
3259 5578 3388 5624 ante
3440 5566 3568 5622 illud

2000 5654 2196 5694 Αιωεκ.
2232 5639 2315 5693 vel
2346 5638 2597 5695 ABIEIIC.
2631 5638 2940 5696 addendum
2973 5648 3054 5695 est
3078 5653 3287 5696 CARPIC.
3329 5654 3489 5708 ιιι,
3515 5644 3568 5693 ut

1998 5718 2185 5778 postea
2207 5710 2511 5767 didicimus.
