3794 6226
1537 291 1923 348 ΡΒΛΕἘΑΤΙΟ.

1188 418 1669 468 BEORTASTICARUM
1712 426 1898 467 SANCTI
1938 425 2225 464 Ατωκλειι
2267 424 2452 465 ωηο.

183 302 316 361 1548
1198 320 1205 329 ο
1537 291 1923 348 ΡΒΛΕἘΑΤΙΟ.
3308 290 3448 344 1516

249 528 336 583 Vl.
375 526 500 582 Jam
537 539 596 585 ut
619 528 830 600 aliquid
865 530 930 584 de
956 537 1151 584 natura
1178 543 1399 599 quoque
1422 537 1477 582 et
1499 529 1694 583 merito
1722 527 2080 596 epistolarum
2116 526 2311 580 harum
2342 525 2615 589 dicamus,
2645 524 2820 595 prima
2849 532 2903 579 et
2932 522 3172 579 maxima
3200 520 3442 589 ipsarum

183 630 580 689 commendatio
606 638 707 696 est,
737 627 981 684 auctoris
1013 639 1252 694 nomen;
1287 640 1526 697 namque
1558 626 1918 690 Athanasius,
1954 626 2008 679 vi
2031 626 2194 680 etiam
2226 625 2608 697 etymologica,
2640 637 2890 678 casurum
2914 619 3062 675 nullo
3093 628 3322 686 tempore
3349 625 3445 667 no-

181 748 298 789 men
316 726 704 789 hahet.llunc,
737 724 985 793 inquam,
1013 728 1126 776 tota
1167 721 1467 792 antiquitas
1493 736 1592 775 ceu
1625 721 2000 777 firmissimum
2031 720 2168 776 recti
2198 719 2472 790 dogmatis
2507 718 2757 775 columen
2799 714 3155 783 veritatisque
3196 709 3440 780 regulam

184 825 423 896 suspexit
451 838 521 878 ac
548 818 882 893 praedicavit.
910 814 1122 872 Etenim
1157 814 1544 871 Alexandrinae
1578 806 1858 882 Ecclesiae,
1887 823 2012 884 post
2055 812 2223 869 Marci
2250 812 2639 882 apostolatum,
2672 825 2769 866 sex
2798 808 2968 864 ferme
3002 806 3226 860 fuerunt
3257 803 3443 873 splen-

183 918 388 974 didiora
414 917 628 972 lumina
653 932 668 970 :
692 911 984 983 Dionysius
1010 909 1378 976 confessione,
1394 910 1674 966 laboribus
1698 917 1753 964 et
1779 909 1999 979 scriptis
2027 908 2349 978 celeber(a),
2368 905 2560 961 Petrus
2590 905 2826 975 inclytus
2855 909 3064 972 martyr
3084 898 3182 969 (b),
3205 897 3441 952 Alexan-

183 1013 273 1068 der
300 1012 414 1068 Arii
443 1012 658 1083 primus
697 1008 998 1065 debellator
1029 1006 1165 1061 etin
1198 1004 1419 1061 Nicaeae
1452 1005 1689 1062 concilio
1711 1019 1878 1074 prope
1908 1003 2263 1074 coryphaeus;
2298 1000 2632 1056 Athanasius
2662 1006 2869 1058 noster,
2910 990 3245 1058 Theophilus
3274 994 3440 1083 atque

183 1105 413 1177 (iyrillus
443 1081 542 1177 lc).
575 1103 722 1159 Inter
745 1103 847 1158 hos
868 1110 1054 1158 tamen
1084 1102 1404 1172 apostolicis
1431 1111 1581 1157 certe
1610 1100 1929 1167 virtutibus,
1960 1099 2160 1153 invicta
2190 1097 2451 1167 patientia
2480 1103 2534 1151 et
2562 1093 2888 1153 constantia,
2910 1096 3105 1159 praeter
3131 1081 3438 1139 adamanti-

184 1214 303 1256 nam
333 1200 603 1255 doctrina:
630 1198 911 1253 catholicae
941 1197 1276 1264 ﬁrmitatem,
1296 1198 1549 1267 princeps
1572 1195 1962 1266 propemodum
1988 1192 2321 1248 Athanasius
2341 1191 2586 1246 emicans
2605 1186 2836 1257 implevit
2857 1182 3059 1236 meritis
3082 1178 3209 1233 solis
3227 1186 3438 1267 utram-

185 1304 277 1359 que
301 1287 540 1342 domum.
568 1285 662 1342 Hae
684 1287 1014 1358 catteroquin
1048 1262 1427 1357 epistolae—non
1454 1262 1907 1361 tam'the‘ologica:
1926 1284 2198 1354 pleraeque
2218 1289 2345 1337 sunt
2374 1295 2539 1350 quam
2572 1277 2806 1333 murales
2827 1288 2891 1327 ac
2918 1269 3223 1341 populares.
3248 1262 3437 1331 Qua“-

184 1398 342 1454 quam
376 1384 528 1437 enim
564 1398 675 1437 non
723 1382 921 1437 desunt
957 1382 1305 1447 Arianorum,
1335 1380 1781 1444 Manichaeorum,
1816 1378 2163 1448 aliorumque
2193 1375 2599 1436 haereticorum,
2628 1386 2725 1426 seu
2769 1368 3109 1421 diversarum
3133 1366 3434 1454 sectarum,

185 1450 371 1544 graves
399 1474 853 1544 reprehensiones
879 1486 943 1528 ac
968 1469 1347 1539 refutationes,
1378 1471 1555 1540 major
1581 1479 1762 1524 tamen
1795 1468 2237 1523 adhortationum
2273 1480 2402 1535 pars
2426 1465 2479 1519 in
2513 1459 2772 1518 sanandis
2804 1456 2977 1519 vitiis,
3015 1450 3307 1508 suadendis
3326 1450 3437 1544 vir-

185 1543 407 1630 tutibus,
444 1543 805 1634 moribusque
832 1560 1137 1618 formandis
1165 1562 1510 1617 consumitur
1545 1579 1560 1616 :
1596 1575 1719 1629 quae
1745 1574 1835 1614 res
1868 1557 2110 1627 loquenti
2141 1557 2468 1612 scribentive
2495 1556 2559 1608 ad
2591 1555 2852 1623 populum
2890 1549 3165 1621 praecipue
3195 1543 3435 1598 curanda

185 1665 313 1712 erat.
346 1655 493 1725 Ergo
529 1657 736 1726 passim
783 1656 853 1711 ab
899 1654 1200 1709 Athanasio
1228 1654 1531 1708 inculcetur
1559 1652 1845 1707 catholicae
1890 1650 2015 1706 ﬁdei
2047 1649 2333 1713 tenacitas,
2368 1662 2647 1702 sacrarum
2680 1645 3085 1714 Scripturarum
3135 1636 3432 1701 tneditatio,

185 1751 444 1806 orationis
477 1751 545 1805 ad
573 1749 744 1806 Deum
776 1749 1038 1815 studium,
1068 1750 1399 1821 agendarum
1430 1750 1479 1803 ei
1507 1749 1805 1819 gratiarum
1828 1755 2150 1816 perpetuum
2184 1745 2440 1808 oliicium,
2472 1755 2654 1813 atque,
2688 1749 2750 1795 ut
2772 1739 2887 1794 vult
2915 1735 3177 1804 Origenes
3213 1731 3287 1784 lie
3311 1745 3435 1821 ora-

187 1841 317 1894 tione
360 1840 493 1894 edit.
532 1838 705 1906 Ruaei,
735 1848 865 1894 tom.
898 1837 936 1902 l,
971 1818 1226 1909 pag.v27i
1259 1837 1416 1895 εἘπὶ
1451 1818 1605 1903 πᾶσι,
1638 1838 1736 1906 τὴν

1846 1837 1939 1907 χὴν
1985 1837 2067 1900 εἰς
2111 1834 2419 1904 δοξολογίαν
2458 1832 2593 1887 Θεοῦ
2624 1833 2711 1886 διὰ
2741 1826 2978 1901 Χριστοῦ
3008 1828 3066 1880 ὲν
3096 1823 3235 1893 ἁγίῳ
3263 1818 3434 1874 Πνεύ-

189 1946 310 1999 ματι
342 1930 730 1985 καταπαῦσαι·
767 1933 964 1988 animae
993 1934 1217 2005 insuper
1242 1949 1341 2005 per
1374 1932 1775 1989 confessionem
1805 1930 2079 2002 purgatio,
2112 1931 2357 2000 corporis
2389 1937 2443 1984 et
2468 1927 2749 1998 sanguinis
2783 1922 2996 1979 Domini
3028 1920 3191 1990 digna
3217 1914 3433 1986 partici—

186 2022 347 2093 patio,
376 2031 569 2076 mutua
601 2022 858 2089 charitas,
891 2026 1194 2081 carnalium
1228 2026 1626 2082 desideriorum
1674 2024 1988 2090 exstinctio,
2021 2022 2360 2093 voluptatum
2414 2019 2562 2091 fuga,
2607 2034 2678 2074 ne
2726 2015 2977 2073 videlicet
3023 2010 3214 2067 mundi
3261 2007 3429 2077 hujus

186 2119 302 2173 tabe
332 2119 553 2172 animus
582 2129 1002 2189 eomputrescat,
1035 2122 1129 2179 sed
1154 2124 1222 2178 ad
1253 2124 1554 2179 caelestium
1588 2136 1770 2177 rerum
1806 2121 2104 2191 appetitum
2134 2126 2387 2189 assurgat
2421 2133 2436 2172 :
2469 2129 2703 2186 namque
2735 2112 2929 2168 animm
2949 2124 3136 2171 causa,
3163 2120 3273 2161 non
3303 2117 3429 2158 eor-

185 2211 346 2280 poris,
373 2219 492 2265 tota
541 2210 732 2281 religio
782 2214 1081 2271 constituta
1114 2225 1215 2272 est.
1265 2214 1343 2271 Re
1385 2230 1516 2272 sane
1547 2228 1676 2270 vera
1705 2212 1799 2284 qui
1843 2213 1910 2267 de
1954 2210 2138 2266 futuro
2164 2210 2365 2267 saeculo
2393 2225 2503 2263 non
2529 2209 2748 2277 cogitat,
2771 2203 2862 2256 vix
2900 2197 3249 2254 Christianus
3285 2202 3425 2251 est:

185 2307 393 2376 quippe,
426 2315 489 2361 ut
516 2307 595 2361 ait
620 2305 990 2363 Tertullianus
1025 2307 1097 2362 De
1125 2326 1324 2363 resurr.
1367 2310 1563 2379 carnis,
1595 2327 1714 2383 cap.
1748 2313 1773 2366 1
1811 2331 1825 2369 :
1864 2312 2021 2368 Nihil
2053 2330 2164 2368 esse
2190 2322 2311 2384 post
2345 2319 2589 2371 mortem,
2619 2303 2842 2377 Epicuri
2875 2298 3055 2355 schola
3087 2305 3186 2351 est.
3227 2293 3285 2351 In
3321 2293 3432 2364 pri-

187 2399 286 2452 mis
312 2414 440 2453 vero
464 2399 744 2469 propriam
773 2400 1243 2455 mansuetudinem
1283 2401 1618 2458 Athanasius
1651 2404 1959 2475 miramque
1988 2405 2306 2475 patientiam
2338 2402 2699 2463 demonstrat,
2732 2396 2864 2451 dum
2909 2395 2966 2447 in
3012 2390 3161 2445 omni
3189 2387 3298 2442 vita
3327 2401 3427 2441 sua

188 2503 461 2566 tantopere
486 2496 650 2551 malis
674 2496 968 2563 exercitus,
995 2504 1050 2551 et
1075 2495 1364 2552 furialibus
1388 2496 1529 2553 odiis
1551 2498 1876 2569 exagitatus,
1903 2508 2066 2569 atque
2088 2499 2156 2555 ad
2186 2512 2373 2555 necem
2400 2495 2562 2551 toties
2590 2492 2850 2563 quaesitus
2870 2489 2940 2544 ab
2965 2503 3028 2542 ea
3060 2482 3424 2556 pessimorum

189 2588 460 2646 hominum
492 2592 871 2662 permistione,
906 2593 1269 2659 ethnicorum,
1297 2591 1632 2658 Judaeorum,
1664 2602 1853 2665 totque
1899 2605 2172 2651 sectarum
2239 2595 2340 2650 sub
2370 2590 2682 2648 Christiano
2715 2580 2981 2638 vocabulo
3024 2574 3346 2635 errantium,
3371 2580 3428 2626 et

189 2683 251 2738 ab
277 2685 368 2739 illo
399 2688 705 2757 praesertim
740 2702 939 2759 magno
966 2687 1171 2742 diaboli
1199 2687 1395 2758 laqueo
1437 2688 1569 2742 Ario
1591 2688 1819 2759 ejusque
1848 2690 2096 2746 scelestis
2123 2690 2379 2754 asseclis;
2410 2689 2528 2758 ipse
2556 2693 2740 2739 tamen
2770 2679 2859 2751 pie
2887 2689 3102 2744 semper
3132 2671 3427 2739 sedateque

190 2776 239 2830 in
272 2778 354 2835 his
384 2768 635 2851 epistolis
665 2782 925 2853 loquitur.
953 2781 1058 2837 Sed
1087 2781 1217 2852 quia
1249 2781 1471 2854 longum
1497 2783 1630 2839 mihi
1656 2792 1801 2841 esset
1827 2785 1906 2840 ire
1934 2801 2032 2856 per
2057 2785 2293 2857 singula,
2318 2799 2435 2840 rem
2462 2797 2559 2854 per
2585 2795 2645 2837 se
2669 2777 2968 2836 lectoribus
2989 2766 3423 2843 cognoscendam

189 2879 455 2945 permitto.

1064 2987 1544 3028 BEORTASTICARUM
1583 2988 1629 3029 8.
1671 2989 1956 3032 ATHANASH
1993 2986 2517 3031 NUPERA'INVE‘NTIO.

238 3083 356 3138 .Vll.
400 3086 663 3158 Superest
693 3085 762 3140 ad
788 3092 1088 3141 extremum
1126 3094 1185 3140 ut
1212 3074 1552 3141 inventarum
1595 3085 1880 3144 Athanasii
1913 3087 2378 3144 Ileortastiearum
2409 3086 2685 3148 notitiam,
2719 3095 2843 3137 cum
2879 3077 3059 3133 debita
3092 3072 3420 3144 inclytorum

190 3173 471 3246 Anglorum
507 3178 668 3232 laude
700 3192 1056 3247 exponamus.
1086 3175 1331 3247 Namque
1364 3177 1449 3232 his
1479 3180 1639 3234 annis
1680 3182 1763 3233 vir
1808 3180 2022 3245 doctus,
2053 3191 2107 3236 et
2139 3180 2377 3251 Cepticae
2421 3178 2721 3249 praesertim
2753 3174 2953 3240 linguae
2987 3165 3214 3223 scientia
3242 3163 3424 3217 clarus

190 3261 249 3317 D.
280 3264 543 3322 Henricus
573 3266 835 3333 Tatamus
863 3266 931 3321 ad
966 3264 1222 3322 Scetense
1253 3267 1307 3320 in
1334 3264 1568 3339 Egypto
1600 3265 1658 3322 S.
1693 3266 1877 3323 Mariae
1918 3268 2162 3340 Deipara:
2189 3311 2204 3336 ,
2237 3269 2381 3339 quod
2429 3276 2511 3322 est
2558 3268 2612 3319 in
2662 3264 2876 3318 deserto
2904 3257 3111 3318 Nitria',
3144 3260 3426 3308 monaste-

190 3358 319 3413 rium
355 3359 455 3432 (ά),
493 3360 792 3431 profectus,
825 3358 901 3412 ibi
926 3359 1069 3429 apud
1105 3357 1342 3432 Syriaca:
1364 3361 1592 3431 originis
1620 3362 1869 3432 ritusque
1901 3364 2202 3420 monachos
2231 3363 2654 3434 pretiosissimos
2682 3358 2942 3411 Aranuere
2976 3353 3173 3420 lingua:
3205 3347 3422 3402 codices

190 3462 249 3502 ex
272 3447 659 3520 Mesopotamia
690 3449 821 3504 olim
849 3449 1137 3510 translatos
1163 3448 1460 3518 comperit,
1489 3450 1772 3521 pretioque
1812 3450 2122 3521 redemptos
2150 3452 2204 3505 in
2233 3451 2481 3522 Angliam
2515 3450 2763 3504 contulit.
2802 3446 2895 3501 Est
2923 3452 3102 3499 autem
3133 3440 3276 3494 idem
3315 3437 3421 3491 hoc

191 3546 575 3603 monasterium
620 3544 764 3615 quod
789 3541 934 3596 Elias
966 3541 1202 3610 primum
1230 3539 1507 3596 Simonius
1537 3539 1825 3608 Maronita,
1858 3558 2002 3597 anno
2032 3541 2170 3598 1707
2204 3542 2377 3596 Roma
2426 3541 2647 3604 missus,
2681 3539 2833 3603 adiit,
2882 3549 2950 3588 ex
2993 3545 3166 3600 coque
3208 3543 3277 3582 ιι.
3320 3525 3423 3593 Sy-

191 3637 357 3696 riacas
391 3643 609 3697 codices
641 3637 971 3711 reportavit,
1008 3636 1099 3707 qui
1130 3636 1186 3690 in
1218 3636 1600 3691 bibliothecam
1639 3635 1957 3692 Vaticauam
1994 3645 2125 3692 sunt
2167 3638 2321 3692 illati.
2353 3635 2558 3690 Deinde
2601 3649 2689 3687 an.
2727 3630 2885 3697 l7t7,
2920 3628 3128 3696 majore
3160 3624 3419 3678 incensus

191 3732 468 3802 cupiditate
492 3733 765 3804 Josephus
792 3729 1071 3786 Simonius
1099 3728 1435 3785 Assemanus
1466 3731 1537 3785 ob
1568 3731 1810 3803 reliquos
1846 3731 2254 3800 conquirendos
2292 3732 2423 3787 illuc
2469 3742 2793 3801 progressus
2817 3766 2832 3791 ,
2868 3725 2939 3779 ita
2983 3724 3051 3777 de
3085 3734 3187 3777 suo
3222 3731 3418 3788 parum

191 3826 302 3885 lato
325 3838 583 3889 succeSsu
615 3832 854 3902 loquitur
878 3828 1020 3884 Bibl.
1057 3827 1260 3883 Orient.
1298 3838 1339 3883 t.
1370 3826 1425 3893 l,
1455 3827 1639 3893 Prazf.,
1669 3828 1765 3883 fol.
1800 3827 1834 3883 6
1862 3842 1878 3882 ;
1908 3827 2153 3900 Repertos
2184 3829 2388 3883 codices
2415 3828 2649 3883 recensui
2671 3869 2687 3896 ,
2715 3827 2932 3882 selectos
2962 3822 3174 3877 circiter
3207 3829 3418 3875 centum

255 4007 324 4082 (ᾳ)
360 4008 536 4080 Hujus
585 4009 822 4082 Dionysii
860 4011 1028 4067 habes
1067 4027 1207 4066 nova
1249 4010 1551 4080 fragmenta
1595 4013 1739 4081 apud
1770 4021 1815 4077 Α

192 4073 372 4154 ξεῂἱρε.
410 4073 517 4154 υἱέι.
546 4073 740 4154 LVII;
783 4098 871 4151 pp.
898 4082 987 4145 96,
1015 4082 1105 4145 98,
1150 4083 1239 4143 99.
1278 4073 1564 4154 102,107.
1602 4073 1740 4139 P'ro-

191 4143 367 4220 lixiora
399 4153 506 4205 alia
542 4153 596 4205 in
625 4143 1042 4216 ltoc'vblumine,
1073 4143 1160 4220 pp.
1185 4153 1309 4219 165,
1336 4152 1459 4207 166.

1917 4012 1986 4085 (ε)
2015 4012 2326 4076 Alexandri,
2356 4011 2662 4075 Athanasii,
2694 4010 3002 4080 Theophili,
3032 4009 3412 4134 praecipueth

1917 4085 2050 4134 'rilli.
2078 4100 2217 4134 nova
2249 4082 2448 4134 scribta
2476 4092 2602 4134 sunt
2626 4084 2682 4134 in
2714 4083 2813 4134 hac
2843 4091 3025 4134 nostra
3055 4080 3279 4133 Patrum
3362 4082 3409 4134 i-

1842 4080 2051 4155 Cyrilli,
2078 4100 2218 4155 nova
2249 4082 2449 4152 scripta
2476 4092 2602 4137 sunt
2626 4084 2693 4155 i_n
2714 4083 2813 4136 hac
2843 4091 3025 4155 nostra
3055 4080 3279 4133 Patrum
3314 4080 3409 4135 Bi-

1843 4152 2124 4208 bliotheca.
2163 4154 2403 4207 Duomm
2431 4165 2612 4207 autem
2640 4152 2885 4208 Dioscori
2915 4152 3035 4205 labe
3064 4166 3413 4220 aspersorum

256 4218 323 4287 (ὁ)
361 4220 503 4293 Petri
553 4220 770 4293 Vitam,
824 4237 931 4293 seu,
967 4218 1149 4293 potius
1211 4225 1445 4293 genuina
1493 4222 1742 4293 martyrii

192 4283 332 4351 Acta,
369 4292 662 4359 interprete
684 4283 983 4346 Anastasio
1010 4283 1448 4357 Bibliothecario,
1473 4283 1742 4347 edidimus

192 4370 284 4410 nos
312 4360 363 4412 in
398 4360 671 4431 Spicilegii
703 4361 924 4414 Romani
978 4371 1125 4416 tome
1165 4361 1250 4414 lll.
1292 4360 1611 4430 Fragmenta
1645 4377 1743 4415 au-

194 4433 287 4511 tenm
314 4433 526 4511 egregia
565 4430 618 4484 in
647 4430 978 4511 Scriptura.
999 4442 1058 4511 _t.
1089 4431 1201 4511 VII,
1226 4448 1317 4511 pp.
1361 4432 1580 4511 8z‘_i,__96,
1616 4432 1738 4511 154,

192 4492 627 4575 Sul'Nune
665 4517 695 4575 e
746 4492 972 4575 Syriaco
999 4500 1120 4575 Vat.
1147 4492 1333 4575 codice
1355 4492 1626 4575 addimus,
1662 4492 1742 4554 vi;

193 4563 370 4639 delicet
407 4588 475 4625 ex
511 4572 696 4625 Severi
743 4563 1066 4625 Aiitiocheni
1101 4586 1262 4639 opere
1308 4572 1571 4639 inscripto
1602 4563 1741 4625 Φιλ-

192 4635 426 4713 αλήθης,
459 4643 601 4695 haud
629 4642 816 4710 procul
845 4642 1020 4713 initio,
1049 4635 1162 4695 haec
1187 4658 1200 4694 :
1229 4660 1247 4691 ‹
1272 4639 1455 4695 Sancti
1481 4635 1626 4713 Petri
1651 4659 1742 4694 ar-

193 4703 489 4781 chiepiscopi
533 4723 581 4766 et
629 4703 879 4779 iuartyris
928 4703 1015 4765 ea
1053 4713 1427 4780 sermonetvel
1471 4712 1627 4781 libro)
1676 4714 1740 4765 de

196 4774 455 4847 theologia.
479 4781 700 4835 Interim
733 4774 1059 4849 evangelista
1089 4781 1314 4834 lit-initer
1336 4774 1425 4835 'ait
1454 4797 1466 4832 :
1514 4774 1739 4834 Verbum

195 4855 307 4922 cato
334 4851 527 4915 factum
557 4863 657 4912 est,
683 4861 732 4903 et
759 4850 1014 4922 habitavit
1040 4853 1093 4903 in
1115 4851 1285 4922 nobis.
1314 4849 1392 4904 Ex
1425 4851 1526 4905 hoc
1542 4866 1742 4920 cogno-

196 4919 417 4990 scimus,
458 4922 707 4990 angelum
740 4935 862 4974 cum
890 4919 1165 4989 Virginem
1208 4921 1465 4975 salutavit
1505 4919 1734 4990 dicens:

196 4977 627 5065 Funde,'ga_uitio
653 4990 846 5065 plena,
880 4977 1142 5045 Dominus
1184 4999 1385 5065 tecum,
1431 4989 1740 5065 significare

194 5051 416 5135 voluisse
430 5051 889 5135 illeusVerbum
933 5069 1106 5135 tecum
1137 5068 1221 5114 est
1249 5076 1262 5113 :
1297 5051 1737 5135 itemquedeuo-

195 5124 318 5200 lare,
348 5127 470 5183 illud
503 5132 569 5182 de
592 5130 714 5185 sinu
743 5129 862 5198 ejus
887 5131 1180 5200 oriturum,
1207 5138 1259 5184 et
1285 5124 1502 5185 carnein
1534 5129 1735 5184 factum

195 5197 276 5266 iri.
302 5208 453 5262 prout
481 5201 744 5268 scriptum
771 5197 889 5252 est:
915 5197 1145 5268 Spiritus
1176 5210 1389 5253 sanctus
1415 5202 1735 5269 superveniet

197 5270 247 5309 ut
268 5270 332 5340 te,
358 5276 407 5320 et
443 5270 608 5323 uirtus
647 5270 906 5322 Altissimi
931 5272 988 5322 in
1017 5279 1067 5322 te
1109 5271 1416 5333 descendet;
1444 5272 1663 5340 ideoque
1687 5280 1737 5323 et

196 5332 321 5448 [uad
346 5349 584 5392 nascetur
605 5354 670 5392 ea:
711 5349 759 5391 te
781 5349 1023 5392 sanctum
1046 5341 1316 5393 vocabitur
1343 5332 1520 5393 Filius
1560 5332 1676 5394 Dei.
1711 5359 1729 5391 ›

239 5404 388 5448 nudat
428 5408 644 5448 βριιοιιηι
694 5408 992 5448 Ahn'nndpr
1015 5409 1141 5448 ilum
1184 5410 1576 5448 Alnrnnrlrinnc
1616 5410 1729 5448 ani-

239 5404 389 5460 audat
424 5408 645 5462 Petrum
687 5408 992 5478 Alexander
1015 5409 1142 5462 item
1176 5410 1577 5464 Alexandrinus
1616 5410 1732 5478 epi-

197 5477 379 5549 §Copus
406 5479 461 5531 in
490 5479 674 5533 codice
693 5479 929 5549 quodam
951 5477 1194 5547 Coptico,
1220 5493 1381 5549 quem
1406 5495 1506 5533 nos
1526 5477 1736 5549 sermo-

199 5547 312 5618 ιξςηι
374 5558 557 5615 postea
621 5548 982 5617 vulgabimus.
1038 5547 1522 5618 imago—ejusdem
1586 5548 1728 5603 Petri

198 5606 615 5741 similium“
643 5606 842 5672 visitur
891 5619 949 5673 in
976 5606 1182 5674 musco"
1195 5606 1352 5674 sacr'o
1385 5619 1730 5675 bibliothecae

1841 4224 2115 4279 Timothei
2145 4224 2221 4290 ll,
2250 4240 2315 4278 ac
2353 4222 2669 4287 Theodosii,
2703 4225 2904 4292 scripta
2934 4218 3261 4292 tledimusin
3289 4218 3413 4289 Spal-

1842 4296 2014 4362 cilegii
2046 4295 2267 4347 Romani
2310 4302 2458 4347 torno
2493 4295 2672 4347 tertio.
2707 4291 2898 4347 Sedet
2924 4293 3154 4345 aliorum
3183 4291 3414 4344 Alexauo

1842 4366 1973 4418 drive
1998 4365 2431 4434 patriarcharum
2476 4367 2675 4432 scripta
2709 4363 2908 4434 inedita
2938 4362 3201 4415 habemus
3236 4362 3290 4434 in
3317 4376 3412 4434 co-

1841 4431 2056 4490 dicibus
2087 4435 2329 4502 Copticis
2371 4443 2535 4502 atque
2558 4431 2806 4489 Arabicis
2832 4431 2956 4485 Vat.
2991 4432 3311 4502 (praesertim
3352 4431 3407 4485 in

1842 4505 1936 4558 illo
1965 4500 2227 4574 inscripto
2264 4503 2424 4557 Fides
2447 4500 2707 4574 Patrum)
2737 4546 2750 4569 ,
2789 4505 2997 4557 scilicet
3025 4520 3038 4555 :
3080 4500 3406 4574 Benjamini,

1840 4576 2057 4640 (labilze,
2104 4573 2460 4636 Christoduli,
2495 4572 2894 4642 Chrislophori,
2934 4578 3165 4642 Costnaa,
3197 4572 3411 4642 tlyrilli-

1840 4643 2056 4707 laclaki,
2090 4644 2353 4710 Dioscuri,
2396 4645 2662 4713 Gregorii,
2695 4640 2946 4707 .l’oacimi,
2999 4641 3248 4713 .loanuis2
3302 4640 3412 4713 Ma-

1839 4716 1995 4779 carii,
2049 4713 2216 4768 Marci
2264 4713 2339 4776 ll,
2392 4710 2617 4776 Merulae.
2661 4714 2960 4778 Michaelis,
3012 4714 3153 4766 l'etri
3201 4710 3405 4780 Mougi,

1838 4782 2131 4849 Philothei,
2161 4783 2431 4847 Senuthii,
2461 4782 2728 4839 Timothei
2772 4783 2791 4834 Ι
2834 4780 3156 4854 (catholici),
3202 4779 3410 4854 Zacha-

1839 4855 1952 4908 riae.
1997 4853 2435 4907 Patriareharum
2489 4864 2671 4908 autem
2713 4852 2955 4906 omnium
2985 4852 3139 4905 Alex.
3171 4852 3341 4904 series
3372 4865 3405 4904 a

1839 4924 1964 4978 divo
1990 4923 2172 4977 Marco
2205 4939 2377 4992 usque
2405 4927 2469 4979 ad
2505 4923 2806 4978 Gabrielem
2835 4939 2924 4976 an.
2951 4921 3111 4985 1578,
3137 4929 3318 4992 exstat
3350 4920 3404 4976 iu

1838 4994 2028 5048 codice
2066 4993 2233 5048 Arab.
2275 4992 2399 5047 Vat.
2451 4995 2575 5049 152.
2615 4993 2720 5047 Alii
2769 4992 3045 5046 breviores
3087 4991 3403 5044 earumdem

1839 5066 2069 5132 catalugi
2114 5065 2167 5116 in
2216 5065 2496 5119 codicibus
2546 5067 2673 5118 item
2714 5062 2959 5132 Arabicis
2999 5060 3117 5132 Vat.
3150 5060 3245 5125 9:2,
3278 5057 3403 5113 159.

1837 5130 2094 5258 1ᾼιτιιιείιιί
2124 5133 2327 5188 utiliter
2345 5150 2467 5188 cum
2495 5133 2745 5203 chuinii
2776 5134 2829 5185 in
2858 5130 2955 5186 0r.
2975 5131 3071 5185 Ch.
3107 5132 3248 5185 serie
3271 5144 3403 5182 c0n~

1862 5214 2104 5258 erentur.

1862 5214 2104 5262 erentur.

1909 5274 1987 5345 (ά)
2030 5272 2103 5348 De
2131 5273 2235 5348 hoc
2267 5273 2596 5348 monasterio
2622 5271 2837 5348 Moyses
2863 5270 3165 5348 monachus
3187 5267 3381 5348 Sceten

1839 5338 1927 5399 sis'
1965 5338 2038 5397 ita
2090 5338 2331 5411 loquitur
2372 5344 2425 5396 in
2466 5338 2818 5397 anhelatione
2870 5342 3177 5411 subscripta
3227 5338 3401 5411 codici

1841 5411 2065 5485 Syriaco
2091 5406 2233 5485 apud
2259 5412 2620 5485 Assem_anum
2645 5406 3282 5485 Catalog.t.'odd.:i:at._t.
3309 5406 3399 5471 ΙΙΙ,

1837 5479 1899 5552 ρξ
1924 5484 2028 5539 440
2055 5501 2067 5537 :
2098 5479 2673 5552 MonasteriiDomina:
2699 5479 2919 5545 nostra,
2952 5481 3090 5551 quod
3119 5479 3174 5533 in
3196 5480 3402 5552 deserto

1836 5549 2365 5676 ῇεεῑεῖιδῖιείιιιηὲξῗι,
2391 5551 2746 5624 Syrorumque
2766 5549 3057 5607 ctzitobium
3082 5549 3401 5620 appellatur.

1883 5639 1964 5676 em
2015 5663 2028 5675 .
2103 5664 2118 5676 .
2144 5638 2195 5676 n.
2260 5662 2291 5676 ..
2330 5661 2345 5676 .

1862 5634 1964 5679 tem
1993 5634 2028 5677 t.
2057 5624 2118 5690 ll,
2143 5638 2195 5691 p.
2220 5624 2345 5678 221.
