3794 6226
328 310 468 367 45H
931 307 990 362 S.
1032 298 1400 358 ATIIANASII
1440 297 1591 354 OPP.
1635 294 1813 350 PARS

2091 289 2420 346 IPISTOLA‘J
2457 286 2988 343 llEORTASTlC/E.
3442 282 3589 338 1⁸548

327 425 474 494 petii,
497 425 588 478 sed
610 422 773 477 nullis
798 421 1063 492 precibus,
1079 431 1272 490 prwter
1300 431 1496 486 paucos
1517 412 1794 484 quosdam,
1818 409 2089 477 persoluto
2118 407 2309 476 pretio,
2333 424 2365 460 a
2386 406 2655 459 monachis
2682 403 2916 458 obtinere
2939 403 3116 457 licuit.
3144 399 3318 456 Porro
3342 395 3590 452 Nitrien-

331 537 420 577 ses
454 521 554 575 hos
587 520 824 583 codices,
853 525 1123 588 quotquot
1151 531 1181 567 e.
1207 512 1351 579 Nilo,
1385 527 1494 581 quo
1521 508 1949 572 devehebantur,
1984 503 2280 573 naufragos
2307 501 2577 570 expiscari
2610 501 2783 560 licuit,
2820 498 2959 552 idem
2991 498 3334 551 Assemanus
3359 506 3592 548 enume-

332 624 416 668 rat
451 615 501 666 in
536 613 790 682 praedicto
823 619 969 664 tumo
1003 610 1148 662 circa
1184 607 1366 658 finem.
1409 602 1548 665 Ergo
1579 601 1780 668 elapsis
1811 607 2028 652 centum
2081 596 2193 649 fere
2219 603 2273 649 et
2305 594 2524 661 triginta
2555 602 2679 660 post.
2711 591 3071 643 Assemanum
3103 586 3282 648 annis,
3322 584 3383 635 1).
3417 581 3595 634 Tata-

335 723 458 759 mus
490 707 734 759 residuos
771 704 879 756 illic
911 701 1096 754 invisit
1128 698 1341 752 codices
1365 696 1619 765 (quorum
1655 691 1946 744 nonnullos
1973 689 2178 741 viderat
2212 687 2372 755 paulo
2401 693 2524 738 ante
2555 687 2716 736 etiam
2757 682 2954 734 nobilis
2988 680 3124 731 alter
3148 677 3356 745 Anglus
3390 674 3596 726 [toler-

338 807 424 853 tus
446 795 774 866 Cuizouus),
796 798 958 862 hique
977 795 1244 847 interdum
1277 792 1426 859 signa
1452 789 1709 859 gerebant
1735 801 1898 838 manu
1922 783 2207 837 Assemani
2234 784 2520 848 impressa,
2539 787 2822 847 propterea
2847 776 2989 843 quod
3018 775 3136 825 illos
3167 773 3268 825 sibi
3302 771 3596 822 tradi-udos

338 893 543 945 frustra
576 898 888 956 sin-raverat
915 906 927 940 :
961 896 1122 954 atque
1150 885 1234 937 his
1269 883 1506 936 fcliciure
1539 877 1806 945 auspicio,
1836 891 1931 930 seu
1963 888 2167 942 majore
2198 874 2388 942 pri-tio,
2427 872 2754 940 impetratis,
2792 872 2988 922 merito
3025 869 3367 948 .zelztltttutlus
3391 867 3597 917 disces-

338 985 429 1040 sit.
469 983 605 1039 Ecce
633 993 813 1037 autem
852 984 1014 1051 paulo
1044 991 1187 1050 post,
1218 979 1284 1033 cl.
1322 977 1536 1032 Tatami
1569 976 1796 1028 exuvias
1827 971 1980 1026 valde
2013 972 2186 1032 auxit,
2227 970 2278 1024 id
2309 978 2392 1023 est
2423 978 2652 1023 cunctos
2687 968 2912 1021 omnino
2952 965 3171 1019 codices
3202 981 3266 1015 ex
3304 979 3370 1016 eo
3405 978 3596 1015 mona-

339 1081 508 1136 sterio
537 1091 816 1147 coemptos
842 1077 1064 1130 deduxit
1097 1077 1177 1128 vir
1203 1072 1460 1129 strenuus
1490 1070 1778 1141 Aﬂgyptius
1810 1069 2089 1140 Augustus
2123 1064 2320 1119 i’akus.
2356 1063 2453 1118 llis
2475 1063 2734 1118 omnibus
2771 1062 2825 1114 in
2866 1058 3180 1111 Britannico
3208 1072 3400 1108 musco
3429 1057 3598 1107 collo-

340 1175 512 1232 eatis,
543 1172 754 1240 primus
789 1169 1007 1223 Eusebii
1039 1171 1405 1224 Cmsareensis
1436 1166 1828 1235 Theophaniam
1864 1162 2128 1232 integram
2166 1161 2218 1214 in
2253 1159 2638 1228 antiquissimo
2672 1158 2923 1222 miroque
2953 1151 3248 1220 exemplari
3291 1151 3600 1202 observavit

338 1261 422 1313 vir
451 1261 801 1314 doctissimus
831 1258 891 1310 υ.
915 1258 1135 1312 Samuel
1169 1258 1331 1321 Leus,
1357 1273 1520 1326 quam
1557 1272 1685 1309 mox
1719 1254 1948 1324 impigre
1973 1266 2226 1306 sermone
2251 1251 2478 1318 Anglico
2510 1250 2896 1317 interpretatus
2918 1248 3108 1312 edidit,
3132 1257 3185 1300 et
3213 1247 3412 1299 deinde
3436 1262 3468 1296 e
3498 1245 3599 1298 iam

343 1354 584 1424 Syriace.
623 1354 697 1408 De
731 1356 830 1408 hac
866 1353 1083 1407 Eusebii
1123 1353 1458 1423 Theophania
1492 1367 1592 1407 nos
1621 1361 1818 1420 quarto
1853 1351 1906 1402 in
1938 1349 2216 1402 volumine
2248 1345 2416 1400 locuti
2449 1360 2663 1409 sumus,
2689 1345 2782 1398 ubi
2812 1361 2929 1398 cam
2971 1344 3172 1398 Graecis
3202 1344 3444 1396 inventis
3481 1343 3601 1394 reli-

342 1451 508 1519 quiis,
533 1450 693 1503 lautis
727 1465 858 1505 sane
884 1464 947 1503 ac
967 1449 1236 1517 genuinis,
1262 1449 1728 1517 locupletavimus.
1764 1446 1914 1499 Alter
1946 1459 2068 1497 mox
2107 1443 2340 1496 accessit
2370 1441 2516 1509 paris
2547 1440 2720 1492 meriti
2754 1439 2981 1508 parique
3008 1455 3130 1492 cum
3166 1440 3372 1491 honore
3404 1440 3596 1505 appel-

343 1545 538 1598 landus
569 1544 630 1596 D.
660 1543 966 1608 Willelmus
1009 1541 1349 1598 Curetonus.
1394 1538 1487 1608 qui
1521 1539 1573 1591 in
1608 1536 1879 1604 praedictis
1911 1534 2228 1594 codicibus,
2285 1542 2480 1601 prater
2517 1529 2621 1583 alia
2667 1531 2834 1583 multa
2861 1571 2876 1595 ,
2925 1529 3388 1584 lleortasticarum
3427 1529 3603 1582 sancti

342 1638 626 1692 Athanasii
659 1639 1013 1708 epistularum
1048 1635 1305 1706 grandem
1337 1643 1544 1702 partem
1579 1632 1819 1699 detexit,
1865 1641 1919 1686 et
1958 1629 2182 1701 Syriace
2211 1643 2355 1681 anno
2391 1626 2530 1682 1848
2556 1626 2804 1680 venustis
2846 1627 2985 1696 typis
3035 1625 3264 1678 Londiui
3301 1627 3603 1693 evolgavit.

343 1729 458 1785 Hoc
488 1731 536 1785 ei
567 1741 748 1784 tamen
786 1727 1191 1784 incommodmn
1222 1724 1440 1788 accidit,
1466 1723 1607 1792 quod
1633 1723 1748 1791 jam
1775 1733 1965 1776 curata
1992 1720 2234 1774 editione
2264 1719 2435 1788 partis
2465 1718 2586 1786 ejus
2630 1733 2753 1787 qua:
2777 1717 2952 1786 prima
2986 1717 3052 1769 ad
3087 1717 3257 1786 ipsius
3285 1732 3489 1770 manus
3515 1717 3609 1771 de-

342 1833 586 1889 venerat,
637 1825 829 1879 deinde
857 1840 982 1893 pars
1011 1821 1115 1876 alia
1153 1817 1466 1872 earumdem
1495 1818 1850 1886 epistularum
1886 1817 1940 1869 in
1973 1814 2220 1884 Angliam
2272 1814 2641 1883 subsequente
2711 1827 2856 1866 anno
2905 1811 3081 1866 delata
3128 1821 3211 1866 est
3246 1827 3260 1862 :
3305 1827 3416 1880 quo
3466 1811 3606 1865 felici

344 1931 476 1972 casu
509 1917 761 1986 imposita
792 1917 986 1970 edituri
1020 1915 1316 1970 necessitas
1345 1913 1448 1967 fuit
1474 1954 1489 1978 ,
1517 1922 1700 1982 partes
1733 1914 1830 1967 has
1857 1912 2120 1982 reliquas,
2145 1920 2198 1965 et
2227 1909 2448 1980 quidem
2481 1925 2621 1978 saepe
2651 1909 3023 1972 intermedias,
3049 1917 3103 1962 et
3135 1908 3412 1961 hiantibus
3450 1907 3609 1960 lacu-

346 2009 432 2065 nis
467 2025 755 2080 congruas,
789 2025 1037 2066 seorsum
1071 2011 1123 2063 in
1182 2007 1370 2063 eodem
1413 2007 1554 2062 libro
1587 2004 1940 2075 adjungeudi.
1971 2002 2103 2068 Quae
2129 2017 2254 2057 cum
2288 2001 2361 2055 ita
2395 2015 2455 2055 se
2491 2000 2726 2055 habeant
2751 2043 2766 2066 ,
2811 2001 3154 2055 sedulitatem
3187 2001 3406 2069 quidem
3441 2001 3611 2055 bene-

343 2104 730 2160 merentissimi
761 2104 1020 2158 Curetoni
1068 2104 1377 2167 laudamus,
1411 2113 1466 2157 et
1498 2112 1677 2157 tamen
1713 2116 1866 2154 novae
1894 2099 2276 2166 continuumque
2301 2103 2355 2150 et
2387 2095 2653 2149 ordinatae
2687 2095 2950 2150 facienda:
2979 2093 3258 2154 editionis,
3307 2093 3436 2163 quis
3469 2103 3609 2147 tem-

345 2194 705 2264 pestivitatem
739 2209 845 2248 non
876 2194 1055 2248 videt?
1084 2193 1215 2247 Nam
1240 2200 1293 2247 et
1323 2200 1504 2246 textus
1531 2192 1583 2244 in
1609 2192 1804 2245 seriem
1841 2189 1930 2261 (ab
1961 2190 2079 2258 ipso
2113 2189 2387 2241 Curetono
2416 2184 2734 2251 indicatam)
2769 2186 3096 2257 redigendus
3121 2195 3261 2243 erat.
3288 2197 3342 2240 et
3391 2189 3611 2242 notiore

343 2284 529 2354 aliquo
557 2299 809 2339 sermone
836 2283 902 2338 ad
936 2284 1081 2354 vulgi
1125 2285 1376 2338 notitiam
1411 2282 1756 2337 deferendos.
1787 2281 1998 2336 Etenim
2040 2279 2250 2348 Anglus
2287 2278 2485 2338 editor,
2517 2275 2904 2332 festinantibus
2949 2281 3110 2350 typis,
3142 2280 3349 2333 nullam
3394 2280 3610 2351 Syriaci

347 2383 527 2430 textus
561 2376 973 2431 translationem
1009 2391 1184 2445 neque
1212 2375 1559 2430 vernaculam
1591 2390 1767 2444 neque
1796 2373 2044 2428 Latinam
2072 2372 2213 2426 libro
2243 2371 2483 2437 addidit;
2518 2379 2746 2426 testatus
2770 2372 2879 2425 imo
2915 2372 2966 2424 in
3005 2372 3340 2441 praefatione,
3370 2388 3430 2428 se
3467 2375 3610 2430 hanc

345 2477 539 2538 sponte
567 2468 1014 2537 praetermittere;
1042 2469 1458 2540 jucundumque
1491 2469 1594 2524 sibi
1625 2467 1764 2531 fore,
1795 2468 1841 2523 si
1877 2467 2003 2538 quis
2034 2483 2154 2522 eam
2187 2464 2513 2538 Syrophilus
2547 2467 2826 2520 communi
2859 2467 3074 2522 utilitati
3111 2471 3443 2538 quantocius
3472 2484 3610 2539 sup-

347 2565 690 2635 peditaverit.

1019 2675 1086 2713 DE
1125 2675 1334 2715 NOSTBA
1373 2677 1858 2717 EEORTASTICARUM
1899 2672 2406 2714 INTEBPRETATIONB
2445 2671 2620 2720 ATQUE
2662 2670 2941 2714 EDITIONB.

418 2749 552 2804 Vlll.
597 2751 859 2822 Equidem
895 2769 1020 2810 sero
1053 2757 1218 2810 nimis
1246 2759 1309 2812 ad
1345 2774 1430 2812 me
1467 2760 1538 2812 cl.
1565 2758 1823 2813 Curetoni
1853 2756 2111 2827 Syriacus
2141 2756 2278 2810 liber
2299 2771 2364 2810 ex
2400 2755 2595 2825 Angfia
2625 2754 2873 2820 advenit;
2907 2765 3018 2822 quo
3049 2759 3230 2805 tamen
3261 2750 3484 2807 demum
3518 2769 3615 2809 ac-

347 2855 527 2914 cepto,
576 2846 781 2900 nullam
818 2862 984 2918 prepe
1019 2865 1227 2905 moram
1278 2853 1724 2922 interponendam
1759 2853 1975 2922 putavi,
2012 2852 2308 2921 quominus
2341 2851 2424 2905 his
2460 2850 2715 2920 pretiosis
2741 2847 3024 2903 Athanasii
3071 2847 3316 2916 epistolis
3354 2847 3616 2903 volumen

348 2936 454 2990 hoc
502 2951 681 2990 meum
717 2934 939 3007 Syriace
965 2938 1128 2994 simul
1159 2942 1234 3011 (α)
1263 2941 1566 3012 Latineque
1615 2959 1958 2998 exornarem.
1993 2941 2252 2998 Conveni
2290 2957 2376 2996 me
2423 2942 2604 3010 itaque
2651 2941 2717 2994 ad
2751 2940 3140 3007 peritissimum
3179 2942 3369 3010 patrize
3413 2942 3620 3004 lingua:

350 3025 672 3081 Maronitam
703 3024 924 3097 Syrum,
972 3028 1282 3086 Mattlneum
1316 3033 1710 3098 Seiabuanum,
1761 3035 1812 3087 in
1844 3035 2052 3088 urbano
2101 3032 2470 3104 Propagaudae
2496 3032 2645 3086 Fidei
2675 3031 2903 3097 collegio
2938 3033 3244 3104 linguarum
3284 3033 3523 3105 Syriacae
3559 3044 3620 3090 et

351 3121 598 3178 Arabicae
625 3122 1064 3178 laudatissimum
1099 3138 1523 3194 antecessorem,
1549 3129 1641 3198 qui
1675 3129 1779 3184 mei
1823 3144 1989 3183 causa
2027 3129 2460 3182 Atltanasianum
2497 3137 2702 3181 textum
2745 3127 2797 3178 in
2825 3127 3176 3180 vernaculam
3205 3125 3463 3198 Italorum
3503 3125 3618 3180 lin-

353 3229 513 3284 guam
545 3213 858 3268 fidelissime
889 3218 1188 3274 transtulit.
1225 3218 1489 3274 Ordinato
1520 3195 1684 3290 igitur
1716 3221 2113 3290 explanatoque
2145 3220 2372 3289 Syriaco
2419 3227 2568 3272 textu
2590 3259 2604 3283 ,
2634 3215 2977 3271 Latinitatem
3005 3233 3104 3287 ego
3132 3195 3367 3286 simplici
3395 3218 3489 3272 sed
3521 3234 3623 3270 ve-

352 3311 465 3366 raci
489 3311 781 3365 admodum
811 3311 953 3381 stylo
989 3313 1183 3381 adjeci,
1204 3317 1442 3386 gestiens
1464 3318 1674 3372 scilicet
1700 3317 1833 3371 tanti
1859 3315 2117 3370 Ecclesiae
2150 3315 2325 3369 Patris
2357 3314 2693 3369 luculentum
2721 3322 2773 3366 et
2800 3309 3027 3382 perutile
3055 3311 3316 3364 dic:atum
3351 3309 3622 3366 Enniana:

355 3407 496 3469 urbi,
523 3406 612 3460 tibi
645 3415 697 3459 et
724 3407 918 3476 partim
943 3417 1224 3460 exaratum
1258 3408 1458 3472 fuerat,
1487 3409 1642 3477 quasi
1672 3408 1903 3479 ἕρμαιον
1930 3407 2394 3476 iucundissimum
2427 3406 2706 3459 exhibere.
2743 3403 2956 3458 Etenim
2990 3402 3193 3455 nubam
3226 3402 3511 3463 hactenus,
3545 3418 3622 3458 ne

353 3506 511 3552 extra
543 3497 790 3564 Angliam
819 3497 1060 3566 quidem,
1087 3496 1446 3554 Athanasiani
1478 3500 1602 3553 libri
1633 3498 1829 3552 factam
1872 3498 2281 3552 translationem
2311 3497 2587 3563 existimo,
2614 3499 2698 3553 vel
2730 3513 2791 3551 ea
2824 3505 2971 3550 certe
3009 3495 3135 3546 Inibi
3172 3504 3462 3562 conspecta
3505 3510 3620 3548 non

354 3595 456 3640 est.
491 3582 870 3639 Verumtamen
903 3586 969 3639 ad
995 3587 1064 3639 cl.
1099 3585 1394 3641 Sciabuaui
1421 3587 1764 3641 vernaculam
1791 3589 2291 3656 interpretationem
2321 3590 2464 3657 quod
2490 3590 2702 3653 attinet,
2732 3590 2930 3641 diserte
2957 3586 3002 3638 is
3022 3583 3281 3645 declarat,
3302 3602 3361 3639 se
3389 3585 3622 3639 omnino

354 3687 705 3745 peraccurate
741 3676 794 3729 in
831 3692 929 3730 sua
965 3676 1342 3732 lucubratione
1376 3687 1685 3741 versatum,
1730 3677 1781 3731 id
1816 3687 1898 3731 est
1931 3679 2159 3731 verbum
2199 3694 2332 3745 pene
2366 3677 2433 3731 de
2472 3681 2635 3731 verbo
2685 3681 3068 3744 traustuiisse,
3115 3682 3266 3735 omni
3313 3681 3417 3735 sibi
3454 3697 3621 3750 para-

357 3772 617 3842 phraseos
641 3773 857 3828 licentia
889 3773 1135 3842 przecisa.
1178 3769 1352 3822 Simul
1387 3777 1567 3822 tamen
1598 3777 1805 3834 monet,
1837 3770 2098 3837 quoniam
2127 3769 2256 3821 olim
2291 3769 2424 3822 liber
2453 3767 2712 3839 Syriacus
2739 3771 2862 3824 rudi
2893 3769 3133 3828 Minerva
3157 3776 3222 3826 de
3257 3773 3444 3828 Graeco
3471 3774 3625 3829 deri-

356 3875 515 3919 vatus
545 3865 664 3929 fuit,
697 3866 938 3921 voluisse
969 3876 1135 3920 totam
1170 3863 1333 3932 hujus
1362 3857 1736 3918 trausformati
1771 3872 1951 3918 textus
1981 3864 2263 3917 insuavem
2301 3864 2428 3918 licet
2457 3863 2790 3919 locutionem
2839 3869 3165 3936 exprimere,
3210 3869 3263 3922 in
3296 3885 3403 3938 qua
3442 3869 3620 3940 Syrus

358 3957 664 4028 monachus
697 3956 1046 4011 hellenismos
1074 3971 1216 4024 saepe
1242 3956 1457 4019 ascivit,
1488 3971 1647 4009 nsunt
1698 3955 2086 4025 particularum
2121 3954 2431 4011 Graacarum
2466 3957 2756 4028 gentilibus
2782 3957 2897 4014 suis
2927 3960 3264 4014 insuetarum
3299 3959 3623 4024 admiscuit,

359 4051 852 4120 interpunctionem
883 4051 1227 4106 arbitrariam
1261 4050 1420 4115 fecit,
1451 4048 1757 4103 Aramzeam
1787 4049 2062 4120 syntaxim
2091 4049 2156 4102 ad
2186 4048 2430 4103 Graecam
2459 4051 2753 4118 imprOprie
2783 4059 2837 4104 et
2862 4052 3020 4120 quasi
3068 4052 3117 4104 vi
3159 4051 3627 4116 accommodavit,

361 4143 590 4211 ideoque
616 4143 882 4199 barbarus
907 4145 1220 4209 identidem,
1247 4144 1518 4198 obscurus
1551 4142 1925 4212 confususque
1947 4143 2142 4207 evasit,
2170 4152 2226 4198 et
2258 4143 2502 4214 Syriacis
2529 4143 2813 4198 vocabulis
2845 4145 3125 4199 insolitum
3155 4161 3264 4200 non
3293 4143 3459 4198 semel
3489 4159 3626 4213 sup-

362 4237 547 4306 posuit
573 4236 962 4304 signiﬁcatum.
988 4235 1273 4292 Vocalium
1307 4253 1529 4308 quoque
1555 4246 1610 4292 et
1634 4239 2041 4292 diacriticorum
2069 4247 2422 4308 punctorum,
2450 4248 2509 4293 ut
2542 4239 2680 4294 litin
2713 4241 2953 4311 antiquis
2980 4257 3138 4305 mss.,
3172 4239 3418 4296 defectus
3450 4240 3627 4294 ambi-

362 4346 524 4401 guam
557 4332 873 4400 aliquando,
904 4334 958 4386 in
991 4330 1305 4386 nominibus
1327 4331 1628 4398 praesertim
1661 4329 1896 4400 propriis
1922 4329 2248 4397 insolitisve,
2280 4331 2541 4387 reddebat
2567 4333 2878 4388 lectionem.
2907 4334 3098 4389 Menda
3130 4335 3352 4402 insuper
3382 4349 3436 4386 In
3472 4331 3625 4388 Lon-

362 4424 574 4479 dinensi
609 4425 748 4479 libro
774 4426 1150 4496 apparebant,
1184 4439 1305 4494 quae
1339 4421 1686 4478 Sciabuanus
1739 4425 1927 4480 codice
1968 4440 2184 4491 carens,
2229 4433 2504 4481 undenam
2554 4428 2874 4496 irrepserint
2898 4469 2913 4494 ,
2951 4426 3177 4480 delinire
3208 4441 3316 4480 non
3363 4434 3622 4493 poterat;

363 4533 601 4590 quorum
647 4527 828 4573 tamen
877 4519 1215 4576 evidentiora
1247 4521 1556 4576 necessario
1588 4521 1848 4577 correxit.
1889 4521 2051 4577 Certe
2078 4523 2250 4580 donec
2300 4526 2416 4595 ipse
2446 4535 2541 4580 aut
2579 4525 2820 4582 codicem
2852 4524 3178 4579 Nitriensem
3209 4521 3494 4592 inspiciat,
3529 4531 3629 4574 aut

365 4609 534 4664 alium
563 4609 656 4678 qui
689 4609 888 4664 alicubi
918 4625 1051 4664 casu
1083 4619 1366 4681 appareat,
1414 4610 1612 4666 anxius
1645 4611 1918 4666 interdum
1953 4613 2130 4678 haesit,
2180 4616 2284 4669 nisi
2332 4615 2473 4671 forte
2507 4632 2608 4672 nos
2635 4631 2740 4672 tam
2768 4619 2998 4692 benigne
3046 4619 3268 4675 fortuna
3299 4618 3625 4689 respexerit,

368 4699 450 4753 vel
482 4699 658 4769 potius
681 4708 834 4754 tanto
860 4698 1003 4756 Deus
1033 4699 1297 4757 beneﬁcio
1324 4701 1706 4765 cumulaverit,
1730 4711 1790 4756 ut
1811 4701 2062 4758 Graecum
2092 4704 2268 4773 ipsum
2300 4705 2596 4776 aliquando
2624 4706 3090 4766 Heortasticarum
3122 4711 3320 4765 harum
3341 4709 3629 4779 exemplar

367 4793 786 4867 nanciscamurl

1254 4905 1324 4945 ει
1360 4904 1546 4946 SEVERI
1583 4905 1906 4946 ANTIOCHENI
1945 4908 2170 4948 Βοκιωλ
2208 4909 2275 4948 DE
2313 4909 2360 4949 S.
2401 4911 2722 4952 ATHANASIO.

437 4984 529 5039 lx.
571 4983 756 5041 Severi
784 4985 1137 5050 Antiocheni,
1171 4985 1372 5042 saeculo
1403 4995 1557 5042 sexto
1583 4987 1982 5055 Aeephalorum
2013 4989 2357 5060 antesignani
2383 5029 2398 5055 ,
2427 4989 2796 5047 laudationem
2831 4993 2883 5046 in
2915 4987 2973 5043 S.
3009 4989 3397 5051 Athanasium,
3431 5002 3497 5042 ex
3525 4987 3629 5058 Sy-

367 5073 518 5130 riaco
551 5075 738 5130 codice
767 5074 890 5132 Vat.
932 5093 1077 5132 chtt
1101 5119 1117 5143 ,
1153 5075 1193 5133 f.
1227 5075 1319 5146 82,
1365 5077 1485 5131 viro
1528 5078 1597 5131 cl.
1633 5075 1721 5130 Fr.
1757 5076 2048 5132 Mebascbo
2084 5078 2400 5147 interprete,
2442 5081 2640 5136 edituri
2691 5095 2933 5145 eramus,
2989 5078 3095 5133 nisi
3138 5078 3304 5132 nimia
3339 5078 3629 5146 pmsentis

367 5170 663 5225 voluminis
702 5171 875 5226 moles
905 5187 1006 5228 nos
1037 5173 1106 5228 ab
1138 5173 1376 5244 incmpto
1406 5173 1786 5228 deterruisset.
1822 5172 2008 5243 itaque
2042 5175 2320 5243 specimen
2366 5177 2775 5241 tantummodo,
2823 5191 2917 5231 seu
2950 5172 3186 5226 delectos
3213 5169 3399 5233 locos,
3438 5168 3493 5220 in
3527 5168 3631 5220 hoc

368 5258 708 5328 prmfationis
751 5260 954 5329 angulo
986 5263 1367 5332 subjiciemus.
1423 5263 1518 5318 Sic
1569 5273 1753 5319 autem
1797 5265 1990 5334 incipit
2037 5265 2312 5319 homilia:
2353 5264 2420 5318 In
2469 5267 2578 5338 lege
2625 5266 2721 5319 illa
2765 5281 2857 5334 per
2908 5263 3144 5334 Moysen:
3198 5259 3312 5312 tata
3347 5257 3626 5310 mandavit

369 5351 604 5405 omnium
629 5350 771 5405 Deus
803 5351 994 5421 (Num.
1031 5369 1124 5420 xx,
1151 5356 1243 5428 26)
1267 5365 1325 5410 ut
1351 5372 1471 5411 cum
1495 5372 1730 5410 summus
1760 5357 2006 5410 sacerdos
2035 5358 2312 5423 prwsentis
2343 5359 2464 5412 vita:
2499 5369 2702 5428 tempus
2737 5361 3068 5429 complesset,
3099 5368 3255 5427 atque
3295 5355 3364 5408 ad
3403 5353 3628 5408 alterius

406 5515 504 5586 ,(ᾳ)
538 5516 655 5567 Cum
677 5517 851 5586 Patres
872 5519 961 5586 qui
979 5517 1199 5586 Syriace,
1221 5516 1486 5586 Armeniee
1511 5519 1591 5566 vel
1614 5517 2147 5586 Copticescripserunt
2167 5517 2227 5586 ad
2261 5517 2564 5586 peculiarem
2589 5518 2773 5568 seriem
2801 5531 2913 5586 quae
2938 5511 3629 5586 Patrologiagrientq‘iisaul

369 5576 494 5638 dict,
525 5579 786 5627 amandare
809 5576 1227 5638 constituerimus,
1251 5593 1350 5629 non
1373 5578 1583 5628 miretur
1617 5576 1776 5630 lector
1799 5576 2130 5630 Heariasticas
2152 5576 2404 5628 Athanasii
2434 5580 2605 5628 Latine
2631 5576 2926 5628 tantum'hic
2947 5576 3174 5634 exhibef"
3219 5577 3626 5638 Textul'Syr'ueo

371 5637 510 5710 locus
530 5651 650 5710 suus
670 5641 972 5710 nondeerit,
990 5637 1266 5710 quanquam
1306 5644 1464 5710 nonis
1488 5639 1834 5710 primigeniam
1858 5639 2024 5704 operis
2047 5639 2360 5692 Atbanasiani
2394 5640 2598 5692 formam
2635 5647 2980 5704 reprmutat,
3019 5649 3196 5703 estque
3233 5640 3430 5710 nonnisi
3466 5637 3630 5692 Grati

372 5702 540 5750 textus
559 5701 807 5763 deperditi
831 5701 1029 5763 antiqua
1053 5701 1323 5754 translatio.
1351 5701 1662 5753 Eni-rﬁPn-n'.
1891 5701 1908 5704 “
2697 5701 2711 5704 ἡ
2966 5701 2972 5703 ⁷
3116 5701 3127 5703 ’
3317 5707 3322 5714 ’
