3794 6226
110 313 136 367 l
147 312 261 368 349
1585 311 1980 369 PBEFATIO.
3272 312 3420 368 .1550

112 439 323 500 optatae
368 436 599 486 beatam
643 441 836 485 metam
866 431 1165 499 transisset,
1206 432 1254 486 is
1282 432 1372 502 qui
1413 431 1598 486 statim
1646 431 1717 485 ad
1756 445 2058 501 supremum
2086 429 2442 484 sacerdotium
2473 429 2868 500 appellaretur,
2895 430 3078 486 eadem
3107 439 3267 498 veste,
3301 446 3418 499 qua

113 537 339 582 mortuo
386 525 648 580 detracta
681 526 892 596 fuisset,
928 527 1254 591 indueretur,
1285 534 1392 581 etc.
1433 525 1524 581 Sic
1551 535 1728 580 autem
1760 526 1957 580 diserte
1990 525 2308 580 mandatum
2343 525 2469 596 fuit,
2501 534 2558 577 ut
2592 526 2667 578 ita
2695 541 2790 578 nos
2818 525 3147 591 doceremur,
3179 533 3419 594 oportere

115 637 238 675 eum
263 621 365 690 qui
389 617 665 681 succedit,
694 632 864 670 mores
897 616 998 669 sibi
1025 616 1239 668 omnino
1265 624 1314 668 et
1337 615 1491 669 verba
1539 616 1658 684 ipsa
1689 615 1774 668 sui
1798 616 2134 684 prtccessoris
2174 617 2433 668 asciscere
2455 655 2470 680 ,
2504 613 2708 685 sibique
2741 617 2974 686 ejusdem
2999 618 3241 670 virtutem
3266 619 3419 670 unice

116 723 456 773 contexere;
487 717 550 762 ut
574 724 739 761 unum
762 706 942 760 credat
973 705 1198 775 populus
1235 722 1345 760 esse
1371 707 1760 770 sacerdotium,
1793 722 1896 759 non
1924 705 2221 774 multiplex.
2269 705 2336 759 Et
2365 709 2527 776 paulo
2563 717 2689 776 post
2716 721 2728 756 :
2757 707 2888 771 Qua:
2918 708 2993 760 vis
3024 707 3298 759 verborum
3337 705 3418 760 vel

117 803 382 872 exiguam
439 800 836 854 Athanasiana:
876 801 1115 856 historia:
1154 814 1356 871 partem
1384 803 1652 873 attingat?
1682 802 1786 856 Hic
1823 803 1916 857 ille
1941 812 2016 857 est
2048 819 2284 856 summus
2309 803 2575 868 sacerdos,
2613 813 2815 872 pastor,
2853 807 3058 867 doctor,
3101 814 3146 854 et
3176 803 3416 856 veritatis

117 896 354 958 athleta,
384 905 511 949 etc.
546 894 651 948 Hic
674 895 738 948 ab
761 897 1096 951 incunabulis
1121 900 1344 968 mystica
1376 900 1607 969 quadam
1633 901 1840 953 ratione
1867 899 2165 953 sacerdotio
2202 916 2256 953 se
2282 900 2537 953 initiavit.
2584 899 2843 970 Sequitur
2886 908 3012 952 nota
3048 898 3136 951 illa
3174 898 3418 953 narratio

119 988 187 1043 de
217 987 546 1056 baptizatis
574 986 759 1055 pueris
804 987 874 1041 ab
922 987 1227 1042 Athanasio
1257 1004 1467 1058 puero;
1501 1005 1610 1058 quo
1651 987 1822 1050 facto,
1855 989 2039 1043 cuncti
2077 988 2156 1041 illi
2185 1003 2307 1043 cum
2337 988 2640 1043 Athanasio
2665 989 2816 1057 pueri
2851 988 2919 1042 ab
2950 987 3261 1042 Alexandro
3299 988 3416 1056 epi-

119 1091 296 1144 scopo
324 1077 388 1129 in
415 1075 676 1130 ecclesia:
702 1076 912 1130 azdibus
933 1077 998 1131 ad
1022 1077 1318 1132 Leviticam
1347 1079 1514 1132 vitam
1551 1088 1605 1133 et
1633 1079 1916 1134 scientiam
1950 1078 2169 1133 educari
2199 1089 2502 1147 coeperunt.
2539 1079 2691 1134 Tunc
2720 1077 2832 1131 Arii
2869 1086 3054 1132 coorta
3086 1076 3300 1141 haeresi,
3329 1077 3417 1130 in-

119 1167 394 1238 dictoque
429 1165 636 1222 Nicaeae
661 1166 915 1231 concilio,
941 1166 1280 1222 Athanasius
1316 1167 1428 1236 jam
1477 1168 1530 1220 in
1562 1168 1754 1222 ordine
1786 1169 2149 1222 diaconorum
2196 1169 2430 1237 primus,
2477 1169 2846 1235 Alexandrum
2899 1168 3210 1228 comitatus,
3251 1166 3305 1219 iu
3346 1181 3413 1220 eo

120 1268 267 1318 cmtu
308 1260 630 1316 fortissime
659 1259 970 1314 decertassc
1002 1258 1222 1314 dicitur.
1272 1258 1474 1316 Sancta
1509 1268 1685 1312 autem
1727 1259 1962 1329 synodus
1987 1298 2003 1323 ,
2055 1258 2235 1328 inquit
2277 1257 2548 1318 Severus.
2579 1260 2819 1311 unanimi
2863 1273 2980 1312 voce
3021 1259 3246 1311 decrevit
3289 1274 3415 1311 con-

122 1353 560 1410 substantialem
582 1370 692 1407 esse
719 1350 874 1406 Patri
901 1353 1070 1421 ipsum
1097 1351 1252 1405 illum
1277 1351 1504 1414 Filium,
1529 1353 1644 1422 qui,
1682 1352 1900 1420 expletis
1933 1352 2272 1422 temporibus,
2302 1360 2516 1422 propter
2558 1363 2796 1406 nostram
2830 1353 3054 1406 salutem
3106 1355 3412 1406 incarnatus

122 1456 221 1514 est,
253 1454 550 1516 totamque
579 1445 1018 1513 dispensationem
1060 1445 1276 1514 peregit.
1319 1443 1455 1498 Item
1482 1442 1744 1513 Spiritum
1771 1457 2014 1500 sanctum
2054 1443 2210 1498 Patri
2236 1462 2298 1499 ac
2327 1445 2469 1499 Filio
2505 1447 2924 1511 connumeravit,
2973 1445 3254 1517 docuitque
3283 1462 3412 1499 cono

123 1538 362 1592 corditer
390 1536 455 1588 in
495 1535 634 1588 hunc
671 1535 831 1588 etiam
860 1550 972 1589 esse
1011 1535 1321 1590 credendum
1358 1553 1378 1590 :
1422 1545 1576 1607 atque
1597 1541 1693 1590 hoc
1730 1538 1968 1591 salutare
1997 1537 2262 1592 decretum
2292 1554 2579 1608 sanamque
2606 1535 2981 1608 professionem
3011 1539 3253 1591 universo
3281 1537 3414 1607 legi-

125 1635 252 1687 time
292 1630 421 1684 orbi
465 1629 716 1692 tradidit,
755 1629 1040 1702 paucisque
1083 1630 1251 1685 verbis
1283 1631 1339 1684 id
1368 1647 1519 1685 omne
1561 1631 1803 1700 definivit
1845 1633 1900 1685 in
1943 1647 2044 1702 quo
2082 1633 2442 1700 baptizamur.
2474 1631 2600 1686 Mox
2634 1639 2819 1685 narrat
2865 1630 3102 1686 Severus
3134 1630 3416 1700 quomodo

123 1732 352 1779 mortuo
379 1721 710 1777 Alexandro
747 1720 914 1776 Marci
951 1720 1133 1775 sedem
1165 1722 1512 1790 occupaverit
1535 1723 1892 1778 Athanasius.
1927 1721 2068 1778 Hinc
2111 1723 2442 1777 Arianorum
2480 1723 2622 1792 apud
2672 1720 3092 1777 Constantinum
3142 1723 3274 1791 imp.
3314 1738 3412 1777 ca-

125 1817 381 1878 lumniae.
433 1817 697 1872 exsilium
728 1814 1011 1871 Athanasii
1039 1829 1212 1884 usque
1251 1813 1531 1880 Treviros,
1577 1825 1632 1870 et
1670 1817 1866 1872 deinde
1909 1818 2119 1874 reditus
2149 1817 2560 1881 Alexandriam,
2593 1818 2764 1873 Roma
2793 1832 2900 1870 non
2949 1817 3116 1871 semel
3148 1817 3408 1870 salutata.

123 1909 262 1963 Item
300 1907 403 1962 alii
440 1907 555 1962 sub
575 1905 741 1960 variis
772 1905 1200 1975 imperatoribus
1226 1905 1443 1980 labores
1467 1907 1734 1977 ejusdem,
1764 1922 1828 1962 ac
1855 1886 2018 1977 l‘ugm,
2052 1917 2107 1962 et
2134 1907 2381 1970 latebrm,
2423 1917 2478 1962 et
2508 1906 2778 1962 interfecti
2817 1904 3029 1960 Arsenii
3087 1903 3294 1966 fabula,
3333 1904 3410 1958 itu

130 2004 187 2049 ut
211 1995 282 2050 de
317 2009 453 2048 XLVI
485 1993 838 2063 episcopatus
881 1992 1041 2048 annis
1061 2031 1077 2058 ,
1119 2007 1215 2050 sex
1243 2002 1456 2049 tantum
1483 1995 1767 2065 quieverit.
1803 1995 2126 2066 Proﬂigatos
2160 1997 2290 2051 item
2323 1996 2392 2050 ab
2423 1996 2724 2051 Athanasio
2756 1997 2887 2051 dicit
2919 1995 3060 2053 duos
3103 1995 3406 2050 Arianismi

129 2087 406 2156 gigantes,
432 2084 716 2154 impurum
744 2082 1056 2138 eunuchum
1089 2083 1405 2148 Leontium,
1429 2098 1483 2140 et
1514 2083 1743 2140 Hosium
1777 2087 1871 2156 qui
1904 2087 2195 2142 ambitiose
2241 2087 2424 2142 sedem
2472 2088 2724 2142 mutavit.
2756 2087 2909 2142 Facit
2938 2098 3117 2142 tamen
3171 2086 3408 2142 Severus

131 2178 477 2233 calumniam
516 2174 703 2238 Hosio,
728 2188 890 2242 quem
915 2184 1248 2244 quantopere
1275 2177 1541 2230 amaverit
1578 2177 1985 2248 laudaveritque
2009 2177 2365 2242 Athanasius,
2408 2188 2554 2247 patet
2600 2193 2665 2232 ex
2701 2177 2819 2248 ejus
2849 2179 3126 2248 cperibus.
3158 2178 3222 2232 Et
3248 2178 3409 2231 Aria-

130 2270 314 2324 nismo
345 2265 583 2336 quidem
614 2272 836 2319 strenue
865 2262 1113 2332 purgavit
1145 2261 1372 2317 Hosium
1413 2263 1498 2317 vir
1541 2264 1612 2318 cl.
1642 2263 1864 2319 Maceda
1904 2265 2097 2336 grandi
2127 2265 2275 2319 edito
2306 2265 2446 2322 libro
2477 2264 2678 2319 Hosius
2712 2281 2826 2320 vere
2856 2267 3058 2322 hosius.
3091 2268 3246 2334 Quod
3277 2282 3410 2320 vero

135 2365 274 2420 idem
310 2362 511 2418 sedem
538 2359 900 2429 episcopalem
932 2359 1255 2427 mutaverit,
1291 2359 1347 2414 id
1371 2359 1532 2430 plane
1560 2358 1762 2415 falsum
1793 2359 2004 2414 videtur
2029 2375 2044 2411 :
2073 2375 2201 2414 nam
2257 2367 2445 2414 contra
2478 2360 2619 2415 hanc
2645 2365 2828 2431 potius
2860 2348 3252 2418 nonnullorum
3289 2363 3411 2433 epi-

136 2473 435 2529 scoporum
465 2454 825 2510 ambitionem
859 2449 1102 2507 condidit
1127 2449 1363 2520 primum
1389 2465 1653 2506 canonem
1688 2448 2068 2505 Sardicensem
2098 2453 2216 2522 ipse
2243 2450 2465 2507 Hosius.
2497 2451 2682 2522 Pergit
2708 2464 2886 2510 autem
2920 2454 3153 2511 Severus
3175 2456 3358 2512 dicere
3388 2471 3402 2507 :

139 2556 253 2610 Arii
280 2552 550 2623 infamem
576 2549 889 2603 sententiam
909 2545 1234 2600 Athanasius
1259 2561 1586 2617 oppugnans,
1613 2555 1864 2612 tanquam
1888 2545 2090 2602 bellicae
2111 2549 2246 2602 artis
2272 2547 2396 2601 bene
2416 2550 2638 2619 peritus,
2665 2547 2798 2602 nulli
2822 2549 2978 2602 simul
3002 2547 3096 2600 alii
3135 2562 3200 2600 ea:
3243 2547 3412 2600 hwre-

138 2651 278 2704 sibus
303 2648 522 2703 aditum
546 2646 626 2700 vel
653 2644 977 2698 occasionem
997 2639 1222 2710 prtobuit
1245 2653 1266 2702 ;
1291 2654 1437 2692 secus
1466 2654 1527 2692 ac
1547 2637 1630 2691 illi
1659 2639 1715 2692 in
1738 2639 1842 2708 fide
1865 2639 2073 2708 reprobi
2100 2655 2154 2694 se
2182 2649 2473 2710 gesserunt.
2497 2639 2765 2694 Diodorus
2789 2649 2944 2710 atque
2971 2638 3294 2703 Theodorus,
3319 2639 3414 2710 qui

141 2763 240 2800 uno
267 2744 424 2799 oculo
450 2749 681 2809 utentes,
720 2741 776 2795 in
803 2739 968 2794 altero
1006 2736 1368 2800 cwcutierunt,
1408 2735 1534 2805 quia
1581 2733 1804 2789 Verbum
1827 2734 1926 2789 Dei
1951 2736 2287 2795 incarnatam
2317 2735 2618 2808 factumque
2661 2738 2944 2799 hominem,
2977 2736 3193 2789 obtentu
3219 2735 3416 2788 Arium

140 2841 436 2912 refutandi,
462 2842 522 2895 in
552 2839 656 2894 duo
681 2838 992 2892 diviserunt.
1016 2833 1141 2888 Non
1163 2833 1242 2886 ita
1265 2841 1440 2887 tamen
1465 2840 1642 2886 noster
1663 2831 1746 2885 hic
1771 2848 2019 2902 magnus,
2055 2834 2145 2903 qui
2189 2834 2429 2904 genuinis
2464 2835 2832 2904 accuratisque
2859 2834 3028 2886 verbis
3059 2849 3186 2885 usus
3209 2842 3310 2886 est.
3352 2827 3418 2886 I'

143 2943 278 2996 enim
301 2939 621 3006 constituit,
652 2955 758 2994 non
778 2937 915 2991 duas
941 2951 1051 2991 esse
1082 2932 1333 2989 dicendas
1369 2939 1488 3002 post
1517 2930 1761 2985 unionem
1789 2930 1848 2985 in
1874 2928 2092 2985 Christo
2121 2939 2368 2994 naturas,
2399 2930 2490 2984 sed
2517 2947 2678 2984 unam
2711 2929 2865 2984 Verbi
2892 2931 3221 2982 incarnatam
3251 2937 3415 2981 natu-

143 3055 276 3100 ram.
304 3047 626 3092 conservata
653 3043 826 3088 tamen
851 3032 1031 3086 divina
1067 3028 1445 3082 humanatione
1477 3025 1835 3092 immutabili,
1875 3025 2178 3096 inconfusa,
2208 3024 2573 3095 inseparabili.
2604 3024 2757 3090 Quod
2784 3024 2900 3093 ejus
2930 3024 3150 3094 c/fatum
3182 3039 3285 3077 non
3325 3025 3409 3093 [e-

145 3144 308 3188 rentes
347 3133 638 3188 Nestorius
661 3131 859 3206 aliique
894 3124 1141 3195 discipuli
1167 3123 1394 3178 Diodori
1423 3139 1485 3177 ac
1512 3121 1795 3188 Theodori,
1823 3120 1969 3174 illius
2003 3121 2072 3174 ad
2104 3119 2407 3190 Epictetum
2439 3118 2717 3188 epistolam
2752 3117 3100 3187 falsarerunt.
3135 3114 3238 3171 Sed
3267 3117 3408 3170 enim

143 3225 287 3279 illam
315 3225 386 3278 ad
414 3225 695 3281 veritatem
719 3223 930 3290 exigens
958 3234 1241 3291 germanus
1267 3217 1550 3271 Athanasii
1574 3215 1867 3287 discipulus
1906 3215 2116 3286 sapiens
2150 3213 2410 3285 Cyrillus,
2443 3215 2587 3268 misit
2611 3213 2680 3266 ad
2700 3223 2914 3268 sanctas
2950 3210 3185 3267 Orientis
3216 3211 3406 3265 Eccle-

146 3322 272 3388 sias,
298 3319 622 3375 Iudaeorum
665 3314 959 3370 fautoribus
989 3331 1044 3369 os
1086 3312 1386 3368 occludens.
1417 3310 1603 3376 Vides,
1635 3311 1829 3378 lector,
1876 3308 2139 3366 Severum
2183 3325 2465 3380 nunquam
2502 3323 2617 3364 suae
2653 3307 2720 3362 de
2751 3305 3004 3360 unica-in
3046 3304 3264 3359 Christo
3305 3320 3405 3358 na-

148 3420 263 3465 tura
297 3411 580 3465 htereseos
609 3409 1002 3461 immemorem.
1029 3403 1150 3458 Jam
1181 3402 1543 3458 Athanasium
1592 3416 1758 3455 unam
1792 3400 1997 3454 dixisse
2028 3397 2124 3452 Dei
2163 3396 2329 3452 Verbi
2360 3398 2702 3452 incarnatam
2741 3401 2992 3448 naturam
3014 3432 3030 3456 ,
3066 3392 3155 3444 alii
3192 3400 3403 3446 veteres

149 3500 433 3567 afﬁrmant,
462 3499 556 3554 alii
587 3505 806 3566 negant,
838 3496 980 3565 apud
1012 3493 1292 3549 Petavium
1329 3492 1407 3546 De
1430 3493 1698 3546 incarnat.
1751 3489 1848 3544 lib.
1887 3504 1964 3554 IV,
1991 3502 2113 3556 cap.
2147 3485 2202 3553 6,
2245 3502 2303 3540 n.
2337 3485 2371 3539 5
2407 3500 2548 3555 seq.,
2591 3487 2684 3555 qui
2718 3486 2858 3540 hanc
2901 3484 3257 3553 quaestionem
3303 3483 3404 3536 do-

146 3592 386 3648 «tissime
410 3591 638 3646 evolvit.
668 3587 839 3642 Porro
865 3595 918 3640 et
953 3600 1055 3639 nos
1083 3583 1289 3640 scimus
1317 3581 1463 3637 aliud
1496 3595 1621 3636 esse
1657 3593 1822 3634 unam
1860 3575 2067 3631 Christi
2107 3586 2362 3629 naturam
2397 3573 2599 3640 dicere,
2633 3574 2782 3627 aliud
2814 3587 2979 3627 unam
3018 3569 3184 3625 Verbi
3220 3569 3403 3623 incar-

157 3691 326 3739 natam
357 3691 638 3736 naturam.
691 3676 797 3732 Sed
823 3676 966 3746 quod
995 3675 1166 3745 pluris
1193 3682 1296 3741 est,
1341 3674 1507 3728 verba
1536 3673 1652 3727 haec
1696 3671 1751 3724 in
1791 3668 2077 3724 Athanasii
2113 3667 2182 3721 ad
2228 3665 2524 3736 Epictetum
2562 3667 2789 3736 epistola
2822 3682 2930 3720 non
2974 3665 3206 3734 legitur;
3249 3670 3400 3717 totus

151 3776 255 3831 imo
286 3779 436 3832 illius
470 3782 760 3833 contextus
788 3773 926 3827 duas
955 3771 1011 3824 in
1043 3768 1263 3824 Christo
1291 3774 1517 3822 naturas
1549 3765 1779 3827 astruit;
1813 3773 1869 3818 et
1907 3762 2132 3817 nonnisi
2161 3763 2215 3815 in
2255 3762 2444 3831 spurio
2477 3760 2710 3828 quodam
2737 3759 3023 3831 opusculo,
3048 3759 3113 3812 de
3142 3772 3252 3825 quo
3297 3752 3400 3809 Pe-

153 3873 321 3928 tavius
346 3874 456 3929 loc.
485 3873 604 3938 cit.,
633 3885 697 3925 ea
732 3867 938 3922 locutio
964 3863 1254 3935 superfuit.
1279 3862 1671 3929 Quamobrem,
1700 3860 1808 3915 nisi
1830 3873 1968 3912 vana
1992 3870 2224 3926 prorsus
2254 3863 2445 3909 narrat
2477 3853 2734 3919 Severus,
2767 3853 2854 3907 illa
2887 3854 3042 3905 unius
3079 3860 3287 3938 natura:
3315 3848 3399 3900 di-

152 3972 232 4017 cto
257 3957 723 4035 a‘Monophysitis
747 3960 925 4029 potius
953 3956 1117 4013 alicui
1141 3952 1438 4024 exemplari
1473 3950 1717 4021 epistola:
1744 3948 2134 4003 Athanasianze
2163 3946 2390 4024 obtrusa
2423 3941 2595 3998 fuisse
2627 3943 2863 4008 videtur,
2889 3955 3055 4011 quam
3089 3937 3328 4035 indidem
3363 3950 3396 3990 a

153 4030 508 4112 Nestorianis-
533 4030 829 4111 subtracta.
883 4052 1066 4124 Cyrilli
1111 4049 1330 4120 quidem
1383 4047 1646 4103 adversus
1691 4041 1991 4099 Diodorum
2065 4056 2132 4096 ac
2178 4037 2525 4094 Theodorum
2574 4036 2886 4106 complures
2940 4047 3043 4087 nos
3099 4030 3392 4124 reliquias,

151 4162 214 4201 ex
239 4148 407 4220 ipsius
434 4148 625 4205 Severi
657 4162 722 4202 ac
743 4119 971 4201 Joannis
995 4140 1360 4197 Caesareensis
1390 4137 1610 4208 scriptis
1635 4135 1857 4191 incditis
1878 4134 2128 4200 haustas,
2175 4131 2230 4186 in
2273 4130 2515 4187 secundo
2563 4127 2728 4197 hujus
2750 4124 3093 4182 Bibliotheca:
3115 4119 3396 4177 volumine

153 4236 434 4295 edidimus.
