3794 6226
141 287 284 342 1555

1394 276 1791 346 CHRONlCON
1829 281 2185 345 PILEVIUM.

3292 285 3430 343 1554

142 417 275 472 pere
303 411 555 458 vocatus
581 399 681 458 fuit
703 404 1002 460 Czesaream
1031 393 1333 462 Palzestinze
1362 407 1429 462 ad
1454 408 1746 479 synodum,
1778 415 1825 470 Α
1854 405 1990 460 Exin
2023 415 2218 480 quarta
2247 405 2335 462 die
2382 406 2677 477 Gregorius
2713 404 3005 478 Cappadox
3043 405 3324 476 ingressus
3347 415 3430 461 est

141 495 236 550 ubi
281 495 412 564 ejus
450 496 669 551 inimici
702 496 1076 553 fraudulentas
1103 501 1386 555 machinas
1426 501 1745 567 struebant;

141 600 334 640 verum
368 585 499 655 ipse
533 586 765 642 insidias
793 589 1177 658 praesentiens,
1222 592 1577 647 excusatione
1617 607 1750 646 usus

141 683 247 739 est,
281 678 600 746 quominus
631 678 758 732 illuc
787 681 1260 748 proﬁcisceretur.-

210 762 332 820 lloc
363 781 530 821 anno
555 767 676 838 (Ca.
708 768 835 839 555)
874 769 1153 826 Dominica
1182 769 1472 827 Paschalis
1500 780 1618 827 erat
1663 771 1751 828 die

141 873 230 911 xlv
253 857 780 927 Pharmuthi,lun:c
805 878 896 926 xx,
915 861 971 934 4
994 879 1051 916 ιιι
1070 862 1187 916 Kal.
1212 865 1434 934 Aprilis,
1454 866 1748 920 indictione

142 961 260 1009 vm,
286 958 496 1018 cpacta
525 967 620 1013 xu,
644 953 868 1006 deorum
890 971 951 1019 ιι,
973 956 1291 1010 consulibus
1313 955 1633 1011 Constantio
1669 955 1745 1026 (7)

143 1045 196 1090 et
220 1036 468 1106 Albino,
505 1042 845 1110 gubernante
867 1045 1056 1100 eodem
1092 1044 1325 1102 Paterno
1361 1045 1578 1119 ZEgypti
1611 1063 1750 1118 praua

143 1127 310 1184 festo.

209 1219 332 1278 Hoc
385 1240 547 1279 anno
589 1223 710 1295 (Cn.
755 1221 879 1298 556)
928 1227 1208 1285 Dominica
1227 1231 1748 1289 Paschaliseratuie

142 1330 278 1370 xxut
314 1315 680 1381 Pharmuthi,
709 1318 852 1372 luna:
879 1335 971 1385 xx,
1009 1338 1100 1375 XIV
1123 1321 1243 1377 Kal.
1275 1323 1425 1389 Maii,
1451 1325 1746 1382 indictione

146 1426 195 1462 lx
220 1451 236 1475 ,
264 1418 470 1480 cpacta
505 1426 679 1477 χχιιι,
712 1410 939 1466 deorum
974 1429 1060 1478 ιν,
1097 1417 1416 1471 consulibus
1445 1416 1745 1487 Nepotiano

142 1509 193 1553 et
213 1498 514 1562 Facundo,
537 1502 873 1571 gubernante
893 1500 1170 1573 Philagrio
1184 1504 1504 1574 Cappadoce
1521 1506 1742 1578 IEgypti

145 1590 428 1660 praefecto.
481 1591 599 1648 Hoc
647 1609 793 1648 anno
837 1595 1116 1664 profectus
1146 1606 1228 1651 est
1259 1597 1638 1669 (Athanasius)
1673 1600 1741 1654 ad

143 1683 418 1753 synodum
449 1724 465 1750 ,
495 1700 660 1754 quam
693 1685 812 1754 ejus
841 1687 1046 1742 inimici
1080 1697 1374 1756 coegerunt
1403 1689 1552 1760 Tyri.
1615 1689 1738 1745 Dis-

1852 499 2043 554 urbem
2079 508 2336 572 tanquam
2369 501 2660 569 episcopus
2693 498 2828 571 (lO).

1924 591 2037 648 Hoc
2066 608 2209 649 anno
2242 593 2361 665 (Cn.
2392 592 2519 662 540)
2555 593 2836 647 Dominica
2869 591 3155 648 Paschatis
3185 597 3302 644 erat
3339 589 3432 644 dia

1851 691 1944 738 xlv
1971 683 2084 755 (li)
2106 683 2451 748 Pharmuthi,
2476 683 2619 739 luna:
2639 701 2729 749 xv,
2756 700 2815 739 ιιι
2839 682 2960 738 Kal.
2984 682 3206 752 Aprilis,
3233 689 3427 752 epacta

1853 788 1924 829 vlt
1943 816 1960 840 ,
1989 774 2215 829 deorum
2244 789 2320 838 ιι,
2355 773 2652 828 indictione
2683 789 2805 839 xm,
2837 773 3158 828 consulibus
3181 771 3238 842 6
3260 769 3426 824 Acin-

1849 868 1993 937 dyno
2025 877 2080 924 ct
2130 867 2325 923 Proclo
2356 865 2467 938 (12)
2492 902 2507 931 ,
2549 867 2884 936 gubernante
2927 866 3116 920 eodem
3148 861 3425 930 Philagrio

1850 957 2067 1030 [Egypli
2107 957 2384 1029 praefecto.
2433 960 2570 1014 Cum
2597 957 2886 1030 Gregorius
2916 955 3289 1026 oppressionis
3311 970 3424 1008 sum

1847 1063 2002 1106 actus
2031 1060 2272 1121 augeret,
2307 1052 2428 1108 ideo
2454 1051 2688 1107 nonfuit
2715 1051 2916 1118 scripta
2945 1047 3149 1103 festalis
3170 1045 3420 1116 epistola.

1848 1140 2210 1209 Quamobrem
2250 1159 2374 1199 cum
2424 1145 2613 1200 Ariani
2666 1142 2918 1216 (Pascha)
2975 1143 3031 1196 in
3081 1141 3222 1196 diem
3271 1151 3422 1193 χιιι-ιι

1845 1231 2181 1289 Phamenoth
2204 1235 2548 1304 indixissent,
2573 1237 2744 1292 multo
2764 1234 2897 1290 risui
2921 1234 2991 1288 ob
3013 1233 3161 1288 hunc
3179 1247 3419 1287 errorem

1847 1325 2099 1392 fuerunt;
2130 1330 2222 1397 qui
2261 1336 2437 1382 tamen
2476 1327 2656 1382 media
2683 1327 2735 1381 in
2765 1325 3184 1394 Quadragesima
3212 1333 3420 1378 mutata

1846 1419 2112 1472 sententia
2139 1457 2152 1483 ,
2204 1417 2412 1473 Pascha
2446 1418 2732 1474 nobiscum
2761 1427 2989 1488 egerunt
3015 1416 3102 1472 die
3132 1429 3222 1469 xlv
3251 1413 3423 1467 Phar-

1846 1511 2040 1577 muthi,
2061 1521 2120 1565 ut
2143 1527 2305 1581 supra
2336 1511 2538 1567 dictum
2561 1520 2672 1576 est;
2699 1525 2861 1580 quem
2889 1506 3251 1564 solemnitatis
3275 1504 3419 1560 diem

1845 1603 2168 1673 signiﬁcavit
2198 1605 2529 1661 Athanasius
2578 1603 2910 1674 presbyteris
2949 1599 3291 1656 Alexandria:
3325 1613 3420 1668 per

1844 1690 2062 1746 brevem
2093 1694 2376 1764 epistolam
2398 1733 2414 1760 ,
2445 1694 2572 1763 quia
2605 1707 2713 1745 non
2741 1691 2920 1762 potuit
2951 1689 3198 1746 consueti
3249 1689 3419 1742 moris

141 1778 306 1833 cessit
337 1779 478 1833 hinc
529 1779 587 1850 (i.
619 1794 667 1833 e.
704 1795 773 1834 ex
816 1778 1070 1852 Egypto)
1106 1780 1194 1834 die
1225 1796 1338 1834 xvn
1374 1779 1567 1850 Epiphi
1596 1801 1608 1837 :
1639 1783 1734 1838 sed
1766 1761 1810 1817 Β
1839 1782 2052 1836 mittere
2089 1761 2375 1852 epistolam
2406 1761 2627 1852 propter
2654 1761 2834 1853 fugam
2873 1790 2926 1836 et
2955 1779 3344 1850 proditionem.

141 1869 447 1938 compertis
470 1870 737 1926 adversus
754 1885 812 1925 se
829 1870 1343 1938 machinationibus,
1365 1871 1509 1945 Tyro
1531 1889 1588 1930 se
1605 1874 1734 1930 sub-

143 1959 297 2014 duxit
315 2001 330 2022 ,
363 1970 422 2016 et
448 1962 733 2016 maritimo
760 1963 951 2018 itinere
976 1964 1511 2036 Constantinopolim
1538 1966 1730 2037 profu-

143 2050 253 2119 git;
290 2067 406 2121 quo
434 2067 566 2107 cum
596 2052 683 2107 die
719 2068 759 2106 ιι
795 2054 968 2124 Athyr
997 2057 1371 2124 pervenisset,
1416 2065 1610 2112 octavo
1645 2057 1733 2113 die

144 2150 262 2211 post
293 2143 434 2196 adiit
461 2142 850 2213 imperatorem
878 2139 1319 2212 Constantinum,
1350 2147 1578 2218 ejusque
1603 2165 1731 2217 gra-

147 2232 270 2287 tiam
302 2235 546 2304 adcplus
571 2246 674 2290 est.
701 2235 806 2289 Sed
847 2236 992 2290 enim
1023 2235 1184 2290 iidem
1211 2237 1329 2306 ejus
1356 2237 1540 2294 hostes
1563 2239 1731 2295 variis

146 2325 438 2383 calumniis
499 2327 881 2397 imperatorem
923 2329 1026 2399 ipsi
1074 2329 1349 2385 infensum
1400 2330 1727 2394 eﬂ‘ecerunl;

145 2420 502 2486 quamobrem
539 2419 780 2476 subitum
830 2423 878 2476 ei
927 2422 1178 2478 exsilium
1221 2423 1498 2478 decretum
1531 2424 1650 2492 fuit,
1679 2434 1734 2480 et

147 2508 229 2563 die
265 2526 312 2585 xy
340 2510 524 2584 Athyr
562 2513 695 2568 abiit
755 2514 808 2567 in
861 2512 1060 2570 Gallias
1106 2515 1174 2569 ad
1207 2515 1554 2570 Constantem
1611 2518 1732 2571 Ca:—

148 2614 318 2655 sarem
355 2602 596 2673 Augusti
623 2603 814 2659 lilium.
843 2597 1134 2676 Propterea
1163 2605 1410 2661 festalem
1445 2607 1730 2678 epistolam

148 2704 249 2744 non
287 2693 534 2762 scripsit.

213 2775 327 2834 Hoc
368 2796 520 2836 anno
565 2781 684 2852 (Ca.
712 2782 837 2855 557)
865 2782 1150 2840 Dominica
1183 2783 1470 2843 Paschalis
1492 2797 1608 2842 erat
1646 2788 1733 2844 die

147 2869 765 2938 vaharmuthifluua:
789 2892 900 2940 xvt,
922 2891 978 2930 tv
993 2874 1176 2930 Nonas
1194 2877 1414 2946 Aprilis,
1436 2880 1732 2935 indictione

152 2978 202 3023 x,
226 2974 414 3031 cpacta
443 2981 523 3034 ιν,
559 2966 786 3021 deorum
809 2983 864 3033 v,
905 2970 1224 3024 consulibus
1251 2969 1524 3025 Feliciano
1549 2981 1602 3026 et
1642 2971 1733 3025 Ti-

150 3055 309 3123 tiano,
335 3057 682 3126 gubernante
703 3057 979 3129 Philagrio
1007 3061 1326 3132 Cappadoce
1351 3061 1570 3134 Egypti
1593 3079 1731 3133 palae-

151 3144 303 3203 iecto.
347 3149 494 3204 Cum
537 3161 849 3207 versaretur
871 3153 1249 3224 (Athanasius)
1287 3155 1465 3210 adhuc
1491 3155 1730 3212 Treviris

150 3239 199 3292 in
229 3240 448 3310 Galliis,
492 3245 776 3314 epistolam
816 3245 1065 3301 festalem
1103 3247 1343 3302 scribere
1374 3264 1482 3302 non
1534 3251 1727 3319 potuit.

215 3333 263 3404 5
292 3334 407 3392 Hoc
441 3353 591 3392 anno
638 3337 755 3408 (Cn.
789 3338 915 3400 558)
972 3336 1256 3393 Dominica
1299 3337 1582 3395 Paschalis
1613 3351 1732 3396 erat

148 3423 229 3478 die
255 3439 360 3479 xxx
395 3425 725 3481 Pharmuthi
746 3468 761 3491 ,
793 3443 868 3481 vn
899 3425 1018 3480 Kal.
1052 3426 1278 3496 Aprilis,
1311 3426 1454 3480 luna:
1482 3443 1608 3493 xix,
1646 3428 1731 3481 in-

151 3514 377 3572 dictione
399 3535 484 3580 xt,
517 3529 703 3588 cpacta
727 3533 801 3571 xv
820 3559 834 3584 ,
863 3518 1089 3572 deorum
1119 3533 1207 3585 v1,
1235 3517 1556 3573 consulibus
1586 3516 1728 3573 Urso

151 3615 200 3657 et
258 3605 536 3672 Polemio,
599 3609 937 3676 gubernante
986 3607 1275 3664 Theodoro
1327 3608 1726 3681 lleliopolilano

153 3691 360 3766 Egypti
383 3697 664 3768 praefecto.
701 3698 817 3754 Hoc
852 3715 996 3754 anno
1041 3715 1165 3755 cum
1206 3703 1293 3757 die
1332 3718 1481 3757 xxvn
1506 3703 1727 3759 Pachon

151 3799 392 3845 mortuus
420 3800 571 3846 esset
597 3791 1014 3857 Constantinus,
1047 3793 1309 3848 dimissus
1333 3792 1438 3850 fuit
1461 3796 1727 3865 (Athana-

154 3877 302 3948 sius),
334 3891 387 3936 et
410 3884 503 3938 die
524 3899 675 3936 xxvn
709 3883 881 3955 Athyr
911 3885 978 3938 de
1010 3883 1204 3942 Galliis
1237 3901 1361 3942 cum
1412 3888 1586 3958 gloria
1633 3904 1723 3944 re-

152 3983 328 4028 versus
355 3985 463 4030 est.
485 3974 686 4030 Eodem
718 3979 819 4031 hoc
862 3992 1006 4030 anno
1029 3979 1199 4032 multa
1225 3979 1560 4037 acciderunt.
1603 3981 1720 4036 Ma-

153 4074 279 4129 gnus
309 4064 398 4120 ille
426 4069 771 4138 hegumenus
801 4069 1070 4124 Antonius
1109 4069 1496 4126 Alexandriam
1549 4074 1720 4141 venit,

154 4153 416 4228 biduoque
447 4169 660 4214 tantum
703 4160 814 4214 illic
846 4171 1087 4216 moratus
1112 4203 1128 4227 ,
1169 4171 1224 4217 et
1268 4164 1452 4220 multis
1489 4167 1719 4234 patratis

156 4247 421 4306 miraculis
450 4251 550 4324 (8),
581 4253 879 4323 multisque
904 4255 1199 4310 valetudini
1223 4255 1483 4321 redditis,
1537 4257 1624 4312 die
1660 4272 1718 4310 ιιι

155 4341 344 4396 mensis
371 4341 574 4398 Mesuri
604 4343 875 4399 discessit.

1907 1870 2019 1927 lloc
2058 1888 2203 1928 anno
2236 1873 2355 1942 (Cn.
2385 1871 2510 1943 5H)
2539 1871 2819 1926 Dominica
2858 1869 3141 1924 Paschalis
3183 1875 3301 1923 erat
3330 1869 3417 1922 die

1835 1980 1964 2020 xxiv
1979 1959 2327 2030 Pharmuthi,
2346 1965 2489 2019 luam
2506 1979 2615 2032 xvr,
2633 1979 2729 2018 xm
2749 1961 2870 2016 Kal.
2889 1961 3035 2027 Maii,
3055 1968 3244 2030 cpacta
3263 1974 3415 2026 xvui,

1834 2055 2060 2110 deorum
2086 2070 2168 2120 ιιι,
2207 2054 2504 2110 indictione
2528 2069 2642 2119 xlv,
2672 2053 2991 2108 consulibus
3020 2051 3333 2106 Marcellino
3361 2059 3418 2106 et

1832 2144 2072 2200 Prohino
2095 2185 2109 2211 ,
2142 2147 2476 2216 gubernante
2505 2145 2751 2217 Longino
2777 2144 2996 2200 Nicaeno
3026 2142 3244 2214 Egypti
3271 2159 3414 2212 prac-

1833 2237 1997 2294 fecto.
2022 2237 2272 2294 Schisma
2294 2237 2397 2294 fuit
2421 2240 2473 2292 in
2494 2237 2921 2310 Augustamnica
2942 2245 3167 2308 propter
3189 2251 3414 2291 moran-

1836 2339 1940 2385 tem
1975 2331 2030 2385 in
2081 2331 2215 2386 urbe
2259 2329 2580 2402 Gregorium
2629 2343 2792 2400 quam
2828 2328 3208 2398 opprimebat,
3239 2327 3414 2382 donec

1834 2421 2134 2478 conflictari
2174 2422 2366 2483 morbo
2398 2421 2594 2492 coepit;
2635 2429 3031 2492 preptereaque
3061 2433 3201 2489 papa
3243 2415 3416 2474 festa-

1833 2512 1939 2569 lcm
1973 2514 2254 2585 epistolam
2294 2529 2402 2569 non
2435 2507 2670 2584 scripsit.

1907 2605 2022 2661 Hoc
2059 2621 2203 2661 anno
2239 2605 2356 2675 (Ca.
2392 2607 2516 2676 5'19)
2551 2605 2832 2659 Dominica
2861 2595 3147 2658 Paschalis
3178 2608 3297 2656 erat
3323 2599 3413 2654 d'e

1834 2712 1925 2752 xvt
1957 2696 2307 2764 Pharmuthi,
2343 2697 2485 2752 lunae
2516 2713 2606 2751 xvr
2627 2737 2642 2762 ,
2693 2711 2753 2750 ιιι
2783 2695 2910 2750 ldus
2939 2692 3137 2764 Aprilis
3162 2731 3177 2756 ,
3220 2698 3412 2761 cpacta

1832 2805 1984 2855 xxix,
2013 2792 2237 2847 deorum
2268 2806 2342 2858 tv,
2368 2791 2663 2845 indictione
2689 2804 2777 2850 xv,
2804 2788 3120 2843 consulibus
3143 2784 3414 2840 Constan-

1835 2883 1911 2938 tio
1963 2899 2023 2937 nt
2077 2891 2130 2937 et
2161 2883 2458 2937 Constante
2493 2899 2563 2945 ιι,
2592 2881 2924 2952 gubernante
2951 2878 3138 2934 codem
3168 2876 3414 2947 Longino

1832 2973 2054 3028 Nicaeno
2076 2973 2294 3045 IEgypli
2323 2973 2596 3044 prafecto.
2623 2972 2759 3027 Cum
2789 2973 3025 3041 graviter
3043 2979 3330 3036 aegrotaret
3355 2969 3410 3022 iu

1833 3065 1968 3120 urbe
1999 3064 2572 3135 Gregorius,-idcirco
2611 3079 2749 3136 papa
2805 3063 3020 3119 mittere
3075 3062 3410 3134 (epistolam)

1833 3174 1938 3211 non
1968 3157 2162 3225 potuit.

1903 3249 1952 3319 7
1987 3247 2098 3304 Hoc
2148 3263 2294 3302 anno
2349 3247 2468 3318 (Cn.
2497 3246 2623 3318 545)
2666 3244 2947 3300 Dominica
2974 3243 3258 3298 Paschalis
3290 3250 3410 3297 erat

1830 3339 1918 3394 die
1954 3355 1970 3393 1
1999 3338 2320 3411 Pharmuthi
2343 3377 2356 3402 ,
2389 3339 2534 3392 luna:
2559 3353 2664 3404 xv,
2692 3351 2748 3392 γι
2784 3335 2904 3389 Kal.
2947 3334 3184 3404 Aprilis,
3217 3340 3410 3402 cpacta

1829 3446 1916 3494 xi,
1965 3431 2190 3485 deorum
2226 3447 2293 3497 v,
2323 3431 2618 3486 indictione
2650 3445 2704 3496 ι,
2736 3427 3053 3484 consulibus
3097 3423 3318 3481 Placido
3352 3434 3409 3479 et

1829 3516 2084 3582 Romulo,
2126 3519 2460 3590 gubernante
2491 3517 2683 3574 eodem
2711 3517 2957 3587 Longino
2986 3515 3208 3572 Nicaeae
3240 3513 3408 3586 Egy-

1826 3610 1904 3680 pli
1951 3609 2228 3680 praefecto.
2286 3607 2402 3665 Hoc
2427 3625 2573 3665 anno
2599 3609 2786 3664 habita
2823 3607 2927 3664 fuit
2949 3607 3189 3679 synodus
3211 3606 3403 3661 Sardi-

1826 3718 1904 3758 ca:
1941 3703 2054 3774 (15)
2089 3720 2103 3757 :
2139 3718 2243 3772 qua
2279 3717 2338 3758 re
2370 3703 2619 3774 cognita,
2658 3701 2847 3756 Ariani
2888 3699 3307 3770 Philippopolim
3345 3714 3406 3754 se

1826 3795 2193 3850 contulerunt.
2229 3793 2477 3864 Cumque
2501 3792 2810 3863 Philagrius
2838 3793 2928 3847 eis
2951 3801 3140 3847 auctor
3167 3798 3314 3846 esset
3345 3800 3405 3845 ut

1826 3891 1880 3943 in
1905 3887 2010 3942 hac
2041 3887 2175 3942 urbe
2201 3885 2468 3956 synodum
2493 3894 2766 3955 cogerent,
2792 3884 2895 3954 ipsi
2917 3884 3158 3954 quolibet
3197 3882 3249 3937 in
3280 3882 3403 3938 loco

1823 3978 2307 4046 vituperabantur,
2364 3974 2932 4045 excommunicatique
2965 3974 3189 4030 fuerunt
3235 3975 3399 4029 etiam

1824 4069 1894 4124 ab
1929 4067 2173 4122 Ecclesia
2204 4065 2476 4122 Romana.
2513 4064 2580 4119 Et
2604 4081 2728 4120 cum
2750 4065 2816 4120 de
2849 4079 2950 4120 sua
2983 4063 3301 4134 poenitentia
3333 4065 3400 4118 ad

1824 4176 2019 4230 papam
2049 4159 2411 4214 Athanasium
2446 4157 2830 4227 scripsissent,
2880 4157 3076 4228 puduit
3107 4157 3397 4212 Arsacium

1823 4261 1989 4320 atque
2022 4249 2302 4305 Valentem
2338 4248 2575 4304 Sardicte
2612 4249 2680 4304 de
2711 4249 3072 4304 conventione
3109 4248 3257 4302 circa
3296 4246 3401 4301 Pa-

1823 4344 1953 4400 scha
1984 4341 2125 4398 facta
2148 4361 2164 4410 ;
2185 4351 2240 4398 et
2262 4341 2539 4396 decretum
2567 4341 2635 4395 ad
2665 4355 2841 4395 annos
2869 4339 3264 4410 quinquaginta
3294 4339 3399 4392 du-

215 4427 326 4486 lloc
352 4449 498 4489 anno
540 4434 659 4504 (Cn.
685 4436 810 4504 559)
854 4435 1134 4492 Dominica
1162 4437 1446 4494 Paschalis
1479 4451 1596 4494 erat
1625 4439 1714 4495 die
1744 4453 1790 4509 ι)
1819 4443 2066 4488 raturum
2091 4434 2396 4496 ediderunt,
2430 4430 2891 4502 quemadmodum
2931 4429 3133 4498 ubique
3165 4428 3399 4483 Romani

155 4531 218 4570 xx
242 4519 583 4593 Pharmuthi,
608 4527 750 4582 luna:
776 4544 868 4594 xx,
895 4544 1004 4582 xvn
1028 4528 1147 4585 Kal.
1177 4528 1325 4598 Maii,
1350 4541 1539 4600 cpacta
1566 4548 1713 4598 xxvi,

155 4611 364 4671 deorum
387 4635 487 4684 vn,
522 4621 817 4676 indictione
841 4638 941 4689 xu,
973 4625 1292 4680 consulibus
1325 4627 1646 4681 Constantio
1673 4644 1712 4682 ιι

155 4709 204 4754 et
234 4704 525 4766 Constante
559 4704 674 4783 (9)’,
707 4713 1041 4782 gubernante
1087 4713 1363 4786 Philagrio
1395 4717 1715 4787 Cappadoce

156 4790 358 4868 Egypli
382 4802 655 4873 praefecto.
690 4804 803 4860 lloc
825 4820 969 4859 anno
990 4805 1175 4861 multis
1198 4808 1484 4862 concitatis
1507 4811 1715 4863 tumul-

158 4884 287 4944 tibus
307 4933 322 4958 ,
370 4896 631 4964 quaesitus
661 4894 763 4950 fuit
795 4895 1172 4967 (Athanasius)
1207 4912 1238 4950 a
1269 4899 1713 4966 persecutoribus

156 4987 303 5032 nuctu
351 4999 466 5038 χχιι
504 4983 886 5052 Phamenoth;
938 4986 1033 5040 sed
1075 4987 1311 5040 crastina
1359 4988 1446 5041 die
1476 4987 1614 5060 fugit
1643 5006 1711 5044 ex

158 5061 375 5129 Thoante
394 5076 644 5141 ecclesia,
672 5087 961 5148 postquam
990 5077 1190 5134 multos
1218 5078 1290 5133 ibi
1315 5079 1705 5149 baptizaverat.

222 5223 291 5300 (7)
318 5227 436 5300 Syr.
471 5231 839 5288 Constantino.

319 5297 484 5373 _S_yrus
514 5303 761 5373 imperite
791 5303 956 5358 multa
984 5306 1301 5360 admiratus.

220 5362 289 5432 (9)
323 5362 443 5427 Vice
475 5362 629 5428 vers'a
683 5372 852 5444 Syrus
905 5378 1164 5432 mendose
1217 5379 1526 5433 Constantio
1583 5394 1600 5433 ι
1661 5389 1712 5434 et

159 5425 435 5496 Constante
445 5425 657 5497 iterum.

221 5503 324 5591 S10)
351 5509 542 5567 Narrat
565 5515 686 5591 haec
723 5515 1056 5572 Athanasius
1096 5520 1209 5589 ipse
1238 5520 1290 5573 in
1325 5518 1605 5591 Eurydica
1635 5523 1704 5577 ad

160 5583 403 5646 Cpt‘sicopos
421 5622 436 5645 ,
479 5599 535 5638 ιι.
563 5584 617 5638 5.

513 5657 726 5722 mensis.

225 5715 326 5789 (12)
357 5715 497 5778 Fast.
527 5721 775 5780 Proculo.

451 5823 723 5886 PATBOL.
772 5822 886 5883 Gn.
937 5821 1168 5884 XXVI.

1819 4535 1982 4596 atque
2019 4522 2371 4579 Alexandrini
2405 4536 2709 4592 proponere
2755 4520 3023 4576 solebant.
3062 4519 3398 4577 Athanasius

1817 4631 2036 4688 qucque
2068 4614 2313 4670 l‘estalem
2345 4613 2630 4683 epistolam
2666 4612 2906 4682 scripsit.

1888 4712 2003 4768 lloc
2037 4726 2181 4766 anno
2233 4709 2350 4780 (Cu.
2375 4708 2502 4780 SM)
2535 4707 2820 4763 Dominica
2851 4706 3136 4763 Paschalis
3164 4715 3283 4761 erat
3308 4706 3396 4763 die

1817 4820 1889 4859 xx
1917 4803 2417 4867 Pharmuthi,lunaa
2438 4816 2552 4867 xlx,
2577 4815 2688 4854 xvn
2716 4798 2834 4853 Kal.
2866 4798 3012 4864 Maii,
3051 4809 3239 4866 epacta
3275 4815 3393 4866 xxi,

1815 4896 2043 4951 deorum
2073 4911 2147 4955 νι,
2181 4893 2474 4948 indictione
2502 4907 2563 4957 ιι,
2594 4892 2913 4946 consulibus
2935 4891 3162 4946 Leontio
3183 4901 3242 4948 et
3269 4893 3392 4948 Sal-

1817 4988 2019 5054 lustio,
2053 4989 2388 5056 gubernante
2417 4985 2658 5040 Palladio
2686 4984 2734 5048 (l
2751 4983 2798 5054 ι)
2824 4983 2954 5038 Italo
2988 4982 3207 5056 .‘Egypti
3246 4999 3389 5055 prae-

1815 5078 1976 5136 fecto.
2038 5077 2176 5131 Cum
2210 5076 2462 5131 rediisset
2491 5072 2865 5145 (Athanasius)
2907 5089 2938 5127 a
2971 5074 3180 5144 synodo
3209 5073 3391 5131 Naissi

1889 5233 2000 5304 (l3)
2036 5229 2354 5304 Enﬂannus
2409 5229 2603 5301 synodi
2657 5227 3388 5304 catholicae_Sardiniensis,

1815 5299 2008 5372 nempe
2053 5303 2159 5357 545
2189 5320 2203 5357 :
2235 5319 2302 5357 en
2335 5299 2464 5372 item
2497 5316 2674 5355 annus
2713 5299 2905 5372 synodi
2942 5299 3158 5372 Arianae
3179 5339 3193 5364 ,
3226 5304 3389 5371 vulgo

1815 5368 2206 5445 pariter_dictae
2232 5370 2574 5445 Sardioensis
2594 5411 2609 5436 ,
2661 5368 2757 5445 sed
2787 5370 2966 5445 potius
2996 5368 3390 5445 Philippopoli-

1815 5438 1973 5499 ianaa.
2005 5442 2164 5497 Errat
2187 5459 2316 5514 ergo
2346 5438 2610 5505 Mansius,
2637 5441 2737 5514 qui
2763 5438 2916 5514 ponit
2942 5441 3085 5514 hanc
3115 5438 3384 5514 synodum
3423 5455 3426 5458 ‘

1814 5516 1871 5569 in
1923 5529 2068 5568 anno
2100 5514 2206 5567 544
2231 5509 2562 5580 ,ἰιιιι1ιοίιυθ
2601 5509 2772 5581 magis
2812 5509 3254 5565 MamachiusDe
3280 5525 3384 5570 rat.

1815 5595 1968 5653 temp.
2008 5585 2235 5647 Alliam,
2263 5583 2558 5653 quigtrahit
2583 5581 2635 5634 in
2668 5597 2872 5653 annum
2904 5581 3030 5653 547τ

1886 5649 1996 5724 (14)
2025 5649 2299 5707 Palladius
2324 5651 2542 5723 {Egypli
2569 5649 2857 5721 praefectus
2895 5651 3038 5720 apud
3073 5649 3387 5710 Theodore-

1886 5744 1927 5778 [ιι
1985 5725 2125 5778 Hist.
2153 5724 2247 5778 lib.
2279 5740 2329 5778 Iv
2380 5725 2468 5777 22.

1815 5738 1927 5781 tum
1985 5725 2125 5779 Hist.
2153 5725 2247 5780 lib.
2279 5740 2329 5778 tv
2380 5725 2468 5777 22.

2995 5812 3072 5872 43
