3794 6226
374 296 518 367 i355

983 298 1041 356 S.
1084 291 1454 352 ATHANASII
1488 290 1635 346 OPP.
1676 282 1862 342 PARS
1904 281 1967 335 ll.
2010 308 2078 321 -
2114 272 2476 331 EPISTOLE
2515 259 3047 327 llEDHTASTlCE.

3501 256 3654 312 1555

372 424 558 480 habita
577 464 591 490 ,
621 420 713 476 ubi
738 411 792 474 et
814 416 1022 473 Pascha
1053 413 1421 469 celebraverat
1444 452 1458 477 ,
1495 404 1822 480 signiﬁcavit
1847 416 1945 456 ac-
1976 400 2024 457 A
2052 394 2208 490 ilum,
2237 392 2333 449 sed
2379 391 2483 448 sibi
2535 387 2684 444 haud
2732 401 2891 446 secus
2926 398 3094 454 qnam
3123 382 3201 437 illi
3236 379 3439 436 viventi
3470 379 3654 434 conﬁ'

372 523 564 573 curate
597 508 937 567 Alexandriae
963 502 1294 576 presbyteris
1320 502 1466 557 diem
1497 497 1817 563 Paschalis;
1848 510 1953 559 cae:

371 606 509 663 teris
540 610 723 658 tamen
745 599 882 654 locis
909 612 1020 652 non
1052 594 1253 666 potuit.

444 715 563 772 Hoc
588 728 733 771 anno
761 711 882 782 (Cn.
911 708 1038 781 545)
1064 706 1349 763 Dominica
1373 704 1658 760 Paschalis
1700 709 1819 757 erat
1865 700 1957 757 die

372 825 426 865 ιι
456 803 778 862 Pharmuthi
803 844 819 870 ,
852 803 995 856 lunae
1026 815 1155 855 ινιιι
1175 788 1213 867 ,’
1235 815 1309 854 vu
1340 798 1469 852 Idus
1493 794 1696 866 Aprilis
1716 833 1731 857 ,
1763 802 1954 863 epacta

372 913 458 965 ιιι,
490 898 713 953 deorum
733 912 772 961 ι,
804 892 1098 949 indictione
1132 906 1215 955 ιιι,
1251 887 1567 944 consulibus
1609 885 1667 956 8
1701 884 1958 938 Amantio

372 1003 427 1048 et
478 989 709 1052 Albino,
781 986 1119 1057 gubernante
1182 978 1432 1036 Nestorio
1476 976 1671 1032 Gazam
1732 973 1956 1045 {Egypti

371 1082 650 1154 praefecto.
717 1078 852 1134 Cum
888 1073 1265 1147 (Athanasius)
1313 1070 1622 1141 Aquileiam
1677 1066 1956 1139 profectus

373 1185 552 1242 esset,
585 1172 792 1229 Pascha
824 1170 934 1225 illic
971 1169 1188 1238 exegit,
1218 1163 1655 1236 signiﬁcavilque
1702 1169 1959 1217 accurate

373 1269 518 1323 diem
571 1263 862 1321 Paschalis
918 1257 1253 1331 presbyteris
1302 1255 1684 1321 Alexandriae;
1741 1253 1957 1308 caeteris

364 1372 503 1416 vero
528 1358 667 1414 locis
702 1372 810 1412 non
840 1354 1036 1426 potuit.

448 1470 565 1528 Hoc
584 1485 731 1526 anno
763 1469 882 1542 (Cn.
908 1467 1035 1538 546)
1062 1466 1342 1523 Dominica
1378 1463 1661 1521 Paschalis
1702 1468 1821 1517 erat
1867 1458 1956 1513 die

366 1576 430 1616 ιν
460 1559 782 1614 Pharmuthi
807 1601 824 1626 ,
864 1559 1007 1613 lunae
1040 1574 1200 1622 xxiv,
1246 1571 1306 1609 ιιι
1336 1553 1456 1609 Kal.
1484 1552 1686 1623 Aprilis
1711 1592 1725 1617 ,
1766 1557 1956 1618 epacta
2000 1550 2003 1553 ’

362 1666 494 1725 xiv,
518 1652 745 1706 deorum
787 1666 862 1717 ιι,
895 1649 1190 1704 indictione
1221 1663 1274 1702 Iv
1295 1688 1309 1712 ,
1339 1645 1658 1702 consulibus
1685 1642 1958 1698 Conslan—

2054 484 2242 629 dell;
2270 588 2414 629 anno
2454 572 2572 646 (Cn.
2598 569 2723 643 551)
2752 567 3034 624 Dominica
3060 563 3344 621 Paschalis
3393 572 3516 620 erat
3555 563 3654 618 die

2055 680 2090 719 v
2133 663 2457 718 Pharmuthi
2483 702 2498 728 ,
2533 663 2677 717 lunae
2702 677 2831 716 xvm
2853 703 2869 725 ,
2914 660 3017 732 ιο
3048 659 3221 729 pridie
3259 656 3381 711 Kal.
3412 656 3651 726 Aprilis,

2056 763 2246 825 epacta
2270 770 2346 819 ix,
2376 753 2600 807 deorum
2634 767 2679 815 I,
2706 749 3003 804 indictione
3033 764 3112 812 ιι,
3145 754 3270 817 post
3297 745 3651 799 consulatum

2060 846 2233 917 Sergii
2262 857 2315 901 et
2350 844 2619 914 Nigriani,
2651 844 2992 914 gubernante
3018 841 3209 896 eodem
3247 836 3511 893 Nestorio
3533 837 3649 891 Ga-

2057 954 2169 994 zaeo
2208 937 2427 1009 [Egypli
2458 937 2735 1005 praefecto.

2128 1029 2243 1083 Hoc
2266 1044 2410 1083 anno
2438 1027 2557 1097 (Cn.
2591 1025 2716 1095 552)
2763 1023 3047 1080 Dominica
3085 1022 3373 1079 Paschalis
3405 1031 3530 1075 erat
3557 1021 3651 1075 die

2057 1135 2191 1173 xxiv
2220 1119 2542 1173 Pbarmuthi
2564 1160 2579 1183 ,
2620 1118 2761 1171 lunae
2790 1132 2921 1171 xvm
2946 1156 2961 1182 ,
2993 1132 3093 1170 xm
3122 1115 3241 1169 Kal.
3269 1114 3421 1176 Maii,
3456 1122 3651 1182 epacta

2058 1228 2159 1276 xx,
2187 1212 2410 1266 deorum
2444 1226 2538 1275 ιιι,
2572 1209 2868 1279 indictione
2906 1226 2939 1263 x
2964 1248 2980 1273 ,
3030 1208 3085 1262 in
3115 1206 3405 1262 consulatu
3453 1204 3650 1273 quinto

2058 1301 2366 1358 Constantii
2412 1299 2644 1370 Augusti
2691 1308 2748 1353 et
2807 1299 2983 1369 primo
3030 1295 3337 1352 Constantii
3382 1294 3649 1359 Caesaris,

2058 1395 2392 1464 gubernante
2412 1393 2601 1447 eodem
2627 1389 2878 1446 Nestorio
2899 1390 3094 1445 Gazreo
3115 1387 3337 1460 Aﬁgypli
3361 1389 3648 1458 prmfecto.

2058 1487 2247 1542 Gallus
2274 1486 2643 1557 proclamatus
2674 1483 2777 1539 fuit
2799 1483 3000 1549 Cresar,
3037 1492 3420 1554 motatumque
3443 1497 3653 1537 nomen

2058 1578 2178 1648 ejus
2208 1578 2263 1631 in
2290 1570 2694 1632 Constantium.

2131 1649 2246 1723 Hoc
2274 1683 2420 1722 anno
2447 1666 2566 1739 (Cn.
2597 1667 2727 1737 555)
2762 1665 3043 1720 Dominica
3077 1664 3368 1720 Paschalis
3399 1675 3521 1721 erat
3562 1665 3657 1721 die

369 1742 454 1796 lio
480 1742 651 1812 (l5)tv
668 1739 1104 1795 etConstantem
1121 1737 1400 1808 Augustis,
1418 1732 1953 1829 gubernanteeodetn
1987 1752 2030 1808 Β
2060 1776 2147 1815 “1
2181 1732 2523 1823 Pharmuthi,
2553 1732 2846 1822 Immin,
2882 1776 2943 1813 m
2972 1759 3098 1814 Idus
3125 1759 3351 1829 Aprilis,
3386 1769 3584 1827 epacta
3615 1774 3655 1821 ,ν

371 1831 628 1889 Nestorio
670 1832 864 1888 Gazaeo
890 1830 1109 1903 [Egypli
1142 1832 1414 1900 praefecto.
1446 1830 1694 1897 Cumque
1724 1824 1950 1879 obiisset

373 1914 670 1993 Gregorius
699 1922 786 1977 die
819 1937 857 1975 ιι
896 1920 1079 1992 Epihi,
1107 1937 1358 1976 reversus
1383 1929 1465 1975 est
1491 1918 1665 1973 Roma
1695 1931 1759 1971 ex
1797 1915 1949 1968 Italia

358 2014 751 2085 '(Alhanasius)
788 2025 843 2070 et
880 2016 935 2070 in
987 2015 1263 2070 civitatem
1298 2013 1695 2081 ecclesiamque
1739 2009 1952 2079 ingrcs-

374 2114 494 2166 ενδ.
525 2107 760 2166 Mirabili
789 2121 970 2166 autem
992 2125 1224 2171 occursu
1252 2109 1449 2180 dignus
1474 2107 1605 2174 fuit;
1640 2105 1839 2162 etenim
1865 2105 1952 2161 die

372 2218 506 2259 ιιιν
533 2201 740 2275 Paophi
760 2244 776 2269 ,
803 2205 1035 2275 populus
1061 2203 1355 2275 cunctique
1388 2202 1739 2274 magistratus
1763 2201 1811 2255 ei
1848 2201 1949 2254 ob-

372 2296 522 2353 viam
546 2298 763 2353 iverunt
791 2315 965 2370 usque
991 2299 1058 2354 ad
1084 2300 1436 2355 centesimum
1470 2298 1704 2368 lapidem
1732 2312 1747 2361 ;
1788 2303 1952 2364 atque

371 2388 451 2443 ita
481 2389 779 2447 honoratus
804 2391 1027 2461 quievit.
1068 2389 1334 2446 Festalem
1367 2405 1498 2445 vero
1535 2388 1822 2459 epistolam
1856 2386 1953 2440 hu-

370 2482 465 2553 jus
491 2484 619 2539 anni
645 2484 758 2554 jam
784 2484 1020 2540 breviter
1042 2485 1108 2539 ad
1133 2485 1479 2555 presbyteros
1506 2484 1752 2539 miserat.

434 2573 563 2632 Hoc
592 2590 741 2632 anno
780 2576 1051 2647 (01.547)
1093 2575 1374 2631 Dominica
1405 2575 1689 2631 Paschalis
1716 2584 1834 2631 erat
1865 2575 1956 2631 die

373 2674 488 2733 xvu
516 2667 860 2736 Pharmuthi,
889 2670 1029 2725 luna;
1049 2687 1139 2737 xv,
1166 2670 1340 2739 pridie
1359 2669 1486 2725 ldus
1519 2669 1741 2740 Aprilis,
1763 2682 1953 2739 epacta

376 2774 509 2826 xxv,
540 2760 769 2815 deorum
802 2776 884 2825 ιιι,
910 2762 1205 2818 indictione
1234 2780 1296 2829 ν,
1324 2763 1643 2818 consulibus
1671 2762 1869 2818 Ruﬁno
1900 2771 1955 2819 et

362 2846 634 2919 Eusebio,
660 2854 995 2923 gubernante
1015 2854 1204 2909 eodem
1233 2853 1486 2931 Nestorio
1512 2855 1706 2911 Gazaeo
1734 2854 1953 2928 IEgypti

367 2944 654 3016 praelecto.
679 2945 944 3003 Residens
968 2948 1308 3004 Alexandria:
1331 2949 1704 3021 (Athanasius)
1726 2966 1957 3007 consue—

373 3041 492 3107 “tam
527 3037 942 3109 signiﬁcationis
971 3038 1238 3110 paschalis
1275 3040 1561 3111 epistolam
1590 3042 1759 3109 misit,
1787 3057 1949 3113 quam

377 3137 538 3185 antea
570 3107 678 3185 non
709 3107 981 3201 potuerat.
1306 3107 1326 3111 ⁷
1744 3107 1749 3109 ⁷
1803 3107 1820 3113 ’
1983 3107 2029 3170 C

449 3241 568 3300 Hoc
593 3260 742 3300 anno
774 3245 896 3316 (Cn.
923 3245 1049 3315 548)
1076 3245 1362 3303 Dominica
1408 3246 1693 3304 Paschalis
1722 3257 1840 3304 erat
1868 3248 1958 3305 die

378 3342 478 3389 Vlu
500 3332 842 3400 Pharmuthi,
865 3335 1010 3390 lunae
1041 3351 1196 3401 xvm,
1224 3353 1284 3393 ιιι
1311 3336 1494 3393 Nonas
1518 3338 1743 3408 Aprilis,
1766 3347 1958 3409 epacta

378 3441 437 3481 vr
462 3464 478 3492 ,
534 3427 762 3483 deorum
798 3443 853 3483 tv
876 3470 890 3496 ,
932 3429 1229 3487 indictione
1254 3446 1310 3485 vi
1334 3473 1351 3497 ,
1391 3431 1708 3485 consulibus
1733 3430 1791 3500 9
1823 3428 1958 3484 Phi-

380 3519 530 3592 lippo
562 3529 618 3575 et
641 3520 825 3585 Salia,
853 3523 1189 3594 gubernante
1229 3523 1419 3578 eodem
1465 3522 1718 3578 Nestorio
1764 3522 1961 3578 Gazaeo

380 3608 602 3681 Egypti
637 3611 918 3681 praefecto.
970 3611 1123 3668 Hanc
1161 3627 1382 3684 quoque
1411 3615 1692 3685 epistolam
1718 3613 1959 3668 Alexan-

380 3700 518 3757 driae
547 3702 797 3759 residens
836 3703 1074 3774 scripsit.

455 3813 569 3877 Hoc
596 3830 743 3870 anno
773 3813 894 3884 (Cn.
928 3815 1055 3886 549)
1089 3813 1373 3871 Dominica
1401 3813 1690 3872 Paschalis
1722 3824 1842 3872 erat
1870 3817 1958 3872 die

382 3922 496 3963 ιιι
527 3906 890 3975 Phamenolh,
925 3906 1068 3961 lunae
1088 3922 1203 3974 ιιι,
1241 3922 1318 3963 vn
1349 3906 1468 3963 Kal.
1503 3908 1735 3978 Aprilis,
1769 3919 1958 3980 epacta

383 4013 527 4065 xvu,
552 3998 777 4054 deorum
799 4012 878 4066 vr,
912 3995 1207 4052 indictione
1231 4013 1328 4052 vn.
1355 3997 1462 4054 Sed
1496 4013 1621 4054 cum
1648 4000 1960 4054 tenuissent

383 4089 619 4146 Romani
640 4090 904 4155 dicentes,
928 4104 988 4145 se
1016 4089 1087 4144 ob
1112 4088 1459 4144 traditionem
1483 4104 1513 4144 a
1534 4087 1697 4145 Petro
1715 4091 1959 4161 apostolo

383 4191 664 4254 acceptam
691 4182 835 4237 haud
857 4181 1107 4253 progredi
1133 4181 1274 4236 ultra
1297 4181 1439 4236 diem
1461 4198 1587 4236 ιινι
1611 4181 1957 4249 Pharmuthi,

385 4289 567 4345 neque
596 4274 732 4329 citra
762 4290 871 4329 xxx
895 4273 1232 4329 Pbamenoth
1254 4315 1269 4340 ,
1320 4275 1465 4329 luna:
1495 4289 1585 4329 ιιι
1611 4312 1625 4327 .
1658 4315 1671 4329 .
1701 4313 1717 4329 .
1742 4275 1846 4346 (hic
1876 4274 1958 4328 ια-

384 4381 522 4420 cuna
550 4366 713 4420 brevis
760 4367 818 4420 in
846 4366 1057 4427 codice,
1108 4368 1200 4436 qui
1236 4376 1417 4436 postea
1460 4367 1793 4437 prosequitur
1819 4367 1894 4419 sic
1917 4367 1959 4434 :)

2053 1852 2278 1907 deorum
2297 1869 2368 1919 tv,
2384 1851 2679 1906 indictione
2698 1866 2772 1917 ιι,
2788 1851 2842 1905 in
2857 1850 3143 1906 consulatu
3162 1861 3314 1906 sexto
3330 1850 3657 1907 Constantii

2053 1941 2278 2013 Augusti
2293 1952 2344 1997 et
2358 1942 2596 1997 secundo
2610 1941 2911 1997 Constantii
2929 1941 3181 2006 Caesaris,
3197 1943 3536 2009 gubernante
3556 1943 3660 1997 Se-

2055 2037 2305 2092 bastiano
2327 2034 2534 2089 Thrace
2546 2033 2762 2106 IEgypti
2782 2034 3054 2105 pmfecto.
3075 2033 3190 2089 [loc
3210 2050 3357 2090 anno
3381 2034 3655 2106 Serapion

2055 2130 2340 2198 episcopus
2360 2126 2658 2193 Thmueos,
2692 2126 3051 2196 Triadelphns
3080 2126 3242 2192 Nicii,
3270 2136 3325 2181 et
3339 2128 3659 2199 presbyteri

2055 2218 2246 2275 Petrus
2270 2228 2430 2287 atque
2448 2219 2735 2274 Astrucius
2751 2219 2862 2289 (l6)
2879 2234 3002 2274 cum
3026 2219 3148 2274 aliis
3168 2219 3236 2274 ad
3259 2220 3658 2290 imperatorem

2056 2312 2432 2368 Constantium
2462 2311 2618 2366 missi
2662 2310 2917 2376 fuerunt,
2966 2314 3095 2382 quia
3122 2312 3290 2367 timor
3322 2312 3659 2367 imminebat

2057 2406 2325 2458 malorum
2349 2403 2417 2458 ab
2433 2403 2650 2457 Arianis
2674 2421 2689 2471 ;
2717 2411 2955 2458 attamen
2991 2418 3048 2457 re
3071 2403 3269 2459 infecta
3293 2405 3659 2459 reverteban-

2057 2505 2167 2552 tur.
2205 2496 2319 2553 Hoc
2346 2512 2491 2551 anno
2522 2496 2811 2551 Montanus
2834 2496 3020 2566 palatii
3044 2488 3404 2562 silentiarius,
3436 2498 3656 2555 introiit

2059 2598 2314 2660 tanquam
2345 2590 2633 2660 episcopus
2656 2586 3119 2660 (Alexandriam);
3148 2588 3244 2644 sed
3272 2589 3421 2644 enim
3447 2600 3651 2645 coorto

2061 2682 2315 2747 tumultu,
2348 2681 2647 2737 frustratus
2680 2681 2835 2736 abiit.

2128 2773 2245 2829 Hoc
2265 2788 2410 2828 anno
2439 2772 2561 2839 (Cn.
2595 2773 2729 2844 554)
2762 2772 3047 2829 Dominica
3087 2771 3372 2829 Paschalis
3409 2784 3532 2829 erat
3563 2773 3654 2828 die

2059 2880 2113 2919 tv
2136 2862 2492 2934 Pharmuthi,
2539 2867 2685 2921 lunae
2718 2882 2869 2931 xvu,
2896 2882 2949 2920 γι
2992 2865 3112 2922 Kal.
3159 2865 3362 2936 Aprilis
3386 2906 3403 2929 ,
3452 2874 3657 2936 epacta

2061 2972 2161 3023 xu,
2188 2958 2413 3013 deorum
2434 2973 2488 3021 γ,
2511 2958 2808 3014 indictione
2827 2974 2925 3024 ιιι,
2949 2960 3005 3013 in
3032 2960 3323 3015 consulatu
3352 2960 3451 3028 ll
3476 2960 3653 3028 septi-

2060 3063 2152 3102 mo
2181 3048 2486 3105 Constantii
2511 3052 2743 3121 Augusti
2766 3059 2821 3106 et
2857 3051 3019 3106 tertio
3046 3050 3354 3106 Constantii
3384 3050 3653 3116 Cazsaris,

2057 3140 2393 3208 gubernante
2426 3141 2617 3196 eodem
2654 3140 2980 3197 Sebastiano
3009 3140 3221 3197 Thrace
3248 3140 3472 3213 Egypti
3505 3157 3659 3212 pra:-

2058 3233 2221 3290 lecto.

2127 3327 2244 3383 Hoc
2272 3342 2418 3383 anno
2450 3328 2575 3398 (Cn.
2609 3328 2736 3399 555)
2777 3326 3061 3382 Dominica
3089 3326 3376 3383 Paschalis
3415 3337 3536 3383 erat
3561 3330 3653 3384 die

2057 3438 2150 3477 ιιι
2163 3421 2507 3488 Pharmuthi,
2524 3422 2665 3477 lunas
2682 3437 2837 3487 xvm,
2857 3436 2946 3477 xv:
2962 3420 3081 3474 Kal.
3106 3418 3257 3486 Maii,
3272 3430 3463 3491 epacta
3483 3439 3652 3489 ιιιιι,

2058 3514 2287 3569 deorum
2320 3530 2395 3578 vi,
2438 3512 2737 3569 indictione
2765 3527 2883 3579 ιιιι,
2916 3512 3234 3567 consulibus
3263 3511 3571 3567 Arbetione
3600 3522 3654 3568 et

2058 3605 2349 3674 Lolliano,
2408 3606 2745 3676 gubernante
2792 3618 2928 3661 sene
2972 3604 3076 3659 illo
3130 3604 3369 3659 Maximo
3420 3604 3652 3661 Nicaeae

2058 3698 2274 3770 Egypli
2303 3697 2580 3768 prxefeclo.
2624 3696 2738 3752 Hoc
2767 3712 2912 3751 anno
2945 3697 3231 3769 Diogenes,
3264 3698 3361 3768 qui
3392 3710 3513 3754 erat
3546 3699 3654 3753 im-

2058 3790 2328 3861 peratoris
2352 3790 2601 3845 notarius
2623 3788 2760 3860 (l7),
2787 3800 3019 3844 conatus
3044 3790 3363 3859 episcopum
3389 3790 3653 3862 (Athana-

2060 3883 2225 3953 sium)
2248 3882 2729 3953 comprehendere,
2754 3896 2916 3937 casso
2940 3880 3135 3937 eﬂ‘ectu
3168 3881 3289 3937 fuit.

2130 3974 2246 4029 Hoc
2274 3990 2418 4029 anno
2448 3973 2568 4043 (Cn.
2600 3974 2727 4046 556)
2764 3974 3044 4030 Dominica
3082 3974 3371 4031 Paschalis
3409 3986 3536 4030 erat
3561 3977 3651 4032 die

2060 4083 2138 4122 xu
2175 4066 2525 4134 Pharmuthi,
2557 4068 2702 4123 luna:
2734 4084 2869 4132 xvu,
2908 4083 2985 4122 vn
3024 4067 3154 4124 ldus
3185 4067 3413 4138 Aprilis,
3448 4082 3649 4139 epacta

2062 4173 2135 4223 ιν,
2162 4157 2389 4214 deorum
2424 4175 2444 4214 ι
2466 4199 2483 4225 ,
2522 4158 2822 4214 indictione
2849 4175 2941 4213 xlv
2962 4199 2976 4223 ,
3013 4159 3071 4214 in
3123 4160 3409 4215 consulatu
3443 4172 3651 4217 octavo

2060 4246 2369 4304 Constantii
2387 4250 2618 4322 Augusti
2641 4257 2696 4304 et
2718 4250 2898 4320 primo
2920 4249 3125 4304 Juliani
3159 4251 3412 4317 Caesaris,
3443 4253 3651 4321 guber-

2061 4349 2229 4394 nante
2252 4342 2442 4395 eodem
2468 4357 2599 4397 sene
2622 4341 2858 4397 Maximo
2879 4341 3098 4398 Nicmno
3117 4341 3335 4414 [Egypli
3361 4345 3648 4414 praefecto,

385 4474 462 4514 vn
490 4459 609 4514 Kal.
646 4457 848 4528 Aprilis
870 4497 887 4524 ,
939 4434 1260 4512 consulibus
1296 4434 1543 4511 Limenio
1580 4434 1634 4511 et
1684 4456 1956 4525 Catulino,

2138 4435 2154 4488 i
2187 4436 2454 4490 successit
2478 4434 2881 4505 Catapbronius
2905 4435 3133 4492 Biblius.
3185 4435 3301 4492 Hoc
3327 4452 3479 4492 anno
3517 4454 3646 4494 cum

385 4550 723 4622 gubernante
743 4548 931 4604 eodem
954 4547 1206 4605 Nestorio
1231 4548 1426 4605 Gazao
1446 4547 1664 4620 Egypti
1686 4548 1958 4619 praefecto.

384 4640 540 4698 lianc
568 4655 789 4713 quoque
828 4640 1115 4711 epistolam
1149 4640 1300 4696 misit
1324 4640 1668 4694 Alexandriae
1695 4640 1958 4696 residens.

454 4733 572 4790 Hoc
603 4748 748 4788 anno
774 4730 892 4804 (Cn.
922 4731 1049 4802 550)
1085 4730 1368 4786 Dominica
1397 4729 1683 4786 Paschalis
1730 4739 1849 4785 erat
1876 4730 1965 4786 die

384 4844 486 4886 ιιιι
537 4826 894 4892 Pharmuthi,
946 4826 1089 4880 lunre
1128 4842 1220 4880 ιιι
1258 4825 1390 4880 hora
1426 4824 1700 4889 secunda,
1747 4840 1801 4879 vr
1836 4822 1966 4879 ldus

383 4920 588 4992 Aprilis
608 4959 624 4984 ,
650 4927 840 4989 epacta
872 4935 1041 4973 xxvlu
1065 4959 1080 4983 ,
1114 4919 1340 4974 deorum
1375 4934 1449 4974 vu
1474 4959 1490 4984 ,
1516 4918 1816 4974 indictione
1845 4933 1963 4982 vui,

386 5011 708 5068 consulibus
734 5009 925 5081 Sergio
950 5018 1006 5065 et
1050 5008 1307 5080 Nigriano
1328 5051 1344 5076 ,
1393 5010 1730 5079 gubernante
1774 5007 1965 5063 eodem

385 5103 641 5159 Nestorio
682 5101 877 5158 Gazazo
906 5100 1123 5175 Egypli
1160 5101 1433 5172 praefecto.
1476 5100 1592 5156 Hoc
1625 5115 1770 5155 anno
1797 5100 1971 5154 inter-

385 5196 564 5254 fectus
593 5197 697 5253 fuit
728 5214 761 5253 a
807 5196 1116 5269 Magnentio
1145 5194 1438 5260 Constans,
1487 5196 1770 5265 tenuitque
1799 5195 1968 5263 impe-

387 5293 532 5348 rium
564 5289 918 5352 Constantius
942 5290 1128 5358 solus;
1156 5288 1250 5359 qui
1285 5296 1414 5343 tunc
1440 5288 1510 5343 ad
1540 5303 1735 5359 papam
1765 5289 1958 5362 (Atha—

388 5382 630 5454 nasium)
657 5382 882 5453 scripsit
920 5397 990 5438 ne
1018 5382 1150 5452 quid
1179 5383 1395 5439 timeret
1421 5382 1495 5438 ob
1520 5381 1835 5438 Constantis
1864 5381 1966 5436 ob-

608 5559 731 5617 Svr.
760 5558 1126 5616 Constantino.

608 5559 646 5617 S
687 5577 731 5616 r.
760 5559 1126 5616 Constantino.

387 5631 575 5759 τίςὶζέ.
610 5578 816 5691 Giton.
848 5631 1074 5702 vomu"
1099 5632 1263 5711 modo
1296 5630 1588 5700 Αδτενίειιδ,
1614 5631 1776 5689 modo
1808 5630 1967 5686 Aste-

2068 4524 2332 4596 Syrianus
2382 4526 2494 4581 dux
2527 4528 2821 4582 tumultum
2877 4544 3135 4600 magnum
3186 4529 3274 4584 die
3301 4545 3405 4584 xm
3437 4531 3650 4587 mensis

2065 4616 2271 4672 Mecbir
2303 4620 2360 4673 in
2393 4620 2621 4675 ecclesia
2656 4622 3072 4686 concilavisset,
3117 4621 3204 4676 die
3235 4638 3327 4676 xiv
3360 4622 3650 4693 ingressus

2066 4718 2151 4764 est
2174 4724 2298 4764 cum
2327 4710 2595 4767 militibus
2627 4711 2743 4768 suis
2777 4723 3047 4767 nocturno
3079 4720 3321 4782 tempore
3358 4713 3417 4766 in
3458 4713 3650 4767 basili-

2066 4814 2187 4853 cam
2217 4798 2456 4857 Tbeonai
2482 4821 2494 4856 :
2526 4802 2673 4858 haud
2707 4812 2889 4858 tamen
2918 4804 3380 4874 comprehendere
3408 4804 3649 4874 (episco-

2066 4894 2219 4963 pum)
2249 4895 2444 4963 poluit,
2471 4897 2564 4965 qui
2603 4912 2714 4950 non
2741 4898 2858 4952 sine
2886 4896 3132 4967 prodigio
3159 4896 3354 4951 evasit.

2134 4990 2258 5048 Hoc
2290 5008 2434 5047 anno
2463 4991 2583 5060 (Cn.
2607 4990 2733 5060 557)
2768 4990 3050 5044 Dominica
3074 4988 3362 5043 Paschalis
3401 4996 3524 5043 erat
3561 4988 3651 5043 die

2067 5102 2217 5143 xxvu
2248 5085 2614 5151 Phamenolh,
2646 5085 2790 5139 lunae
2824 5099 2962 5148 xvu,
2992 5100 3024 5137 x
3058 5081 3178 5135 Kal.
3204 5081 3428 5151 Aprilis,
3455 5090 3646 5151 epacta

2067 5196 2159 5243 xv,
2183 5180 2406 5233 deorum
2433 5194 2493 5244 ιι,
2523 5178 2818 5231 indictione
2844 5191 2942 5239 xv,
2972 5175 3292 5230 consulibus
3319 5174 3649 5229 Constantio

2066 5271 2311 5342 Augusto
2340 5271 2528 5326 novies
2560 5280 2614 5325 et
2637 5268 2855 5323 Juliano
2884 5268 3099 5325 Cmsare
3147 5269 3341 5322 iterum
3370 5309 3386 5332 ,
3442 5266 3646 5335 guber-

2067 5373 2232 5421 nante
2258 5363 2451 5419 eodem
2484 5362 2852 5433 Catapbronio
2887 5363 2991 5433 12
3029 5360 3202 5415 Biblio
3242 5357 3464 5429 Egypti
3505 5373 3644 5429 prae-

2140 5568 2252 5639 (l7)
2286 5566 2359 5622 lla
2382 5568 2498 5637 ipse
2521 5566 2852 5639 Athanasius
2879 5565 2930 5618 in
2958 5564 3112 5634 Apol.
3139 5563 3209 5618 ad
3232 5561 3440 5628 Const.,
3467 5577 3527 5618 ιι,
3550 5559 3642 5626 ⁸32,

2069 5635 2170 5696 nec
2201 5635 2307 5695 non
2338 5635 2645 5695 Clironicon
2683 5635 3015 5693 Veronense.
