3794 6226
138 344 282 405 1357

1402 343 1805 404 CHRONICON
1843 344 2213 403 PRIEVIUM.

3274 349 3414 409 I558

142 468 323 531 tecto,
355 468 443 521 cui
476 467 745 525 successit
776 466 1093 524 Parnasius.
1142 465 1299 522 Tunc
1328 465 1596 536 Georgius
1645 466 1730 519 in-
1760 470 1806 527 A
1836 465 2101 521 sulanlem
2128 467 2358 533 clerum,
2395 467 2473 521 uti
2501 481 2665 537 supra
2688 475 2894 523 uictum
2918 475 3020 522 est.
3054 466 3204 523 Tunc
3229 480 3412 525 autem

141 575 373 633 gressus
417 571 502 616 est
546 560 636 615 die
669 577 777 614 xxx
815 559 1057 627 Mcchir,
1113 559 1428 629 multosque
1466 558 1731 613 violenter

140 651 580 723 comprehendit.
620 650 1010 707 Verumtamen
1057 650 1395 706 Athanasius
1441 649 1733 719 episcopus

140 745 200 798 in
234 742 365 814 fuga
391 752 529 809 erat,
564 743 864 813 seduloque
894 742 952 796 in
984 742 1203 797 civitate
1231 739 1612 812 quaerebatur;
1637 755 1735 795 cu-

136 828 233 899 jus
257 830 337 883 rei
367 843 534 885 causa
556 830 993 900 periclitantibus
1024 830 1234 896 multis,
1260 830 1462 901 scripta
1495 845 1605 885 non
1622 829 1734 885 ‘l'uit

142 920 358 977 fesulis
383 922 636 992 epistola.

216 1013 337 1071 Hoc
364 1031 514 1071 anno
539 1015 663 1087 (Cn.
688 1015 815 1088 558)
850 1017 1135 1072 Dominica
1164 1014 1448 1079 Paschalis
1482 1026 1599 1071 erat
1642 1017 1731 1072 die

144 1122 263 1161 xvu
282 1106 631 1175 Pharmuthi,
653 1109 829 1180 pridie
842 1111 971 1165 ldus
984 1109 1209 1179 Aprilis,
1229 1111 1372 1164 luna:
1392 1125 1523 1175 xvu,
1541 1118 1732 1179 epacta

144 1213 304 1262 xxvi,
341 1199 569 1253 deorum
604 1215 686 1266 ιιι,
744 1199 1042 1255 indictione
1069 1213 1110 1267 ι,
1150 1201 1474 1255 consulibus
1503 1200 1731 1255 Tatiauo

140 1296 200 1343 et
221 1288 453 1354 Cereali,
475 1289 810 1361 gubernante
836 1288 1001 1344 Pario
1025 1288 1313 1346 Corinthio
1340 1287 1562 1362 Egypli
1593 1305 1732 1361 prae-

142 1379 313 1435 fecto.
344 1378 653 1450 Episcopus
670 1380 892 1449 quidem
926 1380 1258 1437 Athanasius
1292 1382 1493 1437 latebat
1519 1381 1575 1436 in
1598 1382 1731 1436 urbe

141 1472 509 1539 Alexandria;
536 1471 802 1544 Georgius
824 1481 1003 1527 autem
1051 1475 1280 1529 recessit
1299 1474 1388 1530 die
1430 1490 1461 1528 v
1500 1474 1729 1545 Paophi,

144 1577 179 1616 a
216 1562 426 1633 populo
449 1563 732 1633 expulsus.
779 1562 1071 1633 Pr0pterea
1102 1580 1171 1620 ne
1199 1565 1306 1622 hoc
1333 1566 1554 1638 quidem
1585 1582 1732 1624 anno

142 1654 329 1724 potuit
355 1669 495 1724 papa
522 1654 897 1728 (Athanasius)
915 1655 1161 1714 festalem
1183 1658 1470 1729 epistolam
1495 1655 1728 1718 mittere.

218 1743 339 1801 Hoc
389 1761 537 1801 anno
580 1746 699 1806 (Cn.
723 1749 848 1819 359)
877 1749 1157 1806 Dominica
1182 1750 1467 1817 Paschalis
1493 1766 1610 1809 erat
1640 1754 1730 1810 die

1834 560 2055 630 scripsit
2093 560 2377 630 epistolam
2419 560 2818 631 (Athanasius).

1904 649 2020 707 Hoc
2053 667 2198 706 anno
2231 650 2351 723 (Cn.
2381 652 2507 724 563)
2534 651 2817 708 Dominica
2857 650 3145 708 Paschalis
3175 662 3295 708 crat
3327 654 3415 710 die

1836 757 1941 797 xxv
1966 741 2312 807 Pharmuthi,
2344 759 2425 798 xit
2450 742 2571 798 Kal.
2597 742 2745 814 Maii,
2773 744 2917 799 luna:
2949 761 3041 809 xx,
3083 755 3272 814 epacta
3297 760 3413 811 xxi,

1835 832 2061 889 deorum
2094 850 2156 896 ιι,
2202 834 2506 891 indictione
2535 849 2613 901 vr,
2656 835 2711 889 in
2749 843 2946 906 quarto
2989 835 3285 889 consulatu
3314 833 3414 889 Ju-

1835 925 1968 979 liani
2017 924 2249 996 Augusti
2295 940 2421 981 cum
2474 923 2777 989 Sallustio,
2827 924 3165 995 gubernante
3219 926 3415 980 eodem

1835 1016 2085 1089 Olympio
2124 1016 2345 1089 Egypti
2372 1016 2647 1087 praelecto.
2684 1016 3054 1088 Pylhiodorus
3094 1016 3413 1084 Thebanus,

1834 1105 2072 1180 Philippi
2121 1124 2351 1177 servus,
2388 1110 2570 1164 attulit
2618 1107 2822 1164 Juliani
2860 1109 3100 1164 edictum
3134 1109 3223 1164 die
3262 1123 3415 1164 xxvn

1833 1201 2061 1272 Paophi,
2088 1209 2146 1257 et
2178 1202 2437 1272 episcopo
2470 1216 2657 1259 coram
2690 1200 2958 1267 exhibuit,
2995 1217 3106 1271 quo
3148 1200 3203 1255 in
3230 1200 3415 1257 edicto

1836 1295 2021 1350 multae
2056 1296 2220 1350 minae
2275 1294 2480 1350 ﬁebant
2527 1292 2664 1365 (19).
2715 1292 2869 1349 Tunc
2917 1294 3037 1349 sine
3085 1309 3238 1349 mora
3283 1294 3417 1350 exiit

1835 1385 1973 1441 urbe
2006 1384 2388 1456 (Athanasius)
2431 1384 2786 1455 perrexitque
2833 1383 3051 1440 Thebas
3091 1383 3227 1455 (9.0).
3277 1386 3416 1441 Octo

1832 1487 2014 1533 autem
2046 1487 2172 1549 post
2213 1492 2430 1533 menses
2474 1477 2682 1532 interiit
2712 1476 3001 1544 Julianus;
3052 1477 3211 1549 cujus
3240 1483 3417 1534 morte

1835 1568 2075 1637 vulgata,
2127 1567 2289 1623 rediit
2321 1568 2461 1623 clam
2514 1568 2901 1622 Alexandriam
2963 1577 3151 1623 noctu.
3209 1565 3417 1624 Deinde

1832 1669 2027 1715 octavo
2053 1658 2141 1713 die
2165 1659 2371 1714 mensis
2400 1657 2605 1725 Thoth,
2641 1673 2943 1714 conscensa
2968 1659 3094 1712 navi
3125 1659 3271 1729 apud
3294 1657 3398 1714 Hie

1836 1752 2066 1823 rapolim
2099 1751 2444 1818 orientalem,
2477 1751 2672 1807 obvius
2722 1750 2819 1805 ivit
2865 1749 3182 1819 imperatori
3230 1748 3417 1806 Jovia-

141 1854 247 1896 ιιι
296 1838 619 1896 Pharmuthi
645 1881 662 1906 ,
718 1818 894 1912 pridie
920 1841 1105 1900 Nonas
1156 1844 1359 1915 Aprilis
1383 1887 1398 1914 ,
1450 1847 1594 1902 lunae
1633 1863 1728 1913 xx,
1764 1818 1809 1878 Β
1835 1818 1928 1913 no,
1960 1844 1990 1899 ε
2023 1860 2135 1916 quo
2163 1844 2462 1900 honoriﬁce
2495 1843 2757 1899 dimissus
2800 1841 2922 1897 fuit.
2946 1818 3119 1897 iHanc
3164 1840 3414 1898 festalem

142 1942 344 2004 epacta
394 1948 515 1999 vn,
573 1933 801 1990 deorum
835 1951 922 2001 ιν,
984 1935 1278 1992 indictione
1303 1954 1378 2005 ιι,
1413 1938 1730 1997 consulibus

144 2023 389 2079 Eusebio
418 2031 473 2080 et
505 2022 737 2096 Hypatio
757 2065 773 2092 ,
807 2026 1143 2097 gubernante
1174 2028 1367 2085 eodem
1398 2028 1559 2085 Pario
1592 2031 1729 2102 (l8),

141 2118 237 2171 cui
261 2118 533 2173 successit
555 2117 867 2176 ltalicianus
887 2118 1084 2188 Italus;
1112 2121 1242 2176 huic
1265 2130 1445 2177 autem
1473 2131 1596 2193 post
1622 2131 1731 2178 tres

143 2227 372 2267 menses
404 2209 735 2269 Faustianus
759 2212 1242 2271 Chalcedonensis.
1272 2213 1351 2270 Ne
1378 2216 1485 2272 hoc
1510 2216 1732 2285 quidem

139 2318 297 2358 anno
333 2319 472 2374 papa
500 2304 856 2376 (Athanasius
884 2305 1199 2375 epistolam)
1230 2306 1473 2378 scripsit.

217 2394 342 2451 Hoc
369 2411 519 2451 anno
549 2396 671 2467 (Cn.
697 2396 824 2470 560)
868 2396 1154 2454 Dominica
1183 2397 1467 2455 Paschalis
1495 2407 1615 2455 erat
1644 2400 1736 2455 die

144 2505 329 2545 xxvm
354 2488 677 2545 Pharmuthi
704 2531 720 2557 ,
755 2506 813 2545 ιι
846 2490 967 2546 Kal.
990 2490 1118 2546 Maii
1143 2531 1159 2557 ,
1189 2492 1334 2548 lunae
1378 2509 1471 2548 xxI
1497 2534 1514 2561 ,
1544 2502 1734 2563 epacta

143 2597 310 2647 xvm,
344 2581 571 2637 deorum
607 2597 685 2647 vi,
731 2581 1029 2639 indictione
1053 2593 1158 2652 m,‘
1183 2585 1241 2640 in
1285 2585 1500 2641 decimo
1530 2601 1734 2643 consu-

128 2675 267 2731 latu
315 2672 626 2730 Constantii
653 2674 888 2746 Augusti
940 2684 992 2731 et
1025 2677 1187 2732 tertio
1229 2675 1433 2733 Iuliani
1475 2678 1732 2748 Caesaris,

142 2766 492 2838 gubernante
523 2765 821 2823 Faustiano
872 2768 974 2839 13
1020 2768 1457 2825 Chalcedonensi
1513 2770 1736 2844 Egypli

144 2857 430 2930 praefecto.
459 2857 559 2914 Hic
584 2858 873 2929 praefectus
907 2876 1015 2916 una
1053 2876 1177 2917 cum
1207 2861 1452 2919 Artemio
1483 2863 1622 2920 duce
1647 2865 1735 2920 in-

144 2950 325 3022 gressi
351 2950 738 3007 domunculam
765 2952 1146 3024 cellulamque,
1173 2962 1233 3009 ut
1264 2955 1340 3009 ibi
1372 2955 1735 3012 Athanasium

142 3045 473 3115 episcopum
510 3044 938 3116 conquirerent,
989 3047 1187 3102 acriter
1236 3055 1513 3104 torserunt
1544 3048 1737 3105 Eudae-

143 3154 372 3195 monem
415 3139 682 3210 virginem
732 3139 1047 3194 monialem.
1112 3138 1480 3206 Quamobrem
1530 3157 1599 3197 ne
1631 3143 1737 3199 hoc

144 3233 375 3304 quidem
407 3247 553 3287 anno
583 3233 867 3303 epistolam
902 3234 1124 3303 scripsit
1158 3233 1556 3306 (Athanasius).

223 3323 343 3379 Hoc
386 3339 534 3379 anno
593 3322 714 3396 (Cu.
757 3323 884 3395 ⁸561)
943 3324 1228 3381 Dominica
1276 3326 1563 3383 Paschalis
1617 3336 1738 3382 erat

143 3420 243 3475 die
302 3434 400 3473 xm
450 3416 796 3482 Pharmuthi,
859 3434 909 3473 vr
956 3417 1082 3473 ldus
1116 3418 1340 3488 Aprilis,
1406 3420 1551 3475 luna:
1599 3436 1733 3487 xvu,

145 3521 350 3583 epacta
380 3527 535 3577 xxrx,
574 3501 797 3567 deorum
841 3527 938 3576 vn,
971 3511 1267 3567 indictione
1309 3528 1384 3578 1v,
1420 3513 1737 3569 consulibus

146 3604 343 3661 Tauro
370 3613 424 3659 et
480 3602 779 3669 Florentio,
834 3604 1173 3674 gubernante
1222 3602 1459 3660 Photino
1510 3604 1733 3677 Egypli

147 3695 439 3769 praefecto,
473 3696 563 3751 cui
622 3697 892 3751 successit
942 3694 1238 3751 Gerontius
1285 3696 1602 3753 Armenius.
1660 3695 1738 3753 Ne

152 3806 311 3846 nunc
330 3788 553 3860 quidem
572 3788 790 3844 mittere
814 3788 991 3858 potuit
1012 3788 1319 3859 (epistolam
1352 3789 1734 3858 Athanasius).

151 3881 276 3939 Hoc
309 3876 454 3937 anno
478 3889 728 3935 mortuus
761 3889 847 3935 est
868 3880 1266 3947 Constantius;
1297 3895 1535 3951 cumque
1585 3883 1737 3938 solus

147 3981 498 4047 potentatum
527 3972 853 4028 obtinuisset
881 3968 1155 4034 Julianus,
1198 3974 1510 4041 persecutio
1543 3973 1740 4027 adver-

149 4082 255 4124 sus
303 4064 643 4121 orthodoxos
680 4061 993 4118 deferbuit:
1043 4063 1242 4118 etenim
1292 4063 1589 4132 imperator
1638 4064 1737 4117 Ju-

150 4161 339 4216 lianus
361 4156 661 4223 mandavit,
689 4163 750 4210 ut
779 4155 981 4226 ubique
1019 4168 1288 4209 terrarum
1319 4155 1610 4211 orthodoxi
1653 4172 1741 4211 ec-

150 4250 453 4310 clesiastici
511 4249 938 4313 dimitterentur,
992 4249 1084 4318 qui
1129 4246 1437 4302 Constantii
1488 4256 1733 4319 tempore

149 4345 593 4419 persecutionem
622 4342 773 4414 passi
806 4351 985 4397 erant.

226 4438 345 4494 Hoc
369 4452 514 4493 anno
545 4435 665 4507 (Cu.
696 4434 824 4507 562)
852 4434 1134 4491 Dominica
1166 4434 1453 4493 Paschalis
1488 4448 1607 4492 erat
1650 4438 1739 4494 die

1832 1938 2125 2007 epistolam
2163 1937 2316 1993 misit
2351 1951 2766 2007 quaquaversus
2800 1949 2953 1992 more
2980 1935 3141 1990 solito
3169 1950 3237 1991 ex
3279 1935 3417 1991 urbe

1834 2030 2094 2102 Memphi,
2125 2031 2257 2086 dum
2282 2029 2501 2086 Thebas
2530 2027 2762 2100 fugeres.

1908 2122 2024 2179 Hoc
2054 2138 2199 2177 anno
2231 2121 2354 2194 (Cn.
2378 2120 2505 2193 564)
2546 2119 2834 2176 Dominica
2868 2118 3157 2176 Paschalis
3179 2126 3297 2175 erat
3326 2116 3418 2175 die

1836 2230 1891 2270 ix
1945 2214 2305 2279 Pharmuthi,
2367 2213 2547 2284 pridie
2594 2211 2781 2272 Nonas
2814 2212 3039 2283 Aprilis,
3094 2212 3239 2267 luna:
3297 2227 3413 2277 xvt,

1835 2319 2024 2379 epacta
2051 2324 2133 2372 ιιι,
2167 2308 2394 2364 deorum
2425 2305 2825 2372 rv,'indictione
2848 2319 2947 2373 vu,
2972 2304 3293 2360 consulibus
3320 2302 3417 2360 Jo-

1833 2402 1999 2456 viano
2028 2400 2275 2470 Augusto
2314 2407 2369 2471 et
2400 2396 2782 2463 Varroniano,
2827 2397 3169 2467 gubernante
3213 2394 3416 2467 Hyrieo

1836 2491 2175 2548 Damasceno
2203 2488 2485 2561 praelecto,
2525 2488 2613 2544 cui
2647 2488 2916 2544 successit
2948 2485 3221 2542 Maximus
3263 2486 3416 2541 Rha-

1836 2585 2079 2643 colensis
2112 2582 2261 2656 (21);
2298 2583 2429 2638 huic
2449 2592 2631 2638 autem
2661 2580 2958 2637 Flavianus
2992 2579 3262 2652 lllyricus.
3299 2577 3418 2635 Hoc

1836 2694 1983 2735 anno
2010 2694 2149 2751 papa
2190 2675 2570 2749 (Athanasius)
2604 2677 2886 2746 ingressus
2912 2682 2997 2730 est
3025 2672 3416 2729 Alexandriam

1838 2780 2006 2843 atque
2035 2770 2330 2827 ecclesiam
2370 2768 2460 2825 die
2514 2783 2624 2823 xxv
2675 2766 2904 2822 Mechir.
2961 2765 3064 2837 15
3111 2764 3413 2836 Epistolar-

1837 2879 1969 2921 vero
2015 2862 2263 2920 festalem
2300 2861 2453 2916 misit
2509 2870 2776 2917 consueto
2807 2873 2960 2914 more
3010 2856 3306 2913 Antiochia
3347 2855 3416 2910 ad

1838 2965 2071 3013 cunctos
2099 2954 2442 3026 singularum
2477 2950 2930 3023 praefecturarum
2960 2950 3271 3019 episcopos.

1911 3048 2027 3106 Hoc
2054 3063 2200 3105 anno
2230 3047 2351 3119 (Cu.
2385 3046 2511 3118 565)
2543 3045 2828 3102 Dominica
2859 3042 3144 3099 Paschalis
3177 3048 3297 3097 erat
3325 3040 3417 3097 die

1762 3177 1806 3236 ο
1840 3143 2018 3213 primo
2039 3140 2384 3206 Pharmuthi,
2421 3154 2453 3190 v
2492 3137 2613 3193 Kal.
2642 3136 2865 3207 Aprilis,
2904 3136 3046 3191 lunae
3079 3150 3193 3198 xix,
3224 3141 3416 3236 epacta

1840 3250 1953 3300 xlv,
1980 3234 2209 3289 deorum
2237 3248 2292 3299 v,
2323 3230 2626 3286 indictione
2668 3244 2788 3292 vm,
2821 3228 2876 3282 in
2907 3228 3200 3284 consulatu
3232 3227 3415 3297 primo

1843 3323 2208 3401 Valentiniani
2243 3334 2299 3380 et
2334 3322 2582 3379 Valentis
2614 3321 2991 3393 Augustorum
3014 3363 3028 3387 ,
3075 3321 3417 3391 gubernante

1830 3419 2028 3475 eodem
2059 3416 2319 3471 Flaviano
2360 3415 2595 3486 Illyrico.
2653 3411 2764 3469 Nos
2795 3411 3188 3482 occupavimus
3227 3409 3414 3467 Caesa-

1834 3527 1990 3567 reum
2027 3509 2163 3580 (22).
2185 3509 2258 3563 At
2290 3522 2418 3563 mox
2454 3507 2755 3561 multarum
2799 3504 3214 3560 accusationum
3246 3517 3412 3558 causa

1834 3601 2143 3674 patiebatur
2173 3598 2609 3670 persecutionem
2638 3611 2779 3667 papa
2814 3594 3218 3667 (Athanasius),
3260 3595 3415 3649 ideo-

1836 3709 1944 3765 que
1974 3692 2205 3748 contulit
2250 3706 2310 3746 se
2342 3691 2396 3745 in
2425 3691 2650 3745 hortum
2694 3688 2873 3743 Fluvii
2918 3685 3079 3744 Novi.
3123 3687 3232 3744 Sed
3266 3688 3415 3742 enim

1836 3785 2028 3858 paucis
2049 3785 2242 3841 diebus
2261 3790 2406 3853 post,
2435 3795 2561 3837 cum
2594 3779 2663 3836 ad
2695 3795 2822 3836 eum
2871 3779 3117 3835 venisset
3156 3793 3282 3833 cum
3310 3776 3419 3831 Ba-

1837 3879 2020 3936 raside
2047 3876 2344 3935 secretario
2373 3872 2687 3945 praefectus.
2715 3872 2844 3931 tulit
2872 3874 2923 3930 ei
2952 3887 3111 3943 opem
3151 3881 3214 3926 ut
3251 3871 3307 3925 in
3335 3884 3418 3923 ec-

1836 3971 2059 4028 clesiam
2090 3968 2486 4038 ingrederetur.
2512 3964 2669 4020 Tunc
2685 3976 2847 4020 terrae
2867 3974 3055 4022 motus
3070 3963 3300 4034 contigit
3330 3962 3420 4016 die

1836 4079 1985 4119 xxvu
2020 4061 2234 4132 Epiphi,
2263 4074 2414 4115 mare
2459 4059 2513 4113 iu
2558 4058 2814 4113 orientali
2835 4059 2994 4129 plaga
3047 4066 3195 4112 retro
3227 4055 3416 4123 cessit,

1830 4157 1993 4212 multi
2018 4154 2312 4226 perierunt,
2339 4150 2628 4220 multaeque
2660 4165 2749 4205 res
2778 4150 3141 4220 pessundatae.

1908 4247 2025 4303 Hoc
2081 4260 2224 4301 anno
2281 4242 2403 4315 (Cu.
2439 4242 2567 4308 566)
2620 4241 2905 4296 Dominica
2953 4239 3240 4297 Paschalis
3299 4247 3419 4325 erat

1837 4342 1928 4398 die
1961 4356 2055 4395 1x1
2091 4336 2440 4403 Pharmuthi,
2464 4350 2558 4389 xvr
2584 4332 2705 4388 Kal.
2735 4332 2885 4397 Maii,
2918 4334 3062 4387 lunae
3093 4349 3188 4397 xx,
3220 4337 3418 4402 epacta

1838 4451 1968 4502 xxv,
2008 4434 2235 4488 deorum
2264 4446 2341 4496 γι,
2379 4426 2678 4483 indictione
2711 4441 2789 4489 ιιι,
2838 4426 2891 4479 in
2922 4425 3101 4497 primo
3128 4424 3419 4479 consulatu

148 4549 228 4591 xv
286 4530 606 4591 Pharmuthi
631 4569 647 4595 ,
719 4528 893 4601 pridie
945 4528 1067 4585 Kal.
1123 4529 1345 4600 Aprilis,
1403 4530 1547 4587 lunae
1605 4548 1734 4601 xxv,
1770 4538 1814 4595 Ι)
1841 4519 2090 4582 Gratiani
2119 4522 2216 4577 lilii
2246 4521 2477 4587 Augusti
2510 4529 2566 4575 et
2596 4517 2903 4590 Daglaiphi,
2954 4515 3295 4586 gubernante
3322 4528 3419 4567 eo-

148 4633 347 4698 epacta
383 4640 441 4692 x,
479 4622 706 4678 deorum
754 4638 792 4688 ι,
848 4621 1144 4678 indictione
1180 4640 1233 4691 v,
1272 4624 1591 4682 consulibus
1632 4626 1742 4681 Ma-

148 4714 396 4772 mertino
424 4722 477 4768 et
510 4711 747 4779 Nevitta,
788 4713 1127 4783 gubernante
1154 4712 1416 4771 Gerontio
1452 4717 1736 4786 Armenio,

148 4807 246 4863 cui
278 4807 547 4863 successit
582 4805 867 4876 Olympius
910 4804 1221 4862 Tarsensis.
1254 4806 1371 4863 Hoc
1422 4824 1568 4866 anno
1615 4813 1737 4882 epi-

150 4913 361 4969 scopus
401 4897 737 4956 Athanasius
772 4897 932 4952 rediit
973 4897 1043 4952 ab
1071 4898 1266 4953 exsilio
1295 4915 1483 4956 mense
1512 4901 1739 4971 Mechir,

145 5004 211 5051 et
260 4991 562 5048 Ecclesiam
603 5006 763 5047 suam
793 4992 1000 5063 recepit
1042 4990 1244 5047 Juliani
1272 4994 1503 5065 Augusti
1548 4997 1737 5068 jussu,

153 5086 251 5158 qui
296 5086 548 5143 libertate
594 5086 820 5142 donavit
850 5094 1077 5143 cunctos
1106 5085 1212 5158 15.
1234 5087 1523 5159 episcopos
1555 5098 1610 5146 et
1639 5106 1742 5146 ex-

228 5318 345 5394 (!§)
384 5315 691 5394 §yrus_hoc
718 5317 840 5394 ιρεο
879 5315 1137 5394 Heresis-

229 5385 349 5463 (19)
390 5385 516 5463 Sive
536 5386 981 5463 derestituendis
1005 5385 1493 5463 idolorum__l)onis,
1526 5385 1641 5463 sive
1669 5387 1739 5444 de

157 5457 483 5543 expellendo
533 5458 872 5527 Athanasio,
916 5469 979 5512 ut
1015 5465 1101 5513 est
1148 5457 1205 5512 in
1256 5457 1529 5514 Chronico
1569 5457 1739 5513 Vero-

159 5547 341 5589 nensl.

229 5602 349 5672 (26)
376 5599 514 5655 Hinc
538 5599 758 5672 demum
792 5596 1096 5672 corrigitur
1145 5597 1276 5652 illud
1324 5594 1526 5652 Thereu
1559 5597 1739 5672 Chro-

159 5669 268 5729 nici
304 5669 658 5731 Veronensis,
692 5686 747 5723 ιι.
781 5670 870 5733 Η,
909 5669 977 5738 de
1008 5684 1117 5738 quo
1159 5679 1419 5737 corrupto
1466 5670 1738 5724 vocabulo

158 5753 243 5799 tot
257 5757 402 5797 vana
431 5742 597 5795 verba
625 5739 874 5795 fecerunt
900 5737 1165 5803 Mafl‘eius,
1182 5739 1421 5794 Mausius
1445 5748 1609 5808 atque
1633 5738 1740 5791 Ma-

163 5814 438 5871 machius.
476 5810 612 5867 Vide
636 5811 891 5867 adnotata
934 5810 1001 5866 ad
1044 5809 1248 5866 dictum
1297 5826 1447 5866 num.
1478 5809 1734 5865 Chronici

1843 4615 1971 4669 dem
1993 4612 2253 4668 Flaviano
2286 4610 2563 4682 praefecto.
2606 4609 2705 4664 Die
2734 4624 2885 4664 xxvn
2920 4606 3116 4677 Epiphi
3156 4605 3420 4676 impetum

1847 4704 2093 4760 fecerunt
2124 4704 2349 4769 ethnici,
2374 4711 2429 4758 et
2451 4701 2763 4757 Caesareum
2802 4700 3084 4754 incensum
3116 4695 3240 4763 fuit,
3274 4699 3419 4753 mul-

1844 4797 1998 4867 tique
2051 4797 2199 4852 cives
2232 4795 2497 4852 immania
2532 4794 2857 4849 detrimenta
2906 4793 3054 4863 passi
3108 4802 3257 4847 sunt.
3322 4791 3419 4848 Rei

1848 4898 2100 4945 auctores
2132 4888 2377 4944 damnati
2427 4887 2651 4942 luerunt
2672 4895 2724 4941 et
2756 4894 3001 4941 extorres
3033 4884 3181 4939 facti.
3217 4884 3423 4941 Deinde

1846 4980 2171 5036 Proclianus
2203 4979 2426 5036 Macedo
2452 4980 2561 5034 dux
2590 4987 2806 5033 creatus
2839 4976 2961 5031 fuit.

1924 5074 2030 5147 16
2050 5071 2164 5128 Hoc
2185 5088 2331 5129 anno
2352 5071 2481 5143 (Gn.
2500 5070 2636 5143 567)
2686 5069 2969 5125 Dominica
2996 5068 3279 5125 Paschalis
3305 5078 3422 5124 erat

1847 5315 2204 5382 Veronensis,
2241 5314 2403 5370 inl‘ra.

1921 5387 2034 5462 (gl)
2065 5385 2187 5462 Syr.
2224 5385 2629 5462 ΙίΙιαρΙιοιιεηεὶαςε
2697 5454 2730 5462 __
2826 5453 2873 5462 __
3040 5450 3104 5462 __
3230 5450 3241 5461 ι

1923 5403 2034 5457 (21)
2065 5403 2102 5440 δ
2142 5403 2187 5439 r.
2224 5403 2629 5455 unapnorensts.

1923 5458 2035 5528 (22)
2089 5403 2205 5510 ὄπα
2256 5466 2376 5512 erat
2415 5471 2479 5510 ex
2518 5454 2765 5510 ecclesiis
2813 5450 3158 5507 Alexandria:
3197 5450 3278 5504 sic
3322 5464 3424 5573 yi—

1923 5529 2069 5573 IIam.
2099 5526 2246 5573 Hanc
2288 5543 2533 5573 matmum
2559 5526 2689 5573 dicit
2719 5525 2834 5573 inse
2866 5523 3200 5573 Athanasius
3234 5522 3287 5573 iu
3379 5537 3424 5572 :-

1847 5523 2077 5598 pel‘lata.
2098 5526 2246 5581 Hanc
2288 5543 2533 5597 magnam
2559 5526 2689 5598 dicit
2712 5523 3200 5598 ipsedAthanasius
3234 5523 3287 5598 in
3322 5523 3424 5598 Hj-

1849 5589 2018 5651 storia
2046 5589 2397 5662 Arianorum,
2419 5613 2537 5666 cap.
2573 5596 2641 5647 74
2674 5589 2783 5666 (si,
2807 5596 2872 5666 τῇ
2923 5591 3137 5666 μεγάλῃ
3160 5589 3424 5666 euinci;

1848 5670 2008 5740 τῇίέν
2058 5667 2136 5737 τῷ
2160 5662 2529 5740 Καισαρείᾳ)
2575 5662 3049 5740 et‘abhiSLaique
3084 5662 3152 5717 ab
3189 5662 3425 5717 ethnicis

1849 5733 2119 5863 poltliutam'
2152 5737 2320 5795 fuisse
2354 5733 2714 5809 blasphemiis
2742 5736 2799 5791 in
2832 5733 3116 5791 Christum
3153 5740 3316 5804 atque
3338 5747 3424 5787 sa-

1851 5824 1927 5863 Cl‘l
1973 5821 2091 5863 cus.

1851 5821 2091 5864 CI‘IUCHS.
