3794 6226
401 367 551 436 ’ἓδδθ

1008 369 1063 426 S.
1106 359 1476 420 ATHANASII
1515 356 1664 414 OPP.
1703 347 1884 410 PARS
1923 347 1985 404 ll.
2029 381 2096 390 —
2133 340 2494 404 EPISTOLE
2536 341 3069 402 llEORTASTlCE.

3510 331 3656 392 1560

409 495 500 550 die
527 509 613 548 xv:
637 487 978 547 Pliarmuthi.
1010 482 1264 538 Kalendis
1297 477 1518 548 Aprilis,
1538 475 1683 528 luna:
1712 485 1823 534 xvr,
1847 480 1974 536 epa-
2005 465 2050 522 A
2153 463 2259 533 18
2298 462 2412 516 Hoc
2441 476 2584 515 anno
2610 457 2728 529 (Cn.
2754 457 2880 527 5T5)
2910 452 3192 508 Paschatis
3220 447 3505 507 Dominica
3532 462 3655 506 erat

395 598 494 640 "cia
531 601 605 648 νι,
639 583 866 638 deorum
910 593 1008 641 vn,
1061 575 1350 630 indictione
1403 586 1435 624 x
1483 568 1616 640 (25),
1654 564 1972 620 consulibus

396 667 673 746 'Lupicino
721 682 774 728 et
809 669 1026 732 Jovino,
1071 667 1406 739 gubernante
1437 661 1626 716 eodem
1662 655 1974 722 Procliano,

409 744 509 820 cui
537 763 796 819 Tatianus
844 760 1046 814 Lucius
1085 754 1371 812 successit.
1399 750 1514 806 Hoc
1538 762 1683 804 anno
1711 762 1834 802 cum
1867 744 1976 797 Lu-

396 857 529 914 ‘cius
562 853 769 926 ingredi
816 861 1044 908 conatus
1089 856 1234 904 esset
1270 847 1359 902 die
1402 861 1529 898 xxvr
1559 841 1738 897 Thoth
1759 881 1774 908 ,
1807 847 1973 894 noctu

410 948 618 1004 delituit
633 948 687 1000 in
711 945 872 1000 domo
892 958 1012 1014 qua:
1036 949 1152 995 erat
1177 954 1342 1009 prope
1363 935 1603 992 ecclesia:
1627 931 1970 1004 prmsidium;

388 1050 644 1110 ‘tumque
667 1036 928 1091 Tatianns
973 1032 1280 1104 praefectus,
1305 1039 1355 1082 et
1382 1028 1654 1098 Trajanus
1683 1025 1794 1080 dux
1825 1021 1974 1078 foras

401 1138 586 1206 ipsum
613 1133 796 1204 egredi
822 1139 1126 1191 curassent,
1157 1127 1203 1180 is
1232 1123 1550 1178 mirabiliter
1585 1136 1650 1176 ex
1684 1117 1818 1173 urbe
1845 1132 1972 1172 eva-

404 1228 480 1282 sit
525 1225 836 1288 incolumis,
875 1222 1003 1292 quia
1055 1234 1178 1273 eum
1227 1216 1384 1271 turba
1423 1211 1726 1267 interﬁcere
1759 1207 1970 1262 avebat.

402 1319 523 1375 Hoc
562 1329 780 1388 quoque
815 1325 960 1368 anno
1003 1307 1288 1378 epistolam
1327 1302 1545 1372 scripsit
1570 1294 1972 1372 (Athanasius)

395 1425 510 1464 'nec
541 1423 647 1462 non
677 1405 984 1461 divinorum
1015 1399 1276 1453 librorum
1305 1406 1570 1448 canonem
1605 1388 1794 1444 edidit.

477 1498 591 1554 Hoc
617 1512 762 1552 anno
797 1494 914 1565 (Cu.
948 1491 1074 1560 568)
1118 1486 1400 1543 Paschalis
1425 1482 1703 1538 Dominica
1731 1490 1852 1535 erat
1887 1480 1974 1534 die

399 1597 512 1645 ‘xxv
533 1586 875 1651 Pharmuthi,
893 1599 966 1637 xn
997 1582 1116 1636 Kal.
1143 1579 1294 1645 Maii,
1322 1580 1463 1633 lunae
1486 1591 1596 1640 xvi,
1615 1583 1805 1644 epacta
1831 1587 1967 1636 xvn,

404 1682 634 1734 deorum
687 1692 756 1742 ιι,
790 1675 1087 1730 indictione
1125 1686 1201 1737 xi,
1242 1667 1622 1723 Valentiniano
1663 1674 1717 1720 et
1744 1664 1968 1719 Valente

406 1771 667 1841 Augustis
714 1767 955 1824 secundo
992 1763 1342 1825 consulibus,
1387 1759 1725 1830 gubernante
1779 1756 1968 1810 eodem
2005 1801 2047 1856 Β

393 1848 640 1919 ’Ταιὶιιιιο
685 1858 960 1932 praefecto.
996 1857 1302 1912 Caesareum
1345 1861 1581 1922 emptum
1624 1857 1707 1906 est
1743 1847 1974 1904 reaediii-

406 1954 518 2008 cari
536 1952 624 2008 die
641 1969 691 2007 vi
717 1951 917 2006 mensis
934 1947 1316 2016 Paclion,quia
1349 1945 1586 2015 gratiose
1627 1943 1975 2012 impetratum

391 2036 510 2097 ~fuit
540 2040 815 2111 imperiale
835 2039 1110 2094 decretum
1145 2051 1238 2106 per
1260 2033 1556 2104 Traianum
1581 2033 1795 2087 ducem.
1817 2032 1977 2086 Com-

409 2130 544 2203 perti
579 2142 708 2186 sunt
747 2128 980 2184 incendii
1032 2136 1305 2188 auctores,
1335 2134 1386 2178 et
1419 2123 1641 2177 remotis
1678 2122 1859 2175 statim
1887 2121 1972 2174 in-

394 2233 586 2278 ‘censm
634 2221 796 2277 molis
841 2219 1117 2287 maceriis,
1152 2217 1343 2272 eodem
1396 2230 1586 2270 mense
1619 2213 1839 2267 Pacbon
1873 2212 1978 2266 ini-
2031 2210 2033 2212 ’

397 2317 545 2371 ‘tium
572 2312 912 2370 instaurandi
939 2310 1153 2366 aedilicii
1186 2309 1389 2363 factum
1424 2316 1509 2361 est

481 2407 599 2463 Hoc
641 2421 789 2462 anno
829 2404 958 2477 (Ca.
993 2402 1128 2472 569)
1168 2399 1450 2456 Paschatis
1503 2396 1781 2452 Dominica
1861 2403 1981 2449 erat

413 2499 502 2553 die
532 2511 682 2552 xxvu
726 2494 1070 2560 Pharmutbi,
1104 2492 1277 2563 pridie
1312 2492 1437 2545 Idus
1467 2490 1690 2560 Aprilis,
1716 2489 1858 2543 luna:
1887 2502 1980 2553 xv,

412 2600 604 2661 epacta
642 2604 836 2656 xxvm,
873 2587 1102 2643 deorum
1153 2601 1236 2650 ιιι,
1280 2583 1578 2639 indictione
1618 2597 1715 2646 ιιι,
1756 2579 1981 2634 consule

418 2685 519 2754 17
538 2681 776 2753 primum
793 2677 1173 2734 Valentiniano
1189 2676 1420 2746 Augusti
1456 2675 1569 2728 lilio
1595 2688 1720 2728 cum
1739 2670 1978 2733 Victore,

415 2777 752 2846 gubernante
798 2771 986 2828 eodem
1033 2769 1261 2824 Tatiano
1317 2765 1590 2837 praelecto.
1622 2763 1799 2834 Cmpit
1844 2775 1982 2833 papa

415 2868 792 2938 (Athanasius)
820 2865 1108 2921 ecclesiam
1149 2863 1418 2919 aediﬁcare
1445 2860 1499 2914 in
1532 2858 1831 2924 Mendesio,
1861 2871 1983 2927 qua

419 2969 605 3030 postea
633 2958 701 3014 de
727 2957 946 3013 nomine
973 2955 1093 3026 ejus
1122 2953 1388 3024 appellata
1411 2962 1515 3016 est,
1535 2950 1623 3005 die
1652 2964 1754 3003 xxv
1779 2947 1983 3004 mensis

419 3053 618 3119 Thoth,
646 3051 801 3104 initio
825 3048 952 3103 anni
983 3062 1160 3102 Lxxxv
1183 3043 1523 3100 Diocletiani.

2076 553 2164 609 die
2209 570 2243 607 v
2293 551 2635 616 Pharmuthi,
2681 548 2853 620 pridie
2899 547 3026 600 Kal.
3076 545 3301 614 Aprilis,
3349 544 3494 597 luna:
3535 559 3653 606 xxi,

2076 652 2263 715 epacta
2292 657 2389 706 xtl,
2421 642 2645 696 deorum
2682 655 2722 702 ι,
2754 636 3051 691 indictione
3084 650 3123 699 ι,
3177 633 3233 686 in
3287 640 3486 702 quarto
3535 632 3654 704 (24)

2077 736 2360 792 consulatu
2396 729 2764 788 Valentiniani
2792 736 2844 782 et
2870 725 3113 780 Valentis
3136 726 3530 793 Augustorum,
3557 739 3658 792 gu-

2077 829 2339 883 bernante
2362 824 2553 881 eodem
2583 821 2726 876 λδΕΙὶο
2757 818 2997 874 Palladio
3020 815 3240 886 [Egypti
3271 811 3555 884 praefecto.
3595 811 3652 865 In

2077 922 2239 991 hujus
2289 918 2416 974 anni
2463 916 2632 977 exitu,
2662 914 2750 968 die
2778 928 2853 966 vn
2904 911 3144 973 Pachon,
3184 907 3498 978 prodigiose
3537 903 3655 974 (25)

2075 1014 2185 1068 vita
2219 1010 2452 1066 excessit
2477 1002 2874 1080 (Athanasius).

2146 1105 2298 1162 Finis
2347 1104 2712 1174 capitulorum
2764 1098 3118 1168 epistolarum
3164 1093 3443 1151 {estalium
3477 1089 3653 1147 sancti

2078 1195 2359 1250 Athanasii
2391 1192 2733 1249 Alexandriae
2757 1191 3017 1260 episcOpi.

2593 1372 3023 1430 EPISTOLA
3092 1370 3132 1424 l.

2645 1468 2752 1528 (Ch.
2783 1479 2912 1516 anno
2940 1463 3076 1526 529.)

2073 1593 2330 1639 ειηετοιλ
2385 1598 2547 1637 PRIMA
2600 1594 2854 1636 FESTALIS
2906 1591 3049 1630 PAPE
3104 1586 3428 1631 ATHANASII.
3486 1583 3658 1624 JUXTA

2143 1692 2285 1741 ρωιιιι
2338 1689 2589 1730 DOIINICA
2642 1684 2928 1725 PASCHATIS
2974 1681 3116 1720 ERAT
3159 1679 3247 1717 DIE
3289 1679 3342 1716 11
3413 1675 3663 1715 [MARIO-

2146 1784 2258 1832 ‘Iﬂl,
2298 1782 2396 1820 Vlll
2435 1781 2553 1820 IDUS
2592 1778 2820 1827 APRILIS,
2863 1774 3000 1814 ANNO
3039 1773 3144 1811 XLV
3191 1770 3566 1817 DIOCLETIANI,
3611 1769 3661 1806 171

2146 1873 2354 1916 OCTAVO
2375 1872 2681 1913 CONSULATU
2703 1865 3056 1908 CONSTANTINI
3083 1863 3310 1903 AUGUSTI
3344 1863 3414 1900 ΕΤ
3441 1860 3663 1907 QUABTO

2147 1965 2499 2008 CONSTANTINI
2523 1963 2774 2012 cassams,
2806 1957 3096 1999 ιδιιιεινεετο
3135 1953 3390 1997 εερτιιιιο
3422 1937 3540 2008 (26)
3581 1953 3663 1989 τεά

2146 2056 2270 2107 ιιευ,
2312 2053 2619 2094 INDICTlONE
2660 2050 2917 2090 εεευιιιιλ.

2499 2126 2575 2179 De
2593 2125 2819 2194 jejunio,
2845 2123 2969 2176 tuba
2993 2131 3041 2175 et
3065 2119 3232 2189 festis.

2150 2219 2202 2274 l.
2246 2218 2454 2282 Venite,
2487 2217 2666 2272 dilecti
2711 2217 2840 2279 mei,
2874 2215 2940 2268 ad
2991 2211 3377 2268 celebrandum
3432 2209 3662 2274 festum,

2079 2310 2514 2382 quandoquidem
2545 2322 2647 2364 nos
2675 2317 2892 2376 tempus
2919 2304 3131 2359 invitat.
3172 2303 3266 2356 Sol
3313 2303 3405 2356 ille
3432 2301 3666 2371 justitize

2078 2404 2291 2459 divinos
2341 2417 2468 2458 suos
2519 2401 2676 2456 nobis
2725 2402 2910 2455 radios
2955 2397 3266 2457 ostendens,
3296 2395 3664 2450 solemnitatis

2079 2505 2293 2567 tempus
2320 2496 2478 2550 nobis
2510 2494 2784 2565 praedicit;
2839 2507 2950 2562 quo
2982 2491 3221 2561 cognito,
3256 2489 3457 2543 festum
3504 2501 3666 2558 agerc

2079 2587 2362 2649 debemus,
2392 2603 2462 2640 ne
2497 2585 2661 2641 simul
2692 2599 2816 2640 cum
2847 2592 3090 2653 tempore
3122 2582 3301 2636 avolet
3328 2597 3358 2635 a
3388 2581 3554 2635 nobis
3578 2581 3664 2633 lae-

2080 2676 2218 2730 titia.
2248 2675 2457 2744 Quippe
2483 2685 2566 2731 est
2589 2674 2834 2744 apprime
2861 2673 3254 2735 necessarium,
3297 2671 3403 2741 19
3434 2680 3497 2724 ut
3527 2680 3667 2724 tem-

2081 2782 2183 2836 pus
2207 2765 2520 2821 exercendae
2542 2765 2759 2819 virtutis
2783 2777 3202 2833 cognoscamus.
3227 2761 3318 2816 Sic
3342 2761 3512 2814 etiam
3544 2761 3666 2814 hea-

2083 2866 2170 2913 tus
2197 2857 2400 2914 Paulus
2430 2857 2759 2926 discipulum
2791 2871 2952 2911 suum
3003 2853 3071 2908 ad
3121 2853 3380 2922 temporis
3424 2851 3664 2921 agnitio-

2083 2963 2205 3003 nem
2234 2947 2646 3013 adhortabatur,
2678 2946 3016 3016 docebatque
3043 2959 3168 3000 eum
3201 2945 3392 2998 dicens
3431 2962 3445 2996 :
3480 2941 3665 2994 clnsta

2086 3041 2141 3094 in
2169 3050 2433 3110 tempore.
2461 3049 2514 3094 et
2539 3051 2692 3094 extra
2725 3049 2963 3109 tempus.
2993 3056 3012 3090 ι
3044 3036 3246 3106 Nempe
3276 3044 3336 3089 ut
3362 3045 3667 3103 utrumque

489 3143 603 3199 Hoc
629 3157 772 3197 anno
798 3140 917 3210 (Cu.
953 3140 1079 3212 37b)
1115 3137 1397 3194 Paschatis
1424 3135 1704 3191 Dominica
1733 3142 1853 3190 erat
1890 3133 1979 3189 die
2005 3143 2052 3207 ο
2083 3130 2246 3187 sciret
2269 3139 2323 3184 et
2354 3144 2441 3185 res
2473 3129 2665 3200 dignas
2692 3139 2932 3199 tempore
2961 3144 3142 3199 agere,
3174 3139 3228 3183 et
3275 3143 3475 3184 cavere
3525 3139 3667 3195 quo-

418 3247 455 3286 ιι
488 3228 827 3296 Pharmutbi,
860 3244 912 3283 IV
943 3229 1060 3282 Kal.
1107 3227 1326 3298 Aprilis,
1379 3227 1522 3281 luna:
1552 3241 1640 3292 xv,
1683 3231 1872 3294 epacta
1904 3239 1980 3288 Ix,

416 3322 644 3375 deorum
672 3335 746 3385 tv,
779 3319 1074 3374 indictione
1106 3333 1225 3381 xm,
1257 3315 1575 3372 consulibus
1604 3315 1765 3368 tertio
1788 3312 1987 3368 Valen-

419 3412 624 3467 tiniano
651 3421 706 3466 et
735 3410 961 3467 Valente
988 3409 1266 3480 Augustis,
1302 3406 1639 3477 gubernante
1660 3405 1850 3460 eodem
1880 3403 1987 3460 Ta‘

423 3510 590 3572 tiano,
623 3505 712 3561 cui
745 3506 1007 3560 successit
1031 3501 1309 3576 Olympius
1337 3501 1608 3557 Palladius
1637 3499 1986 3556 Samosatend

419 3605 516 3658 sis.
553 3600 798 3656 Absolvit
826 3614 962 3670 papa
983 3598 1356 3671 (Athanasius
1380 3596 1400 3668 )
1433 3597 1743 3663 ecclesiam,
1773 3611 1896 3667 quae
1919 3596 1988 3651 de

421 3693 642 3749 nomine
683 3692 802 3762 ejus
850 3693 994 3747 dicta
1024 3701 1126 3755 est,
1156 3691 1434 3746 desinente
1462 3704 1608 3744 anno
1635 3705 1834 3743 Lxxxvr
1865 3704 1987 3744 aera:

422 3782 739 3838 Diocletiani
763 3801 778 3849 ;
805 3798 917 3853 quo
947 3796 1114 3847 anno,
1147 3781 1236 3836 die
1259 3796 1347 3835 xiv
1375 3781 1578 3836 mensis
1602 3779 1796 3835 Mesori
1829 3780 1989 3834 annis

422 3875 661 3930 versaria
685 3889 900 3944 quoque
921 3873 1144 3944 peregit.

492 3963 606 4020 Hoc
635 3978 778 4019 anno
811 3964 944 4035 (Cn.
981 3963 1078 4018 571
1103 3963 1122 4034 )
1148 3961 1428 4019 Paschatis
1451 3960 1734 4017 Dominica
1761 3971 1876 4017 erat
1901 3961 1990 4017 die

424 4073 536 4111 χχιι
564 4053 906 4119 Pharmuthi,
933 4071 1000 4110 xv
1028 4054 1146 4110 Kal.
1178 4053 1326 4124 Maii,
1355 4055 1496 4109 luna:
1525 4069 1634 4118 xxi,
1675 4063 1864 4124 epacta
1896 4069 1987 4119 xx,

423 4147 650 4201 deorum
680 4161 733 4211 v,
763 4145 1053 4200 indictione
1070 4161 1180 4210 xiv,
1211 4145 1267 4198 in
1298 4145 1536 4200 secundo
1553 4143 1838 4200 consulatu
1864 4143 1993 4200 Graa

426 4237 558 4293 tiani
588 4235 818 4307 Augusti
852 4251 976 4291 cum
1000 4234 1199 4303 Probo,
1230 4236 1566 4306 gubernante
1595 4235 1786 4291 eodem
1816 4234 1993 4290 Palla-

424 4329 537 4392 dio,
565 4327 654 4382 cui
686 4327 951 4383 successit
978 4328 1034 4381 in
1064 4324 1283 4396 Egypti
1314 4326 1633 4396 praefectura
1664 4324 1844 4383 Elius
1863 4327 1990 4382 Pal-

424 4418 603 4475 ladins
632 4417 972 4484 Palaestinos,
1001 4419 1094 4487 qui
1124 4418 1302 4474 dictus
1325 4429 1410 4474 est
1438 4418 1634 4490 Cyrus.

2089 3223 2270 3278 minus
2315 3219 2744 3289 reprehendatur
2791 3231 2948 3275 extra
2987 3230 3202 3290 tempus
3229 3222 3365 3291 (27).
3401 3220 3668 3276 Similiter

2085 3321 2140 3368 et
2164 3315 2411 3367 omnium
2441 3311 2606 3376 Deus,
2635 3312 2787 3381 juxta
2835 3311 3134 3382 sapientem
3166 3310 3522 3366 Salomonem
3556 3310 3669 3381 (28)

2086 3403 2524 3475 uniuscujusque
2551 3403 2629 3458 rei
2661 3413 2872 3472 tempus
2901 3412 3063 3472 atque
3097 3411 3434 3456 momentum
3470 3403 3669 3456 distin-

2086 3496 2305 3567 guebat,
2333 3505 2393 3550 ut
2424 3498 2650 3551 omnino
2692 3493 3009 3550 deﬁniretur
3038 3503 3281 3563 tempore
3312 3496 3543 3564 praprio
3571 3495 3669 3548 ho-

2087 3590 2297 3644 minum
2345 3588 2594 3643 salvatio.
2627 3587 2718 3643 Sic
2761 3588 2924 3641 etiam
2958 3585 3050 3640 Dei
3099 3588 3364 3656 sapientia
3393 3585 3667 3640 Dominus

2088 3696 2152 3737 ac
2181 3681 2428 3736 Salvator
2455 3688 2636 3735 noster
2675 3676 2835 3734 Jesus
2862 3677 3136 3744 Christus,
3166 3692 3289 3732 cum
3329 3676 3480 3730 haud
3515 3688 3666 3731 extra

2091 3786 2325 3844 tempus,
2357 3773 2452 3829 sed
2477 3773 2669 3827 idoneo
2705 3783 2966 3841 tempore,
3000 3769 3068 3824 ad
3109 3778 3422 3824 sanctorum
3455 3769 3669 3822 animas

2091 3881 2150 3920 se
2176 3862 2408 3929 confert,
2433 3862 2526 3917 Dei
2565 3871 2840 3917 amatores
2862 3871 3025 3930 atque
3057 3860 3350 3930 prophetas
3396 3868 3528 3928 apte
3559 3859 3669 3912 dis-

2089 3955 2263 4024 ponit.
2296 3954 2471 4022 Atque
2511 3953 2584 4008 ita
2625 3951 2841 4023 plurimi
2890 3967 3014 4005 eum
3065 3951 3443 4020 precabantur,
3483 3947 3669 4004 dicen-

2091 4046 2202 4098 tes‘
2233 4061 2248 4098 :
2282 4061 2300 4094 ι
2329 4043 2463 4110 Quis
2491 4042 2638 4097 dabit
2684 4057 2752 4097 ex
2799 4039 2931 4095 Sion
2978 4041 3214 4094 salutare
3245 4039 3374 4093 Dei?
3400 4058 3417 4090 ι
3453 4038 3670 4109 Sponsa

2091 4150 2242 4198 vero,
2276 4144 2336 4189 ut
2369 4134 2424 4188 in
2467 4131 2695 4189 Cantico
2725 4133 2986 4201 scriptum
3035 4141 3137 4196 est,
3166 4132 3356 4186 orabat
3395 4131 3627 4185 dicens'
3655 4147 3666 4182 :

2098 4246 2116 4280 ι
2145 4225 2278 4293 Quis
2310 4225 2400 4280 det
2445 4233 2498 4278 te
2539 4223 2710 4277 ﬁlium
2749 4223 2956 4277 sororis
2989 4236 3141 4287 mete,
3178 4230 3463 4289 augentem
3501 4221 3669 4274 ubera

2093 4318 2284 4374 matris
2317 4317 2488 4372 meae?
2518 4333 2536 4365 ι
2571 4313 2776 4383 Nempe
2807 4322 2866 4367 ut
2892 4313 3207 4368 hominibus
3241 4314 3337 4366 lias
3367 4311 3594 4375 similis,
3620 4317 3671 4364 et

2095 4411 2364 4466 humanos
2387 4408 2604 4462 dolores
2629 4421 2728 4476 pro
2751 4405 2910 4458 nobis
2937 4405 3156 4458 subeas.

497 4511 610 4567 Hoc
646 4525 791 4566 anno
817 4477 1109 4582 (αηξδῆε)
1140 4508 1423 4566 Paschatis
1452 4477 1730 4566 Dominica
1761 4520 1880 4567 erat
1904 4513 1990 4568 die
2020 4477 2066 4531 θ
2163 4504 2218 4559 2.
2259 4501 2367 4557 Sed
2411 4500 2502 4556 ille
2552 4499 2797 4556 omnium
2828 4496 2993 4561 Deus,
3022 4494 3196 4550 factor
3249 4503 3565 4563 temporum
3609 4507 3672 4545 ac

427 4618 523 4656 xm
551 4600 887 4663 Pharmuthi,
921 4615 973 4652 vt
1012 4597 1136 4654 ldus
1162 4599 1383 4668 Aprilis,
1415 4599 1557 4653 luna:
1586 4615 1701 4664 xix,
1729 4608 1916 4668 epacta
1949 4615 1988 4664 ι,

426 4694 652 4746 deorum
689 4707 762 4755 vi,
815 4690 1109 4746 indictione
1140 4705 1228 4755 xv,
1283 4689 1600 4744 consulibus
1649 4689 1894 4745 Modesto
1941 4697 1994 4744 et

427 4783 712 4848 Arintheo,
743 4781 1076 4852 gubernante
1106 4781 1294 4836 eodem
1320 4779 1467 4834 {Elia
1498 4779 1758 4846 Palladio,
1787 4783 1880 4852 qui
1905 4781 1990 4836 di-

428 4886 550 4931 ctus
582 4889 664 4932 εει
693 4875 890 4946 Cyrus,
923 4871 1140 4946 Egyoti
1164 4873 1436 4945 praefecto.

505 5055 521 5084 ¹
559 5051 704 5108 Psal.
730 5067 861 5118 Lvu,
897 5053 946 5106 7.
1023 5053 1043 5084 ⁸
1080 5049 1234 5105 Cant.
1266 5067 1384 5116 VIII,
1420 5052 1468 5104 l.

2097 4605 2514 4660 momentorum,
2542 4591 2636 4662 qui
2688 4605 2777 4645 res
2816 4597 3054 4654 nostras,
3081 4588 3368 4657 plusquam
3414 4601 3520 4641 nos
3550 4585 3669 4655 ipsi,

2100 4689 2268 4753 novit,
2296 4685 2448 4749 dum,
2480 4683 2638 4754 periti
2663 4681 2857 4737 medici
2883 4681 3080 4744 instar,
3126 4677 3369 4733 solamen
3404 4691 3505 4745 per
3549 4685 3674 4730 tem-

2103 4795 2205 4850 pus
2257 4778 2325 4833 iis
2352 4775 2620 4841 concedit,
2651 4774 2744 4844 qui
2783 4771 2962 4828 sanari
2995 4768 3366 4830 consentiunt,
3399 4767 3453 4820 id
3497 4766 3671 4836 ipsum

2106 4871 2252 4926 haud
2282 4876 2435 4925 extra
2465 4879 2694 4938 tempus,
2726 4866 2818 4921 sed
2865 4865 3059 4920 idoneo
3091 4871 3332 4933 tempore
3365 4860 3672 4930 suppeditat

505 5235 616 5306 (25)
657 5234 790 5301 Qua:
841 5233 1542 5306 sequtintnrrcontinentur
1571 5234 1625 5287 in
1655 5231 1792 5306 lolio
1844 5233 1989 5306 quod
2089 5230 2321 5306 tuimus.

433 5305 487 5376 in
515 5302 844 5376 perturbatis
877 5302 1208 5359 membranis
1237 5302 1619 5376 Nitriensibus,
1652 5304 1889 5372 itemque
1935 5305 1989 5356 in

434 5373 764 5432 Londinensi
811 5375 1046 5430 editione
1072 5385 1224 5428 extra
1257 5375 1536 5442 proprium
1576 5373 1756 5428 locum
1790 5382 1891 5436 est,
1931 5381 1992 5427 ut

436 5447 551 5514 ipse
578 5446 647 5501 cl.
676 5446 851 5500 editor
884 5445 1188 5500 Curetonus
1237 5454 1381 5498 recte
1421 5443 1737 5508 adnotavit;
1771 5458 1869 5496 nos
1891 5458 1990 5494 au-

435 5523 545 5570 tem
594 5531 738 5570 nunc
759 5518 906 5584 justa
942 5517 992 5569 in
1025 5516 1151 5568 sede
1185 5514 1396 5584 folium,
1423 5515 1528 5568 hoc
1559 5514 1854 5583 nativoque
1897 5527 1992 5566 or-

436 5586 582 5652 dine,
612 5594 672 5640 ut
701 5581 796 5652 par
823 5596 926 5651 est,
951 5585 1300 5639 collocamus.
1393 5581 1396 5586 ’

509 5650 621 5727 (ει)
661 5650 775 5709 Hoc
823 5650 992 5725 usque
1040 5653 1228 5727 lolium
1257 5650 1773 5727 tralatitiuqunod
1806 5666 1904 5705 nos
1939 5650 1993 5727 i_n

439 5721 715 5799 proprium
745 5721 948 5790 locuni,
974 5723 1117 5777 unde
1146 5725 1484 5778 incommode
1513 5721 1806 5787 exciderat,
1839 5721 1998 5776 resti-

2182 5299 2276 5365 25)
2320 5295 2457 5351 Vide
2485 5299 2672 5348 notam
2695 5292 2870 5365 inira,
2897 5307 2956 5361 p.
2981 5291 3119 5365 ιω.

2182 5301 2276 5365 25)
2320 5301 2457 5351 Vide
2485 5301 2672 5348 notam
2707 5301 2870 5356 intra,
2897 5307 2956 5361 p.
2997 5301 3119 5345 ws.

2159 5301 2272 5439 (26)
2313 5365 2647 5439 Vocabulum
2669 5362 2943 5439 “Septimio
2964 5362 3151 5439 deerat
3178 5360 3248 5439 in.
3261 5358 3559 5439 Chronico.

2160 5424 2271 5507 (‘27)
2313 5437 2359 5490 ll
2388 5435 2530 5489 Tim.
2571 5451 2642 5498 ιν,
2665 5436 2720 5486 2.
2751 5424 3170 5507 διηἙπίσ-’ξηθι
3200 5427 3496 5507 εὐκαίρως,
3516 5424 3664 5507 an;th

2093 5493 2220 5580 ριιῖς.
2253 5493 2348 5563 Est
2399 5514 2580 5580 autem
2630 5493 3026 5580 propemodum
3063 5493 3338 5580 insperata
3365 5493 3534 5580 hujus
3564 5493 3662 5548 loci

2100 5569 2471 5646 interpretatio
2497 5569 2802 5646 Athanasii.
2841 5571 3105 5638 Philologi
3141 5569 3282 5646 sacri
3310 5569 3577 5638 judicent.

2175 5638 2291 5771 (2%)
2328 5646 2502 5702 Eccle.
2541 5661 2623 5710 ιιι,
2655 5646 2705 5712 7,
2739 5643 2958 5712 Tempus
3003 5642 3234 5707 tacendi,
3280 5651 3329 5693 el
3374 5638 3664 5708 tenipuslo-

2175 5735 2232 5771 en
2275 5734 2314 5771 ι.

2101 5734 2314 5788 quenat.
