3794 6226
127 333 258 388 1561

1550 331 1880 392 EPISTOLA
1923 336 1963 392 1.

3295 333 3400 387 563

123 445 308 503 dicens
337 461 353 498 :
391 461 411 495 ι
447 442 716 514 Tempore
763 452 985 515 accepto
1030 446 1284 502 exaudivi
1331 453 1401 515 te,
1431 455 1485 502 et
1525 448 1578 503 in
1633 449 1721 503 die
1749 450 1795 506 Α
1826 455 2025 512 rentes,
2058 457 2218 518 atque
2245 448 2314 502 ab
2347 447 2541 504 umbra
2575 465 2723 504 nunc
2753 447 3138 520 digredientes.
3173 449 3237 502 ad
3268 450 3402 502 veri-

123 536 314 594 salutis
353 536 547 606 adjuvi
582 545 633 590 te
649 536 690 588 ⁸.
727 555 745 588 ι
783 535 908 592 Ideo
954 538 1303 595 beatissimus
1331 554 1548 610 quoque
1577 539 1714 596 Pau-

125 628 225 692 lus,
256 626 323 682 ad
350 626 676 696 hujusmodi
707 636 922 698 tempus
947 643 1049 684 nos
1084 630 1404 698 adhortans,
1443 632 1713 688 scribebat

124 719 346 776 dicens‘
375 738 391 774 :
438 738 458 774 ι
490 718 629 774 Ecce
657 736 804 775 nunc
834 730 1048 792 tempus
1070 722 1179 792 2o
1209 724 1561 794 acceptabile,
1585 740 1712 781 ecce

127 826 264 866 nunc
287 811 410 868 dies
437 813 657 868 salutis.
693 832 712 865 ι
749 811 882 868 item
912 815 1216 886 antiquitus
1248 816 1483 873 invitans
1509 816 1709 889 (Deus)

125 918 215 971 per
236 902 466 972 Moysen
498 901 714 959 lsraelis
740 904 883 960 ﬁlios
911 906 979 961 ad
1003 906 1202 963 festum
1235 909 1594 976 sacerdotale,
1631 911 1712 966 sic

124 994 334 1049 aiebat“
363 1012 379 1050 ε
413 1012 433 1045 ι
470 993 670 1050 Tribus
695 996 906 1053 vicibus
945 1012 1042 1067 per
1075 999 1319 1068 singulos
1351 1014 1527 1055 annos
1573 999 1711 1054 mihi

124 1083 316 1144 festum
346 1083 722 1141 celebrabitis.
745 1104 764 1138 ι
795 1085 1172 1143 Sacerdotales
1201 1088 1342 1143 tubae
1364 1089 1707 1161 clangebant,

126 1174 299 1228 dilecti
326 1175 463 1240 mei,
501 1183 668 1247 atque
717 1178 784 1234 ad
837 1179 940 1234 tria
995 1179 1320 1235 celebranda
1366 1181 1502 1237 festa
1532 1181 1712 1238 horta-

123 1263 334 1330 bantur,
364 1280 608 1334 quorum
640 1283 811 1324 unum
843 1267 1172 1324 hodiernum
1203 1279 1310 1326 est.
1358 1269 1435 1325 lta
1487 1281 1709 1328 sanctus

123 1350 408 1409 Psalmista
461 1357 767 1423 mandavit,
793 1357 1054 1415 dicens“:
1088 1377 1107 1412 ι
1139 1359 1446 1416 Vociferate
1477 1362 1532 1416 in
1568 1361 1710 1418 Neo-

125 1446 296 1500 menia
320 1446 478 1512 tuba,
507 1447 559 1501 in
587 1448 674 1503 die
696 1450 1056 1506 solemnitatis
1081 1461 1293 1507 vestrae.
1323 1471 1340 1503 i
1365 1453 1578 1508 Dictum
1605 1454 1712 1509 hoc

119 1533 264 1602 jubet
318 1550 424 1590 nos
476 1537 783 1595 vociferare
832 1550 1068 1610 utroque
1116 1552 1382 1612 tempore,
1418 1560 1612 1614 nempe
1655 1547 1707 1598 in

125 1626 388 1681 mensium
443 1628 626 1694 initio,
658 1639 710 1685 et
745 1632 1072 1702 praescriptis
1119 1632 1332 1697 diebus,
1381 1648 1615 1704 quorum
1654 1635 1706 1688 in

125 1715 295 1770 medio
340 1717 708 1786 plenilunium
745 1721 922 1778 tiebat.
969 1721 1119 1776 Dicm
1163 1723 1537 1793 praescriptum
1583 1722 1710 1778 fecit

1821 546 1984 592 tatem
2029 538 2333 605 veniamus,
2368 541 2637 612 tubasque
2685 541 3054 595 sacerdotales
3101 540 3400 597 Salvatoris

1820 630 1996 686 nostri
2025 639 2332 700 spectemus
2358 633 2664 687 clamantes
2691 642 2853 702 atque
2895 633 3206 700 invitantes,
3236 633 3400 687 modo

1828 720 1893 775 ad
1924 721 2191 790 praelium,
2229 731 2288 776 ut
2319 723 2395 776 ait
2419 723 2612 777 beatus
2640 723 2844 777 Paulus
2867 723 2911 754 ¹⁰
2938 740 2952 776 τ
2987 741 3006 773 ι
3035 721 3153 776 Νοιι
3188 732 3271 778 est
3301 741 3398 776 no-

1819 811 1903 866 bis
1933 813 2244 868 colluctatio
2273 812 2538 870 adversus
2586 829 2805 868 carnem
2843 822 2898 868 et
2923 815 3265 884 sanguinem,
3302 817 3397 869 sed

1817 901 2082 957 adversus
2125 901 2244 972 22
2293 901 2607 973 principes,
2659 903 2921 958 adversus
2966 910 3300 973 potestates,
3345 912 3398 958 et

1819 990 2005 1044 mundi
2051 990 2214 1060 hujus
2265 991 2542 1046 tenebrosi
2593 1003 2853 1059 rectores,
2889 1001 3077 1047 contra
3127 992 3396 1062 malignos

1818 1081 2046 1152 spiritus
2064 1083 2224 1138 aeris.
2253 1103 2270 1136 ι
2298 1083 2460 1139 Modo
2485 1083 2549 1139 ad
2573 1085 2958 1156 virginitatem,
2984 1085 3392 1147 abstinentiam,

1815 1181 1871 1230 et
1894 1175 2372 1246 irreprehensibile
2406 1177 2744 1248 conjugium,
2776 1178 3063 1232 clamando
3115 1186 3276 1248 atque
3320 1179 3395 1231 di-

1817 1267 2048 1323 cendo“
2075 1286 2088 1322 :
2117 1267 2283 1339 Virgo
2314 1267 2584 1339 (cogitet)
2635 1283 2697 1323 ea
2721 1284 2842 1338 quae
2866 1268 3192 1340 virginitatis
3221 1279 3348 1324 sunt
3377 1289 3388 1322 :

1814 1360 1908 1431 qui
1957 1361 2322 1417 abstinentem
2377 1361 2546 1415 vitam
2602 1370 2922 1431 pracoptant,
2953 1361 3020 1416 de
3067 1361 3392 1416 abstinentia

1815 1451 2054 1523 cogitent
2086 1470 2099 1506 :
2141 1453 2234 1522 qui
2267 1452 2500 1523 denique
2529 1468 2652 1508 cum
2688 1467 2858 1508 uxore
2886 1460 3032 1518 sunt,
3061 1451 3127 1506 de
3157 1451 3394 1507 honora.-

1815 1541 1910 1596 bili
1941 1543 2226 1614 conjugio;
2253 1543 2499 1599 indicens
2529 1543 2759 1614 singulis
2790 1543 3003 1614 propria
3032 1543 3228 1610 ofﬁcia,
3249 1558 3387 1612 prze-

1815 1634 2096 1704 miumque
2142 1635 2424 1690 decorum.
2459 1634 2797 1704 Quandoque
2834 1635 2996 1689 etiam
3023 1634 3088 1688 ad
3119 1633 3393 1704 jejunium

1814 1725 1923 1779 invi
1933 1725 2093 1780 tando
2116 1734 2170 1781 et
2190 1725 2606 1780 solemnitatem.
2633 1725 2773 1780 Audi
2804 1726 2982 1780 adhuc
3001 1723 3392 1784 vociferantem

127 1805 291 1874 illum,
319 1824 431 1880 quo
460 1811 603 1866 tubae
633 1813 794 1867 modo
828 1814 895 1868 ad
923 1814 1142 1882 festum,
1189 1823 1249 1870 ut
1278 1814 1406 1870 olim
1439 1816 1700 1886 scriptum
1740 1809 1780 1864 Β
1809 1813 2246 1885 clamantemque
2270 1816 2312 1848 ¹²
2342 1833 2354 1870 :
2392 1834 2410 1868 ι
2443 1816 2657 1870 Etenim
2681 1815 2893 1871 Pascha
2929 1824 3174 1870 nostrum
3205 1817 3395 1869 immo.

126 1897 237 1965 fuit,
270 1902 438 1955 modo
462 1903 531 1957 ad
554 1905 845 1973 jejunium,
865 1908 1026 1962 modo
1056 1907 1124 1961 ad
1152 1908 1352 1962 bellum
1378 1907 1695 1962 invitabant.

127 1988 242 2045 Haec
275 1992 542 2049 nimirum
574 1995 716 2050 haud
748 1997 1039 2054 inscienter
1074 2000 1294 2068 ﬁebant,
1328 2001 1382 2055 id
1412 2009 1497 2056 est
1527 2016 1655 2056 casu
1684 2019 1698 2066 ;

125 2083 212 2136 sed
245 2084 504 2140 tubarum
539 2101 645 2142 vox
681 2089 1091 2157 exaudiebatur,
1127 2100 1186 2146 ut
1213 2093 1592 2163 unusquisque
1632 2093 1710 2147 ad'

128 2173 418 2230 indicatum
452 2193 591 2247 opus
619 2181 951 2236 conveniret.
983 2181 1092 2237 Nec
1121 2197 1252 2239 vero
1275 2199 1340 2238 ex
1372 2199 1480 2250 me,
1509 2163 1700 2239 sed'ex

129 2265 316 2322 divinis
362 2269 543 2336 libris,
573 2270 688 2325 huic
734 2272 988 2329 discenda
1043 2284 1191 2331 sunt.
1239 2274 1329 2331 Sic
1376 2291 1501 2331 cum
1556 2275 1700 2331 Deus

130 2354 286 2445 Moysi
316 2363 593 2430 apparuit,
617 2364 763 2418 velut
791 2364 845 2417 in
877 2362 1235 2421 Numerorum
1267 2368 1405 2425 libro
1433 2373 1700 2441 scriptum

129 2459 221 2515 est,
256 2454 330 2507 ait
353 2454 372 2485 ⁷
403 2470 415 2505 :
450 2473 469 2506 ι
501 2455 770 2514 Dominus
807 2457 1022 2514 locutus
1069 2472 1151 2516 est
1175 2462 1241 2516 ad
1287 2462 1508 2535 Moysen
1544 2483 1558 2520 :
1593 2464 1702 2520 Fac

130 2539 216 2594 tibi
240 2543 374 2601 duas
406 2547 605 2613 tubas;
636 2557 923 2619 argenteas
951 2549 1120 2608 facies
1147 2569 1274 2622 eas;
1310 2573 1432 2627 quae
1454 2558 1552 2614 tibi
1577 2559 1702 2614 usui

132 2645 276 2688 erunt
306 2639 372 2690 ad
409 2640 820 2698 multitudinem
849 2648 1276 2700 convocandam.
1315 2668 1333 2700 ι
1380 2651 1475 2706 Est
1520 2661 1701 2707 autem

135 2719 226 2776 hoc
254 2727 686 2794 pulcherrimum
725 2737 868 2806 apud
918 2738 1013 2794 Dei
1048 2749 1344 2806 amatores,
1401 2758 1595 2814 nempe
1645 2752 1704 2798 ut

136 2815 380 2886 sciamus,
418 2822 472 2878 id
508 2839 670 2882 omne
692 2827 806 2897 jam
843 2830 966 2886 inde
989 2846 1020 2886 a
1047 2831 1248 2903 Moysis
1279 2842 1436 2888 aetate
1469 2849 1704 2892 consue-

134 2911 236 2959 tum
263 2908 455 2980 fuisse,
488 2915 542 2970 id
568 2926 652 2972 est
679 2919 747 2973 ab
778 2921 985 2977 umbrae
1029 2932 1286 2993 tempore.
1317 2923 1504 2996 anue
1550 2943 1706 2997 pra:-

135 3000 343 3070 scriptio
394 3006 717 3066 directionis
762 3027 983 3083 quoque
1027 3031 1192 3072 causa
1245 3017 1427 3073 fiebat.
1487 3020 1700 3077 Etenim

1801 1904 1945 1962 latus
1977 1919 2060 1962 est
2091 1905 2366 1970 Christus,
2393 1916 2452 1962 ut
2482 1906 2681 1964 festum
2719 1923 2947 1978 agamus
2973 1923 3083 1962 non
3122 1906 3399 1962 fermento.

1801 2004 2001 2062 vetere,
2038 2012 2216 2067 neque
2260 1996 2529 2053 fermento
2578 1999 2801 2052 malitiae
2841 2007 2894 2054 et
2921 1999 3197 2068 nequitiae.
3228 2017 3246 2050 ι
3291 1997 3396 2058 δίει

1801 2097 1981 2143 autem
2007 2090 2192 2143 tubam
2223 2090 2415 2144 audire
2435 2091 2608 2145 mavis
2628 2090 2883 2146 tubarum
2911 2089 3159 2146 omnium
3186 2093 3391 2160 magni.

1801 2178 2234 2248 ficentissimam,
2279 2197 2468 2236 aurem
2520 2181 2700 2252 praebe
2744 2181 3012 2236 Salvatori
3067 2190 3257 2238 nostro
3305 2181 3391 2236 di~

1803 2272 1946 2324 cenli
1969 2271 2012 2302 ¹³
2041 2289 2056 2326 :
2095 2291 2114 2324 ‹
2147 2271 2202 2327 1η
2233 2273 2530 2329 novissimo
2556 2288 2755 2344 magno
2787 2273 2876 2329 die
2911 2274 3092 2329 stabat
3120 2272 3302 2338 Jesus,
3335 2284 3390 2329 et

1803 2365 2091 2431 clamabat,
2121 2365 2308 2423 dicens
2343 2386 2358 2423 :
2391 2367 2448 2422 Si
2473 2369 2596 2437 quis
2628 2369 2762 2436 sitit,
2793 2368 2977 2424 veniat
3006 2369 3073 2423 ad
3101 2383 3189 2423 me
3221 2376 3277 2422 et
3307 2367 3390 2422 bi-

1773 2455 1913 2512 ‘bat.
1946 2475 1964 2508 ι
2017 2455 2268 2514 Profecto
2300 2460 2527 2515 decebat
2555 2469 2616 2515 ut
2650 2459 2903 2516 Salvator
2935 2475 3040 2514 non
3073 2459 3143 2515 ad
3185 2458 3394 2522 festum.

1803 2549 2138 2620 simpliciter,
2169 2553 2265 2608 sed
2293 2553 2357 2608 ad
2388 2553 2786 2610 solemnitatem
2829 2569 3082 2625 magnam
3115 2567 3216 2608 nos
3244 2552 3386 2606 invi-

1803 2651 1978 2711 taret;
2014 2659 2121 2715 qua
2151 2659 2283 2700 voce
2314 2646 2521 2709 audita,
2553 2646 2725 2716 parati
2767 2661 3014 2702 essemus
3046 2653 3100 2701 et
3126 2647 3393 2702 convenio.

1802 2750 1988 2791 remus
2042 2735 2111 2790 ad
2157 2736 2448 2807 cujuslibet
2494 2737 2637 2791 tubae
2685 2735 2924 2806 signum,
2955 2745 3016 2790 ut
3067 2736 3230 2805 paulo
3259 2742 3393 2791 ante

1803 2827 1950 2896 dixi;
1983 2834 2114 2882 sunt
2146 2827 2344 2898 quippe
2377 2827 2604 2883 diversa:
2632 2827 3096 2882 denuntiationcs.

1872 2918 1926 2972 4.
1969 2917 2111 2974 Audi
2139 2919 2412 2987 quomodo
2460 2919 2723 2989 propheta
2769 2918 2873 2974 sub
2916 2919 3086 2990 figura
3112 2919 3391 2975 vocifera-t

1802 3011 1927 3077 bat;
1955 3011 2150 3066 deinde
2181 3012 2248 3066 ad
2283 3011 2568 3066 veritatem
2617 3018 2670 3066 te
2722 3010 2982 3077 transfer,
3013 3021 3068 3067 et
3115 3011 3258 3066 tuba:
3286 3011 3384 3065 ἀρε

135 3088 256 3144 dixit
286 3093 555 3168 (Deusja;
594 3118 614 3152 ι
649 3099 706 3156 Si
738 3103 983 3161 “gemis
1008 3107 1074 3162 ad
1097 3108 1296 3164 bellum
1335 3111 1390 3165 in
1425 3113 1700 3168 ιει-ιιίιοιιεο
1727 3145 1770 3202 C
1803 3103 2131 3187 nuntiationi
2177 3113 2294 3159 esto
2342 3114 2586 3176 paratus.
2621 3103 2739 3175 Ipse
2776 3105 2908 3160 ait“
2939 3125 2951 3160 :
2980 3122 3000 3157 ι
3033 3103 3224 3159 Canite
3251 3106 3382 3164 tuba

137 3193 300 3238 vestro
329 3199 522 3244 contra
560 3191 746 3250 hostes
774 3205 1004 3263 vestros,
1041 3201 1135 3269 qui
1184 3201 1239 3255 in
1283 3213 1579 3274 conspectu
1609 3222 1700 3260 ve-

134 3279 236 3336 stro
261 3288 385 3333 sunt
418 3282 560 3352 (29),
593 3304 611 3335 ι
647 3287 854 3344 scilicet
883 3289 1025 3346 intra
1059 3293 1315 3350 territorii
1346 3295 1566 3361 limites,
1589 3313 1696 3352 non

133 3375 270 3453 extra
318 3371 471 3442 illud,
502 3395 521 3426 ι
556 3384 685 3433 tunc
719 3380 820 3449 21
857 3383 1072 3452 signum
1107 3385 1276 3442 edetis
1305 3388 1470 3451 tubis,
1502 3397 1556 3443 et
1595 3391 1698 3444 erit

133 3458 420 3516 recordatio
453 3466 620 3520 vestri
652 3470 792 3538 apud
817 3469 1133 3542 Dominum,
1163 3488 1325 3546 atque
1354 3478 1423 3532 ab
1446 3478 1696 3534 hostibus

133 3549 311 3605 vestris
343 3555 480 3610 salvi
517 3559 690 3614 eritis.
723 3580 742 3613 ι
776 3560 886 3619 Nec
916 3565 1041 3620 belli
1085 3577 1297 3624 tantum
1343 3585 1508 3626 causa
1555 3571 1698 3627 clanv

135 3636 334 3732 ﬁebant,
365 3648 458 3703 sed
485 3650 650 3706 etiam
681 3652 966 3722 festorum,
993 3665 1054 3714 ut
1079 3659 1132 3713 in
1163 3660 1280 3731 lege
1301 3663 1562 3732 scriptum
1591 3673 1692 3719 est.

135 3727 259 3784 Audi
288 3737 431 3793 enim
462 3757 586 3811 qua:
608 3745 755 3800 addit
775 3747 999 3802 dicens“
1025 3765 1038 3800 :
1077 3769 1095 3801 ‹
1125 3749 1191 3804 Ει
1211 3727 1265 3805 in
1288 3727 1480 3809 diebus
1500 3755 1696 3810 laetitiae

136 3831 343 3894 vestrae,
391 3834 702 3905 vestrisque
749 3838 1226 3910 solemnitatibus,
1277 3853 1695 3916 vestrorumque

137 3916 386 4003 Iliensium
436 3921 722 3992 Kalendis,
765 3930 908 3985 tubis
940 3933 1195 4003 clangite.
1234 3953 1253 3988 θ
1285 3933 1457 3991 Nemo
1508 3938 1693 3993 credat

137 3999 257 4061 nihil
286 4005 386 4064 hoc
410 4027 534 4068 esse
567 4014 735 4082 aliud,
772 4033 936 4088 quam
986 3999 1239 4088 verbum,
1276 4032 1371 4079 aut
1422 4026 1582 4081 nauci
1614 4025 1694 4080 fa-

138 4092 389 4156 ciendum.
424 4104 482 4160 Si
529 4105 615 4162 lex
647 4109 898 4165 tubarum
931 4129 1093 4167 usum
1120 4117 1366 4185 mandat,
1400 4118 1601 4182 mirum
1631 4136 1695 4176 ac

139 4188 452 4248 tremendum
486 4196 592 4252 hoc
624 4199 860 4254 edictum
889 4211 971 4256 est
999 4219 1011 4253 :
1046 4204 1245 4259 etenim
1292 4206 1422 4262 tuba
1451 4207 1557 4262 vim
1599 4226 1693 4263 ex-

136 4274 316 4369 citandi
343 4283 526 4354 habet,
554 4296 607 4343 et
645 4305 755 4358 pra:
783 4293 1024 4361 qualibet
1054 4311 1186 4351 voce
1215 4305 1312 4352 aut
1348 4312 1558 4369 organo
1593 4309 1695 4353 ter-

137 4368 292 4428 ribilis
325 4385 406 4433 est
439 4399 452 4434 :
492 4380 723 4452 ideoque
749 4384 1011 4454 imperata
1048 4385 1170 4453 fuit,
1203 4398 1262 4444 ut
1294 4368 1436 4445 eam?
1461 4392 1691 4446 audiens

1809 3196 1862 3251 in
1901 3195 2054 3261 Sion,
2090 3197 2425 3253 sanctificate
2454 3197 2740 3268 jejunium.
2772 3219 2790 3250 ι
2818 3198 3108 3252 Definitum
3143 3209 3259 3252 erat
3283 3198 3394 3254 hoc,

1809 3289 1950 3343 tubae
1979 3287 2216 3359 signum,
2237 3289 2570 3360 praeciseque
2595 3290 2820 3344 omnino
2846 3290 3168 3360 imperabat,
3195 3298 3254 3343 ut
3284 3304 3390 3346 nos

1801 3379 2112 3450 jejunantes
2137 3382 2539 3437 sanctilicemus
2557 3381 2853 3452 jejunium.
2883 3379 3073 3452 Neque
3097 3381 3244 3436 enim
3270 3397 3384 3435 om.

1804 3486 1902 3527 nos
1936 3469 2102 3526 Deum
2139 3472 2456 3529 invocantes
2495 3473 2666 3528 Deum
2709 3473 3082 3542 sanctificant;
3113 3473 3208 3528 sed
3253 3473 3383 3543 quiq

1803 3563 1927 3618 dam
1951 3563 2130 3634 potius
2151 3577 2274 3619 eum
2300 3564 2709 3631 contaminant;
2740 3579 3056 3634 quanquam
3073 3579 3181 3618 non
3201 3565 3382 3634 ipsum

1803 3655 2208 3720 contaminant;
2239 3654 2409 3711 absit!
2443 3656 2536 3710 sed
2565 3671 2695 3712 suas
2720 3656 2826 3728 23
2854 3655 2920 3712 de
2946 3657 3065 3727 ipso
3097 3655 3384 3726 cogitatio:

1803 3761 1901 3802 nes
1933 3766 1945 3800 :
1985 3755 2206 3802 sanctus
2253 3748 2400 3802 enim
2436 3747 2524 3802 ille
2553 3757 2659 3815 est,
2689 3757 2744 3803 et
2789 3748 2846 3804 in
2891 3749 3097 3804 sanctis
3126 3749 3380 3818 quiescit,

1806 3835 1896 3890 Sic
1924 3835 2116 3892 beatus
2139 3835 2343 3893 Paulus
2378 3837 2650 3904 definit“,
2676 3839 2951 3908 quomodo
2989 3839 3154 3909 aliqui
3182 3849 3383 3894 contu-

1802 3929 2017 3984 meliam
2066 3929 2272 3985 faciunt
2313 3929 2445 3998 Deo,
2477 3946 2671 4001 nempe
2716 3929 2972 3986 violando
3001 3940 3289 4002 praecepta.
3323 3931 3380 3990 in

1801 4019 1972 4076 Deum
2023 4022 2159 4077 fiunt
2205 4024 2606 4080 contumeliosi.
2637 4024 2719 4078 0b
2775 4026 3204 4080 admonitionem
3249 4042 3380 4080 vero

1800 4129 1991 4168 eorum
2019 4116 2113 4186 qui
2137 4114 2407 4186 jejunium
2432 4115 2645 4182 vitiant,
2673 4117 2747 4171 ait
2771 4132 2916 4172 nunc
2939 4135 2953 4170 :
2979 4135 2998 4168 ι
3029 4115 3381 4173 Sanctificate

1795 4204 2085 4274 jejunium.
2118 4225 2137 4258 ι
2171 4205 2384 4262 Etenim
2410 4207 2566 4262 multi
2597 4208 2726 4262 dum
2766 4207 2834 4263 de
2862 4209 3071 4280 jejunio
3102 4219 3378 4280 satagunt,

1800 4297 2012 4352 animas
2045 4306 2224 4355 tamen
2255 4314 2383 4354 suas
2408 4309 2767 4370 corrumpunt
2793 4301 2997 4372 proprii
3031 4303 3210 4358 cordis
3232 4302 3381 4373 cogi~

1800 4388 2119 4455 tationibus,
2148 4392 2289 4447 male
2322 4390 2581 4449 facientes
2615 4392 2876 4448 fratribus
2919 4393 3055 4458 suis,
3086 4409 3227 4465 quos
3276 4411 3378 4464 op-

137 4456 302 4534 Israel,
331 4473 422 4540 qui
471 4483 599 4530 tunc
642 4475 822 4532 adhuc
870 4493 1005 4548 puer
1035 4489 1173 4546 erat,
1211 4482 1356 4537 haud
1389 4483 1689 4539 humanum
1721 4500 1770 4560 ι)
1797 4482 2034 4552 primore
2060 4485 2263 4537 audent
2301 4505 2312 4538 :
2347 4492 2400 4538 et
2431 4498 2500 4539 ne
2523 4484 2653 4557 quid
2684 4493 2948 4554 praaterea
2982 4485 3251 4553 dicamus,
3277 4486 3376 4540 ad-

134 4563 241 4641 fsse
281 4563 527 4618 nuntium
587 4565 851 4632 crederet,
881 4569 974 4624 sed
1023 4571 1312 4641 plusquam
1363 4573 1682 4630 humanum.

135 4634 310 4736 llleﬂex
347 4667 535 4709 norma
564 4658 845 4712 sonituum
875 4634 1318 4732 obtemperabat;
1348 4683 1485 4736 quos
1521 4668 1588 4723 ab
1621 4669 1687 4724 iis

135 4731 362 4826 audiens,
391 4745 484 4813 qui
525 4745 580 4799 in
613 4757 797 4803 monte
825 4731 1215 4816 consistebant.
1258 4731 1391 4826 legis
1429 4757 1685 4812 recorda-

135 4819 423 4964 ἴδιαι-,ηυδε
453 4848 583 4894 tunc
612 4839 716 4895 sibi
741 4840 844 4896 fuit
874 4843 1147 4914 imposita,
1177 4819 1407 4924 eamque
1431 4849 1687 4905 observa-

167 4924 232 4964 at-

167 4924 232 4972 at.

194 5015 242 5116 ξ’).
281 5019 538 5087 Mirabilis
568 5041 686 5087 erat
727 5033 833 5102 lex,
867 5043 922 5091 et
967 5036 1215 5106 speciosa
1263 5037 1470 5107 figura;
1530 5053 1688 5093 secus

135 5115 437 5204 enunihaud
489 5131 693 5179 metum
741 5125 1076 5196 ingessisset,
1107 5143 1284 5199 neque
1331 5131 1397 5184 ad
1428 5129 1688 5185 obedien-

137 5202 247 5286 tiam
267 5203 497 5267 flexisset
523 5230 620 5270 eos
641 5216 735 5286 qui
767 5218 1080 5285 audiebant,
1106 5219 1217 5274 imo
1249 5228 1379 5274 tunc
1407 5221 1574 5276 etiam
1606 5221 1686 5274 vi-

138 5284 331 5382 debant.
368 5299 565 5360 Verum
601 5284 683 5364 ha:
718 5324 804 5364 res
831 5318 960 5365 tunc
989 5284 1146 5366 erant
1179 5312 1421 5382 figurata:
1465 5323 1520 5368 et
1563 5330 1686 5368 um-

137 5373 352 5444 bratiles.
381 5391 489 5451 Nos
535 5413 665 5453 vero
714 5400 1097 5469 cogitationem
1151 5373 1395 5458 nostram
1447 5405 1684 5460 transfe-

313 5501 434 5582 (ἔρι’.
469 5512 627 5576 νι,2;
668 5511 774 5567 Isa.
813 5529 961 5576 xLix,
994 5517 1045 5570 8.
1161 5516 1182 5547 ’⁵
1221 5515 1263 5568 ΙΙ
1293 5517 1422 5574 COI‘.
1452 5533 1526 5582 τι,
1557 5520 1611 5573 2.

137 5557 304 5642 Tibiae.
346 5557 434 5628 9."
471 5557 776 5638 έῖυἶιίἰῑόζ

142 5629 212 5684 is.
285 5641 324 5673 ιι
362 5629 752 5717 Hem-(1722)".

869 5657 912 5687 ‘°
953 5655 1052 5711 lsu.
1096 5673 1261 5720 Lvm,

1714 5521 1735 5552 ⁵
1775 5522 1946 5577 Exod.
1979 5538 2136 5586 χχιιι,
2173 5523 2256 5583 Η,

857 5586 898 5616 ¹⁰
938 5584 1133 5658 Ephes.
1161 5603 1233 5653 γι,
1272 5588 1358 5642 12.
1438 5591 1476 5619 ³³
1520 5591 1690 5646 ltior.
1725 5607 1819 5658 vn,
1849 5595 1937 5647 54.

1797 4586 1988 4627 versus
2017 4572 2297 4642 proximos
2345 4589 2476 4630 suos
2517 4573 2672 4628 multi
2701 4572 3042 4642 s'uperbiunt,
3076 4574 3252 4645 iisque
3283 4575 3379 4629 de-.-

1794 4663 2048 4718 trimenta
2095 4665 2304 4735 majora
2348 4664 2672 4720 moliuntur.
2718 4663 2863 4720 Nihil
2913 4682 3047 4722 sane
3099 4666 3376 4723 Pharisaeo

1794 4757 1871 4812 illi
1919 4755 2124 4826 profuit
2171 4757 2365 4826 jejunii
2414 4758 2702 4828 jactantia,
2732 4758 2826 4828 qui
2882 4759 3262 4813 tantummodo
3317 4769 3377 4814 ut

1793 4864 1976 4904 coram
2009 4848 2300 4917 publicano
2347 4849 2692 4918 gloriaretur,
2728 4850 2812 4905 bis
2841 4850 2896 4904 in
2925 4851 3259 4905 hebdomada
3289 4850 3374 4921 je-

1785 4939 2031 5016 junabat.
2068 4939 2159 4996 Sic
2189 4941 2317 4996 item
2351 4940 2569 5012 (Deus)
2601 4942 2672 4998 ob
2716 4942 3050 5012 ejuscemodi
3098 4942 3369 5013 jejunium

1787 5018 2063 5089 lsraelitas
2095 5034 2543 5102 reprehendebat,
2571 5047 2774 5104 perque
2818 5033 3016 5089 Isaiam
3049 5035 3368 5112 prophetam

1787 5126 2110 5182 hortabatur
2142 5125 2390 5182 dicens“
2419 5144 2432 5181 :
2464 5145 2480 5177 ι
2510 5124 2652 5180 Num
2683 5127 2787 5182 hoc
2814 5135 2897 5182 est
2923 5127 3193 5197 jejunium
3223 5130 3366 5199 quod

1787 5220 1944 5291 elegi,
1975 5228 2030 5274 et
2081 5219 2199 5274 dies
2251 5235 2362 5290 quo
2406 5219 2654 5273 humiliet
2689 5219 2853 5274 homo
2886 5220 3124 5274 animam
3167 5223 3370 5276 suam?

1792 5327 1901 5380 quo
1949 5321 2313 5381 contorqueas
2359 5311 2517 5380 quasi
2560 5311 2826 5366 circulum
2874 5311 3073 5366 collum
3107 5321 3282 5374 tuum,
3317 5325 3370 5367 et

1791 5418 2012 5458 saccum
2045 5402 2112 5456 ad
2141 5404 2378 5457 cinerem
2411 5401 2512 5456 tibi
2543 5401 2895 5456 substernas?
2926 5399 3066 5455 Num
3098 5401 3366 5471 ejusmodi

2365 5521 2385 5551 '
2427 5519 2566 5576 Psal.
2601 5536 2766 5583 Lxxx,
2805 5520 2857 5573 4.
2932 5518 2953 5551 ⁷
2993 5515 3154 5572 Num.
3206 5534 3262 5582 ι,
3308 5519 3362 5571 2.

2018 5595 2060 5625 "
2103 5585 2274 5650 I'Cor
2309 5609 2361 5660 v,
2398 5591 2446 5645 7.
2525 5591 2570 5624 “
2607 5589 2765 5645 Joan.
2792 5604 2890 5658 vn,
2926 5589 3018 5644 '57.
3096 5585 3267 5644 “Joel
3303 5601 3364 5655 ιι,

199 5731 297 5808 (ἳθ)
337 5741 421 5800 Sic
452 5748 828 5821 interpretatur
858 5752 1187 5814 Athanasius
1220 5755 1466 5814 Graecum
1515 5761 1694 5817 ἄνθεσι

1833 5776 1927 5823 ῖσς.
