3812 6224
464 328 606 392 1565

1057 336 1120 395 s.
1160 305 1533 402 arninasu
1569 343 1722 403 orn.
1760 343 1943 399 rans
1979 342 2043 398 η.
2085 371 2155 383 -
2194 341 2558 400 nemo”:
2597 344 3121 403 unon'rasrtcaz.

3566 346 3697 404 ’1364

461 455 802 526 appellabitis
846 455 1113 528 jejunium
1160 460 1490 529 acceptabile
1533 461 1686 533 (30)?
1711 480 1730 513 ι
1770 459 1945 530 Atque
1974 466 2036 513 ut
2062 460 2109 518 Α
2137 457 2343 527 gnovit,
2363 467 2418 514 et
2438 460 2678 515 visiones
2700 459 2884 515 videre
2910 459 3121 513 divinas
3135 458 3355 512 meruit.
3376 452 3563 528 Neque
3581 475 3695 518 vero

458 556 667 617 pateat,
690 548 883 605 debere
913 557 1125 607 nosmet
1153 549 1226 604 ita
1251 565 1439 620 gerere
1463 554 1592 606 dum
1623 552 1958 621 jejunamus,
1981 558 2036 605 et

459 639 773 711 cujusmodi
796 650 1041 711 oporteat
1063 656 1184 698 esse
1199 642 1490 712 jejunium,
1516 645 1644 699 audi
1672 640 1844 698 Deum
1865 641 2036 713 Moysi

461 729 550 787 his
596 730 775 786 verbis
815 732 1182 797 mandantem,
1214 741 1374 802 prout
1405 733 1460 787 in
1490 732 1727 788 Levitico
1773 732 2034 801 scriptum

460 822 643 882 est";
678 839 698 872 ι
725 821 1073 893 Loeutusque
1115 831 1198 878 est
1226 822 1368 878 Deus
1412 824 1480 878 ad
1526 822 1746 901 Moysen
1796 824 1981 880 dicens
2017 838 2033 880 :

463 910 683 967 Decima
714 913 919 968 mensis
962 913 1175 985 septimi
1207 915 1313 979 die,
1350 915 1678 986 expiationis
1719 915 1835 970 dies
1884 916 1989 971 erit
2019 934 2032 970 :

460 1003 691 1060 celebris
726 1004 882 1059 vobis
913 1014 967 1060 et
1000 1015 1189 1063 saneta
1239 1006 1356 1067 haec
1401 1007 1506 1067 erit
1547 1007 1688 1076 dies,
1717 1016 2038 1076 vestrasque

462 1096 677 1154 animas
706 1096 1088 1161 liumiliabitis,
1108 1110 1160 1155 et
1177 1098 1497 1153 holocausta
1531 1098 1769 1161 oﬁ‘eretis
1800 1086 2035 1169 perfecta

460 1186 715 1245 Domino.
749 1207 767 1239 ι
823 1187 932 1259 24
974 1187 1100 1244 Mox
1129 1190 1195 1243 de
1223 1191 1327 1245 hac
1354 1190 1469 1260 lege
1501 1190 1580 1245 sic
1610 1191 2033 1248 decernebat”:

467 1296 487 1329 ι
518 1276 868 1348 Quaecunque
898 1279 1080 1332 anima
1109 1294 1219 1333 non
1248 1294 1307 1336 se
1333 1278 1722 1346 humiliaverit,
1748 1280 1814 1335 de
1835 1281 2036 1351 populo

461 1370 746 1427 delebitur.
773 1389 793 1421 ι

533 1461 587 1515 5.
627 1460 896 1526 Cernitis,
940 1460 1134 1516 fratres
1176 1456 1317 1528 mei,
1361 1469 1628 1531 quantum
1674 1463 1855 1518 valeat
1894 1463 2038 1534 jeju-

460 1551 656 1618 nium,
706 1559 761 1606 et
802 1552 1077 1621 quomodo
1112 1552 1195 1607 lex
1229 1552 1480 1622 jejunare
1534 1569 1636 1609 nos
1666 1553 1876 1624 jubeat.
1910 1554 2039 1609 Vult

462 1643 693 1710 scilicet,
723 1658 825 1698 nos
854 1643 999 1698 haud
1025 1659 1251 1714 corpore
1276 1654 1506 1711 tantum,
1533 1646 1626 1702 sed
1657 1647 1820 1701 etiam
1852 1647 2034 1701 anima

459 1734 726 1808 jejunare.
781 1734 1107 1791 lIumiliatur
1139 1745 1320 1791 autem
1363 1738 1545 1792 anima
1566 1778 1581 1802 ,
1614 1753 1739 1793 cum
1793 1753 1822 1793 a
1855 1740 2037 1807 pravis

460 1827 727 1887 doctrinis
753 1828 976 1894 recedit,
1004 1838 1060 1883 et
1085 1828 1296 1883 idoneis
1325 1830 1618 1885 virtutibus
1645 1830 1835 1885 alitur.
1866 1830 2037 1886 Porro

461 1919 689 1977 virtutes
737 1936 890 1990 aeque
943 1936 1007 1975 ac
1055 1920 1227 1985 vitia,
1278 1921 1537 1978 alimenta
1586 1923 1804 1993 cibique
1844 1924 2040 1984 animae

460 2021 623 2081 sunt,
645 2019 707 2066 ut
732 2012 1013 2067 alterutris
1042 2013 1147 2069 illis
1169 2024 1422 2071 vescatur
1441 2055 1457 2079 ,
1494 2024 1547 2068 et
1578 2029 1677 2083 pro
1711 2030 1813 2069 suo
1838 2015 2037 2084 placito

459 2100 517 2158 in
541 2101 856 2157 utrumlibet
886 2103 1030 2158 latus
1057 2103 1309 2159 declinet.
1332 2102 1799 2174 Utroqueversum
1831 2106 2039 2161 scilicet

461 2207 685 2267 pergere
715 2202 912 2262 potest.
950 2192 1008 2257 Si
1040 2195 1109 2249 ad
1135 2195 1389 2250 virtutem
1421 2194 1675 2262 deflectit,
1706 2197 1908 2252 virtute
1934 2199 2036 2252 ali-

463 2296 571 2349 tur,
595 2285 647 2340 id
672 2295 757 2341 est
782 2286 1014 2361 justitia,
1039 2288 1307 2352 castitate,
1323 2287 1676 2354 abstinentia,
1694 2287 2033 2359 fortitudine,

460 2378 627 2435 veluti
656 2376 858 2437 Paulus
889 2378 1131 2433 aiebat“
1159 2396 1172 2432 :
1197 2398 1216 2432 ι
1247 2377 1317 2434 Se
1340 2381 1506 2435 verbo
1535 2381 1779 2438 veritatis
1813 2385 1962 2453 pasci
1984 2402 2031 2451 ς»

459 2469 619 2529 sicuti
666 2471 829 2525 etiam
879 2470 1141 2527 Dominus
1173 2473 1421 2527 noster”
1451 2491 1464 2527 :
1502 2491 1520 2523 ‹
1550 2472 1718 2529 Cibus
1749 2490 1905 2531 meus
1931 2484 2036 2540 est.

462 2568 522 2613 ut
553 2558 749 2614 faciam
779 2559 1115 2615 voluntatem
1146 2559 1325 2617 Patris
1355 2563 1481 2627 mei,
1510 2563 1681 2632 quiin
1710 2566 1865 2621 ctelis
1893 2574 2029 2622 est.»

458 2652 616 2729 Quod
649 2653 698 2708 si
727 2668 835 2707 non
866 2653 932 2707 ad
963 2654 1099 2717 haec,
1126 2653 1220 2707 sed
1253 2653 1321 2707 ad
1367 2652 1628 2709 inferiora
1659 2655 1751 2710 illa
1789 2672 1848 2712 se
1877 2656 2038 2713 ineli-

458 2744 671 2799 naverit
700 2744 904 2808 anima,
926 2744 1071 2798 nulla
1094 2744 1199 2798 alia
1224 2759 1282 2798 re
1312 2754 1573 2815 paseetur
1599 2762 1761 2816 quam
1787 2758 2035 2817 peccato.

458 2834 537 2890 ita
567 2835 803 2911 Spiritus
827 2849 1045 2904 quoque
1068 2847 1291 2891 sanctus
1315 2837 1382 2891 de
1402 2839 1784 2907 peccatoribus
1809 2841 2037 2911 loquens

457 2928 635 2996 deque
666 2941 856 2981 eorum
887 2927 1045 2991 cibo,
1106 2927 1379 2982 diabolum
1413 2928 1664 3000 designat
1692 2931 1922 2987 dicendo
1948 2933 1990 2963 ²¹
2018 2946 2033 2985 :

464 3038 485 3072 ι
512 3018 719 3074 Dedisti
752 3034 877 3074 eum
908 3033 1090 3074 escam
1122 3020 1335 3090 populis
1365 3019 1707 3089 Etliiopum.
1737 3041 1757 3075 ι
1788 3022 1855 3077 lli
1908 3031 2038 3079 sunt

2146 548 2221 602 ob
2249 547 2574 616 stupendum
2605 547 2797 617 jejunii
2831 547 2901 601 ab
2924 546 3009 601 his
3039 544 3254 600 tolerati
3280 544 3537 614 spatium,
3561 555 3613 600 et
3634 548 3696 601 ob

2143 638 2355 694 dierum
2387 639 2776 709 prolixitatem,
2799 637 3110 693 incredulus
3133 636 3423 705 quisquam
3449 636 3695 693 continuo

2130 730 2244 796 sit;
2278 729 2387 785 imo
2413 729 2599 799 potius
2622 730 2821 784 certior
2845 728 2939 783 ﬁat
2992 727 3288 797 credatque
3329 726 3551 783 unicum
3580 742 3695 798 erga

2139 822 2312 878 Deum
2354 832 2699 892 respectum,
2750 832 2913 891 atque
2959 820 3183 876 unicum
3230 819 3397 890 hujus
3441 820 3692 883 verbum,

2139 915 2352 971 alendis
2385 915 2765 970 obedientibus
2790 913 2925 968 satis
2946 927 3101 978 esse,
3133 922 3188 967 et
3217 912 3509 982 cujuslibet
3536 913 3696 969 nutri-

2139 1009 2309 1063 menti
2359 1008 2532 1063 instar
2574 1007 2713 1062 ﬁeri.
2762 1005 2854 1061 Sic
2882 1006 3045 1061 etiam
3086 1005 3261 1076 angeli
3313 1006 3458 1059 nulla
3501 1020 3562 1060 re
3603 1005 3696 1060 alia

2138 1100 2383 1164 aluntur,
2434 1099 2542 1154 nisi
2572 1100 2720 1168 quod
2749 1114 2966 1169 semper
2989 1097 3182 1152 vident
3208 1096 3402 1153 faciem
3431 1096 3611 1152 Patris
3640 1112 3698 1153 ae

2137 1188 2476 1254 Salvatoris,
2511 1190 2605 1259 qui
2649 1190 2703 1245 in
2737 1190 2893 1246 crelis
2923 1203 3026 1244 eat.
3078 1188 3419 1258 Quapropter
3465 1190 3697 1258 quoties-

2141 1296 2356 1351 cunque
2383 1280 2598 1352 Moyses
2629 1295 2755 1337 cum
2796 1280 2908 1336 Deo
2935 1280 3365 1349 colloquebatnr,
3398 1280 3563 1335 toties
3590 1296 3701 1336 eor-

2139 1389 2273 1446 pore
2292 1374 2600 1443 jejunabat,
2622 1372 2932 1443 divinisque
2951 1371 3137 1427 verbis
3158 1370 3429 1426 alebatur.
3446 1370 3586 1426 Cum
3613 1387 3700 1425 au-

2139 1474 2246 1519 tem
2278 1465 2345 1518 ad
2379 1465 2628 1519 homines
2657 1464 3043 1527 descenderet,
3078 1462 3149 1517 ab
3178 1476 3356 1533 eoque
3386 1461 3535 1519 Deus
3565 1478 3701 1518 rece-

2144 1556 2336 1621 deret,
2368 1562 2497 1611 tune
2539 1553 2736 1609 famem
2772 1554 2915 1609 sicut
2944 1553 3124 1609 caeteri
3152 1553 3561 1623 experiebatur.
3604 1554 3705 1625 26

2138 1645 2293 1701 Haud
2321 1646 2464 1700 ultra
2505 1645 2861 1716 quadraginta
2889 1644 3007 1700 dies
3030 1644 3309 1715 jejunasse
3335 1644 3564 1709 dicitur,
3595 1646 3703 1713 qui-

2140 1738 2243 1793 bus
2276 1753 2399 1792 cum
2431 1736 2544 1793 Deo
2577 1736 2977 1792 sermocinatus
3000 1746 3105 1793 est.
3136 1736 3453 1793 Generatim
3482 1736 3705 1806 denique

2140 1831 2367 1901 quilibet
2404 1838 2627 1886 sanctus
2664 1828 3049 1900 hujuscemodi
3087 1828 3384 1885 virtutibus
3422 1828 3578 1899 pasci
3605 1842 3705 1882 me-

2137 1924 2266 1978 ruit.

2210 2014 2260 2068 7.
2301 2013 2419 2068 Jam
2454 2028 2583 2069 vero
2611 2021 2665 2068 et
2691 2028 2812 2079 nos,
2852 2012 3033 2068 dilecti
3067 2012 3209 2080 mei,
3239 2019 3491 2066 nostram
3521 2009 3706 2066 divinis

2137 2108 2281 2164 escis
2311 2107 2611 2161 nutrientes
2640 2106 2903 2170 ani-mam,
2934 2115 2989 2161 et
3010 2105 3177 2160 verbo
3203 2118 3269 2159 ac
3288 2104 3581 2160 voluntate
3599 2102 3704 2167 Dei,

2136 2203 2300 2262 atque
2332 2192 2572 2249 exterius
2609 2208 2838 2263 corpore
2892 2192 3227 2263 jejunantes.
3268 2192 3535 2264 grandem
3578 2192 3706 2246 hanc

2137 2294 2192 2341 et
2238 2286 2531 2340 salutarem
2564 2285 2964 2340 solemnitatem
2992 2328 3008 2353 ,
3042 2293 3206 2355 prout
3232 2284 3421 2350 decet,
3477 2282 3706 2340 celebre-

2135 2394 2283 2434 mus.
2319 2377 2515 2433 Stolidi
2546 2392 2764 2449 quoque
2795 2376 2967 2433 Judaei
3009 2378 3206 2433 divinae
3247 2378 3411 2447 hujus
3449 2376 3707 2443 alimonite

2138 2482 2468 2543 usurpantes
2505 2474 2757 2544 ﬁguram,
2788 2486 2988 2543 agnum
3029 2471 3273 2541 paschali
3298 2479 3550 2539 tempore
3572 2483 3706 2524 eom-

2132 2565 2393 2633 edebant,
2421 2579 2601 2635 neque
2626 2573 2807 2620 tamen
2843 2565 3015 2634 ipsam
3054 2564 3281 2634 ﬁguram
3301 2562 3702 2632 intelligebant:

2134 2664 2192 2711 et
2218 2656 2289 2710 ad
2301 2671 2542 2726 praesens
2571 2670 2747 2725 usque
2765 2666 2997 2725 tempus,
3020 2668 3220 2724 agnum
3247 2659 3446 2707 contra
3481 2652 3564 2707 fas
3577 2666 3707 2707 eom-

2134 2749 2344 2814 edunt,
2394 2748 2838 2819 quandoquidem
2880 2756 3035 2802 extra
3075 2746 3264 2801 urbem
3322 2760 3385 2801 ae
3431 2746 3706 2801 veritatem

2137 2850 2448 2893 versantur.
2478 2836 2613 2892 Nam
2639 2838 2832 2908 ﬁgura,
2857 2852 3030 2908 agnus
3062 2844 3118 2892 et
3154 2836 3349 2890 umbra
3389 2837 3543 2891 intra
3586 2835 3707 2889 limi-

2140 2937 2220 2983 tes
2250 2930 2575 2999 gerebantur
2602 2927 2803 2983 Judteaa
2840 2939 2896 2983 et
2941 2927 3089 2983 illius
3140 2926 3321 2993 urbis;
3368 2926 3456 2982 sic
3496 2927 3707 2996 jubente

2138 3020 2276 3090 lege,
2336 3036 2405 3077 ne
2432 3020 2549 3076 haec
2577 3020 2631 3075 in
2663 3021 2768 3075 alia
2819 3020 2954 3075 urbe
2986 3019 3216 3087 fierent,
3262 3019 3354 3074 sed
3396 3019 3458 3073 in
3506 3020 3707 3090 regione

457 3111 801 3187 peccantium
831 3110 956 3166 cibi.
992 3110 1058 3165 Et
1078 3112 1537 3181 quemadmodum
1564 3113 1829 3169 Dominus
1852 3123 2039 3171 noster
2064 3139 2107 3196 ε
2140 3111 2403 3180 Judaica;
2440 3128 2784 3183 nequaquam
2813 3127 2941 3167 vero
2968 3111 3119 3165 alibi.
3152 3108 3272 3165 Una
3301 3125 3430 3164 cum
3460 3110 3550 3166 his
3575 3126 3709 3165 man-

459 3218 524 3261 ac
547 3202 795 3259 Salvator
818 3201 980 3259 Jesus
1007 3201 1260 3259 Christus
1284 3204 1443 3274 panis
1467 3212 1550 3261 est
1574 3206 1837 3269 eoelestis,
1865 3208 2033 3277 ﬁtque

459 3303 775 3350 sanctorum
809 3294 1100 3362 alimonia,
1133 3304 1193 3350 ut
1218 3295 1333 3365 ipse
1358 3297 1435 3350 ait
1454 3298 1499 3327 "
1533 3313 1545 3349 :
1594 3316 1613 3348 ι
1650 3296 1765 3353 Nisi
1799 3297 2032 3353 mandu-

457 3386 712 3447 caveritis
741 3401 917 3442 meam
948 3402 1192 3453 carnem,
1223 3396 1277 3442 et
1309 3388 1559 3444 biberitis
1590 3406 1769 3445 meum
1813 3392 2035 3463 sangui—

459 3493 614 3544 nem;
653 3497 673 3530 ι
712 3479 792 3534 sic
819 3478 1069 3544 diabolus
1095 3479 1156 3533 ﬁt
1191 3480 1346 3535 cibus
1371 3480 1714 3550 impurorum
1748 3491 1912 3552 atque
1941 3497 2037 3539 eo-

460 3582 580 3624 rum
611 3571 705 3640 qui
734 3585 846 3626 non
879 3572 1049 3637 lucis,
1081 3571 1176 3627 sed
1210 3571 1558 3627 tenebrarum
1603 3588 1768 3643 opera
1800 3574 2030 3631 faciunt.

459 3659 750 3730 Propterea
775 3660 1070 3715 mandabat
1099 3661 1228 3727 illis,
1244 3670 1305 3715 ut
1327 3661 1546 3717 virtutis
1571 3660 1708 3717 cibis
1726 3678 1784 3718 se
1801 3663 2032 3730 alerent,

459 3767 569 3820 quo
601 3750 859 3805 nimirum
893 3760 1145 3821 saperent
1175 3759 1340 3820 atque
1383 3766 1414 3804 a
1459 3751 1604 3807 vitiis
1628 3752 2029 3822 resipiscerent.

458 3839 578 3897 Cibi
606 3841 869 3897 virtutum
901 3850 1032 3896 sunt
1062 3841 1323 3897 demissio
1347 3842 1536 3909 animi,
1565 3842 1841 3913 jactantize
1867 3846 2039 3900 omis-

459 3935 563 4000 sio,
609 3932 716 4003 25
754 3933 1191 3988 humiliationum
1243 3933 1502 4002 patientia
1549 3941 1602 3988 et
1637 3934 1878 4003 cognitio
1917 3934 2032 4005 Dei.

459 4010 787 4091 llujusmodi
826 4020 1095 4091 jejunium
1146 4037 1254 4075 non
1291 4021 1486 4075 animae
1533 4024 1913 4078 tantummodo
1945 4040 2038 4079 ve-

459 4114 607 4167 niam
647 4111 938 4177 conciliat,
989 4110 1084 4166 sed
1131 4127 1255 4166 eum
1305 4112 1359 4166 id
1407 4128 1598 4182 reapse
1639 4114 2033 4183 sanetiﬁcatur,

459 4214 680 4263 sanctos
704 4204 946 4275 disponit
970 4214 1025 4259 et
1053 4205 1243 4259 tellure
1265 4205 1494 4260 extollit.

531 4297 584 4351 6.
625 4296 824 4352 Mirum
851 4296 1085 4351 fortasse
1107 4296 1399 4360 videbitur,
1426 4298 1570 4367 quod
1597 4298 1843 4353 dicturus
1868 4313 1990 4353 sum
2016 4315 2031 4350 :

460 4390 571 4444 imo
600 4403 729 4443 vero
762 4403 874 4459 prae
917 4388 1172 4444 omnibus
1203 4397 1329 4441 ante
1375 4388 1536 4444 dictis
1577 4390 1884 4445 mirabilius
1916 4400 2034 4458 est,

2139 3205 2303 3261 dabat
2335 3204 2421 3260 lex
2449 3211 2512 3260 ut
2541 3204 2861 3259 holocausta
2895 3202 3218 3257 offerrentur
3247 3201 3317 3257 ab
3351 3202 3424 3256 iis
3470 3216 3537 3257 ac
3564 3203 3708 3256 victi-

2137 3312 2262 3362 mae,
2305 3297 2432 3367 quia
2467 3296 2680 3351 nullum
2711 3296 2858 3351 aliud
2916 3303 3034 3350 erat
3065 3294 3266 3359 altare,
3314 3300 3520 3362 praeter
3555 3306 3707 3360 quam

2137 3387 2549 3461 Hierosolymis.
2596 3388 2806 3444 Idcirco
2854 3404 3011 3443 saera
3044 3387 3360 3458 hujusmodi
3408 3386 3562 3441 haud
3593 3386 3709 3440 liceo

2137 3481 2233 3536 bat
2264 3481 2318 3536 in
2353 3480 2461 3535 alia
2494 3480 2738 3550 qualibet
2785 3480 2923 3534 urbe
2967 3478 3184 3550 peragi,
3220 3478 3329 3533 nisi
3373 3477 3433 3531 in
3470 3478 3601 3542 illa,
3625 3476 3706 3530 ubi

2137 3584 2259 3631 erat
2278 3576 2448 3630 altare
2475 3590 2540 3631 ac
2564 3574 2849 3644 templum,
2872 3574 3018 3643 quod
3042 3572 3187 3629 Deus
3219 3572 3550 3627 aediﬁcatum
3578 3581 3708 3627 stare

2136 3668 2422 3733 voluerat,
2481 3667 2655 3724 donec
2685 3667 2819 3723 urbs
2866 3668 3027 3721 ﬁnem
3059 3681 3219 3722 suum
3260 3666 3704 3721 nancisceretur.

2138 3776 2250 3830 quo
2290 3761 2510 3815 demum
2552 3767 2800 3829 tempore
2863 3759 3026 3813 ﬁnem
3088 3757 3357 3812 habiturae
3405 3767 3572 3813 erant
3616 3756 3710 3810 illae

2139 3867 2356 3922 quoque
2389 3867 2477 3908 res
2508 3852 2867 3908 adumbrata.

2209 3943 2263 3999 8.
2306 3944 2387 4000 En
2414 3961 2561 4001 nunc
2588 3946 2780 4001 civitas
2812 3946 2927 4011 illa,
2957 3954 3084 4016 post
3104 3945 3276 4001 nostri
3308 3943 3613 4000 Salvatoris
3631 3943 3709 3997 ad-

2137 4044 2381 4101 ventum,
2410 4036 2572 4092 ﬁnem
2623 4046 2844 4109 experta
2871 4028 2983 4104 est,
3020 4049 3075 4093 et
3111 4037 3364 4093 universa
3404 4035 3708 4091 Iudaeorum

2138 4129 2291 4201 regio
2310 4139 2546 4186 vastata.
2569 4130 2725 4198 Quod
2750 4140 2809 4187 ut
2833 4131 3276 4201 comprobemus,
3311 4131 3468 4186 nullo
3494 4142 3708 4199 egemus

2130 4230 2402 4277 extraneo
2427 4232 2790 4292 argumento;
2816 4238 3052 4293 namque
3073 4222 3209 4292 ipsis
3229 4222 3403 4277 oculis
3435 4223 3517 4277 rei
3539 4231 3704 4276 trans-

2140 4323 2276 4369 actae
2308 4314 2593 4369 veritatem
2623 4315 2729 4385 27
2762 4314 3151 4384 comperimus.
3188 4311 3421 4368 Necesse
3450 4323 3573 4371 erat
3596 4327 3710 4367 um-

2140 4405 2295 4460 bram
2327 4406 2622 4460 terminum
2649 4419 2810 4459 suum
2849 4403 3093 4459 nancisci
3124 4421 3138 4457 :
3172 4417 3350 4472 neque
3374 4403 3429 4457 id
3463 4418 3496 4457 a
3526 4416 3613 4456 me
3635 4400 3712 4455 di-

458 4497 636 4557 neque
670 4492 850 4536 lame"
884 4495 915 4535 ³
943 4480 1170 4534 verita“?
1207 4480 1468 4547 alienum.
1503 4490 1664 4550 Ρτουι
1700 4481 1939 4565 νοκηίβεί
1969 4497 2039 4537 ex
2070 4504 2114 4558 Ι)
2143 4495 2404 4551 scendum
2434 4503 2538 4561 est,
2572 4494 2667 4549 sed
2710 4509 2742 4548 a
2787 4492 3111 4549 sacerdotali
3136 4507 3271 4547 voce
3296 4491 3597 4562 prophetae,
3624 4488 3708 4558 qui

460 4574 892 4637 sacerdotalibus
935 4571 1091 4626 libris
1138 4569 1367 4642 potestis
1420 4572 1754 4628 condiscere.
1809 4572 2039 4644 Magnus

368 4676 369 4681 ‘
459 4668 674 4742 Moyses
701 4666 896 4738 jejunii
940 4666 1140 4721 merito
1166 4681 1289 4720 cum
1343 4665 1450 4719 Deo
1496 4666 1802 4721 collocutus
1834 4677 1953 4733 est,
1984 4676 2039 4722 et

459 4761 632 4832 legem
661 4758 887 4829 recepit.
940 4757 1169 4828 Magnus
1213 4757 1341 4811 item
1378 4758 1465 4814 ille
1494 4767 1827 4828 sanetusque
1866 4759 2035 4824 Elias,

458 4863 679 4931 peracto
703 4852 913 4923 jejunio
934 4892 950 4916 ,
984 4853 1099 4922 ipse
1141 4853 1341 4923 pariter
1387 4851 1585 4920 dignus
1619 4849 1721 4905 fuit
1748 4852 1929 4908 divina
1960 4854 2039 4906 vi-

459 4951 649 5016 sione,
698 4959 1086 5020 postremoque
1131 4958 1389 5021 tanquam
1453 4953 1542 5007 ille
1588 4955 1678 5024 qui
1728 4955 1780 5007 in
1835 4952 2035 5007 cmlum

418 5042 728 5107 ‘ascendit,
777 5041 851 5095 ita
893 5041 1135 5097 elevatus
1178 5052 1285 5097 est.
1335 5045 1519 5098 Daniel
1553 5034 1787 5115 denique
1828 5044 2038 5115 jejunio

457 5134 771 5206 indulgens,
798 5142 1063 5202 tanquam
1086 5133 1264 5188 adhuc
1293 5133 1632 5199 adolescens.
1662 5137 1859 5206 dignus
1883 5150 2039 5206 aeque

460 5229 565 5287 fuit
592 5228 868 5287 intellectu
898 5228 1144 5307 mysterii
1169 5266 1184 5292 ,
1253 5228 1512 5299 solusque
1539 5231 1682 5301 regis
1709 5245 1908 5285 armna
1941 5245 2037 5285 co-

2145 4589 2459 4643 exclamans
2504 4585 2815 4658 praedixit"
2844 4603 2859 4640 :
2899 4602 2919 4636 ι
2957 4584 3097 4640 Ecce
3120 4600 3284 4654 super
3312 4594 3532 4639 montes
3560 4581 3710 4657 pedes

2143 4678 2570 4749 evangelizantis
2598 4685 2655 4731 et
2680 4676 3057 4730 annuntiantis
3088 4691 3298 4745 pacem.
3330 4695 3349 4728 θ
3385 4673 3532 4740 Quid
3554 4671 3712 4743 signi-

2145 4773 2273 4828 ficat
2318 4772 2544 4826 verbum
2595 4770 2915 4824 annuntiat?
2963 4767 3068 4823 nisi
3119 4768 3265 4838 quod
3305 4767 3477 4833 addit,
3518 4767 3598 4821 eis
3636 4763 3711 4818 di~

2143 4866 2316 4920 cendo
2344 4885 2357 4919 :
2392 4883 2411 4916 ι
2441 4863 2686 4929 Celebra,
2711 4878 2744 4916 o
2770 4860 2927 4927 Iuda,
2953 4860 3271 4915 festivitates
3306 4867 3451 4923 tuas,
3477 4867 3533 4912 et
3559 4854 3710 4911 redde

2151 4957 2384 5012 Domino
2410 4963 2541 5011 vota
2564 4965 2679 5009 tua.
2702 4974 2720 5005 ι
2747 4955 2825 5009 Ac
2845 4968 2913 5008 ne
2942 4952 3284 5023 postmodum
3308 4950 3377 5004 ad
3399 4964 3490 5004 res
3517 4954 3711 5001 veteres

2145 5047 2359 5102 reditus
2393 5045 2565 5110 ﬁeret,
2592 5043 2768 5099 ait“:
2804 5062 2826 5096 ι
2869 5042 3059 5109 Desiit,
3085 5041 3295 5096 ablatus
3324 5049 3443 5105 est,
3474 5035 3711 5094 ascendit

2148 5137 2238 5193 ille
2266 5138 2361 5207 qui
2396 5136 2708 5191 insufllabat
2732 5135 2786 5189 in
2818 5134 3036 5192 faciem.
3070 5144 3229 5203 teque
3261 5129 3530 5201 angustiis
3561 5141 3712 5195 expe-

2148 5231 2351 5285 diebat.
2385 5248 2404 5280 ι
2438 5228 2573 5295 Quis
2626 5228 2714 5283 ille
2755 5235 2839 5282 est
2871 5226 2964 5295 qui
3015 5224 3290 5289 ascendit,
3333 5221 3479 5276 dicet
3522 5218 3711 5288 aliquis

532 5388 576 5423 "’
609 5389 783 5445 Levit.
820 5405 979 5453 χχιιι,
1021 5387 1112 5452 26,
1148 5387 1240 5441 27.
1318 5387 1362 5419 “
1386 5386 1514 5441 ibid.
1575 5386 1664 5441 29.
1741 5389 1784 5418 ¹⁹
1823 5386 1844 5439 Ι
1884 5386 2024 5441 Tim.

2172 5388 2226 5441 6.
2307 5387 2352 5418 ⁸ο
2389 5384 2545 5441 Joan.
2583 5401 2657 5441 iv.
2698 5386 2786 5440 54.
2861 5384 2902 5414 ¹¹
2943 5381 3088 5437 Psal.
3122 5394 3314 5442 uxm,
3341 5376 3429 5431 M.
3496 5372 3709 5429 “Joan.

459 5474 533 5523 τι,
570 5460 660 5521 54.
737 5461 783 5500 ³³
820 5459 1032 5514 Nahqu
1076 5475 1132 5530 ι,Δ
1171 5458 1255 5513 15.
1334 5459 1381 5488 ’δ
1417 5456 1632 5512 Nahum
1674 5474 1733 5524 tt,
1779 5459 1828 5512 l.

531 5617 647 5690 (50)
681 5617 759 5675 lta
793 5629 951 5690 sonat
980 5628 1158 5674 textus
1198 5618 1481 5674 Athanasii
1537 5615 1815 5690 Syriacus,
1840 5632 2032 5690 conso-

460 5687 653 5759 nanter
704 5690 770 5745 ad
815 5689 1098 5759 Syriacum
1150 5690 1408 5743 bililicum
1456 5698 1510 5741 et
1550 5688 1896 5741 Hebraicum.
1968 5687 2039 5759 At

457 5757 682 5832 Graecus
727 5757 1085 5834 vulgatusquc
1128 5759 1248 5819 Lat.
1305 5759 1601 5819 Bililiorutn
1649 5766 1827 5817 textus
1879 5758 2047 5829 paulo.
2117 5764 2126 5773 '

2142 5623 2264 5684 post
2294 5614 2479 5695 aliter;
2520 5627 2836 5695 quanquam
2883 5626 2989 5667 non
3041 5622 3239 5680 magna
3288 5605 3572 5667 sententiae
3598 5599 3702 5667 ἀίδ-

2145 5694 2419 5757 crcpantta
2450 5694 2552 5740 est.
