3812 6224
146 347 266 404 ὖῒιϐὅ

1488 338 1866 411 δΕΡΙὸΤΟΙλΑ
1904 352 1967 409 II.

3236 361 3258 415 I
3271 356 3373 415 ’566

143 462 322 518 Judaeis
346 498 360 524 ,
408 466 631 529 propter
685 473 848 530 quem
911 460 1121 516 umbrae
1180 462 1443 532 jactantia
1489 465 1696 521 desiit?
1720 475 1767 531 Α
1802 485 2001 524 varum
2037 470 2198 541 digne
2248 470 2665 537 celebrabimus,
2697 479 2948 528 sanetum
2978 473 3249 544 jejunium
3281 493 3374 531 ex-

147 553 280 608 Hadd
310 550 672 607 frustraneum
695 561 782 608 est
806 554 998 610 audire
1019 554 1208 619 verba,
1247 573 1266 606 ι
1297 555 1480 623 desiit,
1502 549 1694 612 ascen-

146 644 215 698 dit
253 641 336 695 ille
377 639 468 710 qui
510 640 911 697 insulilabatu
953 641 1154 713 quippe
1183 643 1426 698 nondum
1458 644 1567 699 ulla
1602 660 1693 702 res

117 780 121 789 .
147 736 408 797 desiverat,
426 741 554 787 ante
576 747 744 803 quam
778 726 884 789 ille'
899 734 1220 789 ascenderet
1233 735 1328 806 qu—i
1354 735 1692 804 insufﬁabat;

127 835 491 879 .verumtamen
541 830 668 894 post
715 823 837 894 ejus
896 839 1228 893 ascensum,
1275 829 1459 882 statim
1510 828 1694 883 desiit.

132 912 264 982 'Quis
289 930 412 986 ergo
442 915 554 981 ille,
582 931 617 970 0
644 914 839 984 Judaei,
870 917 937 972 de
963 932 1078 987 quo
1103 933 1268 988 supra
1290 919 1506 975 locutus
1530 921 1697 974 sum?

152 1009 202 1062 Si
229 1007 464 1080 Moyses;
496 1009 840 1064 mendacium
870 1007 1114 1078 profecto
1139 1010 1190 1065 id
1220 1018 1383 1074 esset,
1412 1011 1538 1081 quia
1564 1020 1696 1066 tunc

150 1102 366 1156 nondum
398 1101 631 1171 populus
670 1101 952 1171 ingressus
1005 1109 1122 1156 erat
1151 1103 1429 1172 regionem
1452 1145 1467 1170 ,
1499 1105 1551 1158 in
1588 1118 1697 1173 qua

146 1193 246 1248 sola
267 1191 447 1262 jussus
475 1191 657 1248 fuerat
693 1207 845 1248 sacra
872 1206 1153 1262 peragere.
1188 1191 1285 1247 Sin
1318 1208 1450 1250 vero
1476 1192 1698 1250 Samuel

148 1293 230 1338 aut
270 1284 403 1339 alius
443 1285 743 1355 propheta;
788 1286 840 1340 id
873 1300 1093 1355 quoque
1123 1284 1320 1342 falsum
1367 1285 1539 1355 foret,
1569 1288 1699 1358 quia

149 1375 373 1431 illatenus
391 1376 593 1430 ﬁebant
621 1376 737 1433 haec
759 1377 814 1430 in
843 1375 1051 1443 Judaaa,
1078 1385 1134 1432 et
1155 1378 1286 1433 urbs
1309 1378 1488 1433 adhuc
1510 1393 1701 1434 mane-

148 1467 254 1533 bat;
280 1483 340 1523 ac
367 1483 591 1525 necesse
619 1479 756 1535 erat,
791 1472 1033 1540 quandiu
1069 1471 1184 1526 haec
1210 1479 1477 1536 maneret,
1511 1471 1699 1527 tandiu

150 1573 284 1613 sacra
309 1558 393 1613 illa
430 1558 789 1628 frequentari.
832 1560 1021 1632 igitur,
1053 1562 1237 1618 dilecti
1271 1562 1398 1629 mei,
1423 1562 1682 1631 praedicto

147 1667 253 1707 rum
279 1668 341 1706 ex
363 1668 591 1709 numero
618 1670 727 1710 non
756 1665 873 1710 erat
902 1656 948 1711 is
981 1656 1076 1726 qui
1107 1656 1365 1711 ascendit.
1413 1654 1533 1711 Jam
1563 1656 1608 1710 si
1643 1664 1699 1709 tu

1795 562 2076 618 ordientes
2127 562 2214 617 die
2242 580 2272 617 v
2310 563 2667 630 Pharmuthi;
2710 573 2765 619 et
2808 564 2935 621 huic
2979 578 3376 635 consequenter

1804 654 2162 727 adjungcntes
2189 672 2285 713 sex
2316 657 2575 714 illos’dies
2605 670 2825 715 sanctos
2848 668 3012 730 atque
3034 661 3373 731 magniﬁcos,

1795 748 1889 818 qui
1929 747 2227 804 errationis
2250 748 2440 803 mundi
2466 748 2630 819 hujus
2658 751 2903 819 symbola
2939 761 3087 818 sunt,
3110 751 3273 806 ﬁnem
3292 753 3378 822 je-

1765 872 1770 877 ~
1804 836 1944 907 junii
1997 837 2260 895 faciemus
2290 839 2377 896 die
2418 839 2628 896 decimo
2660 840 2708 911 ej
2754 842 2905 897 sdem
2957 842 3277 898 Pliarmuthi
3317 843 3373 897 in

1805 923 2009 981 Sancto
2039 925 2395 981 hebdomadas
2441 925 2719 983 Sabbato:
2757 939 2918 1000 atque
2947 929 3225 986 illucescet
3270 946 3373 986 no-

1762 1016 1882 1072 ‘bis
1939 1025 2130 1071 saneta
2177 1015 2495 1086 Dominica,
2542 1019 2831 1077 undecimo
2877 1021 3121 1091 ejusdem
3168 1023 3374 1081 mensis

1796 1108 1887 1165 die
1919 1127 1934 1165 :
1966 1124 2033 1164 ex
2059 1124 2169 1179 quo
2199 1109 2468 1181 gradatim
2500 1120 2704 1180 septem
2734 1112 2972 1182 reliquas
3005 1113 3391 1170 hebdomadas.

1797 1212 2157 1258 numerantes
2180 1243 2196 1271 ,
2247 1211 2498 1259 sanctum
2529 1202 2877 1260 Pentecostes
2904 1205 3045 1259 diem
3074 1205 3374 1261 celebrabi-

1797 1308 1922 1348 mus
1951 1310 1967 1361 ;
2026 1293 2120 1363 qui
2167 1293 2298 1349 olim
2331 1292 2474 1365 apud
2501 1292 2719 1350 Iudaeos
2744 1294 3079 1366 ﬁgurabatur
3118 1296 3222 1351 sub
3251 1296 3374 1352 festi

1800 1385 2273 1442 hebdomadarum
2341 1388 2565 1443 nomine
2616 1411 2629 1445 :
2681 1402 2794 1458 quo
2866 1395 3106 1458 tempore
3176 1387 3377 1443 ﬁebant

1800 1480 2085 1536 amnestiae
2118 1494 2184 1536 ae
2221 1478 2531 1536 debitorum
2560 1479 2938 1546 remissiones,
2963 1489 3188 1551 eratque
3213 1481 3261 1537 is
3288 1482 3379 1537 de-

1800 1588 1952 1650 mum
1983 1572 2315 1629 omnimodae
2349 1573 2620 1629 libertatis
2663 1573 2798 1629 dies.
2828 1572 2948 1628 Jam
2976 1589 3100 1629 cum
3130 1573 3288 1629 nobis
3323 1573 3378 1629 id

1800 1672 2017 1733 tempus
2064 1664 2136 1720 sit
2172 1661 2342 1720 futuri
2387 1665 2576 1720 mundi
2608 1664 2915 1736 symbolum
2937 1706 2951 1729 ,
2983 1680 3234 1735 magnam
3270 1663 3378 1719 Do-

147 1757 293 1798 νετθι
312 1744 533 1799 Verbum
554 1745 744 1801 audire
762 1763 910 1813 aves.
929 1756 1093 1819 atque
1117 1763 1146 1803 a
1169 1745 1413 1804 Judaieis
1434 1748 1697 1818 exemplis
1724 1796 1772 1859 Β
1803 1755 2061 1811 minicam
2109 1757 2531 1825 celebrabimus,
2585 1758 2806 1813 arrham
2842 1757 2934 1813 hic
2979 1752 3176 1812 futurae
3229 1757 3377 1815 illius

148 1836 367 1859 -..--J-.._
414 1838 615 1859 __!_I-_2_
647 1837 975 1859 0-]---4-,A-,4_
1014 1848 1255 1859 ____‘,_,AA-
1310 1840 1390 1859 hac!
1435 1856 1584 1859 _-____
1606 1841 1670 1859 10.,
1906 1851 1919 1859 .
2412 1853 2425 1859 -
2563 1852 2594 1859 ρ
2948 1853 2961 1859 -
2987 1853 2999 1859 -
3123 1853 3138 1859 -
3234 1852 3246 1859 .

148 1836 390 1903 recedere,
414 1838 619 1894 videsis
647 1837 985 1895 Salvatorem
1013 1848 1261 1895 nostrum
1299 1840 1394 1911 qui
1429 1841 1695 1907 ascendit,

149 1936 191 1982 et
219 1929 495 1985 insuﬁlavit
518 1931 575 1985 in
608 1931 803 1987 faciem
833 1974 848 2000 ,
884 1935 1111 2003 suisque
1136 1933 1425 2003 discipulis
1451 1933 1650 1988 dixit”
1678 1949 1694 1985 :

155 2038 172 2070 ι
194 2019 416 2091 Accipite
448 2022 714 2092 Spiritum
746 2034 1018 2080 sanetum.
1054 2042 1074 2077 ι
1109 2023 1243 2091 Quae
1273 2025 1365 2080 ubi
1395 2034 1513 2082 aeta
1548 2033 1697 2094 sunt,

151 2109 257 2166 ﬁnis
296 2113 535 2168 omnium
581 2129 767 2169 rerum
799 2116 910 2187 28
947 2115 1089 2183 fuit,
1126 2117 1300 2172 altare
1329 2117 1608 2183 dissiluit,
1646 2127 1702 2173 et

149 2199 283 2258 frons
305 2203 481 2272 januae
512 2207 699 2276 templi
740 2206 944 2263 difﬁssa
991 2215 1095 2264 est.
1147 2206 1216 2264 Et
1260 2209 1512 2280 quamvis
1556 2224 1700 2264 non-

150 2290 262 2347 dum
288 2295 413 2350 urbs
435 2303 522 2352 est
542 2296 842 2365 destructa,
891 2298 1118 2355 interior
1143 2308 1323 2356 tamen
1354 2301 1541 2372 templi
1570 2302 1704 2357 abo-

151 2385 354 2441 minatio
393 2402 660 2444 mansura
703 2398 818 2458 est,
851 2397 906 2445 et
938 2390 1043 2461 ipsi
1086 2392 1210 2448 urbi
1243 2393 1566 2465 cunctisque
1595 2394 1702 2452 illis

150 2476 323 2546 priscis
343 2479 469 2536 ﬁnis
498 2480 676 2536 aderit
703 2483 1069 2540 caeremoniis.

213 2571 262 2626 9.
294 2571 401 2631 Nos
439 2587 573 2629 vero
594 2583 747 2630 extra
789 2577 998 2639 umbra:
1029 2584 1246 2647 tempus
1278 2593 1491 2646 sumus,
1527 2594 1705 2649 neque

152 2663 424 2719 secundum
449 2665 723 2737 hanejam
755 2683 1078 2737 operamur;
1109 2668 1205 2724 sed
1229 2670 1477 2725 conversi
1505 2671 1571 2725 ad
1599 2670 1707 2725 Do—

153 2756 338 2810 minum
372 2773 586 2825 sumus,
623 2778 641 2810 ι
673 2760 766 2828 qui
798 2759 1024 2829 spiritus
1054 2768 1138 2815 est
1167 2775 1182 2814 :
1214 2760 1305 2815 ubi
1336 2769 1516 2817 autem
1550 2762 1706 2832 spiri-

154 2855 229 2903 tus
247 2847 450 2904 Domini
480 2859 587 2916 est,
617 2851 691 2906 ibi
725 2851 951 2907 libertas
964 2852 1063 2917 “,i
1092 2867 1191 2907 eeu
1213 2852 1279 2907 ad
1303 2867 1466 2908 aures
1492 2864 1706 2911 nostras

154 2939 342 2997 intonat
376 2942 501 2997 tuba
533 2944 910 3000 sacerdotalis.
940 2942 1153 2999 Etenim
1185 2959 1333 3000 nunc
1357 2945 1502 3001 haud
1532 2954 1705 3002 mate-

153 3032 321 3089 rialem
364 3035 715 3093 immolamus
748 3050 980 3106 agnum,
1019 3036 1115 3091 sed
1156 3050 1348 3091 verum
1389 3037 1576 3101 illum,
1612 3037 1706 3107 qui

1802 1851 2079 1922 capientes
2120 1860 2336 1907 aeternae
2375 1853 2519 1908 vitae.
2554 1852 2690 1908 Cum
2737 1862 2916 1908 autem
2948 1853 3076 1909 hinc
3107 1852 3378 1923 demigra-e

1775 1942 2005 2010 ~bimus,
2038 1944 2254 2014 plenam
2284 1959 2409 2000 eum
2433 1943 2652 2001 Christo
2698 1958 3021 2015 peragcmus
3055 1944 3374 2000 solemnita-

1802 2044 1933 2103 tem,
1967 2044 2023 2092 et
2057 2052 2184 2092 eum
2215 2037 2418 2093 sanctis
2456 2037 2532 2092 ita
2558 2036 2987 2093 exelamabimus
3006 2036 3052 2068 ³⁸
3081 2055 3094 2091 :
3127 2055 3145 2088 ι
3172 2035 3380 2092 Trans-

1800 2126 1894 2182 ibo
1930 2126 1986 2181 in
2019 2126 2209 2182 locum
2238 2126 2574 2182 tabernaculi
2604 2126 2961 2194 admirabilis,
2988 2141 3163 2197 usque
3196 2127 3262 2182 ad
3286 2127 3379 2182 do—

1802 2236 1951 2276 mum
1981 2219 2112 2289 Dei;
2147 2235 2273 2276 eum
2304 2235 2438 2275 voce
2469 2219 2876 2284 exsultationis,
2924 2228 2979 2274 et
3027 2234 3155 2275 eum
3198 2219 3378 2276 laudis

1782 2312 2116 2382 praeconio,
2166 2323 2426 2381 tanquam
2472 2311 2691 2366 illorum
2734 2309 2829 2380 qui
2880 2310 3178 2365 laetantur:
3220 2329 3239 2363 ι
3284 2311 3380 2365 ubi

1803 2405 2010 2462 scilicet
2035 2404 2165 2476 fuga
2210 2404 2452 2472 doloris,
2500 2404 2738 2459 tristitia:
2766 2412 2820 2458 et
2847 2402 3142 2458 anxietatis
3168 2418 3183 2456 :
3213 2410 3393 2473 atque-

1805 2496 1872 2552 ad
1907 2512 2181 2553 summum
2232 2495 2489 2568 gaudium
2539 2503 2594 2549 et
2631 2494 3050 2551 exsultationem
3098 2493 3377 2564 provecti,

1786 2582 1929 2643 eum
1955 2587 2062 2642 illis
2087 2601 2345 2657 peragere
2377 2585 2527 2657 digni
2551 2584 2780 2642 erimus.

1875 2681 1984 2752 30
2014 2679 2099 2735 li.
2136 2677 2441 2749 Pauperum
2481 2678 2916 2745 meminerimus,
2951 2685 3007 2733 et
3037 2670 3377 2749 ‘peregrino-

1805 2788 1927 2829 rum
1955 2787 2027 2828 ne
2054 2758 2466 2827 obliviscamur.
2501 2768 2563 2826 ln
2615 2771 2809 2841 primis
2863 2770 3035 2825 Deum
3088 2769 3382 2840 diligamus

1809 2873 1920 2920 tota
1954 2864 2159 2931 anima,
2184 2861 2464 2930 facultate,
2483 2878 2549 2919 ac
2581 2861 2790 2918 viribus
2811 2879 2826 2929 ;
2847 2861 3042 2917 deinde
3069 2860 3383 2933 proximum

1808 2963 2059 3012 nostrum
2113 2963 2378 3025 tanquam
2428 2968 2531 3010 nos
2587 2955 2759 3024 ipsos.
2805 2954 2899 3009 Sic
2949 2954 3041 3009 illa
3080 2967 3384 3024 conseque-

1809 3046 1955 3113 mUr,
1985 3062 2107 3119 quae
2143 3064 2162 3098 σ
2195 3048 2389 3103 oculus
2433 3062 2542 3102 non
2578 3046 2731 3114 vidit,
2760 3062 2938 3117 neque
2974 3046 3123 3103 auris
3154 3046 3382 3113 audivit,

157 3124 446 3182 immolatus
496 3126 640 3194 fuit,
684 3126 977 3181 Dominum
1024 3135 1274 3183 nostrum
1323 3128 1510 3184 Iesum
1550 3129 1775 3193 Chri-C
1810 3153 1988 3209 neque
2039 3138 2093 3192 in
2140 3152 2235 3193 cor
2288 3138 2527 3193 hominis
2569 3146 2958 3206 pervenerunt,
3016 3153 3138 3208 qum
3187 3153 3386 3209 nempe

156 3226 281 3272 stum
304 3259 319 3284 ,
349 3221 440 3290 qui
482 3221 682 3275 ductus
733 3227 818 3275 est
852 3229 1110 3290 tanquam
1144 3222 1262 3277 ovis
1290 3221 1359 3276 ad
1388 3222 1659 3276 lanienam
1691 3241 1705 3291 ;

156 3309 235 3377 qui
258 3312 404 3381 quasi
432 3326 610 3382 agnus
634 3326 819 3367 coram
846 3312 994 3367 lanio
1024 3321 1209 3368 mutus
1238 3320 1357 3368 erat
1369 3314 1412 3345 ⁸⁷
1433 3332 1448 3382 ;
1471 3315 1709 3384 pretioso

157 3414 246 3455 suo
286 3418 383 3459 nos
411 3403 711 3474 puriﬁcans
747 3405 1036 3475 sanguine,
1074 3405 1171 3476 qui
1199 3407 1374 3463 multo
1418 3410 1593 3480 magis
1630 3409 1711 3463 lo-

155 3494 322 3560 quitur
353 3513 517 3566 quam
549 3497 640 3551 ille
669 3497 932 3553 Abelis“.
967 3498 1274 3555 Calciantes
1298 3501 1466 3572 pedes
1492 3512 1710 3557 nostros

156 3584 206 3637 in
231 3576 628 3658 praeparatiOne
654 3589 933 3662 Evangelii
959 3592 1096 3664 (51),
1125 3595 1514 3665 capientesque
1542 3596 1712 3648 mani-

157 3676 247 3734 lius
273 3682 472 3738 nostris
497 3681 714 3737 Domini
746 3684 951 3755 virgam
982 3692 1036 3739 et
1068 3685 1358 3752 baculum;
1388 3685 1588 3757 quibus
1622 3701 1710 3741 re-

156 3782 355 3829 creatus
403 3783 630 3830 sanctus
675 3775 766 3831 ille
803 3776 1021 3832 dicebat
1037 3779 1127 3834 ηε
1164 3796 1183 3829 ι
1216 3777 1380 3849 Virga
1410 3786 1502 3833 tua
1533 3788 1586 3834 et
1612 3779 1710 3833 ha—

157 3864 296 3921 culus
314 3875 458 3933 tuus,
481 3867 601 3937 ipsa
628 3883 715 3921 me
736 3868 1018 3923 eonsolata
1052 3881 1203 3924 sunt.
1232 3889 1249 3922 ι
1274 3869 1713 3942 Summatimque

158 3952 316 4008 aiebat
355 3957 548 4012 beatus
601 3956 910 4013 Paulus”:
952 3977 971 4009 ‹
1001 3959 1081 4013 Ad
1116 3961 1301 4015 omnia
1333 3963 1546 4031 parati,
1577 3963 1713 4017 nihil

157 4045 353 4102 solliciti
387 4049 596 4114 simus;
629 4049 894 4105 Dominus
923 4067 1093 4121 prope
1142 4061 1244 4107 est.
1278 4073 1295 4104 ι
1338 4055 1453 4124 lpse
1480 4055 1715 4124 denique

161 4133 390 4193 Salvator
427 4147 618 4194 noster
643 4140 839 4195 dicit"
868 4158 881 4192 :
917 4159 936 4193 ‹
968 4140 1088 4208 Qua
1118 4157 1220 4199 nos
1251 4145 1382 4199 hora
1416 4160 1525 4199 non
1558 4155 1716 4215 puta—
1790 4172 1793 4181 ι

162 4241 289 4294 mus,
318 4232 570 4287 adveniet
599 4230 884 4291 Dominus.
919 4252 938 4286 ι

219 4322 302 4377 10.
345 4342 365 4376 ‹
407 4323 632 4380 Festum
672 4325 861 4395 itaque
901 4326 1238 4383 celebremus
1280 4344 1388 4382 non
1441 4327 1712 4385 fermento

158 4419 354 4481 vetere,
385 4432 564 4488 neque
608 4417 876 4473 fermento
917 4419 1141 4474 malitiae
1186 4435 1251 4473 ac
1295 4422 1582 4490 nequitiae,
1622 4421 1741 4476 sed

160 4517 332 4576 azymo
361 4511 620 4579 puritatis
654 4527 720 4567 ac
750 4511 1060 4568 veritatis"
1089 4530 1101 4568 :
1140 4531 1158 4565 ι
1189 4522 1450 4570 exuentes
1480 4522 1716 4570 veterem

162 4704 345 4748 novum
388 4695 668 4752 hominem
715 4697 810 4766 qui
844 4706 1067 4768 propter
1096 4697 1269 4753 Deum
1306 4708 1524 4755 creatus
1568 4699 1672 4754 fuit
1702 4718 1716 4757 :

161 4797 272 4838 eum
303 4788 466 4842 animi
498 4788 807 4844 humilitate
850 4799 905 4844 et
945 4791 1281 4847 conscientia
1315 4807 1474 4862 pura,
1513 4793 1567 4846 in
1606 4793 1720 4863 lege

161 4879 467 4937 meditantes
498 4882 593 4936 diu
627 4892 920 4952 noctuque.
953 4882 1091 4937 Nam
1138 4884 1184 4939 si
1232 4900 1590 4954 personarum
1630 4902 1721 4942 ae-

163 4972 445 5039 eeptionem
495 4975 815 5043 vitabimus,
857 4975 967 5047 29
998 4984 1057 5030 et
1086 4978 1394 5046 superbiam
1427 4978 1723 5049 dolumque

164 5062 488 5133 abjiciemus,
527 5079 656 5135 tunc
674 5068 998 5123 eharitatem
1026 5084 1154 5138 erga
1188 5068 1358 5124 Deum
1385 5079 1436 5125 et
1470 5071 1725 5127 homines

166 5172 581 5231 consequemur;
609 5162 967 5232 renovatique
1001 5171 1055 5218 et
1095 5178 1236 5218 novo
1278 5163 1406 5217 vino
1440 5165 1555 5234 poti
1598 5180 1724 5219 cum

166 5247 357 5318 Spiritu
392 5264 602 5323 sancto,
631 5271 872 5311 mensem
922 5272 1141 5327 quoque
1184 5272 1366 5312 rerum
1397 5256 1594 5312 harum
1626 5272 1728 5313 no-

232 5393 274 5424 "
311 5392 464 5449 Joan.
504 5412 598 5462 xx,
636 5396 727 5449 ‘22.

170 5457 209 5488 ⁸¹
244 5462 427 5519 Matth.
463 5457 612 5533 xmv,
651 5466 741 5522 44.
837 5468 881 5499 ³³
921 5465 941 5518 ι
979 5467 1106 5522 Cor.
1150 5457 1217 5535 v,'
1244 5468 1297 5524 8.

237 5594 345 5693 (Si)
395 5597 487 5693 Sic
518 5600 852 5693 adag‘nussim
898 5600 1301 5693 scribit‘eotiam
1355 5609 1577 5656 sanctus
1617 5602 1729 5655 Au-

176 5676 415 5725 gustinus
495 5687 561 5725 ex
614 5676 631 5724 Ι

177 5676 631 5815 Vaticanojglilx,

177 5809 372 5866 talione
406 5809 675 5884 Evangelii
701 5814 867 5885 paris.

1749 4481 1803 4539 D

161 4595 416 4656 hominem
443 4618 570 4658 cum
605 4604 862 4659 omnibus
888 4604 1145 4674 operibus
1179 4605 1317 4672 suis,
1346 4616 1402 4661 et
1432 4607 1720 4663 induentes
1795 4608 1799 4612 ’

1805 3226 2132 3298 praeparavit
2159 3225 2307 3281 Deus
2353 3226 2705 3297 diligentibus
2759 3228 2943 3297 ipsum
2970 3225 3045 3292 “;
3081 3245 3100 3278 ι
3132 3242 3231 3297 per
3261 3228 3401 3283 uni.

1807 3318 2047 3389 genitum
2082 3315 2282 3370 Filium
2313 3314 2432 3385 ejus
2480 3313 2774 3369 Dominum
2807 3322 3079 3381 nostrum,
3104 3323 3389 3369 nostrum-

1807 3423 1915 3479 que
1951 3407 2312 3473 Salvatorem,
2368 3405 2557 3460 Jesum
2606 3405 2925 3472 Christum;
2960 3420 3058 3475 per
3104 3420 3268 3475 quem
3314 3405 3397 3462 sit.

1809 3501 1981 3572 gloria
2014 3509 2067 3556 et
2097 3499 2385 3570 imperium
2418 3497 2532 3567 (52)
2582 3497 2687 3553 soli
2750 3495 2923 3562 Patri,
2977 3511 3075 3567 per
3120 3494 3391 3566 Spiritum

1797 3601 2087 3657 sanctum,
2123 3590 2181 3645 in
2220 3591 2419 3646 saecula
2471 3588 2819 3645 saeculorum.
2876 3588 3072 3643 Amen.

1813 3681 2055 3736 Salutate
2106 3694 2297 3734 omnes
2345 3694 2469 3735 eum
2521 3678 2711 3733 osculo
2761 3686 2973 3734 sancto.
3012 3675 3262 3732 Salutant
3289 3691 3407 3734 vos.

1812 3775 2015 3840 cuncti,
2035 3773 2128 3844 qui
2161 3786 2374 3828 meeum
2405 3781 2552 3838 sunt,
2582 3770 2799 3826 fratres.

1882 3863 2066 3918 Prima
2128 3862 2357 3934 epistola
2424 3861 2638 3918 festalis
2700 3864 2876 3919 sancti
2940 3862 3227 3920 Athanasii
3291 3879 3391 3920 ex-

1810 3955 1981 4027 plieit.

2322 4044 2762 4101 EPISTOLA
2815 4046 2881 4102 II.

2395 4147 2503 4211 (Ch.
2534 4161 2664 4198 anno
2688 4147 2819 4208 550.)

1820 4250 2081 4289 EPISTOI.A
2116 4250 2353 4290 SECUNDA
2385 4249 2641 4289 FESTALIS
2669 4248 2817 4290 ΡΑΡΕ
2865 4248 3172 4298 ATHANASII,
3225 4248 3397 4290 JUX'I'A

1897 4344 2041 4390 QUAM
2084 4343 2337 4382 DOHINICA
2378 4340 2667 4381 PASCHATIS
2718 4341 2862 4380 ERAT
2912 4340 3003 4380 DIE
3048 4340 3177 4378 ικιν
3233 4341 3400 4379 PHAR-

1909 4435 2099 4484 llll'l‘lll,
2152 4433 2252 4471 XIII
2302 4433 2424 4472 ΚΑΒ.
2486 4432 2622 4485 MAI],
2654 4431 2794 4471 ANNO
2850 4432 2973 4470 XLVI
3017 4430 3396 4483 DIOCLETIANI,

1901 4528 2227 4567 CONSULIBUS
2301 4525 2596 4566 GALLICANO
2648 4526 2721 4565 ΕΤ
2782 4524 3015 4565 Αυιιειιο
3083 4525 3398 4591 SYIHACHQ,

1901 4622 2193 4662 PRAEFECTO
2222 4621 2577 4676 MAGNINIANO,
2614 4623 2920 4663 INDICTIONE
2948 4623 3033 4663 III.

1899 4700 1949 4753 1.
1988 4697 2199 4753 Rursus
2221 4697 2432 4755 Pascha
2461 4708 2515 4754 et
2560 4699 2765 4768 laetitia,
2797 4697 2994 4755 fratres
3045 4700 3188 4767 mei;
3222 4697 3402 4754 denuo

1827 4790 2090 4846 Dominus
2120 4791 2187 4845 ad
2215 4791 2320 4845 hoc
2345 4805 2446 4845 nos
2492 4798 2709 4861 tempus
2742 4791 3013 4860 perduxit,
3046 4800 3106 4845 ut
3138 4806 3290 4846 more
3315 4806 3407 4846 sco

1830 4887 1927 4940 lito
1958 4883 2141 4940 verbis
2183 4882 2302 4957 ejus
2336 4881 2550 4948 nutriti,
2586 4881 2786 4937 festum
2822 4891 2983 4953 prout
3020 4890 3237 4952 Oportet
3271 4897 3406 4953 aga-

1832 4994 1975 5033 mus.
2008 4976 2144 5032 Cum
2183 4976 2387 5031 sanctis
2414 4975 2520 5030 illis
2548 4975 2771 5030 caeleste
2817 4974 2923 5029 hoc
2955 4974 3214 5044 gaudium
3259 4974 3406 5030 cele-

1831 5069 2091 5133 bremus;
2127 5066 2386 5137 quoniam
2413 5074 2468 5120 et
2497 5064 2602 5135 ipsi
2648 5064 2752 5135 31
2778 5064 3175 5119 solemnitatem
3208 5064 3405 5134 hujus-

1833 5159 1982 5215 modi
2015 5159 2540 5229 praenuntiaverunt,
2572 5157 2844 5227 nobisque
2883 5156 3133 5225 exemplo
3180 5156 3408 5227 praeire-

1836 5263 1968 5308 runt
1990 5267 2275 5324 per.suam
2337 5252 2392 5305 in
2446 5249 2665 5304 Christo
2709 5249 3203 5305 conversationem.
3250 5245 3407 5301 Haud

810 5397 856 5429 ⁸⁸
897 5397 941 5449 ll
979 5396 1222 5463 Com",
1264 5398 1354 5451 Π.
1432 5395 1706 5455 "Isa.Lm

837 5468 881 5499 "
921 5465 941 5518 ι
979 5467 1106 5522 Cor.
1150 5485 1201 5525 ν.
1244 5468 1297 5524 8.
1379 5469 1424 5501 ³³
1461 5468 1607 5525 Psal.
1649 5486 1706 5524 ιι

1866 5393 1940 5435 ι²⁸
1957 5391 2119 5447 Hebr.
2140 5388 2348 5453 xn,24.
2424 5387 2630 5443 "Psal.
2655 5402 2792 5453 χχιι,
2832 5387 2884 5442 4.
2912 5387 2957 5419 ⁸ο
2993 5384 3230 5458 Philipp.
3253 5402 3325 5450 ιν,
3351 5386 3407 5440 ὕ.

1828 5468 1856 5524 ἱ.
1946 5464 1991 5495 ³⁸
2032 5461 2053 5515 l
2089 5461 2219 5516 Cor.
2263 5476 2323 5525 ιι,
2362 5461 2419 5514 9.
3396 5476 3405 5493 ε

1595 5510 1607 5523 ο
1654 5507 1764 5538 οισι,
1803 5507 1868 5543 υ..

1946 5464 1991 5495 ³⁸
2032 5461 2053 5515 l
2089 5461 2219 5516 Cor.
2263 5476 2323 5527 ιι,
2362 5461 2419 5514 9.

1902 5600 2014 5671 (εὲ)
2041 5598 2331 5671 Imperium
2381 5597 2563 5671 scribo
2608 5594 2858 5671 exemplo
2897 5592 3208 5671 Hieronymi
3236 5593 3409 5671 ίιῑιθτ·

495 5687 561 5725 ex
614 5670 814 5793 Ephes.
873 5687 925 5726 vi
951 5710 965 5733 ,
1016 5672 1114 5744 16)
1162 5671 1215 5725 in
1254 5687 1508 5727 sermone
1540 5682 1731 5727 nostro
1832 5664 2098 5744 pretantis
2127 5664 2414 5739 epistolam
2437 5665 2846 5735 Theopliili.Sie
2875 5665 3038 5720 etiam
3071 5664 3411 5744 Augustinus

495 5740 631 5793 XIX.
711 5740 1050 5793 :Calcientur
1081 5743 1234 5793 aedes
1261 5744 1736 5793 vnstriinnrmna-
1834 5758 2004 5793 serm.
2063 5739 2182 5793 Vat.
2226 5737 2523 5793 CXXXVI:
2571 5738 2883 5793 pariterque
2928 5749 3032 5793 ego
3079 5736 3320 5793 legebam
3352 5750 3411 5792 In

711 5740 1050 5798 :Calcientur
1081 5740 1234 5813 pedes
1261 5745 1421 5799 vostri
1446 5744 1504 5798 in
1530 5758 1736 5814 pracpa-

1834 5734 2004 5798 Eserm.
2063 5734 2183 5794 Vat:
2226 5737 2523 5807 CXXXVI;
2571 5734 2883 5807 pariterque
2928 5736 3320 5807 egoglegebam
3352 5734 3413 5792 in

1824 5812 2079 5870 clausula
2112 5812 2303 5883 priscae.
2330 5798 2650 5866 homilim'in
2681 5798 2810 5867 cod:
2841 5798 3183 5872 Vatfﬁﬁ-iff.
3213 5798 3336 5860 “8.
