3812 6224
467 352 605 412 1577

1857 342 2192 400 EPISTOLA
2230 341 2319 409 Ν.

3597 342 3715 398 1³5⁵1⁵8

539 483 704 524 nonas
741 479 970 528 APRILIS,
1011 477 1148 518 anno
1187 476 1355 517 vant
1391 475 1756 525 DIOCLETIANI,
1795 475 2042 515 CONSULI-
2069 465 2119 525 Α
2147 459 2424 529 stipitibus
2471 457 2952 514 exterminatorem
2998 457 3282 530 iugabant.
3329 455 3492 513 Nunc
3544 470 3710 514 autem

539 576 634 613 DUS
655 571 864 612 ΡΔΡΙΝΙΟ
887 569 1185 610 ΡΑΟΛΤΙΔΝΟ
1210 569 1278 608 ετ
1305 567 1540 608 MAECILIO
1561 567 1870 618 HILLBILNO,
1898 568 2046 608 PRE-

538 664 710 705 FSCTO
749 663 962 711 BYGINO,
1006 661 1316 702 INDICTIONE
1353 662 1407 700 ν.
1447 661 1584 700 HANC
1622 660 1920 710 EPISTOLLM
1960 660 2045 708 κι-

542 758 627 796 ειτ
666 757 734 795 DE
771 756 1048 798 COIITATU
1087 754 1186 794 PER
1225 753 1560 794 OFFICIALEM.

540 833 590 886 1.
635 830 770 886 Sero
819 831 1073 899 quidem,
1111 837 1164 884 et
1210 837 1533 884 consuetum
1585 836 1738 882 extra
1786 833 2000 896 tempus
2027 865 2042 889 ,

467 923 648 976 scribo
679 921 854 986 vobis,
891 919 1071 976 dilecti
1115 919 1258 986 mei;
1289 934 1518 987 sperans
1550 927 1728 973 tamen
1775 931 1873 971 vos
1909 915 2044 970 mihi

470 1018 608 1072 hanc
655 1016 958 1072 tarditatem
1009 1014 1438 1078 condonaturos,
1465 1013 1649 1067 habita
1688 1026 1897 1082 magnae
1926 1011 2046 1065 [Olh

464 1109 783 1180 ginquitatis
825 1110 1058 1172 ratione,
1083 1123 1296 1163 necnon
1341 1107 1460 1176 ejus
1492 1121 1614 1174 qua:
1657 1120 1742 1159 me
1774 1103 1914 1158 male
1942 1103 2042 1157 ha-

464 1200 584 1255 buit
612 1198 962 1255 inﬁrmitatis.
985 1195 1229 1268 Utroque
1253 1197 1356 1252 hoc
1388 1196 1633 1252 videlicet
1657 1193 2043 1264 impedimento

465 1301 708 1351 retentus
743 1290 842 1356 fui,
876 1307 1087 1346 necnon
1136 1301 1190 1345 et
1231 1290 1428 1350 hiemis
1462 1288 1777 1359 asperitate,
1827 1286 2043 1358 quomi-

466 1398 570 1438 nus
603 1382 814 1440 litteras
855 1383 922 1443 ad
959 1397 1054 1437 vos
1084 1382 1292 1436 darem.
1324 1381 1429 1436 Sed
1477 1390 1681 1446 tamen,
1734 1379 1836 1436 etsi
1883 1379 2044 1448 longe

466 1473 683 1537 absum,
717 1481 772 1527 et
823 1472 1002 1527 adhuc
1054 1474 1245 1527 morbo
1293 1471 1599 1536 eonflictor,
1627 1486 1734 1524 non
1765 1470 1886 1524 ideo
1919 1484 2040 1522 sum

464 1563 666 1618 oblitus
719 1561 911 1625 festale
970 1573 1184 1632 tempus
1246 1563 1400 1618 vobis
1456 1561 1796 1634 signiﬁcare;
1840 1575 2042 1628 gnarus

464 1654 666 1733 quippe
696 1655 1126 1718 consuetudinis,
1166 1655 1342 1717 oﬁicio
1369 1669 1492 1707 meo
1533 1651 1818 1722 defungor.
1851 1651 2042 1717 Quanq-

464 1760 626 1823 quam
687 1745 915 1815 epistola
984 1746 1124 1800 ultra
1187 1747 1380 1801 solitos
1442 1743 1786 1815 signiﬁcandi
1838 1744 2038 1798 limites

2145 567 2270 607 cum
2313 551 2490 606 Patris
2523 550 2761 606 Verbum
2807 551 3146 606 comedimus
3185 548 3323 621 (45),
3361 551 3714 621 cordiumque

2145 651 2459 698 nostrorum
2492 641 2634 698 labia
2669 641 2803 696 Novi
2836 642 3100 712 sanguine
3145 640 3486 696 Testamenti
3539 642 3711 712 signa-

2147 749 2292 800 mus,
2317 735 2498 788 datam
2525 733 2682 789 nobis
2711 750 2741 788 a
2768 731 3050 788 Salvatore
3079 734 3311 803 gratiam
3341 736 3710 803 agnoscimus,

2145 827 2237 895 qui
2270 827 2346 880 ait
2369 826 2412 856 ¹⁶
2437 843 2451 878 :
2481 843 2500 876 ‹
2527 824 2666 879 Ecce
2695 825 2820 880 dedi
2862 826 3018 880 vobis
3049 826 3264 880 calcare
3297 841 3466 893 supra
3504 841 3713 896 serpen-

2148 929 2228 973 tes
2257 933 2321 972 ac
2353 918 2586 987 viperas,
2605 926 2660 972 et
2686 932 2849 986 supra
2871 931 3088 972 omnem
3108 917 3316 970 inimici
3337 925 3705 986 potestatem.»

2147 1010 2300 1065 Haud
2344 1010 2574 1064 ulterius
2629 1025 2778 1065 mors
2823 1009 3213 1075 dominabitur,
3242 1010 3337 1064 sed
3391 1014 3565 1065 morti
3620 1011 3713 1066 vita

2146 1103 2549 1171 succedit,quia
2579 1100 2720 1156 idem
2751 1101 3016 1154 Dominus
3041 1100 3117 1154 ait
3136 1101 3206 1154 "z
3234 1121 3253 1152 ι
3273 1100 3386 1171 Ego
3412 1117 3542 1156 sum
3563 1102 3709 1156 vita.»

2144 1194 2339 1251 Omnia
2392 1195 2600 1249 scilicet
2629 1208 2774 1247 nunc
2821 1192 3004 1246 laetitia
3038 1191 3347 1246 redundant
3370 1208 3439 1248 ac
3468 1195 3712 1264 gestiunt,

2144 1286 2289 1342 sicut
2328 1287 2440 1355 jam
2495 1284 2757 1353 scriptum
2807 1281 2912 1338 fuit
2938 1283 2980 1313 ³⁸
3026 1300 3040 1336 :
3090 1301 3110 1335 ‹
3141 1282 3408 1338 Dominus
3458 1286 3712 1354 regnavit,

2143 1379 2375 1434 exsultet
2401 1387 2562 1432 terra.
2589 1395 2608 1428 ι
2639 1374 2791 1432 Tunc
2825 1389 2976 1433 mors
3004 1375 3278 1445 regnabat,
3309 1391 3442 1430 cum
3469 1377 3528 1429 in
3558 1373 3716 1448 Baby-

2143 1470 2285 1524 leuis
2325 1469 2610 1524 ﬂuminum
2647 1470 2782 1538 ripis
2817 1469 3067 1524 sedentes
3089 1467 3444 1535 ﬁebamus",
3477 1480 3533 1523 et
3559 1469 3612 1522 in
3639 1486 3715 1524 ca-

2142 1563 2408 1633 ptivitatis
2433 1562 2799 1616 amaritudine
2823 1561 3198 1619 tristabamur.
3217 1558 3372 1616 Nunc
3392 1577 3532 1616 vero
3558 1573 3716 1618 morte

2143 1669 2420 1724 regnoque
2453 1654 2753 1708 adversarii
2781 1653 3100 1719 destructis,
3127 1654 3350 1722 copiosa
3376 1653 3572 1707 laetitia
3597 1671 3714 1724 gau.

2143 1746 2343 1815 dieque
2383 1745 2659 1799 cumulata
2699 1753 2828 1800 sunt
2856 1745 3060 1800 omnia.
3092 1743 3283 1815 Neque
3311 1746 3366 1800 in
3399 1744 3596 1807 Judaaa
3622 1756 3718 1802 tan-

463 1815 684 1892 exarata
725 1837 818 1900 sit,
855 1837 1024 1890 nihilo
1055 1845 1234 1892 tamen
1266 1837 1447 1895 minus
1475 1834 1578 1890 hoc
1605 1835 1860 1888 idoneum
1897 1845 2038 1886 tem.
2069 1815 2112 1870 Β
2142 1847 2256 1892 tum
2298 1847 2464 1892 notus
2497 1846 2581 1892 est
2614 1836 2757 1891 Deus
2779 1837 2846 1902 ⁸ο,
2875 1838 2968 1892 sed
2992 1837 3045 1890 in
3073 1853 3292 1892 omnem
3323 1847 3534 1893 terram
3566 1842 3719 1896 exivit

463 1940 735 1998 pus-esse
787 1925 898 2011 49
949 1927 1163 1981 videtur
1208 1925 1454 1990 festalem
1494 1924 1756 1995 hymnum
1785 1926 2039 1995 canendi,

463 2036 588 2082 cum
620 2022 806 2077 hostes
846 2019 1143 2090 ignominia
1177 2019 1354 2078 aﬁ'ecti
1379 2027 1528 2083 sunt,
1553 2027 1718 2087 atque
1751 2018 1817 2072 ab
1849 2016 2038 2072 Eccle-

460 2115 542 2170 sia
573 2115 910 2184 reprehensi,
940 2123 1160 2185 propter
1191 2123 1368 2168 actam
1399 2112 1658 2166 adversus
1701 2125 1801 2165 nos
1833 2111 2040 2180 gratui-

463 2218 570 2264 tam
599 2206 1052 2277 persecutionem.
1089 2203 1350 2274 Tempus,
1383 2203 1626 2274 inquam,
1658 2213 1738 2257 est
1761 2203 2037 2274 repetendi

462 2298 594 2353 illud
643 2307 830 2352 contra
900 2296 1242 2352 Pharaonem
1302 2295 1622 2359 canticum,
1683 2295 1911 2348 dicendo
1942 2295 2034 2360 ης

468 2390 804 2448 (Cantemus
855 2387 1124 2450 Domino,
1177 2387 1414 2457 gloriose
1463 2386 1607 2439 enim
1654 2386 2035 2454 magniﬁcatus

461 2490 544 2536 est
577 2498 590 2533 :
619 2493 819 2550 equum
850 2489 903 2534 et
927 2492 1275 2543 ascensorem
1302 2477 1500 2545 dejecit
1528 2477 1582 2530 in
1612 2492 1784 2541 mare.
1818 2496 1835 2528 ι

528 2571 581 2625 2.
625 2569 770 2626 Bene
798 2577 897 2636 est,
938 2570 1118 2624 dilecti
1147 2569 1274 2631 mei,
1319 2582 1420 2622 nos
1456 2567 1522 2621 de
1551 2566 1692 2622 festo
1721 2569 1789 2622 ad
1833 2567 2035 2627 festum

456 2659 774 2729 pervenire;
805 2659 875 2712 ita
910 2668 1110 2722 tamen,
1143 2668 1199 2712 ut
1226 2657 1444 2722 festales
1472 2666 1775 2712 conventus
1803 2673 1867 2713 ac
1895 2660 2034 2731 vigi-z

458 2749 546 2802 liae
576 2749 813 2819 paciﬁcae
844 2759 1077 2802 mentem
1111 2755 1353 2802 nostram
1383 2747 1640 2812 excitent,
1679 2759 2035 2820 nostrumque

460 2837 792 2894 intellectum
825 2839 1102 2907 impellant
1137 2838 1201 2892 ad
1251 2838 1515 2892 bonarum
1568 2854 1749 2893 rerum
1789 2851 2036 2897 contem-

458 2931 773 3005 plationem.
807 2928 903 2990 Ne,
931 2944 1138 3002 qumso,
1170 2930 1255 2984 his
1285 2929 1477 2984 diebus
1509 2939 1728 2986 utamur
1754 2932 1820 2986 ad
1849 2931 2036 2986 foven-

460 3022 586 3078 dam
617 3020 919 3087 tristitiam,
959 3021 1052 3075 sed
1083 3022 1148 3074 ad
1178 3020 1523 3075 nutriendam
1553 3022 1748 3077 solatio
1770 3024 2033 3090 animam,

461 3124 626 3185 atque
659 3105 924 3168 orandum
961 3113 1287 3184 uteorporis
1317 3115 1756 3185 concupiscentia
1794 3117 2032 3176 sedetur.

460 3209 623 3266 Hisce
657 3210 872 3265 actibus
925 3209 1111 3263 hostes
1159 3223 1380 3279 quoque
1415 3224 1674 3281 superare
1703 3213 2032 3281 poterimus,

459 3317 613 3372 aeque
651 3317 721 3356 ac
763 3302 918 3357 beata
963 3301 1204 3366 luditha,
1232 3317 1354 3370 quae
1401 3303 1627 3373 jejuniis
1671 3305 2037 3376 precibusque

457 3392 715 3457 exercita,
748 3391 931 3447 hostes
961 3389 1181 3453 devicit,
1223 3401 1275 3446 et
1303 3390 1705 3462 Holophernem
1739 3395 2032 3452 interemit.

459 3483 538 3545 lta
567 3500 625 3539 se
663 3484 830 3555 gessit
864 3484 1018 3538 beata
1047 3499 1262 3556 quoque
1295 3483 1513 3551 Esther,
1543 3487 1794 3556 proximo
1816 3488 1929 3558 jam
1953 3498 2038 3544 to-

459 3579 569 3640 tius
598 3575 774 3644 gentis
806 3590 920 3632 sua:
947 3575 1295 3641 exterminio,
1329 3585 1382 3632 et
1412 3575 1694 3632 lsraelitici
1719 3581 1903 3652 populi
1929 3581 2036 3635 imv

458 3668 699 3730 mittente
746 3666 980 3730 excidio,
1013 3683 1137 3723 cum
1191 3668 1349 3729 aliter
1395 3669 1609 3739 tyranni
1647 3671 1724 3724 ira
1764 3675 2035 3741 compesci

459 3758 708 3828 nequiret
745 3759 848 3813 nisi
878 3759 1088 3838 jejunio
1117 3775 1180 3814 ac
1224 3760 1475 3828 precibus
1523 3760 1589 3814 ad
1638 3759 1808 3815 Deum
1860 3765 2032 3829 fusis;

459 3861 624 3921 atque
655 3851 728 3904 ita
756 3851 940 3920 populi
970 3851 1200 3906 salutem
1235 3866 1359 3909 cum
1385 3851 1631 3919 ejusdem
1665 3851 2034 3909 internecione

459 3941 834 3997 commutavit.
866 3939 983 3994 Jam
1013 3950 1071 3994 ut
1099 3940 1412 4011 huiusmodi
1457 3942 1593 4010 dies,
1628 3943 1887 3998 festorum
1913 3945 2034 4000 loco

459 4035 528 4099 ab
556 4033 753 4089 lsraele
783 4031 1134 4098 haberentur,
1169 4033 1370 4088 diserte
1417 4033 1554 4088 festa
1602 4034 1903 4104 antiquitus
1947 4051 2035 4106 ap-

458 4125 653 4203 pellata
698 4134 863 4199 sunt;
918 4140 1042 4178 eum
1101 4123 1345 4178 videlicet
1404 4123 1579 4178 hostis
1629 4123 2032 4192 destruebatur,

457 4213 642 4290 populi
687 4214 988 4284 periculum
1021 4213 1427 4282 expediebatur,
1459 4211 1626 4268 Israel
1654 4213 1890 4283 denique
1921 4216 2034 4270 sal-

455 4308 705 4359 vabatur.
741 4303 1034 4374 Propterea
1068 4314 1128 4360 ut
1158 4303 1355 4358 festqu
1386 4304 1698 4374 hujusmodi
1729 4306 2033 4361 celebrare-

456 4407 566 4464 tur,
597 4397 790 4452 beatus
820 4396 1031 4468 Moyses
1062 4412 1317 4465 magnum
1346 4395 1631 4451 Paschalis
1667 4395 1864 4452 festum
1897 4415 2034 4468 prae-.-

2139 1945 2245 1984 vox
2293 1930 2570 1993 eorum“,
2603 1937 2658 1983 et
2709 1930 2936 1985 scientia
2970 1929 3188 1984 Domini
3233 1931 3532 1987 universus
3581 1933 3718 1986 orbis

2139 2021 2332 2090 plenus
2383 2023 2548 2075 est".
2598 2020 2938 2091 Caeteroquin
2985 2023 3326 2090 exploratum
3381 2032 3496 2088 est,
3548 2025 3716 2078 dilecti

2139 2112 2267 2173 mei,
2305 2120 2558 2180 oportere
2586 2127 2706 2178 nos,
2731 2113 2825 2182 qui
2856 2113 3169 2182 hojusmodi
3195 2113 3332 2168 festo
3356 2115 3714 2180 intersumus,

2139 2203 2503 2258 conscientias
2537 2213 2756 2258 nostras
2796 2204 3024 2259 induere
3057 2205 3199 2262 haud
3231 2207 3535 2264 sordidatis
3568 2208 3717 2262 vesti-

2138 2295 2262 2359 bus,
2295 2295 2388 2350 sed
2445 2297 2595 2362 puris
2642 2295 2869 2350 omnino
2923 2296 3257 2352 indumentis
3298 2313 3508 2353 ornare
3541 2301 3596 2353 in
3625 2299 3716 2354 hoc

2139 2384 2354 2438 Domini
2385 2387 2555 2440 nostri
2590 2385 2690 2456 51
2719 2385 2847 2441 Jesu
2883 2387 3036 2458 (die),
3073 2397 3132 2442 ut
3161 2403 3286 2442 cum
3316 2404 3385 2443 eo
3410 2405 3612 2460 reapse
3647 2391 3714 2444 fe-

2138 2483 2284 2530 stum
2334 2477 2539 2546 agitare
2586 2477 2880 2546 possimus.
2911 2478 3111 2550 Utique
3149 2480 3230 2535 sic
3258 2479 3572 2548 induimur,
3603 2498 3714 2537 eum

2137 2569 2391 2622 virtutem
2422 2569 2718 2638 diligimus,
2749 2579 2802 2624 et
2829 2571 3023 2626 vitium
3073 2586 3436 2640 aversamur;
3473 2589 3598 2628 cum
3636 2591 3715 2629 ca-

2139 2661 2377 2714 stitatem
2431 2675 2735 2726 servamus,
2769 2671 2824 2715 et.
2873 2661 3154 2720 lasciviam
3204 2663 3556 2730 omittimus;
3601 2682 3715 2720 cum

2139 2750 2412 2820 iniquitati
2455 2751 2721 2820 justitiam
2775 2751 3144 2820 pratferimus;
3194 2769 3320 2808 cum
3390 2757 3715 2812 necessariis

2137 2843 2400 2907 contenti,
2432 2843 2675 2896 animum
2726 2845 2907 2914 potius
2952 2854 3200 2898 nostrum
3249 2848 3712 2913 corroboramus;

2137 2948 2261 2986 cum
2289 2949 2587 3003 pauperum
2615 2951 2722 2988 non
2748 2936 3146 3001 obliviscimur,
3183 2939 3280 2992 sed
3313 2939 3615 3011 unicuique
3641 2941 3716 2996 fo-

2138 3041 2226 3081 res
2251 3035 2468 3080 nostras
2499 3036 2680 3096 patere
2707 3029 2999 3096 volumus;
3036 3046 3161 3086 eum
3197 3041 3454 3087 nostrum
3482 3035 3715 3089 animum

2139 3119 2422 3174 studemus
2449 3119 2732 3174 demittere
2759 3136 2824 3174 ac
2852 3123 3163 3190 superbiam
3190 3123 3476 3178 detestari.

2209 3210 2262 3266 4.
2304 3210 2472 3264 Israel
2499 3225 2720 3280 quoque
2762 3212 2930 3265 ritum
2983 3213 3130 3266 hunc
3179 3215 3370 3269 sedulo
3424 3217 3560 3271 olim
3602 3225 3714 3271 tan-

2136 3315 2301 3370 quam
2331 3301 2387 3354 in
2419 3301 2593 3369 ﬁgura
2626 3303 2937 3366 exercebat,
2969 3311 3024 3356 et
3056 3302 3211 3364 festis
3239 3305 3510 3360 intererat
3539 3324 3553 3359 :
3583 3317 3713 3361 atta-

2136 3405 2260 3446 men
2310 3391 2394 3446 hze
2446 3406 2534 3446 res
2588 3402 2721 3446 tunc
2766 3391 2916 3446 velut
2971 3393 3166 3448 umbra
3209 3409 3274 3449 ac
3310 3400 3712 3465 repraesentatio

2135 3483 2382 3552 quaedam
2417 3492 2592 3538 erant.
2621 3482 2733 3538 Nos
2763 3499 2911 3549 vero,
2949 3483 3133 3541 dilecti
3161 3487 3290 3558 mei,
3318 3488 3480 3556 pulsa
3509 3490 3711 3555 umbra,

2134 3578 2582 3644 consumptisque
2627 3575 2838 3643 ﬁguris,
2869 3575 3013 3628 haud
3058 3575 3172 3645 jam
3230 3580 3332 3632 hoc
3381 3577 3592 3635 festum
3623 3598 3712 3638 ceu

2136 3666 2482 3736 ﬁgurativum
2517 3672 2770 3734 reputare
2805 3666 3090 3730 debemus,
3122 3683 3226 3722 nec
3257 3670 3407 3724 velut.
3463 3673 3519 3725 in
3553 3682 3713 3727 terre-

2134 3760 2234 3814 stri
2260 3758 2560 3812 Jerusalem
2587 3757 2653 3810 ad
2678 3759 2932 3826 paschale
2955 3759 3125 3814 altare
3149 3765 3544 3830 conscendere,
3568 3767 3715 3835 juxta

2134 3845 2610 3900 indeterminatum
2666 3845 2980 3924 Judaeorum
3034 3850 3414 3919 pervigilium,
3472 3855 3715 3910 timentes

2135 3953 2223 4004 ne,
2270 3937 2588 3992 decurrcnte
2636 3946 2918 4008 tempore,
2969 3941 3248 3996 videamur
3292 3954 3455 4000 extra
3511 3957 3714 4018 tempus

2135 4029 2381 4098 operari;
2411 4028 2505 4084 sed
2555 4032 2868 4087 omittenda:
2899 4049 2928 4087 a
2971 4034 3130 4088 nobis
3179 4038 3366 4106 ﬁgurae
3411 4051 3565 4107 sunt,
3593 4057 3712 4111 apo-

2134 4120 2396 4174 stolorum
2440 4121 2709 4190 exemplo,
2741 4131 2796 4175 et
2829 4123 2961 4177 illud
3007 4125 3281 4180 canticum
3336 4143 3547 4184 novum
3593 4148 3715 4186 can-

2133 4213 2380 4270 tandum.
2416 4213 2592 4280 Quam
2636 4231 2751 4270 rem
2794 4231 2919 4270 cum
2972 4219 3133 4273 iidem
3185 4223 3420 4289 apostoli
3480 4223 3714 4279 futuram

2136 4307 2574 4376 praesensisseut,
2606 4321 2773 4376 seque
2803 4308 3021 4364 sodales
3048 4310 3292 4366 veritatis
3335 4311 3623 4378 fecissent,
3652 4317 3714 4369 ad

2140 4397 2474 4452 Salvatorem
2499 4404 2752 4453 nostrum
2790 4400 3111 4455 accedentes
3144 4401 3505 4460 dixerunt”:
3542 4427 3561 4457 ι
3593 4406 3714 4461 Ubi-

458 4488 729 4558 tiguravit,
762 4489 888 4558 quia
913 4487 1198 4542 Pharaone
1225 4488 1429 4558 pariter
1469 4487 1792 4557 interempto
1822 4490 2032 4544 subdu-
2063 4508 2112 4572 ο
2140 4504 2265 4542 nam
2295 4489 2378 4542 vis
2406 4486 2616 4542 Pascha
2653 4489 2748 4542 tibi
2785 4491 3080 4561 paremus?
3108 4511 3128 4544 ι
3164 4491 3376 4564 Quippe
3404 4511 3470 4551 ea
3501 4514 3589 4553 res
3613 4510 3714 4553 ter-

457 4592 576 4647 ctus
603 4579 706 4635 fuit
739 4581 985 4636 servituti
1013 4579 1262 4650 populus.
1301 4577 1405 4634 Sed
1440 4578 1547 4648 50
1571 4580 1716 4633 enim
1748 4581 1860 4635 hmo
1892 4597 2028 4636 non-

456 4671 562 4740 nisi
592 4670 884 4725 identidcm
911 4668 1038 4732 olim
1089 4669 1286 4722 ﬁebant
1323 4670 1591 4736 :quando
1635 4669 1842 4723 scilicet
1880 4672 2031 4740 noxii.

455 4763 652 4838 populo
684 4762 894 4832 tyranni
928 4760 1366 4824 destruebantur,
1402 4769 1529 4815 tunc
1583 4760 1720 4820 festa
1752 4778 1851 4832 pro
1888 4774 2028 4818 tem-

454 4871 585 4929 pore
605 4871 671 4909 ac
695 4853 1065 4909 solemnitates
1091 4852 1529 4928 celebrabantur.

524 4950 578 5004 3.
617 4945 773 5002 Nunc
803 4962 932 5002 vero
970 4954 1254 5016 postquam
1293 4946 1546 5000 inimicus
1594 4946 1832 5001 universi
1879 4947 2032 5006 orbis,

454 5052 717 5111 tyrannus
748 5039 1104 5108 interemptus
1137 5037 1257 5097 fuit.
1285 5051 1655 5106 nequaquam,
1677 5036 1861 5091 dilecti
1897 5039 2026 5102 mei,

456 5146 806 5202 temporaneo
851 5114 1000 5185 festo.
1041 5130 1402 5194 iutersmnus,
1450 5130 1543 5184 sed
1590 5140 1793 5184 aeterno
1840 5129 1916 5183 illi
1966 5146 2034 5184 ae

454 5227 659 5279 euelesti
682 5243 695 5284 ;
728 5224 874 5294 quod
902 5238 1004 5276 nos
1031 5221 1220 5293 ﬁguris
1252 5221 1398 5276 haud
1435 5223 1830 5290 portendimus,
1853 5221 1946 5276 sed
1971 5236 2032 5275 re

452 5335 582 5372 vera
623 5319 955 5387 peragimus.
984 5315 1138 5386 Tunc
1183 5316 1366 5370 carnis
1409 5314 1535 5383 agni
1571 5313 1905 5368 irrationalis
1931 5327 2028 5367 esu

454 5413 655 5466 festum
703 5411 846 5465 diem
899 5409 1267 5479 celebrabant,
1302 5407 1590 5476 unctisque
1641 5403 1786 5458 illius
1836 5417 2038 5460 cruore.

1069 5546 1112 5578 ¹⁶
1133 5543 1266 5600 Luc.
1289 5562 1341 5606 x,
1375 5543 1462 5597 19.
1537 5542 1578 5573 ιτ
1600 5541 1757 5598 Joan.
1794 5556 1904 5601 xw,
1937 5539 1989 5590 6.

527 5549 570 5580 ¹⁸
602 5544 768 5601 Exod.
799 5545 957 5610 xv,'l.

2070 5540 2122 5587 υ.
2151 5543 2294 5596 Psal.
2329 5558 2473 5607 xcvt,
2517 5547 2564 5598 l.

453 5617 508 5673 ε’..
582 5619 626 5648 ³⁸
666 5617 814 5672 Psal.
848 5609 1002 5680 svnt,
1041 5616 1096 5681 5.
1170 5617 1220 5665 ".
1255 5613 1360 5671 lsa.
1389 5631 1464 5677 xi,
1495 5612 1548 5666 9.
1623 5613 1667 5642 ’³
1710 5611 1836 5665 Luc.
1869 5626 2004 5673 xxu,
2038 5609 2089 5664 9.

2138 4592 2283 4632 renata
2307 4576 2608 4632 Jerusalem
2654 4581 2827 4648 gratia
2871 4579 2984 4649 jam
3029 4596 3139 4635 non
3171 4583 3356 4650 ﬁebat,
3390 4603 3571 4658 neque
3598 4588 3713 4644 festi

2137 4671 2246 4725 illic
2285 4671 2659 4726 tantummodo
2687 4673 2996 4728 celebrandi
3028 4676 3281 4732 voluntas
3306 4687 3448 4744 erat,
3479 4683 3576 4737 sed
3597 4683 3710 4736 ubi-

2133 4778 2348 4832 cunque
2401 4762 2509 4818 Deo
2557 4765 2842 4834 placeret:
2878 4767 2994 4836 ipse
3037 4778 3219 4824 autem
3272 4771 3482 4842 ubique
3512 4775 3564 4828 id
3602 4776 3710 4830 ﬁeri

2133 4855 2364 4917 volebat,
2395 4862 2558 4923 atque
2600 4856 2751 4910 omni
2804 4857 2926 4912 loco
2983 4859 3112 4913 thus
3161 4860 3265 4916 sibi
3295 4871 3348 4915 et
3380 4866 3707 4920 sacriﬁcium

2135 4942 2339 5002 olferri.
2368 4941 2510 4998 Olim
2552 4946 2794 5015 quidem,
2805 4955 2884 5044 put
2932 4947 3162 5004 historia
3211 4953 3396 5015 tradit,
3429 4954 3709 5010 Paschatis

2135 5033 2330 5090 festum
2355 5052 2624 5107 nusquam
2650 5033 2815 5093 extra"
2831 5038 3134 5096 Jerusalem
3157 5044 3460 5102 transferre
3482 5048 3705 5103 licebat:

2134 5127 2238 5199 52
2270 5130 2366 5184 sed
2407 5131 2554 5184 enim
2597 5141 2807 5202 postea,
2840 5136 3206 5205 temporaneis
3253 5138 3418 5198 rebus
3465 5141 3710 5209 dilapsis,

2131 5221 2430 5292 ﬁgurisque
2458 5223 2754 5288 conclusis,
2783 5226 2911 5294 quia
2946 5228 3257 5296 prmdieatio
3280 5229 3559 5300 Evangelii
3584 5247 3708 5302 qua-

2134 5327 2438 5381 quaversus
2463 5314 2738 5371 dilatanda
2771 5328 2912 5384 erat,
2937 5320 3165 5390 ideoque
3193 5323 3293 5377 hoc
3318 5324 3483 5377 etiam
3515 5324 3702 5378 festum

2135 5405 2286 5459 nullo
2317 5423 2425 5460 non
2457 5407 2578 5462 loco
2603 5424 2631 5462 a
2655 5409 2937 5480 discipulis
2959 5416 3397 5484 propagaudum;
3424 5426 3702 5486 propterea

2646 5546 2686 5576 ¹⁹
2725 5545 2870 5600 Psal.
2903 5565 3122 5613 cxxxvt,
3161 5553 3206 5607 l.
3287 5553 3329 5581 "
3372 5549 3515 5606 Psal-
3546 5564 3698 5614 LXIV:

461 5796 466 5801 .
527 5750 643 5834 με)
680 5749 1050 5814 Obsenemua
1076 5748 1163 5822 hic
1211 5758 1265 5810 et
1316 5753 1504 5835 postea
1548 5745 1831 5818 Athanasii
1873 5745 2242 5810 testimonium
2280 5744 2345 5803 de
2372 5753 2721 5811 sacrosancta
2747 5743 3110 5812 Eucharistia.
