3812 6224
125 275 267 334 1569
1560 285 1748 341 EPlS'!

1879 301 1895 340 t
1933 283 1998 344 ll.
3295 282 3432 339 15⁷0

131 399 218 452 tur
243 395 370 466 (55)
411 415 426 451 :
482 415 504 449 ι
531 397 794 454 Ablatum
823 407 908 457 est
949 401 1017 456 ab
1059 416 1157 458 ore
1185 418 1376 459 eorum
1402 407 1660 476 gaudium
1689 412 1744 462 et
1773 416 1818 466 Α
1847 404 2114 461 Dominus
2139 405 2215 459 ait
2253 403 2319 469 ε’,
2353 404 2480 475 agni
2530 403 2853 458 vestimenta
2907 401 3160 466 induunt,
3193 409 3246 457 et
3271 405 3428 473 quasi

125 489 506 546 exsultatio.»
543 491 705 547 Talia
741 506 870 548 sunt
910 494 1283 565 improborum
1327 475 1487 554 festa.
1516 500 1585 554 At
1617 516 1748 556 vero
1847 495 2096 549 dealitata
2130 495 2380 564 sepulcra
2408 493 2660 547 videntur
2693 509 2706 544 ε
2761 492 2814 546 lli
2874 475 3068 561 nempe
3111 491 3294 546 divina
3323 492 3434 563 36

125 580 272 635 servi
323 579 408 634 illi
466 581 580 650 qui
633 598 858 638 sensum
907 583 1125 640 Domini
1160 587 1492 660 intelligunt,
1543 591 1748 662 quique
1846 587 2006 640 etiam
2039 586 2200 641 verba
2255 601 2350 640 ore
2383 583 2634 649 eﬂ‘antur,
2681 595 2735 637 et
2787 583 3149 638 nihilominus
3205 599 3430 653 pravam

124 673 424 727 hominem
456 673 633 730 illum
679 691 806 732 vere
849 676 952 733 sibi
1011 677 1243 736 induunt
1308 689 1528 751 propter
1575 681 1745 738 Deum
1848 677 1995 731 intus
2019 676 2345 731 sententiam
2378 673 2584 728 fovent.
2614 672 2726 727 Hac
2747 675 2948 744 quippe
2982 673 3111 727 olim
3137 675 3352 728 ratione
3383 673 3432 728 is

124 773 411 824 creatum.
476 764 548 819 hi
617 766 781 822 verba
835 768 1148 839 evangelica
1210 770 1526 836 admittunt,
1579 791 1745 844 repu-
1846 767 1941 836 qui
2000 768 2214 836 primus
2276 766 2536 820 malitiam
2603 765 2833 830 invenit.
2870 778 3119 834 serpens,
3179 763 3428 832 inquam.

127 866 362 926 tantque
383 860 666 928 generale
715 876 836 916 esse
867 873 1218 934 praeceptum,
1269 867 1414 936 quod
1460 867 1747 924 Timotheo
1847 859 1954 924 ille,
1987 860 2162 914 hostis
2191 859 2300 922 ille,
2328 874 2452 913 cum
2490 857 2599 911 Eva
2630 856 2947 926 colloquens
2973 855 3349 911 simulatorem
3370 871 3430 910 se

124 949 210 1007 his
246 948 449 1006 verbis
488 952 761 1007 traditum
785 952 889 1008 l'uit
914 953 960 985 ⁵ο
991 972 1005 1008 :
1053 973 1073 1008 ι
1110 954 1430 1026 Exemplum
1452 968 1570 1014 esto
1614 959 1746 1014 lide-
1847 953 2036 1024 gessit,
2069 960 2230 1021 atque
2255 951 2328 1004 ita
2355 951 2528 1020 ipsam
2556 949 2788 1018 decepit.
2819 946 2950 1003 Post
2973 949 3140 1013 hunc,
3167 948 3278 1001 imo
3303 962 3428 1001 cum

122 1041 259 1097 lium
293 1041 354 1096 in
393 1043 608 1109 verbo,
661 1045 716 1099 in
760 1048 1195 1111 conversatione,
1230 1049 1287 1104 in
1346 1051 1632 1116 charitate,
1691 1053 1746 1106 in
1848 1045 1954 1100 hoc
1977 1045 2115 1114 ipso,
2155 1043 2338 1098 cuncti
2388 1043 2659 1097 haeresum
2701 1049 2898 1110 praeter
2955 1039 3039 1094 fas
3095 1041 3426 1102 inventores,

123 1133 253 1201 tide,
284 1133 346 1189 in
386 1137 718 1192 castitate.»
755 1136 848 1194 Sic
869 1139 1121 1196 videlicet
1146 1139 1342 1196 festum
1366 1142 1504 1197 bene
1543 1154 1742 1214 agunt;
1847 1137 2001 1191 lectis
2031 1136 2204 1200 libris,
2257 1150 2366 1189 non
2409 1145 2590 1188 tamen
2619 1141 2783 1202 prout
2827 1134 3000 1185 sancti
3060 1131 3428 1191 tradiderunt.

125 1227 198 1281 ita
232 1235 298 1281 ut
319 1226 553 1282 ethnici
578 1244 798 1298 quoque
836 1238 1045 1284 rectum
1091 1231 1308 1286 illorum
1345 1234 1593 1291 ordinem
1624 1251 1747 1305 spe-
1847 1229 2181 1298 opinantur;
2211 1227 2312 1282 sed
2340 1242 2434 1281 eos
2456 1226 2758 1282 secundum
2785 1224 3068 1278 hominum
3107 1224 3428 1278 traditiones

124 1326 367 1384 ctantes,
397 1319 621 1374 dicturi
661 1321 803 1376 sint:
833 1318 972 1375 Vere
1001 1320 1145 1377 Deus
1171 1338 1296 1378 cum
1319 1324 1453 1394 ipsis
1485 1334 1589 1380 est.
1630 1325 1748 1381 Sic-
1848 1320 2226 1389 intelligentes,
2271 1333 2459 1373 errore
2514 1317 2797 1378 labuntur,
2858 1315 2988 1384 quia
3039 1314 3148 1368 vim
3207 1315 3426 1368 illorum

125 1419 186 1464 ut
234 1421 434 1466 autem
487 1412 593 1482 qui
622 1413 852 1468 missum
879 1412 1110 1483 recipit,
1160 1415 1464 1470 mittentem
1515 1418 1745 1487 recipit;
1848 1414 2120 1483 ignorant.
2148 1410 2340 1464 Merito
2365 1411 2522 1480 igitur
2571 1409 2832 1462 laudabat
2868 1409 3062 1462 beatus
3090 1406 3296 1461 Paulus
3325 1406 3428 1460 Co-

127 1505 200 1560 ita
233 1515 587 1562 sanctorum
627 1507 870 1563 imitator
914 1507 1130 1564 Domini
1180 1520 1367 1565 notam
1420 1513 1746 1582 impressam

1879 1504 2104 1566 inthios,
2139 1502 2230 1572 qui
2256 1502 2558 1556 secundum
2605 1500 2777 1568 ipsius
2810 1499 3159 1553 traditionem
3213 1505 3430 1552 senten-

129 1599 319 1654 habet.
350 1597 516 1654 Idem
549 1599 774 1667 Paulus,
824 1603 955 1673 quia
1003 1603 1294 1658 imitationi
1331 1606 1605 1670 studebat,
1657 1607 1748 1662 ad-

1879 1597 1984 1651 iam
2007 1595 2282 1649 tenebant.
2315 1593 2582 1647 Dominus
2633 1592 2763 1645 item
2803 1591 3010 1660 justius
3041 1589 3223 1644 adhuc
3245 1604 3432 1658 repre~

132 1689 214 1745 dit
244 1691 452 1748 dicens
479 1693 529 1725 ⁵³
563 1711 578 1748 :
638 1713 658 1746 ‹
692 1694 835 1749 sicut
884 1701 941 1750 et
997 1709 1100 1764 ego
1127 1695 1352 1750 Christi.
1387 1715 1406 1748 »
1456 1695 1560 1751 Sed
1621 1706 1745 1750 ante

1879 1686 2122 1742 tendebat
2177 1683 2398 1739 Iudaeos
2432 1683 2504 1738 ita
2535 1685 2578 1714 σι
2613 1701 2626 1736 :
2665 1700 2685 1734 ε
2719 1682 2901 1748 Quare
2949 1696 3048 1735 vos
3099 1679 3433 1748 transgredi«

131 1782 372 1838 Paulum
400 1785 588 1840 verba
621 1785 792 1841 nostri
841 1784 1142 1842 Salvatoris
1174 1788 1493 1852 exstabant,
1535 1789 1628 1858 qui
1677 1805 1744 1843 ex
1776 1748 1818 1808 Β
1848 1779 1982 1832 mini
2042 1777 2296 1831 mandata
2326 1775 2420 1830 Dei
2478 1786 2700 1846 propter
2756 1786 2968 1829 vestras
3013 1771 3375 1827 traditiones?
3406 1791 3424 1824 ι

133 1875 378 1944 proprias
426 1875 743 1932 divinitatis
777 1877 1116 1932 sublimitate
1174 1878 1477 1948 discipulos
1505 1895 1634 1934 suos
1663 1881 1746 1934 al»
1847 1869 2059 1925 Etenim
2085 1869 2140 1922 lii
2167 1876 2389 1938 accepta
2419 1883 2450 1922 a
2487 1867 2597 1922 Deo
2650 1867 2906 1922 mandata
2971 1865 3276 1926 mutabant,
3308 1877 3435 1932 pro-

137 1967 372 2036 loquens
405 1969 457 2000 ³³
496 1987 510 2022 :
563 1988 583 2020 ι
625 1969 847 2039 Discite,
881 1970 1078 2040 inquit,
1109 1986 1141 2025 a
1179 1986 1267 2024 me
1293 1972 1418 2040 quia
1452 1972 1597 2026 mitis
1624 1989 1746 2027 sum
1847 1961 2023 2032 prium
2054 1975 2278 2015 sensum
2311 1967 2627 2029 sequentes,
2649 1969 2812 2029 atque
2838 1958 2904 2011 ad
2935 1955 3220 2010 hominum
3248 1955 3433 2024 potius

136 2070 190 2112 et
219 2061 460 2116 humilis
487 2063 679 2126 corde,
743 2073 799 2119 et
848 2064 1136 2120 invenietis
1183 2066 1427 2133 requiem
1460 2066 1747 2121 animabus
1847 2053 2167 2109 "adiliones
2200 2051 2655 2116 accede'|105;0b
2696 2067 2835 2120 quas
2876 2048 3084 2104 calatis
3123 2048 3284 2117 Ρθυιο
3309 2056 3434 2116 P05"-

140 2151 404 2211 vcstrjs.»
440 2151 544 2209 Sic
567 2155 732 2208 etiam
759 2170 886 2209 cum
941 2155 996 2208 in
1028 2155 1225 2225 pelvim
1260 2172 1458 2225 aquam
1498 2157 1745 2221 immisit,
1848 2144 2064 2200 molesti
2114 2143 2357 2200 fuerunt.
2423 2143 2593 2212 Cujus
2636 2144 2711 2198 rei
2760 2158 2929 2196 causa
2995 2142 3189 2195 beatus
3230 2139 3432 2193 Paulus

140 2258 313 2311 seque
369 2244 556 2300 linteo
610 2247 918 2316 praecinxit,
972 2249 1246 2318 pedesque
1284 2249 1416 2304 lavit
1451 2249 1748 2319 discipulo-

1879 2233 2017 2286 nissa
2054 2231 2121 2286 ad
2164 2231 2264 2285 hos
2297 2230 2539 2300 Epistola
2587 2230 2667 2284 sic
2699 2230 2976 2284 scribebat
3008 2229 3052 2260 θ’
3087 2247 3100 2282 :
3143 2248 3160 2279 ‹
3205 2226 3263 2282 Si
3309 2228 3434 2298 quis

143 2351 288 2400 Tum.
339 2336 493 2390 dixit
535 2337 738 2393 eis":
804 2359 822 2390 ‹
864 2338 1068 2395 Scitote
1116 2341 1246 2412 quid
1301 2340 1520 2396 fecerim
1568 2342 1744 2397 vobis,
1847 2331 2002 2386 vobis
2031 2329 2458 2394 annuntiaverit,
2511 2337 2704 2399 praeter
2755 2326 2809 2380 id
2873 2325 3022 2396 quod
3077 2323 3433 2378 aununtiavi-

146 2422 255 2478 Vos
284 2441 378 2480 me
405 2428 649 2490 vocatis,
672 2427 929 2499 Magister
949 2438 1002 2484 et
1024 2429 1251 2484 Domine
1275 2447 1288 2494 ;
1316 2431 1522 2485 etbene
1543 2431 1744 2496 dicitis,
1849 2441 1992 2486 mus,
2029 2423 2319 2477 anathema
2343 2421 2433 2476 Sil-

149 2530 268 2570 sum
303 2519 547 2573 etenim.
586 2517 643 2574 Si
676 2535 805 2591 ergo
835 2536 935 2592 ego
959 2521 1221 2578 Dominus
1266 2532 1319 2577 et
1363 2523 1618 2593 Magister
1643 2525 1747 2578 lavi

149 2606 314 2672 pedes
336 2619 590 2672 vestros.
619 2619 674 2665 et
697 2626 798 2667 vos
831 2612 1041 2668 debetis
1104 2613 1243 2668 alter
1287 2615 1512 2670 alterius
1563 2615 1748 2670 lavare

149 2700 353 2768 pedes:
389 2703 711 2772 exemplum
739 2704 885 2759 enim
922 2704 1047 2761 dedi
1075 2706 1256 2771 vobis,
1301 2716 1358 2760 ut
1385 2707 1747 2778 quemadmo—

148 2792 277 2850 dum
307 2809 415 2863 ego
444 2793 576 2858 feci,
608 2795 682 2849 ita
715 2804 770 2850 et
793 2809 892 2850 vos
918 2795 1184 2852 faciatis.»

221 2885 330 2955 35
359 2887 416 2941 5.
450 2885 498 2942 0
550 2896 889 2957 quantopere
944 2888 1206 2942 admirari
1259 2888 1604 2954 deberemus,
1638 2888 1748 2944 fra-

153 2984 264 3031 tres
289 2979 422 3042 mei,
458 2979 763 3037 Salvatoris
816 2979 990 3034 nostri
1040 2995 1169 3050 erga
1215 2981 1468 3037 homines
1511 2982 1749 3037 cbarita-

1923 2536 1974 2590 7.
2011 2533 2167 2587 Nulla
2209 2541 2293 2587 est
2344 2529 2658 2585 communio
2718 2526 2860 2582 inter
2902 2533 3219 2581 sanctorum
3269 2521 3432 2576 verba

1847 2637 1902 2682 et
1931 2627 2296 2679 humanorum
2335 2623 2687 2676 inventorum
2741 2617 3063 2688 phantasias
3092 2635 3104 2670 :
3151 2630 3276 2668 nam
3307 2629 3432 2667 cum

1849 2719 1952 2774 viri
1985 2716 2158 2773 sancti
2190 2714 2436 2770 veritatis
2471 2711 2711 2767 ministri
2738 2711 2872 2774 sint,
2906 2709 3170 2764 caelorum
3205 2722 3433 2777 regnum

1849 2812 2176 2870 annuntiant
2207 2826 2222 2874 ;
2258 2823 2420 2863 secus
2449 2807 2548 2872 illi,
2574 2805 2668 2875 qui
2704 2805 2760 2858 in
2791 2813 2942 2874 parte
2977 2799 3254 2857 contraria
3284 2807 3432 2859 sunt,

1849 2904 1987 2960 nihil
2022 2903 2130 2957 nisi
2164 2901 2354 2971 epulas
2395 2899 2668 2968 cogitant;
2693 2905 2748 2950 et
2795 2894 2954 2963 quasi
2982 2893 3097 2964 jam
3129 2892 3264 2946 nihil
3303 2893 3434 2954 sint,

1849 2991 2004 3047 aiunt
2033 2989 2078 3020 ⁸³
2121 3006 2137 3044 :
2181 3007 2218 3060 λι
2259 2986 2625 3042 Comedamus
2670 2993 2726 3039 et
2781 2983 3056 3046 bibamus,
3107 2997 3232 3037 cras
3290 2980 3435 3035 enim

155 3069 298 3126 tem!
330 3079 659 3140 quantaque
689 3071 764 3137 vi,
795 3071 1054 3140 qualique
1091 3073 1217 3128 tuba
1238 3073 1748 3144 exclamare,atque

1879 3083 2208 3136 noriemur.»
2270 3077 2480 3133 Idcirco
2512 3078 2705 3132 beatus
2726 3075 2908 3130 Lucas
2946 3075 3232 3129 hominum.
3281 3073 3437 3126 adin~

157 3158 271 3214 haec
312 3161 440 3229 ejus
492 3163 758 3218 beneficia
795 3164 1070 3218 exaltare!
1121 3163 1241 3220 Non
1289 3165 1468 3220 solum
1518 3164 1584 3219 ad
1632 3167 1752 3236 ejus

158 3249 454 3320 imaginem
478 3254 610 3309 facti
643 3271 856 3318 sumus,
882 3257 974 3310 sed
1007 3257 1076 3310 ab
1103 3256 1291 3311 eodem
1321 3257 1549 3311 formam
1573 3273 1754 3313 exem-

158 3343 417 3416 plumque
439 3349 682 3403 caelestis
707 3349 833 3402 vitae
858 3350 1160 3418 accipimus
1206 3367 1219 3402 :
1280 3349 1443 3419 idque
1489 3348 1751 3406 debemus

161 3433 391 3503 discere,
433 3439 528 3492 cui
555 3439 669 3508 ipse
697 3438 858 3494 factis
883 3441 1116 3509 praaivit.
1176 3439 1356 3506 Quare
1391 3456 1516 3494 cum
1545 3440 1752 3510 aliquid

161 3527 424 3596 patimur,
486 3530 637 3584 haud
689 3540 771 3586 est
801 3532 1337 3596 excandescendum,
1387 3547 1566 3602 neque
1622 3533 1755 3587 ulci.

166 3620 375 3676 scenda:
428 3623 668 3693 injuriae.
712 3623 806 3678 sed
836 3622 1267 3678 benedicendum
1302 3632 1387 3678 est
1417 3624 1752 3679 maledicen-

168 3710 330 3779 tihus,
386 3723 557 3784 atque
620 3715 806 3772 omnia
861 3714 973 3770 Deo
1021 3716 1169 3786 juste
1215 3715 1482 3786 judicanti
1529 3719 1753 3786 permit-

168 3804 327 3860 tenda
363 3807 440 3860 “.
465 3806 571 3872 Qui
594 3807 667 3860 ita
696 3821 756 3861 se
793 3815 1009 3876 gerunt,
1061 3821 1230 3875 seque
1260 3805 1556 3876 Evangelio
1614 3822 1750 3867 con-

169 3894 426 3966 formant,
455 3900 753 3970 participes
787 3899 991 3956 Christi
1049 3910 1230 3968 erunt,
1270 3910 1326 3955 et
1373 3901 1748 3971 exemplorum

167 3993 398 4056 apostoli
441 3992 769 4055 imitatores,
797 4005 958 4061 aquo
1016 3991 1195 4048 laudis
1237 3993 1523 4062 praemium
1566 4008 1750 4048 conse.

169 4091 425 4148 queritur,
455 4093 620 4152 prout
646 4082 763 4152 ipse
803 4081 1124 4137 Corinthios
1155 4082 1415 4138 laudabat
1438 4083 1628 4138 dicens
1653 4085 1700 4116 ⁸³
1733 4102 1745 4138 :

176 4189 192 4220 ι
221 4169 408 4228 Laudo
430 4190 552 4239 vos,
586 4175 731 4242 quod
758 4189 854 4244 per
886 4176 1072 4229 omnia
1097 4176 1202 4230 mei
1229 4189 1502 4230 memores
1539 4176 1688 4231 estis.
1725 4195 1743 4226 »

173 4259 373 4320 Deinde
395 4268 523 4338 quia
557 4268 808 4324 nonnulli
833 4269 1015 4323 verbis
1046 4269 1167 4338 ejus
1212 4269 1602 4335 abutebantur,
1647 4269 1749 4322 ho-

173 4367 288 4407 rum
311 4372 538 4414 sensum
573 4359 640 4413 ad
672 4375 772 4414 sua
803 4359 1074 4414 desideria
1103 4360 1407 4424 trahentes,
1448 4361 1748 4416 audebant.

1857 3173 2139 3228 ventiones
2180 3170 2474 3239 improbat,
2533 3178 2588 3223 et
2634 3177 2948 3222 sanctorum
3003 3165 3187 3231 potius
3247 3163 3434 3224 tradit.

1857 3266 1986 3320 dum
2035 3265 2195 3318 initio
2253 3260 2530 3330 Evangelii
2587 3259 2659 3313 ita
2709 3257 2902 3313 scribit
2960 3257 3054 3310 διε
3105 3275 3123 3306 ι
3165 3255 3437 3320 Quoniam

1857 3355 2016 3409 multi
2049 3354 2156 3424 37
2185 3352 2307 3408 ausi
2339 3360 2468 3408 sunt
2500 3351 2612 3420 (56)
2645 3348 3023 3403 narrationem
3061 3346 3298 3402 scribere
3347 3360 3437 3400 re-

1855 3462 1978 3501 rum
2008 3460 2146 3514 quas
2204 3458 2304 3497 nos
2359 3441 2537 3498 edocti
2571 3438 2780 3494 fuimus
2835 3438 2975 3509 ('57),
3009 3437 3152 3492 sicut
3184 3437 3222 3490 ii
3278 3436 3438 3490 nobis

1855 3539 2224 3600 tradiderunt,
2291 3536 2385 3612 qui
2444 3533 2512 3588 ab
2573 3533 2731 3587 initio
2779 3531 3054 3594 viderunt,
3109 3538 3163 3584 et
3200 3530 3437 3587 ministri

1855 3631 2078 3686 fuerunt
2106 3629 2379 3685 sermonis
2409 3645 2423 3693 ;
2455 3627 2636 3700 visum
2663 3633 2747 3681 est
2776 3635 2830 3678 et
2854 3623 3009 3687 mihi,
3039 3630 3292 3676 assecuto
3318 3637 3439 3675 om-

1854 3724 1942 3778 nia
1971 3738 2001 3776 a
2030 3721 2321 3791 principio,
2352 3719 2642 3787 diligenter
2676 3732 2745 3770 ex
2783 3715 2975 3771 ordine
3025 3714 3122 3768 tibi
3174 3713 3435 3780 scribere,

1855 3814 2088 3869 illustris
2126 3811 2446 3881 Theophile,
2482 3817 2544 3864 ut
2571 3824 2870 3880 cognoscas
2899 3821 3091 3861 eorum
3120 3806 3434 3867 verborum,

1851 3908 1918 3962 de
1949 3904 2150 3976 quibus
2177 3903 2426 3958 eruditus
2451 3916 2531 3965 es,
2549 3901 2888 3955 veritatem.»
2921 3898 3058 3954 Nam
3086 3896 3230 3968 quod
3261 3913 3436 3951 unus.

1852 3998 2088 4069 quisque
2128 4004 2442 4052 sanctorum
2481 3993 2710 4062 accepit,
2738 3992 2789 4047 id
2816 3992 2997 4062 ipsum
3022 3988 3438 4044 immutabiliter

1855 4088 2040 4150 tradit,
2063 4094 2287 4157 propter
2319 4084 2582 4140 doctrinae
2611 4083 2758 4138 circa
2793 4081 3055 4153 mysteria
3083 4079 3436 4135 soliditatem.

1855 4178 2056 4232 [lorum
2095 4176 2318 4232 mandat
2343 4176 2569 4231 verbum
2592 4174 2773 4245 (sacra
2800 4173 3105 4244 Scriptura)
3148 4180 3207 4226 ut
3266 4171 3442 4226 simus

1851 4270 2126 4340 discipuli,
2159 4269 2369 4338 hosque
2401 4268 2558 4322 decet
2621 4268 2783 4321 nobis
2841 4282 2965 4322 esse
3005 4267 3322 4336 magistros,
3373 4265 3439 4320 ad

1853 4364 1957 4418 hos
1983 4361 2360 4417 tantummodo
2396 4377 2496 4418 nos
2526 4360 2786 4416 accedere
2844 4368 3082 4430 oportet,
3119 4359 3249 4430 quia
3305 4356 3444 4416 solis

175 4459 275 4514 que
295 4465 357 4504 ea
386 4452 701 4519 immutare,
763 4453 925 4508 sicuti
982 4453 1036 4507 in
1097 4453 1376 4525 Hymenmi
1420 4462 1584 4524 atque
1626 4455 1748 4510 Ale-
1787 4442 1992 4524 Dipsis
2023 4452 2398 4509 concreditum
2454 4453 2682 4508 verbum
2740 4451 2874 4516 fuit,
2916 4451 3165 4516 verbum,
3193 4452 3442 4520 inquam,

176 4538 360 4594 xandri
394 4543 613 4614 negotio
669 4545 896 4616 contigit
925 4546 994 4609 ⁸⁸,
1028 4553 1084 4600 et
1114 4554 1239 4599 ante
1290 4545 1392 4600 hos
1435 4561 1559 4600 cum
1612 4543 1752 4600 Sad-

179 4627 373 4688 ducais
391 4635 461 4699 ⁸⁷,
515 4635 611 4704 qui
635 4644 696 4691 ut
720 4637 836 4708 ipse
859 4638 958 4705 ait,
977 4637 1322 4708 naufragium
1351 4639 1477 4694 lidei
1516 4640 1666 4709 passi
1685 4640 1752 4708 ⁵⁸,

182 4727 593 4783 resurrectionis
663 4731 989 4800 mysterium
1053 4729 1413 4796 deridebant,
1467 4741 1755 4802 propterea

183 4811 354 4866 statim
379 4816 622 4872 subdidit
645 4817 690 4850 ⁸⁸
729 4837 743 4873 :
807 4837 826 4871 ι
865 4819 933 4874 Ει
965 4821 1107 4875 sicut
1142 4821 1341 4876 tradidi
1381 4821 1557 4887 vobis,
1592 4823 1758 4876 tradi~

185 4900 350 4961 tiones
373 4924 524 4964 meas
553 4912 806 4968 tenetis.»
858 4911 1017 4980 Quod
1053 4931 1247 4984 reapse
1280 4925 1566 4986 propterea
1596 4916 1754 4981 dixit,

186 5004 248 5047 ne
275 4997 426 5055 aliter
447 5005 736 5074 opinemur
755 5021 918 5076 quam
943 5007 1136 5063 doetor
1171 5009 1408 5063 tradidit.

252 5085 302 5140 6.
358 5092 706 5152 Multifariam
739 5099 1002 5154 simulant
1056 5099 1312 5170 improbi,
1355 5100 1448 5171 qui
1507 5099 1633 5163 sibi,
1692 5108 1751 5153 ut

280 5295 324 5367 “_’
358 5295 374 5346 Ι
407 5297 546 5351 Tim.
571 5317 642 5363 IV,
677 5301 763 5356 1‘2.
863 5303 904 5334 ⁵¹
938 5301 1103 5356 lCor.
1135 5319 1206 5367 Iv,
1239 5302 1323 5357 16.

192 5371 264 5434 ξξ,
299 5365 349 5420 2.
447 5369 539 5422 ⁵⁸1
587 5369 729 5427 Tim.
757 5389 795 5434 1,
828 5372 917 5425 20,

193 5429 272 5481 “27.
345 5439 386 5475 ⁶¹
423 5438 613 5497 Matth.
641 5458 730 5507 xv,
756 5429 809 5497 δ’.
887 5445 931 5475 ⁸³
961 5444 1134 5499 Galat.
1172 5460 1210 5509 ι,
1235 5445 1289 5499 9.

263 5592 368 5669 (35)
399 5596 598 5653 Confer
627 5597 821 5654 lsaiam
851 5617 962 5665 xvi,
997 5601 1081 5668 10,
1108 5600 1400 5660 Jeremiam
1441 5618 1631 5666 vam,
1651 5604 1738 5669 '55,

198 5657 484 5722 Bai'uchum
522 5686 580 5733 ιι,
604 5670 694 5724 2E.

263 5732 366 5789 l56\
401 5738 474 5792 Ex
500 5741 774 5812 polysemo
802 5742 1112 5813 ὲπιχειρέλω,
1142 5744 1419 5814 aggredior
1443 5744 1536 5818 vel
1581 5761 1739 5800 autut

1406 5303 1449 5335 BI
1485 5305 1544 5335 ll.

999 5305 1103 5356 Sor.
1135 5319 1206 5367 Iv,
1239 5305 1323 5357 16.
1406 5305 1449 5335 ⁸³
1481 5305 1668 5360 Matth.
1701 5321 1778 5366 xl,
1803 5307 1896 5363 ‘29.
1974 5307 2019 5338 ⁸³
2046 5305 2201 5360 .loan.
2239 5323 2356 5363 xm.
2378 5306 2568 5360 1245.

999 5374 1043 5404 ⁵⁷
1078 5372 1266 5428 Matth.
1302 5389 1437 5436 xx",
1468 5376 1560 5430 25.
1635 5376 1724 5428 ⁸⁸1
1759 5375 1901 5431 Tim.
1933 5394 1970 5439 ι,
2025 5378 2108 5432 19.
2189 5379 2233 5409 ⁸³
2267 5377 2284 5430 l
2313 5380 2440 5432 Cor.
2472 5394 2546 5443 χι,
2586 5377 2640 5430 ‘2.

999 5444 1134 5499 ralat.
1172 5460 1210 5502 ι.
1235 5445 1289 5499 9.
1389 5445 1434 5476 ⁸³
1470 5447 1570 5500 lsa.
1604 5463 1740 5502 xxn.
1772 5449 1860 5502 l3.
1937 5450 1980 5479 ⁵³
2008 5447 2139 5502 Luc.
2179 5465 2229 5502 ι.
2270 5445 2389 5502 1-4.

1491 5462 1570 5500 sa.
1604 5463 1740 5510 xxn,
1772 5462 1860 5502 1.).

1856 4546 2006 4600 omni
2071 4545 2233 4600 laude
2282 4545 2613 4600 ornandum.
2677 4543 2744 4596 lli
2808 4551 2939 4598 sunt
3008 4541 3283 4612 discipuli,
3329 4554 3441 4600 non

1857 4639 1987 4708 quia
2018 4638 2089 4692 ab
2127 4637 2251 4692 aliis
2283 4637 2613 4702 audiverim,
2651 4636 2745 4692 sed
2780 4637 2910 4705 quia
2963 4650 3088 4691 cum
3139 4634 3242 4704 ipsi
3293 4633 3444 4688 vide-~

1862 4732 1975 4785 rint
2026 4729 2376 4800 ministrique
2428 4729 2698 4785 sermonis
2750 4727 2976 4793 fuerint,
3015 4743 3102 4782 res
3163 4725 3446 4789 aChristo

1858 4823 2075 4878 auditas
2115 4822 2479 4877 tradiderunt.
2522 4821 2589 4876 Hi
2641 4837 2838 4892 magna
2878 4829 3240 4875 narraverunt
3273 4819 3440 4873 mira-

1859 4917 1981 4971 cula
2011 4932 2042 4970 a
2076 4914 2359 4971 Salvatore
2383 4924 2574 4970 nostro
2605 4923 2838 4985 patrata,
2869 4923 3128 4969 aeternam
3154 4912 3276 4981 ejus
3298 4910 3437 4965 divi-

1856 5006 2080 5062 nitatem
2105 5007 2592 5070 annuntiaverunt,
2619 5006 2893 5061 carnalem
2923 5003 3162 5072 ejusdem
3213 5003 3280 5057 de
3315 5002 3437 5056 Vir-

1853 5099 1976 5171 gine
2017 5099 2354 5154 nativitatem
2387 5099 2833 5169 descripserunt,
2866 5108 2916 5153 et
2947 5097 3119 5151 sancti
3157 5093 3445 5156 Paschatis

1974 5307 2019 5338 ⁸³
2046 5305 2201 5360 .loan.
2239 5306 2568 5363 mute-t5.
2650 5307 2695 5336 “
2719 5303 2755 5357 l.
2780 5303 2918 5356 Petr.
2941 5320 3000 5368 ιι,
3029 5302 3120 5355 2⁷5.
3194 5297 3274 5352 ⁵⁵1
3307 5297 3435 5354 Cor.

2721 5377 2764 5407 6°
2796 5373 2982 5428 Matth.
3021 5390 3114 5439 vn,
3152 5371 3251 5439 15;
3278 5385 3438 5436 unt,

1937 5450 1980 5479 ⁵⁵
2008 5447 2139 5502 Luc.
2179 5465 2229 5511 ι,
2270 5445 2389 5502 1-4.

1848 5621 1982 5658 sum.

1922 5675 2046 5758 (57)_
2071 5674 2146 5758 Ex
2174 5674 2778 5758 ξτεπῇηροφορημὲνωγ,
2815 5681 2874 5726 ut
2903 5683 2983 5730 cst
3007 5672 3060 5728 in
3094 5670 3186 5727 Gr.
3214 5668 3282 5725 At
3317 5664 3444 5734 vui“

1848 5757 2004 5816 gatus
2027 5746 2147 5803 Lat.
2174 5746 2382 5818 legebat
2408 5746 2583 5819 πεπλη
2595 5747 2870 5819 ρωμένων.
