3812 6224
442 332 578 391 εισι

437 452 841 511 wlemnitatem
892 454 1259 524 praedicarunt
1317 459 1559 514 dicentes
1600 460 1692 513 “:

435 553 688 599 nostrum
724 546 1037 601 immolatus
1066 557 1149 601 est
1178 548 1427 607 Christus
1460 571 1472 604 ;
1508 571 1527 603 ι
1555 568 1747 622 nempe
1792 563 1851 608 ut
1908 570 2007 609 nos

434 636 662 707 singuli,
691 637 801 691 imo
834 648 893 693 et
929 638 1090 693 simul
1124 642 1383 707 universi,
1416 651 1470 697 et
1494 654 1702 699 cuncta:
1727 645 1877 700 orbis
1906 644 2009 700 Ec-

436 732 638 798 clesiae,
683 748 953 790 memores
987 734 1152 790 simul
1196 736 1460 807 scriptum
1499 754 1621 793 esse
1670 739 1737 793 de
1768 739 2005 802 Christo,

437 825 587 892 quod
616 840 647 879 a
681 826 913 883 mortuis
970 829 1307 895 surrexerit,
1354 830 1612 900 quodque
1669 831 1737 886 de
1787 830 2008 887 Davidis

438 914 604 984 stirpe
626 914 807 981 fuerit,
834 925 893 972 ut
912 927 997 973 est
1040 919 1096 973 in
1130 918 1442 989 Evangelio,
1485 937 1831 991 nequaquam
1871 921 2011 977 obli-

436 1006 734 1073 viscamur,
774 1008 920 1078 quod
951 1008 1155 1066 Paulus
1202 1010 1501 1068 Corinthiis
1560 1013 1873 1084 signiﬁcans
1899 1024 2008 1068 tra-

436 1095 575 1153 didit
602 1098 666 1163 ⁸⁸,
696 1101 1153 1155 resurrectionem
1202 1100 1343 1171 ejus,
1384 1101 1630 1171 inquam,
1658 1119 1766 1172 qua
1793 1103 2009 1157 destru-

437 1187 518 1241 xit
555 1184 708 1242 illum
743 1190 837 1259 qui
859 1189 1094 1245 habebat
1127 1191 1318 1246 mortis
1351 1192 1637 1261 imperium
1663 1192 1794 1263 38,
1820 1193 2008 1247 adver-

437 1282 647 1337 sarium
687 1282 894 1336 scilicet
944 1282 1035 1354 ‘7,
1063 1281 1299 1352 fecitque
1345 1298 1535 1337 omnes
1586 1297 1685 1338 nos
1711 1299 1895 1338 secum
1923 1297 2010 1337 re-

436 1386 684 1443 surgere,
716 1373 908 1428 mortis
934 1373 1165 1429 vinculis
1204 1374 1461 1429 resolutis
1488 1417 1503 1440 ,
1544 1373 1879 1443 contulitque
1911 1388 2009 1428 no-

434 1463 524 1523 bis
546 1463 976 1520 benedictionem
1024 1480 1125 1534 pro
1176 1465 1575 1529 maledictione,
1610 1464 1865 1533 gaudium
1908 1480 2008 1535 pro

438 1555 690 1623 tristitia,
749 1571 847 1626 pro
902 1570 1141 1611 mmrore
1219 1556 1586 1611 festivitatem.
1648 1554 1763 1611 liae
1821 1567 2006 1612 sancta

434 1646 721 1704 Paschalis
787 1648 1172 1713 exsultatione,
1231 1665 1395 1718 quam
1448 1665 1664 1718 semper
1717 1650 1916 1705 nostris
1950 1650 2005 1704 in

435 1740 699 1796 cordibus
725 1741 1043 1805 retinemus,
1097 1742 1245 1795 omni
1291 1750 1531 1811 tempore
1566 1741 1674 1796 laeti
1704 1743 1909 1798 erimus
1935 1740 2003 1810 “,

437 1838 501 1883 ut
532 1828 942 1899 Paulusjubet:
980 1832 1099 1886 sine
1131 1831 1537 1886 intermissione
1585 1840 1824 1896 orantes,
1857 1842 1913 1888 et
1939 1833 2005 1888 de
2035 1814 2078 1869 Β

436 1922 695 1976 omnibus
739 1923 943 1992 gratias
976 1931 1200 1992 agentes
1234 1921 1301 1986 ",
1338 1938 1403 1977 ac
1437 1939 1504 1977 nc
1537 1924 1853 1979 omittemus
1884 1925 2008 1994 qui-

434 2012 558 2068 dem
606 2021 819 2082 tempus
849 2013 1094 2081 ejusdem
1130 2012 1473 2077 denuntiare,
1511 2014 1653 2068 sicnt
1683 2029 1711 2067 a
1760 2016 2005 2085 patribus

434 2102 694 2156 traditum
761 2103 1094 2173 accepimus.
1145 2103 1242 2160 His
1287 2106 1746 2175 superaddimus:
1792 2123 2001 2177 nempe,

433 2198 495 2246 ut
528 2192 841 2261 apostolicis
868 2194 1207 2250 attendentes
1253 2197 1672 2263 traditionibus,
1719 2200 1891 2255 simus
1919 2201 2005 2254 in-

432 2282 607 2336 vicem
650 2298 921 2339 memores
975 2284 1029 2338 in
1070 2301 1290 2355 precum
1346 2292 1739 2345 conventibus:
1778 2300 1830 2346 et
1879 2308 2002 2346 cum

434 2373 602 2428 simul
636 2388 826 2430 omnes
862 2375 1057 2432 festum
1082 2378 1503 2446 celebrabimus,
1546 2381 1772 2438 Domino
1799 2386 2002 2454 gratias

432 2480 544 2519 uno
574 2481 667 2520 ore
698 2482 914 2536 semper
941 2483 1186 2539 agamus.
1246 2471 1339 2526 Sic
1398 2472 1517 2541 ejus
1557 2475 1728 2544 gratia
1759 2484 1999 2545 accepta,

431 2567 652 2613 sanctos
704 2557 990 2624 imitando,
1038 2561 1092 2614 in
1150 2559 1380 2616 Domino
1430 2563 1772 2620 laudabimur
1822 2566 2004 2635 quoti-

431 2649 520 2705 die
551 2649 684 2721 (38),
730 2660 788 2706 ut
821 2653 897 2706 ait
947 2652 1239 2707 Psalmista
1271 2655 1365 2707 "z
1414 2655 1704 2721 nimirum,
1756 2658 1800 2712 si
1842 2667 2001 2726 prout

429 2739 605 2804 decet,
645 2742 1045 2797 solemnitatem
1090 2746 1471 2814 exegerimus,
1525 2745 1734 2800 caelesti
1802 2747 1999 2817 gaudio

428 2828 579 2898 digni
607 2830 832 2886 erimus.

500 2919 556 2973 8.
604 2919 765 2974 Nunc
825 2934 1047 2990 quoque
1077 2922 1552 2993 quadragesimale
1596 2932 1809 2994 tempus
1839 2941 1999 2981 exor-

429 3011 644 3065 diemur
664 3011 751 3066 die
782 3027 883 3066 xIII
914 3012 1117 3067 mensis
1164 3010 1522 3069 Phamenoth.
1555 3015 1755 3072 Deinde
1790 3033 1857 3072 ex
1907 3032 1998 3073 or-

427 3101 557 3156 dine
579 3101 769 3171 jejunii
825 3102 1209 3158 abstinentiam
1274 3115 1685 3176 prosequentes,
1748 3119 2065 3199 sanetamc

424 3188 711 3247 Paschatis
735 3192 1129 3250 hebdomadam
1156 3196 1480 3267 incipiemus
1509 3199 1595 3253 die
1628 3216 1760 3254 vaII
1793 3204 1995 3257 mensis

426 3282 751 3337 Pharmuthi
778 3303 791 3338 :
823 3293 877 3339 et
910 3285 996 3339 die
1028 3302 1162 3341 xxIII
1190 3286 1397 3357 jejunia
1456 3290 1722 3355 ﬁnientes,
1753 3291 1996 3345 celebra-

426 3382 592 3443 taque
622 3373 901 3430 Dominica
945 3376 1033 3432 die
1059 3393 1213 3441 xxiv,
1254 3379 1609 3449 adjungemus
1649 3382 1734 3437 his
1787 3391 1993 3452 septem

424 3464 665 3533 reliquas
695 3481 902 3535 magna:
929 3465 1273 3524 Pentecostes
1310 3469 1703 3539 hebdomadas;
1755 3473 1995 3543 gauden-

424 3566 509 3611 tes
537 3571 727 3611 omnes
759 3566 923 3629 atque
964 3560 1302 3615 exsultantes
1336 3561 1389 3614 in
1449 3562 1669 3618 Christo
1724 3563 1852 3619 Jesu
1887 3564 1993 3620 Do-

425 3648 577 3703 mino
631 3658 858 3715 nostro;
902 3665 999 3720 per
1045 3668 1206 3721 quem
1240 3653 1409 3723 gloria
1476 3654 1549 3707 sit
1604 3663 1658 3708 et
1702 3655 1992 3724 imperium

423 3735 571 3791 Patri
600 3754 696 3808 per
729 3737 990 3809 Spiritum
1014 3752 1262 3796 sanctum
1305 3743 1362 3796 in
1413 3743 1608 3798 saecula
1643 3748 1986 3800 saeculorum.

424 3831 621 3885 Amen.

500 3921 753 3977 Salutant
775 3938 894 3988 vos,
928 3925 1021 3994 qui
1053 3940 1267 3979 meeum
1300 3932 1448 3990 sunt,
1488 3924 1705 3982 fratres.
1750 3926 1991 3984 Salutate

426 4028 616 4067 omnes
654 4029 777 4069 cum
818 4016 1005 4070 osculo
1035 4024 1245 4071 sancto.

498 4102 731 4173 Explieit
768 4105 1006 4159 secunda
1048 4106 1277 4175 epistola
1333 4107 1508 4162 sancti
1546 4108 1832 4165 Athanasii
1858 4110 1989 4166 Ale-

421 4193 661 4248 xandria:
691 4194 949 4264 episcopi.

916 4286 1027 4356 39
1058 4286 1390 4342 EPISTOLA
1431 4288 1519 4343 III.

994 4377 1100 4438 (Ch.
1125 4392 1251 4427 anno
1272 4380 1406 4445 551.)

1061 335 1119 392 S.
1156 334 1527 395 ATHANASII
1567 336 1716 393 OPP.
1761 336 1939 392 PARS
1980 336 1997 392 l

2098 370 2152 381 —
2191 341 2547 404 EPISTOI..»E
2589 343 3119 402 IIEORTASTICA‘I.

3556 338 3692 403 1572

1753 480 1771 511 ι
1802 459 2009 517 Pascha
2039 458 2085 517 Δ
2110 462 2289 517 noxiis
2340 464 2652 527 hominibus
2699 465 3063 536 impedimur,
3116 466 3480 522 nihilominus
3537 466 3680 522 haud

2110 560 2358 605 sanctum
2401 553 2558 607 nobis
2608 552 2765 621 foret,
2798 554 3016 609 silentio
3046 555 3195 610 hunc
3235 555 3377 609 diem
3412 570 3685 625 premere,

2109 658 2285 711 neque
2330 644 2504 708 vobis,
2550 644 2765 699 illorum
2800 660 2990 712 causa,
3019 647 3363 701 annnntiare.
3411 644 3527 701 Sed
3582 647 3684 700 Deo

2109 734 2332 802 gratias,
2358 733 2453 802 qui
2478 734 2797 790 consolatur
2819 735 3053 790 humiles
3077 736 3091 788 ι
3116 733 3228 790 Nos
3252 736 3684 805 haudquaquam

2104 831 2171 877 ut
2200 832 2583 878 accusatorum
2616 824 2920 879 calumnias
2954 824 3187 881 vitemus
3208 826 3493 880 silentium
3538 835 3683 882 tene-

2104 915 2327 980 bimus;
2361 916 2477 979 sed,
2519 916 2704 970 audito
2725 916 2967 971 veritatis
2995 917 3182 983 verbo,
3207 918 3492 972 vobiscum
3522 918 3581 972 in
3606 918 3683 973 fe-

2108 1009 2231 1064 stali
2280 1009 2365 1063 die
2411 1006 3197 1067 exelumamustniversalis
3246 1009 3393 1065 Deus
3436 1011 3685 1080 praecipit

2106 1098 2348 1153 dicens"
2377 1117 2392 1153 :
2427 1118 2446 1151 ι
2469 1098 2862 1154 Celebrentﬁlii
2887 1092 3102 1155 Israelis
3125 1100 3353 1157 Pascha.
3384 1120 3403 1152 ι
3441 1099 3681 1171 Spiritus

2108 1188 2235 1243 item
2261 1190 2312 1242 in
2339 1188 2558 1244 Psalmo
2579 1190 2897 1259 praedicat"
2920 1208 2934 1245 :
2969 1210 2987 1242 ι
3017 1190 3210 1245 Canite
3237 1191 3364 1246 tuba
3392 1191 3451 1246 in
3473 1192 3679 1247 mensis

2108 1279 2382 1344 Kalendis,
2422 1282 2478 1335 in
2518 1281 2720 1352 insigni
2742 1282 2827 1336 die
2848 1281 3208 1337 solemnitatis
3245 1291 3464 1338 vestrae.
3497 1302 3518 1334 ι
3553 1281 3680 1336 Pro—

2105 1372 2263 1441 pheta
2309 1381 2489 1426 autem
2528 1371 2798 1427 exclamat
2819 1373 2901 1426 "z
2932 1391 2953 1424 ι
2983 1371 3230 1439 Celebra,
3256 1372 3423 1438 Juda,
3471 1371 3681 1429 festivi-

2110 1468 2246 1515 tates
2281 1469 2419 1516 tnas.
2443 1479 2462 1512 ι
2495 1459 2644 1515 Ilanc
2688 1476 2789 1531 ego
2832 1461 2990 1517 vobis
3032 1462 3321 1533 epistolam
3356 1462 3549 1526 mitto,
3574 1477 3680 1515 non

2105 1552 2263 1621 quasi
2310 1552 2377 1605 de
2422 1566 2481 1605 re
2518 1551 2700 1621 ignota
2722 1591 2737 1615 ,
2777 1551 2870 1606 sed
2894 1551 3034 1606 bene
3068 1551 3254 1622 gnaris
3297 1552 3600 1622 signiﬁco:
3628 1559 3683 1605 ut

2105 1644 2364 1698 nimirum
2394 1642 2601 1708 sciatis,
2619 1642 2787 1697 Deum
2813 1658 2915 1698 nos
2940 1643 3097 1700 vobis
3117 1644 3445 1715 astringere,
3465 1644 3681 1698 etiamsi

2107 1735 2358 1790 homines
2390 1736 2781 1805 separaverint.
2812 1734 2933 1806 Ipsa
2960 1752 3062 1792 nos
3086 1737 3408 1793 solemnitas
3439 1736 3679 1807 copulat,

2103 1828 2462 1895 eumdemque
2488 1825 2779 1881 Dominum
2808 1827 3049 1897 qualibet
3070 1829 3206 1883 hora
3230 1828 3554 1883 adoramus.
3576 1826 3682 1882 Nos

2104 1917 2247 1972 haud
2288 1917 2410 1972 ideo
2444 1918 2642 1973 festum
2687 1921 2921 1989 agimus,
2948 1920 3077 1990 quia
3127 1920 3338 1975 dierum
3381 1920 3568 1975 simus
3589 1921 3682 1974 ob-

2103 2018 2437 2075 servatores;
2488 2010 2691 2063 etenim
2744 2011 3114 2092 novimus.ab
3137 2012 3399 2081 Apostolo
3452 2026 3557 2066 eos
3599 2027 3680 2065 re—

2101 2100 2385 2170 prehendi,
2413 2101 2507 2171 qui
2536 2110 2664 2156 sunt
2683 2101 3018 2174 hujusmodi,
3040 2102 3253 2157 dicente
3268 2101 3481 2175 ":50
3508 2120 3529 2153 ‹
3561 2101 3681 2157 Dies

2101 2194 2425 2260 observatis,
2453 2202 2509 2249 et
2544 2209 2785 2259 menses,
2814 2205 2868 2251 et
2898 2204 3166 2266 tempora,
3206 2204 3260 2251 et
3280 2211 3486 2251 annos.
3513 2215 3535 2248 ι
3578 2194 3677 2250 Sed

2104 2280 2302 2336 festum
2349 2283 2455 2338 hoc
2495 2284 2848 2349 nuntiamus,
2875 2300 2972 2340 ceu
3019 2286 3153 2340 satis
3194 2294 3388 2339 notum
3417 2285 3593 2347 diem,
3626 2286 3678 2338 in

2102 2387 2212 2443 quo
2241 2387 2433 2428 omnes
2462 2372 2571 2428 Deo
2600 2375 2800 2445 ubique
2821 2374 3172 2439 famulemur,
3208 2392 3454 2447 eumque
3481 2378 3677 2433 oratio-

2099 2464 2262 2518 nibus
2290 2465 2586 2533 placemus.
2621 2465 2819 2521 Beatus
2857 2467 3060 2537 quippe
3097 2466 3302 2522 Paulus
3328 2467 3467 2522 dum
3516 2468 3677 2537 hujus

2099 2555 2279 2625 gaudii
2309 2556 2768 2625 propinquitatem
2802 2556 3133 2629 signiﬁcaret
3150 2598 3166 2624 ,
3193 2560 3340 2614 haud
3359 2560 3487 2615 dies
3512 2561 3675 2615 denoo

2100 2646 2252 2709 tavit,
2284 2647 2377 2702 sed
2402 2646 2692 2702 Dominum
2742 2648 2895 2704 illum
2932 2649 3092 2719 cujus
3122 2664 3287 2705 causa
3328 2650 3536 2705 festum
3567 2652 3674 2720 agi-

2098 2755 2242 2801 mus,
2291 2740 2474 2810 aitque
2493 2741 2579 2795 ":
2626 2740 2879 2797 «Pascha
2920 2752 3166 2798 nostrum
3215 2743 3539 2798 immolatus
3594 2752 3674 2797 est

2097 2830 2348 2886 Christus
2380 2851 2394 2887 :
2432 2850 2450 2883 ι
2490 2839 2549 2885 ut
2583 2847 2683 2887 nos
2719 2848 2909 2912 omnes
2937 2833 3099 2889 Verbi
3145 2836 3514 2890 aeternitatem
3547 2850 3673 2889 con-

2096 2920 2436 2989 templantes,
2457 2921 2524 2975 ad
2551 2920 2873 2976 famulatum
2896 2923 3015 2992 ejus
3039 2925 3384 2981 accedamus.

2165 3010 2220 3066 2.
2253 3010 2394 3076 Quid
2418 3020 2503 3067 est
2553 3012 2892 3079 solemnitas,
2920 3014 3026 3070 nisi
3060 3016 3343 3069 servitium
3384 3017 3460 3071 ab
3493 3016 3669 3071 anima

2096 3100 2431 3155 exhibitum?
2454 3101 2595 3167 Quid
2623 3117 2788 3171 porro
2809 3111 2894 3157 est
2913 3103 3018 3158 hoc
3042 3104 3350 3167 servitium,
3382 3106 3494 3160 nisi
3525 3105 3668 3175 jugis

2097 3191 2166 3245 ad
2205 3188 2372 3246 Deum
2414 3192 2590 3247 oratio
2623 3201 2679 3247 et
2721 3193 2902 3248 debita
2940 3194 3116 3248 eidem
3154 3196 3454 3264 gratiarum
3490 3197 3671 3252 actio?

2095 3279 2197 3347 Qui
2234 3283 2434 3352 gratias
2455 3298 2564 3337 non
2588 3291 2778 3354 agunt,
2809 3283 3070 3353 quoniam
3102 3285 3173 3339 ab
3201 3300 3266 3339 eo
3295 3295 3668 3351 recesserunt,

2094 3372 2150 3427 hi
2178 3374 2374 3427 merito
2409 3374 2478 3428 ab
2504 3374 2649 3431 illius
2679 3390 2898 3445 quoque
2921 3376 3105 3431 laztitia
3130 3376 3543 3433 excluduntur:
3575 3377 3667 3432 ab-

2091 3464 2261 3520 latum
2289 3473 2373 3520 est
2393 3480 2460 3520 ex
2481 3466 2724 3534 ipsorum
2750 3480 2846 3521 ore
2873 3466 3128 3536 gaudium
3153 3475 3207 3521 et
3235 3467 3555 3522 exsultatio.
3589 3467 3669 3522 Id-

2092 3553 2238 3610 circo
2269 3555 2399 3610 illud
2429 3556 2712 3611 oraculum
2752 3571 2940 3625 pacem
2972 3557 3107 3626 ipsis
3130 3572 3253 3612 esse
3283 3574 3390 3612 non
3425 3559 3563 3614 sinit
3581 3558 3664 3612 ’σε

2099 3666 2119 3699 ι
2139 3647 2257 3702 Non
2283 3657 2369 3703 est
2393 3649 2535 3702 enim
2571 3664 2679 3718 pax
2707 3649 2912 3718 impiis,
2943 3649 3076 3704 dicit
3103 3648 3369 3704 Dominus
3395 3669 3409 3704 :
3447 3670 3469 3703 ι
3504 3660 3667 3720 atque

2091 3736 2164 3790 ita
2199 3752 2360 3807 opera
2408 3737 2615 3793 faciunt
2656 3740 2892 3795 tristitiae
2930 3750 2985 3795 et
3004 3740 3231 3796 doloris.
3262 3740 3565 3811 Pr0pterea
3600 3756 3665 3795 ne

2092 3826 2180 3881 ille
2205 3827 2419 3896 quidem
2447 3830 2730 3884 duodecim
2751 3829 2864 3899 (40)
2882 3830 3210 3886 talentorum
3236 3832 3457 3887 debitor
3481 3834 3552 3900 ⁷⁷,
3577 3831 3665 3887 cui

2090 3918 2146 3973 in
2196 3918 2487 3990 Evangelio
2533 3920 2676 3976 facta
2722 3921 2827 3976 fuit
2880 3922 3161 3990 remissio,
3196 3924 3399 3994 gratias
3440 3924 3662 3979 domino

2088 4009 2229 4079 egit;
2258 4019 2312 4064 et
2337 4010 2429 4080 qui
2470 4012 2691 4081 grandis
2728 4012 2895 4067 debiti
2923 4013 3304 4070 remissionem
3327 4015 3659 4081 obtinuerat,

2088 4100 2221 4156 levis
2249 4102 2415 4156 debiti
2450 4104 2679 4173 gratiam
2716 4102 2894 4160 facere
2927 4105 3130 4161 oblitus
3157 4116 3279 4172 est;
3310 4106 3549 4176 ideoque
3575 4107 3660 4176 juo

2087 4201 2229 4247 stam
2248 4194 2432 4248 retulit
2451 4210 2666 4264 poenam
2688 4197 2889 4265 prioris
2910 4197 3074 4252 debiti
3092 4198 3465 4267 persolvendi.
3492 4196 3661 4268 Opor-

2086 4290 2264 4336 luerat
2292 4284 2462 4347 enim,
2485 4286 2943 4353 quemadmodum
2985 4289 3214 4357 gratiam
3253 4289 3656 4359 impetraverat,

2086 4372 2161 4427 ita
2187 4382 2241 4427 et
2283 4374 2459 4442 ipsum
2492 4378 2741 4431 conservi
2782 4377 2869 4432 sui
2915 4378 3187 4434 misereri.
3232 4379 3329 4434 Ille
3382 4379 3521 4435 item
3568 4381 3658 4450 qui

421 4476 677 4516 EPISTOLA
724 4475 921 4515 nam
967 4475 1222 4516 resnms
1269 4478 1416 4518 pars
1470 4478 1778 4529 ΑτιιΑΝΑειι,
1815 4483 1983 4521 wxn
2016 4489 2062 4545 ι)
2089 4477 2369 4533 acceptum
2393 4467 2652 4522 talentum
2683 4469 2737 4522 in
2769 4468 2997 4524 sindone
3026 4470 3271 4539 alligavit
3302 4480 3471 4541 atque
3510 4471 3656 4526 humi

491 4568 632 4616 QUAM
674 4568 924 4608 DOIINICA
978 4569 1265 4609 PASCHATIS
1324 4570 1465 4609 ERAT
1521 4572 1609 4609 XVI
1644 4573 1980 4623 PHARHUTHI,

491 4660 550 4698 111
582 4661 702 4699 IDUS
727 4659 955 4711 APRILIS,
983 4659 1122 4699 ANNO
1150 4661 1295 4698 XLVII
1347 4661 1711 4711 DIOCLETIANI,
1738 4664 1983 4703 CONSULI-

488 4748 585 4787 DUS
624 4749 782 4788 ANNIO
831 4750 990 4789 BASSO
1039 4751 1109 4789 ΕΤ
1144 4751 1391 4805 ΑιιιΑγιο,
1423 4753 1711 4793 ΡΒΕΠ-Σϐτο
1742 4755 1976 4794 ινιοιιειι-

491 4835 583 4875 τιο
615 4821 750 4891 (39),
783 4836 1088 4876 INDICTIONE
1120 4838 1190 4876 Iv.

490 4914 544 4967 I.
572 4911 806 4979 Rursus,
836 4911 1033 4969 fratres
1071 4915 1177 4969 mei
1217 4914 1420 4980 dilecti,
1453 4916 1848 4987 appropinquat
1874 4934 1978 4977 no-

418 5007 503 5061 bis
522 5006 637 5060 dies
662 5006 749 5060 ille
766 5005 995 5069 festalis,
1013 5007 1066 5061 in
1090 5022 1200 5078 quo
1216 5023 1326 5077 prae
1346 5008 1557 5062 caeteris
1576 5024 1734 5064 orare
1752 5010 1976 5080 dignum

417 5108 518 5153 est.
553 5096 709 5151 llunc
749 5096 836 5152 lex
868 5097 1128 5153 celebrari
1156 5098 1313 5169 jubet
1345 5116 1361 5155 :
1390 5109 1443 5155 et
1474 5115 1785 5172 quanquam
1817 5117 1917 5156 nos
1946 5118 1977 5155 a

488 5337 536 5369 "
564 5335 583 5389 Ι
615 5336 742 5393 Cor.
798 5354 852 5403 v,
905 5338 957 5393 7.
1070 5340 1115 5373 ⁸⁸
1142 5338 1163 5393 l
1189 5340 1316 5397 Cor.
1348 5357 1438 5406 xv,
1495 5341 1548 5395 II.

414 5421 569 5473 meI,
626 5407 680 5462 9.
751 5407 795 5439 '“
831 5407 998 5463 Exod.
1026 5425 1149 5473 xIII,
1177 5412 1232 5465 5.
1304 5413 1351 5443 τ’
1380 5411 1524 5466 Psai.
1551 5428 1713 5476 Lxxx,
1740 5414 1791 5468 4.

1639 5344 1683 5376 ⁸⁷
1707 5342 1867 5416 Hebr.
1893 5345 2073 5416 πλη.
2154 5347 2199 5379 ⁸⁸
2232 5346 2445 5416 Philipp

1893 5363 1953 5410 II,
1988 5363 2073 5400 14.
2155 5363 2199 5379 νο
2236 5363 2408 5417 ιἰιιιιρ

1878 5416 1923 5447 ⁷³
1945 5415 2156 5470 Nalmm
2189 5418 2331 5482 I,15.

2089 4557 2290 4623 obruit,
2330 4574 2546 4627 aequum
2588 4558 2691 4614 fuit
2734 4572 2791 4615 ut
2819 4568 3081 4629 tanquam
3115 4562 3217 4633 41
3253 4563 3506 4632 ingratus
3534 4562 3656 4632 reji-

2085 4655 2330 4710 ceretur,
2364 4648 2576 4717 sibique
2603 4648 2808 4704 dictum
2845 4651 3059 4706 audiret
3075 4652 3159 4707 "':
3193 4670 3211 4703 ι
3249 4650 3419 4706 Serve
3440 4653 3582 4707 male
3604 4660 3656 4705 et

2085 4737 2256 4807 piger,
2289 4739 2501 4794 sciebas
2530 4741 2658 4809 quia
2699 4755 2799 4811 ego
2831 4751 2977 4797 meto
3024 4743 3116 4797 ubi
3146 4759 3254 4798 non
3280 4744 3574 4807 seminavi,
3602 4753 3654 4799 et

2084 4845 2352 4900 congrego
2385 4830 2477 4885 ubi
2521 4846 2631 4887 non
2679 4834 2899 4903 sparsi?
2940 4832 3194 4904 Oportnit
3226 4844 3282 4891 te
3312 4838 3653 4892 committere

2083 4921 2367 4989 pecuniam
2400 4937 2577 4976 meam
2612 4924 3017 4990 nummulariis,
3044 4934 3104 4979 ut
3132 4927 3357 4982 veniens
3379 4942 3483 4996 ego
3512 4927 3649 4998 quod

2084 5029 2263 5068 meum
2299 5023 2383 5069 est
2409 5015 2728 5085 reciperem.
2761 5014 2985 5070 Auferte
3009 5017 3172 5086 igitur
3204 5018 3273 5071 ab
3292 5033 3360 5072 eo
3392 5019 3647 5075 talentum

2083 5114 2138 5161 et
2162 5106 2283 5160 date
2306 5105 2356 5159 ei
2380 5107 2474 5176 qui
2501 5105 2662 5162 habet
2687 5106 2873 5161 decem
2902 5107 3125 5162 talenta.
3153 5126 3171 5160 ι
3199 5107 3439 5178 Equum
3473 5109 3648 5179 itaque

3410 5352 3459 5385 ⁷ο
3508 5350 3640 5405 Psal.

3476 5425 3521 5455 "
3547 5423 3640 5477 lsa.

2452 5387 2465 5399 .
2499 5349 2652 5410 ΝΛ.
2728 5346 2774 5380 ⁸⁸
2821 5348 3069 5404 lThess.
3121 5366 3182 5412 II,
3231 5352 3319 5404 15.

2432 5418 2476 5449 ⁷⁸
2502 5417 2766 5481 Galat.Iv,
2802 5418 2887 5472 10.
2980 5421 3026 5451 ⁷⁸
3055 5420 3218 5473 ICor.
3250 5436 3303 5484 v,
3328 5421 3384 5475 7.

416 5489 606 5541 vauI,
632 5477 723 5532 22.
800 5479 838 5509 '"
865 5478 1055 5535 Matth.
1091 5495 1247 5546 xVIII,
1281 5482 1369 5536 24.
1446 5483 1493 5514 ⁷⁸
1520 5481 1707 5537 Matth.
1742 5499 1865 5551 xxv,
1903 5485 2095 5541 26—28.

490 5654 601 5729 (38)
628 5656 705 5713 Ita
734 5657 927 5729 Syrus,
959 5676 1067 5715 non
1104 5671 1213 5717 tota
1234 5665 1336 5720 die.

488 5728 601 5800 (59)
628 5729 684 5783 In
715 5728 973 5789 ch’ronico
1001 5729 1229 5805 Hygino.
1268 5735 1407 5811 Ergo
1443 5737 1523 5793 vel
1556 5737 1859 5800 Florentius
1892 5754 1982 5797 co-

2087 5669 2207 5726 dem
2236 5687 2380 5727 anno
2411 5670 2672 5726 successit
2705 5669 2931 5741 Hygino,
2969 5671 3051 5728 vel
3084 5674 3339 5728 mendum
3377 5682 3484 5731 est.

2164 5741 2274 5813 (40)
2308 5742 2512 5823 Μυρξα,
2539 5743 2711 5798 decem
2742 5742 2932 5797 millia.
