3812 6224
116 324 254 383 i573

1531 323 1867 380 EPISTULA
1903 322 1990 379 111.

3231 312 3371 368 ιδιι

126 438 296 497 fuerat
332 445 395 493 ut
426 438 743 495 redditurus
768 455 881 497 rem
911 456 1068 497 suam
1099 440 1342 507 domino,
1370 441 1696 498 beneficium
1726 445 1776 503 Α
1802 456 1909 496 ses.
1950 439 2158 497 Idcirco
2188 439 2278 495 ille
2316 438 2370 493 in
2400 435 2688 507 caliginem
2734 430 3161 504 ingrediehatur,
3192 439 3246 486 et
3287 430 3373 485 fu-

127 532 290 587 simul‘
327 531 451 600 ejus
487 533 584 602 qui
618 532 876 598 dederat,
912 535 1096 604 reique
1133 534 1342 590 collata:
1378 535 1486 590 vim
1529 550 1697 605 agno-

131 632 310 679 sceret.
332 621 475 677 Nam
503 627 598 694 qui
619 625 841 680 dederat
868 626 1039 681 durus
1069 642 1176 682 non
1199 636 1346 693 erat;
1371 642 1528 683 secus
1551 626 1697 682 enim

130 714 193 768 ab
220 712 372 767 initio
418 728 536 766 non
573 713 829 769 dedisset.
862 712 942 769 Ne
982 714 1035 768 id
1063 715 1304 785 quidem,
1334 715 1479 785 quod
1510 715 1697 770 datum

134 802 297 858 fuerat
327 801 527 857 inutile
566 812 683 858 erat
711 813 807 858 aut
846 804 1053 871 sterile,
1085 820 1264 875 neque
1294 805 1652 875 vituperabile
1681 824 1694 860 :

132 895 218 951 sed
252 903 305 950 et
331 894 427 963 qui
481 895 635 950 dedit
673 896 853 951 bonus
891 905 1037 963 erat,
1075 906 1130 952 et
1180 896 1327 968 quod
1379 897 1563 952 datum
1596 896 1700 951 fuit

131 1001 231 1041 non
260 993 378 1040 erat
412 985 598 1043 fructu
628 987 951 1044 cariturum.
989 987 1157 1059 Igitur
1197 988 1342 1044 sicut
1364 989 1456 1043 ille
1485 990 1580 1059 qui
1612 1004 1699 1045 se-

132 1078 277 1133 rendi
316 1087 571 1147 tempore
616 1078 854 1134 triticum
893 1080 1215 1149 supprimit,
1244 1080 1564 1136 maledictus
1596 1090 1699 1145 est,

134 1177 190 1222 ut
212 1168 455 1223 divinum
486 1168 843 1223 Proverbium
868 1169 1000 1225 ait”
1023 1186 1037 1236 ;
1061 1170 1140 1226 sic
1163 1169 1253 1224 ille
1276 1170 1438 1224 etiam
1470 1170 1563 1239 qui
1582 1185 1704 1240 gra-

135 1258 258 1311 tiam
288 1257 518 1327 negligit
546 1266 601 1311 et
640 1257 756 1311 sine
789 1257 1005 1312 cultura
1037 1258 1205 1324 abdit,
1228 1258 1352 1328 jure
1377 1258 1702 1328 meritoque,

136 1361 228 1402 ceu
252 1362 488 1416 nequam
522 1357 578 1400 et
600 1346 846 1417 ingratus
876 1347 1174 1418 abigendus
1203 1347 1329 1402 erit.
1363 1347 1566 1403 Contra
1589 1363 1706 1402 .au-

138 1446 237 1493 tem
281 1439 469 1493 laudat
501 1437 765 1495 Dominus
811 1439 935 1495 illos
971 1440 1062 1510 qui
1109 1440 1305 1494 lucrati
1356 1439 1591 1505 fuerant,
1624 1440 1708 1494 di-

138 1544 259 1585 cens
284 1530 370 1585 "°:
408 1549 429 1582 ι
462 1529 634 1601 Euge,
669 1546 822 1587 serve
866 1533 1008 1587 bone
1050 1540 1104 1586 et
1133 1532 1347 1586 fidelis:
1380 1530 1507 1601 quia
1547 1546 1709 1600 super

141 1637 300 1691 pauca
324 1620 482 1678 fuisti
509 1623 704 1688 fidelis,
730 1637 894 1693 super
914 1623 1085 1679 multa
1111 1631 1163 1678 te
1184 1622 1536 1690 constituam,
1565 1622 1708 1677 intra

141 1713 191 1767 in
221 1713 478 1784 gaudium
512 1713 732 1768 Domini
755 1716 854 1769 tui.
885 1733 905 1766 ι

206 1805 256 1859 5.
288 1803 456 1861 Recte
480 1807 867 1876 sapienterque
896 1816 1076 1863 actum
1102 1815 1206 1873 est,
1233 1816 1293 1862 ut
1318 1808 1395 1863 illi
1424 1815 1618 1863 cuncta
1640 1803 1708 1859 ad
1738 1779 1783 1835 Β

143 1896 459 1952 lucrandum
490 1899 821 1954 contulerint
846 1916 969 1970 quae
995 1910 1335 1971 acceperant,
1368 1908 1429 1954 ut
1456 1901 1535 1955 ait
1566 1898 1713 1953 Scri-

146 1998 293 2059 ptura
314 1991 383 2044 δι.
415 1988 653 2061 Oportet
678 1991 862 2061 itaque
895 2000 955 2046 ut
977 2008 1078 2047 nos
1099 2008 1338 2063 quoque,
1371 1991 1553 2046 dilecti
1579 1989 1709 2057 mei,

146 2094 261 2135 cum
300 2081 396 2137 Dei
437 2084 649 2153 gratia,
683 2099 973 2138 curramus
1018 2100 1195 2155 neque
1233 2085 1592 2148 desistamus;
1625 2098 1710 2146 ne,

149 2171 266 2225 dum
309 2173 473 2229 otiari
512 2175 789 2240 volumus,
835 2177 1006 2245 gratia
1043 2185 1259 2245 accepta
1301 2192 1360 2231 se
1415 2175 1716 2231 subducere

150 2264 407 2333 incipiat;
449 2275 507 2321 et
531 2282 601 2322 ne
639 2268 816 2323 hostis
868 2282 1074 2323 vacuos
1105 2283 1231 2331 nos,
1288 2267 1576 2336 nudosque
1622 2266 1717 2321 de-

151 2358 522 2427 prehendens,
560 2361 1000 2431 subingrediatur
1040 2361 1188 2415 velut
1218 2360 1271 2413 in
1304 2359 1455 2413 illum
1510 2359 1576 2413 de
1607 2374 1715 2428 quo

152 2447 494 2521 Evangelium
519 2452 762 2522 loquitur
792 2470 806 2508 :
838 2451 947 2525 42
985 2471 1004 2505 ι
1032 2450 1170 2507 Cum
1196 2449 1523 2505 daemonium
1552 2449 1620 2503 ab
1650 2463 1717 2503 eo

153 2541 417 2609 exivisset,
450 2551 746 2615 postquam
803 2560 897 2615 per
948 2544 1217 2614 inaquosa
1267 2543 1393 2597 loca.
1424 2541 1715 2605 exerravit,

155 2636 441 2705 assumpsit
463 2651 652 2692 secum
680 2636 817 2693 alios
848 2645 1050 2706 septem
1082 2635 1308 2705 spiritus
1334 2634 1451 2704 ipso
1473 2632 1716 2703 pejores;

157 2741 510 2799 reversusque
538 2729 747 2784 invenit
776 2730 1002 2784 domum
1025 2736 1331 2793 vacantem,
1356 2727 1540 2797 ibique
1568 2725 1721 2780 habi-

159 2817 311 2883 tavit;
345 2827 399 2872 et
431 2818 659 2874 fuerunt
699 2817 1003 2874 novissima
1048 2817 1289 2872 hominis
1333 2815 1479 2870 illius
1533 2814 1720 2884 pejora

159 2909 495 2976 prioribus".
532 2930 552 2962 ›
578 2910 788 2981 Quippe
827 2926 859 2965 a
894 2911 1096 2964 virtute
1139 2923 1389 2964 recessus
1415 2907 1720 2978 ingressum

161 2999 361 3072 impuro
385 3001 606 3071 spiritui
634 3004 856 3072 praebet.
889 2999 1232 3070 Quapropter
1261 3014 1330 3053 ne
1372 2996 1513 3052 forte
1549 2995 1722 3067 gratia

1801 542 1986 588 mante
2028 540 2214 587 monte
2246 531 2455 586 nullum
2503 527 2889 584 detrimentum
2939 522 3214 594 capiebat;
3260 521 3375 577 imo

1803 626 1955 681 illinc
1971 624 2253 695 probatior
2275 620 2661 685 descendebat,
2690 613 3134 687 propterDomini
3155 612 3375 682 eloquia

1801 726 1924 781 qua:
1960 718 2089 767 sunt
2129 717 2413 781 argentum
2440 707 2771 763 electum'et
2799 702 3085 774 probatum
3117 710 3278 755 terrae
3305 700 3372 754 ³³.

1801 803 2011 860 interea
2037 804 2230 858 beatus
2253 802 2475 868 Paulus,
2505 799 2687 854 datam
2709 796 2866 850 nobis
2885 794 3122 864 Spiritus
3144 794 3374 863 gratiam

1805 898 1997 953 nolens
2047 891 2362 965 frigescere,
2392 898 2610 947 nosmet
2659 887 2962 943 adhortans
3016 886 3236 955 scripsit
3281 886 3371 939 ὀε

1810 1007 1829 1041 c
1870 964 2139 1058 Spiritum
2164 985 2331 1040 nolite
2359 983 2724 1051 exstinguere.
2746 998 2765 1032 ι
2820 977 2911 1032 Sic
2938 977 3186 1032 videlicet
3209 964 3402 1046 parti-b

1800 1080 1958 1149 cipes
1982 1076 2186 1132 Christi
2235 1072 2697 1146 permanebimus,
2728 1068 2775 1123 si
2817 1068 2871 1121 in
2917 1066 3153 1138 Spiritus
3193 1065 3377 1120 initia-

1804 1172 1955 1227 tione
1983 1181 2159 1237 usque
2209 1165 2278 1220 ad
2323 1163 2487 1218 ﬁnem
2539 1159 2926 1216 consistemus.
2988 1156 3130 1210 Dixit
3157 1164 3376 1210 autem:

1811 1283 1830 1315 ι
1868 1262 2040 1317 nolite
2062 1258 2432 1327 exstinguere,
2467 1272 2486 1305 ι
2532 1267 2639 1307 non
2670 1250 2814 1320 quod
2852 1245 3088 1317 Spiritus
3120 1247 3175 1300 iu
3201 1244 3382 1299 bomi~

1807 1372 1940 1412 num
1974 1359 2250 1425 potestate
2273 1349 2363 1414 sit,
2385 1355 2479 1403 aut
2504 1343 2712 1415 aliquid
2738 1343 2806 1398 ab
2829 1342 2910 1396 eis
2925 1340 3034 1410 pati
3056 1338 3259 1410 possit;
3284 1336 3382 1392 sed

1809 1442 2191 1516 quiaimprobi
2221 1448 2383 1509 atque
2408 1432 2668 1491 increduli
2702 1433 2954 1488 videntur
2985 1429 3039 1482 in
3065 1427 3250 1483 animo
3280 1440 3383 1481 suo

1809 1536 1961 1591 illum
1992 1532 2374 1601 exstinguere;
2400 1536 2454 1582 et
2478 1542 2602 1582 cum
2631 1526 2741 1580 sint
2769 1524 2822 1576 in
2856 1522 3087 1591 impuris
3126 1517 3385 1588 operibus

1811 1623 2133 1690 inveterati,
2185 1620 2449 1692 Spiritum
2495 1623 2918 1687 persequuntur.
2971 1610 3207 1681 Spiritus
3256 1622 3407 1662 vero-

1815 1726 2057 1780 sanctus,
2088 1715 2183 1785 qui
2230 1710 2428 1767 dicitur
2469 1706 2849 1775 correptionis,
2880 1702 3130 1757 fraudem
3157 1698 3382 1769 defugit,

1812 1826 1989 1881 neque
2018 1818 2260 1863 moratur
2276 1806 2328 1860 in
2348 1817 2577 1873 corpore
2593 1800 2765 1869 culpae
2798 1796 3034 1861 addicto,
3056 1793 3148 1849 sed
3173 1808 3205 1848 a
3232 1807 3386 1846 men-

1810 1904 1959 1959 tibus
1990 1899 2266 1955 intellectu
2311 1894 2623 1952 carentibus
2664 1890 2897 1954 recedit;
2930 1904 3050 1958 qua:
3092 1901 3217 1940 cum
3269 1885 3385 1954 jam

1812 2009 1924 2049 non
1956 1990 2281 2060 intelligant,
2313 1985 2781 2051 fraudulentaeque
2812 1980 2941 2045 sint,
2964 1986 3018 2033 et
3047 1975 3251 2046 peccati
3280 1982 3390 2031 stu-

1778 2144 1785 2151 ,
1814 2083 2003 2147 diosm,
2034 2080 2196 2152 quasi
2226 2079 2282 2133 in
2318 2076 2557 2132 tenebris
2580 2073 2890 2136 ambulant,
2921 2070 3043 2123 luce
3070 2067 3163 2121 illa
3194 2079 3387 2120 caren-

1817 2189 1916 2243 tes,
1953 2189 2075 2244 quae
2104 2170 2379 2225 illuminat
2410 2182 2631 2222 omnem
2671 2164 2947 2217 hominem
2983 2160 3289 2216 venientem
3332 2156 3388 2209 iu

1817 2267 1964 2321 hunc
1994 2264 2280 2318 mundum.
2322 2258 2427 2313 Par
2463 2257 2604 2329 ignis
2642 2255 2959 2326 prophetam
2994 2266 3211 2321 quoque
3237 2246 3389 2303 Jereo

1816 2360 1984 2414 miam
2017 2354 2384 2425 contingebat,
2421 2366 2546 2405 cum
2580 2349 2634 2403 in
2673 2362 2740 2402 eo
2770 2345 2993 2400 verbum
3036 2343 3215 2397 instar
3247 2339 3392 2411 ignis

1817 2453 1992 2515 fieret,
2053 2448 2339 2515 aiebatque
2365 2445 2410 2476 ⁹¹
2434 2461 2452 2497 ;
2482 2440 2595 2511 Ego
2644 2437 2888 2508 undique
2936 2432 3219 2505 angustior
3241 2471 3259 2499 ,
3290 2446 3392 2485 nec

1818 2544 1962 2599 ferre
1989 2554 2151 2613 queo.
2180 2535 2380 2595 Noster
2411 2540 2592 2588 autem
2627 2529 2893 2584 Dominus
2922 2525 3082 2582 Jesus
3113 2524 3391 2586 Christus,

1819 2633 1948 2704 quia
1979 2640 2306 2699 magnopere
2337 2622 2588 2678 homines
2624 2618 2822 2688 diligit,
2858 2625 2917 2671 ut
2945 2616 3093 2670 hunc
3125 2613 3304 2683 ignem
3336 2612 3393 2667 in

1821 2735 2023 2781 terram
2073 2720 2343 2792 injiceret,
2379 2715 2557 2778 venit,
2601 2712 2787 2781 aitque
2811 2711 2856 2743 θ’
2885 2726 2899 2762 :
2935 2727 2953 2760 ε
2983 2706 3157 2774 Quid?
3181 2704 3395 2759 utinam

1816 2819 1931 2890 jam
1956 2815 2204 2871 arderet!
2232 2833 2252 2865 ι
2278 2813 2402 2881 Ipse
2421 2807 2559 2870 vult,
2587 2814 2725 2861 teste
2749 2796 3397 2868 Ezechiele",pasniteu-

1822 2887 1954 2966 tiam
1993 2905 2231 2963 hominis
2265 2903 2448 2974 potius
2475 2897 2775 2972 “quam
2807 2893 2928 2965 ejus
2962 2898 3226 2955 mortem;
3260 2887 3399 2941 adeo

1823 3012 1885 3060 ut
1922 3001 2204 3057 hominum
2232 2995 2439 3051 malitia
2480 2997 2766 3052 exuratur,
2795 2994 2959 3056 atque
2995 2982 3177 3043 anima
3209 2976 3398 3049 purifi—

159 3089 225 3145 sit
269 3093 425 3148 nobis
478 3093 714 3160 inutilis,
740 3092 1034 3163 Apostolus
1072 3090 1340 3161 discipulo
1378 3104 1479 3145 suo
1503 3088 1721 3158 scripsit
1746 3109 1789 3166 α
1822 3104 1946 3153 cata
1975 3093 2187 3149 [ructus
2204 3088 2433 3160 justitiae
2455 3084 2628 3156 possit
2656 3079 2881 3143 offerre;
2922 3086 3085 3145 atque
3115 3072 3399 3127 itasatum

160 3183 419 3249 peculiare
468 3192 822 3255 praeceptum,
850 3184 924 3238 ita
958 3192 1140 3238 tamen
1188 3191 1249 3237 ut
1288 3196 1390 3236 nos
1431 3179 1594 3236 simul
1623 3179 1719 3237 ad-

162 3271 393 3334 hortetur
416 3276 647 3332 dicens:
686 3294 704 3327 ι
744 3274 866 3331 Noli
892 3275 1162 3346 negligere
1190 3273 1417 3343 gratiam
1448 3286 1568 3342 qua:
1590 3270 1644 3324 in
1671 3276 1723 3325 te

163 3373 240 3419 est
262 3367 325 3421 ⁸³.
357 3367 462 3434 Qui
507 3384 663 3423 suam
704 3376 960 3437 operatur
999 3376 1223 3429 terram,
1259 3365 1484 3421 satiatur
1534 3376 1674 3432 pane
1704 3379 1719 3415 :

163 3457 256 3512 via:
283 3470 459 3516 autem
495 3462 794 3516 otiosorum
835 3459 1006 3530 spinis
1034 3466 1369 3527 occupantur
1397 3455 1461 3510 ⁸⁵.
1488 3474 1509 3508 ι
1547 3454 1726 3522 Atque

166 3556 219 3603 ut
254 3566 410 3607 nemo
449 3554 508 3607 in
539 3553 659 3612 illas
706 3554 986 3618 incurrat,
1024 3550 1259 3620 Spiritus
1288 3563 1387 3602 nos
1430 3551 1727 3617 praemonet

166 3638 338 3699 dicens
363 3643 440 3700 3’:
480 3663 501 3697 ι
537 3640 745 3701 Novate
785 3645 941 3699 vobis
992 3642 1207 3706 novate,
1237 3648 1291 3694 et
1333 3638 1500 3692 nolite
1544 3648 1729 3691 serere

169 3746 319 3802 super
351 3737 562 3806 spinas.
585 3755 605 3789 ›
639 3735 742 3802 Qui
773 3744 954 3806 spreta
982 3749 1147 3804 quam
1189 3732 1398 3801 accepit
1442 3728 1634 3800 gratia,
1671 3728 1729 3782 in

169 3825 461 3883 mundanas
495 3842 555 3882 se
594 3842 756 3882 curas
789 3825 1106 3896 ingurgitat,
1133 3822 1222 3877 hic
1267 3829 1438 3875 semet
1465 3817 1731 3888 cupidita-

173 3914 307 3972 tibus
331 3919 525 3984 tradit;
559 3929 722 3986 atque
770 3918 846 3972 ita
881 3915 1298 3985 superveniente
1331 3909 1730 3981 persecutione,

172 4010 476 4064 scandalum
500 4009 703 4079 patitur
730 4016 785 4063 et
811 4006 1185 4062 infructuosus
1216 4004 1324 4057 fiet.
1347 4000 1580 4067 Quinam
1602 4014 1733 4053 vero

173 4110 250 4154 est
278 4102 593 4173 hujusmodi
644 4104 876 4174 pigritiae
917 4098 1133 4156 exitus?
1161 4096 1430 4167 Propheta
1478 4095 1624 4148 hunc
1655 4091 1734 4147 si-

177 4194 382 4257 gniﬁcat
401 4197 591 4252 dicens
609 4197 691 4250 ⁸⁶ε
729 4214 747 4247 ‹
771 4194 1090 4248 Maledictus
1116 4191 1281 4244 homo
1301 4187 1395 4257 qui
1422 4185 1551 4241 facit
1570 4199 1732 4255 opera

177 4283 379 4342 Domini
422 4289 778 4359 negligenter.
810 4305 831 4338 ι
869 4283 1024 4350 Quod
1076 4282 1131 4335 in
1158 4277 1482 4346 obsequium
1521 4273 1737 4330 Domini

176 4378 248 4441 ﬁt,
282 4381 332 4435 id
363 4390 569 4436 attente
589 4388 671 4434 est
700 4379 1086 4448 peragendum,
1121 4372 1327 4438 absque
1358 4368 1595 4439 pigritia,
1625 4366 1738 4420 imo

1827 3187 1897 3240 ab
1930 3197 2000 3238 eo
2041 3180 2265 3236 verbum
2314 3175 2550 3231 fructum
2592 3169 2733 3226 ferat
2774 3165 3130 3228 tricesimum,
3180 3174 3403 3229 sexage-

1830 3277 2055 3338 simum,
2088 3280 2252 3339 atque
2273 3265 2654 3323 centesimum.
2687 3260 2779 3314 Sic
2806 3254 3073 3324 Cle0pbas
3095 3267 3219 3307 cum
3245 3250 3403 3303 initio

1834 3364 2151 3432 ambigeret,
2184 3357 2415 3429 gratiam
2442 3350 2647 3407 referre
2676 3362 2783 3402 non
2816 3352 2901 3400 est
2930 3343 3115 3406 visus;
3149 3353 3277 3393 mox
3319 3347 3404 3392 ta-

1832 3470 1958 3509 men
1988 3428 2222 3521 vpropter
2266 3442 2483 3501 Domini
2534 3439 2700 3495 verba
2756 3433 3123 3491 exardescens
3152 3429 3222 3496 ⁸⁵,
3264 3428 3405 3499 grati

1833 3543 2003 3602 animi
2025 3541 2110 3597 sui
2137 3539 2374 3594 fructum
2398 3532 2612 3588 obtulit.
2632 3528 2830 3583 Beatus
2852 3527 2981 3579 item
3003 3521 3230 3584 Paulus,
3250 3528 3405 3588 post-

1834 3652 1999 3710 quam
2032 3636 2138 3689 boc
2170 3632 2295 3703 igne
2338 3626 2705 3682 inﬂammatus
2732 3618 2854 3682 fuit,
2889 3630 3072 3670 carms
3095 3623 3150 3668 et
3177 3611 3403 3682 sangui-

1836 3732 1922 3787 nis
1948 3728 2218 3783 rationem
2254 3736 2364 3776 non
2393 3715 2666 3778 habuit",
2686 3712 2779 3769 sed
2805 3709 2976 3781 gratia
3015 3706 3195 3778 agnita
3222 3704 3407 3761 exsul-

1836 3819 1971 3874 tavit
2015 3815 2072 3869 in
2114 3811 2305 3868 verbo.
2354 3806 2526 3863 Secus
2566 3817 2716 3869 vero,
2745 3798 3039 3857 dissimiles
3066 3797 3175 3862 bis,
3206 3793 3408 3864 leprosi

1837 3911 1915 3965 illi
1943 3920 2162 3971 novem,
2211 3902 2362 3971 lepra
2419 3893 2698 3959 mundati,
2730 3891 2871 3962 grati
2923 3903 3047 3958 erga
3096 3894 3407 3940 sanatorem

1839 4017 2000 4059 suum
2044 3996 2336 4053 Dominum
2374 4006 2483 4046 non
2514 3988 2734 4042 fuerunt
2754 3985 2820 4055 ῗθ.
2849 3981 2942 4037 llle
2988 3981 3189 4050 pariter
3216 3975 3410 4039 Iudas,

1837 4095 1937 4167 qui
1973 4093 2169 4163 dignus
2208 4084 2505 4157 apostolica
2547 4088 2693 4136 sorte
2726 4077 2949 4131 habitus
2986 4072 3183 4137 fuerat,
3212 4076 3266 4122 et
3296 4066 3411 4121 Do.

1842 4186 1978 4243 mini
2023 4179 2331 4251 discipulus
2370 4174 2690 4247 appellatus,
2732 4178 3010 4239 postremo
3049 4179 3176 4219 cum
3216 4175 3409 4232 panem

1843 4288 1969 4328 cum
2017 4270 2247 4325 Domino
2286 4275 2472 4320 nostro
2510 4259 2871 4320 comedisset,
2919 4254 3233 4310 calcaneum
3281 4264 3415 4305 con-

1845 4373 1926 4419 tra
1956 4362 2100 4416 hunc
2123 4357 2321 4414 levavit
2338 4356 2407 4421 9',
2434 4362 2489 4410 et
2521 4352 2700 4408 factus
2724 4357 2807 4405 est
2838 4346 3080 4419 proditor
3108 4344 3179 4400 ⁸⁸.
3206 4340 3417 4396 llorum

179 4465 456 4538 ferventer,
485 4480 545 4524 ut
567 4476 890 4536 consumpto
917 4464 1067 4520 omni
1100 4476 1193 4532 per
1221 4459 1444 4530 spiritus
1472 4457 1740 4513 fervorem
1773 4465 1817 4520 Ι)
1846 4451 2056 4509 similes
2102 4447 2370 4504 vecordia:
2415 4458 2529 4501 suae
2579 4439 2868 4511 praemium
2918 4436 3179 4506 capiunt:
3221 4444 3419 4500 nempe

180 4536 704 4632 materialipeccato,
732 4560 800 4613 ad
829 4560 1000 4612 Deum
1032 4555 1188 4609 illum
1218 4536 1586 4622 pr0pinquare
1611 4563 1738 4619 pos-

182 4664 379 4720 sumus,
413 4654 508 4725 qui
534 4660 619 4708 est
651 4651 794 4723 ignis
822 4650 1114 4712 devorans,
1145 4653 1207 4699 ut
1231 4649 1549 4699 sanctorum
1575 4641 1740 4696 verba

181 4751 341 4798 alunt.

244 4837 296 4894 4.
325 4838 537 4911 Quippe
581 4837 906 4894 universalis
956 4834 1047 4891 ille
1079 4833 1257 4897 Deus,
1300 4849 1319 4884 ι
1356 4829 1460 4896 Qui
1486 4826 1618 4882 fecit
1640 4841 1744 4882 an-

184 4927 323 4995 gelos
358 4947 489 4988 suos
539 4930 785 5000 spiritus,
818 4935 872 4982 et
918 4925 1252 4982 cherubinos
1298 4936 1429 4976 suos
1467 4917 1742 4971 flammam

187 5019 316 5087 ignis
340 5023 409 5089 ⁸⁷,
455 5042 475 5077 ›
545 5023 601 5077 in
631 5036 854 5092 egressu
883 5035 948 5075 ex
980 5018 1216 5089 [Egypto
1249 5013 1420 5068 vetuit
1453 5009 1746 5081 quominus

188 5108 489 5181 huiusmodi
517 5112 801 5170 hominum
824 5109 1116 5165 multitudo
1146 5105 1318 5161 monti
1360 5102 1751 5179 propinquaret

189 5202 273 5256 ubi
299 5205 377 5262 eis
401 5207 577 5279 legem
608 5206 822 5260 laturus
857 5211 975 5257 erat
1000 5201 1067 5253 ⁸⁸.
1118 5197 1225 5269 43
1250 5196 1319 5250 At
1344 5197 1562 5250 beatum
1596 5192 1750 5245 illum

195 5288 424 5364 Moysen,
459 5297 616 5366 cujus
630 5296 829 5350 ardens
844 5300 962 5348 erat
988 5290 1209 5361 spiritus
1224 5296 1277 5342 et
1293 5286 1462 5358 gratia
1492 5282 1753 5339 inexstin-

192 5384 419 5455 guihilis,
450 5389 517 5445 ad
546 5404 606 5445 se
628 5387 861 5443 vocabat
891 5384 1078 5440 dicens
1110 5401 1123 5437 :
1155 5379 1306 5435 Unus
1338 5377 1565 5434 accedat
1605 5373 1755 5446 Moy—

1846 4542 2183 4615 exspectatio
2235 4539 2454 4595 illorum
2507 4548 2647 4589 vana
2700 4532 2807 4586 erit
2851 4537 3072 4600 propter
3099 4526 3418 4582 eorumdem

1847 4639 2123 4709 ingratum
2150 4632 2417 4693 animum,
2445 4627 2577 4698 quia
2604 4624 2755 4679 nulla
2796 4622 3014 4690 ingrato
3052 4615 3261 4672 homini
3295 4629 3421 4683 spes

1849 4706 2125 4799 superest.
2150 4723 2256 4778 Eos
2290 4736 2418 4776 vero
2446 4719 2541 4789 qui
2573 4716 2819 4771 divinum
2853 4715 3031 4781 ignem
3065 4706 3423 4778 neglexerint,

1848 4796 1983 4877 alter
1998 4817 2177 4890 potius
2201 4814 2340 4883 ignis
2351 4810 2622 4874 manebit;
2646 4806 2808 4876 ignis,
2834 4804 3078 4874 inquam,
3104 4800 3212 4867 ille,
3233 4796 3426 4868 quiest

1852 4887 2080 4981 paratus
2112 4905 2327 4963 diabolo
2355 4911 2409 4957 et
2439 4900 2653 4966 angelis
2666 4898 2788 4967 ejus
2805 4896 2872 4949 9°.
2906 4892 3044 4963 Huic
3066 4890 3177 4960 igni
3201 4904 3298 4959 par
3319 4887 3426 4943 erit

1854 5004 2073 5057 illorum
2135 4999 2334 5064 exitus,
2387 4994 2482 5064 qui
2520 4991 2781 5046 adversus
2820 4986 3050 5057 gratiam
3095 4982 3338 5051 ingratos
3367 4992 3428 5034 se

1851 5093 2111 5166 praebent.
3140 5086 3143 5087 ⁷

1924 5186 1980 5240 5.
2011 5182 2080 5236 At
2123 5181 2270 5235 enim
2320 5176 2505 5233 fideles
2535 5167 2757 5242 verique
2808 5168 2950 5226 s'ervi
2996 5163 3230 5227 Domini.
3258 5161 3426 5232 probe

1858 5280 2013 5352 gnari
2064 5275 2211 5348 quod
2262 5272 2526 5327 Dominus
2562 5275 2744 5339 gratos
2788 5261 2974 5334 gratiae
2992 5258 3186 5328 diligit,
3215 5254 3426 5309 nullum

1860 5346 2286 5444 praetermittunt
2316 5371 2553 5433 tempus,
2580 5373 2691 5430 quo
2720 5355 2954 5410 Domino
2987 5350 3189 5422 gratias
3214 5346 3430 5401 laudes—

257 5545 299 5575 "’
332 5547 489 5604 Prov.
523 5566 601 5615 ιιι,
626 5547 720 5601 ‘26.
796 5545 843 5578 ⁸ο
871 5543 1061 5599 Matth.
1085 5557 1216 5615 sxy,
1249 5539 1342 5593 95-
1422 5536 1469 5569 θ’
1505 5535 1634 5615 “fit
1670 5532 1722 5615 ῖς

1835 5529 1883 5615 ⁸ἶ
1920 5525 2110 5615 Matth;
2134 5517 2469 5615 $1151“;
2536 5511 2617 5615 ’.Ξ
2638 5512 2795 5615 Et";
2817 5507 3006 5615 ":.‘.‘°
3026 5503 3130 5615 ..Γ
3150 5502 3431 5615 Piflzﬁfl'

197 5609 286 5679 il;
319 5633 404 5682 xv,
441 5622 529 5676 19.
588 5609 652 5651 ’³⁸
674 5617 782 5672 Jer.
810 5632 882 5679 tv,
915 5616 969 5669 5.

200 5694 250 5746 κν
281 5683 380 5751 ἓθς
409 5689 551 5747 Psal.
586 5687 722 5754 ιι,7.

201 5768 350 5825 lxrv,
401 5761 487 5816 5‘2.
564 5761 610 5794 "
640 5753 815 5815 Galat.
850 5773 889 5827 ι,
933 5753 1018 5810 16.

1079 5614 1125 5644 ⁸⁸
1153 5610 1262 5666 Jer.
1291 5623 1480 5670 vam,

1527 5572 1634 5659 iii?
1676 5572 1722 5635 λς

2133 5572 2329 5661 ξῖίιξὶῆί
2364 5605 2414 5661 ιἱ
2437 5588 2493 5640 7.
2521 5581 2818 5661 ηδθ-Ειιρὰ.
2868 5576 3115 5661 mgni}.
3264 5572 3429 5661 'Prov.

817 5672 915 5739 oo'l
943 5683 1136 5740 Thess.
1170 5698 1226 5742 v,
1260 5680 1347 5734 l9.
1420 5680 1464 5710 ἰ
1494 5675 1691 5730 Jerem.
1723 5689 1797 5742 tv,
1827 5672 1914 5724 51.

1371 5722 1740 5817 XVII,"1-i.m";
1759 5722 1922 5801 'J'oan.
1959 5751 2077 5804 xm,
2114 5734 2202 5790 18.
2279 5732 2324 5764 ’⁸
2352 5728 2485 5787 Luc.
2520 5741 2595 5794 vr,
2630 5722 2719 5783 16.

1991 5642 2325 5722 ἱῖίιιὶῗὶᾗ.
2356 5642 2445 5713 49.
2516 5656 2565 5689 ⁸³
2592 5652 2788 5707 Ezech.
2822 5642 2975 5710 xvm,
3003 5647 3093 5701 25.
3183 5646 3231 5677 ’⁸
3260 5642 3393 5698 Luc.

1999 5751 2077 5782 ιιι-
2114 5734 2202 5782 18.
2279 5732 2324 5764 ’⁸
2352 5728 2485 5782 Luc.
2520 5741 2595 5782 vt.
2630 5722 2719 5782 16.
2824 5723 2869 5754 ⁹⁹
2908 5717 3098 5782 Matth.
3137 5732 3265 5781 xxv,
3296 5715 3387 5770 Μ.

3083 5756 3098 5772 ο
3138 5751 3265 5781 AI“,
3296 5751 3387 5770 ’.ΠΟ
