3812 6224
477 311 617 370 1373

1083 306 1141 360 S.
1184 302 1558 359 ATHAN'ASH
1600 301 1749 356 OPP.
1792 300 1971 355 PARS
2006 298 2071 353 11.
2111 328 2178 340 -
2234 296 2592 352 EPISTOLJE
2634 292 3161 350 HEORTASTICxE.

3602 292 3710 346 1376

477 441 584 496 qua
612 441 720 480 non
754 424 1016 480 referant.
1053 423 1119 476 Et
1146 422 1261 476 sive
1297 430 1536 489 tempora
1571 433 1761 473 serena
1797 418 1907 472 sint
1935 417 2046 471 sive
2077 421 2120 478 Α
2152 416 2381 484 quisque
2421 423 2666 469 tenentes
2692 413 3066 482 virgam,quae
3094 412 3161 464 de
3187 411 3352 480 stirpe
3383 406 3708 473 Jessahxiit.

479 518 730 581 molesta,
757 517 860 586 ipsi
890 515 1104 585 quidem
1121 513 1227 584 45
1245 512 1448 583 gratias
1472 510 1919 578 laudationesque
1936 509 2046 562 Deo

474 609 742 665 extollunt
763 608 872 676 (41)
894 625 907 673 ;
941 605 1197 674 nullaque
1214 602 1591 672 temporalium
1610 599 2044 654 vicissitudinum

480 699 691 752 ratione
718 697 920 763 habita,
942 695 1110 749 Deum
1143 704 1447 763 temporum
1481 690 1761 744 dominum
1797 689 2043 744 adorant.

474 789 694 843 Primus
722 789 941 858 quidem
977 788 1064 841 ille
1092 785 1263 840 Jobus
1292 784 1536 839 omnium
1570 781 2046 836 constantissimus

475 883 567 951 qui
603 882 657 935 in
688 896 866 935 rerum
896 879 1227 934 abundantia
1260 884 1510 930 versatus
1543 873 1740 936 fuerat,
1769 873 1841 926 ita
1868 888 2050 928 cense-

475 975 602 1041 bat;
633 973 762 1028 dum
819 981 1124 1042 angeretur,
1157 969 1463 1032 tolerabat;
1513 968 1642 1021 dum
1690 966 2045 1029 cruciaretur,

474 1063 678 1128 gratias
707 1062 958 1131 agebat‘.
1007 1059 1097 1114 Sic
1137 1059 1300 1112 etiam
1349 1057 1574 1112 humilis
1611 1056 1698 1110 ille
1730 1054 1898 1109 David
1930 1055 2048 1123 ipso

475 1153 845 1208 tribulationis
883 1161 1124 1220 tempore
1151 1149 1415 1219 psallebat
1435 1148 1623 1203 dicens
1644 1149 1663 1178 ²
1691 1165 1704 1200 :
1738 1165 1756 1198 ι
1778 1146 2047 1200 Benedico

476 1245 770 1298 Dominum
803 1243 951 1297 omni
985 1253 1245 1312 tempore.
1278 1261 1296 1294 ι
1331 1241 1530 1296 Beatus
1561 1238 1796 1308 denique
1825 1236 2044 1300 Paulus,

394 1353 398 1358 '
475 1338 625 1390 nulla
657 1335 1048 1406 propemodum
1072 1335 1124 1388 in
1157 1333 1396 1403 Epistola
1425 1349 1456 1387 a
1485 1332 1672 1402 gratiis
1705 1330 1926 1400 agendis
1954 1329 2047 1382 de-

474 1429 718 1492 sinebat;
740 1443 840 1482 nec
862 1427 1066 1497 requiei
1089 1427 1422 1496 indulgebat,
1437 1426 1548 1478 imo
1569 1438 1699 1478 vero
1715 1421 2048 1491 gloriabatur

476 1521 530 1572 in
560 1519 1070 1582 tribulationibus’;
1106 1519 1309 1574 sciebat
1345 1516 1512 1576 enim,
1550 1533 1567 1565 ι
1599 1513 1742 1584 quod
1772 1513 2046 1566 tribulatio

473 1612 789 1678 patientiam
829 1621 1101 1680 operatur,
1134 1611 1395 1680 patientia
1428 1617 1606 1662 autem
1650 1606 2044 1676 probationem,

475 1686 722 1773 probatio
747 1718 878 1756 vero
904 1717 1220 1771 spem,spes
1247 1710 1427 1755 autem
1462 1715 1570 1753 non
1599 1697 2038 1754 confunditur‘.»

2149 518 2487 577 nostrosque
2534 506 2696 577 pedes
2749 505 3063 575 evangelico
3111 511 3370 572 apparatu
3417 504 3708 566 calciant:-s,

2149 597 2452 666 festumque
2475 606 2714 666 agentes,
2748 603 2807 648 ut
2829 595 2903 648 ait
2926 592 3218 649 Paulus“:
3252 613 3270 644 ι
3308 593 3435 648 Non
3470 592 3710 649 fermento

2150 699 2350 754 vetere,
2386 689 2478 744 sed
2498 705 2689 760 azymo
2706 687 2956 758 puritatis
2974 701 3036 741 ac
3057 687 3328 754 veritatis;
3353 705 3376 739 ι
3410 689 3707 756 promitten-

2151 793 2231 836 tes
2259 781 2310 834 in
2325 796 2488 849 super
2523 789 2740 834 nosmet
2771 780 3122 835 reconciliare
3155 780 3210 833 in
3237 780 3438 835 timore
3465 779 3605 835 bono
3633 796 3707 850 per

2149 872 2461 936 Christum;
2497 886 2527 926 a
2561 872 2666 926 lide
2689 887 2814 941 erga
2855 887 2979 927 eum
3019 887 3299 942 nunquam
3339 873 3705 937 desciscentes,

2149 979 2247 1019 nec
2273 979 2396 1019 cum
2428 963 2696 1018 haereticis
2726 979 2825 1018 nos
2851 964 3178 1033 polluentes,
3218 973 3312 1018 aut
3339 981 3472 1020 cum
3511 967 3609 1022 illis
3631 971 3706 1038 qui

2147 1063 2298 1109 extra
2317 1055 2594 1109 veritatem
2615 1065 2916 1116 versantur,
2935 1071 3165 1125 quorum
3179 1055 3455 1111 desideria
3473 1073 3537 1114 ac
3553 1076 3707 1116 mores

2148 1143 2340 1211 abjecti
2373 1152 2539 1208 sunt;
2573 1159 2673 1198 nec
2701 1159 2808 1196 non
2836 1143 2942 1215 47
2978 1146 3032 1198 in
3063 1146 3515 1202 tribulationibus
3549 1149 3706 1204 laetitia

2150 1235 2466 1306 gestientes,
2493 1235 2722 1290 ferream
2755 1238 2901 1291 illam
2929 1241 3384 1310 tenebrosamque
3415 1252 3706 1314 praetergre-

2147 1325 2361 1379 diemur
2387 1325 2661 1382 fornacem
2686 1328 2750 1393 “,
2790 1343 2853 1384 ac
2879 1329 2996 1383 sine
3029 1329 3354 1388 detrimento
3387 1337 3704 1389 tremendum

2149 1417 2277 1470 illud
2311 1417 2552 1472 Rubrum
2583 1435 2732 1474 mare
2773 1422 3112 1478 tranabimus
3141 1426 3205 1477 ".
3239 1425 3418 1494 Atque
3456 1428 3528 1481 ita
3563 1429 3708 1482 δυσυ-

2149 1523 2240 1563 sos
2264 1509 2471 1577 pudore
2499 1512 2780 1566 brereticos
2801 1522 3126 1580 spectantes,
3143 1530 3406 1584 magnam
3435 1517 3581 1570 illam
3602 1535 3707 1571 cuzu

2149 1601 2308 1655 beato
2335 1600 2515 1672 Moyse
2545 1601 2758 1656 laudem
2784 1618 3065 1668 canemus,
3095 1607 3338 1662 dicentes
3359 1608 3439 1662 ¹³;
3475 1628 3492 1658 ι
3517 1607 3705 1662 Laude-

2151 1709 2274 1748 mus
2314 1692 2604 1748 Dominum
2623 1675 2656 1757 ,’
2685 1695 2921 1764 gloriose
2958 1697 3103 1750 enim
3145 1697 3536 1767 magnificatus
3573 1711 3662 1753 est.
3688 1724 3702 1750 ι

477 1793 534 1847 Si
565 1810 666 1849 nos
700 1794 880 1863 itaque
907 1793 1223 1862 hujusmodi
1259 1793 1507 1847 homines
1527 1791 1884 1859 imitabimur,
1920 1792 2040 1844 nul-
2077 1773 2117 1826 Β
2150 1789 2241 1844 Sic
2276 1799 2577 1855 cantantes,
2607 1799 2660 1845 et
2683 1801 2962 1861 peccatum
2993 1800 3234 1848 nostrum
3271 1793 3614 1848 submersum
3642 1796 3706 1845 vi-

473 1888 584 1940 lum
603 1886 760 1941 nobis
781 1886 1024 1940 elabetur
1056 1893 1288 1953 tempus,
1312 1899 1422 1953 quo
1442 1884 1644 1954 gratias
1667 1899 1772 1938 non
1795 1899 2040 1954 agamus.

473 1975 539 2030 Et
569 1992 714 2030 nunc
755 1977 974 2045 quidem
1010 1975 1294 2045 potissime
1327 1990 1451 2030 cum
1492 1984 1705 2044 tempus
1738 1975 2045 2029 tribulatio-

476 2081 602 2119 num
638 2073 755 2127 est,
785 2081 923 2134 quas
968 2065 1206 2120 haeretici
1249 2065 1511 2120 adversus
1541 2082 1642 2121 nos
1681 2068 2042 2130 concitarunt,

473 2157 677 2225 gratias
731 2172 890 2224 agere
941 2156 1172 2210 Domino
1214 2157 1510 2220 debemus,
1542 2158 1704 2212 verba
1733 2167 2042 2214 sanctorum

474 2257 801 2315 usurpantes
821 2247 871 2299 ἐ
904 2263 922 2295 ι
951 2244 1074 2299 llaec
1103 2247 1288 2299 omnia
1313 2258 1580 2300 venerunt
1603 2263 1766 2316 super
1797 2263 1918 2311 nos,
1946 2265 2046 2303 nec

473 2337 624 2391 obliti
666 2352 858 2391 sumus
885 2347 954 2392 te.
983 2355 1001 2387 ι
1024 2335 1336 2389 Judazorum
1359 2346 1539 2390 autem
1562 2337 1807 2406 exempla
1831 2347 2044 2392 sectan-

473 2437 574 2494 tes,
606 2428 698 2498 qui
722 2428 856 2481 nihil
881 2432 946 2480 de
971 2427 1137 2480 animi
1164 2427 1349 2496 vigore
1371 2428 1738 2491 remittebant,
1764 2445 1886 2482 cum
1921 2429 2045 2483 ldu-

474 2535 734 2574 mmorum
754 2520 946 2574 audaci
968 2520 1172 2588 impetu
1201 2520 1572 2588 pulsarentur,
1591 2530 1645 2574 et
1670 2521 1767 2575 abs
1793 2521 2044 2577 llierusa-

473 2610 576 2664 lem
620 2611 868 2665 hostibus
909 2611 1236 2665 detrimenta
1267 2619 1596 2680 paterentur,
1635 2611 1727 2694 sed
1778 2621 1908 2667 tunc
1944 2613 2046 2666 im-

474 2703 698 2771 pensius
731 2702 844 2756 Deo
877 2703 1184 2768 canebant;
1224 2704 1298 2757 ita
1335 2713 1388 2757 et
1425 2719 1546 2769 nos,
1590 2704 1784 2758 fratres
1817 2705 1920 2760 mei
1963 2707 2046 2760 di-

473 2791 617 2854 lecti,
657 2808 780 2846 cum
812 2809 842 2846 a
875 2794 1040 2847 verbo
1071 2793 1165 2848 Dei
1195 2794 1426 2848 dicendo
1454 2795 1802 2864 impedimur,
1833 2805 1962 2850 tunc
1994 2797 2046 2850 id

473 2884 848 2938 vehementius
871 2885 1163 2952 praedicare
1190 2886 1474 2952 debemus,
1501 2895 1556 2941 et
1581 2903 1778 2942 canere
1807 2904 1931 2942 cum
1956 2889 2047 2942 tri-

475 2974 754 3039 I:u|amur;
800 2983 860 3028 ut
901 2974 1049 3044 digni
1091 2975 1265 3030 simus
1299 2985 1669 3046 contemptum
1709 2989 1873 3048 atque
1908 2994 2048 3032 aeru-

475 3081 658 3118 mnam
683 3080 781 3133 pro
816 3065 1042 3120 veritate
1095 3067 1224 3134 pati.
1257 3067 1368 3138 46
1395 3065 1632 3122 Omnino
1665 3084 1789 3123 cum
1833 3069 2048 3124 damnis

471 3156 758 3221 allicimur,
781 3167 906 3212 tunc
933 3159 1118 3228 gratiae
1144 3175 1174 3213 a
1199 3160 1354 3214 nobis
1371 3159 1591 3230 agendae
1608 3170 1757 3216 sunt.
1776 3159 1866 3216 Sic
1880 3163 2041 3216 etiam

473 3247 665 3302 beatus
696 3247 898 3303 Paulus
937 3250 1087 3303 omni
1119 3259 1358 3319 tempore
1397 3253 1599 3322 gratias
1622 3253 1845 3323 agebat;
1885 3262 2046 3322 atque

472 3344 534 3389 ut
560 3336 675 3404 pari
722 3352 906 3392 secum
945 3339 1126 3392 studio
1165 3339 1233 3393 ad
1281 3339 1450 3395 Deum
1483 3337 1828 3407 accedamus,
1859 3344 2045 3398 horta-

473 3424 633 3479 batur
681 3426 938 3481 dicens“:
988 3426 1322 3485 «Potitiones
1368 3442 1560 3486 vestrae
1597 3447 1720 3486 cum
1748 3433 2046 3502 gratiarum

473 3518 685 3574 actione
734 3518 1081 3574 innotescant
1135 3523 1280 3590 apud
1320 3521 1512 3578 Deum.
1546 3541 1562 3574 ι
1603 3521 1731 3577 Vult
1763 3534 1943 3579 autem
1978 3541 2046 3581 ne

471 3622 713 3676 unquam
733 3626 761 3662 a
781 3610 869 3663 tali
884 3610 1152 3666 desiderio
1165 3612 1504 3678 desinamus,
1523 3614 1650 3669 dum
1669 3617 1775 3670 ait:
1797 3617 1815 3647 ⁷
1847 3636 1864 3666 ι
1887 3616 2045 3670 Omni

473 3703 716 3764 tempore
760 3699 964 3766 gratias
1011 3698 1174 3768 agite,
1217 3700 1336 3754 sine
1381 3701 1786 3758 intermissione
1829 3714 2040 3759 orate.»

477 3780 694 3839 Sciebat
723 3789 890 3854 enim,
921 3790 1066 3858 quod
1101 3792 1227 3845 dum
1271 3792 1454 3847 ﬁdeles
1482 3795 1686 3864 gratias
1730 3807 1915 3866 agunt,
1948 3813 2046 3866 po-

475 3886 650 3930 tentes
675 3887 838 3944 sunt;
876 3888 932 3933 et
968 3882 1114 3950 quod
1143 3881 1271 3936 dum
1311 3885 1605 3950 exsultant,
1638 3888 1839 3942 muenia
1867 3887 2048 3942 inimi-

473 3984 663 4022 corum
711 3973 1034 4039 pervadunt.
1078 3971 1239 4028 Velut
1272 3975 1346 4028 illi
1383 3977 1580 4043 sancti,
1610 3978 1703 4047 qui
1737 3980 1954 4034 aiebant
1979 3982 2000 4010 ⁸
2030 3999 2043 4036 :

479 4081 496 4110 ι
536 4060 735 4116 Tecum
771 4064 1024 4120 inimicos
1047 4074 1267 4122 nostros
1293 4071 1754 4137 expugnabimus;
1786 4088 1908 4125 cum
1937 4071 2045 4127 Deo

473 4170 594 4208 tneo
630 4158 993 4227 transgrediar
1044 4175 1284 4214 murum.
1321 4181 1339 4213 ι
1372 4161 1462 4216 Sic
1491 4162 1630 4216 firmi
1671 4179 1882 4232 semper
1921 4182 2044 4234 per-

472 4257 701 4312 stantes,
749 4266 895 4306 nunc
950 4253 1240 4323 praecipue,
1275 4255 1379 4308 etsi
1435 4260 1622 4309 multa:
1664 4257 2045 4313 tribulationes

472 4351 618 4405 sunt,
654 4345 916 4414 multique
953 4347 1217 4402 adversus
1249 4363 1347 4404 nos
1383 4347 1625 4404 furentes
1658 4349 1926 4418 haeretici;
1963 4351 2044 4403 ni-

469 4434 785 4501 hilominus,
801 4438 996 4491 fratres
1022 4440 1126 4493 mei
1147 4440 1351 4502 dilecti,
1366 4455 1490 4494 cum
1510 4441 1808 4509 gratiarum
1833 4442 2046 4496 actione

469 4528 612 4597 quod
633 4529 790 4583 nobis
811 4531 972 4584 modo
995 4532 1395 4600 appropinquat
1425 4540 1670 4585 sanctum
1687 4531 1892 4586 Pascha
1925 4549 2046 4601 per-

469 4637 714 4689 agemus,
737 4621 997 4676 succincti
1012 4623 1229 4679 lumbos
1250 4625 1596 4679 conscientiae
1617 4634 1837 4683 nostrae.
1853 4642 2045 4694 quem-

468 4713 757 4767 azlmodum
807 4712 1058 4768 Salvator
1112 4727 1298 4770 noster
1342 4715 1500 4770 Jesus
1527 4717 1806 4779 Christus,
1839 4719 1904 4771 de
1934 4733 2042 4787 quo

469 4802 728 4871 scriptum
762 4806 920 4858 est”:
953 4804 1210 4861 «Justitia
1261 4809 1365 4862 erit
1414 4809 1688 4878 cingulum
1731 4809 2037 4864 lumborum

472 4893 607 4961 ejus,
629 4903 683 4947 et
714 4893 844 4950 ﬁdes
870 4895 1190 4954 cinctorium
1223 4914 1412 4952 renum
1456 4900 1598 4968 ejus.
1625 4918 1642 4949 ι
1679 4897 1840 4953 Manu
1873 4915 2028 4954 unus-

542 5097 556 5125 ¹
597 5094 700 5149 Job
731 5112 770 5158 ι,
805 5096 894 5150 21.
995 5098 1016 5127 ⁸
1055 5095 1198 5150 Psal.
1247 5112 1444 5159 xxxiii,
1478 5099 1533 5151 2.

467 5182 480 5198 ο
535 5167 550 5217 Ι
593 5169 788 5220 'l‘liess.
822 5183 878 5230 v,
937 5167 1022 5225 18.
1074 5169 1155 5220 17.

469 5238 512 5272 ⁸³
552 5236 713 5291 llebr.
735 5253 810 5300 x2,
830 5239 918 5292 ‘29.
1003 5239 1045 5270 ⁸³
1073 5237 1242 5293 Exod.

1631 5100 1651 5130 ³
1685 5099 1842 5153 Rom.
1866 5116 1916 5164 v,
1951 5100 2002 5152 5.

1319 5257 1408 5303 xv,
1446 5241 1492 5292 1.
1574 5242 1614 5270 ¹¹⁵
1654 5239 1784 5294 Luc.
1815 5257 1962 5304 xxiv,
1998 5241 2048 5294 ὃ.

544 5485 657 5549 fit)
685 5483 764 5538 Ita
791 5482 950 5540 Joan.
984 5484 1404 5555 Chrysostomus
1444 5484 1636 5555 (ut_est
1670 5482 1724 5555 in
1750 5481 1868 5555 ejus
1902 5496 2036 5555 nova

472 5555 591 5607 Vita
617 5555 757 5622 apud
784 5569 905 5618 nos,
931 5552 1157 5608 auctore
1191 5552 1478 5609 Theodoro
1513 5553 1896 5607 Trimithuntis
1925 5552 2036 5618 epi-

472 5625 696 5694 scopo);
735 5627 893 5677 morti
925 5625 1206 5694 proximus
1233 5626 1284 5678 in
1312 5626 1526 5688 exsilio,
1553 5624 1734 5678 aiebat
1757 5638 1906 5694 more
1928 5623 2032 5675 sibi

471 5693 668 5754 solito:
701 5694 826 5760 δόξα
854 5694 933 5764 τῷ
959 5693 1076 5762 Θεῷ
1105 5696 1314 5749 πάντων]
1343 5695 1547 5755 ἕνεκεν,
1573 5694 1740 5764 gloria
1771 5693 1874 5750 Deo
1911 5709 2031 5768 pro-

2128 5097 2148 5128 ³
2173 5099 2300 5151 ibid.
2338 5100 2456 5153 3-5.

1273 5170 1293 5198 “
1325 5169 1468 5249 Psal:
1511 5186 1670 5249 xerit,
1713 5174 1784 5234 6;
1841 5187 1971 5230 xvii.

2147 1885 2361 1948 dentes,
2398 1882 2676 1937 desertum
2711 1898 2927 1952 quoque
2955 1884 3438 1952 pertransibimus.
3492 1883 3707 1952 Denique

2148 1974 2345 2044 praevia
2393 1983 2579 2028 nostra
2633 1974 2777 2027 intra
2821 1973 3293 2043 quadragesimam
3349 1975 3706 2044 purificatione

2147 2079 2243 2133 per
2275 2078 2481 2132 preces,
2510 2063 2738 2133 jejunia,
2770 2065 3052 2134 bonosque
3080 2081 3261 2121 mores
3298 2076 3359 2122 et
3385 2083 3573 2136 opera,
3598 2084 3706 2122 san-

2147 2164 2295 2208 ctum
2335 2169 2554 2223 quoque
2608 2155 2749 2210 intra
2803 2154 3138 2211 Hierusalem
3179 2155 3394 2212 Pascha
3446 2161 3703 2216 comedere

2147 2243 2306 2297 nobis
2333 2243 2535 2297 licebit.

2217 2337 2268 2390 6.
2315 2335 2996 2407 Quadragesimaainitium
3028 2347 3111 2394 est
3159 2339 3246 2393 die
3294 2340 3496 2409 quinto
3525 2339 3701 2394 mensis

2147 2426 2503 2484 Phamenoth.
2538 2427 2604 2482 Et
2633 2439 2921 2499 postquam
2970 2430 3054 2484 his
3088 2431 3278 2485 diebus
3311 2432 3579 2500 purificati
3606 2430 3701 2484 fue-

2151 2519 2345 2585 rimus,
2378 2529 2439 2574 ut
2484 2519 2594 2591 jam
2650 2521 2786 2586 dixi,
2834 2536 2900 2576 ac
2942 2521 3082 2575 bene
3131 2523 3460 2592 comparati,
3514 2521 3699 2577 Sancta

2149 2611 2501 2666 hebdomadas
2551 2611 2734 2681 magni
2777 2610 3060 2665 Paschalis
3100 2613 3317 2665 initium
3351 2612 3605 2668 faciemus
3629 2613 3701 2666 die

2149 2701 2466 2758 Pharmuthi
2495 2703 2740 2758 decimo:
2763 2718 2872 2772 quo
2899 2712 3159 2771 tempore,
3183 2702 3389 2759 fratres
3417 2705 3545 2767 mei,
3568 2719 3694 2758 exer~

2149 2811 2271 2849 oere
2306 2803 2520 2851 nosmet
2549 2795 2811 2849 debemus
2836 2794 3072 2849 assiduis
3109 2795 3476 2863 orationibus,
3504 2797 3700 2865 jejuniis

2149 2899 2310 2958 atque
2332 2888 2554 2956 vigiliis,
2592 2896 2652 2941 ut
2698 2896 2880 2957 postes
2928 2896 3146 2942 nostros
3188 2888 3432 2957 pretioso
3465 2889 3703 2959 sanguine

2149 2978 2423 3046 possimus
2465 2978 2747 3048 inungere,
2780 2987 2834 3032 et
2879 2978 3356 3032 exterminatorem
3409 2980 3591 3034 vitare.
3628 2978 3700 3030 l-‘i-

2150 3073 2362 3126 niemus
2385 3081 2564 3125 autem
2595 3069 2801 3139 jejunia
2839 3070 2928 3125 die
2957 3086 3025 3124 xv
3060 3069 3405 3126 Pharmuthi.
3434 3071 3498 3126 Et
3525 3087 3634 3126 cum
3656 3072 3702 3128 in

2149 3179 2372 3233 vespere
2391 3162 2614 3217 Sabbati
2646 3163 2928 3218 audiemus
2945 3164 3188 3218 dicentes
3212 3165 3438 3234 angelos
3459 3166 3500 3196 “
3523 3183 3534 3218 :
3564 3183 3580 3215 ι
3608 3163 3700 3217 Cur

2148 3255 2391 3325 quaeritis
2423 3256 2690 3310 viventem
2721 3257 2860 3310 inter
2892 3257 3171 3310 mortuos?
3201 3258 3443 3312 surrexit
3467 3277 3478 3312 :
3502 3277 3520 3308 ›
3541 3256 3699 3311 statim

2150 3348 2308 3402 nobis
2337 3363 2531 3418 magna
2585 3346 2863 3402 Dominica
2910 3347 3206 3414 illucescet,
3233 3348 3342 3415 die,
3368 3350 3600 3419 inquam,
3625 3364 3700 3402 xvi

2147 3439 2388 3508 ejusdem
2438 3439 2642 3494 mensis
2690 3437 3032 3503 Pharmuthi,
3075 3454 3186 3508 quo
3234 3439 3498 3495 Dominus
3539 3451 3700 3493 noster

2147 3530 2464 3594 resurrexit,
2495 3531 2589 3600 qui
2623 3531 2780 3585 nobis
2822 3545 3010 3600 pacem
3058 3545 3186 3585 cum
3226 3532 3492 3600 proximis
3522 3531 3697 3584 nostris

2146 3621 2369 3675 donavit
2403 3622 2536 3691 (42).
2558 3620 2648 3676 Sic
2671 3620 2868 3676 festum
2899 3631 3117 3690 agentes
3142 3622 3297 3690 juxta
3327 3622 3447 3691 ejus
3474 3623 3695 3676 volunta-

2147 3721 2277 3777 trm,
2313 3720 2368 3767 et
2401 3712 2531 3767 huic
2557 3721 2758 3767 sanctae
2789 3711 3087 3768 Dominieae
3120 3714 3491 3768 hebdomadas
3517 3722 3692 3782 septem

2149 3805 2527 3874 adjungentes,
2567 3804 2819 3859 videlicet
2876 3805 3024 3860 illius
3079 3804 3450 3868 Pentecostes,
3503 3807 3554 3858 in
3604 3819 3692 3872 qua

2149 3895 2385 3963 Spiritus
2432 3896 2661 3964 gratiam
2709 3896 3054 3965 recipiemus,
3084 3910 3297 3966 semper
3342 3899 3565 3953 Domino
3598 3894 3694 3965 48

2147 3987 2348 4054 gratias
2381 4002 2639 4055 agemus;
2669 4003 2766 4056 per
2797 4003 2956 4057 quem
2993 3989 3162 4058 gloria
3209 3990 3282 4044 sit
3333 4000 3389 4044 et
3436 3989 3692 4057 imperium

2146 4076 2293 4131 Patri
2330 4093 2424 4147 per
2455 4078 2718 4146 Spiritum
2747 4087 2997 4133 sanctum
3050 4080 3105 4134 in
3151 4082 3348 4136 szecula
3375 4081 3686 4138 saaculoru‘m.

2145 4169 2336 4226 Amen.

2218 4260 2459 4314 Salutate
2482 4275 2672 4315 omnes
2701 4276 2825 4315 cum
2855 4262 3042 4316 osculo
3074 4273 3283 4316 sancto.
3316 4261 3560 4316 Salutant
3590 4275 3687 4320 vos,

2146 4351 2238 4420 qui
2289 4368 2502 4406 mecum
2550 4362 2697 4416 sunt,
2729 4353 2945 4406 fratres.
2994 4355 3121 4416 Oro,
3155 4352 3352 4410 fratres
3384 4355 3483 4408 mei
3511 4350 3685 4412 diter-ti,

2080 4476 2118 4528 υ
2148 4453 2208 4498 ut
2239 4444 2360 4498 sitis
2392 4443 2712 4509 incolumes,
2747 4453 2802 4497 et
2832 4445 3001 4498 nostri
3047 4445 3102 4498 in
3135 4443 3365 4499 Domino
3394 4457 3656 4499 memores.

2221 4533 2452 4604 Explicit
2481 4535 2706 4604 epistola
2734 4536 2892 4589 tertia
2922 4534 3135 4590 festalis
3161 4537 3335 4591 sancti
3361 4532 3644 4590 Athanasii.

2694 4646 3030 4703 EPISTOLA
3085 4647 3172 4703 IV.

2715 4726 2820 4788 (Ch.
2849 4739 2976 4775 anno
3010 4728 3142 4786 552.)

2146 4823 2402 4862 EPISTOLA
2441 4823 2652 4871 QUARTA
2691 4824 2944 4863 FESTALIS
2981 4824 3126 4862 PAPE
3159 4824 3435 4862 ΑτωΜειι
3465 4823 3525 4860 DE
3553 4816 3684 4857 DOI."

2214 4918 2332 4956 NICA
2375 4917 2685 4967 PASCHATIS,
2718 4918 2834 4964 ρυλε
2877 4917 3014 4956 ERAT
3038 4918 3128 4956 ωε
3154 4919 3265 4958 XVII
3304 4915 3610 4963 PHABIUTBI,
3638 4910 3680 4948 IV

2559 5101 2579 5131 '
2611 5099 2752 5153 Psal.
2805 5117 2960 5165 um,
2992 5101 3078 5154 18.

2654 5173 2694 5202 ιο
2729 5171 2745 5223 l
2776 5173 2898 5226 Cor.
2925 5189 2976 5238 ν,
3013 5172 3064 5225 8.

3210 5101 3478 5169 'Philipp.
3524 5114 3587 5161 Iv,
3631 5095 3674 5146 6.

2193 5172 2213 5200 ⁸
2247 5171 2348 5224 lsa.
2400 5187 2471 5235 xi,
2502 5170 2554 5226 5.
2654 5173 2694 5202 ¹⁰
2729 5171 2745 5223 Ι
2776 5173 2898 5226 Cor.
2925 5189 2976 5235 ν,
3013 5172 3064 5225 8.
3165 5175 3204 5204 ¹²
3239 5172 3454 5227 Denter.
3505 5185 3570 5232 iv,
3600 5169 3673 5219 ευ.

2140 5493 2256 5549 pter
2291 5483 2502 5544 omnia;
2545 5481 2744 5550 quibus
2791 5480 2843 5533 in
2881 5480 3059 5535 verbis
3089 5481 3169 5534 vir
3218 5480 3375 5537 divus
3411 5487 3459 5533 ct
3495 5483 3667 5542 usque-

2140 5553 2640 5622 quaquegmirabilis
2657 5551 2969 5618 exspiravit.

2207 5607 2315 5690 (ιέ)
2357 5620 2559 5692 Nempe
2607 5631 2729 5674 ante
2756 5607 2991 5674 Isacraln
3039 5623 3280 5692 synaxim
3325 5619 3590 5678 mandatur
3616 5607 3662 5666 ἰὶι

2134 5693 2362 5772 liturgiis
2392 5691 2626 5748 fraterna
2655 5693 2995 5748 condouatio.
