3812 6224
124 333 248 386 ίῖξιἹ
727 336 783 390 S.
827 336 1197 393 ATHANASII
1240 338 1390 394 OPP.
1427 339 1606 393 PARS
1645 337 1708 392 II.
1749 367 1818 380 -—-
1861 337 2226 395 EPISTULA:
2267 340 2794 398 ΠΕΟΒΤΑΞΤΙΟΑΞ.
3255 343 3388 400 I553

123 452 217 507 illis
246 453 634 508 tantummodo
664 470 809 510 cura:
840 466 959 512 erat
989 457 1339 527 Evangelium
1372 461 1696 529 praedicare;
1732 460 1778 516 Α
1803 461 2132 528 volutantes,
2163 464 2306 518 haud
2339 463 2584 532 cogitant
2629 465 2733 518 alia
2785 479 2909 520 esse
2955 465 3181 520 meliora
3223 481 3388 534 quam

121 541 203 597 θεά
234 541 277 595 si
314 548 525 595 attente
560 542 860 608 intuemur,
893 547 1082 614 utique
1120 547 1383 616 scriptum
1420 548 1625 600 cerniIn

1881 571 1918 610 re
1941 555 2203 620 visibilia,
2240 557 2293 610 in
2321 559 2520 627 quibus
2549 558 2652 628 ipsi
2691 559 3045 613 constitutam
3075 557 3386 615 felicitatem

123 633 306 689 Christi
335 632 609 688 virtutem
665 635 720 688 in
765 636 899 705 ipsis
943 635 1113 692 fuisse
1160 636 1580 692 manifestatam.
1616 639 1697 691 Ad
1803 649 2174 716 arbitrantur;
2205 649 2444 719 dumque
2475 651 2560 704 his
2593 652 2872 718 ιπηιυηιυιι,
2925 667 3035 706 non
3070 650 3181 707 Deo
3211 651 3390 706 fam“-

121 726 422 782 Corinthios
445 729 602 782 enim
623 728 696 783 ita
728 727 976 800 (Paulus)
1033 729 1306 786 scribebat
1345 731 1388 762 ³³
1421 750 1435 786 2
1472 750 1490 782 ε
1515 730 1698 784 Imita-
1802 741 2005 806 lantur,
2043 743 2136 796 sed
2162 741 2622 811 concupiscentiis
2649 743 2784 797 suis,

122 830 252 875 tores
282 820 384 874 mei
415 829 620 875 estote.
653 839 672 872 I
714 819 834 875 Jam
890 821 1036 892 quod
1081 823 1312 893 singulis
1355 826 1694 894 perscripsit,
1870 833 1922 886 3.
1963 833 2032 886 At
2065 833 2210 886 enim
2265 830 2502 886 Verbum
2574 834 2704 889 illud
2762 843 3046 904 tantopere
3096 835 3382 888 hominum

123 910 269 964 είηιυι
327 911 598 966 omnibus
667 920 830 981 atque
891 913 1094 983 ubique
1167 914 1506 984 imperabat.
1567 916 1694 984 quia
1801 939 2014 986 amans,
2051 940 2174 979 cum
2216 925 2358 979 hanc
2410 925 2482 978 ob
2531 941 2754 980 causam
2812 928 3110 993 advenerit,
3163 935 3222 980 ut
3267 944 3380 980 rem

123 1003 349 1058 omnium
379 1005 634 1075 gentium
666 1005 858 1059 doctor
892 1015 1010 1060 erat
1035 1006 1089 1059 in
1127 1005 1231 1061 lide
1283 1023 1347 1060 ae
1380 1007 1606 1062 veritate
1627 1008 1691 1062 ³⁸.
1797 1015 2063 1084 perditam
2090 1025 2299 1086 quaerat
2322 1028 2483 1086 atque
2530 1019 2799 1082 inveniat,
2848 1019 3158 1073 deterrehat
3189 1034 3285 1073 eos
3315 1019 3383 1072 ah

123 1095 338 1149 Prorsus
391 1096 767 1152 hortatorium
801 1099 906 1153 hoc
955 1097 1172 1167 jussum
1225 1107 1540 1152 sanctorum
1574 1115 1694 1153 om-
1798 1107 2112 1176 hujusmodi
2146 1108 2379 1175 insania,
2419 1110 2846 1180 cxciamansque
2879 1111 3056 1165 aiebat
3100 1111 3143 1142 “
3171 1128 3186 1164 :
3217 1129 3235 1161 ‹
3274 1109 3382 1164 Νο-

121 1187 255 1240 nium
283 1196 386 1242 est.
429 1185 556 1242 Jam
591 1198 644 1243 et
669 1187 926 1244 Salomon
977 1191 1032 1243 in
1068 1190 1341 1259 parabolis
1386 1191 1566 1245 aiebat
1599 1189 1640 1222 ³⁷
1677 1209 1690 1244 :
1798 1199 1890 1254 lite
1929 1199 2043 1254 ﬁeri
2069 1201 2210 1255 sicut
2239 1217 2414 1270 equus
2444 1202 2550 1272 33
2579 1210 2631 1257 et
2680 1204 2880 1266 mulus,
2919 1204 3116 1273 quibus
3156 1219 3263 1258 non
3297 1213 3382 1260 est

125 1297 141 1328 ι
171 1279 383 1343 Audite,
413 1280 540 1346 ﬁlii,
611 1281 956 1351 disciplinam
993 1283 1187 1352 patris,
1249 1293 1301 1337 et
1329 1283 1590 1337 attendite
1636 1291 1694 1336 ut
1797 1289 2104 1342 intellectus
2136 1309 2148 1344 :
2189 1290 2243 1343 in
2269 1305 2427 1346 ramo
2454 1300 2508 1345 et
2536 1289 2692 1344 freno
2723 1291 2975 1346 maxillas
3002 1292 3216 1346 illorum
3243 1308 3380 1347 con-

120 1373 438 1442 intelligatis.
469 1375 686 1428 Donum
715 1375 919 1430 bonum
971 1376 1043 1430 do
1076 1375 1256 1442 vobis,
1283 1375 1448 1430 verba
1479 1390 1601 1428 mea
1627 1390 1695 1429 ne
1796 1382 2104 1450 stringunt;
2134 1399 2153 1432 ι
2199 1390 2459 1450 tanquam
2492 1381 2701 1436 scilicet
2725 1382 3137 1451 desperatorum
3178 1393 3232 1438 et
3277 1385 3380 1438 ἰω-

119 1466 516 1535 derelinquatis.
554 1466 668 1538 Ego
702 1482 920 1538 quoque
963 1468 1108 1522 .‘ilius
1133 1467 1395 1523 obediens
1426 1468 1566 1536 patri
1593 1466 1690 1531 fui,
1795 1473 1982 1542 probis
2010 1471 2296 1526 similium.
2353 1470 2495 1526 Idem
2533 1473 2801 1542 propheta
2851 1473 2904 1526 in
2959 1472 3154 1543 spiritu
3185 1474 3380 1527 orabat

121 1564 168 1609 et
201 1557 426 1611 dilectus
459 1573 655 1611 coram
684 1569 856 1614 matre
908 1576 1084 1613 mea.»
1125 1557 1216 1614 Sic
1250 1559 1509 1628 optimam
1537 1559 1693 1613 insti-
1794 1562 1982 1616 dicens
2010 1561 2057 1593 ⁸³
2089 1579 2103 1614 :
2148 1580 2166 1612 ι
2204 1560 2408 1616 Fuistis
2435 1563 2568 1616 mihi
2599 1573 2854 1632 tanquam
2899 1562 3185 1617 Phoenices
3214 1578 3380 1633 nego-

119 1650 366 1703 tutionem
391 1650 684 1720 perﬁceret
725 1651 910 1720 justus
936 1663 1110 1721 pater,
1138 1667 1263 1706 cum
1294 1653 1490 1706 horum
1523 1654 1690 1706 ductu
1795 1655 2021 1709 tiatores
2071 1673 2117 1707 ι.
2164 1653 2319 1708 Ultor
2368 1670 2496 1709 vero
2558 1656 2781 1723 spiritus
2831 1656 2918 1710 his
2952 1657 3045 1725 qui
3105 1655 3376 1724 ejusmodi

119 1743 480 1811 exemplorum
518 1744 836 1799 erudiendis
881 1744 1004 1799 aliis
1059 1757 1288 1813 operam
1319 1743 1494 1798 daret.
1535 1743 1690 1809 Quod
1723 1802 1762 1813 _
1795 1755 1926 1801 sunt
1980 1746 2300 1800 adversatus
2357 1745 2434 1800 ita
2485 1754 2569 1800 est
2593 1745 2678 1800 "3:
2718 1764 2736 1797 ι
2782 1744 3033 1810 Domine,
3071 1746 3123 1799 in
3152 1747 3377 1800 civitate

118 1835 156 1887 si
191 1835 343 1889 aliter
364 1850 424 1890 se
454 1845 693 1905 gereret,
736 1836 1096 1905 ignominiam
1129 1837 1471 1906 experiretur
1521 1852 1554 1891 a
1604 1837 1689 1892 di-
1723 1802 1766 1858 Β
1798 1847 1889 1890 tua
1917 1835 2206 1906 imaginem
2249 1851 2439 1890 eorum
2501 1836 2928 1890 abominaberis.
2967 1855 2986 1888 ι
3044 1835 3148 1905 Ipsi
3191 1845 3374 1891 autem

120 1923 351 1978 rentibus
374 1925 480 1980 sibi
512 1925 560 1957 ³⁸
594 1944 606 1979 :
640 1925 717 1978 Tu
743 1926 835 1995 qui
859 1926 998 1980 alios
1039 1927 1246 1988 erudis,
1274 1934 1328 1980 te
1367 1925 1545 1995 ipsum
1579 1942 1687 1982 non
1797 1938 2054 1998 tanquam
2099 1927 2276 1981 insani
2328 1934 2500 1981 semet
2537 1925 3028 1994 transformantes,
3091 1927 3372 1996 proprium

120 2016 308 2070 erudis.
332 2015 506 2087 Igitur
543 2017 684 2087 trugi
723 2018 879 2072 illum
908 2034 1124 2073 servum
1179 2018 1363 2087 potius
1403 2017 1686 2084 imitando,
1794 2019 1992 2074 fallunt
2016 2017 2366 2072 ratiocinium
2391 2036 2406 2084 ;
2433 2027 2488 2072 et
2521 2018 2680 2087 quasi
2727 2018 2780 2071 vi
2823 2018 2996 2087 logica
3044 2032 3374 2088 magnopere

121 2109 296 2176 etipse
320 2109 425 2162 sibi
453 2110 681 2164 deberet
712 2111 996 2164 consulere
1052 2119 1106 2165 et
1134 2110 1258 2164 aliis
1305 2110 1594 2180 prodesse;
1627 2119 1689 2164 ut
1792 2111 2024 2181 praediti,
2053 2109 2145 2164 Dei
2177 2111 2502 2180 sapientiam
2560 2125 2673 2166 suae
2710 2109 3038 2174 assimilant,
3073 2110 3232 2163 talem
3263 2108 3374 2164 sci-

123 2199 333 2265 gratiam
361 2200 464 2254 sibi
491 2200 811 2254 attributam
833 2201 1140 2270 duplicans,
1181 2201 1255 2255 ita
1286 2216 1345 2256 se
1375 2202 1688 2270 compellari
1792 2202 1918 2258 licet
1949 2211 2289 2272 reputantes,
2317 2201 2501 2272 qualia
2535 2209 2665 2256 sunt
2711 2201 2932 2272 propria
2968 2200 3206 2270 opiﬁcia.
3235 2199 3374 2256 Hine

123 2289 315 2346 audiret
348 2309 359 2345 :
397 2308 416 2341 α
459 2290 635 2360 Euge,
665 2306 819 2346 serve
848 2292 988 2346 bone
1025 2302 1078 2347 et
1108 2293 1316 2347 ﬁdelis!
1365 2294 1495 2362 quia
1524 2308 1689 2364 super
1791 2295 1858 2349 de
1893 2294 2157 2363 sapientia
2183 2309 2280 2348 sua
2319 2301 2714 2362 praesumentes
2756 2298 2988 2357 tument,
3035 2291 3374 2361 gloriamque

126 2393 280 2446 pauca
304 2379 458 2436 fuisti
490 2381 688 2445 tidelis,
722 2397 886 2451 super
924 2383 1095 2437 multa
1129 2392 1179 2437 te
1215 2384 1566 2450 constituam,
1603 2385 1686 2438 in-
1792 2381 1886 2436 Dei
1913 2381 2664 2451 incorruptibilis.immntant
2702 2380 2768 2435 ad
2798 2376 3210 2436 similitudinem
3237 2383 3374 2436 ima-

122 2478 190 2522 Ira
219 2471 266 2524 in
298 2473 562 2540 gaudium
593 2473 803 2528 Domini
829 2477 906 2528 tui
930 2475 1028 2527 ³⁹.›
1790 2473 1980 2544 ginum
2042 2472 2284 2526 hominis
2322 2471 2715 2541 corruptibilis,
2750 2472 3077 2537 volatilium,
3125 2472 3371 2540 quadru-

183 2560 232 2612 2.
260 2581 277 2610 ι
310 2562 354 2614 Α
387 2564 553 2618 nobis
574 2580 790 2634 quoque
818 2565 994 2619 danda
1027 2579 1190 2634 opera
1245 2575 1348 2630 est,
1385 2573 1444 2620 ut
1470 2581 1686 2636 semper
1789 2564 2008 2634 pedum,
2068 2571 2229 2632 atque
2277 2563 2572 2632 reptilium.
2623 2560 2919 2631 Propterea
2971 2562 3203 2616 contulit
3248 2562 3372 2617 illos

122 2652 344 2718 quidem,
372 2655 470 2709 sed
496 2656 691 2710 diebus
723 2658 995 2726 praecipue
1043 2655 1350 2722 testaiibus,
1391 2671 1500 2710 non
1526 2657 1682 2711 audi-
1789 2647 1934 2704 Deus
1959 2650 2012 2704 in
2041 2657 2276 2705 mentem
2337 2649 2652 2719 reprobam,
2709 2657 2770 2704 ut
2824 2649 3192 2736 absurditates
3249 2651 3372 2706 illas

125 2751 252 2798 tores
276 2755 511 2813 tantum,
542 2747 636 2802 sed
665 2747 899 2803 factores
945 2757 1336 2818 praeceptorum
1387 2747 1686 2803 Salvatoris
1787 2741 2258 2812 perpetrarent“.
2299 2742 2397 2797 Isti
2455 2742 2667 2797 scilicet
2728 2742 2872 2797 haud
2923 2743 3372 2814 audierunt_pro-

125 2838 279 2892 nostri
339 2840 544 2908 simus,
606 2849 667 2896 ut
697 2851 1013 2896 sanctorum
1077 2841 1244 2896 vitam
1301 2841 1599 2906 imitantes,
1628 2842 1683 2895 in
1787 2835 2058 2906 pheticam
2082 2851 2270 2891 vocem
2312 2835 2462 2906 ipsos
2525 2836 3011 2906 reprehendentem
3045 2833 3142 2892 “:
3212 2856 3231 2889 ‹
3267 2835 3369 2893 Cui

126 2929 326 2986 I'mlesle
382 2933 518 2986 illud
579 2931 796 2986 Domini
850 2932 958 3002 32
994 2934 1166 2987 nostri
1224 2933 1482 3002 gaudium
1523 2932 1686 2988 simul
1788 2927 2138 2983 assimilastis
2193 2925 2512 2991 Dominum,
2560 2936 2616 2982 et
2666 2929 2884 2982 cuinam
2942 2928 3304 3000 adaequastis?
3342 2947 3362 2981 ο

125 3019 392 3089 intremus,
420 3025 568 3079 haud
622 3024 1021 3090 transitorium,
1079 3025 1172 3080 sed
1204 3025 1436 3080 ﬁrmiter
1472 3039 1686 3094 perma-
1787 3017 1899 3076 Nec
1927 3019 2183 3075 Davidem
2232 3020 2575 3090 psalmistam
2632 3021 2929 3075 audierunt
2976 3020 3368 3091 imprecantem

126 3126 246 3165 nens
273 3113 382 3184 (55)
421 3133 434 3168 :
477 3133 496 3166 ι
531 3115 812 3184 gaudium,
849 3115 1093 3183 inquam,
1150 3115 1304 3177 illud,
1337 3129 1447 3183 quo
1478 3112 1684 3167 exclusi
1713 3142 1756 3200 ρ
1784 3113 1942 3169 hisce
1971 3112 2286 3168 hominibus
2315 3131 2328 3167 :
2361 3124 2379 3164 α
2409 3111 2627 3168 Similes
2653 3113 2762 3168 sint
2793 3112 2874 3168 eis
2905 3113 3127 3183 opiﬁces
3157 3129 3368 3178 eorum,

124 3200 156 3253 li
183 3205 267 3272 qui
300 3209 552 3276 nequiter
575 3217 762 3275 agunt,
783 3206 918 3261 nihil
941 3207 1008 3262 de
1033 3207 1244 3262 actibus
1271 3207 1384 3262 suis
1415 3207 1683 3276 reliquum
1791 3215 1848 3260 et
1869 3218 2058 3259 omnes
2087 3203 2178 3273 qui
2204 3203 2484 3258 conﬁdunt
2517 3203 2569 3257 in
2595 3203 2676 3258 eis
2694 3203 2794 3257 “.i
2820 3202 2937 3257 Jam
2967 3220 3096 3259 vero
3123 3204 3191 3260 ad
3225 3209 3372 3260 veri-

124 3291 406 3363 habebunt,
437 3309 638 3366 praeter
683 3298 950 3362 dolorem,
982 3297 1327 3354 amictionem
1376 3307 1430 3352 et
1475 3297 1688 3352 crucia-
1792 3303 1958 3350 tatem
1992 3293 2139 3358 caeci,
2183 3293 2416 3362 lapidem
2473 3308 2573 3348 ceu
2640 3292 2809 3347 Deum
2875 3294 3174 3363 respiciunt
3223 3295 3367 3366 (34);

129 3391 265 3437 tuum
316 3388 649 3443 molestiam.
714 3386 779 3442 Hi
815 3389 1223 3443 similitudinem
1282 3387 1520 3441 hominis
1558 3387 1686 3440 reti-
1795 3401 2069 3454 sensuque
2095 3392 2366 3449 carentes,
2397 3383 2454 3438 in
2500 3383 2740 3438 tenebris
2797 3383 3100 3451 ambulant,
3149 3392 3211 3438 ut
3241 3399 3370 3454 pro-

130 3485 324 3541 nentes,
390 3480 622 3535 minime
669 3489 850 3534 tamen
898 3480 1129 3534 formam
1196 3479 1318 3534 vita:
1373 3489 1684 3535 sanctorum
1790 3479 1952 3549 pheta
1994 3478 2192 3534 clamat
2224 3496 2237 3531 :
2269 3494 2288 3528 I
2327 3475 2628 3530 Audientes
2664 3473 2914 3540 audiunt,
2963 3483 3018 3529 et
3067 3489 3175 3529 non
3205 3476 3371 3530 intel-

129 3578 226 3630 prro
246 3582 302 3622 se
332 3567 538 3635 ferunt,
567 3581 731 3640 atque
781 3571 900 3641 ejus
945 3571 1078 3625 recti
1107 3570 1434 3637 intellectus,
1466 3569 1686 3639 quicum
1790 3569 1964 3639 ligunt
1995 3583 2009 3623 :
2049 3569 2298 3623 videntes
2351 3567 2542 3621 vident
2571 3574 2626 3621 et
2684 3581 2793 3619 non
2849 3573 3157 3636 agnoscunt
3183 3566 3248 3621 ⁸⁷.
3285 3564 3372 3620 In-

129 3656 188 3708 ab
215 3657 363 3714 initio
395 3672 616 3718 creatus
650 3664 815 3716 homo
851 3663 1135 3718 rationalis
1177 3661 1278 3717 fuit
1307 3663 1374 3718 ad
1399 3664 1686 3734 imaginem
1792 3668 2094 3714 crassatum
2124 3668 2202 3713 est
2239 3673 2334 3712 cor
2356 3670 2568 3725 eorum,
2608 3663 2662 3712 et
2712 3655 2940 3711 auribus
2985 3655 3222 3728 graviter
3271 3672 3371 3712 au-

129 3743 237 3812 θείς
285 3751 378 3806 sed
435 3770 499 3808 se
559 3754 748 3809 bestia:
776 3753 959 3822 potius
1015 3753 1321 3808 irrationali
1372 3763 1692 3823 comparant
1792 3750 2134 3808 dierunt‘M

129 3849 276 3906 atque
320 3845 652 3910 assimilant,
700 3845 962 3914 voluptati
1013 3854 1204 3900 contra
1260 3845 1396 3917 legis
1438 3860 1688 3899 normam
1867 3845 1922 3898 4.
1951 3841 2054 3909 Qui
2095 3842 2258 3911 igitur
2291 3838 2416 3894 festi
2448 3840 2611 3910 hujus
2632 3840 2899 3895 hactenus
2934 3840 3226 3910 participes
3259 3855 3369 3894 non

130 3927 301 3996 dediti,
328 3934 659 3992 lascivorum
691 3937 864 3992 instar
895 3953 1184 4006 equorum,
1223 3953 1454 3993 necnon
1483 3939 1690 3992 callidi-
1797 3936 2038 4000 fuerunt,
2089 3933 2347 3988 exhibent
2409 3932 2518 4005 3E.
2581 3933 2684 3988 sibi
2737 3935 3010 4002 stulteque
3061 3931 3373 4001 excogitant

130 4021 215 4074 tati
247 4023 521 4098 dolisque,
557 4039 778 4098 peccato
817 4030 1036 4085 demum
1071 4029 1378 4096 mortifero,
1411 4040 1471 4086 ut
1511 4030 1690 4085 aiebat
1794 4031 1932 4085 alios
1991 4025 2257 4083 festorum
2311 4025 2533 4092 titulos;
2593 4025 2688 4095 qui
2736 4033 2914 4080 tamen
2958 4023 3210 4095 gaudiine
3253 4023 3371 4079 dies

130 4101 376 4177 Joannes,
404 4114 499 4185 qui
532 4131 628 4171 eos
678 4117 956 4186 genimina
1003 4111 1312 4188 viperarum
1352 4121 1486 4176 dixit
1527 4123 1592 4177 “.
1627 4121 1694 4178 Hi
1795 4137 1981 4178 revera
2010 4133 2158 4185 sunt,
2190 4135 2258 4174 an
2289 4120 2470 4191 potius
2498 4115 2769 4172 tristitiae?
2797 4133 2816 4167 ι
2849 4114 2965 4169 Νοη
3001 4125 3086 4170 est
3134 4129 3238 4185 pax
3267 4114 3372 4168 im-

129 4198 257 4254 οιιὶω
295 4204 373 4260 sic
425 4209 887 4277 procumbentes,
929 4203 1108 4280 seque
1135 4211 1286 4268 humi
1331 4229 1430 4270 ceu
1469 4229 1634 4286 serpet

1866 4216 1926 4280 is,
1961 4211 2092 4267 dicit
2133 4209 2396 4266 Dominus
2455 4209 2556 4262 δ’.»
2598 4206 2731 4262 Item
2772 4215 2833 4261 ut
2883 4205 3158 4276 Sapientia
3197 4203 3371 4274 loqui-

193 4397 234 4429 ⁸⁸
261 4399 278 4452 I
305 4400 431 4456 Cor.
471 4417 546 4467 Iv,
584 4406 672 4456 16.
773 4404 817 4434 ³⁸
855 4401 1042 4457 ITim.
1067 4420 1128 4467 II,
1167 4403 1219 4459 7.
1319 4405 1362 4436 ³⁷
1405 4405 1562 4460 Prov.
1598 4421 1668 4468 Iv,
1701 4405 1817 4458 1-5.
1895 4406 1940 4438 ³⁸
1973 4405 2128 4462 Rom.
2161 4421 2221 4466 II,
2252 4405 2341 4459 2i.
2440 4405 2483 4438 ”
2515 4403 2702 4459 Matth.
2729 4420 2854 4469 xxv,
2884 4405 2975 4459 2i.
3051 4405 3098 4436 ‘°
3121 4403 3254 4457 Luc.
3285 4418 3372 4468 III,

136 4465 179 4518 7.
251 4470 291 4502 “
332 4473 478 4529 Psal.
529 4465 680 4537 xxxii,
719 4474 773 4528 9.
847 4477 891 4505 ’θ’
925 4473 1028 4527 Isa.
1074 4465 1230 4540 xxiii,
1268 4475 1323 4530 2.
1367 4472 1412 4506 ⁸³
1449 4474 1592 4529 Psal.
1626 4465 1795 4541 LxxII,
1830 4475 1920 4529 20.
2001 4477 2047 4508 “
2075 4465 2235 4530 Rom.
2292 4491 2332 4542 I,
2382 4474 2573 4530 22-26.
2648 4476 2694 4507 “
2717 4465 2952 4541 lsafo,
2985 4475 3074 4529 25.
3149 4475 3195 4507 ⁸⁸
3227 4465 3373 4529 Psal.

133 4553 334 4609 αιιιγ,
364 4544 453 4599 18.
535 4543 577 4575 ⁸⁷
614 4543 719 4599 Isa.
760 4561 834 4608 VI,
861 4544 915 4598 9.
1000 4545 1046 4576 ⁸⁸
1077 4545 1200 4600 Act.
1237 4562 1430 4613 xxvm,
1469 4547 1558 4600 27.
1636 4547 1681 4577 ⁸⁸
1709 4544 1814 4602 Isa.
1851 4562 2042 4613 XLVIII,
2079 4547 2170 4601 22.

199 4698 303 4769 (35)
330 4703 373 4757 A
407 4703 608 4760 Cosma
640 4702 1059 4776 Indieopleuste,
1095 4705 1189 4775 qui
1244 4705 1347 4760 sub
1387 4700 1698 4760 Iustiniano

1865 4705 2029 4776 πηκταὶ
2065 4704 2174 4776 τῶν
2199 4704 2292 4758 τοῦ
2317 4703 2565 4776 Σωτῆρος
2594 4705 3029 4776 προσταγμάτων
3062 4703 3370 4776 revolat-20a-

137 4765 316 4847 Ila'gno
343 4777 501 4840 vixit,
534 4776 793 4847 recitatos
829 4765 1022 4847 ifuisse
1047 4765 1054 4769 ⁷
1082 4765 1374 4831 nonnullos
1423 4776 1636 4831 festaliu

1870 4793 1893 4828 ι
1921 4765 2018 4830 ὂςαὶ
2071 4775 2378 4847 τῶνγὰγίωγ
2417 4765 2614 4847 τρότέον
2642 4765 2653 4776 ’
2677 4765 3375 4847 μιμηξάμενοιξσονέισέλ-

137 4839 400 4924 {Ithanasii
433 4839 789 4924 epistolarpm
818 4846 1030 4924 Alocos,_
1077 4847 1366 4924 constabat
1415 4847 1642 4924 ear-ipsii

1871 4863 1988 4917 ›μεν
2021 4839 2267 4924 εἰς-τὴῆ
2281 4845 2374 4898 τοῦ
2398 4839 2641 4924 _Kupio_u
2678 4839 2953 4924 ἅτξαύστᾷν
2985 4862 3055 4924 ςτε-
3071 4845 3164 4897 καὶ
3197 4845 3376 4924 (ivero;

135 4906 332 4987 Cosme
359 4906 565 4987 curata,
589 4931 620 4970 a
659 4906 1071 4987 Monti‘aueonio
1101 4916 1341 4971 editione
1364 4932 1430 4970 ex
1461 4906 1640 4970 Medici

1870 4906 2172 4970 voueav'év
2201 4906 2676 4987 obpavo‘z’gxapdtv.
2733 4913 2916 4987 Sancti
2964 4914 3266 4979 Athanasii,
3311 4906 3375 4967 ea:

136 4981 489 5065 eodieealanr
523 4981 642 5054 ejus
678 4987 859 5065 operis
892 4984 1217 5065 Yatjcanum
1267 5002 1495 5065 quoque
1531 4987 1698 5041 habe-
1803 4981 2033 5065 secunda
2061 4981 2285 5065 epistola
2317 4981 2513 5065 testati;
2541 4981 2702 5065 Faxit
2740 4985 2874 5065 Deus
2911 4993 2968 5038 ut
3006 5001 3231 5065 semper...
3267 4999 3375 5036 ma-

141 5061 250 5135 inus
282 5057 872 5135 mirabilem_codieem
903 5056 1030 5135 Q99,
1067 5057 1286 5135 auctori
1317 5055 1702 5135 contempora-
1804 5059 1944 5111 xime
1984 5055 2160 5135 autent
2204 5059 2256 5135 iit
2307 5057 2488 5135 dieiius
2539 5057 2913 5116 solemnitatis,
2967 5071 3067 5108 non
3087 5055 3371 5135 finditores

141 5115 255 5194 ἔνων
283 5129 577 5194 grandibus
605 5128 798 5182 litteris
832 5115 1120 5196 scriptum,
1155 5137 1209 5182 et
1257 5128 1468 5182 decoris
1501 5115 1702 5196 pariter
1807 5139 2032 5188 tantum,
2064 5129 2154 5180 sed
2184 5129 2346 5180 etiam
2395 5128 2620 5195 factores
2671 5115 3044 5196 prwreptbrum
3081 5122 3372 5178 Saluatoris

142 5197 453 5262 Imaginibus
508 5207 852 5252 exornatum.
905 5197 983 5251 Ibi
1047 5196 1086 5250 Γ.
1140 5198 1244 5250 I22
1295 5199 1326 5252 b
1364 5199 1574 5266 primus
1611 5197 1701 5252 hic
1806 5199 2011 5262 simus;
2052 5208 2110 5251 ut
2143 5208 2444 5251 sanctorum
2484 5214 2650 5251 mores
2700 5197 2918 5257 imitati,
2968 5211 3074 5248 una
3110 5196 3374 5266 ingredia-

145 5269 349 5337 {tpparet
372 5269 657 5323 Athanasii
695 5270 870 5332 locus,
912 5270 1004 5337 qui
1030 5269 1164 5323 nihil
1205 5271 1274 5322 ab
1301 5263 1393 5322 illo
1419 5268 1564 5322 edito
1593 5269 1698 5321 dif-
1805 5285 1925 5320 mur
1945 5269 1997 5320 in
2032 5270 2406 5322 indesinentem
2441 5283 2503 5319 ac
2527 5284 2640 5321 vere
2669 5277 2978 5337 manenteiir
3004 5267 3057 5318 in
3084 5266 3226 5317 rwlis
3261 5263 3371 5337 Do-

145 5328 257 5409 ξεξΐι,
283 5337 384 5409 ῃῆεί
421 5340 585 5392 verbo
625 5328 1051 5409 ysvoipsha'pro
1108 5338 1394 5409 γενώμεθα
1420 5340 1502 5408 (ut
1533 5349 1610 5392 est
1639 5338 1650 5391 i

1866 5339 1933 5391 ini
1962 5339 2226 5394 laztitiam.
2256 5338 2511 5391 Videmus
2566 5348 2740 5391 autem
2767 5337 2871 5409 _hic
2896 5336 3254 5409 Athanasium
3283 5334 3371 5409 di_—_

145 5394 364 5484 Metilii).
395 5409 464 5484 _Et
486 5394 702 5477 quidem
735 5394 929 5484 melior
953 5394 1041 5484 :est
1076 5394 1331 5484 Vaticana
1361 5394 1695 5484 lectio,_quia
1799 5409 1945 5484 xisse
1992 5409 2262 5484 optativo_
2292 5409 2485 5484 modo,
2530 5411 2696 5484 quod
2761 5406 2930 5476 Syrus
2984 5405 3370 5484 interpresvel

149 5473 298 5548 Priori
326 5473 554 5546 'yévm-Lo
596 5481 904 5547 respondet.
949 5478 1025 5532 En
1081 5481 1242 5548 igitur
1285 5479 1470 5532 Grieca
1527 5473 1696 5531 Atha-
1787 5481 1982 5534 minus
2015 5473 2158 5535 recte
2185 5479 2266 5534 vel
2292 5480 2460 5534 libere
2493 5473 2742 5534 absoluto
2767 5473 2820 5534 et
2857 5479 3015 5548 quasi
3050 5473 3372 5544 imperativo

146 5543 273 5618 nasii
303 5543 438 5616 apud
467 5543 719 5604 Cosmam
757 5551 914 5604 verba
946 5568 958 5603 :
1013 5543 1329 5602 ’Λθοιναισίου
1364 5551 1427 5601 ἐκ
1449 5548 1545 5618 τῆς
1573 5549 1651 5600 δεῖ.

532 5543 719 5604 ismam
757 5551 914 5604 verba
946 5568 958 5603 :
1013 5543 1329 5602 ’Λθοιναισίου
1364 5551 1427 5601 ἐκ
1449 5548 1545 5618 τῆς
1573 5549 1694 5600 δευ-
1789 5550 2037 5616 protulit.

146 5609 309 5692 τέρας,
338 5609 712 5692 ἑορταστικῆς.
769 5619 1066 5692 Γένοιτοᾼᾶ
1106 5619 1172 5673 ἂν
1215 5621 1326 5692 atat
1380 5609 1651 5692 arripi—iiut:

1869 5620 1982 5689 (54)
2013 5620 2149 5673 Hinc
2171 5618 2454 5692 Lucretius
2486 5620 2581 5676 lib.
2613 5637 2664 5686 v,
2699 5617 2872 5674 H97:
2926 5615 3036 5672 Nec
3060 5617 3226 5688 pictas
3254 5613 3370 5670 inita

149 5687 742 5780 ῗῗεπόνῗώςέκάρτοτε
786 5689 1176 5780 μὲνημάλιςτα
1208 5690 1264 5742 δὲ
1301 5692 1357 5780 ὲὶν
1407 5687 1654 5780 eaiz‘iﬁpg

987 5689 1176 5780 άλιςτα
1208 5690 1264 5742 δὲ
1301 5692 1357 5780 ὲὶν
1407 5687 1691 5780 quiaqui-‘-
1795 5687 1885 5744 est.
1910 5687 2096 5745 vertier
2145 5690 2212 5742 ad
2240 5690 2485 5759 lapidem.

148 5764 257 5818 ραις
297 5761 396 5831 τῆς
454 5763 666 5834 ἑορτῆς,
741 5758 813 5833 μὴ
869 5758 1026 5832 arsi.»
1075 5762 1363 5832 ἀκροαταὶ,
1421 5758 1556 5813 ἀλλὰ
1603 5759 1695 5812 καὶ
