3812 6224
426 313 574 377 1579

421 431 759 491 Salvatorem
812 440 1074 505 rogarunt

422 524 545 597 Ipse
572 542 701 581 vero
738 522 989 579 Salvator
1026 533 1211 580 noster
1240 541 1269 579 a
1301 526 1529 597 figurato
1552 528 1753 597 pariter
1785 528 1852 582 ad
1895 530 2002 598 spi-

424 617 584 673 ritale
610 616 942 681 transiliens,
965 617 1219 687 promisit
1251 618 1332 673 eis
1348 617 1464 673 fore
1497 628 1556 673 ut
1586 634 1696 673 non
1729 620 1855 690 agni
1887 636 2008 674 car-

424 725 549 764 nem
578 709 831 780 deinceps
853 709 1224 776 comederent,
1246 709 1339 765 sed
1366 711 1446 765 sui
1481 710 1657 780 ipsius
1679 710 1908 766 dicentis
1924 711 1970 741 “
1988 713 2009 752 ε

430 800 751 871 ςΑοοίρίιθ,
815 802 1121 867 comedite,
1173 810 1229 856 et
1279 801 1486 869 bibite;
1542 802 1645 858 hoc
1686 812 1771 858 est
1808 819 2006 874 corpus

423 904 607 944 meum
645 899 702 945 et
730 891 954 961 sanguis
983 906 1159 946 meus.
1191 910 1210 942 ι

496 981 551 1036 5.
589 980 729 1035 Cum
767 997 867 1037 nos
915 982 1001 1036 his
1050 983 1276 1052 pariter,
1304 983 1488 1037 dilecti
1538 984 1668 1049 mei,
1695 1000 2004 1052 vesecmur,

423 1075 557 1124 tunc
610 1071 758 1125 enim
814 1086 942 1125 vero
967 1071 1253 1128 Paschalis
1286 1072 1682 1127 solemnitatem
1712 1076 2011 1144 complebi-

425 1176 587 1229 mus;
643 1172 803 1233 capto
851 1164 1007 1219 initio
1054 1180 1085 1219 a
1124 1164 1213 1220 die
1258 1164 1580 1221 Pharmuthi
1625 1168 1823 1237 primo,
1863 1178 1919 1221 et
1952 1171 2006 1222 in

425 1264 587 1310 sexto
612 1256 858 1325 ejusdem
893 1257 1096 1311 mensis
1123 1257 1332 1327 jejunia
1355 1260 1629 1324 finiemus,
1664 1258 1883 1316 Sabbati
1916 1279 2009 1316 ve-

426 1367 610 1421 spere.
648 1351 881 1409 Sanctus
915 1365 1094 1409 autem
1130 1354 1427 1411 Dominicm
1453 1358 1568 1412 dies
1601 1358 1874 1414 illucescet
1906 1377 2006 1413 no-

426 1442 518 1497 bis
547 1443 635 1498 die
672 1444 916 1513 ejusdem
947 1443 1269 1501 Pharmuthi
1312 1448 1562 1517 septimo.
1608 1448 1809 1506 Deinde
1841 1453 2009 1514 certis

430 1534 670 1590 evolutis
700 1536 915 1607 diebus,
949 1547 1149 1592 sanctm
1173 1537 1519 1595 Pentecostes
1572 1543 1834 1598 solemnia
1880 1560 2008 1615 age-

430 1639 590 1689 mus;
623 1641 855 1694 quorum
907 1626 1119 1681 dierum
1182 1628 1405 1696 periodo
1457 1629 1697 1686 futurum
1740 1636 2003 1690 mundum

432 1713 734 1781 innuimus,
768 1717 823 1770 in
873 1733 982 1787 quo
1019 1733 1143 1773 cum
1178 1717 1398 1775 Christo
1446 1735 1663 1791 semper
1706 1738 2001 1794 versantes,

432 1806 795 1863 universalem
848 1808 1020 1864 Deum
1064 1809 1406 1865 laudabimus
1458 1827 1555 1880 per
1599 1812 1877 1869 Christum
1918 1814 2007 1871 Je-

432 1911 556 1951 sum
577 1935 591 1961 ,
627 1912 832 1969 perque
857 1899 1004 1954 hunc
1032 1915 1157 1955 cum
1206 1901 1411 1956 sanctis
1453 1899 1699 1958 dicemus
1728 1902 1958 1961 Domino
1989 1924 2005 1961 :

432 1984 629 2042 Amen.

504 2077 749 2137 Salutate
780 2097 972 2138 omnes
996 2098 1120 2139 cum
1151 2085 1341 2141 osculo
1372 2094 1561 2143 sancto
1594 2103 1609 2139 :
1640 2087 1880 2143 salutant
1911 2104 2008 2145 vos

433 2176 641 2244 cuncti,
685 2176 781 2247 qui
830 2191 1042 2231 mecum
1092 2185 1239 2245 sunt,
1275 2177 1490 2235 fratres.
1527 2179 1677 2236 Hanc
1721 2182 2007 2251 epistolam

434 2270 688 2325 misimus
722 2268 879 2323 vobis
918 2284 984 2322 ex
1019 2270 1281 2325 comitatu
1310 2286 1407 2341 per
1431 2271 1711 2327 ofﬁcialem
1743 2272 1901 2326 nobis
1940 2274 2010 2328 ab

430 2377 503 2417 eo
526 2374 868 2426 concessum,
903 2360 997 2429 qui
1026 2375 1149 2415 vere
1180 2359 1345 2416 Deum
1377 2361 1550 2429 timet,
1572 2363 1626 2417 id
1656 2371 1739 2417 est
1761 2364 1829 2417 ab
1847 2362 2011 2418 Ablac

434 2451 527 2507 vio
556 2451 796 2522 praetorii
838 2450 1114 2521 pmfecto.
1161 2451 1275 2524 Ego
1307 2468 1472 2523 porro
1510 2455 1562 2509 in
1599 2456 1861 2523 comitatu
1886 2471 2011 2510 ver-

436 2560 549 2611 sor,
579 2545 707 2615 quia
755 2543 825 2599 ad
876 2544 1221 2614 imperatoris
1267 2543 1612 2601 Constantini
1661 2557 2007 2616 conspectum

435 2642 667 2690 vocatus
712 2633 812 2689 fui.
856 2632 962 2689 Sed
1008 2636 1157 2689 enim
1199 2636 1293 2706 qui
1349 2636 1438 2693 hic
1487 2638 1690 2709 degunt
1739 2637 2008 2693 Meletiani

434 2733 718 2797 pugnant,
770 2725 875 2797 53
928 2726 1191 2794 invident,
1251 2728 1607 2784 adversantur
1658 2728 1817 2784 nobis
1865 2730 2009 2799 apud

438 2816 859 2887 imperatorem;
916 2826 1156 2873 attamen
1201 2819 1498 2890 ignominia
1545 2822 1720 2876 notati
1760 2822 2012 2891 pulsique

437 2906 569 2963 hinc
595 2906 836 2976 fuerunt,
869 2924 970 2964 ceu
991 2909 1434 2978 calumniatores,
1463 2920 1516 2966 et
1540 2912 1726 2967 multis
1759 2911 1826 2966 de
1848 2911 2009 2967 rebus

438 2997 733 3070 objurgati.
754 2999 906 3055 Pulsi
936 3016 1065 3055 vero
1094 3003 1416 3058 nominatim
1440 3003 1660 3059 fuerunt
1688 3004 2007 3071 Callinicus,

1042 316 1101 375 S.
1142 317 1516 375 ATHANASII
1553 320 1702 377 OPP.
1750 320 1927 377 PARS
1967 322 2028 377 ll.
2068 354 2139 366 —
2174 322 2528 379 EPISTOLIE
2567 322 3102 382 HEORTASTICJE.

3547 329 3700 385 i580

1123 452 1138 486 :
1186 453 1204 485 ‹
1229 432 1461 488 Ubinam
1516 436 1600 491 vis
1652 439 1943 506 paremus?
1971 458 1988 489 ι
2025 445 2068 501 Α
2099 440 2242 495 tibus
2270 440 2443 507 adest,
2466 450 2517 495 et
2537 440 2606 495 ob
2634 457 2788 496 suam
2817 442 3200 512 benignitatem
3228 443 3333 499 diei
3367 443 3554 502 festali
3596 450 3705 503 ad-

2109 539 2287 584 movet
2318 530 2439 585 illos
2469 531 2561 600 qui
2588 532 2826 586 sitientia
2861 533 3068 588 viscera
3098 533 3206 606 5E.
3238 536 3485 603 habent,
3529 540 3702 610 juxta

2107 620 2349 690 ejusdem
2372 621 2670 678 Salvatoris
2692 625 2861 678 nostri
2889 625 3108 680 effatum
3125 628 3207 680 ²⁸;
3240 646 3261 679 ‹
3294 627 3352 683 Si
3386 630 3517 700 quis
3552 633 3701 698 sitit,

2106 712 2287 767 veniat
2323 713 2391 767 ad
2411 730 2498 769 me
2524 724 2578 769 et
2605 716 2772 771 bibat.
2804 736 2822 768 ι
2854 715 2972 772 Νοη
2992 725 3126 774 tunc
3150 724 3540 780 tantummodo
3568 741 3701 780 cum

2107 805 2338 875 quisque
2360 807 2586 871 accedit,
2612 809 2756 863 sitim
2786 826 2940 865 suam
2963 813 3294 884 exstinguit;
3320 816 3417 871 sed
3449 818 3706 887 quoties-

2106 911 2323 966 cunque
2350 900 2514 952 etiam
2559 901 2759 970 aliquis
2790 903 2955 971 petit,
2991 904 3224 960 libenter
3255 908 3305 961 ei
3338 911 3702 975 conceditur,

2110 997 2167 1042 ut
2193 989 2259 1043 ad
2282 988 2618 1046 Salvatorem
2646 994 3016 1068 accedat(45).
3045 997 3227 1052 Gratia
3258 998 3384 1055 festi
3405 1002 3554 1058 haud
3586 1020 3703 1058 uno

2107 1087 2349 1150 tempore
2377 1093 2719 1149 coarctatur,
2772 1101 2948 1155 neque
2984 1088 3299 1155 splendidus
3342 1093 3469 1162 ejus
3504 1094 3704 1148 radius

2107 1185 2360 1226 occasum
2379 1175 2603 1243 patitur,
2629 1176 2723 1230 sed
2749 1192 2964 1246 semper
2989 1179 3041 1232 in
3070 1190 3321 1250 promptu
3351 1193 3441 1239 est
3470 1186 3702 1242 illorum

2106 1261 2274 1315 menti
2306 1262 2677 1318 illuminanda:
2710 1266 2802 1334 qui
2843 1268 3091 1336 cupiunt.
3128 1268 3301 1325 Pollet
3331 1282 3523 1329 autem
3559 1292 3702 1332 con-

2107 1354 2254 1408 tinua
2305 1356 2507 1412 virtute
2538 1373 2665 1428 erga
2724 1359 2846 1414 illos
2896 1362 2989 1431 qui
3027 1362 3391 1420 illuminatam
3450 1379 3701 1425 mentem

2106 1454 2334 1517 gerunt,
2391 1458 2446 1502 et
2476 1450 2676 1505 divinis
2719 1451 2874 1506 libris
2902 1455 3191 1510 attendunt
3238 1456 3330 1511 diu
3365 1470 3701 1530 noctuque;

2105 1539 2252 1592 velut
2273 1539 2436 1593 homo
2462 1541 2548 1595 ille
2565 1542 2657 1611 qui
2678 1542 2865 1598 beatus
2887 1547 3207 1614 appellatur,
3230 1559 3397 1618 prout
3418 1552 3476 1605 in
3501 1565 3706 1609 sancto

2105 1629 2316 1697 psalmo
2340 1631 2601 1700 scriptum
2632 1643 2717 1686 est
2739 1635 2785 1664 ³⁸
2819 1652 2831 1686 :
2868 1654 2886 1686 ε
2917 1634 3118 1690 Beatus
3144 1638 3246 1702 vir,
3278 1640 3373 1708 qui
3411 1656 3530 1695 non
3565 1643 3707 1699 abiit

2105 1718 2160 1772 in
2195 1719 2488 1774 consilium
2524 1722 2819 1791 impiorum
2840 1765 2855 1790 ,
2887 1731 2940 1779 et
2968 1724 3023 1778 in
3056 1726 3142 1780 via
3173 1738 3537 1797 peccatorum
3592 1748 3706 1786 non

2108 1810 2275 1871 stetit.
2305 1812 2436 1865 etin
2462 1813 2716 1867 cathedra
2744 1816 3115 1884 pestilentium
3142 1834 3250 1872 non
3286 1821 3469 1890 sedit;
3506 1824 3611 1877 sed
3649 1825 3705 1877 in

2106 1900 2223 1971 lege
2249 1901 2463 1956 Domini
2493 1904 2741 1961 voluntas
2767 1907 2887 1975 ejus
2916 1918 3019 1974 est,
3047 1919 3102 1963 et
3126 1910 3178 1964 in
3213 1912 3332 1981 lege
3359 1914 3485 1983 ejus
3525 1916 3708 1969 medi-

2112 2000 2254 2046 tatur
2290 1994 2377 2049 die
2406 2010 2470 2050 ac
2497 2005 2675 2051 nocte.
2712 2015 2731 2048 ι
2785 1996 2902 2053 Νοη
2933 2000 3080 2055 hunc
3114 2002 3194 2057 sol
3245 2003 3564 2073 illuminat,
3621 2011 3706 2063 vel

2108 2082 2258 2149 luna,
2294 2084 2377 2139 vel
2401 2085 2633 2139 aliorum
2661 2087 2900 2143 siderum
2936 2092 3124 2158 turba;
3158 2109 3349 2149 verum
3385 2095 3435 2152 is
3459 2099 3706 2154 excelsis

2109 2172 2203 2229 Dei
2237 2176 2562 2232 universalis
2589 2179 2756 2235 radiis
2778 2181 3104 2251 resplendet.

2181 2266 2238 2321 2.
2268 2265 2438 2323 Porro
2469 2268 2558 2322 ille
2584 2269 2748 2336 Deus,
2772 2271 2955 2327 dilecti
2988 2275 3133 2341 mei,
3174 2279 3267 2346 qui
3300 2278 3463 2335 initio
3491 2281 3704 2339 festum

2110 2359 2213 2415 hoc
2233 2359 2393 2415 nobis
2420 2360 2687 2427 instituit,
2722 2371 2783 2416 ut
2814 2363 2867 2417 id
2899 2368 3193 2434 quotannis
3224 2382 3534 2439 peragatur
3567 2391 3702 2430 co:-~

2110 2450 2266 2505 cedit.
2334 2452 2451 2520 Ipse
2484 2452 2576 2521 qui
2611 2451 2810 2507 Filium
2860 2471 3019 2510 suum
3052 2460 3216 2514 morti
3260 2464 3529 2529 tradidit,
3567 2483 3704 2535 pro-

2110 2551 2231 2611 pter
2262 2542 2571 2613 (nostram)
2604 2544 2833 2599 salutem
2860 2584 2876 2610 ,
2913 2547 3104 2603 eadem
3136 2551 3204 2606 de
3234 2568 3404 2609 causa
3438 2568 3700 2612 sanctum

2110 2634 2308 2688 festum
2334 2634 2582 2703 largitur,
2611 2638 2757 2706 quod
2787 2640 2840 2693 in
2871 2642 3000 2694 anni
3030 2657 3197 2697 cursu
3229 2655 3480 2715 notatur,
3513 2661 3573 2704 et
3595 2654 3704 2706 cir-

2111 2737 2175 2777 ca
2205 2723 2307 2777 hoc
2334 2732 2548 2794 tempus
2574 2740 2789 2797 semper
2830 2731 3136 2786 nuntiatur.
3170 2732 3395 2789 Festum
3422 2737 3536 2794 hoc
3561 2743 3703 2812 regit

2112 2830 2211 2870 nos
2236 2831 2332 2885 per
2355 2827 2704 2873 occurrentes
2736 2820 2893 2875 nobis
2925 2823 2978 2876 in
3010 2822 3117 2879 hoc
3142 2828 3347 2881 mundo
3369 2845 3661 2889 aerumnas
3684 2852 3703 2890 :

2110 2918 2164 2962 et
2190 2923 2336 2963 nunc
2383 2909 2625 2965 laetitiam
2657 2912 2817 2968 nobis
2849 2916 3044 2971 salutis
3073 2918 3285 2974 confert
3313 2920 3461 2977 Deus
3487 2940 3563 2978 ex
3599 2927 3705 2982 hoc

2113 3000 2251 3054 festo
2271 3001 2616 3070 emicantem,
2642 3003 2771 3058 dum
2807 3020 2909 3061 nos
2942 3008 3007 3061 ad
3038 3025 3206 3064 unum
3237 3026 3573 3069 consessum
3606 3019 3704 3071 ad-

439 3086 607 3156 Ision,
646 3088 962 3154 Endaamon.
1002 3100 1059 3146 et
1106 3090 1326 3149 Gelmus
1375 3093 1489 3165 (44)
1546 3092 1963 3150 Hieraeammon
1990 3137 2008 3163 ,
2036 3110 2082 3172 ρ
2111 3089 2279 3157 ducit,
2309 3102 2536 3149 cunctos
2564 3095 2922 3165 spiritualiter
2940 3100 3143 3171 ubique
3171 3105 3474 3174 copulatis,
3504 3110 3704 3167 nobis-

438 3179 536 3251 qui
573 3180 812 3238 nominis
842 3182 928 3238 sui
964 3183 1194 3253 pudens,
1222 3183 1510 3256 Eulogium
1540 3202 1599 3242 se
1627 3188 2008 3258 appellandum

437 3272 672 3328 curavit.

510 3362 699 3420 Sancti
729 3364 1012 3423 Athanasii
1038 3376 1233 3439 quarta
1255 3370 1488 3440 epistola
1523 3370 1732 3429 festalis
1770 3372 2008 3443 explicit.

940 3472 1378 3530 EPISTOLA
1430 3476 1498 3535 ν.

1010 3566 1116 3629 (Ch.
1150 3579 1278 3615 anno
1305 3568 1438 3628 555.)

438 3659 556 3701 ΜΟ
584 3660 684 3701 EST
725 3662 1009 3704 ΔΤΗΔΝΔΒΙΙ
1043 3664 1237 3713 QUINTA
1268 3665 1565 3718 EPISTOLA,
1616 3667 1669 3708 IN
1704 3669 2013 3714 CONSULATU

511 3752 770 3792 DALMATII
798 3755 869 3794 ET
908 3755 1209 3804 ZENOPHILI,
1260 3757 1505 3799 PATERNO
1558 3761 1867 3815 PBEFECTO,
1928 3767 2015 3805 IN-

512 3840 769 3882 DICTIONE
800 3843 885 3892 Vl,
916 3843 1025 3883 Gllﬂ
1069 3845 1232 3885 ESSET
1263 3845 1515 3887 DOIIINICA
1570 3850 1859 3894 PASCHATIS
1905 3855 2013 3895 ινιι

510 3929 633 3970 ΚΑΙ...
656 3931 794 3983 usu,
829 3932 1002 3972 NEIIPE
1023 3935 1093 3972 ΣΧ
1132 3935 1460 3989 PHARIUTHI,
1496 3938 1646 3978 ωΜε
1687 3942 1776 3995 ιν,
1810 3945 2013 3985 ΕΡΛΟΤΔ

507 4021 602 4073 XI,
626 4023 841 4063 DEOBUI
865 4024 1114 4078 SEPTIIO,
1142 4026 1485 4069 DIOCLETIANI
1512 4032 1650 4073 ANNO
1683 4035 1829 4074 XLIX.

508 4096 562 4151 1.
592 4095 920 4154 Praeclarum
946 4109 1049 4165 est,
1093 4101 1291 4159 fratres
1341 4106 1470 4172 mei,
1511 4108 1581 4162 ab
1608 4125 1718 4164 uno
1765 4112 1831 4166 ad
1865 4114 2012 4169 aliud

433 4185 636 4243 festum
663 4191 982 4264 pervenire,
1017 4193 1083 4248 ab
1110 4210 1217 4250 una
1247 4196 1315 4251 ad
1340 4197 1502 4252 aliam
1544 4202 1777 4258 transire
1808 4206 2012 4259 oratio—

433 4291 561 4332 nem
587 4318 604 4343 ,
637 4280 706 4335 ab
738 4296 849 4337 uno
882 4283 951 4337 ad
980 4284 1129 4340 aliud
1154 4286 1421 4357 jejunium
1447 4331 1463 4358 ,
1520 4292 1590 4347 ab
1622 4310 1729 4349 una
1778 4296 2011 4368 denique

433 4370 502 4425 ad
529 4369 692 4426 aliam
716 4372 1136 4433 solemnitatem.
1185 4378 1352 4435 Adest
1379 4381 1632 4439 videlicet
1660 4401 1851 4443 rursus
1873 4387 2006 4445 illud

431 4469 685 4534 tempus,
723 4465 870 4534 quod
904 4466 1065 4523 nobis
1120 4483 1321 4525 novum
1374 4473 1590 4530 initium
1639 4476 1826 4543 all‘ert,
1862 4480 2005 4536 beati

430 4570 629 4626 nempe
654 4556 901 4612 notitiam
930 4556 1232 4627 Paschatis,
1262 4562 1317 4617 in
1339 4579 1450 4635 quo
1478 4565 1742 4625 Dominus
1772 4569 1875 4625 fuit
1901 4572 2004 4629 im-

430 4649 689 4704 molatus.
715 4646 828 4706 Nos
854 4650 1044 4721 utique
1073 4654 1343 4709 vescimur
1362 4697 1380 4723 ,
1412 4665 1669 4729 tanquam
1701 4661 1825 4717 vitae
1855 4663 2000 4730 cibo,

428 4737 780 4810 animamque
800 4750 1043 4796 nostram
1064 4744 1303 4814 pretioso
1328 4747 1475 4805 illius
1502 4754 1766 4824 sanguine
1786 4770 2000 4826 semper

426 4825 787 4897 oblectamus,
809 4845 905 4886 ceu
929 4830 1079 4888 fonte
1099 4834 1373 4906 quodam;
1395 4848 1450 4893 et
1470 4841 1828 4902 nihilomlnus
1853 4825 2000 4902 sem-

424 4930 530 4989 per
560 4918 773 4976 sitimus
792 4961 808 4989 ,
840 4936 1160 4995 semperque
1187 4928 1463 5008 ardemus.
1505 4931 1624 5003 Ipse
1656 4952 1784 4993 vero
1808 4940 1998 4996 sitien-

2114 3198 2221 3253 que
2245 3187 2607 3242 communiter
2640 3188 2745 3259 55
2778 3205 2939 3247 orare
2970 3195 3305 3263 concedens,
3341 3214 3702 3258 communes-

2112 3290 2221 3345 que
2249 3280 2545 3346 gratiarum
2584 3283 2826 3340 actiones
2867 3286 3214 3356 persolvere,
3253 3302 3417 3360 prout
3446 3295 3505 3349 in
3561 3297 3707 3353 festo

2114 3364 2360 3423 factitare
2397 3384 2535 3440 opus
2563 3382 2665 3427 est.
2717 3372 2833 3431 Hoc
2861 3384 2950 3431 est
2992 3378 3344 3450 benignitatis
3369 3385 3493 3455 ejus
3530 3391 3705 3444 mira-

2112 3460 2338 3514 culum:
2366 3462 2481 3531 ipse
2516 3464 2722 3520 scilicet
2750 3467 2816 3521 ad
2852 3468 2956 3523 hoc
2984 3469 3182 3527 festum
3207 3473 3545 3547 longinquos
3568 3497 3706 3535 cnn-

2112 3563 2328 3622 gregat,
2366 3562 2421 3609 et
2459 3570 2555 3611 eos
2586 3558 2679 3627 qui
2710 3557 2852 3615 forte
2882 3576 3112 3638 corpore
3139 3569 3331 3622 remoti
3362 3581 3498 3625 sunt
3518 3612 3537 3638 ,
3570 3575 3701 3631 ﬁdei

2114 3644 2318 3698 unitate
2351 3649 2630 3715 proximos
2661 3650 2812 3706 facit.

2185 3734 2238 3788 5.
2268 3737 2457 3806 Agesis
2484 3739 2686 3810 itaque,
2708 3742 2887 3799 dilecti
2925 3747 3054 3813 mei,
3084 3748 3271 3818 quidni
3302 3755 3544 3823 gratiam
3572 3758 3698 3814 festi

2114 3829 2298 3898 hujus,
2325 3838 2384 3884 ut
2419 3847 2519 3900 par
2555 3843 2658 3898 est,
2688 3839 3077 3906 agnoscimus?
3098 3841 3298 3909 Quidni
3330 3864 3520 3906 rerum
3559 3854 3700 3909 adeo

2112 3922 2461 3991 pulchrarum
2516 3938 2790 3983 auctorem
2829 3940 3290 3991 remuneramur?
3341 3940 3519 3998 Deum
3564 3961 3700 4001 sane

2111 4028 2213 4083 pro
2277 4016 2472 4071 merito
2526 4022 2868 4075 remunerari
2926 4023 3262 4094 impossibile
3319 4040 3441 4099 est;
3497 4050 3696 4091 verum

2111 4109 2390 4165 enimvero
2427 4123 2708 4183 acceptum
2751 4115 2955 4170 donum
3014 4134 3123 4173 non
3163 4132 3315 4191 grate
3362 4139 3697 4195 agnoscere,

2107 4213 2171 4254 ea
2198 4201 2417 4257 demum
2444 4204 2704 4274 iniquitas
2735 4217 2838 4261 est.
2885 4207 3088 4264 Natura
3118 4212 3342 4281 quidem
3365 4216 3697 4287 impossibi—

2110 4291 2515 4363 litatem'prodit
2534 4334 2549 4360 ,
2595 4296 2690 4351 sed
2716 4297 2882 4353 libera
2913 4309 3101 4355 nostra
3130 4302 3381 4359 voluntas
3406 4306 3694 4378 ingratum

2112 4384 2355 4440 animum
2387 4388 2584 4458 arguit.
2646 4388 2772 4445 Ideo
2813 4392 2977 4446 etiam
3022 4393 3215 4450 beatus
3262 4396 3467 4455 Paulus
3517 4402 3696 4458 divini

2110 4478 2533 4548 magnitudinem
2557 4479 2687 4536 doni
2715 4482 2991 4539 admirans
3017 4485 3193 4541 aiebat
3210 4488 3253 4518 ’⁷
3284 4506 3301 4542 :
3336 4508 3356 4540 ς
3383 4489 3449 4544 Et
3473 4471 3547 4549 ad
3581 4496 3695 4550 haec

2108 4570 2232 4640 quis
2250 4569 2519 4627 idoneus?
2543 4591 2560 4625 ι
2597 4572 2646 4629 ls
2673 4576 2940 4629 terrarum
2964 4577 3152 4633 orbem
3185 4576 3485 4637 Salvatoris
3513 4587 3694 4642 nostri

2064 4677 2070 4685 '
2107 4663 2375 4735 sanguine
2421 4664 2690 4732 redemit,
2724 4665 2932 4724 inferos
2970 4668 3100 4723 item
3150 4668 3454 4729 Salvatoris
3511 4677 3693 4733 nostri

2105 4764 2285 4811 morte
2309 4756 2713 4813 conculcandos
2760 4760 2970 4815 curavit
2994 4800 3010 4826 ,
3036 4761 3161 4816 cceli
3182 4761 3381 4832 januas
3408 4766 3691 4834 patefecit,

2102 4865 2306 4922 perque
2328 4850 2619 4906 Dominum
2648 4859 2897 4907 nostrum
2937 4852 3079 4907 viam
3113 4854 3320 4923 absque
3350 4856 3463 4911 ullo
3509 4858 3690 4930 impe-

2100 4942 2344 4998 dimento
2364 4942 2784 5005 ascendentibus
2805 4943 3039 4999 munivit
3061 4942 3197 5016 (46).
3221 4946 3451 5003 Interim
3474 4963 3695 5008 sancto-

496 5054 547 5088 ’⁸
580 5052 771 5114 Matth.
798 5075 949 5129 xxvr,
981 5061 1183 5134 26-28;
1210 5064 1345 5124 Luc.
1375 5085 1514 5141 xm,
1543 5073 1732 5133 l7-l9.
1818 5080 1863 5112 ³³
1885 5079 2047 5138 Joan.
2094 5092 2174 5139 vn
2258 5082 2350 5139 57.
2428 5084 2474 5114 ³⁸
2510 5081 2656 5137 Psal.
2692 5098 2732 5150 ι,
2770 5081 2798 5137 1
2863 5098 2979 5154 seq.
3059 5083 3169 5137 "ll
3229 5084 3357 5140 Cor.
3392 5102 3455 5154 ιι,
3486 5089 3589 5146 l6.

492 5215 611 5360 ἕως
648 5216 854 5302 Nempe
883 5223 1117 5291 Γελοῖος,
1145 5228 1433 5286 ridiculus.

518 5287 588 5342 45
648 5292 1032 5351 Animadverte
1075 5313 1282 5353 morem
1312 5315 1433 5357 cont

518 5287 609 5360 15)
648 5287 1032 5363 Animadverte
1075 5287 1282 5353 morem
1312 5302 1642 5360 concedendi
1674 5305 1823 5360 omni
1858 5315 1995 5363 tem-

423 5361 783 5444 poreg‘e'tiam
802 5365 1215 5444 ex_tra_l’ascha,
1243 5367 1640 5444 Eucharistiam
1668 5361 1993 5444 petentibus.

492 5425 611 5552 (546g
635 5428 901 5489 Laudavit
930 5436 1060 5491 olim
1090 5425 1236 5494 hunc
1254 5425 1994 5514 tocumiihiiéapiéhgiés'éél

550 5497 566 5549 Ι
616 5540 632 5552 .
661 5510 716 5552 et
749 5504 1019 5552 CM.V:IL_
1040 5507 1078 5552 ξ’Δ
1108 5508 1410 5552 Ιίὲἐιντηῦ
1437 5514 1598 5552 ηήη-ηῆ
1626 5516 1994 5552 ΓΔΩηψ-ηῖωιὶ

423 5510 487 5589 ρ...
505 5497 632 5589 ἓξ,
650 5510 716 5589 ἐξ
736 5504 995 5589 eoum.
1008 5507 1079 5588 ,_r.
1108 5508 1261 5589 132p
1278 5511 1410 5589 :Toii
1437 5497 1598 5589 αὐέσΰ
1618 5497 1994 5589 ’(Ἱόᾶςᾶᾆὲίδῦᾗ

423 5567 701 5656 ξξλεῆςὶέ
730 5567 1104 5656 semusta-ii;-
1136 5580 1265 5656 Fat“
1279 5582 1415 5652 πρὸς
1451 5567 1739 5656 τᾳῦτακιέίξ

425 5632 676 5731 lixae
726 5632 1171 5731 ῑὲρέιέσμοθῖετῷ
1204 5632 1991 5731 αεμεέιζτδξτέξοτῆῥοξῆάξδέ

425 5703 693 5781 θέρωὰεν,
727 5703 819 5769 tibi}
850 5703 983 5787 ᾇ.δηῦ
1016 5703 1176 5772 πάλιλρ
1226 5703 1302 5791 τῷ
1330 5703 1991 5800 iiiis}.

2098 5240 2389 5323 πᾳξεϊσθαι
2412 5240 2664 5323 δέρωκςν,
2690 5245 2786 5297 καὶ
2800 5248 2880 5323 εἰς
2904 5247 3005 5310 τὰς
3025 5248 3311 5323 οῷραν-ίρυς
3328 5248 3504 5314 πύλας
3519 5252 3686 5323 ἀνεμ-

2097 5312 2347 5392 οιΞόόισῖον
2390 5314 2513 5392 ’τρῖς
2590 5313 2974 5392 ἀνερχομένοις
3024 5312 3125 5392 τὴὴ
3176 5318 3295 5392 ὁδὸν
3324 5389 3335 5392 _
3361 5312 3681 5392 παρὰσχιὶἱν.

2100 5380 2353 5457 Ejusdem
2385 5380 2805 5457 (Athanasii)
2827 5389 3019 5457 quinta
3045 5380 3268 5454 epistola
3306 5380 3481 5456 festaii
3505 5407 3524 5443 :
3553 5380 3683 5457 Qui:

2104 5453 2171 5523 ad
2198 5452 2308 5506 haec
2338 5451 2640 5523 enarranda
2667 5451 2889 5523 snﬂiciat
2918 5458 2942 5509 Ξ)
2966 5451 3111 5510 Nam
3141 5451 3397 5511 mundam
3433 5451 3682 5515 Saluato-

2102 5522 2183 5594 ris
2197 5522 2451 5594 sanguine
2469 5520 3025 5594 libe_ravit,"inlcrnum
3046 5528 3169 5580 item
3196 5526 3489 5583 Salvatoris
3517 5544 3681 5585 morte

2099 5592 2415 5645 calcandum
2461 5591 2721 5665 tradidit,
2751 5607 2801 5647 et
2819 5591 2897 5649 'ad
2927 5595 3154 5651 caelestes
3181 5608 3364 5665 portas
3406 5600 3555 5654 obice
3593 5618 3679 5655 va-

2099 5678 2281 5742 cuam“
2302 5663 2701 5742 ascendentibus
2740 5667 2878 5742 aiam
2903 5669 3132 5742 parauit.
3182 5663 3391 5742 Textus
3420 5670 3511 5723 hic
3538 5672 3678 5742 apud

2104 5731 2569 5789 Montfauconium
2599 5749 2708 5790 non
2738 5731 2919 5794 dilfert
2947 5752 2979 5792 a
3010 5738 3197 5794 codice
3228 5736 3513 5796 Vaticano.
