3812 6224
118 285 237 341 1581

1522 289 1860 349 EPISTOLA
1903 294 1963 353 V.

3243 310 3379 369 1382

111 420 220 462 rum
248 402 474 476 quidam
517 403 588 460 de
615 406 715 459 hoc
745 396 1012 461 beneﬁcio
1039 404 1286 475 cogitans
1307 450 1320 473 ,
1359 422 1458 463 nec
1501 407 1683 462 Domi-
1713 418 1761 473 Α
1788 411 1864 467 Ita
1900 428 2000 468 nos
2038 413 2092 467 in
2120 413 2343 484 jejuniis
2377 414 2583 470 sanctis
2616 431 2806 483 gerere
2853 416 3118 476 debemus
3143 463 3158 487 ,
3213 432 3379 494 prout

110 513 225 553 num
246 497 592 551 remunerari
621 497 830 564 valens,
859 498 1041 553 aiebat
1058 500 1104 530 ’⁸
1130 517 1142 552 :
1174 517 1192 550 ί
1217 499 1357 566 Quid
1387 503 1686 557 retribuam

110 588 320 645 Domino
376 603 482 657 pro
531 589 788 643 omnibus
846 606 969 657 qua‘
1019 590 1270 665 retribuit
1301 592 1527 646 mihi?»
1578 594 1687 649 Pro

107 691 264 739 morte
286 683 478 747 vitam,
496 695 597 751 pro
619 680 842 736 servitio
866 682 1195 749 libertatem,
1222 698 1320 754 pro
1343 684 1536 741 inferis
1559 687 1684 741 coeli

104 788 309 845 regnum
353 773 616 829 contulit.
670 771 849 826 Antea
884 774 1149 843 regnabat
1198 790 1349 830 mors
1393 777 1461 831 ab
1509 777 1683 832 Adam

103 880 258 935 usque
292 865 358 920 ad
392 865 621 937 Moysen
650 869 696 899 ’θ
727 884 743 933 ;
801 881 947 920 nunc
980 865 1163 920 divina
1195 883 1297 921 vox
1325 869 1567 923 insonuit
1592 869 1635 899 ³ο
1665 886 1679 923 :

109 958 291 1014 «Hodie
310 974 532 1014 mecum
556 961 664 1015 eris
680 959 855 1032 56in
881 963 1189 1031 paradiso.»
1213 961 1417 1018 Revera
1435 973 1487 1018 et
1507 964 1683 1019 sancti

104 1052 210 1117 illi,
260 1067 372 1105 rem
419 1053 634 1121 experti
666 1053 885 1108 aiebant
910 1053 952 1084 ⁸¹
985 1071 999 1106 :
1037 1072 1055 1104 ι
1087 1051 1204 1109 Nisi
1250 1054 1376 1124 quia
1416 1055 1683 1109 Dominus

105 1142 290 1213 adjuvit
331 1159 442 1206 me,
475 1144 644 1214 paulo
668 1145 851 1201 minus
886 1145 1187 1200 habitasset
1218 1146 1272 1199 in
1317 1144 1530 1200 inferno
1554 1146 1678 1203 ani:-

104 1249 179 1289 ma
206 1250 341 1289 mea.
373 1254 395 1287 ι
460 1234 533 1290 Ει
564 1236 921 1292 nihilominus
953 1253 1077 1291 cum
1107 1252 1165 1292 se
1191 1236 1403 1308 (David)
1432 1237 1678 1307 ineptum

101 1325 431 1380 retribuendo
466 1327 683 1391 sensit,
723 1328 954 1398 gratiam
1000 1328 1254 1399 agnovit,
1289 1329 1505 1398 sibique
1533 1328 1675 1383 dilli-

100 1417 219 1472 dens
241 1417 375 1473 dixit
396 1418 467 1449 ³¹”
502 1434 515 1471 :
554 1437 575 1471 ‹
604 1418 842 1475 Calicem
872 1420 1127 1476 salutaris
1155 1422 1420 1490 accipiam
1441 1465 1455 1487 ,
1489 1432 1543 1477 et
1573 1436 1675 1475 no-

101 1524 208 1562 men
231 1507 445 1564 Domini
468 1509 759 1565 invocabo.
785 1511 1028 1567 Pretiosa
1054 1514 1109 1567 in
1136 1522 1431 1583 conspectu
1459 1512 1674 1567 Domini

98 1614 233 1655 mors
275 1609 599 1656 sanctorum
648 1602 789 1673 ejus.
832 1622 852 1656 ι
880 1603 962 1658 Ad
990 1605 1215 1660 calicem
1272 1605 1487 1675 quidem
1526 1606 1674 1675 quod

99 1694 302 1759 attinet,
352 1694 472 1764 ipse
510 1696 676 1749 etiam
712 1696 979 1751 Dominus
1025 1698 1207 1751 aiebat
1249 1698 1293 1729 δ’
1327 1716 1340 1752 :
1380 1717 1397 1749 ι
1432 1697 1670 1754 Potestis

99 1784 265 1840 bibere
295 1786 549 1855 calicem,
588 1803 756 1858 quem
782 1789 1052 1845 bibiturus
1082 1791 1245 1844 sum?
1281 1810 1299 1841 ι
1354 1789 1421 1844 Ει
1446 1807 1567 1846 cum
1592 1791 1668 1845 di-

100 1875 274 1944 scipuli
295 1875 652 1945 allirmarent,
672 1877 937 1935 Dominus
963 1880 1086 1934 ait”
1113 1900 1127 1935 :
1159 1881 1423 1937 «Calicem
1447 1883 1665 1952 quidem

103 1982 263 2022 meum
293 1969 537 2037 bibetis;
574 1970 670 2026 sed
724 1972 914 2028 sedere
960 1973 1028 2027 ad
1061 1973 1337 2029 dexteram
1373 1990 1549 2029 meam
1583 1976 1667 2030 vel

100 2060 355 2118 sinistram
384 2079 593 2131 meam,
626 2080 737 2120 non
765 2078 848 2121 est
879 2081 1063 2121 meum
1088 2067 1219 2124 dare
1240 2108 1257 2137 ,
1276 2068 1385 2125 nisi
1409 2068 1516 2123 illis
1545 2068 1669 2140 qui-

100 2149 190 2206 bus
219 2152 267 2206 id
296 2163 556 2223 paratum
593 2165 697 2212 est.
738 2176 758 2209 ι

158 2242 228 2298 5'.
247 2242 386 2316 Ergo
413 2255 606 2302 tenero
631 2264 758 2319 erga
786 2251 1014 2319 gratiam
1045 2252 1229 2307 animo
1254 2253 1448 2321 simus,
1482 2254 1665 2310 dilecti

101 2333 225 2401 mei;
257 2344 311 2390 et
333 2352 653 2409 quanquam
681 2342 1030 2398 retribuendo
1058 2344 1293 2414 impares
1320 2360 1531 2412 sumus,
1564 2361 1665 2416 pro

101 2424 287 2481 viribus
335 2429 402 2482 ad
439 2428 495 2483 id
546 2431 915 2487 connitamur.
974 2431 1087 2488 Etsi
1120 2443 1299 2489 autem
1350 2447 1544 2492 natura
1575 2453 1665 2492 res

102 2524 259 2572 tantas
284 2517 447 2589 digne
471 2521 656 2576 verbis
684 2524 1018 2577 remunerari
1042 2526 1248 2595 nequit,
1273 2536 1506 2582 attamen
1532 2527 1662 2582 dum

104 2605 149 2657 in
173 2607 356 2665 timore
388 2610 539 2666 bono
564 2626 881 2693 versamur,
906 2616 1108 2683 gratias
1131 2631 1379 2686 agamus.
1408 2617 1668 2684 Quando-

103 2712 212 2752 nam
241 2709 419 2756 autem
451 2703 507 2756 in
537 2703 731 2759 timore
754 2705 899 2759 bono
925 2721 1232 2770 versamur,
1264 2709 1367 2763 nisi
1394 2724 1515 2763 cum
1540 2724 1666 2780 gra-

106 2788 249 2846 tiores
272 2806 397 2863 erga
431 2793 590 2848 illum
622 2793 794 2849 Deum
833 2811 1046 2865 sumus,
1076 2798 1171 2868 qui
1198 2799 1531 2869 benignitate
1563 2816 1664 2856 sua

104 2879 213 2934 talia
244 2884 399 2939 nobis
437 2886 715 2941 contulit?
747 2886 839 2943 Sic
872 2890 1132 2960 morigeri
1158 2890 1332 2962 legem
1365 2892 1665 2948 observare

104 2970 372 3041 debemus,
410 2987 578 3046 atque
610 2977 730 3047 ejus
760 2977 1014 3033 mandata
1042 2979 1352 3046 custodire;
1396 2981 1665 3050 praecipue

105 3077 160 3117 ne
184 3064 372 3137 ingrati
390 3077 551 3125 extra
582 3069 754 3141 legem
781 3078 996 3126 nosmet
1033 3085 1157 3126 esse
1180 3079 1457 3140 putemus,
1489 3079 1544 3125 et
1568 3088 1664 3126 ne-

1789 511 1919 560 sunt
1941 503 2010 557 ab
2038 518 2102 557 eo
2132 503 2399 569 instituta,
2433 521 2669 574 quorum
2697 521 2800 576 ope
2825 507 2968 562 viam
2997 510 3062 565 ad
3090 511 3258 567 Deum
3292 515 3377 569 in-

1787 599 2065 654 veniemus
2093 615 2109 653 :
2138 614 2246 653 non
2277 608 2457 653 tamen
2481 600 2627 654 velut
2655 601 2858 657 ethnici
2891 612 2987 659 aut
3019 614 3374 665 contumaces

1784 689 1978 758 Judaei,
2015 701 2110 745 aut
2146 691 2392 747 hodierni
2425 692 2684 759 haeretici,
2718 695 2802 749 vel
2835 704 3106 752 sectarum
3139 699 3369 754 alumni.

1785 781 1999 836 Ethnici
2023 782 2240 852 quidem
2269 797 2495 852 scopum
2520 782 2643 839 festi
2676 785 2731 839 in
2751 786 3031 855 epularum
3051 790 3204 857 copia
3225 792 3374 860 pusi-

1784 883 1896 928 tum
1922 874 2222 929 aestimant:
2248 873 2442 940 Judaei,
2470 877 2641 945 tigura
2670 884 2725 931 et
2747 877 2936 932 umbra
2972 878 3204 950 decepti,
3230 883 3371 938 idem

1782 966 2078 1036 epinantur
2111 984 2125 1019 :
2162 975 2433 1021 sectarum
2468 982 2599 1023 vero
2646 968 2850 1023 alumni
2879 1010 2896 1035 ,
2936 973 3202 1041 separatis
3233 974 3369 1030 locis

1780 1058 2044 1128 vanisque
2083 1058 2367 1113 sententiis
2398 1057 2716 1132 (aberrant).
2782 1060 2892 1118 Nos
2928 1074 3133 1128 autem,
3171 1065 3368 1124 fratres

1780 1151 1908 1213 mei,
1945 1149 2054 1220 58
2091 1149 2341 1205 ethnicos
2373 1166 2732 1221 superamus,
2762 1152 2960 1208 festum
2993 1156 3206 1226 agendo
3239 1174 3366 1213 cum

1780 1244 1977 1297 animae
2003 1242 2241 1311 puritate
2263 1243 2623 1314 corporisque
2645 1244 2911 1300 munditia
2934 1264 2948 1312 ;
2973 1246 3192 1303 Judaeos
3212 1249 3365 1317 item,

1778 1332 1906 1401 quia
1926 1332 2039 1401 jam
2069 1332 2298 1401 liguram
2324 1340 2417 1385 aut
2443 1332 2696 1387 umbram
2730 1348 2841 1387 non
2877 1335 3237 1405 admittimus,
3267 1340 3363 1394 sed

1779 1438 1903 1477 vera
1927 1423 2045 1477 luce
2070 1423 2440 1492 splendemus,
2468 1424 2750 1495 solemque
2769 1424 2997 1494 justiti-ae
3022 1428 3317 1497 aspicimus
3344 1448 3361 1484 :

1776 1522 2049 1570 sectarum
2094 1514 2329 1583 denique
2361 1516 2615 1571 alumnos
2643 1554 2659 1581 ,
2703 1516 2832 1585 quia
2865 1516 3070 1573 Christi
3120 1521 3361 1575 tunicam

1776 1620 1884 1660 non
1906 1605 2289 1672 discindimus,
2316 1606 2411 1662 sed
2438 1623 2545 1660 una
2577 1606 2631 1661 in
2653 1608 2839 1674 domo,
2862 1609 2917 1662 in
2941 1608 3184 1666 Ecclesia
3208 1627 3363 1666 nem-

1775 1713 1842 1767 pe
1870 1698 2156 1762 catholica,
2186 1697 2396 1753 Pascha
2429 1696 2644 1753 Domini
2677 1700 2824 1755 illius
2854 1702 3230 1771 comedimus,
3264 1704 3359 1773 qui

1771 1799 2084 1846 sanctarum
2108 1790 2287 1858 legum
2313 1805 2540 1844 suarum
2562 1791 2950 1847 constitutione
2978 1808 3079 1848 nos
3108 1795 3174 1851 ad
3194 1796 3361 1849 virtu-

1773 1888 1882 1935 tem
1911 1880 2115 1951 dirigit,
2142 1890 2306 1950 atque
2336 1882 2721 1936 abstinentiam
2754 1884 3083 1939 solemnitati
3120 1886 3359 1941 debitam

1772 1970 1982 2025 suadet.
2034 1969 2172 2025 Vere
2200 1970 2412 2027 Pascha
2442 1984 2526 2027 est
2551 1987 2583 2025 a
2610 1973 2753 2028 malo
2784 1973 3116 2030 abstinentia
3138 2016 3153 2040 ,
3184 1978 3359 2032 virtu-

1773 2062 1843 2117 tis
1872 2062 2190 2117 exercitium
2229 2074 2283 2118 et
2325 2077 2356 2117 a
2404 2071 2580 2117 morte
2613 2063 2681 2117 ad
2714 2073 2879 2119 vrtam
2932 2067 3205 2122 transitio.
3242 2066 3357 2123 lloc

1772 2153 1936 2209 homo
1960 2154 2027 2209 ab
2057 2155 2282 2224 antiqua
2304 2155 2467 2210 discit
2495 2156 2669 2225 ligura
2697 2174 2711 2208 :
2746 2164 2875 2211 tunc
2916 2157 3060 2213 enim
3093 2173 3159 2213 ex
3189 2158 3358 2231 .‘Egy-

1771 2254 1863 2315 pto
1889 2244 2319 2316 Hierosolymam
2354 2247 2591 2302 transire
2624 2247 2956 2317 studebant;
2984 2264 3134 2304 nune
3156 2265 3256 2305 nos
3288 2251 3357 2305 de

1774 2345 1947 2392 morte
2002 2338 2068 2392 ad
2125 2338 2290 2392 vitam
2339 2338 2686 2393 transimus:
2724 2348 2854 2393 tunc
2886 2354 2916 2393 a
2948 2339 3231 2395 Pharaone
3286 2341 3355 2395 ad

1770 2428 2025 2501 Moysen;
2055 2445 2203 2484 nunc
2229 2445 2259 2484 a
2282 2429 2501 2486 diabolo
2524 2429 2592 2484 ad
2622 2429 2979 2484 Salvatorem.
3006 2428 3073 2484 Et
3091 2430 3356 2500 quemad-

1771 2522 1995 2576 modum
2023 2528 2151 2577 tunc
2178 2522 2403 2593 praestiti
2431 2521 2622 2576 auxilii
2645 2530 2806 2592 typus
2829 2522 3123 2591 quotannis
3157 2537 3357 2592 repraao

1771 2614 2106 2680 sentabatur,
2144 2614 2219 2669 ita
2246 2629 2391 2669 nunc
2414 2629 2634 2684 quoque
2675 2615 2904 2670 salutem
2933 2622 3176 2669 nostram
3204 2629 3356 2669 com-

1770 2721 2161 2761 memoramus.
2192 2704 2537 2775 Jejunamus,
2560 2707 2691 2777 quia
2725 2706 2793 2761 de
2821 2712 2997 2761 morte
3019 2706 3352 2778 cogitamus,

1771 2804 1834 2851 ut
1861 2807 2049 2867 postea
2088 2796 2273 2851 vivere
2302 2797 2603 2866 possimus.
2640 2795 2944 2868 Vigilamus
2973 2797 3118 2852 haud
3146 2798 3354 2865 mmsti,

1770 2891 1869 2946 sed
1903 2890 2072 2946 veluti
2130 2888 2412 2945 dominum
2446 2890 2513 2944 de
2545 2889 2794 2945 convivio
2822 2891 3137 2946 redeuntem
3163 2905 3358 2961 exspo-

1772 2991 2019 3050 ctantes,
2052 2989 2113 3037 ut
2137 2982 2371 3037 invicem
2398 2981 2683 3038 videamus
2707 3022 2722 3045 ,
2760 2991 2815 3037 et
2857 2981 3100 3038 victoriae
3136 2983 3355 3054 signum

1771 3075 2035 3131 adversus
2061 3083 2295 3130 mortem
2321 3074 2649 3144 quantocius
2680 3074 3017 3130 nuntiemus.

104 3153 247 3215 lauda
274 3127 672 3233 perpetremusv.
739 3163 880 3220 Deus
909 3174 1122 3236 gratum
1166 3164 1410 3218 animum
1444 3162 1659 3235 diligit:
1690 3127 1738 3188 ϐ
1837 3166 1893 3221 5.
1925 3165 2172 3231 Utinam,
2206 3127 2387 3221 dileelti
2428 3166 2570 3233 mei,
2605 3173 2769 3236 prout
2797 3180 2952 3222 sacra
2979 3165 3228 3221 doctrina
3269 3180 3355 3222 re-

103 3256 279 3306 etcum
310 3255 468 3311 nobis
494 3257 721 3311 omnino
744 3255 1058 3323 diuidimus,
1084 3266 1213 3312 tune
1233 3257 1420 3327 utique
1447 3266 1662 3313 nostras

104 3341 292 3400 animas
318 3344 556 3403 Domino
592 3347 905 3416 offerimus,
952 3363 1103 3404 more
1145 3357 1462 3404 sanctorum
1490 3366 1503 3401 :
1530 3350 1663 3418 quia

101 3446 198 3489 non
226 3438 380 3496 nobis
399 3441 659 3509 vivimus,
695 3442 791 3499 sed
814 3443 1045 3498 Domino
1067 3442 1162 3514 qui
1190 3458 1288 3513 pro
1321 3443 1480 3498 nobis
1509 3458 1660 3497 mor-

100 3532 215 3582 tuus
241 3538 355 3598 est;
382 3540 550 3603 prout
581 3548 642 3589 se
692 3535 863 3606 gessit
904 3535 1070 3590 etiam
1097 3534 1290 3591 beatus
1339 3533 1543 3590 Paulus
1572 3535 1660 3590 di-

102 3627 216 3673 cens
236 3618 280 3651 ³⁴
312 3640 327 3675 :
368 3642 386 3676 ι
413 3625 637 3681 Christo
669 3628 920 3682 conﬁxus
971 3641 1089 3681 sum
1136 3627 1309 3681 cruci.
1372 3626 1505 3681 Vivo
1536 3642 1657 3698 ego,

102 3708 187 3763 sed
216 3726 319 3768 non
346 3730 469 3788 ego,
500 3717 635 3773 vivit
658 3732 790 3773 vero
816 3718 870 3772 in
907 3733 992 3773 me
1018 3716 1294 3774 Christus.
1327 3739 1347 3773 ι

163 3800 213 3855 4.
241 3803 344 3875 57
372 3806 516 3865 Vere
543 3809 885 3879 exploratum
910 3818 994 3864 est
1012 3850 1026 3874 ,
1079 3809 1260 3865 dilecti
1288 3810 1394 3865 mei
1420 3853 1435 3878 ,
1464 3810 1661 3867 debere

54 3970 60 3977 .
102 3900 193 3947 nos
215 3900 454 3968 corporis
481 3900 648 3956 rebus
677 3901 1063 3957 abrenuntiare
1085 3942 1102 3969 ,
1152 3911 1318 3973 atque
1357 3903 1412 3958 in
1452 3903 1520 3960 iis
1542 3914 1661 3959 tan-

107 3989 362 4047 tummodo
386 4009 512 4066 quae
545 4003 674 4051 sunt
707 3993 1006 4050 Salvatoris
1034 3994 1209 4050 nostri
1242 3996 1506 4052 exerceri.
1537 3995 1657 4052 Jam

102 4082 151 4129 ει
176 4084 375 4152 tempus
402 4101 433 4141 a
463 4085 624 4142 nobis
651 4087 910 4156 postulat,
943 4096 1003 4141 ut
1034 4103 1142 4142 non
1181 4087 1515 4157 ejuscemodi
1544 4105 1661 4145 ver-

107 4162 163 4221 ba
192 4177 391 4230 tantum
414 4177 685 4243 dicamus,
716 4179 809 4233 sed
840 4180 1001 4234 etiam
1034 4180 1292 4249 operibus
1313 4190 1537 4237 sanctos
1560 4182 1661 4236 ho-

104 4256 263 4317 mines
294 4264 591 4324 imitemur.
650 4267 935 4325 lmitamur
981 4279 1198 4336 autem,
1249 4287 1375 4326 eum
1405 4286 1530 4327 eum
1565 4274 1658 4344 qui

105 4361 332 4411 mortuus
358 4368 443 4416 est
474 4362 943 4431 recognoscimus,
969 4379 1072 4419 nec
1099 4364 1257 4420 nobis
1279 4364 1536 4429 vivimus,
1564 4366 1658 4421 sed

1764 3258 1953 3329 quirit,
1986 3259 2068 3313 sic
2097 3258 2247 3312 omni
2286 3267 2531 3328 tempore
2552 3297 2569 3323 ,
2597 3267 2650 3314 et
2680 3273 2829 3313 nunc
2852 3258 3110 3325 maxime,
3141 3259 3217 3313 ita
3249 3273 3353 3314 nos

1762 3364 2019 3421 geramus
2059 3349 2418 3419 vivamusque
2437 3390 2452 3417 ,
2481 3364 2551 3404 ne
2576 3364 2818 3420 unquam
2849 3350 3204 3420 pulchrorum
3252 3348 3352 3406 Dei

1764 3457 1992 3513 operum
2026 3441 2438 3509 obliviscamur,
2468 3456 2645 3511 neque
2668 3456 2697 3495 a
2721 3441 2940 3497 virtutis
2965 3440 3225 3496 exercitio
3256 3442 3353 3498 de-

1764 3534 2030 3597 sinamus,
2060 3548 2158 3588 ceu
2195 3531 2497 3602 apostolica
2532 3531 2640 3602 59
2674 3534 2839 3587 verba
2873 3547 2974 3587 nos
3006 3540 3231 3586 monent
3251 3533 3297 3565 ³⁵
3328 3551 3348 3590 :

1767 3644 1786 3676 ι
1811 3624 2136 3680 Mementote
2153 3623 2281 3679 Jesu
2297 3623 2526 3687 Christi,
2549 3624 2642 3693 qui
2668 3639 2700 3677 a
2724 3622 2952 3678 mortuis
2973 3623 3296 3680 resurrexit.
3320 3641 3343 3676 ι

1733 3710 1909 3774 'Saue
1969 3717 2253 3773 deﬁnitum
2302 3725 2516 3787 tempus
2573 3732 2684 3771 non
2736 3717 2927 3772 statuit
2978 3716 3348 3789 (Apostolus)

1761 3813 1924 3883 hujus
1952 3810 2347 3867 recordationis
2372 3827 2388 3877 ;
2416 3824 2518 3865 nos
2549 3818 2738 3865 tamen
2773 3809 2977 3865 nostris
3007 3810 3350 3880 cogitationi-

1761 3904 1865 3959 bus
1894 3918 2110 3972 semper
2133 3902 2275 3957 hanc
2304 3916 2520 3956 versare
2544 3900 2829 3965 debemus,
2864 3909 2917 3956 et
2955 3900 3022 3956 de
3047 3900 3373 3965 multorum,

1761 3996 2013 4052 socordia
2034 3993 2278 4065 quotidie
2301 3993 2506 4048 dolere.
2532 3991 2630 4050 His
2649 4008 2779 4064 ergo
2804 3993 3000 4048 diebus
3026 3993 3102 4048 rei
3127 3992 3347 4048 initium

1756 4087 2049 4153 faciamus,
2085 4084 2533 4157 quandoquidem
2563 4085 3100 4141 commemorationis
3128 4093 3345 4155 tempus

1758 4182 1936 4245 adest,
1974 4179 2120 4253 quod
2150 4178 2357 4234 sanctis
2387 4176 2706 4232 hominibus
2732 4176 3035 4233 vocationis
3057 4176 3344 4247 praemium

1756 4271 2020 4338 ostendit,
2050 4270 2382 4342 negligentes
2412 4278 2595 4324 autem
2631 4284 2741 4324 non
2774 4269 2892 4325 sine
2922 4269 3347 4340 reprehensione

1763 4364 2104 4419 adhortatur.
2170 4361 2397 4417 Caeteris
2435 4376 2563 4416 vero
2612 4360 2805 4416 diebus
2858 4359 3072 4417 virtutis
3119 4375 3343 4416 cursum

106 4434 207 4506 ipse
222 4445 348 4503 vivit
374 4449 429 4505 in
452 4452 613 4507 nobis
642 4451 930 4522 Christus;
957 4463 1158 4510 etcum
1188 4454 1483 4510 Dominum
1510 4457 1660 4512 omni
1692 4463 1737 4518 ι)
1766 4466 2082 4523 teneamus,
2120 4462 2459 4525 patratorum
2494 4452 2825 4523 ﬂagitiorum
2863 4452 3188 4522 paenitentes
3212 4491 3226 4518 ,
3266 4452 3347 4508 uti

104 4527 150 4581 Vi
180 4546 353 4595 nostra
374 4556 810 4599 remuneramur.
855 4544 913 4600 Si
946 4553 1130 4602 autem
1157 4548 1546 4615 retribuemus,
1576 4549 1662 4602 nio

107 4617 172 4675 hil
193 4639 428 4689 nostrum
455 4635 824 4703 conferemus,
850 4639 941 4694 sed
969 4639 1116 4710 quod
1139 4639 1207 4695 ab
1230 4655 1296 4696 eo
1319 4640 1659 4711 accepimus;

107 4725 213 4781 (illa!
235 4735 353 4779 cum
390 4728 510 4799 ejus
542 4728 715 4799 gratia
746 4730 838 4798 sit,
868 4730 984 4802 ipse
1013 4748 1042 4785 a
1075 4733 1233 4789 nobis
1255 4736 1483 4805 gratiam
1507 4750 1663 4790 suam

106 4812 350 4882 rePoscit;
384 4832 449 4874 ac
475 4827 759 4889 propterea
782 4820 914 4875 dicit
953 4839 966 4875 :
997 4818 1312 4879 Oblationes
1340 4824 1473 4878 mihi
1503 4826 1663 4880 exhi-

247 4917 468 4964 munera
495 4925 614 4989 mea
639 4919 807 4978 sunt;
846 4912 898 4967 id
931 4922 1016 4967 est
1046 4916 1191 4983 quod
1222 4915 1357 4969 mihi
1397 4916 1656 4983 tribuitis,

105 4985 153 5038 id
187 5003 214 5043 a
241 5009 324 5051 me
353 5009 511 5058 antea
540 4985 898 5073 acceperatis.
957 5003 1127 5061 Dona'
1155 5014 1335 5062 autem
1384 5006 1482 5063 Dei
1526 5016 1660 5064 sunt

106 5082 334 5169 quaelibet
360 5093 538 5150 virtus
561 5136 576 5161 ,
629 5110 900 5166 verusque
936 5111 1001 5152 ac
1046 5098 1226 5154 bonus
1264 5099 1426 5154 timor
1458 5100 1656 5169 ipsius.

108 5164 217 5227 Haec
236 5179 519 5242 oll‘eramus
539 5187 771 5244 Domino
791 5207 806 5256 ;
824 5199 876 5244 et
896 5205 1020 5245 cum
1049 5191 1105 5245 in
1133 5190 1329 5246 timore
1352 5191 1495 5245 bono
1517 5207 1664 5246 com-

108 5264 228 5325 1)θηὶ
254 5267 512 5333 fuerimus
537 5316 552 5342 ,
596 5294 702 5333 una
730 5294 854 5335 cum
886 5280 953 5336 iis
977 5282 1140 5336 rebus
1173 5296 1311 5351 quas
1341 5281 1457 5351 ipse
1486 5280 1661 5337 nostri

109 5360 255 5410 causa
302 5368 657 5424 sanetilicavit
704 5367 850 5442 (47),
892 5370 1089 5426 festum
1142 5371 1192 5425 ei
1242 5370 1655 5427 celebrabimus.

1759 4564 1859 4619 par
1879 4556 1985 4613 est,
2008 4563 2349 4618 quaecunque
2373 4562 2437 4602 ea
2464 4545 2670 4601 fuerint
2697 4563 2712 4601 :
2741 4560 2905 4600 nemo
2930 4546 3075 4600 enim
3109 4545 3346 4603 mundus

1714 4680 1721 4685 ι
1760 4649 1846 4697 est
1873 4657 1904 4696 a
1927 4641 2204 4706 sordibus,
2229 4639 2448 4695 tametsi
2476 4639 2640 4693 unius
2660 4638 2812 4693 hora;
2831 4639 2942 4693 vita
2967 4638 3086 4708 ejus
3114 4638 3171 4693 in
3202 4646 3348 4693 terra

1762 4732 1962 4800 fuerit,
2008 4742 2070 4787 ut
2101 4731 2252 4787 omni
2301 4731 2500 4787 virtute
2530 4730 2790 4801 prmditus
2820 4738 3055 4785 testatur
3082 4728 3254 4785 Jobus
3276 4729 3343 4783 ⁸⁸.

1767 4825 1970 4882 Deinde
1996 4825 2065 4880 ad
2097 4839 2185 4880 res
2216 4823 2431 4879 futuras
2467 4824 2712 4878 animum
2757 4829 3171 4884 convertentes,
3223 4835 3348 4875 ore-

1764 4933 1889 4972 mus
1936 4933 2004 4971 ne
2033 4916 2253 4984 indigne
2280 4914 2490 4972 Pascha
2517 4914 2871 4970 eomedamus
2896 4953 2910 4977 ,
2937 4920 2992 4967 et
3025 4926 3093 4966 ne
3124 4910 3344 4980 pericu-

1763 5010 1832 5066 lis
1870 5010 2204 5064 irretiamur.
2264 5006 2474 5063 Pascha
2501 5006 2757 5077 quidem,
2805 5021 2928 5061 esca
2964 5005 3207 5060 caelestis
3240 5004 3347 5057 erit

1756 5118 1893 5173 pure
1922 5101 2121 5157 festum
2149 5099 2466 5170 agentibus;
2496 5098 2728 5168 impuris
2747 5106 2930 5152 autem
2959 5106 3015 5151 et
3051 5110 3345 5165 aspernan-

1757 5194 1935 5260 tibus,
1990 5192 2291 5262 perieulum
2347 5198 2510 5259 atque
2556 5176 2875 5260 ignominia.
2940 5186 3212 5256 Scriptum
3260 5195 3345 5239 est

1757 5284 1903 5338 enim
1930 5282 1972 5314 ³⁷
2007 5300 2020 5335 :
2058 5300 2077 5333 ι
2111 5280 2215 5346 Qui
2250 5279 2546 5333 manducat
2568 5286 2622 5332 et
2652 5276 2787 5330 bibit
2807 5274 3049 5345 indigne,
3084 5287 3212 5327 reus
3239 5272 3345 5326 erit

1759 5373 1955 5429 mortis
1979 5371 2192 5426 Domini
2224 5371 2418 5426 nostri.
2452 5389 2470 5423 ›
2530 5369 2698 5440 Igitur
2728 5384 2797 5424 ne
2823 5366 3143 5431 simpliciter
3167 5366 3233 5419 ad
3264 5365 3343 5419 le-

170 5486 214 5519 ²⁸
239 5488 377 5577 ﬁsa].
399 5517 534 5577 cxv,
562 5503 699 5577 ,1εᾷ
733 5506 779 5537 ’⁸
806 5504 966 5577 Rom.
997 5523 1053 5573 v,
1088 5507 1175 5563 Η.
1253 5506 1299 5538 ³ο
1328 5505 1744 5577 Luc.xxnt,45.
1821 5508 2031 5565 "Psal.
2058 5524 2211 5573 xcut,
2253 5508 2339 5563 l7.
2420 5510 2487 5541 ³⁸⁸
2508 5508 2652 5565 Psal.
2676 5525 2797 5571 cxv,
2822 5508 3010 5577 l5,l5.
3050 5576 3053 5577 ν
3087 5508 3131 5540 ³²
3149 5508 3341 5566 Matth.

110 5566 193 5620 xx.
239 5562 324 5621 22.
396 5572 442 5606 ιδ
466 5562 598 5630 ibid.
631 5575 722 5630 25.
797 5576 840 5608 ει
875 5576 994 5634 Gal.
1026 5562 1087 5643 ιἰ,
1127 5562 1212 5633 t9.
1289 5578 1333 5609 ³⁸
1360 5577 1405 5630 ιι
1430 5576 1550 5632 Tim
1599 5562 1653 5645 ιῐ.

1822 5580 1867 5613 ³⁶
1896 5562 2163 5646 Job.xiv,
2186 5562 2221 5636 Al
2243 5562 2338 5636 sec.
2371 5562 2665 5637 Graiam”
2686 5562 2998 5644 Ῑέοιίίι,
3036 5576 3130 5637 27.

174 5677 274 5755 (δῖ)
295 5686 526 5768 lntellige
549 5694 945 5754 Eucharistiam
967 5700 1023 5755 in
1048 5696 1314 5757 Paschate
1337 5716 1367 5756 a
1397 5700 1643 5758 lldelibus
1683 5702 2023 5760 sumendam.
