  <div class='ocr_page' id='page_1' title='image "/cluster/home/n/w/nwhite01/storage/ocr_20150623/26/nnc1.0046978577/707.png"; bbox 0 0 3812 6224; ppageno 0'>
   <div class='ocr_carea' id='block_1_1' title="bbox 440 309 581 377">
    <p class='ocr_par' dir='ltr' id='par_1_1' title="bbox 440 309 581 377">
     <span class='ocr_line' id='line_1_1' title="bbox 440 309 581 377; baseline -0.021 0"><span class='ocrx_word' id='word_1_1' title='bbox 440 309 581 377; x_wconf 71' lang='grc'><strong>1383</strong></span> 
     </span>
    </p>
   </div>
   <div class='ocr_carea' id='block_1_2' title="bbox 1037 282 3104 364">
    <p class='ocr_par' dir='ltr' id='par_1_2' title="bbox 1037 282 3104 364">
     <span class='ocr_line' id='line_1_2' title="bbox 1037 282 3104 364; baseline -0.014 0"><span class='ocrx_word' id='word_1_2' title='bbox 1037 308 1097 364; x_wconf 90' lang='lat' dir='ltr'><strong>S.</strong></span> <span class='ocrx_word' id='word_1_3' title='bbox 1135 299 1507 361; x_wconf 79' lang='lat' dir='ltr'><strong>ATHANASII</strong></span> <span class='ocrx_word' id='word_1_4' title='bbox 1542 297 1693 355; x_wconf 88' lang='lat' dir='ltr'><strong>OPP.</strong></span> <span class='ocrx_word' id='word_1_5' title='bbox 1734 291 1915 351; x_wconf 76' lang='lat' dir='ltr'><strong>PARS</strong></span> <span class='ocrx_word' id='word_1_6' title='bbox 1951 292 2015 347; x_wconf 86' lang='lat' dir='ltr'><strong>ll.</strong></span> <span class='ocrx_word' id='word_1_7' title='bbox 2057 323 2126 333; x_wconf 87' lang='lat'><strong>-—</strong></span> <span class='ocrx_word' id='word_1_8' title='bbox 2163 288 2525 345; x_wconf 53' lang='lat' dir='ltr'><strong>EPISTOLJI</strong></span> <span class='ocrx_word' id='word_1_9' title='bbox 2566 282 3104 342; x_wconf 64' lang='lat' dir='ltr'><strong>HEORTASTICIE.</strong></span> 
     </span>
    </p>
   </div>
   <div class='ocr_carea' id='block_1_3' title="bbox 441 394 3700 495">
    <p class='ocr_par' dir='ltr' id='par_1_3' title="bbox 441 394 3700 495">
     <span class='ocr_line' id='line_1_3' title="bbox 441 394 3700 495; baseline -0.015 -1"><span class='ocrx_word' id='word_1_10' title='bbox 441 439 593 495; x_wconf 84' lang='lat' dir='ltr'><strong>stalis</strong></span> <span class='ocrx_word' id='word_1_11' title='bbox 621 433 757 489; x_wconf 90' lang='lat' dir='ltr'><strong>ritus</strong></span> <span class='ocrx_word' id='word_1_12' title='bbox 782 428 1199 486; x_wconf 75' lang='lat' dir='ltr'><strong>celebrationem</strong></span> <span class='ocrx_word' id='word_1_13' title='bbox 1229 422 1549 485; x_wconf 76' lang='lat' dir='ltr'><strong>veniamus;</strong></span> <span class='ocrx_word' id='word_1_14' title='bbox 1606 418 1700 473; x_wconf 86' lang='lat' dir='ltr'><strong>sed</strong></span> <span class='ocrx_word' id='word_1_15' title='bbox 1729 425 1789 471; x_wconf 91' lang='lat' dir='ltr'><strong>ut</strong></span> <span class='ocrx_word' id='word_1_16' title='bbox 1824 413 2007 471; x_wconf 86' lang='lat' dir='ltr'><strong>idonei</strong></span> <span class='ocrx_word' id='word_1_17' title='bbox 2037 418 2084 471; x_wconf 78' lang='grc' dir='ltr'><strong>Α</strong></span> <span class='ocrx_word' id='word_1_18' title='bbox 2112 410 2317 475; x_wconf 90' lang='lat' dir='ltr'><strong>minus,</strong></span> <span class='ocrx_word' id='word_1_19' title='bbox 2341 422 2407 461; x_wconf 92' lang='lat' dir='ltr'><strong>ne</strong></span> <span class='ocrx_word' id='word_1_20' title='bbox 2429 405 2659 461; x_wconf 90' lang='lat' dir='ltr'><strong>ulterius</strong></span> <span class='ocrx_word' id='word_1_21' title='bbox 2686 416 2851 471; x_wconf 80' lang='lat' dir='ltr'><strong>opera</strong></span> <span class='ocrx_word' id='word_1_22' title='bbox 2875 398 3068 453; x_wconf 90' lang='lat' dir='ltr'><strong>mortis</strong></span> <span class='ocrx_word' id='word_1_23' title='bbox 3094 408 3419 467; x_wconf 81' lang='lat' dir='ltr'><strong>ageremus:</strong></span> <span class='ocrx_word' id='word_1_24' title='bbox 3454 394 3700 448; x_wconf 85' lang='lat' dir='ltr'><strong>animam</strong></span> 
     </span>
    </p>
   </div>
   <div class='ocr_carea' id='block_1_4' title="bbox 441 508 2021 588">
    <p class='ocr_par' dir='ltr' id='par_1_4' title="bbox 441 508 2021 588">
     <span class='ocr_line' id='line_1_4' title="bbox 441 508 2021 588; baseline -0.017 -2"><span class='ocrx_word' id='word_1_25' title='bbox 441 530 618 588; x_wconf 90' lang='lat' dir='ltr'><strong>simus</strong></span> <span class='ocrx_word' id='word_1_26' title='bbox 640 525 710 580; x_wconf 91' lang='lat' dir='ltr'><strong>ad</strong></span> <span class='ocrx_word' id='word_1_27' title='bbox 730 522 972 578; x_wconf 90' lang='lat' dir='ltr'><strong>divinum</strong></span> <span class='ocrx_word' id='word_1_28' title='bbox 988 518 1199 587; x_wconf 88' lang='lat' dir='ltr'><strong>Agnum</strong></span> <span class='ocrx_word' id='word_1_29' title='bbox 1222 512 1499 576; x_wconf 86' lang='lat' dir='ltr'><strong>accedere,</strong></span> <span class='ocrx_word' id='word_1_30' title='bbox 1526 518 1581 565; x_wconf 89' lang='lat' dir='ltr'><strong>et</strong></span> <span class='ocrx_word' id='word_1_31' title='bbox 1600 508 1849 565; x_wconf 68' lang='lat' dir='ltr'><strong>caelestes</strong></span> <span class='ocrx_word' id='word_1_32' title='bbox 1865 520 2021 561; x_wconf 86' lang='lat' dir='ltr'><strong>escas</strong></span> 
     </span>
    </p>
   </div>
   <div class='ocr_carea' id='block_1_5' title="bbox 441 592 2022 687">
    <p class='ocr_par' dir='ltr' id='par_1_5' title="bbox 441 592 2022 687">
     <span class='ocr_line' id='line_1_5' title="bbox 441 592 2022 687; baseline -0.019 -14"><span class='ocrx_word' id='word_1_33' title='bbox 441 619 728 687; x_wconf 90' lang='lat' dir='ltr'><strong>attingere,</strong></span> <span class='ocrx_word' id='word_1_34' title='bbox 759 623 952 665; x_wconf 91' lang='lat' dir='ltr'><strong>manus</strong></span> <span class='ocrx_word' id='word_1_35' title='bbox 967 614 1179 659; x_wconf 91' lang='lat' dir='ltr'><strong>nostras</strong></span> <span class='ocrx_word' id='word_1_36' title='bbox 1191 601 1561 673; x_wconf 89' lang='lat' dir='ltr'><strong>purificemus,</strong></span> <span class='ocrx_word' id='word_1_37' title='bbox 1579 609 1778 666; x_wconf 86' lang='lat' dir='ltr'><strong>corpus</strong></span> <span class='ocrx_word' id='word_1_38' title='bbox 1793 592 2022 649; x_wconf 82' lang='lat' dir='ltr'><strong>munde-</strong></span> 
     </span>
    </p>
   </div>
   <div class='ocr_carea' id='block_1_6' title="bbox 442 687 2019 771">
    <p class='ocr_par' dir='ltr' id='par_1_6' title="bbox 442 687 2019 771">
     <span class='ocr_line' id='line_1_6' title="bbox 442 687 2019 771; baseline -0.018 -9"><span class='ocrx_word' id='word_1_39' title='bbox 442 714 588 771; x_wconf 85' lang='lat' dir='ltr'><strong>mus,</strong></span> <span class='ocrx_word' id='word_1_40' title='bbox 602 710 654 757; x_wconf 91' lang='lat' dir='ltr'><strong>et</strong></span> <span class='ocrx_word' id='word_1_41' title='bbox 669 699 814 756; x_wconf 89' lang='lat' dir='ltr'><strong>omni</strong></span> <span class='ocrx_word' id='word_1_42' title='bbox 834 696 1021 751; x_wconf 80' lang='lat' dir='ltr'><strong>fraude</strong></span> <span class='ocrx_word' id='word_1_43' title='bbox 1038 708 1099 748; x_wconf 78' lang='lat' dir='ltr'><strong>ex</strong></span> <span class='ocrx_word' id='word_1_44' title='bbox 1109 701 1309 762; x_wconf 89' lang='lat' dir='ltr'><strong>pertem</strong></span> <span class='ocrx_word' id='word_1_45' title='bbox 1318 687 1706 745; x_wconf 82' lang='lat' dir='ltr'><strong>conscientiam</strong></span> <span class='ocrx_word' id='word_1_46' title='bbox 1720 694 2019 739; x_wconf 85' lang='lat' dir='ltr'><strong>teneamus.</strong></span> 
     </span>
    </p>
   </div>
   <div class='ocr_carea' id='block_1_7' title="bbox 441 775 2022 867">
    <p class='ocr_par' dir='ltr' id='par_1_7' title="bbox 441 775 2022 867">
     <span class='ocr_line' id='line_1_7' title="bbox 441 775 2022 867; baseline -0.017 -13"><span class='ocrx_word' id='word_1_47' title='bbox 441 796 541 861; x_wconf 86' lang='lat' dir='ltr'><strong>Ne,</strong></span> <span class='ocrx_word' id='word_1_48' title='bbox 560 808 765 867; x_wconf 65' lang='lat' dir='ltr'><strong>quasso,</strong></span> <span class='ocrx_word' id='word_1_49' title='bbox 787 791 852 846; x_wconf 91' lang='lat' dir='ltr'><strong>ad</strong></span> <span class='ocrx_word' id='word_1_50' title='bbox 877 788 1191 844; x_wconf 85' lang='lat' dir='ltr'><strong>ebrietatem</strong></span> <span class='ocrx_word' id='word_1_51' title='bbox 1222 785 1466 837; x_wconf 79' lang='lat' dir='ltr'><strong>laxemur</strong></span> <span class='ocrx_word' id='word_1_52' title='bbox 1486 794 1660 849; x_wconf 87' lang='lat' dir='ltr'><strong>neque</strong></span> <span class='ocrx_word' id='word_1_53' title='bbox 1683 778 1748 833; x_wconf 91' lang='lat' dir='ltr'><strong>ad</strong></span> <span class='ocrx_word' id='word_1_54' title='bbox 1766 775 2022 845; x_wconf 85' lang='lat' dir='ltr'><strong>concupi—</strong></span> 
     </span>
    </p>
   </div>
   <div class='ocr_carea' id='block_1_8' title="bbox 444 866 2024 950">
    <p class='ocr_par' dir='ltr' id='par_1_8' title="bbox 444 866 2024 950">
     <span class='ocr_line' id='line_1_8' title="bbox 444 866 2024 950; baseline -0.015 -6"><span class='ocrx_word' id='word_1_55' title='bbox 444 866 681 945; x_wconf 76' lang='lat' dir='ltr'><strong>sce-alias</strong></span> <span class='ocrx_word' id='word_1_56' title='bbox 708 924 724 950; x_wconf 96' lang='lat'><strong>,</strong></span> <span class='ocrx_word' id='word_1_57' title='bbox 777 882 872 938; x_wconf 88' lang='lat' dir='ltr'><strong>sed</strong></span> <span class='ocrx_word' id='word_1_58' title='bbox 921 893 1045 934; x_wconf 92' lang='lat' dir='ltr'><strong>cum</strong></span> <span class='ocrx_word' id='word_1_59' title='bbox 1081 875 1311 929; x_wconf 89' lang='lat' dir='ltr'><strong>Domino</strong></span> <span class='ocrx_word' id='word_1_60' title='bbox 1353 882 1541 927; x_wconf 85' lang='lat' dir='ltr'><strong>nostro</strong></span> <span class='ocrx_word' id='word_1_61' title='bbox 1574 882 1628 927; x_wconf 87' lang='lat' dir='ltr'><strong>et</strong></span> <span class='ocrx_word' id='word_1_62' title='bbox 1671 885 1793 923; x_wconf 84' lang='lat' dir='ltr'><strong>cum</strong></span> <span class='ocrx_word' id='word_1_63' title='bbox 1823 866 2024 923; x_wconf 85' lang='lat' dir='ltr'><strong>divinis</strong></span> 
     </span>
    </p>
   </div>
   <div class='ocr_carea' id='block_1_9' title="bbox 442 961 2025 1039">
    <p class='ocr_par' dir='ltr' id='par_1_9' title="bbox 442 961 2025 1039">
     <span class='ocr_line' id='line_1_9' title="bbox 442 961 2025 1039; baseline -0.015 -4"><span class='ocrx_word' id='word_1_64' title='bbox 442 977 710 1035; x_wconf 87' lang='lat' dir='ltr'><strong>doctrinis</strong></span> <span class='ocrx_word' id='word_1_65' title='bbox 737 970 1187 1033; x_wconf 84' lang='lat' dir='ltr'><strong>confabulemur;</strong></span> <span class='ocrx_word' id='word_1_66' title='bbox 1222 975 1282 1022; x_wconf 93' lang='lat' dir='ltr'><strong>ut</strong></span> <span class='ocrx_word' id='word_1_67' title='bbox 1306 972 1700 1039; x_wconf 83' lang='lat' dir='ltr'><strong>usquequaque</strong></span> <span class='ocrx_word' id='word_1_68' title='bbox 1729 961 1872 1031; x_wconf 85' lang='lat' dir='ltr'><strong>puri,</strong></span> <span class='ocrx_word' id='word_1_69' title='bbox 1896 973 2025 1030; x_wconf 86' lang='lat' dir='ltr'><strong>pos-</strong></span> 
     </span>
    </p>
   </div>
   <div class='ocr_carea' id='block_1_10' title="bbox 444 1061 1294 1133">
    <p class='ocr_par' dir='ltr' id='par_1_10' title="bbox 444 1061 1294 1133">
     <span class='ocr_line' id='line_1_10' title="bbox 444 1061 1294 1133; baseline -0.016 -7"><span class='ocrx_word' id='word_1_70' title='bbox 444 1071 618 1127; x_wconf 80' lang='lat' dir='ltr'><strong>simus</strong></span> <span class='ocrx_word' id='word_1_71' title='bbox 650 1068 764 1122; x_wconf 88' lang='lat' dir='ltr'><strong>lieri</strong></span> <span class='ocrx_word' id='word_1_72' title='bbox 791 1064 953 1119; x_wconf 76' lang='lat' dir='ltr'><strong>Verbi</strong></span> <span class='ocrx_word' id='word_1_73' title='bbox 985 1061 1294 1133; x_wconf 83' lang='lat' dir='ltr'><strong>participes.</strong></span> 
     </span>
    </p>
   </div>
   <div class='ocr_carea' id='block_1_11' title="bbox 516 1142 2025 1216">
    <p class='ocr_par' dir='ltr' id='par_1_11' title="bbox 516 1142 2025 1216">
     <span class='ocr_line' id='line_1_11' title="bbox 516 1142 2025 1216; baseline -0.013 -1"><span class='ocrx_word' id='word_1_74' title='bbox 516 1161 570 1215; x_wconf 92' lang='lat'><strong>6.</strong></span> <span class='ocrx_word' id='word_1_75' title='bbox 603 1159 700 1213; x_wconf 89' lang='lat' dir='ltr'><strong>Die</strong></span> <span class='ocrx_word' id='word_1_76' title='bbox 750 1167 930 1210; x_wconf 88' lang='lat' dir='ltr'><strong>autem</strong></span> <span class='ocrx_word' id='word_1_77' title='bbox 979 1169 1069 1206; x_wconf 73' lang='lat' dir='ltr'><strong>xw</strong></span> <span class='ocrx_word' id='word_1_78' title='bbox 1101 1150 1457 1216; x_wconf 85' lang='lat' dir='ltr'><strong>Pharmuthi,</strong></span> <span class='ocrx_word' id='word_1_79' title='bbox 1497 1160 1721 1216; x_wconf 89' lang='lat' dir='ltr'><strong>vespere</strong></span> <span class='ocrx_word' id='word_1_80' title='bbox 1761 1142 1984 1198; x_wconf 81' lang='lat' dir='ltr'><strong>Sabbati</strong></span> <span class='ocrx_word' id='word_1_81' title='bbox 2009 1182 2025 1205; x_wconf 89' lang='lat'><strong>,</strong></span> 
     </span>
    </p>
   </div>
   <div class='ocr_carea' id='block_1_12' title="bbox 447 1235 2025 1319">
    <p class='ocr_par' dir='ltr' id='par_1_12' title="bbox 447 1235 2025 1319">
     <span class='ocr_line' id='line_1_12' title="bbox 447 1235 2025 1319; baseline -0.012 -11"><span class='ocrx_word' id='word_1_82' title='bbox 447 1262 694 1317; x_wconf 84' lang='lat' dir='ltr'><strong>sanctum</strong></span> <span class='ocrx_word' id='word_1_83' title='bbox 719 1249 986 1319; x_wconf 76' lang='lat' dir='ltr'><strong>jejunium</strong></span> <span class='ocrx_word' id='word_1_84' title='bbox 1027 1243 1429 1312; x_wconf 85' lang='lat' dir='ltr'><strong>incipientibus,</strong></span> <span class='ocrx_word' id='word_1_85' title='bbox 1464 1248 1517 1294; x_wconf 90' lang='lat' dir='ltr'><strong>et</strong></span> <span class='ocrx_word' id='word_1_86' title='bbox 1547 1237 1791 1309; x_wconf 86' lang='lat' dir='ltr'><strong>ejusdem</strong></span> <span class='ocrx_word' id='word_1_87' title='bbox 1821 1235 2025 1289; x_wconf 89' lang='lat' dir='ltr'><strong>mensis</strong></span> 
     </span>
    </p>
   </div>
   <div class='ocr_carea' id='block_1_13' title="bbox 447 1323 2023 1398">
    <p class='ocr_par' dir='ltr' id='par_1_13' title="bbox 447 1323 2023 1398">
     <span class='ocr_line' id='line_1_13' title="bbox 447 1323 2023 1398; baseline -0.013 0"><span class='ocrx_word' id='word_1_88' title='bbox 447 1340 771 1398; x_wconf 87' lang='lat' dir='ltr'><strong>Pharmuthi</strong></span> <span class='ocrx_word' id='word_1_89' title='bbox 805 1339 893 1392; x_wconf 90' lang='lat' dir='ltr'><strong>die</strong></span> <span class='ocrx_word' id='word_1_90' title='bbox 922 1353 1015 1391; x_wconf 69' lang='lat' dir='ltr'><strong>xxx</strong></span> <span class='ocrx_word' id='word_1_91' title='bbox 1048 1333 1382 1396; x_wconf 83' lang='lat' dir='ltr'><strong>finientibus,</strong></span> <span class='ocrx_word' id='word_1_92' title='bbox 1421 1330 1702 1384; x_wconf 88' lang='lat' dir='ltr'><strong>illucescet</strong></span> <span class='ocrx_word' id='word_1_93' title='bbox 1732 1326 1890 1380; x_wconf 90' lang='lat' dir='ltr'><strong>nobis</strong></span> <span class='ocrx_word' id='word_1_94' title='bbox 1913 1323 2023 1395; x_wconf 74' lang='grc' dir='ltr'><strong>ϐο</strong></span> 
     </span>
    </p>
   </div>
   <div class='ocr_carea' id='block_1_14' title="bbox 450 1414 2024 1495">
    <p class='ocr_par' dir='ltr' id='par_1_14' title="bbox 450 1414 2024 1495">
     <span class='ocr_line' id='line_1_14' title="bbox 450 1414 2024 1495; baseline -0.015 -4"><span class='ocrx_word' id='word_1_95' title='bbox 450 1445 641 1492; x_wconf 86' lang='lat' dir='ltr'><strong>sancta</strong></span> <span class='ocrx_word' id='word_1_96' title='bbox 673 1430 988 1492; x_wconf 90' lang='lat' dir='ltr'><strong>Dominica,</strong></span> <span class='ocrx_word' id='word_1_97' title='bbox 1016 1426 1104 1481; x_wconf 93' lang='lat' dir='ltr'><strong>die</strong></span> <span class='ocrx_word' id='word_1_98' title='bbox 1134 1423 1377 1495; x_wconf 89' lang='lat' dir='ltr'><strong>ejusdem</strong></span> <span class='ocrx_word' id='word_1_99' title='bbox 1406 1420 1728 1476; x_wconf 86' lang='lat' dir='ltr'><strong>Pharmuthi</strong></span> <span class='ocrx_word' id='word_1_100' title='bbox 1778 1434 1849 1472; x_wconf 80' lang='lat' dir='ltr'><strong>xx</strong></span> <span class='ocrx_word' id='word_1_101' title='bbox 1881 1435 1895 1470; x_wconf 92' lang='lat'><strong>:</strong></span> <span class='ocrx_word' id='word_1_102' title='bbox 1937 1414 2024 1469; x_wconf 91' lang='lat' dir='ltr'><strong>cui</strong></span> 
     </span>
    </p>
   </div>
   <div class='ocr_carea' id='block_1_15' title="bbox 450 1507 2022 1597">
    <p class='ocr_par' dir='ltr' id='par_1_15' title="bbox 450 1507 2022 1597">
     <span class='ocr_line' id='line_1_15' title="bbox 450 1507 2022 1597; baseline -0.015 -15"><span class='ocrx_word' id='word_1_103' title='bbox 450 1526 808 1597; x_wconf 85' lang='lat' dir='ltr'><strong>adjungentes</strong></span> <span class='ocrx_word' id='word_1_104' title='bbox 852 1530 1058 1591; x_wconf 86' lang='lat' dir='ltr'><strong>septem</strong></span> <span class='ocrx_word' id='word_1_105' title='bbox 1096 1519 1216 1572; x_wconf 91' lang='lat' dir='ltr'><strong>illas</strong></span> <span class='ocrx_word' id='word_1_106' title='bbox 1265 1514 1608 1570; x_wconf 89' lang='lat' dir='ltr'><strong>Pentecostes</strong></span> <span class='ocrx_word' id='word_1_107' title='bbox 1638 1507 2022 1571; x_wconf 86' lang='lat' dir='ltr'><strong>hebdomadas,</strong></span> 
     </span>
    </p>
   </div>
   <div class='ocr_carea' id='block_1_16' title="bbox 451 1601 2025 1677">
    <p class='ocr_par' dir='ltr' id='par_1_16' title="bbox 451 1601 2025 1677">
     <span class='ocr_line' id='line_1_16' title="bbox 451 1601 2025 1677; baseline -0.013 -6"><span class='ocrx_word' id='word_1_108' title='bbox 451 1617 510 1672; x_wconf 91' lang='lat' dir='ltr'><strong>in</strong></span> <span class='ocrx_word' id='word_1_109' title='bbox 556 1613 926 1677; x_wconf 85' lang='lat' dir='ltr'><strong>orationibus,</strong></span> <span class='ocrx_word' id='word_1_110' title='bbox 956 1608 1341 1664; x_wconf 89' lang='lat' dir='ltr'><strong>communione</strong></span> <span class='ocrx_word' id='word_1_111' title='bbox 1375 1619 1498 1659; x_wconf 92' lang='lat' dir='ltr'><strong>cum</strong></span> <span class='ocrx_word' id='word_1_112' title='bbox 1533 1601 1805 1673; x_wconf 82' lang='lat' dir='ltr'><strong>proximo,</strong></span> <span class='ocrx_word' id='word_1_113' title='bbox 1837 1608 1892 1653; x_wconf 89' lang='lat' dir='ltr'><strong>et</strong></span> <span class='ocrx_word' id='word_1_114' title='bbox 1925 1612 2025 1651; x_wconf 85' lang='lat' dir='ltr'><strong>vo-</strong></span> 
     </span>
    </p>
   </div>
   <div class='ocr_carea' id='block_1_17' title="bbox 450 1692 2025 1772">
    <p class='ocr_par' dir='ltr' id='par_1_17' title="bbox 450 1692 2025 1772">
     <span class='ocr_line' id='line_1_17' title="bbox 450 1692 2025 1772; baseline -0.011 -11"><span class='ocrx_word' id='word_1_115' title='bbox 450 1707 660 1762; x_wconf 85' lang='lat' dir='ltr'><strong>luntate</strong></span> <span class='ocrx_word' id='word_1_116' title='bbox 689 1703 912 1757; x_wconf 87' lang='lat' dir='ltr'><strong>omnino</strong></span> <span class='ocrx_word' id='word_1_117' title='bbox 946 1700 1192 1772; x_wconf 82' lang='lat' dir='ltr'><strong>paciﬁca,</strong></span> <span class='ocrx_word' id='word_1_118' title='bbox 1222 1698 1374 1769; x_wconf 82' lang='lat' dir='ltr'><strong>regni</strong></span> <span class='ocrx_word' id='word_1_119' title='bbox 1405 1710 1623 1767; x_wconf 89' lang='lat' dir='ltr'><strong>quoque</strong></span> <span class='ocrx_word' id='word_1_120' title='bbox 1652 1692 1888 1748; x_wconf 71' lang='lat' dir='ltr'><strong>caelestis</strong></span> <span class='ocrx_word' id='word_1_121' title='bbox 1913 1692 2025 1745; x_wconf 70' lang='lat' dir='ltr'><strong>ha:-</strong></span> 
     </span>
    </p>
   </div>
   <div class='ocr_carea' id='block_1_18' title="bbox 2122 485 3702 560">
    <p class='ocr_par' dir='ltr' id='par_1_18' title="bbox 2122 485 3702 560">
     <span class='ocr_line' id='line_1_18' title="bbox 2122 485 3702 560; baseline -0.012 -3"><span class='ocrx_word' id='word_1_122' title='bbox 2122 516 2278 557; x_wconf 90' lang='lat' dir='ltr'><strong>suam</strong></span> <span class='ocrx_word' id='word_1_123' title='bbox 2327 497 2569 560; x_wconf 86' lang='lat' dir='ltr'><strong>tradidit,</strong></span> <span class='ocrx_word' id='word_1_124' title='bbox 2619 502 2681 548; x_wconf 90' lang='lat' dir='ltr'><strong>ut</strong></span> <span class='ocrx_word' id='word_1_125' title='bbox 2706 502 2951 547; x_wconf 89' lang='lat' dir='ltr'><strong>nostram</strong></span> <span class='ocrx_word' id='word_1_126' title='bbox 2999 489 3328 543; x_wconf 91' lang='lat' dir='ltr'><strong>incolumem</strong></span> <span class='ocrx_word' id='word_1_127' title='bbox 3369 486 3439 541; x_wconf 88' lang='lat' dir='ltr'><strong>ab</strong></span> <span class='ocrx_word' id='word_1_128' title='bbox 3494 485 3702 539; x_wconf 83' lang='lat' dir='ltr'><strong>inimici</strong></span> 
     </span>
    </p>
   </div>
   <div class='ocr_carea' id='block_1_19' title="bbox 2121 577 3702 649">
    <p class='ocr_par' dir='ltr' id='par_1_19' title="bbox 2121 577 3702 649">
     <span class='ocr_line' id='line_1_19' title="bbox 2121 577 3702 649; baseline -0.013 0"><span class='ocrx_word' id='word_1_129' title='bbox 2121 591 2617 649; x_wconf 84' lang='lat' dir='ltr'><strong>machinationibus</strong></span> <span class='ocrx_word' id='word_1_130' title='bbox 2664 598 3138 643; x_wconf 88' lang='lat' dir='ltr'><strong>eonservaremus.</strong></span> <span class='ocrx_word' id='word_1_131' title='bbox 3192 581 3459 649; x_wconf 84' lang='lat' dir='ltr'><strong>Quodque</strong></span> <span class='ocrx_word' id='word_1_132' title='bbox 3501 577 3702 632; x_wconf 89' lang='lat' dir='ltr'><strong>mirum</strong></span> 
     </span>
    </p>
   </div>
   <div class='ocr_carea' id='block_1_20' title="bbox 2121 673 3705 751">
    <p class='ocr_par' dir='ltr' id='par_1_20' title="bbox 2121 673 3705 751">
     <span class='ocr_line' id='line_1_20' title="bbox 2121 673 3705 751; baseline -0.014 -8"><span class='ocrx_word' id='word_1_133' title='bbox 2121 696 2225 751; x_wconf 88' lang='lat' dir='ltr'><strong>est,</strong></span> <span class='ocrx_word' id='word_1_134' title='bbox 2260 685 2499 741; x_wconf 80' lang='lat' dir='ltr'><strong>Verbum</strong></span> <span class='ocrx_word' id='word_1_135' title='bbox 2529 683 2633 738; x_wconf 85' lang='lat' dir='ltr'><strong>fuit</strong></span> <span class='ocrx_word' id='word_1_136' title='bbox 2659 682 2714 736; x_wconf 87' lang='lat' dir='ltr'><strong>in</strong></span> <span class='ocrx_word' id='word_1_137' title='bbox 2755 694 2939 742; x_wconf 88' lang='lat' dir='ltr'><strong>carne,</strong></span> <span class='ocrx_word' id='word_1_138' title='bbox 2975 693 3044 732; x_wconf 90' lang='lat' dir='ltr'><strong>ne</strong></span> <span class='ocrx_word' id='word_1_139' title='bbox 3073 690 3175 731; x_wconf 91' lang='lat' dir='ltr'><strong>nos</strong></span> <span class='ocrx_word' id='word_1_140' title='bbox 3196 673 3426 729; x_wconf 87' lang='lat' dir='ltr'><strong>ulterius</strong></span> <span class='ocrx_word' id='word_1_141' title='bbox 3450 685 3705 725; x_wconf 65' lang='lat' dir='ltr'><strong>essemus</strong></span> 
     </span>
    </p>
   </div>
   <div class='ocr_carea' id='block_1_21' title="bbox 2124 763 3704 846">
    <p class='ocr_par' dir='ltr' id='par_1_21' title="bbox 2124 763 3704 846">
     <span class='ocr_line' id='line_1_21' title="bbox 2124 763 3704 846; baseline -0.014 -11"><span class='ocrx_word' id='word_1_142' title='bbox 2124 782 2177 834; x_wconf 92' lang='lat' dir='ltr'><strong>in</strong></span> <span class='ocrx_word' id='word_1_143' title='bbox 2218 794 2412 843; x_wconf 89' lang='lat' dir='ltr'><strong>carne;</strong></span> <span class='ocrx_word' id='word_1_144' title='bbox 2448 787 2611 846; x_wconf 88' lang='lat' dir='ltr'><strong>atque</strong></span> <span class='ocrx_word' id='word_1_145' title='bbox 2648 784 2708 829; x_wconf 86' lang='lat' dir='ltr'><strong>ut</strong></span> <span class='ocrx_word' id='word_1_146' title='bbox 2744 775 2799 827; x_wconf 88' lang='lat' dir='ltr'><strong>in</strong></span> <span class='ocrx_word' id='word_1_147' title='bbox 2834 771 3024 842; x_wconf 82' lang='lat' dir='ltr'><strong>Spiritu</strong></span> <span class='ocrx_word' id='word_1_148' title='bbox 3062 767 3367 830; x_wconf 85' lang='lat' dir='ltr'><strong>constituti,</strong></span> <span class='ocrx_word' id='word_1_149' title='bbox 3411 765 3595 818; x_wconf 89' lang='lat' dir='ltr'><strong>Deum</strong></span> <span class='ocrx_word' id='word_1_150' title='bbox 3618 763 3704 831; x_wconf 90' lang='lat' dir='ltr'><strong>qui</strong></span> 
     </span>
    </p>
   </div>
   <div class='ocr_carea' id='block_1_22' title="bbox 2124 857 3707 943">
    <p class='ocr_par' dir='ltr' id='par_1_22' title="bbox 2124 857 3707 943">
     <span class='ocr_line' id='line_1_22' title="bbox 2124 857 3707 943; baseline -0.013 -15"><span class='ocrx_word' id='word_1_151' title='bbox 2124 871 2348 943; x_wconf 87' lang='lat' dir='ltr'><strong>spiritus</strong></span> <span class='ocrx_word' id='word_1_152' title='bbox 2391 870 2540 925; x_wconf 68' lang='lat' dir='ltr'><strong>est“l</strong></span> <span class='ocrx_word' id='word_1_153' title='bbox 2563 868 2876 922; x_wconf 83' lang='lat' dir='ltr'><strong>adoremus.</strong></span> <span class='ocrx_word' id='word_1_154' title='bbox 2909 862 2966 917; x_wconf 87' lang='lat' dir='ltr'><strong>Si</strong></span> <span class='ocrx_word' id='word_1_155' title='bbox 2998 862 3125 932; x_wconf 90' lang='lat' dir='ltr'><strong>quis</strong></span> <span class='ocrx_word' id='word_1_156' title='bbox 3163 869 3344 913; x_wconf 89' lang='lat' dir='ltr'><strong>autem</strong></span> <span class='ocrx_word' id='word_1_157' title='bbox 3383 872 3500 910; x_wconf 91' lang='lat' dir='ltr'><strong>non</strong></span> <span class='ocrx_word' id='word_1_158' title='bbox 3538 857 3614 909; x_wconf 89' lang='lat' dir='ltr'><strong>ita</strong></span> <span class='ocrx_word' id='word_1_159' title='bbox 3652 870 3707 907; x_wconf 84' lang='lat' dir='ltr'><strong>se</strong></span> 
     </span>
    </p>
   </div>
   <div class='ocr_carea' id='block_1_23' title="bbox 2125 946 3709 1032">
    <p class='ocr_par' dir='ltr' id='par_1_23' title="bbox 2125 946 3709 1032">
     <span class='ocr_line' id='line_1_23' title="bbox 2125 946 3709 1032; baseline -0.015 -14"><span class='ocrx_word' id='word_1_160' title='bbox 2125 969 2435 1032; x_wconf 85' lang='lat' dir='ltr'><strong>comparat,</strong></span> <span class='ocrx_word' id='word_1_161' title='bbox 2471 960 2564 1016; x_wconf 92' lang='lat' dir='ltr'><strong>sed</strong></span> <span class='ocrx_word' id='word_1_162' title='bbox 2612 959 2698 1013; x_wconf 89' lang='lat' dir='ltr'><strong>his</strong></span> <span class='ocrx_word' id='word_1_163' title='bbox 2738 956 2931 1011; x_wconf 90' lang='lat' dir='ltr'><strong>diebus</strong></span> <span class='ocrx_word' id='word_1_164' title='bbox 2976 952 3251 1016; x_wconf 85' lang='lat' dir='ltr'><strong>abutitur,</strong></span> <span class='ocrx_word' id='word_1_165' title='bbox 3302 950 3395 1003; x_wconf 90' lang='lat' dir='ltr'><strong>hic</strong></span> <span class='ocrx_word' id='word_1_166' title='bbox 3445 962 3565 1001; x_wconf 89' lang='lat' dir='ltr'><strong>non</strong></span> <span class='ocrx_word' id='word_1_167' title='bbox 3602 946 3709 1013; x_wconf 78' lang='lat' dir='ltr'><strong>agit</strong></span> 
     </span>
    </p>
   </div>
   <div class='ocr_carea' id='block_1_24' title="bbox 2126 1039 3698 1120">
    <p class='ocr_par' dir='ltr' id='par_1_24' title="bbox 2126 1039 3698 1120">
     <span class='ocr_line' id='line_1_24' title="bbox 2126 1039 3698 1120; baseline -0.013 -12"><span class='ocrx_word' id='word_1_168' title='bbox 2126 1053 2348 1118; x_wconf 88' lang='lat' dir='ltr'><strong>festum,</strong></span> <span class='ocrx_word' id='word_1_169' title='bbox 2377 1052 2469 1106; x_wconf 84' lang='lat' dir='ltr'><strong>sed</strong></span> <span class='ocrx_word' id='word_1_170' title='bbox 2494 1049 2651 1120; x_wconf 86' lang='lat' dir='ltr'><strong>quasi</strong></span> <span class='ocrx_word' id='word_1_171' title='bbox 2687 1046 3001 1101; x_wconf 89' lang='lat' dir='ltr'><strong>incredulus</strong></span> <span class='ocrx_word' id='word_1_172' title='bbox 3038 1042 3267 1113; x_wconf 79' lang='lat' dir='ltr'><strong>gratiam</strong></span> <span class='ocrx_word' id='word_1_173' title='bbox 3298 1039 3558 1102; x_wconf 86' lang='lat' dir='ltr'><strong>incusat;</strong></span> <span class='ocrx_word' id='word_1_174' title='bbox 3598 1050 3698 1088; x_wconf 84' lang='lat' dir='ltr'><strong>ma-</strong></span> 
     </span>
    </p>
   </div>
   <div class='ocr_carea' id='block_1_25' title="bbox 2125 1126 3709 1215">
    <p class='ocr_par' dir='ltr' id='par_1_25' title="bbox 2125 1126 3709 1215">
     <span class='ocr_line' id='line_1_25' title="bbox 2125 1126 3709 1215; baseline -0.015 -14"><span class='ocrx_word' id='word_1_175' title='bbox 2125 1146 2347 1215; x_wconf 78' lang='lat' dir='ltr'><strong>vultq’ue</strong></span> <span class='ocrx_word' id='word_1_176' title='bbox 2378 1144 2649 1197; x_wconf 85' lang='lat' dir='ltr'><strong>honorare</strong></span> <span class='ocrx_word' id='word_1_177' title='bbox 2680 1139 2819 1201; x_wconf 89' lang='lat' dir='ltr'><strong>dies,</strong></span> <span class='ocrx_word' id='word_1_178' title='bbox 2844 1151 3008 1207; x_wconf 89' lang='lat' dir='ltr'><strong>quam</strong></span> <span class='ocrx_word' id='word_1_179' title='bbox 3048 1132 3279 1186; x_wconf 86' lang='lat' dir='ltr'><strong>Domino</strong></span> <span class='ocrx_word' id='word_1_180' title='bbox 3312 1130 3391 1183; x_wconf 86' lang='lat' dir='ltr'><strong>illi</strong></span> <span class='ocrx_word' id='word_1_181' title='bbox 3432 1126 3709 1197; x_wconf 78' lang='lat' dir='ltr'><strong>supplica-</strong></span> 
     </span>
    </p>
   </div>
   <div class='ocr_carea' id='block_1_26' title="bbox 2128 1218 3707 1306">
    <p class='ocr_par' dir='ltr' id='par_1_26' title="bbox 2128 1218 3707 1306">
     <span class='ocr_line' id='line_1_26' title="bbox 2128 1218 3707 1306; baseline -0.013 -15"><span class='ocrx_word' id='word_1_182' title='bbox 2128 1253 2207 1303; x_wconf 90' lang='lat' dir='ltr'><strong>re,</strong></span> <span class='ocrx_word' id='word_1_183' title='bbox 2246 1236 2339 1306; x_wconf 89' lang='lat' dir='ltr'><strong>qui</strong></span> <span class='ocrx_word' id='word_1_184' title='bbox 2388 1236 2614 1289; x_wconf 84' lang='lat' dir='ltr'><strong>salutem</strong></span> <span class='ocrx_word' id='word_1_185' title='bbox 2652 1247 2748 1301; x_wconf 82' lang='lat' dir='ltr'><strong>per</strong></span> <span class='ocrx_word' id='word_1_186' title='bbox 2786 1231 2887 1283; x_wconf 89' lang='lat' dir='ltr'><strong>hos</strong></span> <span class='ocrx_word' id='word_1_187' title='bbox 2938 1227 3056 1282; x_wconf 89' lang='lat' dir='ltr'><strong>dies</strong></span> <span class='ocrx_word' id='word_1_188' title='bbox 3103 1223 3333 1294; x_wconf 88' lang='lat' dir='ltr'><strong>largitus</strong></span> <span class='ocrx_word' id='word_1_189' title='bbox 3382 1231 3497 1275; x_wconf 89' lang='lat' dir='ltr'><strong>est.</strong></span> <span class='ocrx_word' id='word_1_190' title='bbox 3541 1218 3707 1273; x_wconf 82' lang='lat' dir='ltr'><strong>Homo</strong></span> 
     </span>
    </p>
   </div>
   <div class='ocr_carea' id='block_1_27' title="bbox 2124 1312 3708 1404">
    <p class='ocr_par' dir='ltr' id='par_1_27' title="bbox 2124 1312 3708 1404">
     <span class='ocr_line' id='line_1_27' title="bbox 2124 1312 3708 1404; baseline -0.013 -19"><span class='ocrx_word' id='word_1_191' title='bbox 2124 1323 2233 1404; x_wconf 54' lang='lat'><strong>&#39;62</strong></span> <span class='ocrx_word' id='word_1_192' title='bbox 2262 1326 2572 1399; x_wconf 86' lang='lat' dir='ltr'><strong>hujusmodi</strong></span> <span class='ocrx_word' id='word_1_193' title='bbox 2608 1325 2727 1380; x_wconf 89' lang='lat' dir='ltr'><strong>sine</strong></span> <span class='ocrx_word' id='word_1_194' title='bbox 2760 1321 2947 1387; x_wconf 90' lang='lat' dir='ltr'><strong>dubio,</strong></span> <span class='ocrx_word' id='word_1_195' title='bbox 2977 1332 3289 1389; x_wconf 89' lang='lat' dir='ltr'><strong>quanquam</strong></span> <span class='ocrx_word' id='word_1_196' title='bbox 3316 1329 3488 1386; x_wconf 86' lang='lat' dir='ltr'><strong>agere</strong></span> <span class='ocrx_word' id='word_1_197' title='bbox 3514 1312 3708 1367; x_wconf 85' lang='lat' dir='ltr'><strong>festum</strong></span> 
     </span>
    </p>
   </div>
   <div class='ocr_carea' id='block_1_28' title="bbox 2126 1403 3705 1495">
    <p class='ocr_par' dir='ltr' id='par_1_28' title="bbox 2126 1403 3705 1495">
     <span class='ocr_line' id='line_1_28' title="bbox 2126 1403 3705 1495; baseline -0.014 -17"><span class='ocrx_word' id='word_1_198' title='bbox 2126 1403 2299 1495; x_wconf 84' lang='lat' dir='ltr'><strong>putat,</strong></span> <span class='ocrx_word' id='word_1_199' title='bbox 2328 1416 2645 1491; x_wconf 84' lang='lat' dir='ltr'><strong>apostolicis</strong></span> <span class='ocrx_word' id='word_1_200' title='bbox 2670 1414 2851 1469; x_wconf 81' lang='lat' dir='ltr'><strong>verbis</strong></span> <span class='ocrx_word' id='word_1_201' title='bbox 2878 1427 2937 1467; x_wconf 86' lang='lat' dir='ltr'><strong>se</strong></span> <span class='ocrx_word' id='word_1_202' title='bbox 2958 1410 3348 1480; x_wconf 90' lang='lat' dir='ltr'><strong>reprehensum</strong></span> <span class='ocrx_word' id='word_1_203' title='bbox 3377 1405 3603 1460; x_wconf 88' lang='lat' dir='ltr'><strong>audiret</strong></span> <span class='ocrx_word' id='word_1_204' title='bbox 3622 1403 3665 1434; x_wconf 76' lang='lat'>“</span> <span class='ocrx_word' id='word_1_205' title='bbox 3693 1423 3705 1457; x_wconf 90' lang='lat'>:</span> 
     </span>
    </p>
   </div>
   <div class='ocr_carea' id='block_1_29' title="bbox 2135 1506 3712 1572">
    <p class='ocr_par' dir='ltr' id='par_1_29' title="bbox 2135 1506 3712 1572">
     <span class='ocr_line' id='line_1_29' title="bbox 2135 1506 3712 1572; baseline -0.014 -1"><span class='ocrx_word' id='word_1_206' title='bbox 2135 1538 2153 1570; x_wconf 73' lang='grc' dir='ltr'>ι</span> <span class='ocrx_word' id='word_1_207' title='bbox 2183 1516 2293 1571; x_wconf 82' lang='lat' dir='ltr'><strong>Vos</strong></span> <span class='ocrx_word' id='word_1_208' title='bbox 2313 1516 2428 1569; x_wconf 89' lang='lat' dir='ltr'><strong>dies</strong></span> <span class='ocrx_word' id='word_1_209' title='bbox 2468 1508 2771 1567; x_wconf 84' lang='lat' dir='ltr'><strong>observatis</strong></span> <span class='ocrx_word' id='word_1_210' title='bbox 2795 1547 2809 1572; x_wconf 93' lang='lat'><strong>,</strong></span> <span class='ocrx_word' id='word_1_211' title='bbox 2854 1517 2910 1561; x_wconf 87' lang='lat' dir='ltr'><strong>et</strong></span> <span class='ocrx_word' id='word_1_212' title='bbox 2946 1519 3186 1567; x_wconf 89' lang='lat' dir='ltr'><strong>menses,</strong></span> <span class='ocrx_word' id='word_1_213' title='bbox 3237 1509 3294 1555; x_wconf 90' lang='lat' dir='ltr'><strong>et</strong></span> <span class='ocrx_word' id='word_1_214' title='bbox 3346 1509 3627 1568; x_wconf 86' lang='lat' dir='ltr'><strong>tempora,</strong></span> <span class='ocrx_word' id='word_1_215' title='bbox 3664 1506 3712 1549; x_wconf 82' lang='lat' dir='ltr'><strong>et</strong></span> 
     </span>
    </p>
   </div>
   <div class='ocr_carea' id='block_1_30' title="bbox 2129 1589 3713 1667">
    <p class='ocr_par' dir='ltr' id='par_1_30' title="bbox 2129 1589 3713 1667">
     <span class='ocr_line' id='line_1_30' title="bbox 2129 1589 3713 1667; baseline -0.013 -4"><span class='ocrx_word' id='word_1_216' title='bbox 2129 1622 2325 1664; x_wconf 88' lang='lat' dir='ltr'><strong>annos.</strong></span> <span class='ocrx_word' id='word_1_217' title='bbox 2357 1599 2547 1659; x_wconf 88' lang='lat' dir='ltr'><strong>Timeo</strong></span> <span class='ocrx_word' id='word_1_218' title='bbox 2595 1617 2665 1657; x_wconf 90' lang='lat' dir='ltr'><strong>ne</strong></span> <span class='ocrx_word' id='word_1_219' title='bbox 2717 1599 2858 1655; x_wconf 81' lang='lat' dir='ltr'><strong>forte</strong></span> <span class='ocrx_word' id='word_1_220' title='bbox 2902 1597 3045 1667; x_wconf 86' lang='lat' dir='ltr'><strong>apud</strong></span> <span class='ocrx_word' id='word_1_221' title='bbox 3091 1609 3191 1649; x_wconf 90' lang='lat' dir='ltr'><strong>vos</strong></span> <span class='ocrx_word' id='word_1_222' title='bbox 3232 1592 3442 1647; x_wconf 76' lang='lat' dir='ltr'><strong>frustra</strong></span> <span class='ocrx_word' id='word_1_223' title='bbox 3499 1589 3713 1644; x_wconf 85' lang='lat' dir='ltr'><strong>labora-</strong></span> 
     </span>
    </p>
   </div>
   <div class='ocr_carea' id='block_1_31' title="bbox 2129 1701 2375 1757">
    <p class='ocr_par' dir='ltr' id='par_1_31' title="bbox 2129 1701 2375 1757">
     <span class='ocr_line' id='line_1_31' title="bbox 2129 1701 2375 1757; baseline -0.024 -1"><span class='ocrx_word' id='word_1_224' title='bbox 2129 1701 2322 1757; x_wconf 87' lang='lat' dir='ltr'><strong>verim.</strong></span> <span class='ocrx_word' id='word_1_225' title='bbox 2356 1717 2375 1750; x_wconf 72' lang='grc' dir='ltr'><strong><em>ι</em></strong></span> 
     </span>
    </p>
   </div>
   <div class='ocr_carea' id='block_1_32' title="bbox 450 1761 2043 1868">
    <p class='ocr_par' dir='ltr' id='par_1_32' title="bbox 450 1781 2029 1868">
     <span class='ocr_line' id='line_1_32' title="bbox 450 1781 2029 1868; baseline -0.011 -16"><span class='ocrx_word' id='word_1_226' title='bbox 450 1797 611 1868; x_wconf 83' lang='lat' dir='ltr'><strong>redes</strong></span> <span class='ocrx_word' id='word_1_227' title='bbox 639 1795 853 1858; x_wconf 76' lang='lat' dir='ltr'><strong>ﬂemus,</strong></span> <span class='ocrx_word' id='word_1_228' title='bbox 883 1808 980 1864; x_wconf 87' lang='lat' dir='ltr'><strong>per</strong></span> <span class='ocrx_word' id='word_1_229' title='bbox 1014 1790 1309 1846; x_wconf 90' lang='lat' dir='ltr'><strong>Dominum</strong></span> <span class='ocrx_word' id='word_1_230' title='bbox 1356 1799 1603 1843; x_wconf 90' lang='lat' dir='ltr'><strong>nostrum</strong></span> <span class='ocrx_word' id='word_1_231' title='bbox 1648 1784 1833 1840; x_wconf 80' lang='lat' dir='ltr'><strong>Jesum</strong></span> <span class='ocrx_word' id='word_1_232' title='bbox 1866 1781 2029 1837; x_wconf 86' lang='lat' dir='ltr'><strong>Chri-</strong></span> 
     </span>
    </p>
   </div>
   <div class='ocr_carea' id='block_1_33' title="bbox 2150 1761 3712 1868">
    <p class='ocr_par' dir='ltr' id='par_1_33' title="bbox 2200 1774 3712 1851">
     <span class='ocr_line' id='line_1_33' title="bbox 2200 1774 3712 1851; baseline -0.014 -3"><span class='ocrx_word' id='word_1_233' title='bbox 2200 1793 2257 1847; x_wconf 75' lang='lat'><strong>2.</strong></span> <span class='ocrx_word' id='word_1_234' title='bbox 2283 1791 2503 1846; x_wconf 89' lang='lat' dir='ltr'><strong>Festum</strong></span> <span class='ocrx_word' id='word_1_235' title='bbox 2530 1788 2637 1842; x_wconf 84' lang='lat' dir='ltr'><strong>hoc</strong></span> <span class='ocrx_word' id='word_1_236' title='bbox 2666 1799 2775 1839; x_wconf 89' lang='lat' dir='ltr'><strong>non</strong></span> <span class='ocrx_word' id='word_1_237' title='bbox 2809 1795 3021 1837; x_wconf 82' lang='lat' dir='ltr'><strong>merum</strong></span> <span class='ocrx_word' id='word_1_238' title='bbox 3052 1778 3225 1851; x_wconf 87' lang='lat' dir='ltr'><strong>gratia</strong></span> <span class='ocrx_word' id='word_1_239' title='bbox 3260 1777 3338 1842; x_wconf 86' lang='lat' dir='ltr'><strong>lit,</strong></span> <span class='ocrx_word' id='word_1_240' title='bbox 3372 1775 3475 1831; x_wconf 87' lang='lat' dir='ltr'><strong>sed</strong></span> <span class='ocrx_word' id='word_1_241' title='bbox 3502 1774 3712 1830; x_wconf 89' lang='lat' dir='ltr'><strong>Domini</strong></span> 
     </span>
    </p>
   </div>
   <div class='ocr_carea' id='block_1_34' title="bbox 453 1869 2031 1956">
    <p class='ocr_par' dir='ltr' id='par_1_34' title="bbox 453 1869 2031 1956">
     <span class='ocr_line' id='line_1_34' title="bbox 453 1869 2031 1956; baseline -0.011 -14"><span class='ocrx_word' id='word_1_242' title='bbox 453 1896 620 1952; x_wconf 89' lang='lat' dir='ltr'><strong>stum,</strong></span> <span class='ocrx_word' id='word_1_243' title='bbox 668 1901 765 1956; x_wconf 88' lang='lat' dir='ltr'><strong>per</strong></span> <span class='ocrx_word' id='word_1_244' title='bbox 812 1899 974 1954; x_wconf 87' lang='lat' dir='ltr'><strong>quem</strong></span> <span class='ocrx_word' id='word_1_245' title='bbox 1026 1883 1199 1953; x_wconf 77' lang='lat' dir='ltr'><strong>gloria</strong></span> <span class='ocrx_word' id='word_1_246' title='bbox 1232 1879 1303 1935; x_wconf 89' lang='lat' dir='ltr'><strong>sit</strong></span> <span class='ocrx_word' id='word_1_247' title='bbox 1344 1886 1399 1933; x_wconf 89' lang='lat' dir='ltr'><strong>et</strong></span> <span class='ocrx_word' id='word_1_248' title='bbox 1443 1875 1729 1948; x_wconf 88' lang='lat' dir='ltr'><strong>imperium</strong></span> <span class='ocrx_word' id='word_1_249' title='bbox 1777 1872 1926 1928; x_wconf 87' lang='lat' dir='ltr'><strong>Patri</strong></span> <span class='ocrx_word' id='word_1_250' title='bbox 1973 1869 2031 1926; x_wconf 88' lang='lat' dir='ltr'><strong>in</strong></span> 
     </span>
    </p>
   </div>
   <div class='ocr_carea' id='block_1_35' title="bbox 454 1970 1263 2031">
    <p class='ocr_par' dir='ltr' id='par_1_35' title="bbox 454 1970 1263 2031">
     <span class='ocr_line' id='line_1_35' title="bbox 454 1970 1263 2031; baseline -0.012 0"><span class='ocrx_word' id='word_1_251' title='bbox 454 1974 655 2031; x_wconf 80' lang='lat' dir='ltr'><strong>saecula</strong></span> <span class='ocrx_word' id='word_1_252' title='bbox 685 1972 1029 2029; x_wconf 67' lang='lat' dir='ltr'><strong>saeculorum.</strong></span> <span class='ocrx_word' id='word_1_253' title='bbox 1070 1970 1263 2025; x_wconf 84' lang='lat' dir='ltr'><strong>Amen.</strong></span> 
     </span>
    </p>
   </div>
   <div class='ocr_carea' id='block_1_36' title="bbox 528 2053 2030 2131">
    <p class='ocr_par' dir='ltr' id='par_1_36' title="bbox 528 2053 2030 2131">
     <span class='ocr_line' id='line_1_36' title="bbox 528 2053 2030 2131; baseline -0.009 -10"><span class='ocrx_word' id='word_1_254' title='bbox 528 2065 782 2121; x_wconf 89' lang='lat' dir='ltr'><strong>Salutant</strong></span> <span class='ocrx_word' id='word_1_255' title='bbox 841 2079 938 2119; x_wconf 89' lang='lat' dir='ltr'><strong>vos</strong></span> <span class='ocrx_word' id='word_1_256' title='bbox 972 2061 1175 2127; x_wconf 89' lang='lat' dir='ltr'><strong>cuncti,</strong></span> <span class='ocrx_word' id='word_1_257' title='bbox 1228 2059 1321 2131; x_wconf 89' lang='lat' dir='ltr'><strong>qui</strong></span> <span class='ocrx_word' id='word_1_258' title='bbox 1369 2071 1578 2113; x_wconf 87' lang='lat' dir='ltr'><strong>mecum</strong></span> <span class='ocrx_word' id='word_1_259' title='bbox 1623 2063 1771 2119; x_wconf 88' lang='lat' dir='ltr'><strong>sunt,</strong></span> <span class='ocrx_word' id='word_1_260' title='bbox 1813 2053 2030 2109; x_wconf 78' lang='lat' dir='ltr'><strong>fratres.</strong></span> 
     </span>
    </p>
   </div>
   <div class='ocr_carea' id='block_1_37' title="bbox 457 2148 1787 2215">
    <p class='ocr_par' dir='ltr' id='par_1_37' title="bbox 457 2148 1787 2215">
     <span class='ocr_line' id='line_1_37' title="bbox 457 2148 1787 2215; baseline -0.01 -4"><span class='ocrx_word' id='word_1_261' title='bbox 457 2153 947 2215; x_wconf 78' lang='lat' dir='ltr'><strong>Salutateinvicem</strong></span> <span class='ocrx_word' id='word_1_262' title='bbox 971 2165 1160 2206; x_wconf 89' lang='lat' dir='ltr'><strong>omnes</strong></span> <span class='ocrx_word' id='word_1_263' title='bbox 1197 2165 1321 2205; x_wconf 92' lang='lat' dir='ltr'><strong>cum</strong></span> <span class='ocrx_word' id='word_1_264' title='bbox 1364 2148 1551 2203; x_wconf 92' lang='lat' dir='ltr'><strong>osculo</strong></span> <span class='ocrx_word' id='word_1_265' title='bbox 1576 2155 1787 2201; x_wconf 88' lang='lat' dir='ltr'><strong>sancto.</strong></span> 
     </span>
    </p>
   </div>
   <div class='ocr_carea' id='block_1_38' title="bbox 527 2235 1786 2318">
    <p class='ocr_par' dir='ltr' id='par_1_38' title="bbox 527 2235 1786 2318">
     <span class='ocr_line' id='line_1_38' title="bbox 527 2235 1786 2318; baseline -0.011 -16"><span class='ocrx_word' id='word_1_266' title='bbox 527 2245 771 2318; x_wconf 82' lang='lat' dir='ltr'><strong>Explicit</strong></span> <span class='ocrx_word' id='word_1_267' title='bbox 800 2244 991 2316; x_wconf 88' lang='lat' dir='ltr'><strong>quinta</strong></span> <span class='ocrx_word' id='word_1_268' title='bbox 1016 2242 1242 2312; x_wconf 81' lang='lat' dir='ltr'><strong>epistola</strong></span> <span class='ocrx_word' id='word_1_269' title='bbox 1268 2240 1442 2294; x_wconf 87' lang='lat' dir='ltr'><strong>sancti</strong></span> <span class='ocrx_word' id='word_1_270' title='bbox 1479 2235 1786 2292; x_wconf 85' lang='lat' dir='ltr'><strong>Athanasii.</strong></span> 
     </span>
    </p>
   </div>
   <div class='ocr_carea' id='block_1_39' title="bbox 1014 2340 1484 2400">
    <p class='ocr_par' dir='ltr' id='par_1_39' title="bbox 1014 2340 1484 2400">
     <span class='ocr_line' id='line_1_39' title="bbox 1014 2340 1484 2400; baseline -0.006 0"><span class='ocrx_word' id='word_1_271' title='bbox 1014 2343 1356 2400; x_wconf 76' lang='lat' dir='ltr'><strong>EPISTULA</strong></span> <span class='ocrx_word' id='word_1_272' title='bbox 1394 2340 1484 2398; x_wconf 81' lang='lat' dir='ltr'><strong>Vl.</strong></span> 
     </span>
    </p>
   </div>
   <div class='ocr_carea' id='block_1_40' title="bbox 1040 2436 1458 2504">
    <p class='ocr_par' dir='ltr' id='par_1_40' title="bbox 1040 2436 1458 2504">
     <span class='ocr_line' id='line_1_40' title="bbox 1040 2436 1458 2504; baseline -0.014 -11"><span class='ocrx_word' id='word_1_273' title='bbox 1040 2440 1149 2504; x_wconf 84' lang='lat' dir='ltr'><strong>(Ch.</strong></span> <span class='ocrx_word' id='word_1_274' title='bbox 1175 2452 1302 2490; x_wconf 88' lang='lat' dir='ltr'><strong>anno</strong></span> <span class='ocrx_word' id='word_1_275' title='bbox 1325 2436 1458 2500; x_wconf 65' lang='lat'><strong>33$.)</strong></span> 
     </span>
    </p>
   </div>
   <div class='ocr_carea' id='block_1_41' title="bbox 458 2532 2039 2582">
    <p class='ocr_par' dir='ltr' id='par_1_41' title="bbox 458 2532 2039 2582">
     <span class='ocr_line' id='line_1_41' title="bbox 458 2532 2039 2582; baseline -0.008 0"><span class='ocrx_word' id='word_1_276' title='bbox 458 2540 576 2582; x_wconf 63' lang='lat' dir='ltr'><strong>HAEC</strong></span> <span class='ocrx_word' id='word_1_277' title='bbox 624 2539 725 2581; x_wconf 70' lang='grc' dir='ltr'><strong>κεί·</strong></span> <span class='ocrx_word' id='word_1_278' title='bbox 776 2534 947 2580; x_wconf 66' lang='lat' dir='ltr'><strong>SEXTA</strong></span> <span class='ocrx_word' id='word_1_279' title='bbox 998 2536 1146 2576; x_wconf 67' lang='lat' dir='ltr'><strong>PAPE</strong></span> <span class='ocrx_word' id='word_1_280' title='bbox 1191 2533 1475 2574; x_wconf 70' lang='lat' dir='ltr'><strong>ATHANASI!</strong></span> <span class='ocrx_word' id='word_1_281' title='bbox 1526 2533 1816 2582; x_wconf 73' lang='lat' dir='ltr'><strong>BPISTOLA,</strong></span> <span class='ocrx_word' id='word_1_282' title='bbox 1868 2532 2039 2571; x_wconf 70' lang='lat' dir='ltr'><strong>JUXTA</strong></span> 
     </span>
    </p>
   </div>
   <div class='ocr_carea' id='block_1_42' title="bbox 530 2611 2038 2686">
    <p class='ocr_par' dir='ltr' id='par_1_42' title="bbox 530 2611 2038 2686">
     <span class='ocr_line' id='line_1_42' title="bbox 530 2611 2038 2686; baseline -0.01 -11"><span class='ocrx_word' id='word_1_283' title='bbox 530 2632 674 2684; x_wconf 75' lang='grc' dir='ltr'><strong>ρωιι</strong></span> <span class='ocrx_word' id='word_1_284' title='bbox 711 2611 1045 2686; x_wconf 58' lang='lat' dir='ltr'><strong>(essemus)</strong></span> <span class='ocrx_word' id='word_1_285' title='bbox 1082 2627 1337 2668; x_wconf 76' lang='lat' dir='ltr'><strong>DOIINICA</strong></span> <span class='ocrx_word' id='word_1_286' title='bbox 1373 2626 1515 2665; x_wconf 70' lang='lat' dir='ltr'><strong>anu</strong></span> <span class='ocrx_word' id='word_1_287' title='bbox 1556 2626 1646 2664; x_wconf 73' lang='lat' dir='ltr'><strong>ore</strong></span> <span class='ocrx_word' id='word_1_288' title='bbox 1687 2625 1763 2663; x_wconf 80' lang='lat' dir='ltr'><strong>xu</strong></span> <span class='ocrx_word' id='word_1_289' title='bbox 1805 2623 2038 2662; x_wconf 64' lang='lat' dir='ltr'><strong>russam-</strong></span> 
     </span>
    </p>
   </div>
   <div class='ocr_carea' id='block_1_43' title="bbox 533 2715 2039 2773">
    <p class='ocr_par' dir='ltr' id='par_1_43' title="bbox 533 2715 2039 2773">
     <span class='ocr_line' id='line_1_43' title="bbox 533 2715 2039 2773; baseline -0.01 -6"><span class='ocrx_word' id='word_1_290' title='bbox 533 2724 664 2773; x_wconf 76' lang='grc' dir='ltr'><strong>τΗῙ,</strong></span> <span class='ocrx_word' id='word_1_291' title='bbox 715 2722 793 2761; x_wconf 71' lang='grc' dir='ltr'><strong>νιι</strong></span> <span class='ocrx_word' id='word_1_292' title='bbox 841 2721 962 2761; x_wconf 76' lang='lat' dir='ltr'><strong>IDUS</strong></span> <span class='ocrx_word' id='word_1_293' title='bbox 1013 2719 1254 2767; x_wconf 73' lang='lat' dir='ltr'><strong>APRILIS,</strong></span> <span class='ocrx_word' id='word_1_294' title='bbox 1296 2719 1447 2758; x_wconf 66' lang='grc' dir='ltr'><strong>ιυΜξ</strong></span> <span class='ocrx_word' id='word_1_295' title='bbox 1497 2718 1645 2769; x_wconf 71' lang='lat' dir='ltr'><strong>XVII,</strong></span> <span class='ocrx_word' id='word_1_296' title='bbox 1696 2715 2039 2756; x_wconf 69' lang='lat' dir='ltr'><strong>DIOCLETIANI</strong></span> 
     </span>
    </p>
   </div>
   <div class='ocr_carea' id='block_1_44' title="bbox 535 2803 2039 2865">
    <p class='ocr_par' dir='ltr' id='par_1_44' title="bbox 535 2803 2039 2865">
     <span class='ocr_line' id='line_1_44' title="bbox 535 2803 2039 2865; baseline -0.009 -8"><span class='ocrx_word' id='word_1_297' title='bbox 535 2814 674 2857; x_wconf 66' lang='lat' dir='ltr'><strong>ANNO</strong></span> <span class='ocrx_word' id='word_1_298' title='bbox 719 2813 788 2865; x_wconf 82' lang='lat' dir='ltr'><strong>L,</strong></span> <span class='ocrx_word' id='word_1_299' title='bbox 827 2812 1149 2853; x_wconf 78' lang='lat' dir='ltr'><strong>CONSULIBUS</strong></span> <span class='ocrx_word' id='word_1_300' title='bbox 1199 2810 1414 2850; x_wconf 75' lang='grc' dir='ltr'><strong>οΡτΑτο</strong></span> <span class='ocrx_word' id='word_1_301' title='bbox 1462 2807 1714 2849; x_wconf 71' lang='grc' dir='ltr'><strong>ΡΑτιιιειο</strong></span> <span class='ocrx_word' id='word_1_302' title='bbox 1750 2807 1821 2846; x_wconf 75' lang='grc' dir='ltr'><strong>ΕΤ</strong></span> <span class='ocrx_word' id='word_1_303' title='bbox 1862 2803 2039 2845; x_wconf 73' lang='lat' dir='ltr'><strong>ANICIO</strong></span> 
     </span>
    </p>
   </div>
   <div class='ocr_carea' id='block_1_45' title="bbox 534 2880 2039 2952">
    <p class='ocr_par' dir='ltr' id='par_1_45' title="bbox 534 2880 2039 2952">
     <span class='ocr_line' id='line_1_45' title="bbox 534 2880 2039 2952; baseline -0.011 -6"><span class='ocrx_word' id='word_1_304' title='bbox 534 2903 799 2952; x_wconf 72' lang='lat' dir='ltr'><strong>PAULINO,</strong></span> <span class='ocrx_word' id='word_1_305' title='bbox 849 2899 1143 2941; x_wconf 66' lang='lat' dir='ltr'><strong>puncto</strong></span> <span class='ocrx_word' id='word_1_306' title='bbox 1194 2896 1480 2939; x_wconf 74' lang='lat' dir='ltr'><strong>PHILAGRIO</strong></span> <span class='ocrx_word' id='word_1_307' title='bbox 1527 2880 1655 2950; x_wconf 69' lang='grc'><strong>(48)</strong></span> <span class='ocrx_word' id='word_1_308' title='bbox 1707 2892 2039 2944; x_wconf 72' lang='lat' dir='ltr'><strong>CAPPADOCB,</strong></span> 
     </span>
    </p>
   </div>
   <div class='ocr_carea' id='block_1_46' title="bbox 538 2993 986 3037">
    <p class='ocr_par' dir='ltr' id='par_1_46' title="bbox 538 2993 986 3037">
     <span class='ocr_line' id='line_1_46' title="bbox 538 2993 986 3037; baseline -0.009 0"><span class='ocrx_word' id='word_1_309' title='bbox 538 2993 849 3037; x_wconf 69' lang='lat' dir='ltr'><strong>INDICTIONE</strong></span> <span class='ocrx_word' id='word_1_310' title='bbox 886 2993 986 3033; x_wconf 68' lang='lat' dir='ltr'><strong>VII.</strong></span> 
     </span>
    </p>
   </div>
   <div class='ocr_carea' id='block_1_47' title="bbox 2133 1870 3712 1942">
    <p class='ocr_par' dir='ltr' id='par_1_47' title="bbox 2133 1870 3712 1942">
     <span class='ocr_line' id='line_1_47' title="bbox 2133 1870 3712 1942; baseline -0.015 0"><span class='ocrx_word' id='word_1_311' title='bbox 2133 1886 2280 1942; x_wconf 87' lang='lat' dir='ltr'><strong>illius</strong></span> <span class='ocrx_word' id='word_1_312' title='bbox 2308 1896 2473 1938; x_wconf 90' lang='lat' dir='ltr'><strong>causa</strong></span> <span class='ocrx_word' id='word_1_313' title='bbox 2500 1880 2772 1934; x_wconf 88' lang='lat' dir='ltr'><strong>solemnes</strong></span> <span class='ocrx_word' id='word_1_314' title='bbox 2804 1888 3019 1937; x_wconf 87' lang='lat' dir='ltr'><strong>sumus,</strong></span> <span class='ocrx_word' id='word_1_315' title='bbox 3055 1872 3149 1942; x_wconf 91' lang='lat' dir='ltr'><strong>qui</strong></span> <span class='ocrx_word' id='word_1_316' title='bbox 3171 1870 3225 1924; x_wconf 91' lang='lat' dir='ltr'><strong>in</strong></span> <span class='ocrx_word' id='word_1_317' title='bbox 3256 1870 3343 1924; x_wconf 91' lang='lat' dir='ltr'><strong>his</strong></span> <span class='ocrx_word' id='word_1_318' title='bbox 3363 1884 3576 1939; x_wconf 85' lang='lat' dir='ltr'><strong>passus</strong></span> <span class='ocrx_word' id='word_1_319' title='bbox 3597 1874 3712 1921; x_wconf 84' lang='lat' dir='ltr'><strong>est:</strong></span> 
     </span>
    </p>
   </div>
   <div class='ocr_carea' id='block_1_48' title="bbox 2139 1953 3715 2028">
    <p class='ocr_par' dir='ltr' id='par_1_48' title="bbox 2139 1953 3715 2028">
     <span class='ocr_line' id='line_1_48' title="bbox 2139 1953 3715 2028; baseline -0.011 -2"><span class='ocrx_word' id='word_1_320' title='bbox 2139 1993 2159 2026; x_wconf 74' lang='grc' dir='ltr'>ι</span> <span class='ocrx_word' id='word_1_321' title='bbox 2192 1972 2400 2028; x_wconf 89' lang='lat' dir='ltr'><strong>Pascha</strong></span> <span class='ocrx_word' id='word_1_322' title='bbox 2433 1976 2679 2024; x_wconf 89' lang='lat' dir='ltr'><strong>nostrum</strong></span> <span class='ocrx_word' id='word_1_323' title='bbox 2717 1964 3031 2019; x_wconf 88' lang='lat' dir='ltr'><strong>immolatus</strong></span> <span class='ocrx_word' id='word_1_324' title='bbox 3066 1970 3150 2015; x_wconf 89' lang='lat' dir='ltr'><strong>est</strong></span> <span class='ocrx_word' id='word_1_325' title='bbox 3193 1959 3449 2013; x_wconf 89' lang='lat' dir='ltr'><strong>Christus</strong></span> <span class='ocrx_word' id='word_1_326' title='bbox 3478 1958 3551 2009; x_wconf 59' lang='grc' dir='ltr'><strong>ιδ.</strong></span> <span class='ocrx_word' id='word_1_327' title='bbox 3584 1975 3604 2009; x_wconf 78' lang='grc' dir='ltr'><strong><em>ι</em></strong></span> <span class='ocrx_word' id='word_1_328' title='bbox 3634 1953 3715 2009; x_wconf 87' lang='lat' dir='ltr'><strong>Sic</strong></span> 
     </span>
    </p>
   </div>
   <div class='ocr_carea' id='block_1_49' title="bbox 2133 2048 3715 2135">
    <p class='ocr_par' dir='ltr' id='par_1_49' title="bbox 2133 2048 3715 2135">
     <span class='ocr_line' id='line_1_49' title="bbox 2133 2048 3715 2135; baseline -0.012 -15"><span class='ocrx_word' id='word_1_329' title='bbox 2133 2064 2346 2135; x_wconf 80' lang='lat' dir='ltr'><strong>Moyses</strong></span> <span class='ocrx_word' id='word_1_330' title='bbox 2368 2060 2622 2116; x_wconf 80' lang='lat' dir='ltr'><strong>lsraelem</strong></span> <span class='ocrx_word' id='word_1_331' title='bbox 2661 2057 2973 2124; x_wconf 88' lang='lat' dir='ltr'><strong>increpans,</strong></span> <span class='ocrx_word' id='word_1_332' title='bbox 3007 2051 3304 2123; x_wconf 85' lang='lat' dir='ltr'><strong>quominus</strong></span> <span class='ocrx_word' id='word_1_333' title='bbox 3348 2048 3563 2106; x_wconf 88' lang='lat' dir='ltr'><strong>festum</strong></span> <span class='ocrx_word' id='word_1_334' title='bbox 3607 2048 3715 2101; x_wconf 84' lang='lat' dir='ltr'><strong>ﬁeri</strong></span> 
     </span>
    </p>
   </div>
   <div class='ocr_carea' id='block_1_50' title="bbox 2138 2138 3713 2216">
    <p class='ocr_par' dir='ltr' id='par_1_50' title="bbox 2138 2138 3713 2216">
     <span class='ocr_line' id='line_1_50' title="bbox 2138 2138 3713 2216; baseline -0.013 -8"><span class='ocrx_word' id='word_1_335' title='bbox 2138 2151 2385 2208; x_wconf 82' lang='lat' dir='ltr'><strong>crederet</strong></span> <span class='ocrx_word' id='word_1_336' title='bbox 2436 2149 2649 2203; x_wconf 88' lang='lat' dir='ltr'><strong>dierum</strong></span> <span class='ocrx_word' id='word_1_337' title='bbox 2697 2144 2908 2216; x_wconf 88' lang='lat' dir='ltr'><strong>gratia,</strong></span> <span class='ocrx_word' id='word_1_338' title='bbox 2961 2142 3054 2197; x_wconf 90' lang='lat' dir='ltr'><strong>sed</strong></span> <span class='ocrx_word' id='word_1_339' title='bbox 3106 2149 3327 2211; x_wconf 87' lang='lat' dir='ltr'><strong>propter</strong></span> <span class='ocrx_word' id='word_1_340' title='bbox 3379 2138 3713 2201; x_wconf 87' lang='lat' dir='ltr'><strong>Dominum,</strong></span> 
     </span>
    </p>
   </div>
   <div class='ocr_carea' id='block_1_51' title="bbox 2135 2228 3712 2299">
    <p class='ocr_par' dir='ltr' id='par_1_51' title="bbox 2135 2228 3712 2299">
     <span class='ocr_line' id='line_1_51' title="bbox 2135 2228 3712 2299; baseline -0.013 0"><span class='ocrx_word' id='word_1_341' title='bbox 2135 2244 2315 2299; x_wconf 86' lang='lat' dir='ltr'><strong>aiebat</strong></span> <span class='ocrx_word' id='word_1_342' title='bbox 2340 2241 2387 2273; x_wconf 73' lang='grc'><strong>⁸⁵</strong></span> <span class='ocrx_word' id='word_1_343' title='bbox 2419 2256 2433 2293; x_wconf 92' lang='lat'><strong>:</strong></span> <span class='ocrx_word' id='word_1_344' title='bbox 2470 2257 2489 2290; x_wconf 79' lang='grc' dir='ltr'>ι</span> <span class='ocrx_word' id='word_1_345' title='bbox 2525 2236 2737 2292; x_wconf 86' lang='lat' dir='ltr'><strong>Pascha</strong></span> <span class='ocrx_word' id='word_1_346' title='bbox 2766 2233 2980 2291; x_wconf 90' lang='lat' dir='ltr'><strong>Domini</strong></span> <span class='ocrx_word' id='word_1_347' title='bbox 3010 2241 3115 2286; x_wconf 89' lang='lat' dir='ltr'><strong>est.</strong></span> <span class='ocrx_word' id='word_1_348' title='bbox 3152 2249 3172 2283; x_wconf 71' lang='grc' dir='ltr'><strong>ι</strong></span> <span class='ocrx_word' id='word_1_349' title='bbox 3204 2229 3270 2283; x_wconf 87' lang='grc' dir='ltr'>Ει</span> <span class='ocrx_word' id='word_1_350' title='bbox 3297 2228 3482 2283; x_wconf 77' lang='lat' dir='ltr'><strong>Judaei</strong></span> <span class='ocrx_word' id='word_1_351' title='bbox 3503 2228 3712 2298; x_wconf 88' lang='lat' dir='ltr'><strong>quidem</strong></span> 
     </span>
    </p>
   </div>
   <div class='ocr_carea' id='block_1_52' title="bbox 2133 2318 3715 2401">
    <p class='ocr_par' dir='ltr' id='par_1_52' title="bbox 2133 2318 3715 2401">
     <span class='ocr_line' id='line_1_52' title="bbox 2133 2318 3715 2401; baseline -0.013 -10"><span class='ocrx_word' id='word_1_352' title='bbox 2133 2335 2429 2401; x_wconf 61' lang='lat' dir='ltr'><strong>eelebrarq</strong></span> <span class='ocrx_word' id='word_1_353' title='bbox 2458 2345 2518 2385; x_wconf 90' lang='lat' dir='ltr'><strong>se</strong></span> <span class='ocrx_word' id='word_1_354' title='bbox 2563 2327 2770 2383; x_wconf 84' lang='lat' dir='ltr'><strong>Pascha</strong></span> <span class='ocrx_word' id='word_1_355' title='bbox 2817 2324 3143 2388; x_wconf 87' lang='lat' dir='ltr'><strong>credebant;</strong></span> <span class='ocrx_word' id='word_1_356' title='bbox 3180 2320 3276 2376; x_wconf 86' lang='lat' dir='ltr'><strong>sed</strong></span> <span class='ocrx_word' id='word_1_357' title='bbox 3319 2320 3458 2389; x_wconf 89' lang='lat' dir='ltr'><strong>quia</strong></span> <span class='ocrx_word' id='word_1_358' title='bbox 3496 2318 3715 2372; x_wconf 89' lang='lat' dir='ltr'><strong>Domino</strong></span> 
     </span>
    </p>
   </div>
   <div class='ocr_carea' id='block_1_53' title="bbox 2136 2410 3713 2486">
    <p class='ocr_par' dir='ltr' id='par_1_53' title="bbox 2136 2410 3713 2486">
     <span class='ocr_line' id='line_1_53' title="bbox 2136 2410 3713 2486; baseline -0.012 -6"><span class='ocrx_word' id='word_1_359' title='bbox 2136 2423 2588 2486; x_wconf 82' lang='lat' dir='ltr'><strong>adversabantur,</strong></span> <span class='ocrx_word' id='word_1_360' title='bbox 2630 2417 2823 2473; x_wconf 87' lang='lat' dir='ltr'><strong>inutile</strong></span> <span class='ocrx_word' id='word_1_361' title='bbox 2864 2415 3001 2485; x_wconf 90' lang='lat' dir='ltr'><strong>ipsis</strong></span> <span class='ocrx_word' id='word_1_362' title='bbox 3032 2413 3228 2469; x_wconf 88' lang='lat' dir='ltr'><strong>festum</strong></span> <span class='ocrx_word' id='word_1_363' title='bbox 3261 2420 3405 2465; x_wconf 87' lang='lat' dir='ltr'><strong>erat.</strong></span> <span class='ocrx_word' id='word_1_364' title='bbox 3447 2410 3519 2465; x_wconf 86' lang='lat' dir='ltr'><strong>Et</strong></span> <span class='ocrx_word' id='word_1_365' title='bbox 3548 2425 3713 2480; x_wconf 86' lang='lat' dir='ltr'><strong>quan-</strong></span> 
     </span>
    </p>
   </div>
   <div class='ocr_carea' id='block_1_54' title="bbox 2138 2500 3717 2589">
    <p class='ocr_par' dir='ltr' id='par_1_54' title="bbox 2138 2500 3717 2589">
     <span class='ocr_line' id='line_1_54' title="bbox 2138 2500 3717 2589; baseline -0.013 -17"><span class='ocrx_word' id='word_1_366' title='bbox 2138 2532 2301 2589; x_wconf 88' lang='lat' dir='ltr'><strong>quam</strong></span> <span class='ocrx_word' id='word_1_367' title='bbox 2333 2528 2531 2570; x_wconf 89' lang='lat' dir='ltr'><strong>nomen</strong></span> <span class='ocrx_word' id='word_1_368' title='bbox 2560 2510 2777 2565; x_wconf 83' lang='lat' dir='ltr'><strong>Domini</strong></span> <span class='ocrx_word' id='word_1_369' title='bbox 2825 2523 2934 2563; x_wconf 90' lang='lat' dir='ltr'><strong>non</strong></span> <span class='ocrx_word' id='word_1_370' title='bbox 2967 2515 3123 2561; x_wconf 92' lang='lat' dir='ltr'><strong>erant</strong></span> <span class='ocrx_word' id='word_1_371' title='bbox 3154 2505 3330 2567; x_wconf 90' lang='lat' dir='ltr'><strong>obliti,</strong></span> <span class='ocrx_word' id='word_1_372' title='bbox 3369 2504 3475 2558; x_wconf 86' lang='lat' dir='ltr'><strong>sed</strong></span> <span class='ocrx_word' id='word_1_373' title='bbox 3503 2500 3717 2557; x_wconf 80' lang='lat' dir='ltr'><strong>conﬁte-</strong></span> 
     </span>
    </p>
   </div>
   <div class='ocr_carea' id='block_1_55' title="bbox 2138 2591 3714 2674">
    <p class='ocr_par' dir='ltr' id='par_1_55' title="bbox 2138 2591 3714 2674">
     <span class='ocr_line' id='line_1_55' title="bbox 2138 2591 3714 2674; baseline -0.013 -8"><span class='ocrx_word' id='word_1_374' title='bbox 2138 2612 2363 2674; x_wconf 80' lang='lat' dir='ltr'><strong>bantur,</strong></span> <span class='ocrx_word' id='word_1_375' title='bbox 2400 2615 2638 2661; x_wconf 92' lang='lat' dir='ltr'><strong>attamen</strong></span> <span class='ocrx_word' id='word_1_376' title='bbox 2674 2601 2882 2658; x_wconf 88' lang='lat' dir='ltr'><strong>Pascha</strong></span> <span class='ocrx_word' id='word_1_377' title='bbox 2910 2598 3127 2653; x_wconf 86' lang='lat' dir='ltr'><strong>Domini</strong></span> <span class='ocrx_word' id='word_1_378' title='bbox 3169 2612 3279 2650; x_wconf 91' lang='lat' dir='ltr'><strong>non</strong></span> <span class='ocrx_word' id='word_1_379' title='bbox 3313 2606 3461 2655; x_wconf 86' lang='lat' dir='ltr'><strong>erat.</strong></span> <span class='ocrx_word' id='word_1_380' title='bbox 3502 2594 3597 2649; x_wconf 89' lang='lat' dir='ltr'><strong>sed</strong></span> <span class='ocrx_word' id='word_1_381' title='bbox 3625 2591 3714 2645; x_wconf 81' lang='lat' dir='ltr'><strong>Ju-</strong></span> 
     </span>
    </p>
   </div>
   <div class='ocr_carea' id='block_1_56' title="bbox 2139 2685 3714 2761">
    <p class='ocr_par' dir='ltr' id='par_1_56' title="bbox 2139 2685 3714 2761">
     <span class='ocr_line' id='line_1_56' title="bbox 2139 2685 3714 2761; baseline -0.013 -4"><span class='ocrx_word' id='word_1_382' title='bbox 2139 2702 2404 2757; x_wconf 72' lang='lat' dir='ltr'><strong>daeorum.</strong></span> <span class='ocrx_word' id='word_1_383' title='bbox 2434 2696 2480 2750; x_wconf 83' lang='lat' dir='ltr'><strong>A</strong></span> <span class='ocrx_word' id='word_1_384' title='bbox 2508 2694 2733 2761; x_wconf 65' lang='lat' dir='ltr'><strong>Iudaeis,</strong></span> <span class='ocrx_word' id='word_1_385' title='bbox 2762 2691 2963 2747; x_wconf 86' lang='lat' dir='ltr'><strong>fratres</strong></span> <span class='ocrx_word' id='word_1_386' title='bbox 2997 2690 3125 2754; x_wconf 90' lang='lat' dir='ltr'><strong>mei,</strong></span> <span class='ocrx_word' id='word_1_387' title='bbox 3164 2687 3454 2743; x_wconf 85' lang='lat' dir='ltr'><strong>dicebatur</strong></span> <span class='ocrx_word' id='word_1_388' title='bbox 3484 2685 3714 2746; x_wconf 88' lang='lat' dir='ltr'><strong>Pascha;</strong></span> 
     </span>
    </p>
   </div>
   <div class='ocr_carea' id='block_1_57' title="bbox 2142 2778 3715 2861">
    <p class='ocr_par' dir='ltr' id='par_1_57' title="bbox 2142 2778 3715 2861">
     <span class='ocr_line' id='line_1_57' title="bbox 2142 2778 3715 2861; baseline -0.012 -13"><span class='ocrx_word' id='word_1_389' title='bbox 2142 2791 2235 2848; x_wconf 89' lang='lat' dir='ltr'><strong>sed</strong></span> <span class='ocrx_word' id='word_1_390' title='bbox 2281 2788 2410 2861; x_wconf 91' lang='lat' dir='ltr'><strong>quia</strong></span> <span class='ocrx_word' id='word_1_391' title='bbox 2447 2786 2718 2855; x_wconf 75' lang='lat' dir='ltr'><strong>negabant</strong></span> <span class='ocrx_word' id='word_1_392' title='bbox 2748 2782 3029 2838; x_wconf 82' lang='lat' dir='ltr'><strong>Paschalis</strong></span> <span class='ocrx_word' id='word_1_393' title='bbox 3072 2781 3381 2842; x_wconf 89' lang='lat' dir='ltr'><strong>Dominum,</strong></span> <span class='ocrx_word' id='word_1_394' title='bbox 3419 2780 3548 2833; x_wconf 90' lang='lat' dir='ltr'><strong>ideo</strong></span> <span class='ocrx_word' id='word_1_395' title='bbox 3584 2778 3715 2832; x_wconf 85' lang='lat' dir='ltr'><strong>idem</strong></span> 
     </span>
    </p>
   </div>
   <div class='ocr_carea' id='block_1_58' title="bbox 2142 2872 3718 2939">
    <p class='ocr_par' dir='ltr' id='par_1_58' title="bbox 2142 2872 3718 2939">
     <span class='ocr_line' id='line_1_58' title="bbox 2142 2872 3718 2939; baseline -0.011 1"><span class='ocrx_word' id='word_1_396' title='bbox 2142 2884 2409 2939; x_wconf 85' lang='lat' dir='ltr'><strong>Dominus</strong></span> <span class='ocrx_word' id='word_1_397' title='bbox 2435 2880 2503 2935; x_wconf 86' lang='lat' dir='ltr'><strong>ah</strong></span> <span class='ocrx_word' id='word_1_398' title='bbox 2534 2880 2637 2934; x_wconf 89' lang='lat' dir='ltr'><strong>hac</strong></span> <span class='ocrx_word' id='word_1_399' title='bbox 2671 2876 2888 2933; x_wconf 89' lang='lat' dir='ltr'><strong>illorum</strong></span> <span class='ocrx_word' id='word_1_400' title='bbox 2918 2875 3236 2932; x_wconf 83' lang='lat' dir='ltr'><strong>credulitate</strong></span> <span class='ocrx_word' id='word_1_401' title='bbox 3277 2872 3497 2928; x_wconf 80' lang='lat' dir='ltr'><strong>vultum</strong></span> <span class='ocrx_word' id='word_1_402' title='bbox 3528 2880 3718 2927; x_wconf 68' lang='lat' dir='ltr'><strong>averte</strong></span> 
     </span>
    </p>
   </div>
   <div class='ocr_carea' id='block_1_59' title="bbox 2141 2964 3716 3042">
    <p class='ocr_par' dir='ltr' id='par_1_59' title="bbox 2141 2964 3716 3042">
     <span class='ocr_line' id='line_1_59' title="bbox 2141 2964 3716 3042; baseline -0.012 -11"><span class='ocrx_word' id='word_1_403' title='bbox 2141 2977 2254 3041; x_wconf 90' lang='lat' dir='ltr'><strong>bat,</strong></span> <span class='ocrx_word' id='word_1_404' title='bbox 2286 2975 2572 3042; x_wconf 86' lang='lat' dir='ltr'><strong>aiebatque</strong></span> <span class='ocrx_word' id='word_1_405' title='bbox 2595 2971 2641 3003; x_wconf 81' lang='lat'><strong>“</strong></span> <span class='ocrx_word' id='word_1_406' title='bbox 2666 2988 2681 3024; x_wconf 90' lang='lat'><strong>:</strong></span> <span class='ocrx_word' id='word_1_407' title='bbox 2708 2988 2727 3021; x_wconf 73' lang='grc' dir='ltr'>ι</span> <span class='ocrx_word' id='word_1_408' title='bbox 2758 2967 2950 3022; x_wconf 83' lang='lat' dir='ltr'><strong>Anima</strong></span> <span class='ocrx_word' id='word_1_409' title='bbox 2967 2982 3086 3022; x_wconf 88' lang='lat' dir='ltr'><strong>mea</strong></span> <span class='ocrx_word' id='word_1_410' title='bbox 3114 2964 3385 3021; x_wconf 87' lang='lat' dir='ltr'><strong>mensium</strong></span> <span class='ocrx_word' id='word_1_411' title='bbox 3418 2971 3716 3018; x_wconf 81' lang='lat' dir='ltr'><strong>vestrorum</strong></span> 
     </span>
    </p>
   </div>
   <div class='ocr_carea' id='block_1_60' title="bbox 539 3057 3110 3154">
    <p class='ocr_par' dir='ltr' id='par_1_60' title="bbox 539 3057 3110 3154">
     <span class='ocr_line' id='line_1_60' title="bbox 539 3057 3110 3154; baseline -0.01 -29"><span class='ocrx_word' id='word_1_412' title='bbox 539 3071 592 3125; x_wconf 75' lang='grc'><strong>1.</strong></span> <span class='ocrx_word' id='word_1_413' title='bbox 629 3069 774 3125; x_wconf 89' lang='lat' dir='ltr'><strong>Deus</strong></span> <span class='ocrx_word' id='word_1_414' title='bbox 799 3084 949 3124; x_wconf 90' lang='lat' dir='ltr'><strong>nunc</strong></span> <span class='ocrx_word' id='word_1_415' title='bbox 986 3066 1171 3131; x_wconf 91' lang='lat' dir='ltr'><strong>etiam,</strong></span> <span class='ocrx_word' id='word_1_416' title='bbox 1210 3063 1393 3119; x_wconf 84' lang='lat' dir='ltr'><strong>dilecti</strong></span> <span class='ocrx_word' id='word_1_417' title='bbox 1422 3062 1550 3126; x_wconf 82' lang='lat' dir='ltr'><strong>mei,</strong></span> <span class='ocrx_word' id='word_1_418' title='bbox 1580 3061 1645 3116; x_wconf 84' lang='lat' dir='ltr'><strong>ad</strong></span> <span class='ocrx_word' id='word_1_419' title='bbox 1680 3057 2043 3115; x_wconf 85' lang='lat' dir='ltr'><strong>solemnitatis</strong></span> <span class='ocrx_word' id='word_1_420' title='bbox 2070 3096 2113 3154; x_wconf 63' lang='grc' dir='ltr'>ϐ</span> <span class='ocrx_word' id='word_1_421' title='bbox 2145 3067 2415 3121; x_wconf 68' lang='lat' dir='ltr'><strong>Kalendas</strong></span> <span class='ocrx_word' id='word_1_422' title='bbox 2439 3077 2492 3120; x_wconf 76' lang='grc' dir='ltr'><strong>ει</strong></span> <span class='ocrx_word' id='word_1_423' title='bbox 2515 3061 2883 3118; x_wconf 69' lang='lat' dir='ltr'><strong>hebdomadas</strong></span> <span class='ocrx_word' id='word_1_424' title='bbox 2922 3059 3056 3114; x_wconf 54' lang='lat' dir='ltr'><strong>olm.</strong></span> <span class='ocrx_word' id='word_1_425' title='bbox 3092 3077 3110 3108; x_wconf 77' lang='lat'>.</span> 
     </span>
    </p>
   </div>
   <div class='ocr_carea' id='block_1_61' title="bbox 466 3151 2045 3235">
    <p class='ocr_par' dir='ltr' id='par_1_61' title="bbox 466 3151 2045 3235">
     <span class='ocr_line' id='line_1_61' title="bbox 466 3151 2045 3235; baseline -0.011 -14"><span class='ocrx_word' id='word_1_426' title='bbox 466 3176 683 3235; x_wconf 88' lang='lat' dir='ltr'><strong>tempus</strong></span> <span class='ocrx_word' id='word_1_427' title='bbox 720 3176 822 3217; x_wconf 90' lang='lat' dir='ltr'><strong>nos</strong></span> <span class='ocrx_word' id='word_1_428' title='bbox 864 3159 1107 3226; x_wconf 81' lang='lat' dir='ltr'><strong>deduxit,</strong></span> <span class='ocrx_word' id='word_1_429' title='bbox 1152 3170 1363 3226; x_wconf 90' lang='lat' dir='ltr'><strong>suaque</strong></span> <span class='ocrx_word' id='word_1_430' title='bbox 1409 3155 1742 3225; x_wconf 79' lang='lat' dir='ltr'><strong>benignitate</strong></span> <span class='ocrx_word' id='word_1_431' title='bbox 1793 3151 1857 3205; x_wconf 89' lang='lat' dir='ltr'><strong>ad</strong></span> <span class='ocrx_word' id='word_1_432' title='bbox 1898 3151 2045 3205; x_wconf 91' lang='lat' dir='ltr'><strong>hunc</strong></span> 
     </span>
    </p>
   </div>
   <div class='ocr_carea' id='block_1_62' title="bbox 468 3242 2044 3324">
    <p class='ocr_par' dir='ltr' id='par_1_62' title="bbox 468 3242 2044 3324">
     <span class='ocr_line' id='line_1_62' title="bbox 468 3242 2044 3324; baseline -0.01 -11"><span class='ocrx_word' id='word_1_433' title='bbox 468 3271 793 3313; x_wconf 88' lang='lat' dir='ltr'><strong>consessum</strong></span> <span class='ocrx_word' id='word_1_434' title='bbox 828 3252 1112 3324; x_wconf 87' lang='lat' dir='ltr'><strong>pervenire</strong></span> <span class='ocrx_word' id='word_1_435' title='bbox 1145 3247 1398 3321; x_wconf 75' lang='lat' dir='ltr'><strong>providit.</strong></span> <span class='ocrx_word' id='word_1_436' title='bbox 1435 3246 1579 3303; x_wconf 85' lang='lat' dir='ltr'><strong>Deus</strong></span> <span class='ocrx_word' id='word_1_437' title='bbox 1611 3247 1721 3312; x_wconf 93' lang='lat' dir='ltr'><strong>ille,</strong></span> <span class='ocrx_word' id='word_1_438' title='bbox 1748 3246 1842 3316; x_wconf 91' lang='lat' dir='ltr'><strong>qui</strong></span> <span class='ocrx_word' id='word_1_439' title='bbox 1872 3242 2044 3300; x_wconf 88' lang='lat' dir='ltr'><strong>Israe-</strong></span> 
     </span>
    </p>
   </div>
   <div class='ocr_carea' id='block_1_63' title="bbox 469 3338 2044 3418">
    <p class='ocr_par' dir='ltr' id='par_1_63' title="bbox 469 3338 2044 3418">
     <span class='ocr_line' id='line_1_63' title="bbox 469 3338 2044 3418; baseline -0.009 -13"><span class='ocrx_word' id='word_1_440' title='bbox 469 3350 576 3405; x_wconf 90' lang='lat' dir='ltr'><strong>lem</strong></span> <span class='ocrx_word' id='word_1_441' title='bbox 606 3364 674 3404; x_wconf 79' lang='lat' dir='ltr'><strong>ex</strong></span> <span class='ocrx_word' id='word_1_442' title='bbox 700 3346 935 3418; x_wconf 60' lang='lat' dir='ltr'><strong>[Egypto</strong></span> <span class='ocrx_word' id='word_1_443' title='bbox 967 3343 1174 3407; x_wconf 78' lang='lat' dir='ltr'><strong>eduxit,</strong></span> <span class='ocrx_word' id='word_1_444' title='bbox 1205 3341 1350 3397; x_wconf 90' lang='lat' dir='ltr'><strong>idem</strong></span> <span class='ocrx_word' id='word_1_445' title='bbox 1395 3354 1498 3394; x_wconf 89' lang='lat' dir='ltr'><strong>nos</strong></span> <span class='ocrx_word' id='word_1_446' title='bbox 1544 3340 1611 3394; x_wconf 88' lang='lat' dir='ltr'><strong>ad</strong></span> <span class='ocrx_word' id='word_1_447' title='bbox 1647 3338 2044 3395; x_wconf 91' lang='lat' dir='ltr'><strong>solemnitatem</strong></span> 
     </span>
    </p>
   </div>
   <div class='ocr_carea' id='block_1_64' title="bbox 471 3426 2046 3502">
    <p class='ocr_par' dir='ltr' id='par_1_64' title="bbox 471 3426 2046 3502">
     <span class='ocr_line' id='line_1_64' title="bbox 471 3426 2046 3502; baseline -0.009 -8"><span class='ocrx_word' id='word_1_448' title='bbox 471 3453 621 3494; x_wconf 73' lang='lat' dir='ltr'><strong>nunc</strong></span> <span class='ocrx_word' id='word_1_449' title='bbox 662 3436 872 3492; x_wconf 87' lang='lat' dir='ltr'><strong>invitat.</strong></span> <span class='ocrx_word' id='word_1_450' title='bbox 928 3433 979 3491; x_wconf 86' lang='lat' dir='ltr'><strong>ls</strong></span> <span class='ocrx_word' id='word_1_451' title='bbox 1031 3448 1128 3488; x_wconf 91' lang='lat' dir='ltr'><strong>ore</strong></span> <span class='ocrx_word' id='word_1_452' title='bbox 1166 3430 1370 3502; x_wconf 82' lang='lat' dir='ltr'><strong>Moysis</strong></span> <span class='ocrx_word' id='word_1_453' title='bbox 1409 3429 1550 3484; x_wconf 84' lang='lat' dir='ltr'><strong>dixit</strong></span> <span class='ocrx_word' id='word_1_454' title='bbox 1591 3428 1635 3460; x_wconf 79' lang='grc'><strong>³⁸</strong></span> <span class='ocrx_word' id='word_1_455' title='bbox 1681 3447 1696 3483; x_wconf 87' lang='lat'><strong>:</strong></span> <span class='ocrx_word' id='word_1_456' title='bbox 1729 3446 1749 3479; x_wconf 76' lang='grc' dir='ltr'>ι</span> <span class='ocrx_word' id='word_1_457' title='bbox 1805 3426 2046 3482; x_wconf 83' lang='lat' dir='ltr'><strong>Observa</strong></span> 
     </span>
    </p>
   </div>
   <div class='ocr_carea' id='block_1_65' title="bbox 472 3517 2049 3593">
    <p class='ocr_par' dir='ltr' id='par_1_65' title="bbox 472 3517 2049 3593">
     <span class='ocr_line' id='line_1_65' title="bbox 472 3517 2049 3593; baseline -0.008 -7"><span class='ocrx_word' id='word_1_458' title='bbox 472 3544 716 3586; x_wconf 86' lang='lat' dir='ltr'><strong>mensem</strong></span> <span class='ocrx_word' id='word_1_459' title='bbox 741 3541 1005 3583; x_wconf 88' lang='lat' dir='ltr'><strong>novarum</strong></span> <span class='ocrx_word' id='word_1_460' title='bbox 1030 3524 1245 3593; x_wconf 88' lang='lat' dir='ltr'><strong>frugum</strong></span> <span class='ocrx_word' id='word_1_461' title='bbox 1273 3522 1408 3593; x_wconf 65' lang='lat'><strong>(49),</strong></span> <span class='ocrx_word' id='word_1_462' title='bbox 1434 3531 1493 3576; x_wconf 91' lang='lat' dir='ltr'><strong>ut</strong></span> <span class='ocrx_word' id='word_1_463' title='bbox 1517 3519 1686 3574; x_wconf 88' lang='lat' dir='ltr'><strong>facias</strong></span> <span class='ocrx_word' id='word_1_464' title='bbox 1707 3519 1813 3590; x_wconf 76' lang='lat'><strong>61</strong></span> <span class='ocrx_word' id='word_1_465' title='bbox 1839 3517 2049 3573; x_wconf 83' lang='lat' dir='ltr'><strong>Pascha</strong></span> 
     </span>
    </p>
   </div>
   <div class='ocr_carea' id='block_1_66' title="bbox 476 3609 2044 3683">
    <p class='ocr_par' dir='ltr' id='par_1_66' title="bbox 476 3609 2044 3683">
     <span class='ocr_line' id='line_1_66' title="bbox 476 3609 2044 3683; baseline -0.01 -6"><span class='ocrx_word' id='word_1_466' title='bbox 476 3622 706 3677; x_wconf 89' lang='lat' dir='ltr'><strong>Domino</strong></span> <span class='ocrx_word' id='word_1_467' title='bbox 723 3620 833 3675; x_wconf 90' lang='lat' dir='ltr'><strong>Deo</strong></span> <span class='ocrx_word' id='word_1_468' title='bbox 856 3629 971 3674; x_wconf 91' lang='lat' dir='ltr'><strong>tuo.</strong></span> <span class='ocrx_word' id='word_1_469' title='bbox 1003 3635 1022 3668; x_wconf 73' lang='grc' dir='ltr'><strong><em>ι</em></strong></span> <span class='ocrx_word' id='word_1_470' title='bbox 1047 3616 1191 3671; x_wconf 90' lang='lat' dir='ltr'><strong>Idem</strong></span> <span class='ocrx_word' id='word_1_471' title='bbox 1216 3615 1389 3669; x_wconf 82' lang='lat' dir='ltr'><strong>etiam</strong></span> <span class='ocrx_word' id='word_1_472' title='bbox 1403 3627 1500 3683; x_wconf 91' lang='lat' dir='ltr'><strong>per</strong></span> <span class='ocrx_word' id='word_1_473' title='bbox 1520 3612 1837 3682; x_wconf 88' lang='lat' dir='ltr'><strong>prophetam</strong></span> <span class='ocrx_word' id='word_1_474' title='bbox 1863 3609 1939 3663; x_wconf 89' lang='lat' dir='ltr'><strong>ait</strong></span> <span class='ocrx_word' id='word_1_475' title='bbox 1960 3609 2004 3641; x_wconf 82' lang='lat'>”</span> <span class='ocrx_word' id='word_1_476' title='bbox 2030 3625 2044 3661; x_wconf 89' lang='lat'><strong>:</strong></span> 
     </span>
    </p>
   </div>
   <div class='ocr_carea' id='block_1_67' title="bbox 482 3699 2049 3778">
    <p class='ocr_par' dir='ltr' id='par_1_67' title="bbox 482 3699 2049 3778">
     <span class='ocr_line' id='line_1_67' title="bbox 482 3699 2049 3778; baseline -0.008 -11"><span class='ocrx_word' id='word_1_477' title='bbox 482 3733 501 3767; x_wconf 85' lang='grc'><em>‹</em></span> <span class='ocrx_word' id='word_1_478' title='bbox 530 3713 781 3778; x_wconf 86' lang='lat' dir='ltr'><strong>Celebra,</strong></span> <span class='ocrx_word' id='word_1_479' title='bbox 817 3710 980 3775; x_wconf 87' lang='lat' dir='ltr'><strong>Juda,</strong></span> <span class='ocrx_word' id='word_1_480' title='bbox 1022 3707 1344 3763; x_wconf 81' lang='lat' dir='ltr'><strong>festivitates</strong></span> <span class='ocrx_word' id='word_1_481' title='bbox 1388 3713 1530 3769; x_wconf 87' lang='lat' dir='ltr'><strong>tuas,</strong></span> <span class='ocrx_word' id='word_1_482' title='bbox 1561 3712 1616 3758; x_wconf 88' lang='lat' dir='ltr'><strong>et</strong></span> <span class='ocrx_word' id='word_1_483' title='bbox 1654 3701 1904 3772; x_wconf 85' lang='lat' dir='ltr'><strong>persolve</strong></span> <span class='ocrx_word' id='word_1_484' title='bbox 1939 3699 2049 3755; x_wconf 89' lang='lat' dir='ltr'><strong>Do-</strong></span> 
     </span>
    </p>
   </div>
   <div class='ocr_carea' id='block_1_68' title="bbox 478 3792 2050 3867">
    <p class='ocr_par' dir='ltr' id='par_1_68' title="bbox 478 3792 2050 3867">
     <span class='ocr_line' id='line_1_68' title="bbox 478 3792 2050 3867; baseline -0.011 -5"><span class='ocrx_word' id='word_1_485' title='bbox 478 3806 630 3862; x_wconf 90' lang='lat' dir='ltr'><strong>mino</strong></span> <span class='ocrx_word' id='word_1_486' title='bbox 679 3811 805 3859; x_wconf 90' lang='lat' dir='ltr'><strong>vota</strong></span> <span class='ocrx_word' id='word_1_487' title='bbox 843 3810 959 3857; x_wconf 90' lang='lat' dir='ltr'><strong>tua.</strong></span> <span class='ocrx_word' id='word_1_488' title='bbox 1014 3817 1033 3852; x_wconf 69' lang='grc' dir='ltr'><strong>ι</strong></span> <span class='ocrx_word' id='word_1_489' title='bbox 1082 3798 1142 3854; x_wconf 90' lang='lat' dir='ltr'><strong>Si</strong></span> <span class='ocrx_word' id='word_1_490' title='bbox 1188 3799 1331 3854; x_wconf 90' lang='lat' dir='ltr'><strong>Deus</strong></span> <span class='ocrx_word' id='word_1_491' title='bbox 1378 3797 1493 3867; x_wconf 88' lang='lat' dir='ltr'><strong>ipse</strong></span> <span class='ocrx_word' id='word_1_492' title='bbox 1538 3794 1679 3851; x_wconf 83' lang='lat' dir='ltr'><strong>festo</strong></span> <span class='ocrx_word' id='word_1_493' title='bbox 1725 3792 2050 3857; x_wconf 90' lang='lat' dir='ltr'><strong>oblectatur,</strong></span> 
     </span>
    </p>
   </div>
   <div class='ocr_carea' id='block_1_69' title="bbox 477 3883 2051 3967">
    <p class='ocr_par' dir='ltr' id='par_1_69' title="bbox 477 3883 2051 3967">
     <span class='ocr_line' id='line_1_69' title="bbox 477 3883 2051 3967; baseline -0.01 -15"><span class='ocrx_word' id='word_1_494' title='bbox 477 3905 643 3967; x_wconf 86' lang='lat' dir='ltr'><strong>atque</strong></span> <span class='ocrx_word' id='word_1_495' title='bbox 669 3894 736 3950; x_wconf 90' lang='lat' dir='ltr'><strong>ad</strong></span> <span class='ocrx_word' id='word_1_496' title='bbox 767 3891 821 3948; x_wconf 92' lang='lat' dir='ltr'><strong>id</strong></span> <span class='ocrx_word' id='word_1_497' title='bbox 850 3892 1077 3956; x_wconf 87' lang='lat' dir='ltr'><strong>invitat,</strong></span> <span class='ocrx_word' id='word_1_498' title='bbox 1104 3890 1249 3946; x_wconf 86' lang='lat' dir='ltr'><strong>haud</strong></span> <span class='ocrx_word' id='word_1_499' title='bbox 1281 3894 1516 3960; x_wconf 91' lang='lat' dir='ltr'><strong>oportet,</strong></span> <span class='ocrx_word' id='word_1_500' title='bbox 1544 3884 1741 3941; x_wconf 82' lang='lat' dir='ltr'><strong>fratres</strong></span> <span class='ocrx_word' id='word_1_501' title='bbox 1792 3883 1920 3948; x_wconf 88' lang='lat' dir='ltr'><strong>mei,</strong></span> <span class='ocrx_word' id='word_1_502' title='bbox 1955 3883 2051 3938; x_wconf 86' lang='lat' dir='ltr'><strong>de-</strong></span> 
     </span>
    </p>
   </div>
   <div class='ocr_carea' id='block_1_70' title="bbox 480 3976 2055 4054">
    <p class='ocr_par' dir='ltr' id='par_1_70' title="bbox 480 3976 2055 4054">
     <span class='ocr_line' id='line_1_70' title="bbox 480 3976 2055 4054; baseline -0.008 -11"><span class='ocrx_word' id='word_1_503' title='bbox 480 3986 722 4053; x_wconf 89' lang='lat' dir='ltr'><strong>morari,</strong></span> <span class='ocrx_word' id='word_1_504' title='bbox 756 3999 934 4054; x_wconf 88' lang='lat' dir='ltr'><strong>neque</strong></span> <span class='ocrx_word' id='word_1_505' title='bbox 975 3983 1282 4054; x_wconf 75' lang='lat' dir='ltr'><strong>negligere,</strong></span> <span class='ocrx_word' id='word_1_506' title='bbox 1317 3981 1411 4036; x_wconf 91' lang='lat' dir='ltr'><strong>sed</strong></span> <span class='ocrx_word' id='word_1_507' title='bbox 1460 3979 1706 4035; x_wconf 85' lang='lat' dir='ltr'><strong>hilariter</strong></span> <span class='ocrx_word' id='word_1_508' title='bbox 1753 3976 2055 4045; x_wconf 88' lang='lat' dir='ltr'><strong>seduloque</strong></span> 
     </span>
    </p>
   </div>
   <div class='ocr_carea' id='block_1_71' title="bbox 481 4068 2051 4141">
    <p class='ocr_par' dir='ltr' id='par_1_71' title="bbox 481 4068 2051 4141">
     <span class='ocr_line' id='line_1_71' title="bbox 481 4068 2051 4141; baseline -0.01 -6"><span class='ocrx_word' id='word_1_509' title='bbox 481 4079 552 4135; x_wconf 83' lang='lat' dir='ltr'><strong>ad</strong></span> <span class='ocrx_word' id='word_1_510' title='bbox 594 4078 702 4134; x_wconf 89' lang='lat' dir='ltr'><strong>hoc</strong></span> <span class='ocrx_word' id='word_1_511' title='bbox 749 4075 1075 4141; x_wconf 90' lang='lat' dir='ltr'><strong>convenire;</strong></span> <span class='ocrx_word' id='word_1_512' title='bbox 1134 4082 1196 4128; x_wconf 91' lang='lat' dir='ltr'><strong>ut</strong></span> <span class='ocrx_word' id='word_1_513' title='bbox 1251 4073 1381 4128; x_wconf 85' lang='lat' dir='ltr'><strong>hinc</strong></span> <span class='ocrx_word' id='word_1_514' title='bbox 1430 4069 1660 4126; x_wconf 81' lang='lat' dir='ltr'><strong>sollicite</strong></span> <span class='ocrx_word' id='word_1_515' title='bbox 1711 4068 2051 4137; x_wconf 88' lang='lat' dir='ltr'><strong>incipientes,</strong></span> 
     </span>
    </p>
   </div>
   <div class='ocr_carea' id='block_1_72' title="bbox 482 4158 2056 4232">
    <p class='ocr_par' dir='ltr' id='par_1_72' title="bbox 482 4158 2056 4232">
     <span class='ocr_line' id='line_1_72' title="bbox 482 4158 2056 4232; baseline -0.008 -6"><span class='ocrx_word' id='word_1_516' title='bbox 482 4170 609 4226; x_wconf 86' lang='lat' dir='ltr'><strong>festi</strong></span> <span class='ocrx_word' id='word_1_517' title='bbox 641 4168 788 4224; x_wconf 90' lang='lat' dir='ltr'><strong>illius</strong></span> <span class='ocrx_word' id='word_1_518' title='bbox 813 4165 1051 4222; x_wconf 67' lang='lat' dir='ltr'><strong>caelestis</strong></span> <span class='ocrx_word' id='word_1_519' title='bbox 1087 4163 1307 4220; x_wconf 88' lang='lat' dir='ltr'><strong>arrham</strong></span> <span class='ocrx_word' id='word_1_520' title='bbox 1340 4162 1641 4232; x_wconf 88' lang='lat' dir='ltr'><strong>capiamus.</strong></span> <span class='ocrx_word' id='word_1_521' title='bbox 1674 4158 1736 4215; x_wconf 87' lang='lat' dir='ltr'><strong>Si</strong></span> <span class='ocrx_word' id='word_1_522' title='bbox 1769 4160 2056 4230; x_wconf 86' lang='lat' dir='ltr'><strong>diligenter</strong></span> 
     </span>
    </p>
   </div>
   <div class='ocr_carea' id='block_1_73' title="bbox 484 4255 2057 4333">
    <p class='ocr_par' dir='ltr' id='par_1_73' title="bbox 484 4255 2057 4333">
     <span class='ocr_line' id='line_1_73' title="bbox 484 4255 2057 4333; baseline -0.006 -14"><span class='ocrx_word' id='word_1_523' title='bbox 484 4266 683 4322; x_wconf 85' lang='lat' dir='ltr'><strong>festum</strong></span> <span class='ocrx_word' id='word_1_524' title='bbox 714 4263 804 4318; x_wconf 87' lang='lat' dir='ltr'><strong>hic</strong></span> <span class='ocrx_word' id='word_1_525' title='bbox 828 4277 1076 4333; x_wconf 89' lang='lat' dir='ltr'><strong>agemus,</strong></span> <span class='ocrx_word' id='word_1_526' title='bbox 1113 4259 1232 4315; x_wconf 91' lang='lat' dir='ltr'><strong>sine</strong></span> <span class='ocrx_word' id='word_1_527' title='bbox 1270 4259 1436 4314; x_wconf 91' lang='lat' dir='ltr'><strong>dubio</strong></span> <span class='ocrx_word' id='word_1_528' title='bbox 1476 4258 1733 4328; x_wconf 81' lang='lat' dir='ltr'><strong>gaudium</strong></span> <span class='ocrx_word' id='word_1_529' title='bbox 1768 4255 1899 4311; x_wconf 90' lang='lat' dir='ltr'><strong>illud</strong></span> <span class='ocrx_word' id='word_1_530' title='bbox 1933 4270 2057 4325; x_wconf 64' lang='lat' dir='ltr'><strong>per»</strong></span> 
     </span>
    </p>
   </div>
   <div class='ocr_carea' id='block_1_74' title="bbox 484 4345 2055 4420">
    <p class='ocr_par' dir='ltr' id='par_1_74' title="bbox 484 4345 2055 4420">
     <span class='ocr_line' id='line_1_74' title="bbox 484 4345 2055 4420; baseline -0.006 -9"><span class='ocrx_word' id='word_1_531' title='bbox 484 4355 687 4411; x_wconf 85' lang='lat' dir='ltr'><strong>fectum</strong></span> <span class='ocrx_word' id='word_1_532' title='bbox 736 4353 794 4407; x_wconf 89' lang='lat' dir='ltr'><strong>in</strong></span> <span class='ocrx_word' id='word_1_533' title='bbox 842 4351 982 4407; x_wconf 72' lang='lat' dir='ltr'><strong>cmlo</strong></span> <span class='ocrx_word' id='word_1_534' title='bbox 1028 4364 1407 4420; x_wconf 88' lang='lat' dir='ltr'><strong>assequemur,</strong></span> <span class='ocrx_word' id='word_1_535' title='bbox 1448 4348 1597 4403; x_wconf 90' lang='lat' dir='ltr'><strong>velut</strong></span> <span class='ocrx_word' id='word_1_536' title='bbox 1638 4348 1755 4418; x_wconf 87' lang='lat' dir='ltr'><strong>ipse</strong></span> <span class='ocrx_word' id='word_1_537' title='bbox 1789 4345 2055 4401; x_wconf 89' lang='lat' dir='ltr'><strong>Dominus</strong></span> 
     </span>
    </p>
   </div>
   <div class='ocr_carea' id='block_1_75' title="bbox 484 4436 2053 4507">
    <p class='ocr_par' dir='ltr' id='par_1_75' title="bbox 484 4436 2053 4507">
     <span class='ocr_line' id='line_1_75' title="bbox 484 4436 2053 4507; baseline -0.007 -6"><span class='ocrx_word' id='word_1_538' title='bbox 484 4445 624 4501; x_wconf 72' lang='lat' dir='ltr'><strong>dixit</strong></span> <span class='ocrx_word' id='word_1_539' title='bbox 647 4442 738 4496; x_wconf 76' lang='lat'><strong>“:</strong></span> <span class='ocrx_word' id='word_1_540' title='bbox 775 4461 795 4495; x_wconf 71' lang='grc' dir='ltr'>ι</span> <span class='ocrx_word' id='word_1_541' title='bbox 833 4441 1111 4498; x_wconf 89' lang='lat' dir='ltr'><strong>Desiderio</strong></span> <span class='ocrx_word' id='word_1_542' title='bbox 1156 4438 1462 4494; x_wconf 89' lang='lat' dir='ltr'><strong>desideravi</strong></span> <span class='ocrx_word' id='word_1_543' title='bbox 1506 4439 1608 4493; x_wconf 92' lang='lat' dir='ltr'><strong>hoc</strong></span> <span class='ocrx_word' id='word_1_544' title='bbox 1647 4436 1851 4507; x_wconf 84' lang='lat' dir='ltr'><strong>pascha</strong></span> <span class='ocrx_word' id='word_1_545' title='bbox 1896 4451 2053 4491; x_wconf 85' lang='lat' dir='ltr'><strong>man-</strong></span> 
     </span>
    </p>
   </div>
   <div class='ocr_carea' id='block_1_76' title="bbox 487 4524 2062 4598">
    <p class='ocr_par' dir='ltr' id='par_1_76' title="bbox 487 4524 2062 4598">
     <span class='ocr_line' id='line_1_76' title="bbox 487 4524 2062 4598; baseline -0.006 -10"><span class='ocrx_word' id='word_1_546' title='bbox 487 4537 688 4588; x_wconf 89' lang='lat' dir='ltr'><strong>ducare</strong></span> <span class='ocrx_word' id='word_1_547' title='bbox 720 4531 1023 4596; x_wconf 89' lang='lat' dir='ltr'><strong>vobiscum,</strong></span> <span class='ocrx_word' id='word_1_548' title='bbox 1059 4538 1349 4598; x_wconf 90' lang='lat' dir='ltr'><strong>antequam</strong></span> <span class='ocrx_word' id='word_1_549' title='bbox 1378 4526 1573 4597; x_wconf 86' lang='lat' dir='ltr'><strong>patiar.</strong></span> <span class='ocrx_word' id='word_1_550' title='bbox 1606 4524 1739 4581; x_wconf 91' lang='lat' dir='ltr'><strong>Dico</strong></span> <span class='ocrx_word' id='word_1_551' title='bbox 1784 4526 1930 4580; x_wconf 89' lang='lat' dir='ltr'><strong>enim</strong></span> <span class='ocrx_word' id='word_1_552' title='bbox 1961 4539 2062 4579; x_wconf 86' lang='lat' dir='ltr'><strong>vo-</strong></span> 
     </span>
    </p>
   </div>
   <div class='ocr_carea' id='block_1_77' title="bbox 489 4616 2063 4693">
    <p class='ocr_par' dir='ltr' id='par_1_77' title="bbox 489 4616 2063 4693">
     <span class='ocr_line' id='line_1_77' title="bbox 489 4616 2063 4693; baseline -0.006 -15"><span class='ocrx_word' id='word_1_553' title='bbox 489 4624 596 4687; x_wconf 81' lang='lat' dir='ltr'><strong>bis,</strong></span> <span class='ocrx_word' id='word_1_554' title='bbox 628 4621 758 4693; x_wconf 91' lang='lat' dir='ltr'><strong>quia</strong></span> <span class='ocrx_word' id='word_1_555' title='bbox 784 4635 851 4677; x_wconf 78' lang='lat' dir='ltr'><strong>ex</strong></span> <span class='ocrx_word' id='word_1_556' title='bbox 899 4620 1005 4676; x_wconf 87' lang='lat' dir='ltr'><strong>hoc</strong></span> <span class='ocrx_word' id='word_1_557' title='bbox 1052 4633 1161 4673; x_wconf 90' lang='lat' dir='ltr'><strong>non</strong></span> <span class='ocrx_word' id='word_1_558' title='bbox 1193 4616 1727 4681; x_wconf 75' lang='lat' dir='ltr'><strong>manducabo‘illud,</strong></span> <span class='ocrx_word' id='word_1_559' title='bbox 1756 4616 1931 4672; x_wconf 84' lang='lat' dir='ltr'><strong>donec</strong></span> <span class='ocrx_word' id='word_1_560' title='bbox 1958 4616 2063 4670; x_wconf 88' lang='lat' dir='ltr'><strong>im-</strong></span> 
     </span>
    </p>
   </div>
   <div class='ocr_carea' id='block_1_78' title="bbox 487 4709 2062 4786">
    <p class='ocr_par' dir='ltr' id='par_1_78' title="bbox 487 4709 2062 4786">
     <span class='ocr_line' id='line_1_78' title="bbox 487 4709 2062 4786; baseline -0.005 -15"><span class='ocrx_word' id='word_1_561' title='bbox 487 4717 700 4786; x_wconf 88' lang='lat' dir='ltr'><strong>pleatur</strong></span> <span class='ocrx_word' id='word_1_562' title='bbox 727 4716 783 4769; x_wconf 89' lang='lat' dir='ltr'><strong>in</strong></span> <span class='ocrx_word' id='word_1_563' title='bbox 814 4727 985 4785; x_wconf 89' lang='lat' dir='ltr'><strong>regno</strong></span> <span class='ocrx_word' id='word_1_564' title='bbox 1022 4710 1141 4766; x_wconf 87' lang='lat' dir='ltr'><strong>Dei.</strong></span> <span class='ocrx_word' id='word_1_565' title='bbox 1181 4729 1201 4764; x_wconf 77' lang='grc' dir='ltr'><strong><em>ι</em></strong></span> <span class='ocrx_word' id='word_1_566' title='bbox 1239 4710 1602 4766; x_wconf 88' lang='lat' dir='ltr'><strong>Comedcmus</strong></span> <span class='ocrx_word' id='word_1_567' title='bbox 1629 4717 1812 4765; x_wconf 88' lang='lat' dir='ltr'><strong>autem</strong></span> <span class='ocrx_word' id='word_1_568' title='bbox 1845 4709 1986 4774; x_wconf 91' lang='lat' dir='ltr'><strong>hoc,</strong></span> <span class='ocrx_word' id='word_1_569' title='bbox 2014 4710 2062 4763; x_wconf 86' lang='lat' dir='ltr'><strong>si</strong></span> 
     </span>
    </p>
   </div>
   <div class='ocr_carea' id='block_1_79' title="bbox 491 4799 2060 4873">
    <p class='ocr_par' dir='ltr' id='par_1_79' title="bbox 491 4799 2060 4873">
     <span class='ocr_line' id='line_1_79' title="bbox 491 4799 2060 4873; baseline -0.006 -11"><span class='ocrx_word' id='word_1_570' title='bbox 491 4815 672 4864; x_wconf 87' lang='lat' dir='ltr'><strong>mente</strong></span> <span class='ocrx_word' id='word_1_571' title='bbox 723 4821 947 4863; x_wconf 90' lang='lat' dir='ltr'><strong>causam</strong></span> <span class='ocrx_word' id='word_1_572' title='bbox 998 4804 1122 4861; x_wconf 82' lang='lat' dir='ltr'><strong>festi</strong></span> <span class='ocrx_word' id='word_1_573' title='bbox 1164 4803 1722 4873; x_wconf 88' lang='lat' dir='ltr'><strong>comprehendemus,</strong></span> <span class='ocrx_word' id='word_1_574' title='bbox 1770 4801 1817 4856; x_wconf 87' lang='lat' dir='ltr'><strong>si</strong></span> <span class='ocrx_word' id='word_1_575' title='bbox 1869 4799 2060 4856; x_wconf 79' lang='lat' dir='ltr'><strong>auxilii</strong></span> 
     </span>
    </p>
   </div>
   <div class='ocr_carea' id='block_1_80' title="bbox 491 4894 2062 4970">
    <p class='ocr_par' dir='ltr' id='par_1_80' title="bbox 491 4894 2062 4970">
     <span class='ocr_line' id='line_1_80' title="bbox 491 4894 2062 4970; baseline -0.003 -16"><span class='ocrx_word' id='word_1_576' title='bbox 491 4907 770 4956; x_wconf 90' lang='lat' dir='ltr'><strong>auctorem</strong></span> <span class='ocrx_word' id='word_1_577' title='bbox 799 4912 1179 4970; x_wconf 86' lang='lat' dir='ltr'><strong>agnoscemus,</strong></span> <span class='ocrx_word' id='word_1_578' title='bbox 1203 4904 1369 4966; x_wconf 84' lang='lat' dir='ltr'><strong>atque</strong></span> <span class='ocrx_word' id='word_1_579' title='bbox 1394 4907 1455 4950; x_wconf 92' lang='lat' dir='ltr'><strong>ut</strong></span> <span class='ocrx_word' id='word_1_580' title='bbox 1484 4895 1639 4951; x_wconf 90' lang='lat' dir='ltr'><strong>decet</strong></span> <span class='ocrx_word' id='word_1_581' title='bbox 1665 4895 1720 4949; x_wconf 91' lang='lat' dir='ltr'><strong>in</strong></span> <span class='ocrx_word' id='word_1_582' title='bbox 1745 4894 1864 4965; x_wconf 90' lang='lat' dir='ltr'><strong>ejus</strong></span> <span class='ocrx_word' id='word_1_583' title='bbox 1886 4894 2062 4964; x_wconf 89' lang='lat' dir='ltr'><strong>gratia</strong></span> 
     </span>
    </p>
   </div>
   <div class='ocr_carea' id='block_1_81' title="bbox 491 4986 2066 5056">
    <p class='ocr_par' dir='ltr' id='par_1_81' title="bbox 491 4986 2066 5056">
     <span class='ocr_line' id='line_1_81' title="bbox 491 4986 2066 5056; baseline -0.004 -9"><span class='ocrx_word' id='word_1_584' title='bbox 491 4994 768 5055; x_wconf 90' lang='lat' dir='ltr'><strong>vivemus;</strong></span> <span class='ocrx_word' id='word_1_585' title='bbox 812 4991 1168 5056; x_wconf 87' lang='lat' dir='ltr'><strong>celebrantes,</strong></span> <span class='ocrx_word' id='word_1_586' title='bbox 1214 4998 1277 5044; x_wconf 90' lang='lat' dir='ltr'><strong>ut</strong></span> <span class='ocrx_word' id='word_1_587' title='bbox 1313 4989 1390 5043; x_wconf 93' lang='lat' dir='ltr'><strong>ait</strong></span> <span class='ocrx_word' id='word_1_588' title='bbox 1419 4987 1621 5044; x_wconf 88' lang='lat' dir='ltr'><strong>Paulus</strong></span> <span class='ocrx_word' id='word_1_589' title='bbox 1649 4989 1719 5054; x_wconf 67' lang='grc' dir='ltr'><strong>δι,</strong></span> <span class='ocrx_word' id='word_1_590' title='bbox 1749 5006 1769 5040; x_wconf 74' lang='grc' dir='ltr'>ι</span> <span class='ocrx_word' id='word_1_591' title='bbox 1811 5003 1920 5042; x_wconf 89' lang='lat' dir='ltr'><strong>non</strong></span> <span class='ocrx_word' id='word_1_592' title='bbox 1952 4986 2066 5043; x_wconf 84' lang='lat' dir='ltr'><strong>fer-</strong></span> 
     </span>
    </p>
   </div>
   <div class='ocr_carea' id='block_1_82' title="bbox 496 5081 2063 5154">
    <p class='ocr_par' dir='ltr' id='par_1_82' title="bbox 496 5081 2063 5154">
     <span class='ocr_line' id='line_1_82' title="bbox 496 5081 2063 5154; baseline -0.001 -16"><span class='ocrx_word' id='word_1_593' title='bbox 496 5092 679 5139; x_wconf 89' lang='lat' dir='ltr'><strong>mento</strong></span> <span class='ocrx_word' id='word_1_594' title='bbox 708 5090 910 5149; x_wconf 89' lang='lat' dir='ltr'><strong>vetere,</strong></span> <span class='ocrx_word' id='word_1_595' title='bbox 943 5099 1122 5154; x_wconf 85' lang='lat' dir='ltr'><strong>neque</strong></span> <span class='ocrx_word' id='word_1_596' title='bbox 1158 5082 1428 5139; x_wconf 91' lang='lat' dir='ltr'><strong>fermento</strong></span> <span class='ocrx_word' id='word_1_597' title='bbox 1459 5082 1698 5149; x_wconf 75' lang='lat' dir='ltr'><strong>malitiae,</strong></span> <span class='ocrx_word' id='word_1_598' title='bbox 1723 5082 1816 5137; x_wconf 91' lang='lat' dir='ltr'><strong>sed</strong></span> <span class='ocrx_word' id='word_1_599' title='bbox 1857 5081 2063 5152; x_wconf 87' lang='lat' dir='ltr'><strong>azymis</strong></span> 
     </span>
    </p>
   </div>
   <div class='ocr_carea' id='block_1_83' title="bbox 495 5171 2069 5246">
    <p class='ocr_par' dir='ltr' id='par_1_83' title="bbox 495 5171 2069 5246">
     <span class='ocr_line' id='line_1_83' title="bbox 495 5171 2069 5246; baseline -0.001 -15"><span class='ocrx_word' id='word_1_600' title='bbox 495 5175 749 5246; x_wconf 86' lang='lat' dir='ltr'><strong>puritatis</strong></span> <span class='ocrx_word' id='word_1_601' title='bbox 779 5184 836 5231; x_wconf 89' lang='lat' dir='ltr'><strong>et</strong></span> <span class='ocrx_word' id='word_1_602' title='bbox 863 5176 1128 5232; x_wconf 86' lang='lat' dir='ltr'><strong>veritatis.</strong></span> <span class='ocrx_word' id='word_1_603' title='bbox 1160 5195 1180 5229; x_wconf 72' lang='grc' dir='ltr'>ι</span> <span class='ocrx_word' id='word_1_604' title='bbox 1222 5175 1469 5231; x_wconf 86' lang='lat' dir='ltr'><strong>Mortuus</strong></span> <span class='ocrx_word' id='word_1_605' title='bbox 1506 5183 1592 5231; x_wconf 89' lang='lat' dir='ltr'><strong>est</strong></span> <span class='ocrx_word' id='word_1_606' title='bbox 1621 5174 1706 5228; x_wconf 88' lang='lat' dir='ltr'><strong>his</strong></span> <span class='ocrx_word' id='word_1_607' title='bbox 1737 5173 1931 5229; x_wconf 89' lang='lat' dir='ltr'><strong>diebus</strong></span> <span class='ocrx_word' id='word_1_608' title='bbox 1961 5171 2069 5229; x_wconf 83' lang='lat' dir='ltr'><strong>Do-</strong></span> 
     </span>
    </p>
   </div>
   <div class='ocr_carea' id='block_1_84' title="bbox 2219 3140 3717 3224">
    <p class='ocr_par' dir='ltr' id='par_1_84' title="bbox 2219 3140 3717 3224">
     <span class='ocr_line' id='line_1_84' title="bbox 2219 3140 3717 3224; baseline -0.011 -12"><span class='ocrx_word' id='word_1_609' title='bbox 2219 3160 2271 3214; x_wconf 79' lang='grc'><strong>5.</strong></span> <span class='ocrx_word' id='word_1_610' title='bbox 2301 3156 2456 3210; x_wconf 85' lang='lat' dir='ltr'><strong>Nunc</strong></span> <span class='ocrx_word' id='word_1_611' title='bbox 2484 3168 2702 3224; x_wconf 89' lang='lat' dir='ltr'><strong>quoque</strong></span> <span class='ocrx_word' id='word_1_612' title='bbox 2732 3153 2872 3206; x_wconf 90' lang='lat' dir='ltr'><strong>idem</strong></span> <span class='ocrx_word' id='word_1_613' title='bbox 2896 3149 3161 3203; x_wconf 90' lang='lat' dir='ltr'><strong>Dominus</strong></span> <span class='ocrx_word' id='word_1_614' title='bbox 3191 3146 3316 3200; x_wconf 89' lang='lat' dir='ltr'><strong>illos</strong></span> <span class='ocrx_word' id='word_1_615' title='bbox 3342 3144 3613 3214; x_wconf 86' lang='lat' dir='ltr'><strong>increpat,</strong></span> <span class='ocrx_word' id='word_1_616' title='bbox 3635 3140 3717 3211; x_wconf 89' lang='lat' dir='ltr'><strong>qui</strong></span> 
     </span>
    </p>
   </div>
   <div class='ocr_carea' id='block_1_85' title="bbox 2148 3234 3719 3305">
    <p class='ocr_par' dir='ltr' id='par_1_85' title="bbox 2148 3234 3719 3305">
     <span class='ocr_line' id='line_1_85' title="bbox 2148 3234 3719 3305; baseline -0.013 0"><span class='ocrx_word' id='word_1_617' title='bbox 2148 3248 2361 3305; x_wconf 87' lang='lat' dir='ltr'><strong>Pascha</strong></span> <span class='ocrx_word' id='word_1_618' title='bbox 2402 3245 2711 3301; x_wconf 68' lang='lat' dir='ltr'><strong>Iudaeorum</strong></span> <span class='ocrx_word' id='word_1_619' title='bbox 2743 3256 2897 3297; x_wconf 89' lang='lat' dir='ltr'><strong>more</strong></span> <span class='ocrx_word' id='word_1_620' title='bbox 2945 3238 3255 3301; x_wconf 88' lang='lat' dir='ltr'><strong>celebrant;</strong></span> <span class='ocrx_word' id='word_1_621' title='bbox 3302 3246 3362 3290; x_wconf 92' lang='lat' dir='ltr'><strong>ut</strong></span> <span class='ocrx_word' id='word_1_622' title='bbox 3396 3251 3469 3289; x_wconf 77' lang='lat' dir='ltr'><strong>ex</strong></span> <span class='ocrx_word' id='word_1_623' title='bbox 3510 3234 3719 3288; x_wconf 88' lang='lat' dir='ltr'><strong>illorum</strong></span> 
     </span>
    </p>
   </div>
   <div class='ocr_carea' id='block_1_86' title="bbox 2152 3322 3720 3410">
    <p class='ocr_par' dir='ltr' id='par_1_86' title="bbox 2152 3322 3720 3410">
     <span class='ocr_line' id='line_1_86' title="bbox 2152 3322 3720 3410; baseline -0.014 -15"><span class='ocrx_word' id='word_1_624' title='bbox 2152 3341 2493 3410; x_wconf 88' lang='lat' dir='ltr'><strong>leprosorum</strong></span> <span class='ocrx_word' id='word_1_625' title='bbox 2540 3350 2672 3391; x_wconf 90' lang='lat' dir='ltr'><strong>casu</strong></span> <span class='ocrx_word' id='word_1_626' title='bbox 2732 3333 3099 3401; x_wconf 72' lang='lat' dir='ltr'><strong>cognoscitur,</strong></span> <span class='ocrx_word' id='word_1_627' title='bbox 3156 3327 3252 3398; x_wconf 91' lang='lat' dir='ltr'><strong>qui</strong></span> <span class='ocrx_word' id='word_1_628' title='bbox 3305 3322 3563 3380; x_wconf 88' lang='lat' dir='ltr'><strong>mundati</strong></span> <span class='ocrx_word' id='word_1_629' title='bbox 3612 3322 3720 3375; x_wconf 84' lang='lat' dir='ltr'><strong>fue-</strong></span> 
     </span>
    </p>
   </div>
   <div class='ocr_carea' id='block_1_87' title="bbox 2152 3414 3722 3500">
    <p class='ocr_par' dir='ltr' id='par_1_87' title="bbox 2152 3414 3722 3500">
     <span class='ocr_line' id='line_1_87' title="bbox 2152 3414 3722 3500; baseline -0.013 -13"><span class='ocrx_word' id='word_1_630' title='bbox 2152 3440 2311 3499; x_wconf 88' lang='lat' dir='ltr'><strong>runt;</strong></span> <span class='ocrx_word' id='word_1_631' title='bbox 2344 3430 2470 3500; x_wconf 83' lang='lat' dir='ltr'><strong>quia</strong></span> <span class='ocrx_word' id='word_1_632' title='bbox 2503 3427 2766 3481; x_wconf 89' lang='lat' dir='ltr'><strong>nimirum</strong></span> <span class='ocrx_word' id='word_1_633' title='bbox 2798 3422 3066 3478; x_wconf 88' lang='lat' dir='ltr'><strong>Dominus</strong></span> <span class='ocrx_word' id='word_1_634' title='bbox 3092 3435 3158 3474; x_wconf 80' lang='lat' dir='ltr'><strong>ex</strong></span> <span class='ocrx_word' id='word_1_635' title='bbox 3185 3419 3272 3474; x_wconf 89' lang='lat' dir='ltr'><strong>his</strong></span> <span class='ocrx_word' id='word_1_636' title='bbox 3299 3432 3480 3471; x_wconf 87' lang='lat' dir='ltr'><strong>unum</strong></span> <span class='ocrx_word' id='word_1_637' title='bbox 3515 3416 3588 3470; x_wconf 91' lang='lat' dir='ltr'><strong>ob</strong></span> <span class='ocrx_word' id='word_1_638' title='bbox 3613 3414 3722 3481; x_wconf 88' lang='lat' dir='ltr'><strong>ejus</strong></span> 
     </span>
    </p>
   </div>
   <div class='ocr_carea' id='block_1_88' title="bbox 2155 3507 3722 3596">
    <p class='ocr_par' dir='ltr' id='par_1_88' title="bbox 2155 3507 3722 3596">
     <span class='ocr_line' id='line_1_88' title="bbox 2155 3507 3722 3596; baseline -0.013 -17"><span class='ocrx_word' id='word_1_639' title='bbox 2155 3532 2368 3596; x_wconf 89' lang='lat' dir='ltr'><strong>gratum</strong></span> <span class='ocrx_word' id='word_1_640' title='bbox 2406 3520 2649 3574; x_wconf 86' lang='lat' dir='ltr'><strong>animum</strong></span> <span class='ocrx_word' id='word_1_641' title='bbox 2683 3513 2988 3580; x_wconf 87' lang='lat' dir='ltr'><strong>adamavit;</strong></span> <span class='ocrx_word' id='word_1_642' title='bbox 3021 3511 3158 3566; x_wconf 86' lang='lat' dir='ltr'><strong>alios</strong></span> <span class='ocrx_word' id='word_1_643' title='bbox 3198 3518 3377 3564; x_wconf 89' lang='lat' dir='ltr'><strong>autem</strong></span> <span class='ocrx_word' id='word_1_644' title='bbox 3417 3507 3617 3563; x_wconf 87' lang='lat' dir='ltr'><strong>acerbe</strong></span> <span class='ocrx_word' id='word_1_645' title='bbox 3647 3515 3722 3558; x_wconf 84' lang='lat' dir='ltr'><strong>tu-</strong></span> 
     </span>
    </p>
   </div>
   <div class='ocr_carea' id='block_1_89' title="bbox 2158 3600 3719 3681">
    <p class='ocr_par' dir='ltr' id='par_1_89' title="bbox 2158 3600 3719 3681">
     <span class='ocr_line' id='line_1_89' title="bbox 2158 3600 3719 3681; baseline -0.012 -16"><span class='ocrx_word' id='word_1_646' title='bbox 2158 3612 2236 3675; x_wconf 91' lang='lat' dir='ltr'><strong>lit,</strong></span> <span class='ocrx_word' id='word_1_647' title='bbox 2265 3609 2359 3681; x_wconf 90' lang='lat' dir='ltr'><strong>qui</strong></span> <span class='ocrx_word' id='word_1_648' title='bbox 2398 3608 2469 3663; x_wconf 90' lang='lat' dir='ltr'><strong>ob</strong></span> <span class='ocrx_word' id='word_1_649' title='bbox 2501 3621 2660 3662; x_wconf 88' lang='lat' dir='ltr'><strong>suam</strong></span> <span class='ocrx_word' id='word_1_650' title='bbox 2689 3603 2996 3659; x_wconf 88' lang='lat' dir='ltr'><strong>vecordiam</strong></span> <span class='ocrx_word' id='word_1_651' title='bbox 3023 3600 3272 3656; x_wconf 83' lang='lat' dir='ltr'><strong>beneﬁcii</strong></span> <span class='ocrx_word' id='word_1_652' title='bbox 3310 3607 3595 3653; x_wconf 89' lang='lat' dir='ltr'><strong>auctorem</strong></span> <span class='ocrx_word' id='word_1_653' title='bbox 3625 3610 3719 3648; x_wconf 90' lang='lat' dir='ltr'><strong>non</strong></span> 
     </span>
    </p>
   </div>
   <div class='ocr_carea' id='block_1_90' title="bbox 2157 3682 3717 3771">
    <p class='ocr_par' dir='ltr' id='par_1_90' title="bbox 2157 3682 3717 3771">
     <span class='ocr_line' id='line_1_90' title="bbox 2157 3682 3717 3771; baseline -0.013 -15"><span class='ocrx_word' id='word_1_654' title='bbox 2157 3706 2513 3771; x_wconf 88' lang='lat' dir='ltr'><strong>agnoverant,</strong></span> <span class='ocrx_word' id='word_1_655' title='bbox 2560 3695 2656 3751; x_wconf 93' lang='lat' dir='ltr'><strong>sed</strong></span> <span class='ocrx_word' id='word_1_656' title='bbox 2693 3694 2982 3749; x_wconf 78' lang='lat' dir='ltr'><strong>sanitatem</strong></span> <span class='ocrx_word' id='word_1_657' title='bbox 3013 3707 3045 3745; x_wconf 90' lang='lat' dir='ltr'><strong>a</strong></span> <span class='ocrx_word' id='word_1_658' title='bbox 3092 3690 3242 3760; x_wconf 89' lang='lat' dir='ltr'><strong>lepra</strong></span> <span class='ocrx_word' id='word_1_659' title='bbox 3280 3703 3445 3743; x_wconf 87' lang='lat' dir='ltr'><strong>suam</strong></span> <span class='ocrx_word' id='word_1_660' title='bbox 3471 3727 3485 3754; x_wconf 90' lang='lat'><strong>,</strong></span> <span class='ocrx_word' id='word_1_661' title='bbox 3518 3682 3717 3741; x_wconf 84' lang='lat' dir='ltr'><strong>sananti</strong></span> 
     </span>
    </p>
   </div>
   <div class='ocr_carea' id='block_1_91' title="bbox 2156 3776 3720 3865">
    <p class='ocr_par' dir='ltr' id='par_1_91' title="bbox 2156 3776 3720 3865">
     <span class='ocr_line' id='line_1_91' title="bbox 2156 3776 3720 3865; baseline -0.015 -16"><span class='ocrx_word' id='word_1_662' title='bbox 2156 3790 2529 3865; x_wconf 62' lang='lat' dir='ltr'><strong>praetulerunt.</strong></span> <span class='ocrx_word' id='word_1_663' title='bbox 2572 3787 2785 3856; x_wconf 85' lang='lat' dir='ltr'><strong>Quippe</strong></span> <span class='ocrx_word' id='word_1_664' title='bbox 2819 3799 2889 3839; x_wconf 81' lang='lat' dir='ltr'><strong>ex</strong></span> <span class='ocrx_word' id='word_1_665' title='bbox 2922 3784 3008 3839; x_wconf 91' lang='lat' dir='ltr'><strong>bis</strong></span> <span class='ocrx_word' id='word_1_666' title='bbox 3046 3797 3211 3847; x_wconf 91' lang='lat' dir='ltr'><strong>unus,</strong></span> <span class='ocrx_word' id='word_1_667' title='bbox 3248 3780 3469 3850; x_wconf 86' lang='lat' dir='ltr'><strong>cognita</strong></span> <span class='ocrx_word' id='word_1_668' title='bbox 3516 3776 3720 3848; x_wconf 83' lang='lat' dir='ltr'><strong>propria</strong></span> 
     </span>
    </p>
   </div>
   <div class='ocr_carea' id='block_1_92' title="bbox 2159 3867 3722 3952">
    <p class='ocr_par' dir='ltr' id='par_1_92' title="bbox 2159 3867 3722 3952">
     <span class='ocr_line' id='line_1_92' title="bbox 2159 3867 3722 3952; baseline -0.015 -11"><span class='ocrx_word' id='word_1_669' title='bbox 2159 3885 2411 3949; x_wconf 83' lang='lat' dir='ltr'><strong>sanitate,</strong></span> <span class='ocrx_word' id='word_1_670' title='bbox 2444 3895 2730 3952; x_wconf 87' lang='lat' dir='ltr'><strong>regressus</strong></span> <span class='ocrx_word' id='word_1_671' title='bbox 2776 3886 2861 3932; x_wconf 91' lang='lat' dir='ltr'><strong>est</strong></span> <span class='ocrx_word' id='word_1_672' title='bbox 2909 3888 3106 3945; x_wconf 88' lang='lat' dir='ltr'><strong>magna</strong></span> <span class='ocrx_word' id='word_1_673' title='bbox 3134 3871 3306 3927; x_wconf 89' lang='lat' dir='ltr'><strong>Deum</strong></span> <span class='ocrx_word' id='word_1_674' title='bbox 3342 3885 3484 3926; x_wconf 87' lang='lat' dir='ltr'><strong>voce</strong></span> <span class='ocrx_word' id='word_1_675' title='bbox 3533 3867 3722 3924; x_wconf 84' lang='lat' dir='ltr'><strong>collau-</strong></span> 
     </span>
    </p>
   </div>
   <div class='ocr_carea' id='block_1_93' title="bbox 2159 3960 3721 4043">
    <p class='ocr_par' dir='ltr' id='par_1_93' title="bbox 2159 3960 3721 4043">
     <span class='ocr_line' id='line_1_93' title="bbox 2159 3960 3721 4043; baseline -0.014 -10"><span class='ocrx_word' id='word_1_676' title='bbox 2159 3977 2329 4043; x_wconf 90' lang='lat' dir='ltr'><strong>dans;</strong></span> <span class='ocrx_word' id='word_1_677' title='bbox 2375 3982 2431 4030; x_wconf 86' lang='lat' dir='ltr'><strong>et</strong></span> <span class='ocrx_word' id='word_1_678' title='bbox 2470 3974 2537 4029; x_wconf 83' lang='lat' dir='ltr'><strong>ad</strong></span> <span class='ocrx_word' id='word_1_679' title='bbox 2581 3971 2712 4029; x_wconf 71' lang='lat' dir='ltr'><strong>Iesu</strong></span> <span class='ocrx_word' id='word_1_680' title='bbox 2751 3970 2915 4042; x_wconf 88' lang='lat' dir='ltr'><strong>pedes</strong></span> <span class='ocrx_word' id='word_1_681' title='bbox 2957 3967 3222 4036; x_wconf 87' lang='lat' dir='ltr'><strong>abjeetus,</strong></span> <span class='ocrx_word' id='word_1_682' title='bbox 3258 3964 3469 4036; x_wconf 84' lang='lat' dir='ltr'><strong>gratias</strong></span> <span class='ocrx_word' id='word_1_683' title='bbox 3514 3962 3565 4017; x_wconf 91' lang='lat' dir='ltr'><strong>ei</strong></span> <span class='ocrx_word' id='word_1_684' title='bbox 3591 3960 3721 4030; x_wconf 86' lang='lat' dir='ltr'><strong>egit;</strong></span> 
     </span>
    </p>
   </div>
   <div class='ocr_carea' id='block_1_94' title="bbox 2158 4053 3721 4124">
    <p class='ocr_par' dir='ltr' id='par_1_94' title="bbox 2158 4053 3721 4124">
     <span class='ocr_line' id='line_1_94' title="bbox 2158 4053 3721 4124; baseline -0.013 0"><span class='ocrx_word' id='word_1_685' title='bbox 2158 4078 2275 4124; x_wconf 83' lang='lat' dir='ltr'><strong>erat</strong></span> <span class='ocrx_word' id='word_1_686' title='bbox 2303 4075 2484 4123; x_wconf 88' lang='lat' dir='ltr'><strong>autem</strong></span> <span class='ocrx_word' id='word_1_687' title='bbox 2532 4065 2625 4121; x_wconf 88' lang='lat' dir='ltr'><strong>hic</strong></span> <span class='ocrx_word' id='word_1_688' title='bbox 2667 4062 3067 4119; x_wconf 86' lang='lat' dir='ltr'><strong>Samaritanus.</strong></span> <span class='ocrx_word' id='word_1_689' title='bbox 3099 4057 3262 4114; x_wconf 83' lang='lat' dir='ltr'><strong>Jesus</strong></span> <span class='ocrx_word' id='word_1_690' title='bbox 3287 4071 3423 4111; x_wconf 88' lang='lat' dir='ltr'><strong>vero</strong></span> <span class='ocrx_word' id='word_1_691' title='bbox 3456 4053 3721 4124; x_wconf 88' lang='lat' dir='ltr'><strong>respondit</strong></span> 
     </span>
    </p>
   </div>
   <div class='ocr_carea' id='block_1_95' title="bbox 2160 4147 3722 4220">
    <p class='ocr_par' dir='ltr' id='par_1_95' title="bbox 2160 4147 3722 4220">
     <span class='ocr_line' id='line_1_95' title="bbox 2160 4147 3722 4220; baseline -0.012 -4"><span class='ocrx_word' id='word_1_692' title='bbox 2160 4160 2347 4217; x_wconf 90' lang='lat' dir='ltr'><strong>dicens</strong></span> <span class='ocrx_word' id='word_1_693' title='bbox 2364 4159 2407 4192; x_wconf 69' lang='grc'>⁸⁷</span> <span class='ocrx_word' id='word_1_694' title='bbox 2434 4176 2448 4212; x_wconf 88' lang='lat'><strong>:</strong></span> <span class='ocrx_word' id='word_1_695' title='bbox 2477 4175 2498 4210; x_wconf 83' lang='lat'><strong>(</strong></span> <span class='ocrx_word' id='word_1_696' title='bbox 2526 4156 2719 4212; x_wconf 85' lang='lat' dir='ltr'><strong>Nonne</strong></span> <span class='ocrx_word' id='word_1_697' title='bbox 2741 4156 2929 4211; x_wconf 88' lang='lat' dir='ltr'><strong>decem</strong></span> <span class='ocrx_word' id='word_1_698' title='bbox 2958 4150 3204 4207; x_wconf 89' lang='lat' dir='ltr'><strong>mundati</strong></span> <span class='ocrx_word' id='word_1_699' title='bbox 3228 4148 3392 4204; x_wconf 83' lang='lat' dir='ltr'><strong>sunt?</strong></span> <span class='ocrx_word' id='word_1_700' title='bbox 3409 4147 3523 4220; x_wconf 70' lang='lat'><strong>63</strong></span> <span class='ocrx_word' id='word_1_701' title='bbox 3545 4157 3722 4199; x_wconf 78' lang='lat' dir='ltr'><strong>novent</strong></span> 
     </span>
    </p>
   </div>
   <div class='ocr_carea' id='block_1_96' title="bbox 2161 4238 3719 4311">
    <p class='ocr_par' dir='ltr' id='par_1_96' title="bbox 2161 4238 3719 4311">
     <span class='ocr_line' id='line_1_96' title="bbox 2161 4238 3719 4311; baseline -0.014 -2"><span class='ocrx_word' id='word_1_702' title='bbox 2161 4262 2343 4309; x_wconf 82' lang='lat' dir='ltr'><strong>autem</strong></span> <span class='ocrx_word' id='word_1_703' title='bbox 2382 4251 2458 4306; x_wconf 89' lang='lat' dir='ltr'><strong>illi</strong></span> <span class='ocrx_word' id='word_1_704' title='bbox 2490 4247 2751 4305; x_wconf 77' lang='lat' dir='ltr'><strong>ubinam?</strong></span> <span class='ocrx_word' id='word_1_705' title='bbox 2774 4244 2896 4301; x_wconf 87' lang='lat' dir='ltr'><strong>Non</strong></span> <span class='ocrx_word' id='word_1_706' title='bbox 2927 4245 3130 4300; x_wconf 91' lang='lat' dir='ltr'><strong>inventi</strong></span> <span class='ocrx_word' id='word_1_707' title='bbox 3171 4249 3303 4298; x_wconf 83' lang='lat' dir='ltr'><strong>sunt</strong></span> <span class='ocrx_word' id='word_1_708' title='bbox 3347 4241 3446 4311; x_wconf 90' lang='lat' dir='ltr'><strong>qui</strong></span> <span class='ocrx_word' id='word_1_709' title='bbox 3478 4238 3719 4297; x_wconf 83' lang='lat' dir='ltr'><strong>redirent,</strong></span> 
     </span>
    </p>
   </div>
   <div class='ocr_carea' id='block_1_97' title="bbox 2160 4328 3723 4415">
    <p class='ocr_par' dir='ltr' id='par_1_97' title="bbox 2160 4328 3723 4415">
     <span class='ocr_line' id='line_1_97' title="bbox 2160 4328 3723 4415; baseline -0.014 -13"><span class='ocrx_word' id='word_1_710' title='bbox 2160 4356 2217 4402; x_wconf 87' lang='lat' dir='ltr'><strong>et</strong></span> <span class='ocrx_word' id='word_1_711' title='bbox 2240 4345 2434 4400; x_wconf 88' lang='lat' dir='ltr'><strong>darent</strong></span> <span class='ocrx_word' id='word_1_712' title='bbox 2474 4342 2705 4415; x_wconf 87' lang='lat' dir='ltr'><strong>gloriam</strong></span> <span class='ocrx_word' id='word_1_713' title='bbox 2753 4340 2888 4402; x_wconf 87' lang='lat' dir='ltr'><strong>Deo,</strong></span> <span class='ocrx_word' id='word_1_714' title='bbox 2923 4336 3029 4394; x_wconf 87' lang='lat' dir='ltr'><strong>nisi</strong></span> <span class='ocrx_word' id='word_1_715' title='bbox 3081 4337 3171 4392; x_wconf 85' lang='lat' dir='ltr'><strong>hic</strong></span> <span class='ocrx_word' id='word_1_716' title='bbox 3216 4332 3557 4404; x_wconf 82' lang='lat' dir='ltr'><strong>alienigena?</strong></span> <span class='ocrx_word' id='word_1_717' title='bbox 3590 4350 3609 4382; x_wconf 73' lang='grc' dir='ltr'><strong><em>ι</em></strong></span> <span class='ocrx_word' id='word_1_718' title='bbox 3643 4328 3723 4383; x_wconf 80' lang='lat' dir='ltr'><strong>Ille</strong></span> 
     </span>
    </p>
   </div>
   <div class='ocr_carea' id='block_1_98' title="bbox 2086 4420 3722 4513">
    <p class='ocr_par' dir='ltr' id='par_1_98' title="bbox 2086 4420 3722 4513">
     <span class='ocr_line' id='line_1_98' title="bbox 2086 4420 3722 4513; baseline -0.013 -20"><span class='ocrx_word' id='word_1_719' title='bbox 2086 4452 2138 4513; x_wconf 76' lang='grc' dir='ltr'><strong>ι)</strong></span> <span class='ocrx_word' id='word_1_720' title='bbox 2162 4452 2293 4492; x_wconf 88' lang='lat' dir='ltr'><strong>vero</strong></span> <span class='ocrx_word' id='word_1_721' title='bbox 2321 4435 2416 4506; x_wconf 89' lang='lat' dir='ltr'><strong>qui</strong></span> <span class='ocrx_word' id='word_1_722' title='bbox 2444 4433 2738 4489; x_wconf 89' lang='lat' dir='ltr'><strong>mundatus</strong></span> <span class='ocrx_word' id='word_1_723' title='bbox 2784 4431 2931 4501; x_wconf 87' lang='lat' dir='ltr'><strong>lepra</strong></span> <span class='ocrx_word' id='word_1_724' title='bbox 2963 4428 3161 4493; x_wconf 91' lang='lat' dir='ltr'><strong>fuerat,</strong></span> <span class='ocrx_word' id='word_1_725' title='bbox 3187 4426 3359 4481; x_wconf 89' lang='lat' dir='ltr'><strong>audiit</strong></span> <span class='ocrx_word' id='word_1_726' title='bbox 3386 4441 3502 4495; x_wconf 67' lang='lat' dir='ltr'><strong>pra</strong></span> <span class='ocrx_word' id='word_1_727' title='bbox 3531 4420 3722 4479; x_wconf 62' lang='lat' dir='ltr'><strong>ceteris</strong></span> 
     </span>
    </p>
   </div>
   <div class='ocr_carea' id='block_1_99' title="bbox 2164 4512 3723 4597">
    <p class='ocr_par' dir='ltr' id='par_1_99' title="bbox 2164 4512 3723 4597">
     <span class='ocr_line' id='line_1_99' title="bbox 2164 4512 3723 4597; baseline -0.015 -10"><span class='ocrx_word' id='word_1_728' title='bbox 2164 4547 2196 4587; x_wconf 71' lang='grc' dir='ltr'>ι</span> <span class='ocrx_word' id='word_1_729' title='bbox 2222 4529 2453 4585; x_wconf 91' lang='lat' dir='ltr'><strong>Domino</strong></span> <span class='ocrx_word' id='word_1_730' title='bbox 2481 4545 2497 4584; x_wconf 91' lang='lat'><strong>:</strong></span> <span class='ocrx_word' id='word_1_731' title='bbox 2538 4546 2558 4579; x_wconf 74' lang='grc' dir='ltr'>ι</span> <span class='ocrx_word' id='word_1_732' title='bbox 2593 4526 2802 4597; x_wconf 86' lang='lat' dir='ltr'><strong>Surge,</strong></span> <span class='ocrx_word' id='word_1_733' title='bbox 2829 4522 3000 4588; x_wconf 86' lang='lat' dir='ltr'><strong>vade;</strong></span> <span class='ocrx_word' id='word_1_734' title='bbox 3032 4521 3168 4577; x_wconf 83' lang='lat' dir='ltr'><strong>fides</strong></span> <span class='ocrx_word' id='word_1_735' title='bbox 3195 4530 3287 4575; x_wconf 88' lang='lat' dir='ltr'><strong>tua</strong></span> <span class='ocrx_word' id='word_1_736' title='bbox 3316 4518 3534 4573; x_wconf 85' lang='lat' dir='ltr'><strong>salvum</strong></span> <span class='ocrx_word' id='word_1_737' title='bbox 3576 4527 3625 4570; x_wconf 91' lang='lat' dir='ltr'><strong>te</strong></span> <span class='ocrx_word' id='word_1_738' title='bbox 3656 4512 3723 4565; x_wconf 83' lang='lat' dir='ltr'><strong>fe-</strong></span> 
     </span>
    </p>
   </div>
   <div class='ocr_carea' id='block_1_100' title="bbox 2167 4606 3723 4690">
    <p class='ocr_par' dir='ltr' id='par_1_100' title="bbox 2167 4606 3723 4690">
     <span class='ocr_line' id='line_1_100' title="bbox 2167 4606 3723 4690; baseline -0.015 -12"><span class='ocrx_word' id='word_1_739' title='bbox 2167 4622 2243 4678; x_wconf 89' lang='lat' dir='ltr'><strong>cit</strong></span> <span class='ocrx_word' id='word_1_740' title='bbox 2260 4620 2330 4675; x_wconf 75' lang='lat'><strong>“.</strong></span> <span class='ocrx_word' id='word_1_741' title='bbox 2364 4639 2384 4674; x_wconf 70' lang='grc' dir='ltr'><strong><em>ι</em></strong></span> <span class='ocrx_word' id='word_1_742' title='bbox 2409 4619 2531 4675; x_wconf 83' lang='lat' dir='ltr'><strong>Jam</strong></span> <span class='ocrx_word' id='word_1_743' title='bbox 2560 4619 2656 4690; x_wconf 91' lang='lat' dir='ltr'><strong>qui</strong></span> <span class='ocrx_word' id='word_1_744' title='bbox 2681 4617 2883 4688; x_wconf 87' lang='lat' dir='ltr'><strong>gratias</strong></span> <span class='ocrx_word' id='word_1_745' title='bbox 2924 4616 3057 4686; x_wconf 86' lang='lat' dir='ltr'><strong>agit,</strong></span> <span class='ocrx_word' id='word_1_746' title='bbox 3098 4623 3152 4668; x_wconf 90' lang='lat' dir='ltr'><strong>et</strong></span> <span class='ocrx_word' id='word_1_747' title='bbox 3182 4611 3276 4682; x_wconf 90' lang='lat' dir='ltr'><strong>qui</strong></span> <span class='ocrx_word' id='word_1_748' title='bbox 3304 4610 3515 4676; x_wconf 87' lang='lat' dir='ltr'><strong>laudat,</strong></span> <span class='ocrx_word' id='word_1_749' title='bbox 3543 4606 3723 4661; x_wconf 84' lang='lat' dir='ltr'><strong>fratres</strong></span> 
     </span>
    </p>
   </div>
   <div class='ocr_carea' id='block_1_101' title="bbox 2165 4699 3724 4782">
    <p class='ocr_par' dir='ltr' id='par_1_101' title="bbox 2165 4699 3724 4782">
     <span class='ocr_line' id='line_1_101' title="bbox 2165 4699 3724 4782; baseline -0.012 -13"><span class='ocrx_word' id='word_1_750' title='bbox 2165 4714 2335 4769; x_wconf 89' lang='lat' dir='ltr'><strong>veluti</strong></span> <span class='ocrx_word' id='word_1_751' title='bbox 2363 4720 2509 4778; x_wconf 87' lang='lat' dir='ltr'><strong>sunt,</strong></span> <span class='ocrx_word' id='word_1_752' title='bbox 2535 4711 2629 4782; x_wconf 90' lang='lat' dir='ltr'><strong>qui</strong></span> <span class='ocrx_word' id='word_1_753' title='bbox 2671 4709 2903 4764; x_wconf 88' lang='lat' dir='ltr'><strong>invicem</strong></span> <span class='ocrx_word' id='word_1_754' title='bbox 2936 4706 3253 4775; x_wconf 88' lang='lat' dir='ltr'><strong>conspirant</strong></span> <span class='ocrx_word' id='word_1_755' title='bbox 3296 4702 3366 4758; x_wconf 89' lang='lat' dir='ltr'><strong>ad</strong></span> <span class='ocrx_word' id='word_1_756' title='bbox 3414 4699 3724 4757; x_wconf 89' lang='lat' dir='ltr'><strong>benedicen-</strong></span> 
     </span>
    </p>
   </div>
   <div class='ocr_carea' id='block_1_102' title="bbox 2169 4787 3722 4868">
    <p class='ocr_par' dir='ltr' id='par_1_102' title="bbox 2169 4787 3722 4868">
     <span class='ocr_line' id='line_1_102' title="bbox 2169 4787 3722 4868; baseline -0.015 -6"><span class='ocrx_word' id='word_1_757' title='bbox 2169 4807 2299 4863; x_wconf 90' lang='lat' dir='ltr'><strong>dum</strong></span> <span class='ocrx_word' id='word_1_758' title='bbox 2346 4804 2539 4860; x_wconf 76' lang='lat' dir='ltr'><strong>auxilii</strong></span> <span class='ocrx_word' id='word_1_759' title='bbox 2586 4801 2827 4868; x_wconf 85' lang='lat' dir='ltr'><strong>auctori,</strong></span> <span class='ocrx_word' id='word_1_760' title='bbox 2874 4801 2947 4856; x_wconf 92' lang='lat' dir='ltr'><strong>ob</strong></span> <span class='ocrx_word' id='word_1_761' title='bbox 2987 4814 3053 4853; x_wconf 89' lang='lat' dir='ltr'><strong>ea</strong></span> <span class='ocrx_word' id='word_1_762' title='bbox 3102 4812 3226 4868; x_wconf 75' lang='lat' dir='ltr'><strong>qua:</strong></span> <span class='ocrx_word' id='word_1_763' title='bbox 3263 4796 3497 4851; x_wconf 89' lang='lat' dir='ltr'><strong>feliciter</strong></span> <span class='ocrx_word' id='word_1_764' title='bbox 3535 4787 3722 4861; x_wconf 67' lang='lat' dir='ltr'><strong>esperti</strong></span> 
     </span>
    </p>
   </div>
   <div class='ocr_carea' id='block_1_103' title="bbox 2170 4880 3722 4960">
    <p class='ocr_par' dir='ltr' id='par_1_103' title="bbox 2170 4880 3722 4960">
     <span class='ocr_line' id='line_1_103' title="bbox 2170 4880 3722 4960; baseline -0.012 -10"><span class='ocrx_word' id='word_1_765' title='bbox 2170 4903 2320 4950; x_wconf 89' lang='lat' dir='ltr'><strong>sunt.</strong></span> <span class='ocrx_word' id='word_1_766' title='bbox 2350 4894 2526 4950; x_wconf 90' lang='lat' dir='ltr'><strong>Sicuti</strong></span> <span class='ocrx_word' id='word_1_767' title='bbox 2572 4895 2639 4949; x_wconf 90' lang='lat' dir='ltr'><strong>ad</strong></span> <span class='ocrx_word' id='word_1_768' title='bbox 2685 4892 2793 4947; x_wconf 88' lang='lat' dir='ltr'><strong>hoc</strong></span> <span class='ocrx_word' id='word_1_769' title='bbox 2834 4889 3134 4960; x_wconf 86' lang='lat' dir='ltr'><strong>Apostolus</strong></span> <span class='ocrx_word' id='word_1_770' title='bbox 3167 4898 3610 4956; x_wconf 89' lang='lat' dir='ltr'><strong>unumquemque</strong></span> <span class='ocrx_word' id='word_1_771' title='bbox 3638 4880 3722 4933; x_wconf 83' lang='lat' dir='ltr'><strong>ad-</strong></span> 
     </span>
    </p>
   </div>
   <div class='ocr_carea' id='block_1_104' title="bbox 2166 4980 3725 5047">
    <p class='ocr_par' dir='ltr' id='par_1_104' title="bbox 2166 4980 3725 5047">
     <span class='ocr_line' id='line_1_104' title="bbox 2166 4980 3725 5047; baseline -0.012 -3"><span class='ocrx_word' id='word_1_772' title='bbox 2166 4990 2418 5044; x_wconf 88' lang='lat' dir='ltr'><strong>hortatur</strong></span> <span class='ocrx_word' id='word_1_773' title='bbox 2451 4988 2636 5043; x_wconf 90' lang='lat' dir='ltr'><strong>dicens</strong></span> <span class='ocrx_word' id='word_1_774' title='bbox 2663 4987 2706 5020; x_wconf 59' lang='grc' dir='ltr'><strong>ιθ</strong></span> <span class='ocrx_word' id='word_1_775' title='bbox 2742 5004 2756 5042; x_wconf 91' lang='lat'><strong>:</strong></span> <span class='ocrx_word' id='word_1_776' title='bbox 2786 5004 2806 5038; x_wconf 73' lang='grc' dir='ltr'>ι</span> <span class='ocrx_word' id='word_1_777' title='bbox 2841 4984 3151 5040; x_wconf 84' lang='lat' dir='ltr'><strong>Gloriiicate</strong></span> <span class='ocrx_word' id='word_1_778' title='bbox 3184 4980 3353 5035; x_wconf 88' lang='lat' dir='ltr'><strong>Deum</strong></span> <span class='ocrx_word' id='word_1_779' title='bbox 3394 4989 3619 5047; x_wconf 86' lang='lat' dir='ltr'><strong>corpore</strong></span> <span class='ocrx_word' id='word_1_780' title='bbox 3646 4985 3725 5024; x_wconf 82' lang='lat' dir='ltr'><strong>ve-</strong></span> 
     </span>
    </p>
   </div>
   <div class='ocr_carea' id='block_1_105' title="bbox 2166 5062 3724 5150">
    <p class='ocr_par' dir='ltr' id='par_1_105' title="bbox 2166 5062 3724 5150">
     <span class='ocr_line' id='line_1_105' title="bbox 2166 5062 3724 5150; baseline -0.015 -12"><span class='ocrx_word' id='word_1_781' title='bbox 2166 5092 2301 5138; x_wconf 88' lang='lat' dir='ltr'><strong>stro.</strong></span> <span class='ocrx_word' id='word_1_782' title='bbox 2336 5102 2354 5134; x_wconf 86' lang='grc'>›</span> <span class='ocrx_word' id='word_1_783' title='bbox 2384 5080 2455 5135; x_wconf 87' lang='lat' dir='ltr'><strong>Et</strong></span> <span class='ocrx_word' id='word_1_784' title='bbox 2501 5079 2768 5150; x_wconf 83' lang='lat' dir='ltr'><strong>Propheta</strong></span> <span class='ocrx_word' id='word_1_785' title='bbox 2810 5078 2866 5132; x_wconf 92' lang='lat' dir='ltr'><strong>id</strong></span> <span class='ocrx_word' id='word_1_786' title='bbox 2908 5076 3149 5130; x_wconf 84' lang='lat' dir='ltr'><strong>inculcat</strong></span> <span class='ocrx_word' id='word_1_787' title='bbox 3190 5073 3376 5128; x_wconf 81' lang='lat' dir='ltr'><strong>dicens</strong></span> <span class='ocrx_word' id='word_1_788' title='bbox 3405 5071 3452 5102; x_wconf 80' lang='lat'><strong>“</strong></span> <span class='ocrx_word' id='word_1_789' title='bbox 3497 5085 3563 5122; x_wconf 76' lang='grc' dir='ltr'><strong>τι</strong></span> <span class='ocrx_word' id='word_1_790' title='bbox 3609 5062 3724 5117; x_wconf 60' lang='lat' dir='ltr'><strong>Date</strong></span> 
     </span>
    </p>
   </div>
   <div class='ocr_carea' id='block_1_106' title="bbox 2166 5151 3724 5227">
    <p class='ocr_par' dir='ltr' id='par_1_106' title="bbox 2166 5151 3724 5227">
     <span class='ocr_line' id='line_1_106' title="bbox 2166 5151 3724 5227; baseline -0.012 0"><span class='ocrx_word' id='word_1_791' title='bbox 2166 5173 2385 5227; x_wconf 88' lang='lat' dir='ltr'><strong>laudem</strong></span> <span class='ocrx_word' id='word_1_792' title='bbox 2432 5170 2562 5226; x_wconf 90' lang='lat' dir='ltr'><strong>Deo.</strong></span> <span class='ocrx_word' id='word_1_793' title='bbox 2603 5189 2621 5222; x_wconf 70' lang='grc' dir='ltr'><strong>ο</strong></span> <span class='ocrx_word' id='word_1_794' title='bbox 2662 5169 2777 5225; x_wconf 89' lang='lat' dir='ltr'><strong>Etsi</strong></span> <span class='ocrx_word' id='word_1_795' title='bbox 2814 5176 2997 5222; x_wconf 88' lang='lat' dir='ltr'><strong>autem</strong></span> <span class='ocrx_word' id='word_1_796' title='bbox 3041 5162 3417 5219; x_wconf 91' lang='lat' dir='ltr'><strong>testimonium</strong></span> <span class='ocrx_word' id='word_1_797' title='bbox 3470 5176 3503 5214; x_wconf 87' lang='lat' dir='ltr'><strong>a</strong></span> <span class='ocrx_word' id='word_1_798' title='bbox 3540 5151 3724 5223; x_wconf 78' lang='lat' dir='ltr'><strong>Caipha</strong></span> 
     </span>
    </p>
   </div>
   <div class='ocr_carea' id='block_1_107' title="bbox 566 5317 2043 5397">
    <p class='ocr_par' dir='ltr' id='par_1_107' title="bbox 566 5330 2043 5397">
     <span class='ocr_line' id='line_1_107' title="bbox 566 5330 2043 5397; baseline -0.009 -4"><span class='ocrx_word' id='word_1_799' title='bbox 566 5335 614 5370; x_wconf 82' lang='grc'><strong>⁸⁸</strong></span> <span class='ocrx_word' id='word_1_800' title='bbox 639 5334 797 5392; x_wconf 82' lang='lat' dir='ltr'><strong>Dent.</strong></span> <span class='ocrx_word' id='word_1_801' title='bbox 832 5350 945 5397; x_wconf 70' lang='lat' dir='ltr'><strong>ut,</strong></span> <span class='ocrx_word' id='word_1_802' title='bbox 973 5336 1028 5389; x_wconf 76' lang='lat' dir='ltr'><strong>l.</strong></span> <span class='ocrx_word' id='word_1_803' title='bbox 1102 5334 1147 5367; x_wconf 78' lang='lat'>”</span> <span class='ocrx_word' id='word_1_804' title='bbox 1178 5332 1391 5388; x_wconf 87' lang='lat' dir='ltr'><strong>Nabum</strong></span> <span class='ocrx_word' id='word_1_805' title='bbox 1428 5349 1468 5397; x_wconf 84' lang='grc' dir='ltr'><strong>ι,</strong></span> <span class='ocrx_word' id='word_1_806' title='bbox 1514 5333 1600 5389; x_wconf 80' lang='lat' dir='ltr'><strong>l5.</strong></span> <span class='ocrx_word' id='word_1_807' title='bbox 1678 5332 1722 5364; x_wconf 70' lang='grc'><strong>⁵⁸</strong></span> <span class='ocrx_word' id='word_1_808' title='bbox 1746 5330 1880 5386; x_wconf 90' lang='lat' dir='ltr'><strong>Luc.</strong></span> <span class='ocrx_word' id='word_1_809' title='bbox 1916 5342 2043 5390; x_wconf 68' lang='lat' dir='ltr'><strong>xxu,</strong></span> 
     </span>
    </p>
   </div>
   <div class='ocr_carea' id='block_1_108' title="bbox 2150 5317 3719 5397">
    <p class='ocr_par' dir='ltr' id='par_1_108' title="bbox 2150 5317 3719 5397">
     <span class='ocr_line' id='line_1_108' title="bbox 2150 5317 3719 5397; baseline -0.008 -8"><span class='ocrx_word' id='word_1_810' title='bbox 2150 5326 2294 5387; x_wconf 58' lang='lat'><strong>3.16.</strong></span> <span class='ocrx_word' id='word_1_811' title='bbox 2371 5323 2465 5397; x_wconf 77' lang='lat'>&quot;!</span> <span class='ocrx_word' id='word_1_812' title='bbox 2517 5328 2645 5385; x_wconf 88' lang='lat' dir='ltr'><strong>Cor.</strong></span> <span class='ocrx_word' id='word_1_813' title='bbox 2688 5342 2744 5391; x_wconf 88' lang='lat' dir='ltr'><strong>v,</strong></span> <span class='ocrx_word' id='word_1_814' title='bbox 2787 5322 2848 5397; x_wconf 38' lang='grc' dir='ltr'><strong>βλ</strong></span> <span class='ocrx_word' id='word_1_815' title='bbox 2916 5321 3387 5397; x_wconf 65' lang='lat' dir='ltr'><strong>‘_&#39;_Joan.rv_,_24_._</strong></span> <span class='ocrx_word' id='word_1_816' title='bbox 3440 5317 3719 5397; x_wconf 33' lang='lat' dir='ltr'><strong>“.Qalglv.</strong></span> 
     </span>
    </p>
   </div>
   <div class='ocr_carea' id='block_1_109' title="bbox 503 5386 2043 5473">
    <p class='ocr_par' dir='ltr' id='par_1_109' title="bbox 503 5386 2043 5473">
     <span class='ocr_line' id='line_1_109' title="bbox 503 5386 2043 5473; baseline -0.005 -13"><span class='ocrx_word' id='word_1_817' title='bbox 503 5407 591 5473; x_wconf 79' lang='lat' dir='ltr'><strong>to,</strong></span> <span class='ocrx_word' id='word_1_818' title='bbox 633 5386 1061 5460; x_wconf 57' lang='grc' dir='ltr'><strong>ῖ1’.“”“”ἱ’ὶ]ξ›ὶ.</strong></span> <span class='ocrx_word' id='word_1_819' title='bbox 1107 5386 1723 5468; x_wconf 40' lang='lat' dir='ltr'><strong>“afannas...</strong></span> <span class='ocrx_word' id='word_1_820' title='bbox 1757 5402 1844 5457; x_wconf 77' lang='lat' dir='ltr'><strong>tt.</strong></span> <span class='ocrx_word' id='word_1_821' title='bbox 1920 5401 1967 5431; x_wconf 72' lang='lat'><strong>“</strong></span> <span class='ocrx_word' id='word_1_822' title='bbox 1993 5386 2043 5453; x_wconf 79' lang='lat' dir='ltr'><strong>ts</strong></span> 
     </span>
    </p>
   </div>
   <div class='ocr_carea' id='block_1_110' title="bbox 2150 5386 3713 5473">
    <p class='ocr_par' dir='ltr' id='par_1_110' title="bbox 2158 5386 3713 5465">
     <span class='ocr_line' id='line_1_110' title="bbox 2158 5386 3713 5465; baseline -0.018 -1"><span class='ocrx_word' id='word_1_823' title='bbox 2158 5386 2291 5464; x_wconf 63' lang='lat'><strong>.14.</strong></span> <span class='ocrx_word' id='word_1_824' title='bbox 2368 5397 2413 5429; x_wconf 79' lang='lat'><strong>&quot;</strong></span> <span class='ocrx_word' id='word_1_825' title='bbox 2443 5394 2577 5455; x_wconf 86' lang='lat' dir='ltr'><strong>Luc.</strong></span> <span class='ocrx_word' id='word_1_826' title='bbox 2615 5386 2747 5465; x_wconf 73' lang='lat' dir='ltr'><strong>xvn,</strong></span> <span class='ocrx_word' id='word_1_827' title='bbox 2781 5392 2870 5459; x_wconf 78' lang='lat' dir='ltr'><strong>i7,</strong></span> <span class='ocrx_word' id='word_1_828' title='bbox 2924 5394 3011 5450; x_wconf 79' lang='lat' dir='ltr'><strong>ts.</strong></span> <span class='ocrx_word' id='word_1_829' title='bbox 3089 5386 3414 5448; x_wconf 70' lang='lat' dir='ltr'><strong>“ibid.l9.</strong></span> <span class='ocrx_word' id='word_1_830' title='bbox 3495 5386 3713 5457; x_wconf 64' lang='grc' dir='ltr'><strong>ξοιοοτ.</strong></span> 
     </span>
    </p>
   </div>
   <div class='ocr_carea' id='block_1_111' title="bbox 498 5475 1212 5542">
    <p class='ocr_par' dir='ltr' id='par_1_111' title="bbox 498 5475 1212 5542">
     <span class='ocr_line' id='line_1_111' title="bbox 498 5475 1212 5542; baseline -0.003 -12"><span class='ocrx_word' id='word_1_831' title='bbox 498 5492 575 5542; x_wconf 86' lang='lat' dir='ltr'><strong>vt,</strong></span> <span class='ocrx_word' id='word_1_832' title='bbox 606 5475 700 5532; x_wconf 73' lang='lat'><strong>20.</strong></span> <span class='ocrx_word' id='word_1_833' title='bbox 774 5475 822 5508; x_wconf 82' lang='grc'><strong><em>⁸⁸</em></strong></span> <span class='ocrx_word' id='word_1_834' title='bbox 850 5476 995 5532; x_wconf 84' lang='lat' dir='ltr'><strong>Psal.</strong></span> <span class='ocrx_word' id='word_1_835' title='bbox 1025 5491 1152 5538; x_wconf 81' lang='lat' dir='ltr'><strong>va,</strong></span> <span class='ocrx_word' id='word_1_836' title='bbox 1176 5475 1212 5529; x_wconf 72' lang='grc'>2</span> 
     </span>
    </p>
   </div>
   <div class='ocr_carea' id='block_1_112' title="bbox 574 5652 1947 5724">
    <p class='ocr_par' dir='ltr' id='par_1_112' title="bbox 574 5652 1947 5724">
     <span class='ocr_line' id='line_1_112' title="bbox 574 5652 1947 5724; baseline 0.001 -17"><span class='ocrx_word' id='word_1_837' title='bbox 574 5652 686 5724; x_wconf 59' lang='grc'><strong>(48)</strong></span> <span class='ocrx_word' id='word_1_838' title='bbox 712 5653 769 5724; x_wconf 82' lang='lat' dir='ltr'><strong>In</strong></span> <span class='ocrx_word' id='word_1_839' title='bbox 798 5654 1057 5710; x_wconf 87' lang='lat' dir='ltr'><strong>ehronico</strong></span> <span class='ocrx_word' id='word_1_840' title='bbox 1077 5662 1194 5709; x_wconf 88' lang='lat' dir='ltr'><strong>erat</strong></span> <span class='ocrx_word' id='word_1_841' title='bbox 1231 5653 1479 5718; x_wconf 79' lang='lat' dir='ltr'><strong>Paterno,</strong></span> <span class='ocrx_word' id='word_1_842' title='bbox 1515 5667 1622 5708; x_wconf 89' lang='lat' dir='ltr'><strong>non</strong></span> <span class='ocrx_word' id='word_1_843' title='bbox 1651 5652 1947 5724; x_wconf 81' lang='lat' dir='ltr'><strong>Philagrio.</strong></span> 
     </span>
    </p>
   </div>
   <div class='ocr_carea' id='block_1_113' title="bbox 574 5722 2067 5796">
    <p class='ocr_par' dir='ltr' id='par_1_113' title="bbox 574 5722 2067 5796">
     <span class='ocr_line' id='line_1_113' title="bbox 574 5722 2067 5796; baseline 0.004 -21"><span class='ocrx_word' id='word_1_844' title='bbox 574 5722 686 5796; x_wconf 71' lang='lat'><strong>(49)</strong></span> <span class='ocrx_word' id='word_1_845' title='bbox 720 5723 892 5795; x_wconf 77' lang='lat' dir='ltr'><strong>Syrus</strong></span> <span class='ocrx_word' id='word_1_846' title='bbox 917 5735 1125 5780; x_wconf 87' lang='lat' dir='ltr'><strong>tantum</strong></span> <span class='ocrx_word' id='word_1_847' title='bbox 1151 5740 1420 5788; x_wconf 78' lang='lat' dir='ltr'><strong>novarum,</strong></span> <span class='ocrx_word' id='word_1_848' title='bbox 1452 5733 1510 5780; x_wconf 90' lang='lat' dir='ltr'><strong>ut</strong></span> <span class='ocrx_word' id='word_1_849' title='bbox 1532 5725 1753 5781; x_wconf 66' lang='lat' dir='ltr'><strong>Graecus</strong></span> <span class='ocrx_word' id='word_1_850' title='bbox 1778 5722 1938 5789; x_wconf 68' lang='grc' dir='ltr'><strong>νέων,</strong></span> <span class='ocrx_word' id='word_1_851' title='bbox 1970 5722 2067 5781; x_wconf 88' lang='lat' dir='ltr'><strong>sed</strong></span> 
     </span>
    </p>
   </div>
   <div class='ocr_carea' id='block_1_114' title="bbox 2173 5644 3715 5722">
    <p class='ocr_par' dir='ltr' id='par_1_114' title="bbox 2173 5644 3715 5722">
     <span class='ocr_line' id='line_1_114' title="bbox 2173 5644 3715 5722; baseline -0.008 -15"><span class='ocrx_word' id='word_1_852' title='bbox 2173 5649 2600 5722; x_wconf 85' lang='lat' dir='ltr'><strong>subintelligitur</strong></span> <span class='ocrx_word' id='word_1_853' title='bbox 2620 5650 2856 5722; x_wconf 74' lang='lat' dir='ltr'><strong>frugum.</strong></span> <span class='ocrx_word' id='word_1_854' title='bbox 2893 5650 2985 5708; x_wconf 89' lang='lat' dir='ltr'><strong>Sic</strong></span> <span class='ocrx_word' id='word_1_855' title='bbox 3021 5648 3308 5708; x_wconf 86' lang='lat' dir='ltr'><strong>dicendum</strong></span> <span class='ocrx_word' id='word_1_856' title='bbox 3345 5646 3448 5702; x_wconf 81' lang='lat' dir='ltr'><strong>fuit</strong></span> <span class='ocrx_word' id='word_1_857' title='bbox 3483 5644 3639 5701; x_wconf 86' lang='lat' dir='ltr'><strong>etiam</strong></span> <span class='ocrx_word' id='word_1_858' title='bbox 3672 5652 3715 5689; x_wconf 78' lang='lat' dir='ltr'><strong>In</strong></span> 
     </span>
    </p>
   </div>
   <div class='ocr_carea' id='block_1_115' title="bbox 2166 5720 2657 5793">
    <p class='ocr_par' dir='ltr' id='par_1_115' title="bbox 2166 5720 2657 5793">
     <span class='ocr_line' id='line_1_115' title="bbox 2166 5720 2657 5793; baseline -0.008 -13"><span class='ocrx_word' id='word_1_859' title='bbox 2166 5723 2395 5793; x_wconf 84' lang='lat' dir='ltr'><strong>epistola</strong></span> <span class='ocrx_word' id='word_1_860' title='bbox 2415 5720 2475 5787; x_wconf 29' lang='lat' dir='ltr'><strong>l,’</strong></span> <span class='ocrx_word' id='word_1_861' title='bbox 2490 5737 2544 5792; x_wconf 89' lang='lat' dir='ltr'><strong>p.</strong></span> <span class='ocrx_word' id='word_1_862' title='bbox 2569 5722 2657 5777; x_wconf 69' lang='lat'><strong>29.</strong></span> 
     </span>
    </p>
   </div>
   <div class='ocr_carea' id='block_1_116' title="bbox 3565 276 3783 343">
    <p class='ocr_par' dir='ltr' id='par_1_116' title="bbox 3565 276 3783 343">
     <span class='ocr_line' id='line_1_116' title="bbox 3565 276 3783 343; baseline -0.014 -12"><span class='ocrx_word' id='word_1_863' title='bbox 3565 276 3700 331; x_wconf 58' lang='grc' dir='ltr'><strong>ιδῃ</strong></span> <span class='ocrx_word' id='word_1_864' title='bbox 3782 276 3783 343; x_wconf 56' lang='grc' dir='ltr'>ι</span> 
     </span>
    </p>
   </div>
  </div>
