  <div class='ocr_page' id='page_1' title='image "/cluster/home/n/w/nwhite01/storage/ocr_20150623/26/nnc1.0046978577/708.png"; bbox 0 0 3812 6224; ppageno 0'>
   <div class='ocr_carea' id='block_1_1' title="bbox 148 319 296 391">
    <p class='ocr_par' dir='ltr' id='par_1_1' title="bbox 148 319 296 391">
     <span class='ocr_line' id='line_1_1' title="bbox 148 319 296 391; baseline 0.014 -2"><span class='ocrx_word' id='word_1_1' title='bbox 148 319 296 391; x_wconf 65' lang='lat'><strong>4585</strong></span> 
     </span>
    </p>
   </div>
   <div class='ocr_carea' id='block_1_2' title="bbox 1543 331 2004 388">
    <p class='ocr_par' dir='ltr' id='par_1_2' title="bbox 1543 331 2004 388">
     <span class='ocr_line' id='line_1_2' title="bbox 1543 331 2004 388; baseline 0.002 -3"><span class='ocrx_word' id='word_1_2' title='bbox 1543 331 1880 388; x_wconf 73' lang='lat' dir='ltr'><strong>EPISTOLA</strong></span> <span class='ocrx_word' id='word_1_3' title='bbox 1918 331 2004 388; x_wconf 79' lang='lat' dir='ltr'><strong>Vl.</strong></span> 
     </span>
    </p>
   </div>
   <div class='ocr_carea' id='block_1_3' title="bbox 3277 343 3413 400">
    <p class='ocr_par' dir='ltr' id='par_1_3' title="bbox 3277 343 3413 400">
     <span class='ocr_line' id='line_1_3' title="bbox 3277 343 3413 400; baseline 0.022 -3"><span class='ocrx_word' id='word_1_4' title='bbox 3277 343 3413 400; x_wconf 74' lang='grc'><strong>1586</strong></span> 
     </span>
    </p>
   </div>
   <div class='ocr_carea' id='block_1_4' title="bbox 140 475 3414 550">
    <p class='ocr_par' dir='ltr' id='par_1_4' title="bbox 140 475 3414 550">
     <span class='ocr_line' id='line_1_4' title="bbox 140 475 3414 550; baseline 0.002 -16"><span class='ocrx_word' id='word_1_5' title='bbox 140 481 355 534; x_wconf 89' lang='lat' dir='ltr'><strong>dictum</strong></span> <span class='ocrx_word' id='word_1_6' title='bbox 383 476 489 534; x_wconf 78' lang='lat' dir='ltr'><strong>fuit</strong></span> <span class='ocrx_word' id='word_1_7' title='bbox 513 477 779 534; x_wconf 85' lang='lat' dir='ltr'><strong>adversus</strong></span> <span class='ocrx_word' id='word_1_8' title='bbox 805 475 1144 534; x_wconf 86' lang='lat' dir='ltr'><strong>Salvatorem</strong></span> <span class='ocrx_word' id='word_1_9' title='bbox 1175 487 1444 540; x_wconf 82' lang='lat' dir='ltr'><strong>nostrum,</strong></span> <span class='ocrx_word' id='word_1_10' title='bbox 1477 477 1730 547; x_wconf 82' lang='lat' dir='ltr'><strong>idemque</strong></span> <span class='ocrx_word' id='word_1_11' title='bbox 1757 483 1804 538; x_wconf 76' lang='grc' dir='ltr'><strong>Α</strong></span> <span class='ocrx_word' id='word_1_12' title='bbox 1833 491 1958 546; x_wconf 87' lang='lat' dir='ltr'><strong>pax.</strong></span> <span class='ocrx_word' id='word_1_13' title='bbox 1996 496 2014 527; x_wconf 76' lang='grc' dir='ltr'><strong>ι</strong></span> <span class='ocrx_word' id='word_1_14' title='bbox 2043 475 2268 547; x_wconf 81' lang='lat' dir='ltr'><strong>Propter</strong></span> <span class='ocrx_word' id='word_1_15' title='bbox 2297 477 2438 533; x_wconf 85' lang='lat' dir='ltr'><strong>hanc</strong></span> <span class='ocrx_word' id='word_1_16' title='bbox 2463 493 2592 550; x_wconf 87' lang='lat' dir='ltr'><strong>ergo</strong></span> <span class='ocrx_word' id='word_1_17' title='bbox 2625 478 2822 535; x_wconf 86' lang='lat' dir='ltr'><strong>bonam</strong></span> <span class='ocrx_word' id='word_1_18' title='bbox 2851 481 3209 548; x_wconf 75' lang='lat' dir='ltr'><strong>voluntatem,</strong></span> <span class='ocrx_word' id='word_1_19' title='bbox 3239 487 3414 541; x_wconf 85' lang='lat' dir='ltr'><strong>nemi-</strong></span> 
     </span>
    </p>
   </div>
   <div class='ocr_carea' id='block_1_5' title="bbox 144 569 1735 644">
    <p class='ocr_par' dir='ltr' id='par_1_5' title="bbox 144 569 1735 644">
     <span class='ocr_line' id='line_1_5' title="bbox 144 569 1735 644; baseline 0.002 -18"><span class='ocrx_word' id='word_1_20' title='bbox 144 587 180 626; x_wconf 85' lang='lat' dir='ltr'><strong>a</strong></span> <span class='ocrx_word' id='word_1_21' title='bbox 216 569 423 626; x_wconf 69' lang='lat' dir='ltr'><strong>Iudaeis</strong></span> <span class='ocrx_word' id='word_1_22' title='bbox 463 573 850 627; x_wconf 74' lang='lat' dir='ltr'><strong>contumeliam</strong></span> <span class='ocrx_word' id='word_1_23' title='bbox 897 589 1113 644; x_wconf 91' lang='lat' dir='ltr'><strong>passus,</strong></span> <span class='ocrx_word' id='word_1_24' title='bbox 1149 583 1203 629; x_wconf 90' lang='lat' dir='ltr'><strong>et</strong></span> <span class='ocrx_word' id='word_1_25' title='bbox 1231 589 1262 629; x_wconf 90' lang='lat' dir='ltr'><strong>a</strong></span> <span class='ocrx_word' id='word_1_26' title='bbox 1294 572 1466 629; x_wconf 90' lang='lat' dir='ltr'><strong>Pilato</strong></span> <span class='ocrx_word' id='word_1_27' title='bbox 1502 574 1587 630; x_wconf 85' lang='lat' dir='ltr'><strong>his</strong></span> <span class='ocrx_word' id='word_1_28' title='bbox 1619 573 1735 629; x_wconf 91' lang='lat' dir='ltr'><strong>die—</strong></span> 
     </span>
    </p>
   </div>
   <div class='ocr_carea' id='block_1_6' title="bbox 146 663 1736 736">
    <p class='ocr_par' dir='ltr' id='par_1_6' title="bbox 146 663 1736 736">
     <span class='ocr_line' id='line_1_6' title="bbox 146 663 1736 736; baseline 0.004 -21"><span class='ocrx_word' id='word_1_29' title='bbox 146 665 255 718; x_wconf 67' lang='lat' dir='ltr'><strong>lius</strong></span> <span class='ocrx_word' id='word_1_30' title='bbox 297 663 626 728; x_wconf 88' lang='lat' dir='ltr'><strong>damnatus,</strong></span> <span class='ocrx_word' id='word_1_31' title='bbox 677 663 964 721; x_wconf 86' lang='lat' dir='ltr'><strong>sublimior</strong></span> <span class='ocrx_word' id='word_1_32' title='bbox 1011 676 1190 720; x_wconf 91' lang='lat' dir='ltr'><strong>tamen</strong></span> <span class='ocrx_word' id='word_1_33' title='bbox 1238 669 1620 736; x_wconf 90' lang='lat' dir='ltr'><strong>potentiorque</strong></span> <span class='ocrx_word' id='word_1_34' title='bbox 1652 678 1736 722; x_wconf 87' lang='lat' dir='ltr'><strong>est</strong></span> 
     </span>
    </p>
   </div>
   <div class='ocr_carea' id='block_1_7' title="bbox 159 750 1733 823">
    <p class='ocr_par' dir='ltr' id='par_1_7' title="bbox 159 750 1733 823">
     <span class='ocr_line' id='line_1_7' title="bbox 159 750 1733 823; baseline 0.004 -18"><span class='ocrx_word' id='word_1_35' title='bbox 159 754 236 807; x_wconf 87' lang='lat' dir='ltr'><strong>lla</strong></span> <span class='ocrx_word' id='word_1_36' title='bbox 268 750 452 807; x_wconf 78' lang='lat' dir='ltr'><strong>Patris</strong></span> <span class='ocrx_word' id='word_1_37' title='bbox 479 768 583 808; x_wconf 90' lang='lat' dir='ltr'><strong>vox</strong></span> <span class='ocrx_word' id='word_1_38' title='bbox 613 753 680 809; x_wconf 87' lang='lat' dir='ltr'><strong>ad</strong></span> <span class='ocrx_word' id='word_1_39' title='bbox 714 769 840 808; x_wconf 89' lang='lat' dir='ltr'><strong>eum</strong></span> <span class='ocrx_word' id='word_1_40' title='bbox 874 756 1111 812; x_wconf 86' lang='lat' dir='ltr'><strong>demissa</strong></span> <span class='ocrx_word' id='word_1_41' title='bbox 1141 757 1185 791; x_wconf 79' lang='grc'><strong>⁸⁸</strong></span> <span class='ocrx_word' id='word_1_42' title='bbox 1220 773 1277 810; x_wconf 77' lang='grc' dir='ltr'><strong>ε(</strong></span> <span class='ocrx_word' id='word_1_43' title='bbox 1315 756 1641 823; x_wconf 87' lang='lat' dir='ltr'><strong>Clarilicavi,</strong></span> <span class='ocrx_word' id='word_1_44' title='bbox 1678 769 1733 813; x_wconf 90' lang='lat' dir='ltr'><strong>et</strong></span> 
     </span>
    </p>
   </div>
   <div class='ocr_carea' id='block_1_8' title="bbox 159 846 770 903">
    <p class='ocr_par' dir='ltr' id='par_1_8' title="bbox 159 846 770 903">
     <span class='ocr_line' id='line_1_8' title="bbox 159 846 770 903; baseline 0 -6"><span class='ocrx_word' id='word_1_45' title='bbox 159 858 346 900; x_wconf 80' lang='lat' dir='ltr'><strong>terum</strong></span> <span class='ocrx_word' id='word_1_46' title='bbox 383 846 717 903; x_wconf 83' lang='lat' dir='ltr'><strong>clariﬁeabo.</strong></span> <span class='ocrx_word' id='word_1_47' title='bbox 749 866 770 897; x_wconf 71' lang='grc' dir='ltr'><strong>ι</strong></span> 
     </span>
    </p>
   </div>
   <div class='ocr_carea' id='block_1_9' title="bbox 214 937 1732 1014">
    <p class='ocr_par' dir='ltr' id='par_1_9' title="bbox 214 937 1732 1014">
     <span class='ocr_line' id='line_1_9' title="bbox 214 937 1732 1014; baseline 0.005 -23"><span class='ocrx_word' id='word_1_48' title='bbox 214 939 271 992; x_wconf 76' lang='grc'><strong>4.</strong></span> <span class='ocrx_word' id='word_1_49' title='bbox 300 937 442 993; x_wconf 83' lang='lat' dir='ltr'><strong>Num</strong></span> <span class='ocrx_word' id='word_1_50' title='bbox 475 955 606 994; x_wconf 82' lang='lat' dir='ltr'><strong>vero</strong></span> <span class='ocrx_word' id='word_1_51' title='bbox 653 955 776 1009; x_wconf 70' lang='lat' dir='ltr'><strong>qua:</strong></span> <span class='ocrx_word' id='word_1_52' title='bbox 817 955 917 1010; x_wconf 92' lang='lat' dir='ltr'><strong>pro</strong></span> <span class='ocrx_word' id='word_1_53' title='bbox 965 940 1124 996; x_wconf 91' lang='lat' dir='ltr'><strong>nobis</strong></span> <span class='ocrx_word' id='word_1_54' title='bbox 1174 957 1372 1012; x_wconf 90' lang='lat' dir='ltr'><strong>passus</strong></span> <span class='ocrx_word' id='word_1_55' title='bbox 1404 953 1488 998; x_wconf 93' lang='lat' dir='ltr'><strong>est</strong></span> <span class='ocrx_word' id='word_1_56' title='bbox 1529 941 1732 1014; x_wconf 72' lang='lat' dir='ltr'><strong>(Iesus)</strong></span> 
     </span>
    </p>
   </div>
   <div class='ocr_carea' id='block_1_10' title="bbox 153 1030 1731 1090">
    <p class='ocr_par' dir='ltr' id='par_1_10' title="bbox 153 1030 1731 1090">
     <span class='ocr_line' id='line_1_10' title="bbox 153 1030 1731 1090; baseline 0.005 -8"><span class='ocrx_word' id='word_1_57' title='bbox 153 1030 468 1085; x_wconf 88' lang='lat' dir='ltr'><strong>transitoria</strong></span> <span class='ocrx_word' id='word_1_58' title='bbox 499 1031 660 1086; x_wconf 81' lang='lat' dir='ltr'><strong>sunt?</strong></span> <span class='ocrx_word' id='word_1_59' title='bbox 693 1030 808 1085; x_wconf 93' lang='lat' dir='ltr'><strong>Imo</strong></span> <span class='ocrx_word' id='word_1_60' title='bbox 841 1046 971 1086; x_wconf 89' lang='lat' dir='ltr'><strong>vero</strong></span> <span class='ocrx_word' id='word_1_61' title='bbox 1007 1031 1306 1088; x_wconf 88' lang='lat' dir='ltr'><strong>Salvatoris</strong></span> <span class='ocrx_word' id='word_1_62' title='bbox 1339 1035 1510 1090; x_wconf 78' lang='lat' dir='ltr'><strong>nostri</strong></span> <span class='ocrx_word' id='word_1_63' title='bbox 1545 1051 1634 1090; x_wconf 89' lang='lat' dir='ltr'><strong>res</strong></span> <span class='ocrx_word' id='word_1_64' title='bbox 1677 1037 1731 1090; x_wconf 92' lang='lat' dir='ltr'><strong>in</strong></span> 
     </span>
    </p>
   </div>
   <div class='ocr_carea' id='block_1_11' title="bbox 140 1122 1730 1194">
    <p class='ocr_par' dir='ltr' id='par_1_11' title="bbox 140 1122 1730 1194">
     <span class='ocr_line' id='line_1_11' title="bbox 140 1122 1730 1194; baseline 0.005 -20"><span class='ocrx_word' id='word_1_65' title='bbox 140 1129 411 1175; x_wconf 62' lang='lat' dir='ltr'><strong>aeternum</strong></span> <span class='ocrx_word' id='word_1_66' title='bbox 446 1123 762 1178; x_wconf 90' lang='lat' dir='ltr'><strong>manebunt.</strong></span> <span class='ocrx_word' id='word_1_67' title='bbox 794 1122 1086 1194; x_wconf 89' lang='lat' dir='ltr'><strong>Propterea</strong></span> <span class='ocrx_word' id='word_1_68' title='bbox 1109 1165 1122 1188; x_wconf 94' lang='lat'><strong>,</strong></span> <span class='ocrx_word' id='word_1_69' title='bbox 1155 1123 1348 1182; x_wconf 82' lang='lat' dir='ltr'><strong>fratres</strong></span> <span class='ocrx_word' id='word_1_70' title='bbox 1383 1127 1508 1193; x_wconf 89' lang='lat' dir='ltr'><strong>mei,</strong></span> <span class='ocrx_word' id='word_1_71' title='bbox 1540 1127 1730 1182; x_wconf 89' lang='lat' dir='ltr'><strong>harum</strong></span> 
     </span>
    </p>
   </div>
   <div class='ocr_carea' id='block_1_12' title="bbox 141 1219 1732 1288">
    <p class='ocr_par' dir='ltr' id='par_1_12' title="bbox 141 1219 1732 1288">
     <span class='ocr_line' id='line_1_12' title="bbox 141 1219 1732 1288; baseline 0.006 -21"><span class='ocrx_word' id='word_1_72' title='bbox 141 1229 334 1268; x_wconf 91' lang='lat' dir='ltr'><strong>rerum</strong></span> <span class='ocrx_word' id='word_1_73' title='bbox 369 1230 663 1279; x_wconf 87' lang='lat' dir='ltr'><strong>memores,</strong></span> <span class='ocrx_word' id='word_1_74' title='bbox 696 1232 764 1272; x_wconf 88' lang='lat' dir='ltr'><strong>ne</strong></span> <span class='ocrx_word' id='word_1_75' title='bbox 815 1221 1030 1272; x_wconf 87' lang='lat' dir='ltr'><strong>nosmet</strong></span> <span class='ocrx_word' id='word_1_76' title='bbox 1057 1219 1233 1288; x_wconf 86' lang='lat' dir='ltr'><strong>epulis</strong></span> <span class='ocrx_word' id='word_1_77' title='bbox 1263 1221 1601 1286; x_wconf 88' lang='lat' dir='ltr'><strong>addicamus,</strong></span> <span class='ocrx_word' id='word_1_78' title='bbox 1639 1223 1732 1277; x_wconf 90' lang='lat' dir='ltr'><strong>sed</strong></span> 
     </span>
    </p>
   </div>
   <div class='ocr_carea' id='block_1_13' title="bbox 145 1306 1733 1383">
    <p class='ocr_par' dir='ltr' id='par_1_13' title="bbox 145 1306 1733 1383">
     <span class='ocr_line' id='line_1_13' title="bbox 145 1306 1733 1383; baseline 0.005 -23"><span class='ocrx_word' id='word_1_79' title='bbox 145 1306 384 1362; x_wconf 90' lang='lat' dir='ltr'><strong>Domino</strong></span> <span class='ocrx_word' id='word_1_80' title='bbox 406 1307 595 1363; x_wconf 89' lang='lat' dir='ltr'><strong>laudes</strong></span> <span class='ocrx_word' id='word_1_81' title='bbox 621 1309 888 1366; x_wconf 88' lang='lat' dir='ltr'><strong>dicamus.</strong></span> <span class='ocrx_word' id='word_1_82' title='bbox 914 1309 1118 1380; x_wconf 91' lang='lat' dir='ltr'><strong>Sponte</strong></span> <span class='ocrx_word' id='word_1_83' title='bbox 1132 1322 1356 1381; x_wconf 52' lang='lat' dir='ltr'><strong>.nosmet</strong></span> <span class='ocrx_word' id='word_1_84' title='bbox 1378 1329 1733 1383; x_wconf 85' lang='lat' dir='ltr'><strong>aspernemur</strong></span> 
     </span>
    </p>
   </div>
   <div class='ocr_carea' id='block_1_14' title="bbox 142 1401 1735 1472">
    <p class='ocr_par' dir='ltr' id='par_1_14' title="bbox 142 1401 1735 1472">
     <span class='ocr_line' id='line_1_14' title="bbox 142 1401 1735 1472; baseline 0.005 -19"><span class='ocrx_word' id='word_1_85' title='bbox 142 1409 370 1470; x_wconf 89' lang='lat' dir='ltr'><strong>propter</strong></span> <span class='ocrx_word' id='word_1_86' title='bbox 397 1415 522 1454; x_wconf 92' lang='lat' dir='ltr'><strong>eum</strong></span> <span class='ocrx_word' id='word_1_87' title='bbox 569 1401 663 1470; x_wconf 91' lang='lat' dir='ltr'><strong>qui</strong></span> <span class='ocrx_word' id='word_1_88' title='bbox 712 1418 812 1472; x_wconf 87' lang='lat' dir='ltr'><strong>pro</strong></span> <span class='ocrx_word' id='word_1_89' title='bbox 845 1405 1003 1461; x_wconf 80' lang='lat' dir='ltr'><strong>nobis</strong></span> <span class='ocrx_word' id='word_1_90' title='bbox 1049 1414 1299 1460; x_wconf 87' lang='lat' dir='ltr'><strong>mortuus</strong></span> <span class='ocrx_word' id='word_1_91' title='bbox 1333 1414 1437 1472; x_wconf 92' lang='lat' dir='ltr'><strong>est,</strong></span> <span class='ocrx_word' id='word_1_92' title='bbox 1475 1406 1614 1461; x_wconf 86' lang='lat' dir='ltr'><strong>sicut</strong></span> <span class='ocrx_word' id='word_1_93' title='bbox 1658 1407 1735 1462; x_wconf 89' lang='lat' dir='ltr'><strong>ait</strong></span> 
     </span>
    </p>
   </div>
   <div class='ocr_carea' id='block_1_15' title="bbox 138 1489 1732 1562">
    <p class='ocr_par' dir='ltr' id='par_1_15' title="bbox 138 1489 1732 1562">
     <span class='ocr_line' id='line_1_15' title="bbox 138 1489 1732 1562; baseline 0.007 -19"><span class='ocrx_word' id='word_1_94' title='bbox 138 1489 353 1544; x_wconf 86' lang='lat' dir='ltr'><strong>Paulus</strong></span> <span class='ocrx_word' id='word_1_95' title='bbox 373 1491 420 1522; x_wconf 79' lang='grc'><strong>⁸³</strong></span> <span class='ocrx_word' id='word_1_96' title='bbox 443 1509 455 1544; x_wconf 94' lang='lat'>:</span> <span class='ocrx_word' id='word_1_97' title='bbox 482 1509 502 1542; x_wconf 84' lang='grc'><em>‹</em></span> <span class='ocrx_word' id='word_1_98' title='bbox 533 1489 660 1547; x_wconf 85' lang='lat' dir='ltr'><strong>Sive</strong></span> <span class='ocrx_word' id='word_1_99' title='bbox 683 1494 830 1547; x_wconf 89' lang='lat' dir='ltr'><strong>enim</strong></span> <span class='ocrx_word' id='word_1_100' title='bbox 864 1504 1043 1550; x_wconf 90' lang='lat' dir='ltr'><strong>mente</strong></span> <span class='ocrx_word' id='word_1_101' title='bbox 1074 1497 1411 1562; x_wconf 83' lang='lat' dir='ltr'><strong>excedimus,</strong></span> <span class='ocrx_word' id='word_1_102' title='bbox 1444 1496 1592 1553; x_wconf 87' lang='lat' dir='ltr'><strong>Deo:</strong></span> <span class='ocrx_word' id='word_1_103' title='bbox 1619 1499 1732 1554; x_wconf 88' lang='lat' dir='ltr'><strong>sive</strong></span> 
     </span>
    </p>
   </div>
   <div class='ocr_carea' id='block_1_16' title="bbox 139 1582 1732 1659">
    <p class='ocr_par' dir='ltr' id='par_1_16' title="bbox 139 1582 1732 1659">
     <span class='ocr_line' id='line_1_16' title="bbox 139 1582 1732 1659; baseline 0.006 -24"><span class='ocrx_word' id='word_1_104' title='bbox 139 1582 314 1636; x_wconf 87' lang='lat' dir='ltr'><strong>sobrii</strong></span> <span class='ocrx_word' id='word_1_105' title='bbox 348 1598 562 1650; x_wconf 85' lang='lat' dir='ltr'><strong>sumus,</strong></span> <span class='ocrx_word' id='word_1_106' title='bbox 600 1585 774 1638; x_wconf 87' lang='lat' dir='ltr'><strong>vobis.</strong></span> <span class='ocrx_word' id='word_1_107' title='bbox 805 1584 1073 1652; x_wconf 88' lang='lat' dir='ltr'><strong>Quoniam</strong></span> <span class='ocrx_word' id='word_1_108' title='bbox 1111 1588 1158 1643; x_wconf 89' lang='lat' dir='ltr'><strong>si</strong></span> <span class='ocrx_word' id='word_1_109' title='bbox 1193 1604 1334 1645; x_wconf 91' lang='lat' dir='ltr'><strong>unus</strong></span> <span class='ocrx_word' id='word_1_110' title='bbox 1358 1605 1457 1659; x_wconf 88' lang='lat' dir='ltr'><strong>pro</strong></span> <span class='ocrx_word' id='word_1_111' title='bbox 1478 1591 1732 1645; x_wconf 91' lang='lat' dir='ltr'><strong>omnibus</strong></span> 
     </span>
    </p>
   </div>
   <div class='ocr_carea' id='block_1_17' title="bbox 139 1681 1736 1752">
    <p class='ocr_par' dir='ltr' id='par_1_17' title="bbox 139 1681 1736 1752">
     <span class='ocr_line' id='line_1_17' title="bbox 139 1681 1736 1752; baseline 0.004 -24"><span class='ocrx_word' id='word_1_112' title='bbox 139 1685 402 1730; x_wconf 89' lang='lat' dir='ltr'><strong>mortuus</strong></span> <span class='ocrx_word' id='word_1_113' title='bbox 431 1685 535 1741; x_wconf 91' lang='lat' dir='ltr'><strong>est,</strong></span> <span class='ocrx_word' id='word_1_114' title='bbox 562 1691 692 1746; x_wconf 88' lang='lat' dir='ltr'><strong>ergo</strong></span> <span class='ocrx_word' id='word_1_115' title='bbox 717 1692 908 1733; x_wconf 92' lang='lat' dir='ltr'><strong>omnes</strong></span> <span class='ocrx_word' id='word_1_116' title='bbox 941 1681 1141 1735; x_wconf 90' lang='lat' dir='ltr'><strong>mortui</strong></span> <span class='ocrx_word' id='word_1_117' title='bbox 1172 1691 1320 1746; x_wconf 91' lang='lat' dir='ltr'><strong>sunt,</strong></span> <span class='ocrx_word' id='word_1_118' title='bbox 1353 1692 1406 1736; x_wconf 93' lang='lat' dir='ltr'><strong>et</strong></span> <span class='ocrx_word' id='word_1_119' title='bbox 1439 1698 1538 1752; x_wconf 91' lang='lat' dir='ltr'><strong>pro</strong></span> <span class='ocrx_word' id='word_1_120' title='bbox 1563 1683 1736 1736; x_wconf 88' lang='lat' dir='ltr'><strong>omni-</strong></span> 
     </span>
    </p>
   </div>
   <div class='ocr_carea' id='block_1_18' title="bbox 137 1769 1726 1846">
    <p class='ocr_par' dir='ltr' id='par_1_18' title="bbox 137 1769 1726 1846">
     <span class='ocr_line' id='line_1_18' title="bbox 137 1769 1726 1846; baseline 0.004 -22"><span class='ocrx_word' id='word_1_121' title='bbox 137 1769 249 1824; x_wconf 88' lang='lat' dir='ltr'><strong>bus</strong></span> <span class='ocrx_word' id='word_1_122' title='bbox 296 1769 414 1839; x_wconf 85' lang='lat' dir='ltr'><strong>ipse</strong></span> <span class='ocrx_word' id='word_1_123' title='bbox 457 1778 707 1826; x_wconf 90' lang='lat' dir='ltr'><strong>mortuus</strong></span> <span class='ocrx_word' id='word_1_124' title='bbox 734 1782 858 1827; x_wconf 80' lang='lat' dir='ltr'><strong>est:</strong></span> <span class='ocrx_word' id='word_1_125' title='bbox 891 1784 948 1828; x_wconf 88' lang='lat' dir='ltr'><strong>ut</strong></span> <span class='ocrx_word' id='word_1_126' title='bbox 975 1783 1030 1828; x_wconf 92' lang='lat' dir='ltr'><strong>et</strong></span> <span class='ocrx_word' id='word_1_127' title='bbox 1059 1789 1160 1830; x_wconf 91' lang='lat' dir='ltr'><strong>nos</strong></span> <span class='ocrx_word' id='word_1_128' title='bbox 1199 1776 1291 1845; x_wconf 92' lang='lat' dir='ltr'><strong>qui</strong></span> <span class='ocrx_word' id='word_1_129' title='bbox 1334 1775 1590 1843; x_wconf 87' lang='lat' dir='ltr'><strong>vivimus,</strong></span> <span class='ocrx_word' id='word_1_130' title='bbox 1613 1776 1726 1846; x_wconf 91' lang='lat' dir='ltr'><strong>jam</strong></span> 
     </span>
    </p>
   </div>
   <div class='ocr_carea' id='block_1_19' title="bbox 1839 567 3411 644">
    <p class='ocr_par' dir='ltr' id='par_1_19' title="bbox 1839 567 3411 644">
     <span class='ocr_line' id='line_1_19' title="bbox 1839 567 3411 644; baseline 0.006 -22"><span class='ocrx_word' id='word_1_131' title='bbox 1839 585 1962 623; x_wconf 92' lang='lat' dir='ltr'><strong>nem</strong></span> <span class='ocrx_word' id='word_1_132' title='bbox 2006 567 2326 635; x_wconf 88' lang='lat' dir='ltr'><strong>fraudabat,</strong></span> <span class='ocrx_word' id='word_1_133' title='bbox 2386 571 2482 626; x_wconf 90' lang='lat' dir='ltr'><strong>sed</strong></span> <span class='ocrx_word' id='word_1_134' title='bbox 2542 571 2861 642; x_wconf 64' lang='lat' dir='ltr'><strong>unicuique“</strong></span> <span class='ocrx_word' id='word_1_135' title='bbox 2888 588 3050 628; x_wconf 88' lang='lat' dir='ltr'><strong>suum</strong></span> <span class='ocrx_word' id='word_1_136' title='bbox 3103 576 3411 644; x_wconf 85' lang='lat' dir='ltr'><strong>tribuebat;</strong></span> 
     </span>
    </p>
   </div>
   <div class='ocr_carea' id='block_1_20' title="bbox 1835 659 3410 732">
    <p class='ocr_par' dir='ltr' id='par_1_20' title="bbox 1835 659 3410 732">
     <span class='ocr_line' id='line_1_20' title="bbox 1835 659 3410 732; baseline 0.005 -18"><span class='ocrx_word' id='word_1_137' title='bbox 1835 660 1992 728; x_wconf 87' lang='lat' dir='ltr'><strong>cujus</strong></span> <span class='ocrx_word' id='word_1_138' title='bbox 2039 659 2341 716; x_wconf 87' lang='lat' dir='ltr'><strong>honestatis</strong></span> <span class='ocrx_word' id='word_1_139' title='bbox 2387 662 2709 732; x_wconf 88' lang='lat' dir='ltr'><strong>magistrum</strong></span> <span class='ocrx_word' id='word_1_140' title='bbox 2757 680 2815 720; x_wconf 89' lang='lat' dir='ltr'><strong>se</strong></span> <span class='ocrx_word' id='word_1_141' title='bbox 2863 662 3029 730; x_wconf 84' lang='lat' dir='ltr'><strong>fecit,</strong></span> <span class='ocrx_word' id='word_1_142' title='bbox 3075 665 3266 722; x_wconf 90' lang='lat' dir='ltr'><strong>dicens</strong></span> <span class='ocrx_word' id='word_1_143' title='bbox 3305 668 3350 699; x_wconf 82' lang='grc'><strong>⁸⁷</strong></span> <span class='ocrx_word' id='word_1_144' title='bbox 3397 687 3410 722; x_wconf 94' lang='lat'>:</span> 
     </span>
    </p>
   </div>
   <div class='ocr_carea' id='block_1_21' title="bbox 1841 750 3414 813">
    <p class='ocr_par' dir='ltr' id='par_1_21' title="bbox 1841 750 3414 813">
     <span class='ocr_line' id='line_1_21' title="bbox 1841 750 3414 813; baseline 0.006 -11"><span class='ocrx_word' id='word_1_145' title='bbox 1841 770 1859 802; x_wconf 74' lang='grc' dir='ltr'><strong>ι</strong></span> <span class='ocrx_word' id='word_1_146' title='bbox 1892 750 2116 808; x_wconf 83' lang='lat' dir='ltr'><strong>Reddite</strong></span> <span class='ocrx_word' id='word_1_147' title='bbox 2157 754 2415 809; x_wconf 90' lang='lat' dir='ltr'><strong>omnibus</strong></span> <span class='ocrx_word' id='word_1_148' title='bbox 2449 755 2650 810; x_wconf 85' lang='lat' dir='ltr'><strong>debita.</strong></span> <span class='ocrx_word' id='word_1_149' title='bbox 2684 774 2702 806; x_wconf 79' lang='grc' dir='ltr'><strong>ι</strong></span> <span class='ocrx_word' id='word_1_150' title='bbox 2747 755 2954 813; x_wconf 89' lang='lat' dir='ltr'><strong>Similis</strong></span> <span class='ocrx_word' id='word_1_151' title='bbox 3001 757 3260 812; x_wconf 86' lang='lat' dir='ltr'><strong>nimirum</strong></span> <span class='ocrx_word' id='word_1_152' title='bbox 3305 758 3414 812; x_wconf 87' lang='lat' dir='ltr'><strong>illis</strong></span> 
     </span>
    </p>
   </div>
   <div class='ocr_carea' id='block_1_22' title="bbox 1834 843 3414 918">
    <p class='ocr_par' dir='ltr' id='par_1_22' title="bbox 1834 843 3414 918">
     <span class='ocr_line' id='line_1_22' title="bbox 1834 843 3414 918; baseline 0.004 -21"><span class='ocrx_word' id='word_1_153' title='bbox 1834 851 1952 897; x_wconf 85' lang='lat' dir='ltr'><strong>erat</strong></span> <span class='ocrx_word' id='word_1_154' title='bbox 1977 858 2115 913; x_wconf 91' lang='lat' dir='ltr'><strong>quos</strong></span> <span class='ocrx_word' id='word_1_155' title='bbox 2143 843 2400 899; x_wconf 90' lang='lat' dir='ltr'><strong>dominus</strong></span> <span class='ocrx_word' id='word_1_156' title='bbox 2428 845 2578 900; x_wconf 90' lang='lat' dir='ltr'><strong>misit</strong></span> <span class='ocrx_word' id='word_1_157' title='bbox 2609 847 2676 901; x_wconf 92' lang='lat' dir='ltr'><strong>ad</strong></span> <span class='ocrx_word' id='word_1_158' title='bbox 2706 845 3003 918; x_wconf 88' lang='lat' dir='ltr'><strong>exigendos</strong></span> <span class='ocrx_word' id='word_1_159' title='bbox 3043 847 3112 902; x_wconf 89' lang='lat' dir='ltr'><strong>ab</strong></span> <span class='ocrx_word' id='word_1_160' title='bbox 3144 849 3414 918; x_wconf 87' lang='lat' dir='ltr'><strong>operariis</strong></span> 
     </span>
    </p>
   </div>
   <div class='ocr_carea' id='block_1_23' title="bbox 1835 934 3414 1010">
    <p class='ocr_par' dir='ltr' id='par_1_23' title="bbox 1835 934 3414 1010">
     <span class='ocr_line' id='line_1_23' title="bbox 1835 934 3414 1010; baseline 0.006 -24"><span class='ocrx_word' id='word_1_161' title='bbox 1835 935 2007 989; x_wconf 74' lang='lat' dir='ltr'><strong>vinea:</strong></span> <span class='ocrx_word' id='word_1_162' title='bbox 2042 934 2252 990; x_wconf 90' lang='lat' dir='ltr'><strong>fructus</strong></span> <span class='ocrx_word' id='word_1_163' title='bbox 2279 936 2356 1001; x_wconf 66' lang='lat'><strong>&#39;8;</strong></span> <span class='ocrx_word' id='word_1_164' title='bbox 2397 936 2628 1007; x_wconf 87' lang='lat' dir='ltr'><strong>ideoque</strong></span> <span class='ocrx_word' id='word_1_165' title='bbox 2667 953 3114 1010; x_wconf 89' lang='lat' dir='ltr'><strong>unumquemque</strong></span> <span class='ocrx_word' id='word_1_166' title='bbox 3160 941 3226 995; x_wconf 92' lang='lat' dir='ltr'><strong>ad</strong></span> <span class='ocrx_word' id='word_1_167' title='bbox 3258 941 3414 995; x_wconf 81' lang='lat' dir='ltr'><strong>satis-</strong></span> 
     </span>
    </p>
   </div>
   <div class='ocr_carea' id='block_1_24' title="bbox 1835 1023 3482 1085">
    <p class='ocr_par' dir='ltr' id='par_1_24' title="bbox 1835 1023 3482 1085">
     <span class='ocr_line' id='line_1_24' title="bbox 1835 1023 3482 1085; baseline 0.004 -8"><span class='ocrx_word' id='word_1_168' title='bbox 1835 1023 2147 1079; x_wconf 79' lang='lat' dir='ltr'><strong>faciendum</strong></span> <span class='ocrx_word' id='word_1_169' title='bbox 2197 1027 2611 1083; x_wconf 86' lang='lat' dir='ltr'><strong>cohortabatur.</strong></span> <span class='ocrx_word' id='word_1_170' title='bbox 2661 1028 2767 1084; x_wconf 92' lang='lat' dir='ltr'><strong>Sed</strong></span> <span class='ocrx_word' id='word_1_171' title='bbox 2810 1030 2954 1085; x_wconf 90' lang='lat' dir='ltr'><strong>enim</strong></span> <span class='ocrx_word' id='word_1_172' title='bbox 2994 1027 3158 1084; x_wconf 92' lang='lat' dir='ltr'><strong>Israel</strong></span> <span class='ocrx_word' id='word_1_173' title='bbox 3203 1028 3414 1084; x_wconf 89' lang='lat' dir='ltr'><strong>satisfa-</strong></span> <span class='ocrx_word' id='word_1_174' title='bbox 3479 1043 3482 1046; x_wconf 75' lang='lat'><strong>‘</strong></span> 
     </span>
    </p>
   </div>
   <div class='ocr_carea' id='block_1_25' title="bbox 1833 1118 3411 1188">
    <p class='ocr_par' dir='ltr' id='par_1_25' title="bbox 1833 1118 3411 1188">
     <span class='ocr_line' id='line_1_25' title="bbox 1833 1118 3411 1188; baseline 0.005 -19"><span class='ocrx_word' id='word_1_175' title='bbox 1833 1131 1957 1170; x_wconf 90' lang='lat' dir='ltr'><strong>cere</strong></span> <span class='ocrx_word' id='word_1_176' title='bbox 1990 1118 2337 1187; x_wconf 88' lang='lat' dir='ltr'><strong>contempsit,</strong></span> <span class='ocrx_word' id='word_1_177' title='bbox 2376 1119 2505 1188; x_wconf 90' lang='lat' dir='ltr'><strong>quia</strong></span> <span class='ocrx_word' id='word_1_178' title='bbox 2544 1119 2806 1176; x_wconf 90' lang='lat' dir='ltr'><strong>honestus</strong></span> <span class='ocrx_word' id='word_1_179' title='bbox 2838 1136 2946 1176; x_wconf 92' lang='lat' dir='ltr'><strong>non</strong></span> <span class='ocrx_word' id='word_1_180' title='bbox 2973 1130 3116 1188; x_wconf 88' lang='lat' dir='ltr'><strong>erat;</strong></span> <span class='ocrx_word' id='word_1_181' title='bbox 3143 1121 3253 1176; x_wconf 90' lang='lat' dir='ltr'><strong>imo</strong></span> <span class='ocrx_word' id='word_1_182' title='bbox 3287 1122 3411 1177; x_wconf 88' lang='lat' dir='ltr'><strong>illos</strong></span> 
     </span>
    </p>
   </div>
   <div class='ocr_carea' id='block_1_26' title="bbox 1834 1207 3409 1284">
    <p class='ocr_par' dir='ltr' id='par_1_26' title="bbox 1834 1207 3409 1284">
     <span class='ocr_line' id='line_1_26' title="bbox 1834 1207 3409 1284; baseline 0.004 -22"><span class='ocrx_word' id='word_1_183' title='bbox 1834 1207 2098 1264; x_wconf 81' lang='lat' dir='ltr'><strong>interfecit</strong></span> <span class='ocrx_word' id='word_1_184' title='bbox 2134 1211 2227 1280; x_wconf 90' lang='lat' dir='ltr'><strong>qui</strong></span> <span class='ocrx_word' id='word_1_185' title='bbox 2258 1211 2412 1266; x_wconf 91' lang='lat' dir='ltr'><strong>missi</strong></span> <span class='ocrx_word' id='word_1_186' title='bbox 2440 1210 2685 1279; x_wconf 81' lang='lat' dir='ltr'><strong>fuerant;</strong></span> <span class='ocrx_word' id='word_1_187' title='bbox 2719 1213 2880 1267; x_wconf 90' lang='lat' dir='ltr'><strong>sicuti</strong></span> <span class='ocrx_word' id='word_1_188' title='bbox 2904 1229 2972 1269; x_wconf 90' lang='lat' dir='ltr'><strong>ne</strong></span> <span class='ocrx_word' id='word_1_189' title='bbox 2999 1212 3169 1269; x_wconf 74' lang='lat' dir='ltr'><strong>vinea:</strong></span> <span class='ocrx_word' id='word_1_190' title='bbox 3193 1213 3409 1284; x_wconf 88' lang='lat' dir='ltr'><strong>quidem</strong></span> 
     </span>
    </p>
   </div>
   <div class='ocr_carea' id='block_1_27' title="bbox 1833 1301 3410 1378">
    <p class='ocr_par' dir='ltr' id='par_1_27' title="bbox 1833 1301 3410 1378">
     <span class='ocr_line' id='line_1_27' title="bbox 1833 1301 3410 1378; baseline 0.006 -24"><span class='ocrx_word' id='word_1_191' title='bbox 1833 1301 2114 1356; x_wconf 88' lang='lat' dir='ltr'><strong>dominum</strong></span> <span class='ocrx_word' id='word_1_192' title='bbox 2144 1302 2411 1360; x_wconf 86' lang='lat' dir='ltr'><strong>reveritus</strong></span> <span class='ocrx_word' id='word_1_193' title='bbox 2433 1313 2536 1371; x_wconf 88' lang='lat' dir='ltr'><strong>est,</strong></span> <span class='ocrx_word' id='word_1_194' title='bbox 2561 1306 2652 1376; x_wconf 91' lang='lat' dir='ltr'><strong>qui</strong></span> <span class='ocrx_word' id='word_1_195' title='bbox 2681 1307 2750 1362; x_wconf 88' lang='lat' dir='ltr'><strong>ah</strong></span> <span class='ocrx_word' id='word_1_196' title='bbox 2777 1306 2883 1362; x_wconf 89' lang='lat' dir='ltr'><strong>illis</strong></span> <span class='ocrx_word' id='word_1_197' title='bbox 2907 1305 3008 1361; x_wconf 89' lang='lat' dir='ltr'><strong>fuit</strong></span> <span class='ocrx_word' id='word_1_198' title='bbox 3035 1308 3410 1378; x_wconf 79' lang='lat' dir='ltr'><strong>interemptus.</strong></span> 
     </span>
    </p>
   </div>
   <div class='ocr_carea' id='block_1_28' title="bbox 1834 1391 3412 1470">
    <p class='ocr_par' dir='ltr' id='par_1_28' title="bbox 1834 1391 3412 1470">
     <span class='ocr_line' id='line_1_28' title="bbox 1834 1391 3412 1470; baseline 0.005 -24"><span class='ocrx_word' id='word_1_199' title='bbox 1834 1391 2201 1458; x_wconf 83' lang='lat' dir='ltr'><strong>Quamobrem</strong></span> <span class='ocrx_word' id='word_1_200' title='bbox 2229 1409 2351 1449; x_wconf 88' lang='lat' dir='ltr'><strong>eum</strong></span> <span class='ocrx_word' id='word_1_201' title='bbox 2387 1395 2505 1466; x_wconf 90' lang='lat' dir='ltr'><strong>ipse</strong></span> <span class='ocrx_word' id='word_1_202' title='bbox 2533 1398 2704 1462; x_wconf 86' lang='lat' dir='ltr'><strong>venit,</strong></span> <span class='ocrx_word' id='word_1_203' title='bbox 2737 1413 2834 1452; x_wconf 90' lang='lat' dir='ltr'><strong>nec</strong></span> <span class='ocrx_word' id='word_1_204' title='bbox 2858 1397 3068 1453; x_wconf 88' lang='lat' dir='ltr'><strong>fructus</strong></span> <span class='ocrx_word' id='word_1_205' title='bbox 3093 1399 3232 1468; x_wconf 91' lang='lat' dir='ltr'><strong>apud</strong></span> <span class='ocrx_word' id='word_1_206' title='bbox 3263 1399 3412 1470; x_wconf 84' lang='lat' dir='ltr'><strong>ipsos</strong></span> 
     </span>
    </p>
   </div>
   <div class='ocr_carea' id='block_1_29' title="bbox 1833 1485 3410 1561">
    <p class='ocr_par' dir='ltr' id='par_1_29' title="bbox 1833 1485 3410 1561">
     <span class='ocr_line' id='line_1_29' title="bbox 1833 1485 3410 1561; baseline 0.006 -24"><span class='ocrx_word' id='word_1_207' title='bbox 1833 1485 2052 1554; x_wconf 90' lang='lat' dir='ltr'><strong>reperit,</strong></span> <span class='ocrx_word' id='word_1_208' title='bbox 2078 1485 2131 1540; x_wconf 92' lang='lat' dir='ltr'><strong>in</strong></span> <span class='ocrx_word' id='word_1_209' title='bbox 2161 1486 2264 1542; x_wconf 83' lang='lat' dir='ltr'><strong>ficu</strong></span> <span class='ocrx_word' id='word_1_210' title='bbox 2283 1487 2406 1559; x_wconf 88' lang='lat' dir='ltr'><strong>(eis)</strong></span> <span class='ocrx_word' id='word_1_211' title='bbox 2430 1489 2723 1554; x_wconf 84' lang='lat' dir='ltr'><strong>maledixit,</strong></span> <span class='ocrx_word' id='word_1_212' title='bbox 2759 1490 2942 1545; x_wconf 89' lang='lat' dir='ltr'><strong>dicens</strong></span> <span class='ocrx_word' id='word_1_213' title='bbox 2965 1490 3009 1523; x_wconf 80' lang='grc'>⁸⁹</span> <span class='ocrx_word' id='word_1_214' title='bbox 3035 1507 3047 1541; x_wconf 91' lang='lat'><strong>:</strong></span> <span class='ocrx_word' id='word_1_215' title='bbox 3074 1510 3090 1541; x_wconf 80' lang='grc' dir='ltr'><strong>ι</strong></span> <span class='ocrx_word' id='word_1_216' title='bbox 3123 1489 3410 1561; x_wconf 85' lang='lat' dir='ltr'><strong>Nunquam</strong></span> 
     </span>
    </p>
   </div>
   <div class='ocr_carea' id='block_1_30' title="bbox 1833 1577 3411 1640">
    <p class='ocr_par' dir='ltr' id='par_1_30' title="bbox 1833 1577 3411 1640">
     <span class='ocr_line' id='line_1_30' title="bbox 1833 1577 3411 1640; baseline 0.004 -10"><span class='ocrx_word' id='word_1_217' title='bbox 1833 1591 1900 1631; x_wconf 86' lang='lat' dir='ltr'><strong>ex</strong></span> <span class='ocrx_word' id='word_1_218' title='bbox 1948 1585 2001 1632; x_wconf 92' lang='lat' dir='ltr'><strong>te</strong></span> <span class='ocrx_word' id='word_1_219' title='bbox 2043 1577 2257 1635; x_wconf 90' lang='lat' dir='ltr'><strong>fructus</strong></span> <span class='ocrx_word' id='word_1_220' title='bbox 2297 1588 2579 1635; x_wconf 88' lang='lat' dir='ltr'><strong>nascatur.</strong></span> <span class='ocrx_word' id='word_1_221' title='bbox 2617 1599 2634 1630; x_wconf 79' lang='grc' dir='ltr'><strong>ι</strong></span> <span class='ocrx_word' id='word_1_222' title='bbox 2664 1580 2728 1635; x_wconf 87' lang='grc' dir='ltr'>Ει</span> <span class='ocrx_word' id='word_1_223' title='bbox 2758 1582 3020 1636; x_wconf 87' lang='lat' dir='ltr'><strong>continuo</strong></span> <span class='ocrx_word' id='word_1_224' title='bbox 3069 1582 3411 1640; x_wconf 80' lang='lat' dir='ltr'><strong>infructuosa</strong></span> 
     </span>
    </p>
   </div>
   <div class='ocr_carea' id='block_1_31' title="bbox 1834 1673 3414 1746">
    <p class='ocr_par' dir='ltr' id='par_1_31' title="bbox 1834 1673 3414 1746">
     <span class='ocr_line' id='line_1_31' title="bbox 1834 1673 3414 1746; baseline 0.004 -22"><span class='ocrx_word' id='word_1_225' title='bbox 1834 1679 1997 1740; x_wconf 89' lang='lat' dir='ltr'><strong>atque</strong></span> <span class='ocrx_word' id='word_1_226' title='bbox 2045 1680 2260 1727; x_wconf 89' lang='lat' dir='ltr'><strong>mortua</strong></span> <span class='ocrx_word' id='word_1_227' title='bbox 2313 1673 2485 1728; x_wconf 88' lang='lat' dir='ltr'><strong>evasit</strong></span> <span class='ocrx_word' id='word_1_228' title='bbox 2536 1673 2799 1739; x_wconf 87' lang='lat' dir='ltr'><strong>ficulnea;</strong></span> <span class='ocrx_word' id='word_1_229' title='bbox 2853 1690 2952 1729; x_wconf 86' lang='lat' dir='ltr'><strong>ceu</strong></span> <span class='ocrx_word' id='word_1_230' title='bbox 2998 1689 3192 1746; x_wconf 83' lang='lat' dir='ltr'><strong>reapse</strong></span> <span class='ocrx_word' id='word_1_231' title='bbox 3229 1675 3414 1730; x_wconf 87' lang='lat' dir='ltr'><strong>mirati</strong></span> 
     </span>
    </p>
   </div>
   <div class='ocr_carea' id='block_1_32' title="bbox 1834 1761 2848 1832">
    <p class='ocr_par' dir='ltr' id='par_1_32' title="bbox 1834 1761 2848 1832">
     <span class='ocr_line' id='line_1_32' title="bbox 1834 1761 2848 1832; baseline 0.002 -18"><span class='ocrx_word' id='word_1_232' title='bbox 1834 1770 1964 1815; x_wconf 89' lang='lat' dir='ltr'><strong>sunt</strong></span> <span class='ocrx_word' id='word_1_233' title='bbox 1989 1761 2264 1832; x_wconf 88' lang='lat' dir='ltr'><strong>discipuli,</strong></span> <span class='ocrx_word' id='word_1_234' title='bbox 2302 1772 2588 1832; x_wconf 89' lang='lat' dir='ltr'><strong>postquam</strong></span> <span class='ocrx_word' id='word_1_235' title='bbox 2615 1763 2848 1817; x_wconf 88' lang='lat' dir='ltr'><strong>exaruit.</strong></span> 
     </span>
    </p>
   </div>
   <div class='ocr_carea' id='block_1_33' title="bbox 138 1852 3408 1936">
    <p class='ocr_par' dir='ltr' id='par_1_33' title="bbox 138 1852 3408 1936">
     <span class='ocr_line' id='line_1_33' title="bbox 138 1852 3408 1936; baseline 0.002 -20"><span class='ocrx_word' id='word_1_236' title='bbox 138 1876 255 1916; x_wconf 87' lang='lat' dir='ltr'><strong>non</strong></span> <span class='ocrx_word' id='word_1_237' title='bbox 287 1861 450 1916; x_wconf 92' lang='lat' dir='ltr'><strong>nobis</strong></span> <span class='ocrx_word' id='word_1_238' title='bbox 487 1863 767 1926; x_wconf 88' lang='lat' dir='ltr'><strong>vivamus,</strong></span> <span class='ocrx_word' id='word_1_239' title='bbox 803 1865 897 1920; x_wconf 93' lang='lat' dir='ltr'><strong>sed</strong></span> <span class='ocrx_word' id='word_1_240' title='bbox 939 1867 988 1919; x_wconf 93' lang='lat' dir='ltr'><strong>ei</strong></span> <span class='ocrx_word' id='word_1_241' title='bbox 1025 1866 1118 1936; x_wconf 92' lang='lat' dir='ltr'><strong>qui</strong></span> <span class='ocrx_word' id='word_1_242' title='bbox 1149 1881 1248 1936; x_wconf 91' lang='lat' dir='ltr'><strong>pro</strong></span> <span class='ocrx_word' id='word_1_243' title='bbox 1289 1869 1544 1924; x_wconf 91' lang='lat' dir='ltr'><strong>omnibus</strong></span> <span class='ocrx_word' id='word_1_244' title='bbox 1582 1885 1731 1924; x_wconf 88' lang='lat' dir='ltr'><strong>mor-</strong></span> <span class='ocrx_word' id='word_1_245' title='bbox 1765 1853 1808 1909; x_wconf 78' lang='grc' dir='ltr'><strong>Β</strong></span> <span class='ocrx_word' id='word_1_246' title='bbox 1904 1852 1958 1906; x_wconf 76' lang='lat'><strong>6-</strong></span> <span class='ocrx_word' id='word_1_247' title='bbox 2010 1853 2164 1909; x_wconf 79' lang='grc' dir='ltr'><strong>Τυηο</strong></span> <span class='ocrx_word' id='word_1_248' title='bbox 2212 1854 2489 1925; x_wconf 62' lang='lat' dir='ltr'><strong>Prophelae</strong></span> <span class='ocrx_word' id='word_1_249' title='bbox 2542 1854 2748 1909; x_wconf 65' lang='lat' dir='ltr'><strong>(“Clum</strong></span> <span class='ocrx_word' id='word_1_250' title='bbox 2800 1855 3130 1924; x_wconf 56' lang='lat' dir='ltr'><strong>completum</strong></span> <span class='ocrx_word' id='word_1_251' title='bbox 3184 1861 3266 1908; x_wconf 67' lang='grc' dir='ltr'><strong>εει</strong></span> <span class='ocrx_word' id='word_1_252' title='bbox 3322 1853 3408 1907; x_wconf 78' lang='grc'><strong>⁸⁰²</strong></span> 
     </span>
    </p>
   </div>
   <div class='ocr_carea' id='block_1_34' title="bbox 136 1953 1734 2028">
    <p class='ocr_par' dir='ltr' id='par_1_34' title="bbox 136 1953 1734 2028">
     <span class='ocr_line' id='line_1_34' title="bbox 136 1953 1734 2028; baseline 0.008 -26"><span class='ocrx_word' id='word_1_253' title='bbox 136 1958 272 2003; x_wconf 90' lang='lat' dir='ltr'><strong>tuus</strong></span> <span class='ocrx_word' id='word_1_254' title='bbox 310 1958 396 2004; x_wconf 88' lang='lat' dir='ltr'><strong>est</strong></span> <span class='ocrx_word' id='word_1_255' title='bbox 434 1960 489 2004; x_wconf 89' lang='lat' dir='ltr'><strong>et</strong></span> <span class='ocrx_word' id='word_1_256' title='bbox 531 1953 854 2008; x_wconf 81' lang='lat' dir='ltr'><strong>resurrexit.</strong></span> <span class='ocrx_word' id='word_1_257' title='bbox 889 1973 908 2005; x_wconf 80' lang='grc' dir='ltr'><strong>ι</strong></span> <span class='ocrx_word' id='word_1_258' title='bbox 943 1953 1060 2010; x_wconf 83' lang='grc' dir='ltr'>Νοιι</span> <span class='ocrx_word' id='word_1_259' title='bbox 1105 1957 1275 2011; x_wconf 87' lang='lat' dir='ltr'><strong>nostri</strong></span> <span class='ocrx_word' id='word_1_260' title='bbox 1317 1959 1510 2028; x_wconf 90' lang='lat' dir='ltr'><strong>gratia,</strong></span> <span class='ocrx_word' id='word_1_261' title='bbox 1543 1959 1636 2015; x_wconf 88' lang='lat' dir='ltr'><strong>sed</strong></span> <span class='ocrx_word' id='word_1_262' title='bbox 1675 1969 1734 2014; x_wconf 86' lang='lat' dir='ltr'><strong>ut</strong></span> 
     </span>
    </p>
   </div>
   <div class='ocr_carea' id='block_1_35' title="bbox 134 2038 1733 2118">
    <p class='ocr_par' dir='ltr' id='par_1_35' title="bbox 134 2038 1733 2118">
     <span class='ocr_line' id='line_1_35' title="bbox 134 2038 1733 2118; baseline 0.008 -24"><span class='ocrx_word' id='word_1_263' title='bbox 134 2039 285 2094; x_wconf 89' lang='lat' dir='ltr'><strong>servi</strong></span> <span class='ocrx_word' id='word_1_264' title='bbox 331 2038 514 2094; x_wconf 88' lang='lat' dir='ltr'><strong>vivere</strong></span> <span class='ocrx_word' id='word_1_265' title='bbox 546 2039 780 2096; x_wconf 90' lang='lat' dir='ltr'><strong>Domino</strong></span> <span class='ocrx_word' id='word_1_266' title='bbox 808 2043 1088 2100; x_wconf 88' lang='lat' dir='ltr'><strong>debemus.</strong></span> <span class='ocrx_word' id='word_1_267' title='bbox 1152 2044 1264 2114; x_wconf 89' lang='lat' dir='ltr'><strong>Ne,</strong></span> <span class='ocrx_word' id='word_1_268' title='bbox 1295 2063 1503 2118; x_wconf 64' lang='lat' dir='ltr'><strong>qumso,</strong></span> <span class='ocrx_word' id='word_1_269' title='bbox 1548 2051 1733 2105; x_wconf 80' lang='lat' dir='ltr'><strong>incas-</strong></span> 
     </span>
    </p>
   </div>
   <div class='ocr_carea' id='block_1_36' title="bbox 136 2131 1732 2206">
    <p class='ocr_par' dir='ltr' id='par_1_36' title="bbox 136 2131 1732 2206">
     <span class='ocr_line' id='line_1_36' title="bbox 136 2131 1732 2206; baseline 0.008 -20"><span class='ocrx_word' id='word_1_270' title='bbox 136 2146 266 2186; x_wconf 92' lang='lat' dir='ltr'><strong>sum</strong></span> <span class='ocrx_word' id='word_1_271' title='bbox 312 2131 543 2201; x_wconf 85' lang='lat' dir='ltr'><strong>gratiam</strong></span> <span class='ocrx_word' id='word_1_272' title='bbox 575 2133 940 2204; x_wconf 87' lang='lat' dir='ltr'><strong>recipiamus;</strong></span> <span class='ocrx_word' id='word_1_273' title='bbox 974 2139 1275 2206; x_wconf 75' lang='lat' dir='ltr'><strong>prazsertim</strong></span> <span class='ocrx_word' id='word_1_274' title='bbox 1310 2155 1433 2195; x_wconf 93' lang='lat' dir='ltr'><strong>cum</strong></span> <span class='ocrx_word' id='word_1_275' title='bbox 1488 2143 1558 2196; x_wconf 88' lang='lat' dir='ltr'><strong>sit</strong></span> <span class='ocrx_word' id='word_1_276' title='bbox 1594 2151 1732 2198; x_wconf 88' lang='lat' dir='ltr'><strong>tem-</strong></span> 
     </span>
    </p>
   </div>
   <div class='ocr_carea' id='block_1_37' title="bbox 133 2225 1728 2299">
    <p class='ocr_par' dir='ltr' id='par_1_37' title="bbox 133 2225 1728 2299">
     <span class='ocr_line' id='line_1_37' title="bbox 133 2225 1728 2299; baseline 0.008 -22"><span class='ocrx_word' id='word_1_277' title='bbox 133 2239 244 2294; x_wconf 89' lang='lat' dir='ltr'><strong>pus</strong></span> <span class='ocrx_word' id='word_1_278' title='bbox 297 2226 654 2294; x_wconf 88' lang='lat' dir='ltr'><strong>acceptabile,</strong></span> <span class='ocrx_word' id='word_1_279' title='bbox 695 2225 807 2298; x_wconf 69' lang='grc'><strong>64</strong></span> <span class='ocrx_word' id='word_1_280' title='bbox 853 2243 965 2299; x_wconf 92' lang='lat' dir='ltr'><strong>quo</strong></span> <span class='ocrx_word' id='word_1_281' title='bbox 1008 2245 1157 2285; x_wconf 92' lang='lat' dir='ltr'><strong>mors</strong></span> <span class='ocrx_word' id='word_1_282' title='bbox 1206 2229 1508 2290; x_wconf 87' lang='lat' dir='ltr'><strong>Salvatoris</strong></span> <span class='ocrx_word' id='word_1_283' title='bbox 1555 2236 1728 2291; x_wconf 89' lang='lat' dir='ltr'><strong>nostri</strong></span> 
     </span>
    </p>
   </div>
   <div class='ocr_carea' id='block_1_38' title="bbox 132 2318 1728 2390">
    <p class='ocr_par' dir='ltr' id='par_1_38' title="bbox 132 2318 1728 2390">
     <span class='ocr_line' id='line_1_38' title="bbox 132 2318 1728 2390; baseline 0.005 -17"><span class='ocrx_word' id='word_1_284' title='bbox 132 2327 410 2388; x_wconf 84' lang='lat' dir='ltr'><strong>tanquam</strong></span> <span class='ocrx_word' id='word_1_285' title='bbox 448 2318 565 2374; x_wconf 88' lang='lat' dir='ltr'><strong>dies</strong></span> <span class='ocrx_word' id='word_1_286' title='bbox 588 2320 782 2375; x_wconf 90' lang='lat' dir='ltr'><strong>salutis</strong></span> <span class='ocrx_word' id='word_1_287' title='bbox 812 2322 1084 2390; x_wconf 86' lang='lat' dir='ltr'><strong>apparuit.</strong></span> <span class='ocrx_word' id='word_1_288' title='bbox 1115 2323 1254 2378; x_wconf 88' lang='lat' dir='ltr'><strong>Cum</strong></span> <span class='ocrx_word' id='word_1_289' title='bbox 1291 2322 1528 2380; x_wconf 85' lang='lat' dir='ltr'><strong>Verbum</strong></span> <span class='ocrx_word' id='word_1_290' title='bbox 1556 2327 1728 2381; x_wconf 88' lang='lat' dir='ltr'><strong>nostri</strong></span> 
     </span>
    </p>
   </div>
   <div class='ocr_carea' id='block_1_39' title="bbox 133 2409 1732 2484">
    <p class='ocr_par' dir='ltr' id='par_1_39' title="bbox 133 2409 1732 2484">
     <span class='ocr_line' id='line_1_39' title="bbox 133 2409 1732 2484; baseline 0.005 -20"><span class='ocrx_word' id='word_1_291' title='bbox 133 2425 313 2464; x_wconf 87' lang='lat' dir='ltr'><strong>causa</strong></span> <span class='ocrx_word' id='word_1_292' title='bbox 340 2409 717 2478; x_wconf 88' lang='lat' dir='ltr'><strong>descenderit,</strong></span> <span class='ocrx_word' id='word_1_293' title='bbox 749 2419 804 2466; x_wconf 91' lang='lat' dir='ltr'><strong>et</strong></span> <span class='ocrx_word' id='word_1_294' title='bbox 828 2411 1239 2484; x_wconf 89' lang='lat' dir='ltr'><strong>incorruptibile</strong></span> <span class='ocrx_word' id='word_1_295' title='bbox 1263 2431 1387 2471; x_wconf 93' lang='lat' dir='ltr'><strong>cum</strong></span> <span class='ocrx_word' id='word_1_296' title='bbox 1412 2429 1575 2484; x_wconf 89' lang='lat' dir='ltr'><strong>esset,</strong></span> <span class='ocrx_word' id='word_1_297' title='bbox 1616 2433 1732 2474; x_wconf 91' lang='lat' dir='ltr'><strong>cor-</strong></span> 
     </span>
    </p>
   </div>
   <div class='ocr_carea' id='block_1_40' title="bbox 132 2501 1731 2578">
    <p class='ocr_par' dir='ltr' id='par_1_40' title="bbox 132 2501 1731 2578">
     <span class='ocr_line' id='line_1_40' title="bbox 132 2501 1731 2578; baseline 0.006 -22"><span class='ocrx_word' id='word_1_298' title='bbox 132 2501 405 2572; x_wconf 84' lang='lat' dir='ltr'><strong>ruptibile</strong></span> <span class='ocrx_word' id='word_1_299' title='bbox 443 2503 549 2558; x_wconf 92' lang='lat' dir='ltr'><strong>sibi</strong></span> <span class='ocrx_word' id='word_1_300' title='bbox 583 2519 783 2574; x_wconf 91' lang='lat' dir='ltr'><strong>corpus</strong></span> <span class='ocrx_word' id='word_1_301' title='bbox 823 2505 1061 2561; x_wconf 88' lang='lat' dir='ltr'><strong>induerit</strong></span> <span class='ocrx_word' id='word_1_302' title='bbox 1088 2516 1310 2578; x_wconf 88' lang='lat' dir='ltr'><strong>propter</strong></span> <span class='ocrx_word' id='word_1_303' title='bbox 1338 2520 1584 2566; x_wconf 90' lang='lat' dir='ltr'><strong>nostrum</strong></span> <span class='ocrx_word' id='word_1_304' title='bbox 1612 2527 1731 2566; x_wconf 91' lang='lat' dir='ltr'><strong>om-</strong></span> 
     </span>
    </p>
   </div>
   <div class='ocr_carea' id='block_1_41' title="bbox 133 2594 1723 2660">
    <p class='ocr_par' dir='ltr' id='par_1_41' title="bbox 133 2594 1723 2660">
     <span class='ocr_line' id='line_1_41' title="bbox 133 2594 1723 2660; baseline 0.005 -12"><span class='ocrx_word' id='word_1_305' title='bbox 133 2594 296 2648; x_wconf 89' lang='lat' dir='ltr'><strong>nium</strong></span> <span class='ocrx_word' id='word_1_306' title='bbox 349 2594 604 2660; x_wconf 86' lang='lat' dir='ltr'><strong>salutem,</strong></span> <span class='ocrx_word' id='word_1_307' title='bbox 649 2595 769 2652; x_wconf 90' lang='lat' dir='ltr'><strong>ideo</strong></span> <span class='ocrx_word' id='word_1_308' title='bbox 821 2596 1024 2654; x_wconf 90' lang='lat' dir='ltr'><strong>Paulus</strong></span> <span class='ocrx_word' id='word_1_309' title='bbox 1070 2601 1407 2655; x_wconf 82' lang='lat' dir='ltr'><strong>confidenter</strong></span> <span class='ocrx_word' id='word_1_310' title='bbox 1457 2601 1595 2656; x_wconf 81' lang='lat' dir='ltr'><strong>dixit</strong></span> <span class='ocrx_word' id='word_1_311' title='bbox 1628 2602 1723 2655; x_wconf 75' lang='grc' dir='ltr'><strong>⁵³τ</strong></span> 
     </span>
    </p>
   </div>
   <div class='ocr_carea' id='block_1_42' title="bbox 137 2683 1730 2766">
    <p class='ocr_par' dir='ltr' id='par_1_42' title="bbox 137 2683 1730 2766">
     <span class='ocr_line' id='line_1_42' title="bbox 137 2683 1730 2766; baseline 0.009 -30"><span class='ocrx_word' id='word_1_312' title='bbox 137 2702 161 2736; x_wconf 72' lang='grc' dir='ltr'><strong>ι</strong></span> <span class='ocrx_word' id='word_1_313' title='bbox 206 2683 436 2755; x_wconf 91' lang='lat' dir='ltr'><strong>Oportet</strong></span> <span class='ocrx_word' id='word_1_314' title='bbox 462 2687 564 2742; x_wconf 90' lang='lat' dir='ltr'><strong>hoc</strong></span> <span class='ocrx_word' id='word_1_315' title='bbox 593 2689 945 2758; x_wconf 89' lang='lat' dir='ltr'><strong>corruptibile</strong></span> <span class='ocrx_word' id='word_1_316' title='bbox 979 2691 1081 2746; x_wconf 90' lang='lat' dir='ltr'><strong>sibi</strong></span> <span class='ocrx_word' id='word_1_317' title='bbox 1114 2691 1338 2747; x_wconf 91' lang='lat' dir='ltr'><strong>induere</strong></span> <span class='ocrx_word' id='word_1_318' title='bbox 1370 2693 1730 2766; x_wconf 91' lang='lat' dir='ltr'><strong>incorruptio-</strong></span> 
     </span>
    </p>
   </div>
   <div class='ocr_carea' id='block_1_43' title="bbox 135 2776 1729 2856">
    <p class='ocr_par' dir='ltr' id='par_1_43' title="bbox 135 2776 1729 2856">
     <span class='ocr_line' id='line_1_43' title="bbox 135 2776 1729 2856; baseline 0.008 -26"><span class='ocrx_word' id='word_1_319' title='bbox 135 2791 290 2831; x_wconf 88' lang='lat' dir='ltr'><strong>nem.</strong></span> <span class='ocrx_word' id='word_1_320' title='bbox 327 2794 347 2829; x_wconf 79' lang='grc' dir='ltr'><strong>ι</strong></span> <span class='ocrx_word' id='word_1_321' title='bbox 377 2776 441 2831; x_wconf 84' lang='grc' dir='ltr'>Ει</span> <span class='ocrx_word' id='word_1_322' title='bbox 464 2777 780 2834; x_wconf 90' lang='lat' dir='ltr'><strong>interfectus</strong></span> <span class='ocrx_word' id='word_1_323' title='bbox 809 2779 909 2834; x_wconf 91' lang='lat' dir='ltr'><strong>fuit</strong></span> <span class='ocrx_word' id='word_1_324' title='bbox 938 2779 1222 2847; x_wconf 90' lang='lat' dir='ltr'><strong>Dominus,</strong></span> <span class='ocrx_word' id='word_1_325' title='bbox 1253 2793 1312 2838; x_wconf 91' lang='lat' dir='ltr'><strong>ut</strong></span> <span class='ocrx_word' id='word_1_326' title='bbox 1338 2785 1604 2856; x_wconf 78' lang='lat' dir='ltr'><strong>sanguine</strong></span> <span class='ocrx_word' id='word_1_327' title='bbox 1628 2803 1729 2842; x_wconf 93' lang='lat' dir='ltr'><strong>suo</strong></span> 
     </span>
    </p>
   </div>
   <div class='ocr_carea' id='block_1_44' title="bbox 134 2869 1728 2944">
    <p class='ocr_par' dir='ltr' id='par_1_44' title="bbox 134 2869 1728 2944">
     <span class='ocr_line' id='line_1_44' title="bbox 134 2869 1728 2944; baseline 0.008 -23"><span class='ocrx_word' id='word_1_328' title='bbox 134 2875 377 2921; x_wconf 88' lang='lat' dir='ltr'><strong>mortem</strong></span> <span class='ocrx_word' id='word_1_329' title='bbox 402 2869 793 2938; x_wconf 79' lang='lat' dir='ltr'><strong>exstingueret.</strong></span> <span class='ocrx_word' id='word_1_330' title='bbox 821 2869 1012 2925; x_wconf 83' lang='lat' dir='ltr'><strong>Merito</strong></span> <span class='ocrx_word' id='word_1_331' title='bbox 1039 2872 1224 2944; x_wconf 88' lang='lat' dir='ltr'><strong>itaque</strong></span> <span class='ocrx_word' id='word_1_332' title='bbox 1250 2875 1486 2944; x_wconf 89' lang='lat' dir='ltr'><strong>quodam</strong></span> <span class='ocrx_word' id='word_1_333' title='bbox 1521 2875 1574 2930; x_wconf 91' lang='lat' dir='ltr'><strong>in</strong></span> <span class='ocrx_word' id='word_1_334' title='bbox 1608 2877 1728 2934; x_wconf 92' lang='lat' dir='ltr'><strong>loco</strong></span> 
     </span>
    </p>
   </div>
   <div class='ocr_carea' id='block_1_45' title="bbox 135 2959 1728 3038">
    <p class='ocr_par' dir='ltr' id='par_1_45' title="bbox 135 2959 1728 3038">
     <span class='ocr_line' id='line_1_45' title="bbox 135 2959 1728 3038; baseline 0.008 -26"><span class='ocrx_word' id='word_1_335' title='bbox 135 2959 492 3028; x_wconf 88' lang='lat' dir='ltr'><strong>reprehendit</strong></span> <span class='ocrx_word' id='word_1_336' title='bbox 533 2975 630 3016; x_wconf 90' lang='lat' dir='ltr'><strong>eos</strong></span> <span class='ocrx_word' id='word_1_337' title='bbox 682 2961 775 3031; x_wconf 92' lang='lat' dir='ltr'><strong>qui</strong></span> <span class='ocrx_word' id='word_1_338' title='bbox 823 2961 1025 3017; x_wconf 88' lang='lat' dir='ltr'><strong>frustra</strong></span> <span class='ocrx_word' id='word_1_339' title='bbox 1078 2965 1404 3034; x_wconf 89' lang='lat' dir='ltr'><strong>participant</strong></span> <span class='ocrx_word' id='word_1_340' title='bbox 1446 2968 1728 3038; x_wconf 83' lang='lat' dir='ltr'><strong>sanguinis</strong></span> 
     </span>
    </p>
   </div>
   <div class='ocr_carea' id='block_1_46' title="bbox 131 3051 1724 3122">
    <p class='ocr_par' dir='ltr' id='par_1_46' title="bbox 131 3051 1724 3122">
     <span class='ocr_line' id='line_1_46' title="bbox 131 3051 1724 3122; baseline 0.006 -17"><span class='ocrx_word' id='word_1_341' title='bbox 131 3052 264 3122; x_wconf 86' lang='lat' dir='ltr'><strong>ejus</strong></span> <span class='ocrx_word' id='word_1_342' title='bbox 295 3051 636 3116; x_wconf 75' lang='lat' dir='ltr'><strong>eﬂusionem,</strong></span> <span class='ocrx_word' id='word_1_343' title='bbox 669 3067 847 3122; x_wconf 90' lang='lat' dir='ltr'><strong>neque</strong></span> <span class='ocrx_word' id='word_1_344' title='bbox 883 3051 1045 3108; x_wconf 79' lang='lat' dir='ltr'><strong>Verbi</strong></span> <span class='ocrx_word' id='word_1_345' title='bbox 1078 3071 1244 3111; x_wconf 89' lang='lat' dir='ltr'><strong>carne</strong></span> <span class='ocrx_word' id='word_1_346' title='bbox 1270 3057 1610 3113; x_wconf 88' lang='lat' dir='ltr'><strong>delectantur</strong></span> <span class='ocrx_word' id='word_1_347' title='bbox 1638 3061 1683 3091; x_wconf 70' lang='grc'><strong>⁸⁸</strong></span> <span class='ocrx_word' id='word_1_348' title='bbox 1711 3077 1724 3114; x_wconf 88' lang='lat'><strong>:</strong></span> 
     </span>
    </p>
   </div>
   <div class='ocr_carea' id='block_1_47' title="bbox 140 3145 1723 3218">
    <p class='ocr_par' dir='ltr' id='par_1_47' title="bbox 140 3145 1723 3218">
     <span class='ocr_line' id='line_1_47' title="bbox 140 3145 1723 3218; baseline 0.005 -20"><span class='ocrx_word' id='word_1_349' title='bbox 140 3163 167 3199; x_wconf 69' lang='grc' dir='ltr'>ς</span> <span class='ocrx_word' id='word_1_350' title='bbox 203 3145 340 3211; x_wconf 73' lang='lat' dir='ltr'><strong>Qua:</strong></span> <span class='ocrx_word' id='word_1_351' title='bbox 370 3146 576 3200; x_wconf 88' lang='lat' dir='ltr'><strong>utilitas</strong></span> <span class='ocrx_word' id='word_1_352' title='bbox 609 3147 663 3200; x_wconf 91' lang='lat' dir='ltr'><strong>in</strong></span> <span class='ocrx_word' id='word_1_353' title='bbox 708 3147 974 3218; x_wconf 82' lang='lat' dir='ltr'><strong>sanguine</strong></span> <span class='ocrx_word' id='word_1_354' title='bbox 1018 3163 1158 3215; x_wconf 91' lang='lat' dir='ltr'><strong>meo,</strong></span> <span class='ocrx_word' id='word_1_355' title='bbox 1201 3149 1328 3203; x_wconf 92' lang='lat' dir='ltr'><strong>dum</strong></span> <span class='ocrx_word' id='word_1_356' title='bbox 1363 3149 1635 3204; x_wconf 88' lang='lat' dir='ltr'><strong>descendo</strong></span> <span class='ocrx_word' id='word_1_357' title='bbox 1671 3152 1723 3206; x_wconf 90' lang='lat' dir='ltr'><strong>in</strong></span> 
     </span>
    </p>
   </div>
   <div class='ocr_carea' id='block_1_48' title="bbox 134 3213 1795 3308">
    <p class='ocr_par' dir='ltr' id='par_1_48' title="bbox 134 3213 1795 3308">
     <span class='ocr_line' id='line_1_48' title="bbox 134 3213 1795 3308; baseline 0.001 -13"><span class='ocrx_word' id='word_1_358' title='bbox 134 3239 597 3308; x_wconf 85' lang='lat' dir='ltr'><strong>corruptionem?</strong></span> <span class='ocrx_word' id='word_1_359' title='bbox 629 3259 649 3291; x_wconf 76' lang='grc' dir='ltr'><strong>ι</strong></span> <span class='ocrx_word' id='word_1_360' title='bbox 693 3213 852 3294; x_wconf 73' lang='lat' dir='ltr'><strong>Certe</strong></span> <span class='ocrx_word' id='word_1_361' title='bbox 879 3241 1115 3295; x_wconf 87' lang='lat' dir='ltr'><strong>utilitate</strong></span> <span class='ocrx_word' id='word_1_362' title='bbox 1159 3257 1268 3295; x_wconf 94' lang='lat' dir='ltr'><strong>non</strong></span> <span class='ocrx_word' id='word_1_363' title='bbox 1296 3243 1476 3296; x_wconf 92' lang='lat' dir='ltr'><strong>caruit</strong></span> <span class='ocrx_word' id='word_1_364' title='bbox 1511 3241 1725 3296; x_wconf 89' lang='lat' dir='ltr'><strong>Domini</strong></span> <span class='ocrx_word' id='word_1_365' title='bbox 1753 3213 1795 3270; x_wconf 64' lang='grc' dir='ltr'><strong>ϐ</strong></span> 
     </span>
    </p>
   </div>
   <div class='ocr_carea' id='block_1_49' title="bbox 134 3331 1722 3405">
    <p class='ocr_par' dir='ltr' id='par_1_49' title="bbox 134 3331 1722 3405">
     <span class='ocr_line' id='line_1_49' title="bbox 134 3331 1722 3405; baseline 0.001 -19"><span class='ocrx_word' id='word_1_366' title='bbox 134 3331 469 3397; x_wconf 86' lang='lat' dir='ltr'><strong>descensio,</strong></span> <span class='ocrx_word' id='word_1_367' title='bbox 519 3332 631 3386; x_wconf 90' lang='lat' dir='ltr'><strong>imo</strong></span> <span class='ocrx_word' id='word_1_368' title='bbox 686 3332 804 3386; x_wconf 89' lang='lat' dir='ltr'><strong>orbi</strong></span> <span class='ocrx_word' id='word_1_369' title='bbox 853 3335 1108 3388; x_wconf 86' lang='lat' dir='ltr'><strong>universo</strong></span> <span class='ocrx_word' id='word_1_370' title='bbox 1161 3335 1447 3389; x_wconf 89' lang='lat' dir='ltr'><strong>utilitatem</strong></span> <span class='ocrx_word' id='word_1_371' title='bbox 1493 3338 1722 3405; x_wconf 80' lang='lat' dir='ltr'><strong>peperit.</strong></span> 
     </span>
    </p>
   </div>
   <div class='ocr_carea' id='block_1_50' title="bbox 131 3419 1726 3493">
    <p class='ocr_par' dir='ltr' id='par_1_50' title="bbox 131 3419 1726 3493">
     <span class='ocr_line' id='line_1_50' title="bbox 131 3419 1726 3493; baseline 0.003 -18"><span class='ocrx_word' id='word_1_372' title='bbox 131 3419 263 3475; x_wconf 81' lang='lat' dir='ltr'><strong>Jam</strong></span> <span class='ocrx_word' id='word_1_373' title='bbox 292 3435 415 3474; x_wconf 93' lang='lat' dir='ltr'><strong>cum</strong></span> <span class='ocrx_word' id='word_1_374' title='bbox 441 3421 556 3490; x_wconf 90' lang='lat' dir='ltr'><strong>ipse</strong></span> <span class='ocrx_word' id='word_1_375' title='bbox 581 3421 653 3474; x_wconf 90' lang='lat' dir='ltr'><strong>ita</strong></span> <span class='ocrx_word' id='word_1_376' title='bbox 684 3422 755 3476; x_wconf 88' lang='lat' dir='ltr'><strong>sit</strong></span> <span class='ocrx_word' id='word_1_377' title='bbox 789 3437 1003 3491; x_wconf 90' lang='lat' dir='ltr'><strong>passus,</strong></span> <span class='ocrx_word' id='word_1_378' title='bbox 1033 3423 1069 3476; x_wconf 95' lang='lat' dir='ltr'><strong>ii</strong></span> <span class='ocrx_word' id='word_1_379' title='bbox 1098 3423 1192 3493; x_wconf 92' lang='lat' dir='ltr'><strong>qui</strong></span> <span class='ocrx_word' id='word_1_380' title='bbox 1222 3433 1470 3493; x_wconf 80' lang='lat' dir='ltr'><strong>peccant,</strong></span> <span class='ocrx_word' id='word_1_381' title='bbox 1506 3426 1726 3480; x_wconf 87' lang='lat' dir='ltr'><strong>malint-</strong></span> 
     </span>
    </p>
   </div>
   <div class='ocr_carea' id='block_1_51' title="bbox 137 3510 1728 3584">
    <p class='ocr_par' dir='ltr' id='par_1_51' title="bbox 137 3510 1728 3584">
     <span class='ocr_line' id='line_1_51' title="bbox 137 3510 1728 3584; baseline 0.001 -17"><span class='ocrx_word' id='word_1_382' title='bbox 137 3528 212 3567; x_wconf 75' lang='lat' dir='ltr'><strong>ue</strong></span> <span class='ocrx_word' id='word_1_383' title='bbox 247 3512 498 3566; x_wconf 90' lang='lat' dir='ltr'><strong>amittere</strong></span> <span class='ocrx_word' id='word_1_384' title='bbox 528 3527 598 3566; x_wconf 90' lang='lat' dir='ltr'><strong>an</strong></span> <span class='ocrx_word' id='word_1_385' title='bbox 645 3512 887 3566; x_wconf 87' lang='lat' dir='ltr'><strong>lucrari?</strong></span> <span class='ocrx_word' id='word_1_386' title='bbox 914 3510 1211 3568; x_wconf 90' lang='lat' dir='ltr'><strong>Utilitatem</strong></span> <span class='ocrx_word' id='word_1_387' title='bbox 1249 3529 1313 3569; x_wconf 92' lang='lat' dir='ltr'><strong>ac</strong></span> <span class='ocrx_word' id='word_1_388' title='bbox 1341 3515 1613 3584; x_wconf 87' lang='lat' dir='ltr'><strong>peculiare</strong></span> <span class='ocrx_word' id='word_1_389' title='bbox 1646 3517 1728 3569; x_wconf 85' lang='lat' dir='ltr'><strong>lu-</strong></span> 
     </span>
    </p>
   </div>
   <div class='ocr_carea' id='block_1_52' title="bbox 136 3603 1728 3676">
    <p class='ocr_par' dir='ltr' id='par_1_52' title="bbox 136 3603 1728 3676">
     <span class='ocr_line' id='line_1_52' title="bbox 136 3603 1728 3676; baseline 0.001 -16"><span class='ocrx_word' id='word_1_390' title='bbox 136 3619 300 3660; x_wconf 89' lang='lat' dir='ltr'><strong>crum</strong></span> <span class='ocrx_word' id='word_1_391' title='bbox 327 3603 443 3673; x_wconf 89' lang='lat' dir='ltr'><strong>ipse</strong></span> <span class='ocrx_word' id='word_1_392' title='bbox 475 3613 720 3659; x_wconf 89' lang='lat' dir='ltr'><strong>nostram</strong></span> <span class='ocrx_word' id='word_1_393' title='bbox 751 3606 980 3662; x_wconf 89' lang='lat' dir='ltr'><strong>salutem</strong></span> <span class='ocrx_word' id='word_1_394' title='bbox 1006 3615 1248 3676; x_wconf 90' lang='lat' dir='ltr'><strong>reputat;</strong></span> <span class='ocrx_word' id='word_1_395' title='bbox 1275 3623 1433 3662; x_wconf 87' lang='lat' dir='ltr'><strong>secus</strong></span> <span class='ocrx_word' id='word_1_396' title='bbox 1461 3623 1611 3671; x_wconf 89' lang='lat' dir='ltr'><strong>vero,</strong></span> <span class='ocrx_word' id='word_1_397' title='bbox 1635 3623 1728 3662; x_wconf 88' lang='lat' dir='ltr'><strong>no-</strong></span> 
     </span>
    </p>
   </div>
   <div class='ocr_carea' id='block_1_53' title="bbox 137 3693 778 3750">
    <p class='ocr_par' dir='ltr' id='par_1_53' title="bbox 137 3693 778 3750">
     <span class='ocr_line' id='line_1_53' title="bbox 137 3693 778 3750; baseline 0.002 -1"><span class='ocrx_word' id='word_1_398' title='bbox 137 3703 315 3749; x_wconf 89' lang='lat' dir='ltr'><strong>stram</strong></span> <span class='ocrx_word' id='word_1_399' title='bbox 349 3693 778 3750; x_wconf 87' lang='lat' dir='ltr'><strong>damnationem.</strong></span> 
     </span>
    </p>
   </div>
   <div class='ocr_carea' id='block_1_54' title="bbox 212 3783 1728 3858">
    <p class='ocr_par' dir='ltr' id='par_1_54' title="bbox 212 3783 1728 3858">
     <span class='ocr_line' id='line_1_54' title="bbox 212 3783 1728 3858; baseline 0.005 -18"><span class='ocrx_word' id='word_1_400' title='bbox 212 3785 270 3840; x_wconf 85' lang='lat'><strong>5.</strong></span> <span class='ocrx_word' id='word_1_401' title='bbox 305 3783 448 3840; x_wconf 89' lang='lat' dir='ltr'><strong>Idem</strong></span> <span class='ocrx_word' id='word_1_402' title='bbox 475 3785 529 3840; x_wconf 92' lang='lat' dir='ltr'><strong>in</strong></span> <span class='ocrx_word' id='word_1_403' title='bbox 553 3784 846 3858; x_wconf 85' lang='lat' dir='ltr'><strong>Evangelio</strong></span> <span class='ocrx_word' id='word_1_404' title='bbox 875 3802 972 3842; x_wconf 89' lang='lat' dir='ltr'><strong>ceu</strong></span> <span class='ocrx_word' id='word_1_405' title='bbox 1012 3788 1284 3844; x_wconf 85' lang='lat' dir='ltr'><strong>Iucrilicos</strong></span> <span class='ocrx_word' id='word_1_406' title='bbox 1323 3803 1387 3844; x_wconf 90' lang='lat' dir='ltr'><strong>ac</strong></span> <span class='ocrx_word' id='word_1_407' title='bbox 1417 3787 1728 3847; x_wconf 88' lang='lat' dir='ltr'><strong>fructuosos</strong></span> 
     </span>
    </p>
   </div>
   <div class='ocr_carea' id='block_1_55' title="bbox 135 3879 1729 3950">
    <p class='ocr_par' dir='ltr' id='par_1_55' title="bbox 135 3879 1729 3950">
     <span class='ocr_line' id='line_1_55' title="bbox 135 3879 1729 3950; baseline 0.003 -16"><span class='ocrx_word' id='word_1_408' title='bbox 135 3893 240 3934; x_wconf 84' lang='lat' dir='ltr'><strong>eos</strong></span> <span class='ocrx_word' id='word_1_409' title='bbox 281 3879 666 3946; x_wconf 86' lang='lat' dir='ltr'><strong>commendat,</strong></span> <span class='ocrx_word' id='word_1_410' title='bbox 711 3880 803 3948; x_wconf 87' lang='lat' dir='ltr'><strong>qui</strong></span> <span class='ocrx_word' id='word_1_411' title='bbox 843 3879 1074 3950; x_wconf 80' lang='lat' dir='ltr'><strong>gratiam</strong></span> <span class='ocrx_word' id='word_1_412' title='bbox 1129 3881 1575 3950; x_wconf 90' lang='lat' dir='ltr'><strong>duplicaverunt,</strong></span> <span class='ocrx_word' id='word_1_413' title='bbox 1629 3899 1729 3938; x_wconf 91' lang='lat' dir='ltr'><strong>ceu</strong></span> 
     </span>
    </p>
   </div>
   <div class='ocr_carea' id='block_1_56' title="bbox 141 3969 1728 4042">
    <p class='ocr_par' dir='ltr' id='par_1_56' title="bbox 141 3969 1728 4042">
     <span class='ocr_line' id='line_1_56' title="bbox 141 3969 1728 4042; baseline 0.003 -17"><span class='ocrx_word' id='word_1_414' title='bbox 141 3971 250 4026; x_wconf 86' lang='lat' dir='ltr'><strong>fuit</strong></span> <span class='ocrx_word' id='word_1_415' title='bbox 281 3969 371 4024; x_wconf 92' lang='lat' dir='ltr'><strong>ille</strong></span> <span class='ocrx_word' id='word_1_416' title='bbox 409 3970 504 4040; x_wconf 92' lang='lat' dir='ltr'><strong>qui</strong></span> <span class='ocrx_word' id='word_1_417' title='bbox 549 3970 616 4025; x_wconf 91' lang='lat' dir='ltr'><strong>de</strong></span> <span class='ocrx_word' id='word_1_418' title='bbox 672 3971 915 4042; x_wconf 91' lang='lat' dir='ltr'><strong>quinque</strong></span> <span class='ocrx_word' id='word_1_419' title='bbox 963 3973 1183 4027; x_wconf 90' lang='lat' dir='ltr'><strong>talentis</strong></span> <span class='ocrx_word' id='word_1_420' title='bbox 1235 3973 1444 4039; x_wconf 86' lang='lat' dir='ltr'><strong>decem,</strong></span> <span class='ocrx_word' id='word_1_421' title='bbox 1497 3982 1550 4028; x_wconf 91' lang='lat' dir='ltr'><strong>et</strong></span> <span class='ocrx_word' id='word_1_422' title='bbox 1588 3974 1728 4030; x_wconf 86' lang='lat' dir='ltr'><strong>alius</strong></span> 
     </span>
    </p>
   </div>
   <div class='ocr_carea' id='block_1_57' title="bbox 138 4062 1732 4133">
    <p class='ocr_par' dir='ltr' id='par_1_57' title="bbox 138 4062 1732 4133">
     <span class='ocr_line' id='line_1_57' title="bbox 138 4062 1732 4133; baseline 0.001 -17"><span class='ocrx_word' id='word_1_423' title='bbox 138 4063 242 4133; x_wconf 88' lang='lat' dir='ltr'><strong>qui</strong></span> <span class='ocrx_word' id='word_1_424' title='bbox 288 4062 354 4117; x_wconf 92' lang='lat' dir='ltr'><strong>de</strong></span> <span class='ocrx_word' id='word_1_425' title='bbox 380 4062 595 4116; x_wconf 89' lang='lat' dir='ltr'><strong>duobus</strong></span> <span class='ocrx_word' id='word_1_426' title='bbox 648 4072 884 4132; x_wconf 88' lang='lat' dir='ltr'><strong>quatuor</strong></span> <span class='ocrx_word' id='word_1_427' title='bbox 910 4063 1108 4118; x_wconf 72' lang='lat' dir='ltr'><strong>effecit.</strong></span> <span class='ocrx_word' id='word_1_428' title='bbox 1143 4063 1212 4118; x_wconf 84' lang='lat' dir='ltr'><strong>At</strong></span> <span class='ocrx_word' id='word_1_429' title='bbox 1244 4063 1392 4117; x_wconf 91' lang='lat' dir='ltr'><strong>illum</strong></span> <span class='ocrx_word' id='word_1_430' title='bbox 1441 4064 1532 4133; x_wconf 93' lang='lat' dir='ltr'><strong>qui</strong></span> <span class='ocrx_word' id='word_1_431' title='bbox 1561 4065 1732 4118; x_wconf 89' lang='lat' dir='ltr'><strong>talen-</strong></span> 
     </span>
    </p>
   </div>
   <div class='ocr_carea' id='block_1_58' title="bbox 142 4153 1731 4225">
    <p class='ocr_par' dir='ltr' id='par_1_58' title="bbox 142 4153 1731 4225">
     <span class='ocr_line' id='line_1_58' title="bbox 142 4153 1731 4225; baseline -0.001 -15"><span class='ocrx_word' id='word_1_432' title='bbox 142 4167 270 4210; x_wconf 83' lang='lat' dir='ltr'><strong>tum</strong></span> <span class='ocrx_word' id='word_1_433' title='bbox 322 4153 600 4220; x_wconf 90' lang='lat' dir='ltr'><strong>occuluit,</strong></span> <span class='ocrx_word' id='word_1_434' title='bbox 651 4164 910 4224; x_wconf 84' lang='lat' dir='ltr'><strong>tanquam</strong></span> <span class='ocrx_word' id='word_1_435' title='bbox 963 4153 1291 4224; x_wconf 88' lang='lat' dir='ltr'><strong>perditorem</strong></span> <span class='ocrx_word' id='word_1_436' title='bbox 1349 4155 1600 4225; x_wconf 89' lang='lat' dir='ltr'><strong>objurgat</strong></span> <span class='ocrx_word' id='word_1_437' title='bbox 1649 4157 1731 4211; x_wconf 91' lang='lat' dir='ltr'><strong>di-</strong></span> 
     </span>
    </p>
   </div>
   <div class='ocr_carea' id='block_1_59' title="bbox 142 4246 1730 4318">
    <p class='ocr_par' dir='ltr' id='par_1_59' title="bbox 142 4246 1730 4318">
     <span class='ocr_line' id='line_1_59' title="bbox 142 4246 1730 4318; baseline 0.002 -16"><span class='ocrx_word' id='word_1_438' title='bbox 142 4264 281 4302; x_wconf 80' lang='lat' dir='ltr'><strong>cens</strong></span> <span class='ocrx_word' id='word_1_439' title='bbox 309 4247 358 4279; x_wconf 80' lang='grc'><strong>⁵⁸</strong></span> <span class='ocrx_word' id='word_1_440' title='bbox 386 4265 400 4300; x_wconf 89' lang='lat'>:</span> <span class='ocrx_word' id='word_1_441' title='bbox 442 4265 459 4298; x_wconf 75' lang='grc' dir='ltr'><strong>ι</strong></span> <span class='ocrx_word' id='word_1_442' title='bbox 508 4246 673 4301; x_wconf 81' lang='lat' dir='ltr'><strong>Serve</strong></span> <span class='ocrx_word' id='word_1_443' title='bbox 702 4247 862 4310; x_wconf 82' lang='lat' dir='ltr'><strong>male,</strong></span> <span class='ocrx_word' id='word_1_444' title='bbox 895 4263 1075 4302; x_wconf 92' lang='lat' dir='ltr'><strong>nonne</strong></span> <span class='ocrx_word' id='word_1_445' title='bbox 1103 4248 1341 4318; x_wconf 78' lang='lat' dir='ltr'><strong>Oportuit</strong></span> <span class='ocrx_word' id='word_1_446' title='bbox 1362 4257 1412 4303; x_wconf 91' lang='lat' dir='ltr'><strong>te</strong></span> <span class='ocrx_word' id='word_1_447' title='bbox 1441 4249 1730 4318; x_wconf 75' lang='lat' dir='ltr'><strong>pecuniam</strong></span> 
     </span>
    </p>
   </div>
   <div class='ocr_carea' id='block_1_60' title="bbox 143 4339 1730 4414">
    <p class='ocr_par' dir='ltr' id='par_1_60' title="bbox 143 4339 1730 4414">
     <span class='ocr_line' id='line_1_60' title="bbox 143 4339 1730 4414; baseline 0.001 -20"><span class='ocrx_word' id='word_1_448' title='bbox 143 4355 326 4394; x_wconf 84' lang='lat' dir='ltr'><strong>meam</strong></span> <span class='ocrx_word' id='word_1_449' title='bbox 355 4339 692 4394; x_wconf 89' lang='lat' dir='ltr'><strong>committere</strong></span> <span class='ocrx_word' id='word_1_450' title='bbox 719 4339 1130 4404; x_wconf 89' lang='lat' dir='ltr'><strong>nummulariis,</strong></span> <span class='ocrx_word' id='word_1_451' title='bbox 1164 4348 1218 4394; x_wconf 95' lang='lat' dir='ltr'><strong>et</strong></span> <span class='ocrx_word' id='word_1_452' title='bbox 1251 4341 1472 4396; x_wconf 88' lang='lat' dir='ltr'><strong>veniens</strong></span> <span class='ocrx_word' id='word_1_453' title='bbox 1501 4358 1601 4414; x_wconf 85' lang='lat' dir='ltr'><strong>ego</strong></span> <span class='ocrx_word' id='word_1_454' title='bbox 1644 4358 1730 4396; x_wconf 80' lang='lat' dir='ltr'><strong>rc-</strong></span> 
     </span>
    </p>
   </div>
   <div class='ocr_carea' id='block_1_61' title="bbox 144 4430 1730 4501">
    <p class='ocr_par' dir='ltr' id='par_1_61' title="bbox 144 4430 1730 4501">
     <span class='ocr_line' id='line_1_61' title="bbox 144 4430 1730 4501; baseline 0.001 -15"><span class='ocrx_word' id='word_1_455' title='bbox 144 4431 414 4501; x_wconf 87' lang='lat' dir='ltr'><strong>cepissem</strong></span> <span class='ocrx_word' id='word_1_456' title='bbox 447 4431 636 4500; x_wconf 87' lang='lat' dir='ltr'><strong>utique</strong></span> <span class='ocrx_word' id='word_1_457' title='bbox 669 4430 814 4500; x_wconf 91' lang='lat' dir='ltr'><strong>quod</strong></span> <span class='ocrx_word' id='word_1_458' title='bbox 845 4446 1024 4484; x_wconf 92' lang='lat' dir='ltr'><strong>meum</strong></span> <span class='ocrx_word' id='word_1_459' title='bbox 1065 4441 1148 4486; x_wconf 90' lang='lat' dir='ltr'><strong>est</strong></span> <span class='ocrx_word' id='word_1_460' title='bbox 1180 4445 1305 4486; x_wconf 91' lang='lat' dir='ltr'><strong>cum</strong></span> <span class='ocrx_word' id='word_1_461' title='bbox 1334 4432 1575 4500; x_wconf 85' lang='lat' dir='ltr'><strong>ejusdem</strong></span> <span class='ocrx_word' id='word_1_462' title='bbox 1602 4449 1730 4488; x_wconf 80' lang='lat' dir='ltr'><strong>usu-</strong></span> 
     </span>
    </p>
   </div>
   <div class='ocr_carea' id='block_1_62' title="bbox 145 4521 1726 4594">
    <p class='ocr_par' dir='ltr' id='par_1_62' title="bbox 145 4521 1726 4594">
     <span class='ocr_line' id='line_1_62' title="bbox 145 4521 1726 4594; baseline -0.001 -17"><span class='ocrx_word' id='word_1_463' title='bbox 145 4525 250 4578; x_wconf 84' lang='lat' dir='ltr'><strong>ra?</strong></span> <span class='ocrx_word' id='word_1_464' title='bbox 279 4521 474 4576; x_wconf 91' lang='lat' dir='ltr'><strong>Tollite</strong></span> <span class='ocrx_word' id='word_1_465' title='bbox 523 4523 706 4591; x_wconf 87' lang='lat' dir='ltr'><strong>itaque</strong></span> <span class='ocrx_word' id='word_1_466' title='bbox 740 4523 809 4576; x_wconf 91' lang='lat' dir='ltr'><strong>ab</strong></span> <span class='ocrx_word' id='word_1_467' title='bbox 843 4537 910 4576; x_wconf 93' lang='lat' dir='ltr'><strong>eo</strong></span> <span class='ocrx_word' id='word_1_468' title='bbox 951 4523 1240 4586; x_wconf 88' lang='lat' dir='ltr'><strong>talentum,</strong></span> <span class='ocrx_word' id='word_1_469' title='bbox 1271 4531 1325 4576; x_wconf 91' lang='lat' dir='ltr'><strong>et</strong></span> <span class='ocrx_word' id='word_1_470' title='bbox 1365 4523 1493 4577; x_wconf 85' lang='lat' dir='ltr'><strong>date</strong></span> <span class='ocrx_word' id='word_1_471' title='bbox 1538 4523 1588 4577; x_wconf 91' lang='lat' dir='ltr'><strong>ei</strong></span> <span class='ocrx_word' id='word_1_472' title='bbox 1635 4523 1726 4594; x_wconf 89' lang='lat' dir='ltr'><strong>qui</strong></span> 
     </span>
    </p>
   </div>
   <div class='ocr_carea' id='block_1_63' title="bbox 146 4612 1730 4684">
    <p class='ocr_par' dir='ltr' id='par_1_63' title="bbox 146 4612 1730 4684">
     <span class='ocr_line' id='line_1_63' title="bbox 146 4612 1730 4684; baseline 0 -14"><span class='ocrx_word' id='word_1_473' title='bbox 146 4617 338 4670; x_wconf 89' lang='lat' dir='ltr'><strong>decem</strong></span> <span class='ocrx_word' id='word_1_474' title='bbox 391 4614 591 4668; x_wconf 90' lang='lat' dir='ltr'><strong>talenta</strong></span> <span class='ocrx_word' id='word_1_475' title='bbox 627 4613 806 4668; x_wconf 89' lang='lat' dir='ltr'><strong>habet.</strong></span> <span class='ocrx_word' id='word_1_476' title='bbox 838 4612 972 4667; x_wconf 90' lang='lat' dir='ltr'><strong>Nam</strong></span> <span class='ocrx_word' id='word_1_477' title='bbox 1003 4616 1096 4684; x_wconf 90' lang='lat' dir='ltr'><strong>qui</strong></span> <span class='ocrx_word' id='word_1_478' title='bbox 1147 4613 1332 4679; x_wconf 87' lang='lat' dir='ltr'><strong>habet,</strong></span> <span class='ocrx_word' id='word_1_479' title='bbox 1378 4615 1538 4670; x_wconf 87' lang='lat' dir='ltr'><strong>datur</strong></span> <span class='ocrx_word' id='word_1_480' title='bbox 1568 4615 1640 4680; x_wconf 92' lang='lat' dir='ltr'><strong>ei,</strong></span> <span class='ocrx_word' id='word_1_481' title='bbox 1675 4624 1730 4670; x_wconf 92' lang='lat' dir='ltr'><strong>et</strong></span> 
     </span>
    </p>
   </div>
   <div class='ocr_carea' id='block_1_64' title="bbox 147 4705 1727 4775">
    <p class='ocr_par' dir='ltr' id='par_1_64' title="bbox 147 4705 1727 4775">
     <span class='ocr_line' id='line_1_64' title="bbox 147 4705 1727 4775; baseline 0.002 -14"><span class='ocrx_word' id='word_1_482' title='bbox 147 4707 465 4761; x_wconf 89' lang='lat' dir='ltr'><strong>cumulatur</strong></span> <span class='ocrx_word' id='word_1_483' title='bbox 493 4705 598 4760; x_wconf 87' lang='lat' dir='ltr'><strong>:ab</strong></span> <span class='ocrx_word' id='word_1_484' title='bbox 624 4721 688 4760; x_wconf 92' lang='lat' dir='ltr'><strong>eo</strong></span> <span class='ocrx_word' id='word_1_485' title='bbox 716 4715 896 4759; x_wconf 89' lang='lat' dir='ltr'><strong>autem</strong></span> <span class='ocrx_word' id='word_1_486' title='bbox 925 4706 1018 4775; x_wconf 92' lang='lat' dir='ltr'><strong>qui</strong></span> <span class='ocrx_word' id='word_1_487' title='bbox 1046 4722 1151 4760; x_wconf 90' lang='lat' dir='ltr'><strong>non</strong></span> <span class='ocrx_word' id='word_1_488' title='bbox 1186 4707 1366 4774; x_wconf 86' lang='lat' dir='ltr'><strong>habet,</strong></span> <span class='ocrx_word' id='word_1_489' title='bbox 1405 4708 1568 4762; x_wconf 88' lang='lat' dir='ltr'><strong>etiam</strong></span> <span class='ocrx_word' id='word_1_490' title='bbox 1596 4709 1727 4764; x_wconf 93' lang='lat' dir='ltr'><strong>illud</strong></span> 
     </span>
    </p>
   </div>
   <div class='ocr_carea' id='block_1_65' title="bbox 148 4795 1726 4869">
    <p class='ocr_par' dir='ltr' id='par_1_65' title="bbox 148 4795 1726 4869">
     <span class='ocr_line' id='line_1_65' title="bbox 148 4795 1726 4869; baseline -0.001 -16"><span class='ocrx_word' id='word_1_491' title='bbox 148 4799 296 4869; x_wconf 89' lang='lat' dir='ltr'><strong>quod</strong></span> <span class='ocrx_word' id='word_1_492' title='bbox 343 4797 523 4862; x_wconf 83' lang='lat' dir='ltr'><strong>habet,</strong></span> <span class='ocrx_word' id='word_1_493' title='bbox 565 4795 828 4850; x_wconf 90' lang='lat' dir='ltr'><strong>aufertur.</strong></span> <span class='ocrx_word' id='word_1_494' title='bbox 861 4795 928 4849; x_wconf 89' lang='lat' dir='ltr'><strong>Et</strong></span> <span class='ocrx_word' id='word_1_495' title='bbox 957 4796 1137 4851; x_wconf 93' lang='lat' dir='ltr'><strong>ducite</strong></span> <span class='ocrx_word' id='word_1_496' title='bbox 1168 4795 1275 4867; x_wconf 77' lang='lat'><strong>65</strong></span> <span class='ocrx_word' id='word_1_497' title='bbox 1308 4813 1528 4851; x_wconf 87' lang='lat' dir='ltr'><strong>servum</strong></span> <span class='ocrx_word' id='word_1_498' title='bbox 1559 4800 1726 4854; x_wconf 88' lang='lat' dir='ltr'><strong>inuti-</strong></span> 
     </span>
    </p>
   </div>
   <div class='ocr_carea' id='block_1_66' title="bbox 149 4889 1728 4948">
    <p class='ocr_par' dir='ltr' id='par_1_66' title="bbox 149 4889 1728 4948">
     <span class='ocr_line' id='line_1_66' title="bbox 149 4889 1728 4948; baseline 0.002 -3"><span class='ocrx_word' id='word_1_499' title='bbox 149 4891 257 4947; x_wconf 90' lang='lat' dir='ltr'><strong>lem</strong></span> <span class='ocrx_word' id='word_1_500' title='bbox 295 4891 363 4945; x_wconf 90' lang='lat' dir='ltr'><strong>ad</strong></span> <span class='ocrx_word' id='word_1_501' title='bbox 409 4891 661 4945; x_wconf 87' lang='lat' dir='ltr'><strong>tenebras</strong></span> <span class='ocrx_word' id='word_1_502' title='bbox 697 4889 992 4944; x_wconf 85' lang='lat' dir='ltr'><strong>exteriores</strong></span> <span class='ocrx_word' id='word_1_503' title='bbox 1023 4906 1036 4942; x_wconf 92' lang='lat'>:</span> <span class='ocrx_word' id='word_1_504' title='bbox 1076 4889 1149 4944; x_wconf 91' lang='lat' dir='ltr'><strong>ibi</strong></span> <span class='ocrx_word' id='word_1_505' title='bbox 1182 4891 1287 4944; x_wconf 93' lang='lat' dir='ltr'><strong>erit</strong></span> <span class='ocrx_word' id='word_1_506' title='bbox 1319 4889 1478 4946; x_wconf 81' lang='lat' dir='ltr'><strong>fletus</strong></span> <span class='ocrx_word' id='word_1_507' title='bbox 1507 4900 1561 4946; x_wconf 91' lang='lat' dir='ltr'><strong>et</strong></span> <span class='ocrx_word' id='word_1_508' title='bbox 1599 4895 1728 4948; x_wconf 89' lang='lat' dir='ltr'><strong>stri-</strong></span> 
     </span>
    </p>
   </div>
   <div class='ocr_carea' id='block_1_67' title="bbox 149 4980 1728 5052">
    <p class='ocr_par' dir='ltr' id='par_1_67' title="bbox 149 4980 1728 5052">
     <span class='ocr_line' id='line_1_67' title="bbox 149 4980 1728 5052; baseline 0.001 -13"><span class='ocrx_word' id='word_1_509' title='bbox 149 4985 252 5039; x_wconf 92' lang='lat' dir='ltr'><strong>dor</strong></span> <span class='ocrx_word' id='word_1_510' title='bbox 283 4983 552 5037; x_wconf 88' lang='lat' dir='ltr'><strong>dentium.</strong></span> <span class='ocrx_word' id='word_1_511' title='bbox 590 5001 608 5033; x_wconf 82' lang='grc' dir='ltr'><strong>ι</strong></span> <span class='ocrx_word' id='word_1_512' title='bbox 640 4980 792 5036; x_wconf 59' lang='grc' dir='ltr'>ιτιίιιιιὶ</span> <span class='ocrx_word' id='word_1_513' title='bbox 823 4980 938 5034; x_wconf 88' lang='lat' dir='ltr'><strong>vult</strong></span> <span class='ocrx_word' id='word_1_514' title='bbox 967 4995 1088 5036; x_wconf 91' lang='lat' dir='ltr'><strong>esse</strong></span> <span class='ocrx_word' id='word_1_515' title='bbox 1117 4981 1360 5036; x_wconf 89' lang='lat' dir='ltr'><strong>inutilem</strong></span> <span class='ocrx_word' id='word_1_516' title='bbox 1389 4998 1552 5052; x_wconf 90' lang='lat' dir='ltr'><strong>quam</strong></span> <span class='ocrx_word' id='word_1_517' title='bbox 1575 5001 1728 5040; x_wconf 84' lang='lat' dir='ltr'><strong>acce-</strong></span> 
     </span>
    </p>
   </div>
   <div class='ocr_carea' id='block_1_68' title="bbox 150 5072 1726 5146">
    <p class='ocr_par' dir='ltr' id='par_1_68' title="bbox 150 5072 1726 5146">
     <span class='ocr_line' id='line_1_68' title="bbox 150 5072 1726 5146; baseline 0.003 -18"><span class='ocrx_word' id='word_1_518' title='bbox 150 5075 334 5145; x_wconf 89' lang='lat' dir='ltr'><strong>pimus</strong></span> <span class='ocrx_word' id='word_1_519' title='bbox 388 5073 644 5144; x_wconf 83' lang='lat' dir='ltr'><strong>gratiam.</strong></span> <span class='ocrx_word' id='word_1_520' title='bbox 690 5073 783 5127; x_wconf 89' lang='lat' dir='ltr'><strong>sed</strong></span> <span class='ocrx_word' id='word_1_521' title='bbox 824 5072 1014 5127; x_wconf 91' lang='lat' dir='ltr'><strong>sedulo</strong></span> <span class='ocrx_word' id='word_1_522' title='bbox 1062 5087 1090 5125; x_wconf 83' lang='lat' dir='ltr'><strong>a</strong></span> <span class='ocrx_word' id='word_1_523' title='bbox 1135 5073 1294 5128; x_wconf 89' lang='lat' dir='ltr'><strong>nobis</strong></span> <span class='ocrx_word' id='word_1_524' title='bbox 1329 5073 1566 5129; x_wconf 90' lang='lat' dir='ltr'><strong>fructum</strong></span> <span class='ocrx_word' id='word_1_525' title='bbox 1606 5077 1726 5146; x_wconf 90' lang='lat' dir='ltr'><strong>ejus</strong></span> 
     </span>
    </p>
   </div>
   <div class='ocr_carea' id='block_1_69' title="bbox 149 5165 1722 5238">
    <p class='ocr_par' dir='ltr' id='par_1_69' title="bbox 149 5165 1722 5238">
     <span class='ocr_line' id='line_1_69' title="bbox 149 5165 1722 5238; baseline 0.003 -18"><span class='ocrx_word' id='word_1_526' title='bbox 149 5168 436 5238; x_wconf 89' lang='lat' dir='ltr'><strong>proprium</strong></span> <span class='ocrx_word' id='word_1_527' title='bbox 478 5166 736 5231; x_wconf 87' lang='lat' dir='ltr'><strong>retribui,</strong></span> <span class='ocrx_word' id='word_1_528' title='bbox 783 5180 943 5234; x_wconf 88' lang='lat' dir='ltr'><strong>quem</strong></span> <span class='ocrx_word' id='word_1_529' title='bbox 994 5165 1201 5221; x_wconf 91' lang='lat' dir='ltr'><strong>Paulus</strong></span> <span class='ocrx_word' id='word_1_530' title='bbox 1248 5167 1437 5222; x_wconf 90' lang='lat' dir='ltr'><strong>beatus</strong></span> <span class='ocrx_word' id='word_1_531' title='bbox 1465 5169 1603 5223; x_wconf 85' lang='lat' dir='ltr'><strong>dixit</strong></span> <span class='ocrx_word' id='word_1_532' title='bbox 1630 5171 1722 5224; x_wconf 69' lang='grc' dir='ltr'><strong>ἐς</strong></span> 
     </span>
    </p>
   </div>
   <div class='ocr_carea' id='block_1_70' title="bbox 154 5257 1729 5334">
    <p class='ocr_par' dir='ltr' id='par_1_70' title="bbox 154 5257 1729 5334">
     <span class='ocr_line' id='line_1_70' title="bbox 154 5257 1729 5334; baseline 0.004 -24"><span class='ocrx_word' id='word_1_533' title='bbox 154 5277 178 5310; x_wconf 70' lang='grc' dir='ltr'><strong>ε</strong></span> <span class='ocrx_word' id='word_1_534' title='bbox 223 5257 456 5314; x_wconf 86' lang='lat' dir='ltr'><strong>Fructus</strong></span> <span class='ocrx_word' id='word_1_535' title='bbox 507 5258 744 5329; x_wconf 88' lang='lat' dir='ltr'><strong>Spiritus</strong></span> <span class='ocrx_word' id='word_1_536' title='bbox 788 5265 871 5313; x_wconf 87' lang='lat' dir='ltr'><strong>est</strong></span> <span class='ocrx_word' id='word_1_537' title='bbox 919 5258 1189 5325; x_wconf 77' lang='lat' dir='ltr'><strong>Charitas,</strong></span> <span class='ocrx_word' id='word_1_538' title='bbox 1241 5260 1517 5327; x_wconf 78' lang='lat' dir='ltr'><strong>gaudium,</strong></span> <span class='ocrx_word' id='word_1_539' title='bbox 1565 5272 1729 5334; x_wconf 85' lang='lat' dir='ltr'><strong>atque</strong></span> 
     </span>
    </p>
   </div>
   <div class='ocr_carea' id='block_1_71' title="bbox 226 5349 1718 5484">
    <p class='ocr_par' dir='ltr' id='par_1_71' title="bbox 226 5349 1718 5484">
     <span class='ocr_line' id='line_1_71' title="bbox 226 5349 1704 5417; baseline 0.007 -16"><span class='ocrx_word' id='word_1_540' title='bbox 226 5352 267 5383; x_wconf 63' lang='grc' dir='ltr'><strong>ἰ</strong></span> <span class='ocrx_word' id='word_1_541' title='bbox 303 5350 465 5406; x_wconf 84' lang='lat' dir='ltr'><strong>Joan.</strong></span> <span class='ocrx_word' id='word_1_542' title='bbox 499 5366 597 5413; x_wconf 88' lang='lat' dir='ltr'><strong>xn,</strong></span> <span class='ocrx_word' id='word_1_543' title='bbox 631 5349 720 5403; x_wconf 93' lang='lat'><strong>28.</strong></span> <span class='ocrx_word' id='word_1_544' title='bbox 797 5349 842 5381; x_wconf 67' lang='grc' dir='ltr'><strong>υ</strong></span> <span class='ocrx_word' id='word_1_545' title='bbox 869 5349 911 5403; x_wconf 91' lang='lat' dir='ltr'><strong>II</strong></span> <span class='ocrx_word' id='word_1_546' title='bbox 942 5349 1072 5404; x_wconf 90' lang='lat' dir='ltr'><strong>Cor.</strong></span> <span class='ocrx_word' id='word_1_547' title='bbox 1103 5367 1155 5412; x_wconf 90' lang='lat' dir='ltr'><strong>v,</strong></span> <span class='ocrx_word' id='word_1_548' title='bbox 1193 5350 1371 5404; x_wconf 75' lang='lat' dir='ltr'><strong>l5-15.</strong></span> <span class='ocrx_word' id='word_1_549' title='bbox 1449 5353 1496 5385; x_wconf 78' lang='grc'>⁸³</span> <span class='ocrx_word' id='word_1_550' title='bbox 1526 5353 1545 5407; x_wconf 93' lang='lat' dir='ltr'><strong>I</strong></span> <span class='ocrx_word' id='word_1_551' title='bbox 1577 5357 1704 5417; x_wconf 80' lang='lat' dir='ltr'><strong>Cor.</strong></span> 
     </span>
     <span class='ocr_line' id='line_1_72' title="bbox 230 5418 1718 5484; baseline 0.005 -8"><span class='ocrx_word' id='word_1_552' title='bbox 230 5422 348 5476; x_wconf 84' lang='lat' dir='ltr'><strong>Gal.</strong></span> <span class='ocrx_word' id='word_1_553' title='bbox 385 5438 440 5484; x_wconf 91' lang='lat' dir='ltr'><strong>v,</strong></span> <span class='ocrx_word' id='word_1_554' title='bbox 491 5421 585 5474; x_wconf 83' lang='lat'><strong>22.</strong></span> <span class='ocrx_word' id='word_1_555' title='bbox 690 5420 736 5451; x_wconf 84' lang='grc'><strong>⁸⁷</strong></span> <span class='ocrx_word' id='word_1_556' title='bbox 764 5418 924 5475; x_wconf 80' lang='lat' dir='ltr'><strong>Rom.</strong></span> <span class='ocrx_word' id='word_1_557' title='bbox 965 5438 1085 5484; x_wconf 89' lang='lat' dir='ltr'><strong>xm,</strong></span> <span class='ocrx_word' id='word_1_558' title='bbox 1125 5422 1179 5476; x_wconf 89' lang='lat'><strong>7.</strong></span> <span class='ocrx_word' id='word_1_559' title='bbox 1283 5421 1329 5454; x_wconf 80' lang='grc'><strong>⁸⁸</strong></span> <span class='ocrx_word' id='word_1_560' title='bbox 1361 5419 1549 5480; x_wconf 79' lang='lat' dir='ltr'><strong>Matth.</strong></span> <span class='ocrx_word' id='word_1_561' title='bbox 1606 5445 1718 5484; x_wconf 70' lang='grc' dir='ltr'>χιιι.</span> 
     </span>
    </p>
   </div>
   <div class='ocr_carea' id='block_1_72' title="bbox 1834 5349 1994 5484">
    <p class='ocr_par' dir='ltr' id='par_1_72' title="bbox 1834 5355 1994 5483">
     <span class='ocr_line' id='line_1_73' title="bbox 1843 5355 1994 5420; baseline 0 -11"><span class='ocrx_word' id='word_1_562' title='bbox 1843 5397 1856 5420; x_wconf 92' lang='grc'><strong>,</strong></span> <span class='ocrx_word' id='word_1_563' title='bbox 1906 5355 1994 5409; x_wconf 79' lang='grc'><strong>55.</strong></span> 
     </span>
     <span class='ocr_line' id='line_1_74' title="bbox 1834 5429 1937 5483; baseline -0.029 0"><span class='ocrx_word' id='word_1_564' title='bbox 1834 5429 1937 5483; x_wconf 68' lang='grc'><strong>59.</strong></span> 
     </span>
    </p>
   </div>
   <div class='ocr_carea' id='block_1_73' title="bbox 1515 5444 1937 5495">
    <p class='ocr_par' dir='ltr' id='par_1_73' title="bbox 1515 5444 1937 5495">
     <span class='ocr_line' id='line_1_75' title="bbox 1515 5444 1937 5495; baseline 0.005 -17"><span class='ocrx_word' id='word_1_565' title='bbox 1515 5444 1549 5480; x_wconf 93' lang='grc' dir='ltr'>ι.</span> <span class='ocrx_word' id='word_1_566' title='bbox 1606 5445 1720 5495; x_wconf 83' lang='lat' dir='ltr'><strong>xxi,</strong></span> <span class='ocrx_word' id='word_1_567' title='bbox 1749 5444 1937 5484; x_wconf 65' lang='lat' dir='ltr'><strong>as—ov.</strong></span> 
     </span>
    </p>
   </div>
   <div class='ocr_carea' id='block_1_74' title="bbox 150 5421 585 5484">
    <p class='ocr_par' dir='ltr' id='par_1_74' title="bbox 150 5421 585 5484">
     <span class='ocr_line' id='line_1_76' title="bbox 150 5421 585 5484; baseline -0.007 -8"><span class='ocrx_word' id='word_1_568' title='bbox 150 5422 200 5455; x_wconf 81' lang='grc'><strong>⁸⁸</strong></span> <span class='ocrx_word' id='word_1_569' title='bbox 230 5422 348 5476; x_wconf 84' lang='lat' dir='ltr'><strong>Gal.</strong></span> <span class='ocrx_word' id='word_1_570' title='bbox 385 5438 440 5484; x_wconf 89' lang='lat' dir='ltr'><strong>v,</strong></span> <span class='ocrx_word' id='word_1_571' title='bbox 491 5421 585 5474; x_wconf 82' lang='lat'><strong>22.</strong></span> 
     </span>
    </p>
   </div>
   <div class='ocr_carea' id='block_1_75' title="bbox 150 5494 351 5560">
    <p class='ocr_par' dir='ltr' id='par_1_75' title="bbox 150 5494 351 5560">
     <span class='ocr_line' id='line_1_77' title="bbox 150 5494 351 5560; baseline -0.02 -11"><span class='ocrx_word' id='word_1_572' title='bbox 150 5508 231 5560; x_wconf 71' lang='grc' dir='ltr'><strong>ιι,</strong></span> <span class='ocrx_word' id='word_1_573' title='bbox 261 5494 351 5546; x_wconf 70' lang='grc'><strong>25.</strong></span> 
     </span>
    </p>
   </div>
   <div class='ocr_carea' id='block_1_76' title="bbox 690 5418 1179 5486">
    <p class='ocr_par' dir='ltr' id='par_1_76' title="bbox 690 5418 1179 5486">
     <span class='ocr_line' id='line_1_78' title="bbox 690 5418 1179 5486; baseline 0.006 -13"><span class='ocrx_word' id='word_1_574' title='bbox 690 5420 736 5451; x_wconf 84' lang='grc'><strong>⁸⁷</strong></span> <span class='ocrx_word' id='word_1_575' title='bbox 764 5418 924 5475; x_wconf 80' lang='lat' dir='ltr'><strong>Rom.</strong></span> <span class='ocrx_word' id='word_1_576' title='bbox 965 5438 1085 5486; x_wconf 89' lang='lat' dir='ltr'><strong>xm,</strong></span> <span class='ocrx_word' id='word_1_577' title='bbox 1125 5422 1179 5476; x_wconf 89' lang='lat'><strong>7.</strong></span> 
     </span>
    </p>
   </div>
   <div class='ocr_carea' id='block_1_77' title="bbox 224 5603 1716 5677">
    <p class='ocr_par' dir='ltr' id='par_1_77' title="bbox 224 5603 1716 5677">
     <span class='ocr_line' id='line_1_79' title="bbox 224 5603 1716 5677; baseline -0.003 -17"><span class='ocrx_word' id='word_1_578' title='bbox 224 5607 336 5677; x_wconf 73' lang='lat'><strong>(30)</strong></span> <span class='ocrx_word' id='word_1_579' title='bbox 369 5605 445 5660; x_wconf 88' lang='lat' dir='ltr'><strong>Ita</strong></span> <span class='ocrx_word' id='word_1_580' title='bbox 474 5603 666 5674; x_wconf 83' lang='lat' dir='ltr'><strong>Syrus,</strong></span> <span class='ocrx_word' id='word_1_581' title='bbox 696 5619 762 5658; x_wconf 86' lang='lat' dir='ltr'><strong>ex</strong></span> <span class='ocrx_word' id='word_1_582' title='bbox 795 5605 1000 5677; x_wconf 69' lang='lat' dir='ltr'><strong>Grreco</strong></span> <span class='ocrx_word' id='word_1_583' title='bbox 1027 5607 1248 5676; x_wconf 83' lang='lat' dir='ltr'><strong>vulgato</strong></span> <span class='ocrx_word' id='word_1_584' title='bbox 1279 5605 1469 5677; x_wconf 51' lang='lat' dir='ltr'><strong>eam»;</strong></span> <span class='ocrx_word' id='word_1_585' title='bbox 1519 5603 1716 5677; x_wconf 63' lang='grc' dir='ltr'>μύρου,</span> 
     </span>
    </p>
   </div>
   <div class='ocr_carea' id='block_1_78' title="bbox 151 5675 1610 5745">
    <p class='ocr_par' dir='ltr' id='par_1_78' title="bbox 151 5675 1610 5745">
     <span class='ocr_line' id='line_1_80' title="bbox 151 5675 1610 5745; baseline -0.005 -9"><span class='ocrx_word' id='word_1_586' title='bbox 151 5675 242 5736; x_wconf 79' lang='lat' dir='ltr'><strong>cui</strong></span> <span class='ocrx_word' id='word_1_587' title='bbox 271 5688 540 5730; x_wconf 76' lang='lat' dir='ltr'><strong>consonat</strong></span> <span class='ocrx_word' id='word_1_588' title='bbox 573 5677 842 5744; x_wconf 85' lang='lat' dir='ltr'><strong>interpres</strong></span> <span class='ocrx_word' id='word_1_589' title='bbox 881 5675 1148 5732; x_wconf 77' lang='lat' dir='ltr'><strong>Arabicus</strong></span> <span class='ocrx_word' id='word_1_590' title='bbox 1181 5679 1233 5730; x_wconf 93' lang='lat' dir='ltr'><strong>in</strong></span> <span class='ocrx_word' id='word_1_591' title='bbox 1268 5675 1610 5745; x_wconf 79' lang='lat' dir='ltr'><strong>Polyglouis.</strong></span> 
     </span>
    </p>
   </div>
   <div class='ocr_carea' id='block_1_79' title="bbox 219 5743 1724 5819">
    <p class='ocr_par' dir='ltr' id='par_1_79' title="bbox 219 5743 1724 5819">
     <span class='ocr_line' id='line_1_81' title="bbox 219 5743 1724 5819; baseline -0.004 -16"><span class='ocrx_word' id='word_1_592' title='bbox 219 5749 335 5819; x_wconf 82' lang='grc'><strong>(51)</strong></span> <span class='ocrx_word' id='word_1_593' title='bbox 369 5747 581 5819; x_wconf 85' lang='lat' dir='ltr'><strong>Abhinc</strong></span> <span class='ocrx_word' id='word_1_594' title='bbox 608 5743 798 5815; x_wconf 83' lang='lat' dir='ltr'><strong>ingens</strong></span> <span class='ocrx_word' id='word_1_595' title='bbox 828 5746 1020 5800; x_wconf 86' lang='lat' dir='ltr'><strong>lacuna</strong></span> <span class='ocrx_word' id='word_1_596' title='bbox 1063 5758 1147 5819; x_wconf 85' lang='lat' dir='ltr'><strong>est</strong></span> <span class='ocrx_word' id='word_1_597' title='bbox 1169 5748 1223 5800; x_wconf 88' lang='lat' dir='ltr'><strong>in</strong></span> <span class='ocrx_word' id='word_1_598' title='bbox 1254 5743 1492 5819; x_wconf 74' lang='lat' dir='ltr'><strong>editione</strong></span> <span class='ocrx_word' id='word_1_599' title='bbox 1522 5743 1724 5819; x_wconf 82' lang='lat' dir='ltr'><strong>Londi-</strong></span> 
     </span>
    </p>
   </div>
   <div class='ocr_carea' id='block_1_80' title="bbox 152 5816 1715 5888">
    <p class='ocr_par' dir='ltr' id='par_1_80' title="bbox 152 5816 1715 5888">
     <span class='ocr_line' id='line_1_82' title="bbox 152 5816 1715 5888; baseline -0.003 -13"><span class='ocrx_word' id='word_1_600' title='bbox 152 5816 350 5885; x_wconf 79' lang='lat' dir='ltr'><strong>nensi;</strong></span> <span class='ocrx_word' id='word_1_601' title='bbox 409 5817 843 5887; x_wconf 80' lang='lat' dir='ltr'><strong>supplementum</strong></span> <span class='ocrx_word' id='word_1_602' title='bbox 885 5827 1066 5871; x_wconf 90' lang='lat' dir='ltr'><strong>autem</strong></span> <span class='ocrx_word' id='word_1_603' title='bbox 1103 5817 1155 5871; x_wconf 91' lang='lat' dir='ltr'><strong>in</strong></span> <span class='ocrx_word' id='word_1_604' title='bbox 1189 5816 1524 5888; x_wconf 79' lang='lat' dir='ltr'><strong>perturbatis</strong></span> <span class='ocrx_word' id='word_1_605' title='bbox 1566 5816 1715 5872; x_wconf 83' lang='lat' dir='ltr'><strong>codi-</strong></span> 
     </span>
    </p>
   </div>
   <div class='ocr_carea' id='block_1_81' title="bbox 412 5909 1149 5974">
    <p class='ocr_par' dir='ltr' id='par_1_81' title="bbox 412 5909 1149 5974">
     <span class='ocr_line' id='line_1_83' title="bbox 412 5909 1149 5974; baseline -0.001 0"><span class='ocrx_word' id='word_1_606' title='bbox 412 5912 705 5974; x_wconf 63' lang='lat' dir='ltr'><strong>Wnnon.</strong></span> <span class='ocrx_word' id='word_1_607' title='bbox 751 5909 870 5970; x_wconf 76' lang='lat' dir='ltr'><strong>Gn.</strong></span> <span class='ocrx_word' id='word_1_608' title='bbox 916 5911 1149 5973; x_wconf 77' lang='lat' dir='ltr'><strong>XXVI.</strong></span> 
     </span>
    </p>
   </div>
   <div class='ocr_carea' id='block_1_82' title="bbox 1839 1942 3411 2014">
    <p class='ocr_par' dir='ltr' id='par_1_82' title="bbox 1839 1942 3411 2014">
     <span class='ocr_line' id='line_1_84' title="bbox 1839 1942 3411 2014; baseline 0.003 -20"><span class='ocrx_word' id='word_1_609' title='bbox 1839 1961 1857 1994; x_wconf 77' lang='grc' dir='ltr'>σ</span> <span class='ocrx_word' id='word_1_610' title='bbox 1893 1942 2232 2013; x_wconf 88' lang='lat' dir='ltr'><strong>Perdamque</strong></span> <span class='ocrx_word' id='word_1_611' title='bbox 2265 1959 2332 1998; x_wconf 90' lang='lat' dir='ltr'><strong>ex</strong></span> <span class='ocrx_word' id='word_1_612' title='bbox 2355 1943 2435 1999; x_wconf 93' lang='lat' dir='ltr'><strong>eis</strong></span> <span class='ocrx_word' id='word_1_613' title='bbox 2467 1959 2653 1999; x_wconf 90' lang='lat' dir='ltr'><strong>vocem</strong></span> <span class='ocrx_word' id='word_1_614' title='bbox 2689 1944 2871 2014; x_wconf 89' lang='lat' dir='ltr'><strong>gaudii</strong></span> <span class='ocrx_word' id='word_1_615' title='bbox 2897 1954 2950 1998; x_wconf 92' lang='lat' dir='ltr'><strong>et</strong></span> <span class='ocrx_word' id='word_1_616' title='bbox 2969 1959 3157 1999; x_wconf 91' lang='lat' dir='ltr'><strong>vocem</strong></span> <span class='ocrx_word' id='word_1_617' title='bbox 3187 1943 3411 2006; x_wconf 65' lang='lat' dir='ltr'><strong>lmtitim,</strong></span> 
     </span>
    </p>
   </div>
   <div class='ocr_carea' id='block_1_83' title="bbox 1830 2036 3409 2108">
    <p class='ocr_par' dir='ltr' id='par_1_83' title="bbox 1830 2036 3409 2108">
     <span class='ocr_line' id='line_1_85' title="bbox 1830 2036 3409 2108; baseline 0.003 -20"><span class='ocrx_word' id='word_1_618' title='bbox 1830 2051 2018 2090; x_wconf 90' lang='lat' dir='ltr'><strong>vocem</strong></span> <span class='ocrx_word' id='word_1_619' title='bbox 2044 2036 2228 2106; x_wconf 91' lang='lat' dir='ltr'><strong>sponsi</strong></span> <span class='ocrx_word' id='word_1_620' title='bbox 2267 2044 2322 2092; x_wconf 89' lang='lat' dir='ltr'><strong>et</strong></span> <span class='ocrx_word' id='word_1_621' title='bbox 2357 2051 2548 2092; x_wconf 88' lang='lat' dir='ltr'><strong>vocem</strong></span> <span class='ocrx_word' id='word_1_622' title='bbox 2591 2051 2827 2107; x_wconf 79' lang='lat' dir='ltr'><strong>sponsae,</strong></span> <span class='ocrx_word' id='word_1_623' title='bbox 2860 2037 3081 2092; x_wconf 88' lang='lat' dir='ltr'><strong>odorem</strong></span> <span class='ocrx_word' id='word_1_624' title='bbox 3114 2037 3409 2108; x_wconf 53' lang='lat' dir='ltr'><strong>opobalsaa</strong></span> 
     </span>
    </p>
   </div>
   <div class='ocr_carea' id='block_1_84' title="bbox 1831 2126 3409 2196">
    <p class='ocr_par' dir='ltr' id='par_1_84' title="bbox 1831 2126 3409 2196">
     <span class='ocr_line' id='line_1_86' title="bbox 1831 2126 3409 2196; baseline 0.002 -15"><span class='ocrx_word' id='word_1_625' title='bbox 1831 2129 1904 2181; x_wconf 91' lang='lat' dir='ltr'><strong>mi</strong></span> <span class='ocrx_word' id='word_1_626' title='bbox 1935 2126 2048 2196; x_wconf 84' lang='grc'><strong>(50)</strong></span> <span class='ocrx_word' id='word_1_627' title='bbox 2078 2136 2132 2183; x_wconf 90' lang='lat' dir='ltr'><strong>et</strong></span> <span class='ocrx_word' id='word_1_628' title='bbox 2155 2128 2338 2184; x_wconf 91' lang='lat' dir='ltr'><strong>lumen</strong></span> <span class='ocrx_word' id='word_1_629' title='bbox 2369 2128 2626 2196; x_wconf 71' lang='lat' dir='ltr'><strong>lucernae,</strong></span> <span class='ocrx_word' id='word_1_630' title='bbox 2659 2136 2714 2183; x_wconf 89' lang='lat' dir='ltr'><strong>et</strong></span> <span class='ocrx_word' id='word_1_631' title='bbox 2749 2129 2853 2184; x_wconf 91' lang='lat' dir='ltr'><strong>erit</strong></span> <span class='ocrx_word' id='word_1_632' title='bbox 2881 2130 3134 2184; x_wconf 88' lang='lat' dir='ltr'><strong>universa</strong></span> <span class='ocrx_word' id='word_1_633' title='bbox 3177 2139 3318 2184; x_wconf 83' lang='lat' dir='ltr'><strong>terra</strong></span> <span class='ocrx_word' id='word_1_634' title='bbox 3351 2130 3409 2184; x_wconf 89' lang='lat' dir='ltr'><strong>in</strong></span> 
     </span>
    </p>
   </div>
   <div class='ocr_carea' id='block_1_85' title="bbox 1831 2220 3408 2294">
    <p class='ocr_par' dir='ltr' id='par_1_85' title="bbox 1831 2220 3408 2294">
     <span class='ocr_line' id='line_1_87' title="bbox 1831 2220 3408 2294; baseline 0.001 -18"><span class='ocrx_word' id='word_1_635' title='bbox 1831 2220 2204 2276; x_wconf 88' lang='lat' dir='ltr'><strong>solitudinem.</strong></span> <span class='ocrx_word' id='word_1_636' title='bbox 2235 2240 2254 2273; x_wconf 74' lang='grc' dir='ltr'><strong>ι</strong></span> <span class='ocrx_word' id='word_1_637' title='bbox 2293 2221 2568 2277; x_wconf 85' lang='lat' dir='ltr'><strong>Aholitum</strong></span> <span class='ocrx_word' id='word_1_638' title='bbox 2597 2231 2682 2279; x_wconf 92' lang='lat' dir='ltr'><strong>est</strong></span> <span class='ocrx_word' id='word_1_639' title='bbox 2707 2223 2838 2293; x_wconf 89' lang='lat' dir='ltr'><strong>ipsis</strong></span> <span class='ocrx_word' id='word_1_640' title='bbox 2868 2223 3002 2294; x_wconf 89' lang='lat' dir='ltr'><strong>legis</strong></span> <span class='ocrx_word' id='word_1_641' title='bbox 3019 2223 3408 2288; x_wconf 87' lang='lat' dir='ltr'><strong>ministerium,</strong></span> 
     </span>
    </p>
   </div>
   <div class='ocr_carea' id='block_1_86' title="bbox 1829 2313 3410 2385">
    <p class='ocr_par' dir='ltr' id='par_1_86' title="bbox 1829 2313 3410 2385">
     <span class='ocr_line' id='line_1_88' title="bbox 1829 2313 3410 2385; baseline 0.003 -18"><span class='ocrx_word' id='word_1_642' title='bbox 1829 2322 1884 2367; x_wconf 92' lang='lat' dir='ltr'><strong>et</strong></span> <span class='ocrx_word' id='word_1_643' title='bbox 1916 2313 2118 2369; x_wconf 87' lang='lat' dir='ltr'><strong>abhinc</strong></span> <span class='ocrx_word' id='word_1_644' title='bbox 2146 2328 2320 2383; x_wconf 92' lang='lat' dir='ltr'><strong>usque</strong></span> <span class='ocrx_word' id='word_1_645' title='bbox 2361 2314 2416 2368; x_wconf 91' lang='lat' dir='ltr'><strong>in</strong></span> <span class='ocrx_word' id='word_1_646' title='bbox 2457 2321 2722 2369; x_wconf 85' lang='lat' dir='ltr'><strong>aeternum</strong></span> <span class='ocrx_word' id='word_1_647' title='bbox 2757 2315 2876 2370; x_wconf 91' lang='lat' dir='ltr'><strong>sine</strong></span> <span class='ocrx_word' id='word_1_648' title='bbox 2907 2315 3046 2371; x_wconf 86' lang='lat' dir='ltr'><strong>festo</strong></span> <span class='ocrx_word' id='word_1_649' title='bbox 3081 2321 3276 2371; x_wconf 85' lang='lat' dir='ltr'><strong>erunt:</strong></span> <span class='ocrx_word' id='word_1_650' title='bbox 3315 2330 3410 2385; x_wconf 81' lang='lat' dir='ltr'><strong>pa-</strong></span> 
     </span>
    </p>
   </div>
   <div class='ocr_carea' id='block_1_87' title="bbox 1831 2405 3408 2478">
    <p class='ocr_par' dir='ltr' id='par_1_87' title="bbox 1831 2405 3408 2478">
     <span class='ocr_line' id='line_1_89' title="bbox 1831 2405 3408 2478; baseline 0.002 -19"><span class='ocrx_word' id='word_1_651' title='bbox 1831 2405 2044 2476; x_wconf 90' lang='lat' dir='ltr'><strong>triaque</strong></span> <span class='ocrx_word' id='word_1_652' title='bbox 2072 2417 2343 2470; x_wconf 88' lang='lat' dir='ltr'><strong>carentes,</strong></span> <span class='ocrx_word' id='word_1_653' title='bbox 2375 2419 2431 2463; x_wconf 92' lang='lat' dir='ltr'><strong>et</strong></span> <span class='ocrx_word' id='word_1_654' title='bbox 2459 2422 2874 2478; x_wconf 87' lang='lat' dir='ltr'><strong>quaquaversus</strong></span> <span class='ocrx_word' id='word_1_655' title='bbox 2900 2418 3166 2475; x_wconf 87' lang='lat' dir='ltr'><strong>errantes,</strong></span> <span class='ocrx_word' id='word_1_656' title='bbox 3201 2408 3408 2463; x_wconf 83' lang='lat' dir='ltr'><strong>Pascha</strong></span> 
     </span>
    </p>
   </div>
   <div class='ocr_carea' id='block_1_88' title="bbox 1829 2486 3410 2571">
    <p class='ocr_par' dir='ltr' id='par_1_88' title="bbox 1829 2486 3410 2571">
     <span class='ocr_line' id='line_1_90' title="bbox 1829 2486 3410 2571; baseline 0.001 -19"><span class='ocrx_word' id='word_1_657' title='bbox 1829 2513 1941 2552; x_wconf 89' lang='lat' dir='ltr'><strong>non</strong></span> <span class='ocrx_word' id='word_1_658' title='bbox 1973 2498 2202 2566; x_wconf 86' lang='lat' dir='ltr'><strong>faciunt,</strong></span> <span class='ocrx_word' id='word_1_659' title='bbox 2231 2508 2286 2556; x_wconf 92' lang='lat' dir='ltr'><strong>et</strong></span> <span class='ocrx_word' id='word_1_660' title='bbox 2314 2486 2505 2555; x_wconf 81' lang='lat' dir='ltr'><strong>contra</strong></span> <span class='ocrx_word' id='word_1_661' title='bbox 2533 2501 2668 2571; x_wconf 82' lang='lat' dir='ltr'><strong>legis</strong></span> <span class='ocrx_word' id='word_1_662' title='bbox 2701 2500 2782 2556; x_wconf 88' lang='lat' dir='ltr'><strong>fas</strong></span> <span class='ocrx_word' id='word_1_663' title='bbox 2808 2501 3105 2556; x_wconf 91' lang='lat' dir='ltr'><strong>comedunt</strong></span> <span class='ocrx_word' id='word_1_664' title='bbox 3132 2515 3410 2570; x_wconf 83' lang='lat' dir='ltr'><strong>azymum,</strong></span> 
     </span>
    </p>
   </div>
   <div class='ocr_carea' id='block_1_89' title="bbox 1829 2591 3408 2664">
    <p class='ocr_par' dir='ltr' id='par_1_89' title="bbox 1829 2591 3408 2664">
     <span class='ocr_line' id='line_1_91' title="bbox 1829 2591 3408 2664; baseline 0.003 -21"><span class='ocrx_word' id='word_1_665' title='bbox 1829 2591 1958 2660; x_wconf 90' lang='lat' dir='ltr'><strong>quia</strong></span> <span class='ocrx_word' id='word_1_666' title='bbox 1986 2591 2098 2661; x_wconf 94' lang='lat' dir='ltr'><strong>jam</strong></span> <span class='ocrx_word' id='word_1_667' title='bbox 2150 2592 2233 2648; x_wconf 90' lang='lat' dir='ltr'><strong>eis</strong></span> <span class='ocrx_word' id='word_1_668' title='bbox 2279 2609 2389 2648; x_wconf 87' lang='lat' dir='ltr'><strong>non</strong></span> <span class='ocrx_word' id='word_1_669' title='bbox 2439 2593 2565 2648; x_wconf 89' lang='lat' dir='ltr'><strong>licet</strong></span> <span class='ocrx_word' id='word_1_670' title='bbox 2616 2608 2816 2664; x_wconf 86' lang='lat' dir='ltr'><strong>agnum</strong></span> <span class='ocrx_word' id='word_1_671' title='bbox 2867 2592 3141 2647; x_wconf 81' lang='lat' dir='ltr'><strong>sacrificio</strong></span> <span class='ocrx_word' id='word_1_672' title='bbox 3189 2593 3408 2655; x_wconf 82' lang='lat' dir='ltr'><strong>ollerre,</strong></span> 
     </span>
    </p>
   </div>
   <div class='ocr_carea' id='block_1_90' title="bbox 1828 2684 3410 2757">
    <p class='ocr_par' dir='ltr' id='par_1_90' title="bbox 1828 2684 3410 2757">
     <span class='ocr_line' id='line_1_92' title="bbox 1828 2684 3410 2757; baseline -0.001 -18"><span class='ocrx_word' id='word_1_673' title='bbox 1828 2695 1992 2756; x_wconf 90' lang='lat' dir='ltr'><strong>prout</strong></span> <span class='ocrx_word' id='word_1_674' title='bbox 2014 2685 2178 2742; x_wconf 90' lang='lat' dir='ltr'><strong>etiam</strong></span> <span class='ocrx_word' id='word_1_675' title='bbox 2205 2685 2272 2740; x_wconf 89' lang='lat' dir='ltr'><strong>de</strong></span> <span class='ocrx_word' id='word_1_676' title='bbox 2319 2701 2513 2757; x_wconf 84' lang='lat' dir='ltr'><strong>azymo</strong></span> <span class='ocrx_word' id='word_1_677' title='bbox 2545 2685 2880 2740; x_wconf 90' lang='lat' dir='ltr'><strong>comedendo</strong></span> <span class='ocrx_word' id='word_1_678' title='bbox 2908 2685 3267 2741; x_wconf 90' lang='lat' dir='ltr'><strong>constitutum</strong></span> <span class='ocrx_word' id='word_1_679' title='bbox 3298 2684 3410 2755; x_wconf 77' lang='lat'><strong>66</strong></span> 
     </span>
    </p>
   </div>
   <div class='ocr_carea' id='block_1_91' title="bbox 1829 2777 3409 2851">
    <p class='ocr_par' dir='ltr' id='par_1_91' title="bbox 1829 2777 3409 2851">
     <span class='ocr_line' id='line_1_93' title="bbox 1829 2777 3409 2851; baseline -0.002 -16"><span class='ocrx_word' id='word_1_680' title='bbox 1829 2781 1938 2836; x_wconf 91' lang='lat' dir='ltr'><strong>illis</strong></span> <span class='ocrx_word' id='word_1_681' title='bbox 1989 2779 2108 2834; x_wconf 94' lang='lat' dir='ltr'><strong>fuit.</strong></span> <span class='ocrx_word' id='word_1_682' title='bbox 2151 2779 2222 2833; x_wconf 87' lang='lat' dir='ltr'><strong>At</strong></span> <span class='ocrx_word' id='word_1_683' title='bbox 2269 2779 2372 2849; x_wconf 90' lang='lat' dir='ltr'><strong>ipsi</strong></span> <span class='ocrx_word' id='word_1_684' title='bbox 2423 2780 2623 2850; x_wconf 92' lang='lat' dir='ltr'><strong>ubique</strong></span> <span class='ocrx_word' id='word_1_685' title='bbox 2682 2779 2858 2851; x_wconf 87' lang='lat' dir='ltr'><strong>legem</strong></span> <span class='ocrx_word' id='word_1_686' title='bbox 2912 2779 3160 2842; x_wconf 81' lang='lat' dir='ltr'><strong>violant,</strong></span> <span class='ocrx_word' id='word_1_687' title='bbox 3204 2777 3409 2847; x_wconf 89' lang='lat' dir='ltr'><strong>Deique</strong></span> 
     </span>
    </p>
   </div>
   <div class='ocr_carea' id='block_1_92' title="bbox 1825 2869 3409 2944">
    <p class='ocr_par' dir='ltr' id='par_1_92' title="bbox 1825 2869 3409 2944">
     <span class='ocr_line' id='line_1_94' title="bbox 1825 2869 3409 2944; baseline -0.003 -16"><span class='ocrx_word' id='word_1_688' title='bbox 1825 2873 2049 2944; x_wconf 76' lang='lat' dir='ltr'><strong>iudiciis</strong></span> <span class='ocrx_word' id='word_1_689' title='bbox 2102 2871 2183 2928; x_wconf 92' lang='lat' dir='ltr'><strong>sic</strong></span> <span class='ocrx_word' id='word_1_690' title='bbox 2220 2881 2306 2930; x_wconf 88' lang='lat' dir='ltr'><strong>est</strong></span> <span class='ocrx_word' id='word_1_691' title='bbox 2350 2872 2666 2935; x_wconf 89' lang='lat' dir='ltr'><strong>decretum,</strong></span> <span class='ocrx_word' id='word_1_692' title='bbox 2725 2881 2784 2926; x_wconf 91' lang='lat' dir='ltr'><strong>ut</strong></span> <span class='ocrx_word' id='word_1_693' title='bbox 2832 2885 2929 2941; x_wconf 92' lang='lat' dir='ltr'><strong>pro</strong></span> <span class='ocrx_word' id='word_1_694' title='bbox 2979 2869 3162 2940; x_wconf 85' lang='lat' dir='ltr'><strong>gaudii</strong></span> <span class='ocrx_word' id='word_1_695' title='bbox 3215 2870 3409 2925; x_wconf 77' lang='lat' dir='ltr'><strong>diebus</strong></span> 
     </span>
    </p>
   </div>
   <div class='ocr_carea' id='block_1_93' title="bbox 1829 2960 3407 3033">
    <p class='ocr_par' dir='ltr' id='par_1_93' title="bbox 1829 2960 3407 3033">
     <span class='ocr_line' id='line_1_95' title="bbox 1829 2960 3407 3033; baseline -0.003 -12"><span class='ocrx_word' id='word_1_696' title='bbox 1829 2967 1947 3022; x_wconf 89' lang='lat' dir='ltr'><strong>dies</strong></span> <span class='ocrx_word' id='word_1_697' title='bbox 1991 2964 2266 3021; x_wconf 62' lang='lat' dir='ltr'><strong>maestitiae</strong></span> <span class='ocrx_word' id='word_1_698' title='bbox 2311 2964 2638 3033; x_wconf 85' lang='lat' dir='ltr'><strong>transigant.</strong></span> <span class='ocrx_word' id='word_1_699' title='bbox 2694 2960 2874 3017; x_wconf 89' lang='lat' dir='ltr'><strong>Causa</strong></span> <span class='ocrx_word' id='word_1_700' title='bbox 2909 2970 3088 3016; x_wconf 91' lang='lat' dir='ltr'><strong>autem</strong></span> <span class='ocrx_word' id='word_1_701' title='bbox 3139 2961 3273 3031; x_wconf 91' lang='lat' dir='ltr'><strong>ipsis</strong></span> <span class='ocrx_word' id='word_1_702' title='bbox 3308 2960 3407 3016; x_wconf 90' lang='lat' dir='ltr'><strong>ho-</strong></span> 
     </span>
    </p>
   </div>
   <div class='ocr_carea' id='block_1_94' title="bbox 1829 3051 3408 3124">
    <p class='ocr_par' dir='ltr' id='par_1_94' title="bbox 1829 3051 3408 3124">
     <span class='ocr_line' id='line_1_96' title="bbox 1829 3051 3408 3124; baseline -0.003 -12"><span class='ocrx_word' id='word_1_703' title='bbox 1829 3074 1956 3114; x_wconf 90' lang='lat' dir='ltr'><strong>rum</strong></span> <span class='ocrx_word' id='word_1_704' title='bbox 2013 3057 2114 3112; x_wconf 88' lang='lat' dir='ltr'><strong>fuit</strong></span> <span class='ocrx_word' id='word_1_705' title='bbox 2147 3055 2362 3112; x_wconf 91' lang='lat' dir='ltr'><strong>Domini</strong></span> <span class='ocrx_word' id='word_1_706' title='bbox 2394 3056 2620 3121; x_wconf 90' lang='lat' dir='ltr'><strong>occisio,</strong></span> <span class='ocrx_word' id='word_1_707' title='bbox 2653 3065 2706 3109; x_wconf 90' lang='lat' dir='ltr'><strong>et</strong></span> <span class='ocrx_word' id='word_1_708' title='bbox 2739 3054 2866 3124; x_wconf 89' lang='lat' dir='ltr'><strong>quia</strong></span> <span class='ocrx_word' id='word_1_709' title='bbox 2907 3051 3254 3124; x_wconf 89' lang='lat' dir='ltr'><strong>Unigenitum</strong></span> <span class='ocrx_word' id='word_1_710' title='bbox 3297 3068 3408 3109; x_wconf 85' lang='lat' dir='ltr'><strong>non</strong></span> 
     </span>
    </p>
   </div>
   <div class='ocr_carea' id='block_1_95' title="bbox 1833 3146 3408 3216">
    <p class='ocr_par' dir='ltr' id='par_1_95' title="bbox 1833 3146 3408 3216">
     <span class='ocr_line' id='line_1_97' title="bbox 1833 3146 3408 3216; baseline -0.003 -11"><span class='ocrx_word' id='word_1_711' title='bbox 1833 3159 1962 3206; x_wconf 92' lang='lat' dir='ltr'><strong>sunt</strong></span> <span class='ocrx_word' id='word_1_712' title='bbox 1987 3149 2228 3214; x_wconf 90' lang='lat' dir='ltr'><strong>reveriti,</strong></span> <span class='ocrx_word' id='word_1_713' title='bbox 2275 3147 2397 3202; x_wconf 91' lang='lat' dir='ltr'><strong>ideo</strong></span> <span class='ocrx_word' id='word_1_714' title='bbox 2430 3146 2710 3216; x_wconf 89' lang='lat' dir='ltr'><strong>patiuntur</strong></span> <span class='ocrx_word' id='word_1_715' title='bbox 2759 3146 2894 3200; x_wconf 59' lang='lat' dir='ltr'><strong>haec.</strong></span> <span class='ocrx_word' id='word_1_716' title='bbox 2947 3146 3174 3200; x_wconf 87' lang='lat' dir='ltr'><strong>Scelesti</strong></span> <span class='ocrx_word' id='word_1_717' title='bbox 3223 3154 3408 3201; x_wconf 90' lang='lat' dir='ltr'><strong>autem</strong></span> 
     </span>
    </p>
   </div>
   <div class='ocr_carea' id='block_1_96' title="bbox 1831 3239 3404 3309">
    <p class='ocr_par' dir='ltr' id='par_1_96' title="bbox 1831 3239 3404 3309">
     <span class='ocr_line' id='line_1_98' title="bbox 1831 3239 3404 3309; baseline -0.001 -13"><span class='ocrx_word' id='word_1_718' title='bbox 1831 3241 2090 3306; x_wconf 69' lang='lat' dir='ltr'><strong>hmretici,</strong></span> <span class='ocrx_word' id='word_1_719' title='bbox 2115 3248 2169 3295; x_wconf 89' lang='lat' dir='ltr'><strong>et</strong></span> <span class='ocrx_word' id='word_1_720' title='bbox 2198 3241 2471 3295; x_wconf 90' lang='lat' dir='ltr'><strong>temerarii</strong></span> <span class='ocrx_word' id='word_1_721' title='bbox 2505 3249 2774 3295; x_wconf 88' lang='lat' dir='ltr'><strong>sectarum</strong></span> <span class='ocrx_word' id='word_1_722' title='bbox 2809 3239 3039 3306; x_wconf 91' lang='lat' dir='ltr'><strong>alumni,</strong></span> <span class='ocrx_word' id='word_1_723' title='bbox 3075 3239 3150 3293; x_wconf 92' lang='lat' dir='ltr'><strong>illi</strong></span> <span class='ocrx_word' id='word_1_724' title='bbox 3182 3240 3404 3309; x_wconf 86' lang='lat' dir='ltr'><strong>quidem</strong></span> 
     </span>
    </p>
   </div>
   <div class='ocr_carea' id='block_1_97' title="bbox 1830 3332 3410 3399">
    <p class='ocr_par' dir='ltr' id='par_1_97' title="bbox 1830 3332 3410 3399">
     <span class='ocr_line' id='line_1_99' title="bbox 1830 3332 3410 3399; baseline 0.001 -11"><span class='ocrx_word' id='word_1_725' title='bbox 1830 3333 2068 3389; x_wconf 74' lang='lat' dir='ltr'><strong>Verbum</strong></span> <span class='ocrx_word' id='word_1_726' title='bbox 2118 3333 2550 3399; x_wconf 86' lang='lat' dir='ltr'><strong>interficientes,</strong></span> <span class='ocrx_word' id='word_1_727' title='bbox 2607 3333 2662 3388; x_wconf 91' lang='lat' dir='ltr'><strong>hi</strong></span> <span class='ocrx_word' id='word_1_728' title='bbox 2711 3340 2894 3386; x_wconf 89' lang='lat' dir='ltr'><strong>autem</strong></span> <span class='ocrx_word' id='word_1_729' title='bbox 2952 3332 3192 3386; x_wconf 91' lang='lat' dir='ltr'><strong>tunicam</strong></span> <span class='ocrx_word' id='word_1_730' title='bbox 3261 3333 3410 3389; x_wconf 77' lang='lat' dir='ltr'><strong>illius</strong></span> 
     </span>
    </p>
   </div>
   <div class='ocr_carea' id='block_1_98' title="bbox 1829 3423 3407 3495">
    <p class='ocr_par' dir='ltr' id='par_1_98' title="bbox 1829 3423 3407 3495">
     <span class='ocr_line' id='line_1_100' title="bbox 1829 3423 3407 3495; baseline -0.003 -13"><span class='ocrx_word' id='word_1_731' title='bbox 1829 3427 2161 3491; x_wconf 88' lang='lat' dir='ltr'><strong>scindentes,</strong></span> <span class='ocrx_word' id='word_1_732' title='bbox 2205 3425 2304 3495; x_wconf 90' lang='lat' dir='ltr'><strong>ipsi</strong></span> <span class='ocrx_word' id='word_1_733' title='bbox 2343 3441 2562 3494; x_wconf 88' lang='lat' dir='ltr'><strong>quoque</strong></span> <span class='ocrx_word' id='word_1_734' title='bbox 2592 3440 2622 3479; x_wconf 89' lang='lat' dir='ltr'><strong>a</strong></span> <span class='ocrx_word' id='word_1_735' title='bbox 2657 3423 3003 3480; x_wconf 88' lang='lat' dir='ltr'><strong>solemnitate</strong></span> <span class='ocrx_word' id='word_1_736' title='bbox 3028 3423 3407 3488; x_wconf 89' lang='lat' dir='ltr'><strong>cxcludcntur,</strong></span> 
     </span>
    </p>
   </div>
   <div class='ocr_carea' id='block_1_99' title="bbox 1870 3515 3405 3579">
    <p class='ocr_par' dir='ltr' id='par_1_99' title="bbox 1870 3515 3405 3579">
     <span class='ocr_line' id='line_1_101' title="bbox 1870 3515 3405 3579; baseline -0.002 -7"><span class='ocrx_word' id='word_1_737' title='bbox 1870 3519 1959 3573; x_wconf 89' lang='lat' dir='ltr'><strong>uia</strong></span> <span class='ocrx_word' id='word_1_738' title='bbox 2004 3518 2122 3574; x_wconf 87' lang='lat' dir='ltr'><strong>sine</strong></span> <span class='ocrx_word' id='word_1_739' title='bbox 2174 3518 2319 3573; x_wconf 90' lang='lat' dir='ltr'><strong>bono</strong></span> <span class='ocrx_word' id='word_1_740' title='bbox 2355 3517 2549 3572; x_wconf 87' lang='lat' dir='ltr'><strong>timore</strong></span> <span class='ocrx_word' id='word_1_741' title='bbox 2575 3518 2767 3570; x_wconf 89' lang='lat' dir='ltr'><strong>vivunt</strong></span> <span class='ocrx_word' id='word_1_742' title='bbox 2805 3531 2871 3570; x_wconf 90' lang='lat' dir='ltr'><strong>ac</strong></span> <span class='ocrx_word' id='word_1_743' title='bbox 2913 3515 3032 3570; x_wconf 90' lang='lat' dir='ltr'><strong>sine</strong></span> <span class='ocrx_word' id='word_1_744' title='bbox 3084 3515 3405 3579; x_wconf 86' lang='lat' dir='ltr'><strong>intellectu;</strong></span> 
     </span>
    </p>
   </div>
   <div class='ocr_carea' id='block_1_100' title="bbox 1828 3535 3410 3674">
    <p class='ocr_par' dir='ltr' id='par_1_100' title="bbox 1828 3535 3410 3674">
     <span class='ocr_line' id='line_1_102' title="bbox 1870 3535 3405 3579; baseline -0.002 -7"><span class='ocrx_word' id='word_1_745' title='bbox 1870 3535 1959 3573; x_wconf 73' lang='lat' dir='ltr'><strong>Illa</strong></span> <span class='ocrx_word' id='word_1_746' title='bbox 2004 3535 2122 3574; x_wconf 74' lang='lat' dir='ltr'><strong>Sllle</strong></span> <span class='ocrx_word' id='word_1_747' title='bbox 2174 3535 2319 3573; x_wconf 85' lang='lat' dir='ltr'><strong>DOIIO</strong></span> <span class='ocrx_word' id='word_1_748' title='bbox 2355 3535 2549 3572; x_wconf 88' lang='lat' dir='ltr'><strong>umore</strong></span> <span class='ocrx_word' id='word_1_749' title='bbox 2575 3535 2767 3570; x_wconf 78' lang='lat' dir='ltr'><strong>VIVUIII.</strong></span> <span class='ocrx_word' id='word_1_750' title='bbox 2805 3535 2871 3570; x_wconf 86' lang='lat' dir='ltr'><strong>ac</strong></span> <span class='ocrx_word' id='word_1_751' title='bbox 2913 3535 3032 3570; x_wconf 74' lang='lat' dir='ltr'><strong>Slﬂe</strong></span> <span class='ocrx_word' id='word_1_752' title='bbox 3084 3535 3405 3579; x_wconf 72' lang='lat' dir='ltr'><strong>lﬂlCllBClu;</strong></span> 
     </span>
     <span class='ocr_line' id='line_1_103' title="bbox 1828 3535 3410 3674; baseline -0.005 -8"><span class='ocrx_word' id='word_1_753' title='bbox 1828 3535 1922 3666; x_wconf 51' lang='grc' dir='ltr'>ὲει</span> <span class='ocrx_word' id='word_1_754' title='bbox 1960 3610 2224 3663; x_wconf 89' lang='lat' dir='ltr'><strong>latronem</strong></span> <span class='ocrx_word' id='word_1_755' title='bbox 2280 3607 2608 3662; x_wconf 57' lang='lat' dir='ltr'><strong>aemulantur</strong></span> <span class='ocrx_word' id='word_1_756' title='bbox 2657 3605 2992 3669; x_wconf 89' lang='lat' dir='ltr'><strong>Barabbam,</strong></span> <span class='ocrx_word' id='word_1_757' title='bbox 3035 3619 3196 3674; x_wconf 91' lang='lat' dir='ltr'><strong>quem</strong></span> <span class='ocrx_word' id='word_1_758' title='bbox 3233 3601 3410 3658; x_wconf 78' lang='lat' dir='ltr'><strong>Judaei</strong></span> 
     </span>
    </p>
   </div>
   <div class='ocr_carea' id='block_1_101' title="bbox 1828 3695 3408 3768">
    <p class='ocr_par' dir='ltr' id='par_1_101' title="bbox 1828 3695 3408 3768">
     <span class='ocr_line' id='line_1_104' title="bbox 1828 3695 3408 3768; baseline -0.003 -12"><span class='ocrx_word' id='word_1_759' title='bbox 1828 3703 1949 3758; x_wconf 89' lang='lat' dir='ltr'><strong>Ioco</strong></span> <span class='ocrx_word' id='word_1_760' title='bbox 2003 3701 2301 3756; x_wconf 88' lang='lat' dir='ltr'><strong>Salvatoris</strong></span> <span class='ocrx_word' id='word_1_761' title='bbox 2353 3699 2653 3755; x_wconf 89' lang='lat' dir='ltr'><strong>condonari</strong></span> <span class='ocrx_word' id='word_1_762' title='bbox 2701 3698 2806 3754; x_wconf 91' lang='lat' dir='ltr'><strong>sibi</strong></span> <span class='ocrx_word' id='word_1_763' title='bbox 2867 3697 3233 3768; x_wconf 88' lang='lat' dir='ltr'><strong>postularunt.</strong></span> <span class='ocrx_word' id='word_1_764' title='bbox 3281 3695 3408 3752; x_wconf 86' lang='lat' dir='ltr'><strong>Ideo</strong></span> 
     </span>
    </p>
   </div>
   <div class='ocr_carea' id='block_1_102' title="bbox 1831 3787 3410 3864">
    <p class='ocr_par' dir='ltr' id='par_1_102' title="bbox 1831 3787 3410 3864">
     <span class='ocr_line' id='line_1_105' title="bbox 1831 3787 3410 3864; baseline -0.006 -15"><span class='ocrx_word' id='word_1_765' title='bbox 1831 3795 1947 3864; x_wconf 91' lang='lat' dir='ltr'><strong>ipse</strong></span> <span class='ocrx_word' id='word_1_766' title='bbox 1981 3793 2247 3849; x_wconf 89' lang='lat' dir='ltr'><strong>Dominus</strong></span> <span class='ocrx_word' id='word_1_767' title='bbox 2280 3792 2426 3846; x_wconf 91' lang='lat' dir='ltr'><strong>haud</strong></span> <span class='ocrx_word' id='word_1_768' title='bbox 2462 3807 2622 3846; x_wconf 83' lang='lat' dir='ltr'><strong>secus</strong></span> <span class='ocrx_word' id='word_1_769' title='bbox 2652 3806 2817 3860; x_wconf 83' lang='lat' dir='ltr'><strong>quam</strong></span> <span class='ocrx_word' id='word_1_770' title='bbox 2868 3789 3113 3844; x_wconf 81' lang='lat' dir='ltr'><strong>ﬁculnea:</strong></span> <span class='ocrx_word' id='word_1_771' title='bbox 3148 3787 3256 3842; x_wconf 89' lang='lat' dir='ltr'><strong>illis</strong></span> <span class='ocrx_word' id='word_1_772' title='bbox 3291 3803 3410 3840; x_wconf 84' lang='lat' dir='ltr'><strong>ma-</strong></span> 
     </span>
    </p>
   </div>
   <div class='ocr_carea' id='block_1_103' title="bbox 1829 3881 3407 3958">
    <p class='ocr_par' dir='ltr' id='par_1_103' title="bbox 1829 3881 3407 3958">
     <span class='ocr_line' id='line_1_106' title="bbox 1829 3881 3407 3958; baseline -0.007 -15"><span class='ocrx_word' id='word_1_773' title='bbox 1829 3887 2019 3943; x_wconf 90' lang='lat' dir='ltr'><strong>ledixit</strong></span> <span class='ocrx_word' id='word_1_774' title='bbox 2045 3886 2192 3958; x_wconf 81' lang='lat'><strong>(51);</strong></span> <span class='ocrx_word' id='word_1_775' title='bbox 2225 3885 2296 3939; x_wconf 88' lang='lat' dir='ltr'><strong>ita</strong></span> <span class='ocrx_word' id='word_1_776' title='bbox 2327 3894 2504 3940; x_wconf 93' lang='lat' dir='ltr'><strong>tamen</strong></span> <span class='ocrx_word' id='word_1_777' title='bbox 2534 3884 2603 3938; x_wconf 92' lang='lat' dir='ltr'><strong>ob</strong></span> <span class='ocrx_word' id='word_1_778' title='bbox 2632 3899 2786 3938; x_wconf 91' lang='lat' dir='ltr'><strong>suam</strong></span> <span class='ocrx_word' id='word_1_779' title='bbox 2823 3881 3169 3936; x_wconf 89' lang='lat' dir='ltr'><strong>clementiam</strong></span> <span class='ocrx_word' id='word_1_780' title='bbox 3211 3881 3407 3935; x_wconf 86' lang='lat' dir='ltr'><strong>miser-</strong></span> 
     </span>
    </p>
   </div>
   <div class='ocr_carea' id='block_1_104' title="bbox 1830 3972 3404 4045">
    <p class='ocr_par' dir='ltr' id='par_1_104' title="bbox 1830 3972 3404 4045">
     <span class='ocr_line' id='line_1_107' title="bbox 1830 3972 3404 4045; baseline -0.007 -9"><span class='ocrx_word' id='word_1_781' title='bbox 1830 3989 1919 4036; x_wconf 91' lang='lat' dir='ltr'><strong>tus</strong></span> <span class='ocrx_word' id='word_1_782' title='bbox 1950 3995 2138 4035; x_wconf 91' lang='lat' dir='ltr'><strong>eorum</strong></span> <span class='ocrx_word' id='word_1_783' title='bbox 2167 3987 2270 4043; x_wconf 92' lang='lat' dir='ltr'><strong>est,</strong></span> <span class='ocrx_word' id='word_1_784' title='bbox 2306 3985 2368 4032; x_wconf 87' lang='lat' dir='ltr'><strong>ut</strong></span> <span class='ocrx_word' id='word_1_785' title='bbox 2400 3976 2662 4031; x_wconf 89' lang='lat' dir='ltr'><strong>radicitus</strong></span> <span class='ocrx_word' id='word_1_786' title='bbox 2695 3975 2876 4045; x_wconf 89' lang='lat' dir='ltr'><strong>perire</strong></span> <span class='ocrx_word' id='word_1_787' title='bbox 2920 3974 3178 4029; x_wconf 87' lang='lat' dir='ltr'><strong>noluerit.</strong></span> <span class='ocrx_word' id='word_1_788' title='bbox 3214 3972 3404 4028; x_wconf 73' lang='lat' dir='ltr'><strong>Itadiei</strong></span> 
     </span>
    </p>
   </div>
   <div class='ocr_carea' id='block_1_105' title="bbox 1829 4067 3406 4137">
    <p class='ocr_par' dir='ltr' id='par_1_105' title="bbox 1829 4067 3406 4137">
     <span class='ocr_line' id='line_1_108' title="bbox 1829 4067 3406 4137; baseline -0.006 -9"><span class='ocrx_word' id='word_1_789' title='bbox 1829 4073 1977 4129; x_wconf 89' lang='lat' dir='ltr'><strong>enim</strong></span> <span class='ocrx_word' id='word_1_790' title='bbox 2005 4088 2113 4127; x_wconf 94' lang='lat' dir='ltr'><strong>non</strong></span> <span class='ocrx_word' id='word_1_791' title='bbox 2143 4071 2441 4132; x_wconf 83' lang='lat' dir='ltr'><strong>maledixit,</strong></span> <span class='ocrx_word' id='word_1_792' title='bbox 2481 4069 2574 4123; x_wconf 90' lang='lat' dir='ltr'><strong>sed</strong></span> <span class='ocrx_word' id='word_1_793' title='bbox 2600 4083 2666 4122; x_wconf 88' lang='lat' dir='ltr'><strong>ne</strong></span> <span class='ocrx_word' id='word_1_794' title='bbox 2689 4069 2980 4137; x_wconf 89' lang='lat' dir='ltr'><strong>quisquam</strong></span> <span class='ocrx_word' id='word_1_795' title='bbox 3005 4082 3069 4120; x_wconf 82' lang='lat' dir='ltr'><strong>ex</strong></span> <span class='ocrx_word' id='word_1_796' title='bbox 3103 4067 3222 4136; x_wconf 85' lang='lat' dir='ltr'><strong>ejus</strong></span> <span class='ocrx_word' id='word_1_797' title='bbox 3252 4067 3406 4120; x_wconf 86' lang='lat' dir='ltr'><strong>dein-</strong></span> 
     </span>
    </p>
   </div>
   <div class='ocr_carea' id='block_1_106' title="bbox 1831 4158 3404 4236">
    <p class='ocr_par' dir='ltr' id='par_1_106' title="bbox 1831 4158 3404 4236">
     <span class='ocr_line' id='line_1_109' title="bbox 1831 4158 3404 4236; baseline -0.007 -14"><span class='ocrx_word' id='word_1_798' title='bbox 1831 4181 1960 4236; x_wconf 90' lang='lat' dir='ltr'><strong>ceps</strong></span> <span class='ocrx_word' id='word_1_799' title='bbox 2008 4165 2187 4218; x_wconf 84' lang='lat' dir='ltr'><strong>fructu</strong></span> <span class='ocrx_word' id='word_1_800' title='bbox 2221 4162 2550 4226; x_wconf 88' lang='lat' dir='ltr'><strong>comederet,</strong></span> <span class='ocrx_word' id='word_1_801' title='bbox 2579 4161 2813 4214; x_wconf 90' lang='lat' dir='ltr'><strong>curavit.</strong></span> <span class='ocrx_word' id='word_1_802' title='bbox 2859 4158 2972 4214; x_wconf 89' lang='lat' dir='ltr'><strong>Iloc</strong></span> <span class='ocrx_word' id='word_1_803' title='bbox 2999 4168 3141 4223; x_wconf 92' lang='lat' dir='ltr'><strong>acto,</strong></span> <span class='ocrx_word' id='word_1_804' title='bbox 3177 4159 3404 4212; x_wconf 91' lang='lat' dir='ltr'><strong>umbra-</strong></span> 
     </span>
    </p>
   </div>
   <div class='ocr_carea' id='block_1_107' title="bbox 1830 4249 3406 4325">
    <p class='ocr_par' dir='ltr' id='par_1_107' title="bbox 1830 4249 3406 4325">
     <span class='ocr_line' id='line_1_110' title="bbox 1830 4249 3406 4325; baseline -0.003 -18"><span class='ocrx_word' id='word_1_805' title='bbox 1830 4270 1937 4325; x_wconf 91' lang='lat' dir='ltr'><strong>que</strong></span> <span class='ocrx_word' id='word_1_806' title='bbox 1966 4269 2215 4310; x_wconf 89' lang='lat' dir='ltr'><strong>arescere</strong></span> <span class='ocrx_word' id='word_1_807' title='bbox 2253 4252 2431 4322; x_wconf 90' lang='lat' dir='ltr'><strong>jussa,</strong></span> <span class='ocrx_word' id='word_1_808' title='bbox 2457 4253 2600 4306; x_wconf 90' lang='lat' dir='ltr'><strong>hanc</strong></span> <span class='ocrx_word' id='word_1_809' title='bbox 2635 4251 2820 4320; x_wconf 91' lang='lat' dir='ltr'><strong>utique</strong></span> <span class='ocrx_word' id='word_1_810' title='bbox 2847 4251 3104 4317; x_wconf 85' lang='lat' dir='ltr'><strong>abolevit,</strong></span> <span class='ocrx_word' id='word_1_811' title='bbox 3129 4250 3224 4304; x_wconf 90' lang='lat' dir='ltr'><strong>sed</strong></span> <span class='ocrx_word' id='word_1_812' title='bbox 3261 4249 3406 4304; x_wconf 85' lang='lat' dir='ltr'><strong>radi-</strong></span> 
     </span>
    </p>
   </div>
   <div class='ocr_carea' id='block_1_108' title="bbox 1830 4342 3409 4410">
    <p class='ocr_par' dir='ltr' id='par_1_108' title="bbox 1830 4342 3409 4410">
     <span class='ocr_line' id='line_1_111' title="bbox 1830 4342 3409 4410; baseline -0.005 -7"><span class='ocrx_word' id='word_1_813' title='bbox 1830 4364 1947 4403; x_wconf 89' lang='lat' dir='ltr'><strong>cem</strong></span> <span class='ocrx_word' id='word_1_814' title='bbox 1977 4347 2221 4410; x_wconf 77' lang='lat' dir='ltr'><strong>retinuit,</strong></span> <span class='ocrx_word' id='word_1_815' title='bbox 2249 4351 2423 4402; x_wconf 90' lang='lat' dir='ltr'><strong>donec</strong></span> <span class='ocrx_word' id='word_1_816' title='bbox 2449 4346 2576 4400; x_wconf 91' lang='lat' dir='ltr'><strong>huic</strong></span> <span class='ocrx_word' id='word_1_817' title='bbox 2617 4360 2718 4399; x_wconf 91' lang='lat' dir='ltr'><strong>nos</strong></span> <span class='ocrx_word' id='word_1_818' title='bbox 2763 4344 3166 4397; x_wconf 89' lang='lat' dir='ltr'><strong>insereremur:</strong></span> <span class='ocrx_word' id='word_1_819' title='bbox 3203 4342 3275 4395; x_wconf 92' lang='lat' dir='ltr'><strong>illi</strong></span> <span class='ocrx_word' id='word_1_820' title='bbox 3309 4358 3409 4396; x_wconf 88' lang='lat' dir='ltr'><strong>au-</strong></span> 
     </span>
    </p>
   </div>
   <div class='ocr_carea' id='block_1_109' title="bbox 1831 4431 3406 4504">
    <p class='ocr_par' dir='ltr' id='par_1_109' title="bbox 1831 4431 3406 4504">
     <span class='ocr_line' id='line_1_112' title="bbox 1831 4431 3406 4504; baseline -0.006 -10"><span class='ocrx_word' id='word_1_821' title='bbox 1831 4448 1963 4504; x_wconf 90' lang='lat' dir='ltr'><strong>tem,</strong></span> <span class='ocrx_word' id='word_1_822' title='bbox 1989 4438 2096 4493; x_wconf 88' lang='lat' dir='ltr'><strong>nisi</strong></span> <span class='ocrx_word' id='word_1_823' title='bbox 2146 4435 2286 4491; x_wconf 85' lang='lat' dir='ltr'><strong>forte</strong></span> <span class='ocrx_word' id='word_1_824' title='bbox 2339 4437 2393 4490; x_wconf 92' lang='lat' dir='ltr'><strong>in</strong></span> <span class='ocrx_word' id='word_1_825' title='bbox 2442 4434 2820 4490; x_wconf 87' lang='lat' dir='ltr'><strong>incredulitate</strong></span> <span class='ocrx_word' id='word_1_826' title='bbox 2874 4431 3295 4501; x_wconf 86' lang='lat' dir='ltr'><strong>permanserint,</strong></span> <span class='ocrx_word' id='word_1_827' title='bbox 3348 4431 3406 4484; x_wconf 90' lang='lat' dir='ltr'><strong>in</strong></span> 
     </span>
    </p>
   </div>
   <div class='ocr_carea' id='block_1_110' title="bbox 1834 4520 3406 4585">
    <p class='ocr_par' dir='ltr' id='par_1_110' title="bbox 1834 4520 3406 4585">
     <span class='ocr_line' id='line_1_113' title="bbox 1834 4520 3406 4585; baseline -0.005 -1"><span class='ocrx_word' id='word_1_828' title='bbox 1834 4529 2031 4585; x_wconf 91' lang='lat' dir='ltr'><strong>olivam</strong></span> <span class='ocrx_word' id='word_1_829' title='bbox 2081 4544 2237 4583; x_wconf 92' lang='lat' dir='ltr'><strong>suam</strong></span> <span class='ocrx_word' id='word_1_830' title='bbox 2291 4528 2598 4581; x_wconf 89' lang='lat' dir='ltr'><strong>inserentur</strong></span> <span class='ocrx_word' id='word_1_831' title='bbox 2634 4525 2698 4578; x_wconf 67' lang='grc' dir='ltr'><strong>δι.</strong></span> <span class='ocrx_word' id='word_1_832' title='bbox 2735 4523 2955 4578; x_wconf 85' lang='lat' dir='ltr'><strong>Interim</strong></span> <span class='ocrx_word' id='word_1_833' title='bbox 2993 4521 3100 4577; x_wconf 90' lang='lat' dir='ltr'><strong>iIIis</strong></span> <span class='ocrx_word' id='word_1_834' title='bbox 3143 4520 3406 4576; x_wconf 82' lang='lat' dir='ltr'><strong>Dominus</strong></span> 
     </span>
    </p>
   </div>
   <div class='ocr_carea' id='block_1_111' title="bbox 1833 4619 2692 4697">
    <p class='ocr_par' dir='ltr' id='par_1_111' title="bbox 1833 4619 2692 4697">
     <span class='ocr_line' id='line_1_114' title="bbox 1833 4619 2692 4697; baseline -0.009 -16"><span class='ocrx_word' id='word_1_835' title='bbox 1833 4633 2054 4697; x_wconf 89' lang='lat' dir='ltr'><strong>propter</strong></span> <span class='ocrx_word' id='word_1_836' title='bbox 2085 4622 2359 4694; x_wconf 87' lang='lat' dir='ltr'><strong>pigritiam</strong></span> <span class='ocrx_word' id='word_1_837' title='bbox 2390 4619 2692 4675; x_wconf 80' lang='lat' dir='ltr'><strong>maledixit.</strong></span> 
     </span>
    </p>
   </div>
   <div class='ocr_carea' id='block_1_112' title="bbox 1905 4704 3408 4777">
    <p class='ocr_par' dir='ltr' id='par_1_112' title="bbox 1905 4704 3408 4777">
     <span class='ocr_line' id='line_1_115' title="bbox 1905 4704 3408 4777; baseline -0.007 -9"><span class='ocrx_word' id='word_1_838' title='bbox 1905 4715 1960 4768; x_wconf 90' lang='lat'><strong>7.</strong></span> <span class='ocrx_word' id='word_1_839' title='bbox 1991 4713 2304 4769; x_wconf 65' lang='lat' dir='ltr'><strong>Transactaa</strong></span> <span class='ocrx_word' id='word_1_840' title='bbox 2336 4721 2464 4767; x_wconf 92' lang='lat' dir='ltr'><strong>sunt</strong></span> <span class='ocrx_word' id='word_1_841' title='bbox 2490 4709 2764 4770; x_wconf 83' lang='lat' dir='ltr'><strong>Kalendae,</strong></span> <span class='ocrx_word' id='word_1_842' title='bbox 2795 4720 3069 4775; x_wconf 85' lang='lat' dir='ltr'><strong>verusque</strong></span> <span class='ocrx_word' id='word_1_843' title='bbox 3101 4704 3290 4777; x_wconf 82' lang='lat' dir='ltr'><strong>Agnus</strong></span> <span class='ocrx_word' id='word_1_844' title='bbox 3313 4704 3408 4774; x_wconf 91' lang='lat' dir='ltr'><strong>qui</strong></span> 
     </span>
    </p>
   </div>
   <div class='ocr_carea' id='block_1_113' title="bbox 1834 4796 3407 4868">
    <p class='ocr_par' dir='ltr' id='par_1_113' title="bbox 1834 4796 3407 4868">
     <span class='ocr_line' id='line_1_116' title="bbox 1834 4796 3407 4868; baseline -0.008 -6"><span class='ocrx_word' id='word_1_845' title='bbox 1834 4822 1960 4862; x_wconf 89' lang='lat' dir='ltr'><strong>vere</strong></span> <span class='ocrx_word' id='word_1_846' title='bbox 1985 4805 2194 4861; x_wconf 90' lang='lat' dir='ltr'><strong>Pascha</strong></span> <span class='ocrx_word' id='word_1_847' title='bbox 2222 4813 2325 4868; x_wconf 89' lang='lat' dir='ltr'><strong>est,</strong></span> <span class='ocrx_word' id='word_1_848' title='bbox 2360 4804 2429 4858; x_wconf 91' lang='lat' dir='ltr'><strong>ad</strong></span> <span class='ocrx_word' id='word_1_849' title='bbox 2459 4817 2560 4858; x_wconf 89' lang='lat' dir='ltr'><strong>nos</strong></span> <span class='ocrx_word' id='word_1_850' title='bbox 2589 4799 2754 4856; x_wconf 87' lang='lat' dir='ltr'><strong>venit.</strong></span> <span class='ocrx_word' id='word_1_851' title='bbox 2785 4797 2911 4851; x_wconf 88' lang='lat' dir='ltr'><strong>Dies</strong></span> <span class='ocrx_word' id='word_1_852' title='bbox 2951 4796 3210 4852; x_wconf 89' lang='lat' dir='ltr'><strong>solemnis</strong></span> <span class='ocrx_word' id='word_1_853' title='bbox 3234 4797 3407 4862; x_wconf 88' lang='lat' dir='ltr'><strong>adest,</strong></span> 
     </span>
    </p>
   </div>
   <div class='ocr_carea' id='block_1_114' title="bbox 1834 4886 3407 4968">
    <p class='ocr_par' dir='ltr' id='par_1_114' title="bbox 1834 4886 3407 4968">
     <span class='ocr_line' id='line_1_117' title="bbox 1834 4886 3407 4968; baseline -0.008 -15"><span class='ocrx_word' id='word_1_854' title='bbox 1834 4913 1942 4968; x_wconf 88' lang='lat' dir='ltr'><strong>quo</strong></span> <span class='ocrx_word' id='word_1_855' title='bbox 1987 4895 2188 4951; x_wconf 89' lang='lat' dir='ltr'><strong>festum</strong></span> <span class='ocrx_word' id='word_1_856' title='bbox 2246 4895 2371 4948; x_wconf 88' lang='lat' dir='ltr'><strong>tuba</strong></span> <span class='ocrx_word' id='word_1_857' title='bbox 2426 4888 2877 4963; x_wconf 88' lang='lat' dir='ltr'><strong>proclamandum</strong></span> <span class='ocrx_word' id='word_1_858' title='bbox 2919 4894 3023 4953; x_wconf 90' lang='lat' dir='ltr'><strong>est,</strong></span> <span class='ocrx_word' id='word_1_859' title='bbox 3060 4903 3170 4957; x_wconf 90' lang='lat' dir='ltr'><strong>quo</strong></span> <span class='ocrx_word' id='word_1_860' title='bbox 3205 4902 3306 4941; x_wconf 93' lang='lat' dir='ltr'><strong>nos</strong></span> <span class='ocrx_word' id='word_1_861' title='bbox 3339 4886 3407 4940; x_wconf 90' lang='lat' dir='ltr'><strong>ad</strong></span> 
     </span>
    </p>
   </div>
   <div class='ocr_carea' id='block_1_115' title="bbox 1834 4984 3406 5058">
    <p class='ocr_par' dir='ltr' id='par_1_115' title="bbox 1834 4984 3406 5058">
     <span class='ocr_line' id='line_1_118' title="bbox 1834 4984 3406 5058; baseline -0.009 -16"><span class='ocrx_word' id='word_1_862' title='bbox 1834 4989 2003 5044; x_wconf 92' lang='lat' dir='ltr'><strong>Deum</strong></span> <span class='ocrx_word' id='word_1_863' title='bbox 2055 4985 2353 5058; x_wconf 86' lang='lat' dir='ltr'><strong>gratiarum</strong></span> <span class='ocrx_word' id='word_1_864' title='bbox 2401 4984 2732 5054; x_wconf 90' lang='lat' dir='ltr'><strong>agendarum</strong></span> <span class='ocrx_word' id='word_1_865' title='bbox 2785 4998 2955 5038; x_wconf 85' lang='lat' dir='ltr'><strong>causa</strong></span> <span class='ocrx_word' id='word_1_866' title='bbox 2996 4987 3406 5041; x_wconf 86' lang='lat' dir='ltr'><strong>convertamur,</strong></span> 
     </span>
    </p>
   </div>
   <div class='ocr_carea' id='block_1_116' title="bbox 1833 5067 3410 5152">
    <p class='ocr_par' dir='ltr' id='par_1_116' title="bbox 1833 5067 3410 5152">
     <span class='ocr_line' id='line_1_119' title="bbox 1833 5067 3410 5152; baseline -0.01 -16"><span class='ocrx_word' id='word_1_867' title='bbox 1833 5092 1997 5152; x_wconf 91' lang='lat' dir='ltr'><strong>atque</strong></span> <span class='ocrx_word' id='word_1_868' title='bbox 2017 5080 2193 5149; x_wconf 90' lang='lat' dir='ltr'><strong>ipsum</strong></span> <span class='ocrx_word' id='word_1_869' title='bbox 2221 5076 2505 5132; x_wconf 89' lang='lat' dir='ltr'><strong>Paschatis</strong></span> <span class='ocrx_word' id='word_1_870' title='bbox 2555 5077 2724 5131; x_wconf 90' lang='lat' dir='ltr'><strong>nostri</strong></span> <span class='ocrx_word' id='word_1_871' title='bbox 2773 5075 2894 5130; x_wconf 88' lang='lat' dir='ltr'><strong>loco</strong></span> <span class='ocrx_word' id='word_1_872' title='bbox 2942 5072 3265 5127; x_wconf 88' lang='lat' dir='ltr'><strong>habeamus.</strong></span> <span class='ocrx_word' id='word_1_873' title='bbox 3306 5067 3410 5122; x_wconf 57' lang='lat' dir='ltr'><strong>Fc.</strong></span> 
     </span>
    </p>
   </div>
   <div class='ocr_carea' id='block_1_117' title="bbox 1832 5165 3408 5237">
    <p class='ocr_par' dir='ltr' id='par_1_117' title="bbox 1832 5165 3408 5237">
     <span class='ocr_line' id='line_1_120' title="bbox 1832 5165 3408 5237; baseline -0.011 -7"><span class='ocrx_word' id='word_1_874' title='bbox 1832 5184 1974 5230; x_wconf 91' lang='lat' dir='ltr'><strong>stum</strong></span> <span class='ocrx_word' id='word_1_875' title='bbox 2002 5172 2251 5237; x_wconf 90' lang='lat' dir='ltr'><strong>Domino,</strong></span> <span class='ocrx_word' id='word_1_876' title='bbox 2285 5185 2394 5224; x_wconf 88' lang='lat' dir='ltr'><strong>non</strong></span> <span class='ocrx_word' id='word_1_877' title='bbox 2436 5169 2595 5224; x_wconf 91' lang='lat' dir='ltr'><strong>nobis</strong></span> <span class='ocrx_word' id='word_1_878' title='bbox 2616 5211 2632 5235; x_wconf 93' lang='lat'><strong>,</strong></span> <span class='ocrx_word' id='word_1_879' title='bbox 2666 5168 2940 5224; x_wconf 86' lang='lat' dir='ltr'><strong>celebrare</strong></span> <span class='ocrx_word' id='word_1_880' title='bbox 2967 5165 3264 5228; x_wconf 89' lang='lat' dir='ltr'><strong>debemus;</strong></span> <span class='ocrx_word' id='word_1_881' title='bbox 3312 5177 3408 5214; x_wconf 84' lang='lat' dir='ltr'><strong>ne-</strong></span> 
     </span>
    </p>
   </div>
   <div class='ocr_carea' id='block_1_118' title="bbox 1831 5251 3404 5337">
    <p class='ocr_par' dir='ltr' id='par_1_118' title="bbox 1831 5251 3404 5337">
     <span class='ocr_line' id='line_1_121' title="bbox 1831 5251 3404 5337; baseline -0.012 -17"><span class='ocrx_word' id='word_1_882' title='bbox 1831 5281 1938 5337; x_wconf 91' lang='lat' dir='ltr'><strong>que</strong></span> <span class='ocrx_word' id='word_1_883' title='bbox 1988 5261 2146 5317; x_wconf 88' lang='lat' dir='ltr'><strong>nobis</strong></span> <span class='ocrx_word' id='word_1_884' title='bbox 2179 5261 2476 5323; x_wconf 82' lang='lat' dir='ltr'><strong>exsultare,</strong></span> <span class='ocrx_word' id='word_1_885' title='bbox 2510 5259 2604 5314; x_wconf 89' lang='lat' dir='ltr'><strong>sed</strong></span> <span class='ocrx_word' id='word_1_886' title='bbox 2635 5257 2888 5323; x_wconf 89' lang='lat' dir='ltr'><strong>Domino,</strong></span> <span class='ocrx_word' id='word_1_887' title='bbox 2941 5253 3036 5325; x_wconf 91' lang='lat' dir='ltr'><strong>qui</strong></span> <span class='ocrx_word' id='word_1_888' title='bbox 3082 5251 3404 5306; x_wconf 81' lang='lat' dir='ltr'><strong>alliictioncs</strong></span> 
     </span>
    </p>
   </div>
   <div class='ocr_carea' id='block_1_119' title="bbox 2088 5337 3400 5410">
    <p class='ocr_par' dir='ltr' id='par_1_119' title="bbox 2088 5337 3400 5410">
     <span class='ocr_line' id='line_1_122' title="bbox 2088 5337 3400 5410; baseline -0.012 -5"><span class='ocrx_word' id='word_1_889' title='bbox 2088 5351 2136 5384; x_wconf 72' lang='lat'><strong>&quot;‘</strong></span> <span class='ocrx_word' id='word_1_890' title='bbox 2167 5349 2315 5405; x_wconf 90' lang='lat' dir='ltr'><strong>Psal.</strong></span> <span class='ocrx_word' id='word_1_891' title='bbox 2346 5365 2500 5410; x_wconf 85' lang='lat' dir='ltr'><strong>xxix,</strong></span> <span class='ocrx_word' id='word_1_892' title='bbox 2549 5347 2637 5402; x_wconf 81' lang='grc'><strong>10.</strong></span> <span class='ocrx_word' id='word_1_893' title='bbox 2711 5347 2759 5380; x_wconf 80' lang='grc'>⁸⁸</span> <span class='ocrx_word' id='word_1_894' title='bbox 2794 5345 2982 5401; x_wconf 85' lang='lat' dir='ltr'><strong>Matth.</strong></span> <span class='ocrx_word' id='word_1_895' title='bbox 3034 5357 3158 5404; x_wconf 85' lang='lat' dir='ltr'><strong>xxv,</strong></span> <span class='ocrx_word' id='word_1_896' title='bbox 3212 5337 3400 5410; x_wconf 20' lang='lat'><strong>276-30.</strong></span> 
     </span>
    </p>
   </div>
   <div class='ocr_carea' id='block_1_120' title="bbox 2041 5409 3398 5484">
    <p class='ocr_par' dir='ltr' id='par_1_120' title="bbox 2041 5409 3398 5484">
     <span class='ocr_line' id='line_1_123' title="bbox 2041 5409 3398 5484; baseline -0.01 -7"><span class='ocrx_word' id='word_1_897' title='bbox 2041 5422 2086 5455; x_wconf 80' lang='lat'><strong>&#39;°</strong></span> <span class='ocrx_word' id='word_1_898' title='bbox 2117 5421 2248 5476; x_wconf 88' lang='lat' dir='ltr'><strong>ibid.</strong></span> <span class='ocrx_word' id='word_1_899' title='bbox 2273 5421 2358 5476; x_wconf 80' lang='lat' dir='ltr'><strong>I9.</strong></span> <span class='ocrx_word' id='word_1_900' title='bbox 2461 5409 2505 5451; x_wconf 75' lang='lat'>“</span> <span class='ocrx_word' id='word_1_901' title='bbox 2537 5417 2646 5474; x_wconf 83' lang='lat' dir='ltr'><strong>Jer.</strong></span> <span class='ocrx_word' id='word_1_902' title='bbox 2683 5435 2811 5484; x_wconf 84' lang='lat' dir='ltr'><strong>xxv,</strong></span> <span class='ocrx_word' id='word_1_903' title='bbox 2840 5419 2928 5483; x_wconf 82' lang='grc'>10,</span> <span class='ocrx_word' id='word_1_904' title='bbox 2966 5413 3054 5468; x_wconf 79' lang='lat' dir='ltr'><strong>II.</strong></span> <span class='ocrx_word' id='word_1_905' title='bbox 3157 5412 3199 5442; x_wconf 81' lang='grc'>⁶¹</span> <span class='ocrx_word' id='word_1_906' title='bbox 3240 5409 3398 5463; x_wconf 75' lang='lat' dir='ltr'><strong>Boni.</strong></span> 
     </span>
    </p>
   </div>
   <div class='ocr_carea' id='block_1_121' title="bbox 1825 5597 3400 5666">
    <p class='ocr_par' dir='ltr' id='par_1_121' title="bbox 1825 5597 3400 5666">
     <span class='ocr_line' id='line_1_124' title="bbox 1825 5597 3400 5666; baseline -0.006 -10"><span class='ocrx_word' id='word_1_907' title='bbox 1825 5601 1910 5656; x_wconf 88' lang='lat' dir='ltr'><strong>cis</strong></span> <span class='ocrx_word' id='word_1_908' title='bbox 1957 5597 2290 5654; x_wconf 89' lang='lat' dir='ltr'><strong>membranis</strong></span> <span class='ocrx_word' id='word_1_909' title='bbox 2328 5597 2398 5652; x_wconf 87' lang='lat' dir='ltr'><strong>ab</strong></span> <span class='ocrx_word' id='word_1_910' title='bbox 2423 5597 2635 5652; x_wconf 86' lang='lat' dir='ltr'><strong>editore</strong></span> <span class='ocrx_word' id='word_1_911' title='bbox 2685 5607 2869 5665; x_wconf 86' lang='lat' dir='ltr'><strong>postea</strong></span> <span class='ocrx_word' id='word_1_912' title='bbox 2906 5605 3202 5666; x_wconf 86' lang='lat' dir='ltr'><strong>repertum,</strong></span> <span class='ocrx_word' id='word_1_913' title='bbox 3255 5609 3400 5648; x_wconf 80' lang='lat' dir='ltr'><strong>non-</strong></span> 
     </span>
    </p>
   </div>
   <div class='ocr_carea' id='block_1_122' title="bbox 1829 5668 3400 5744">
    <p class='ocr_par' dir='ltr' id='par_1_122' title="bbox 1829 5668 3400 5744">
     <span class='ocr_line' id='line_1_125' title="bbox 1829 5668 3400 5744; baseline -0.006 -19"><span class='ocrx_word' id='word_1_914' title='bbox 1829 5671 2138 5744; x_wconf 80' lang='lat' dir='ltr'><strong>nisimulto</strong></span> <span class='ocrx_word' id='word_1_915' title='bbox 2172 5678 2294 5744; x_wconf 84' lang='lat' dir='ltr'><strong>post</strong></span> <span class='ocrx_word' id='word_1_916' title='bbox 2318 5669 2468 5744; x_wconf 67' lang='lat' dir='ltr'><strong>ineo</strong></span> <span class='ocrx_word' id='word_1_917' title='bbox 2506 5669 2644 5721; x_wconf 86' lang='lat' dir='ltr'><strong>libro</strong></span> <span class='ocrx_word' id='word_1_918' title='bbox 2674 5668 3065 5744; x_wconf 80' lang='lat' dir='ltr'><strong>positun_i_luit,</strong></span> <span class='ocrx_word' id='word_1_919' title='bbox 3109 5681 3302 5734; x_wconf 85' lang='lat' dir='ltr'><strong>nempe</strong></span> <span class='ocrx_word' id='word_1_920' title='bbox 3348 5679 3400 5744; x_wconf 41' lang='lat' dir='ltr'><strong>in</strong></span> 
     </span>
    </p>
   </div>
   <div class='ocr_carea' id='block_1_123' title="bbox 1829 5737 3400 5824">
    <p class='ocr_par' dir='ltr' id='par_1_123' title="bbox 1829 5737 3400 5824">
     <span class='ocr_line' id='line_1_126' title="bbox 1829 5737 3400 5824; baseline -0.006 -29"><span class='ocrx_word' id='word_1_921' title='bbox 1829 5742 2028 5824; x_wconf 79' lang='lat' dir='ltr'><strong>pagina</strong></span> <span class='ocrx_word' id='word_1_922' title='bbox 2086 5739 2245 5824; x_wconf 71' lang='lat' dir='ltr'><strong>tertia</strong></span> <span class='ocrx_word' id='word_1_923' title='bbox 2292 5739 2816 5824; x_wconf 64' lang='lat' dir='ltr'><strong>additameutorunr.</strong></span> <span class='ocrx_word' id='word_1_924' title='bbox 2884 5737 2996 5792; x_wconf 84' lang='lat' dir='ltr'><strong>Nos</strong></span> <span class='ocrx_word' id='word_1_925' title='bbox 3044 5751 3170 5792; x_wconf 88' lang='lat' dir='ltr'><strong>vero</strong></span> <span class='ocrx_word' id='word_1_926' title='bbox 3216 5737 3400 5791; x_wconf 88' lang='lat' dir='ltr'><strong>omnia</strong></span> 
     </span>
    </p>
   </div>
   <div class='ocr_carea' id='block_1_124' title="bbox 1828 5809 2953 5879">
    <p class='ocr_par' dir='ltr' id='par_1_124' title="bbox 1828 5809 2953 5879">
     <span class='ocr_line' id='line_1_127' title="bbox 1828 5809 2953 5879; baseline -0.006 -12"><span class='ocrx_word' id='word_1_927' title='bbox 1828 5809 1971 5868; x_wconf 47' lang='lat' dir='ltr'><strong>ius—to</strong></span> <span class='ocrx_word' id='word_1_928' title='bbox 2001 5811 2213 5873; x_wconf 86' lang='lat' dir='ltr'><strong>ordine,</strong></span> <span class='ocrx_word' id='word_1_929' title='bbox 2251 5819 2308 5865; x_wconf 94' lang='lat' dir='ltr'><strong>ut</strong></span> <span class='ocrx_word' id='word_1_930' title='bbox 2341 5809 2645 5879; x_wconf 78' lang='lat' dir='ltr'><strong>oportebat,</strong></span> <span class='ocrx_word' id='word_1_931' title='bbox 2679 5809 2953 5876; x_wconf 87' lang='lat' dir='ltr'><strong>ponimus.</strong></span> 
     </span>
    </p>
   </div>
   <div class='ocr_carea' id='block_1_125' title="bbox 2999 5899 3076 5960">
    <p class='ocr_par' dir='ltr' id='par_1_125' title="bbox 2999 5899 3076 5960">
     <span class='ocr_line' id='line_1_128' title="bbox 2999 5899 3076 5960; baseline 0 0"><span class='ocrx_word' id='word_1_932' title='bbox 2999 5899 3076 5960; x_wconf 58' lang='grc' dir='ltr'><strong>Ιιῆμ</strong></span> 
     </span>
    </p>
   </div>
  </div>
