3812 6224
449 322 586 382 1587

1045 324 1101 379 S.
1143 324 1514 381 ATHANASII
1552 326 1699 381 OI‘P.
1746 325 1923 381 PARS
1956 325 2018 379 Il.
2059 355 2125 365 —
2164 322 2519 379 EPIS'I'OLAE
2563 322 3095 379 IIEORTASTICJE.

3576 323 3719 381 I383

450 448 665 497 nostras
696 440 932 510 pertulit,
951 440 1192 511 dixitque
1216 442 1262 473 “
1288 443 1427 514 :67
1452 462 1472 495 ι
1511 440 1707 497 Tristis
1726 454 1808 498 est
1836 444 2015 498 anima
2046 449 2091 506 Α
2122 443 2303 514 populi
2355 441 2441 496 sui
2487 441 2743 496 misertus
2794 450 2879 497 est
2908 483 2923 506 ,
2982 440 3037 497 et
3075 440 3311 499 humiles
3363 438 3559 512 populi
3633 459 3715 497 re-

449 548 566 588 mea
598 548 771 603 usque
802 532 870 587 ad
897 541 1145 588 mortem.
1174 554 1192 586 ι
1220 533 1436 590 Ethnici
1458 535 1701 605 quidem,
1729 537 2018 607 cunctique

448 624 554 679 fide
588 633 770 679 nostra
795 626 981 691 alieni,
1013 640 1138 680 cum
1189 624 1329 682 festa
1370 626 1648 683 celebrare
1689 630 2014 699 suscipiunt,

446 729 581 784 pace
624 722 830 780 carent,
878 715 1005 785 quia
1034 726 1261 785 peccant
1294 718 1558 773 adversus
1586 717 1757 772 Deum
1793 737 1806 773 :
1857 735 2015 773 secus

445 818 575 857 vero
602 804 1271 875 sancti,.quandoquidem
1304 805 1538 862 Domino
1573 807 1783 873 vivunt,
1818 808 2012 864 festum

442 911 630 953 revera
671 896 846 951 eidem
870 897 1145 951 celebrant
1169 897 1413 955 dicentes
1444 900 1521 953 “:
1564 900 1705 970 «Ego
1731 902 2017 957 exsultabo

442 989 498 1043 in
520 990 745 1045 salutari
776 999 886 1044 tuo.
920 988 1228 1044 Exsultabit
1258 992 1440 1045 anima
1472 1007 1591 1046 mea
1620 993 1672 1046 in
1709 992 1960 1047 Domino.
1991 1014 2010 1044 ι

441 1080 748 1137 Commune
809 1082 1057 1137 videlicet
1112 1083 1247 1152 ipsis
1280 1084 1595 1139 mandatum
1638 1086 1768 1140 illud
1804 1096 1888 1141 est
1920 1087 1966 1118 “
1996 1106 2011 1142 :

449 1171 793 1236 «Exsultate,
845 1174 1020 1245 justi,
1073 1175 1127 1227 in
1185 1173 1484 1230 Domino.»
1539 1175 1905 1241 Quamobrem
1958 1178 2014 1233 in

440 1264 801 1320 conventibus
840 1266 955 1320 suis
987 1280 1281 1322 commune
1317 1268 1449 1322 illud
1497 1267 1685 1324 festale
1736 1271 2011 1326 canticum

440 1366 639 1413 canent
670 1378 683 1413 :
726 1358 978 1425 iVenite,
1008 1361 1447 1428 exsultemus“,t
1485 1363 1630 1417 haud
1656 1379 1789 1421 sane
1821 1365 1875 1419 in
1908 1381 2011 1423 no-

438 1450 548 1517 bis,
581 1450 677 1507 sed
710 1452 763 1505 in
795 1450 1044 1505 Domino.

508 1542 563 1597 8.
592 1542 865 1598 Abraham
889 1559 1127 1614 quoque,
1155 1544 1244 1599 ille
1269 1547 1703 1616 patriarcharum
1730 1548 2007 1620 princeps,

439 1649 549 1689 non
581 1635 708 1703 quia
741 1634 884 1690 diem
910 1651 1092 1700 suum,
1128 1636 1222 1692 sed
1272 1638 1402 1707 quia
1440 1639 1582 1693 diem
1619 1639 1831 1693 Domini
1852 1641 2006 1704 vidit,

437 1721 749 1775 exsultavit.
781 1719 956 1791 Atque
990 1724 1062 1776 ita
1102 1738 1228 1777 cum
1254 1735 1648 1796 exspectasset,
1682 1728 1815 1783 vidit
1842 1740 2006 1799 atque

2121 535 2342 590 creavit.

2190 624 2276 680 IO.
2310 618 2571 678 Creatura
2621 621 2823 683 omnis,
2857 619 3054 676 fratres
3093 620 3223 683 mei,
3287 617 3495 673 festum
3547 618 3714 689 agit;

2118 727 2171 772 et
2200 718 2381 772 omnis
2436 715 2682 784 spiritus,
2730 713 2888 784 juxta
2939 712 3287 768 Psalmistam
3344 711 3415 773 δ’,
3468 710 3716 765 Domino

2118 809 2335 865 laudem
2366 818 2586 877 propter
2617 806 2823 863 deletos
2865 805 3052 860 hostes
3078 804 3311 861 extollit.
3355 801 3591 868 Nostra,
3630 803 3715 856 in-

2115 917 2303 972 quam,
2323 900 2472 953 salus
2497 906 2713 967 peracta
2737 904 2841 952 est.
2867 894 3159 951 Enimvero
3185 910 3406 964 acquum
3448 895 3715 963 apprime

2115 1003 2231 1048 est:
2267 1006 2390 1045 nam
2424 993 2469 1045 si
2491 1006 2591 1060 pro
2613 1006 2725 1046 uno
2747 998 3034 1059 peccatore
3075 987 3455 1057 penitentiam
3486 995 3711 1056 agente.

2114 1082 2369 1155 gaudium
2393 1082 2445 1135 in
2459 1082 2599 1137 caelo
2620 1091 2703 1136 est
2723 1083 2792 1145 ⁷ο,
2812 1090 3017 1151 quanta
3052 1078 3232 1133 futura
3249 1086 3351 1133 .est
3372 1077 3561 1132 laetitia
3599 1077 3715 1147 69

2114 1177 2185 1234 ob
2215 1177 2419 1245 peccati
2437 1175 2867 1231 destructionem
2890 1215 2906 1239 ,
2925 1182 3089 1243 atque
3111 1187 3142 1226 a
3158 1170 3396 1226 mortuis
3452 1185 3714 1224 resurre-

2113 1268 2373 1324 ctionem?
2388 1265 2434 1323 O
2450 1283 2571 1335 qua:
2591 1266 2928 1332 solemnitas,
2949 1273 3259 1335 quantaque
3274 1263 3466 1317 laetitia
3490 1262 3544 1314 in
3566 1262 3711 1316 cmlo

2113 1359 2224 1426 ﬁet,
2244 1369 2561 1432 quantoque
2581 1374 2745 1430 opere
2763 1356 3118 1415 exsultabunt
3143 1372 3205 1411 ac
3230 1355 3576 1409 laetabuntur
3601 1354 3713 1406 vir-

2113 1462 2450 1509 tutesomnes
2465 1452 2781 1523 (cmlestes),
2799 1466 2925 1506 cum
2944 1458 3245 1506 conventus
3263 1460 3487 1504 nostros
3499 1458 3715 1516 specta-

2110 1545 2246 1599 bunt
2266 1545 2415 1601 laetos
2443 1559 2765 1616 semperque
2789 1544 3001 1614 vigiles.
3030 1542 3329 1612 prmsertim
3354 1542 3411 1593 in
3437 1540 3714 1596 solemni-

2111 1638 2213 1692 bus
2237 1636 2519 1693 Paschatis
2539 1637 2917 1692 concionibus!
2942 1651 3065 1689 cum
3099 1634 3419 1703 resipiscere
3444 1644 3712 1702 peccato-

2112 1742 2200 1781 res
2218 1735 2530 1792 ccrnentur,
2559 1736 2614 1781 ct
2641 1727 2735 1796 qui
2763 1726 2976 1780 vultum
3000 1731 3329 1787 averterant,
3356 1723 3547 1776 denuo
3575 1738 3714 1775 con-

436 1811 750 1868 exsullavit.
778 1811 844 1866 Et
875 1828 997 1867 cum
1024 1814 1147 1867 fidei
1170 1815 1289 1884 ejus
1329 1818 1759 1887 experimentum
1782 1830 2000 1890 captum
2038 1803 2078 1857 Β
2109 1817 2279 1885 verti;
2315 1827 2369 1873 et
2427 1817 2520 1887 qui
2572 1827 2731 1871 antea
2796 1815 3187 1885 cupiditatibus
3239 1813 3598 1870 indulserant
3658 1823 3711 1865 et

436 1901 560 1968 fuit,
598 1901 845 1959 lsaacum
874 1906 1126 1975 perduxit
1160 1908 1212 1961 in
1238 1917 1504 1976 montem,
1539 1912 1840 1983 obtulitque
1880 1916 2003 1970 uui-

435 1996 699 2062 genitum,
733 1996 822 2051 cui
871 1996 1028 2052 facta:
1065 2008 1221 2054 erant
1276 2001 1714 2070 promissiones:
1766 2014 1820 2060 et
1875 2007 2005 2061 dum

435 2086 716 2154 proprium
744 2087 961 2144 offerret
994 2090 1186 2156 lilium,
1218 2090 1313 2146 Dei
1367 2091 1565 2149 Filium
1598 2097 1860 2152 adorabat
1890 2118 1903 2154 :
1954 2109 2008 2153 et

434 2175 565 2229 dum
605 2193 635 2231 a
666 2180 811 2234 caede
836 2179 1005 2235 lsaaci
1044 2183 1443 2252 prohiberetur,
1472 2186 1754 2245 Christum
1807 2194 1859 2246 in
1914 2193 2005 2248 illo

434 2282 576 2339 agno
640 2272 1109 2341 contemplabatur
1183 2276 1277 2345 qui
1334 2275 1443 2331 Deo
1517 2279 1831 2337 immolatus
1881 2284 2003 2337 fuit.

433 2359 692 2431 Princeps
745 2363 837 2418 ille
889 2366 1322 2434 patriarcharum
1380 2371 1640 2439 probatus
1702 2374 1754 2427 iu
1816 2374 2005 2431 lsaaco

435 2450 557 2516 fuit,
584 2455 678 2523 qui
708 2454 852 2510 haud
892 2457 1006 2526 ipse
1037 2459 1255 2528 quidem
1297 2462 1729 2529 sacrificabatur,
1765 2468 1857 2521 sed
1915 2468 2005 2522 ille

431 2544 499 2597 de
542 2560 654 2614 quo
707 2547 849 2615 apud
893 2548 1089 2603 Isaiam
1139 2553 1464 2621 przedicalur
1515 2556 1580 2617 ⁸⁵,
1646 2554 1759 2610 fore
1790 2567 1847 2609 ut
1887 2569 2005 2614 tan-

431 2650 596 2705 quam
620 2652 793 2708 agnus
815 2641 881 2695 ad
905 2642 1176 2697 lanienam
1216 2645 1528 2706 duceretur.
1557 2657 1611 2701 et
1638 2663 1823 2703 coram
1852 2651 2002 2705 lanio

432 2726 873 2797 obmutesceret,
924 2732 1111 2785 mundi
1163 2743 1345 2787 autem
1402 2746 1684 2804 peccatum
1740 2739 1999 2794 auferret.

430 2815 642 2873 Idcirco
697 2819 974 2875 Abraham
1033 2823 1103 2877 ab
1166 2824 1465 2881 inferendis
1523 2843 1693 2896 puero
1750 2832 2004 2886 manibus

429 2909 742 2978 prohibitus
783 2911 905 2977 fuit,
955 2928 1023 2967 ne
1070 2913 1208 2969 forte
1238 2913 1411 2969 Judzei
1458 2916 1510 2969 in
1557 2916 1724 2972 lsaaci
1753 2919 2002 2975 immola-

432 3001 580 3054 tione
608 3000 884 3065 sistentes,
918 3005 1266 3075 propheticas
1291 3023 1453 3063 voces
1488 3009 1555 3063 de
1589 3009 1871 3067 Salvatore
1905 3029 2004 3068 no-

2106 1909 2485 1972 ebrietatibus,
2534 1924 2682 1963 nunc
2734 1907 2962 1979 jejuniis
3015 1915 3070 1961 et
3127 1904 3460 1961 abstinentia
3529 1919 3712 1958 semet

2106 2002 2509 2073 comprimere;
2542 2016 2668 2055 cum
2702 1999 2941 2069 denique
2968 1999 3180 2053 hostem
3222 1997 3497 2067 aspicient
3545 1996 3706 2050 debi-

2106 2095 2320 2149 litatum
2377 2102 2544 2163 atque
2587 2093 2893 2163 jacentem,
2931 2091 3187 2145 manibus
3226 2090 3585 2160 pedibusque
3638 2088 3705 2141 li—

2104 2187 2269 2257 gatis,
2312 2194 2368 2240 et
2417 2185 2749 2251 exanimem,
2790 2184 2864 2238 ita
2901 2194 2960 2238 ut
2991 2184 3041 2238 ei
3098 2183 3364 2237 insultare
3415 2183 3705 2251 possimus

2103 2277 2334 2331 dicendo
2365 2276 2409 2306 “
2440 2294 2453 2329 :
2514 2294 2532 2325 ι
2563 2272 2661 2328 Ubi
2699 2282 2785 2328 est
2836 2274 3066 2329 victoria
3115 2281 3208 2327 tua
3234 2312 3250 2337 ,
3297 2287 3331 2325 ο
3373 2271 3578 2326 mors?
3612 2271 3703 2325 ubi

2105 2370 2360 2425 stimulus
2380 2378 2528 2431 tuus,
2559 2384 2593 2423 ο
2633 2365 2886 2421 inferne?
2916 2385 2934 2417 ο

2176 2462 2263 2514 ll.
2294 2461 2593 2516 Cantemus
2638 2458 2869 2512 Domino
2902 2456 3145 2511 victoriae
3193 2454 3502 2510 canticum.
3566 2454 3702 2521 Quis

2104 2553 2170 2607 ad
2206 2553 2347 2606 hanc
2381 2552 2547 2605 veluti
2593 2550 2914 2620 angelorum
2962 2548 3176 2603 turbam
3210 2548 3497 2617 perveniet
3526 2548 3552 2599 ?
3612 2548 3701 2601 Ille

2103 2645 2384 2708 nimirum,
2434 2643 2528 2713 qui
2566 2642 2632 2698 ad
2665 2641 2887 2697 caeleste
2935 2641 3133 2695 festum
3164 2648 3219 2694 ct
3250 2639 3561 2709 angelicam
3607 2654 3700 2693 so-

2105 2737 2437 2791 lemnitatem
2471 2736 2762 2789 convenire
2787 2734 2979 2800 ambit,
3013 2734 3103 2803 qui
3137 2748 3262 2787 cum
3297 2730 3583 2802 Propheta
3617 2731 3702 2784 di-

2103 2830 2302 2885 cat":
2340 2846 2359 2877 σ
2391 2827 2664 2894 Quoniam
2694 2826 2944 2881 transibo
2990 2826 3044 2879 in
3097 2826 3280 2880 locum
3338 2823 3697 2879 tabernaculi

2102 2921 2440 2976 admirabilis
2472 2934 2645 2989 usque
2670 2919 2737 2972 ad
2764 2919 2991 2973 domum
3047 2916 3164 2972 Dei.
3226 2916 3283 2970 In
3316 2932 3453 2972 voce
3508 2916 3700 2970 exsul-

2104 3013 2326 3068 tationis
2372 3022 2427 3067 et
2484 3010 2874 3074 confessionis,
2916 3026 3087 3065 sonus
3117 3009 3414 3081 epulantis.
3449 3028 3469 3061 ›
3509 3008 3701 3064 Saneti

431 3102 548 3147 stro
607 3094 851 3163 prolatas
909 3095 1350 3164 frustrarentur,
1419 3111 1646 3157 cunctas
1703 3107 1999 3173 prmsertim

431 3186 548 3208 ιιι--
611 3201 743 3208 μη--
772 3187 1084 3208 -..μί12-,μξι
1142 3189 1336 3208 n--|__-e
1375 3197 1418 3208 ,μ
1465 3192 1507 3208 ιη
1663 3193 1695 3208 n
1801 3196 1849 3208 οη
1890 3197 1901 3208 ι

2120 3105 2307 3175 pariter
2344 3102 2414 3156 ad
2464 3101 2520 3157 id
2555 3117 2655 3156 nos
2703 3103 2991 3155 hortantur
3027 3100 3261 3157 dicendo
3294 3102 3340 3132 τ³
3369 3120 3381 3153 :
3425 3120 3443 3151 ε
3478 3099 3697 3164 Venite,

430 3186 571 3251 illas,
606 3201 746 3255 quas
772 3187 1087 3255 pnedicavit
1138 3189 1427 3244 Psalmista
1465 3192 1507 3221 ⁶⁷
1540 3211 1555 3246 :
1616 3216 1632 3243 ιι
1663 3193 2001 3251 Sacrificium

428 3289 483 3334 et
503 3280 833 3335 oblationem
859 3283 1104 3349 noluisti,
1137 3299 1339 3355 corpus
1371 3296 1553 3341 autem
1576 3289 1770 3357 aptasti
1797 3291 1950 3357 mihi,
1978 3310 1997 3343 ι

428 3383 689 3441 partsque
720 3387 917 3428 sensus
953 3385 1178 3429 cazteras
1209 3391 1427 3431 omnes.

497 3461 695 3532 689.
746 3461 889 3518 Sane
920 3464 1066 3533 quod
1119 3464 1187 3519 ad
1240 3465 1537 3522 Abrahami
1586 3467 1756 3523 filium
1788 3471 1999 3536 attinet,

429 3556 759 3610 sacrilicium
790 3558 1009 3627 quidem
1040 3558 1182 3612 haud
1214 3560 1282 3614 ab
1316 3560 1483 3615 lsaaci
1517 3562 1611 3617 sed
1647 3565 1715 3617 ab
1755 3565 2002 3620 Abraha-

429 3648 505 3701 mi
530 3648 813 3704 .oll‘erentis
850 3651 1128 3720 proposito
1175 3653 1356 3720 liebat,
1385 3654 1479 3723 qui
1536 3671 1600 3709 ea
1636 3656 1690 3708 in
1725 3672 1781 3709 re
1827 3658 2004 3712 tentii-

430 3738 590 3791 batur
622 3757 634 3792 :
663 3740 863 3793 etenim
895 3739 1039 3794 Deus
1080 3741 1412 3797 voluntatem
1458 3743 1738 3801 offerentis
1763 3749 1998 3817 excepit,

430 3831 642 3886 obstitit
670 3842 848 3886 tamen
876 3832 1173 3902 quominus
1218 3834 1434 3889 oblatus
1479 3836 1566 3889 ille
1604 3836 2000 3894 immolaretur.

428 3920 634 3992 Nempe
659 3922 824 3978 lsaaci
854 3939 1001 3977 mors
1027 3923 1294 3978 mundum
1333 3939 1440 3979 non
1487 3935 1606 3980 erat
1657 3927 1953 3983 liberatura
1983 3970 2001 3997 ,

432 4015 525 4069 sed
578 4015 665 4069 illa
706 4023 917 4069 tantum
951 4014 1249 4069 Salvatoris
1290 4017 1487 4079 nostri,
1532 4017 1626 4086 qui
1662 4032 1763 4072 nos
1812 4033 2003 4075 omnes

430 4110 748 4165 vulneribus
778 4110 893 4165 suis
928 4110 1159 4174 sanavit,
1186 4110 1370 4179 lapsos
1401 4111 1593 4172 erexit,
1632 4110 1861 4165 intirmis
1884 4128 2003 4166 me-

428 4202 605 4254 delum
640 4201 890 4265 contulit,
930 4202 1207 4256 famelicos
1230 4203 1515 4265 saturavit,
1549 4204 1834 4272 egentibus
1864 4219 1998 4257 con-

428 4291 631 4357 suluit;
663 4293 919 4362 quodque
963 4301 1046 4345 est
1079 4292 1407 4355 mirabilius,
1446 4309 1545 4347 nos
1575 4304 1765 4348 omnes
1793 4311 1823 4349 a
1853 4310 2003 4349 mor-

428 4383 538 4437 tuis
566 4384 868 4447 suscitavit,
903 4394 1075 4438 morte
1106 4385 1417 4450 destructa;
1448 4394 1615 4455 atque
1638 4402 1705 4440 ex
1732 4389 2001 4458 angustiis

2104 3194 2469 3250 ascendamus
2499 3193 2567 3247 ad
2614 3198 2857 3248 montem
2892 3191 3011 3256 Dei,
3066 3191 3133 3244 ad
3184 3190 3410 3245 domum
3458 3190 3561 3247 Dei
3602 3190 3698 3245 Ja-

2104 3286 2227 3339 cob.
2269 3303 2288 3335 ι
2329 3282 2446 3337 Non
2472 3283 2548 3336 ita
2581 3290 2763 3337 tamen
2792 3290 2854 3335 ut
2885 3281 3204 3351 hujusmodi
3237 3281 3566 3337 solemnitas
3599 3284 3701 3336 im-

2104 3392 2239 3448 pura
2278 3376 2369 3443 sit,
2395 3391 2570 3445 neque
2599 3384 2859 3444 tanquam
2891 3384 3211 3444 peccatores
3236 3374 3301 3427 ad
3332 3390 3455 3428 eam
3490 3392 3697 3432 ascen-

2104 3471 2322 3534 damus,
2346 3469 2441 3524 sed
2470 3467 2627 3538 quasi
2664 3467 2865 3521 virtute
2895 3466 3079 3521 ornati
3111 3482 3175 3520 ac
3204 3465 3379 3519 seduli
3415 3504 3431 3528 ,
3465 3466 3698 3519 illorum

2104 3561 2298 3627 instar,
2333 3562 2428 3631 qui
2458 3577 2523 3616 ex
2553 3576 2744 3616 norma
2792 3569 3108 3615 sanctorum
3140 3560 3331 3612 vivunt
3358 3558 3429 3611 ⁷⁸.
3486 3578 3508 3611 ‹
3560 3559 3697 3627 Quis

2104 3652 2363 3708 ascendet
2402 3653 2470 3707 ad
2526 3661 2769 3707 montem
2802 3650 3045 3718 Domini,
3100 3661 3196 3704 aut
3249 3651 3303 3704 in
3368 3653 3696 3707 sanctuario

2102 3743 2221 3814 ejus
2251 3743 2551 3799 consistet?
2572 3742 2841 3797 lnnoccns
2864 3742 3118 3797 manibus
3143 3750 3196 3795 et
3227 3743 3471 3797 mundus
3499 3745 3691 3805 corde,

2104 3836 2195 3906 qui
2229 3852 2335 3889 non
2371 3836 2581 3904 accepit
2611 3835 2665 3888 in
2696 3850 2898 3889 vanum
2927 3836 3169 3888 animam
3214 3849 3395 3897 suam,
3444 3835 3693 3903 qui.nou

2098 3927 2304 3997 juravit
2349 3928 2540 3981 dolose
2588 3927 2695 3997 70
2730 3927 2983 3996 proximo
3038 3941 3161 3980 suo.
3195 3944 3213 3978 ι
3264 3924 3384 3990 Hic,
3438 3938 3501 3980 ut
3560 3926 3692 3979 Pro.

2104 4022 2266 4090 pheta
2294 4019 2500 4083 subdit,
2544 4034 2667 4073 cum
2706 4018 2989 4081 ascendet,
3020 4017 3459 4073 benedictionem
3501 4034 3535 4072 a
3591 4017 3693 4071 Do—

2104 4113 2254 4166 mino
2288 4111 2518 4180 accipiet
2554 4111 2623 4165 ⁷⁵.
2673 4110 3030 4180 Exploratum
3060 4125 3189 4164 vero
3223 4120 3341 4175 εει,
3390 4109 3691 4164 Dominum

2104 4203 2246 4258 hanc
2303 4203 2712 4272 impcrtiturum
2760 4216 2884 4255 esse
2917 4201 2987 4254 iis
3034 4201 3127 4269 qui
3160 4200 3217 4254 in
3244 4201 3467 4254 dextera
3504 4210 3690 4260 erunt,

2104 4305 2268 4365 atque
2298 4297 2573 4350 dicturum
2609 4312 2622 4347 :
2667 4314 2684 4344 ι
2714 4291 2929 4357 Venite,
2956 4294 3249 4358 benedicti,
3285 4293 3569 4363 possidete
3601 4308 3692 4377 pg-

2104 4397 2283 4442 ratum
2317 4388 2474 4442 vobis
2505 4402 2733 4457 regnum
2762 4387 2829 4439 ⁷⁸.
2862 4405 2880 4437 ι
2926 4385 3161 4442 Dolosus
3194 4396 3377 4441 autem
3414 4387 3611 4449 homo,
3641 4394 3691 4440 et

428 4483 483 4529 et
528 4475 819 4531 afﬂictione
871 4477 939 4531 ad
972 4476 1213 4547 requiem
1268 4486 1322 4531 et
1375 4478 1540 4547 hujus
1592 4478 1715 4533 festi
1758 4480 1997 4533 laetitiam
2039 4539 2073 4551 ﬁ
2104 4481 2196 4551 qui
2228 4481 2432 4534 mundo
2455 4480 2621 4534 corde
2655 4480 2881 4533 minime
2910 4487 3014 4543 est,
3042 4480 3179 4533 nihil
3210 4494 3406 4548 purum
3442 4480 3687 4543 habebit,

427 4567 728 4631 transtulit,
759 4583 881 4637 quae
940 4568 992 4621 in
1043 4568 1241 4622 coelum
1282 4584 1457 4638 usque
1506 4569 1770 4638 pervenit.
1814 4569 2000 4639 Neque

425 4655 572 4709 enim
605 4670 706 4709 nos
750 4655 851 4710 soli
902 4655 1043 4709 hanc
1073 4654 1426 4725 experimur;
1461 4656 1553 4710 sed
1607 4655 1771 4724 hujus
1828 4672 1998 4711 causa

425 4746 550 4801 ειειί
594 4762 812 4816 quoque
868 4746 1153 4801 nobiscum
1208 4748 1504 4812 exsultant,
1555 4748 1828 4818 simulque
1875 4750 2002 4803 uui-

427 4852 581 4892 versa
630 4838 842 4892 Iaztatur
893 4838 1379 4909 primogenitorum
1438 4838 1683 4893 Ecclesia
1718 4879 1732 4903 ,

426 4931 568 4986 cmlo
601 4939 731 4984 sunt
757 4931 982 5000 scripti;
1020 4932 1187 4987 veluti
1230 4931 1501 5002 Propheta
1545 4932 1873 5001 deprtetlicat
1916 4931 2001 4986 di-

425 5035 557 5076 cens
593 5021 676 5075 ‘3:
711 5020 1018 5087 Laetamiui,
1072 5022 1217 5089 eteli,
1264 5024 1524 5093 quoniam
1567 5022 1713 5078 Deus
1746 5024 2004 5079 misertus

424 5123 511 5169 est
539 5113 787 5179 Israelis;
837 5113 1018 5168 cauite
1045 5154 1060 5180 ,
1104 5125 1264 5170 terra:
1311 5114 1697 5181 fundamenta;
1733 5115 2000 5181 clamate,

424 5214 663 5271 montes,
711 5222 833 5261 cum
870 5207 1095 5275 gaudio,
1127 5216 1181 5261 et
1210 5221 1304 5260 vos
1348 5207 1515 5261 colles
1545 5215 1600 5260 et
1626 5206 1809 5260 omnia
1855 5206 2002 5277 ligna

423 5310 548 5365 quae
595 5294 649 5348 in
695 5295 849 5349 vobis
901 5303 1049 5359 sunt,
1088 5296 1216 5365 quia
1258 5294 1409 5349 Deus
1459 5296 1689 5350 salvavit
1728 5293 1920 5359 Iacob,
1950 5305 2007 5351 et

423 5383 588 5440 Israel
624 5385 965 5454 gloriabitur.
1000 5388 1155 5453 Item,
1205 5388 1494 5453 exsultate,
1534 5387 1684 5453 cceli,
1735 5395 1791 5441 et
1849 5387 2000 5442 heta-

425 5478 560 5531 mini
589 5495 605 5545 ;
646 5479 903 5548 gaudium
935 5479 1244 5549 germinent
1282 5489 1520 5544 montes,
1551 5480 1809 5550 quoniam
1854 5479 2002 5537 Deus

494 5593 543 5625 "
564 5594 758 5649 Matth.
791 5610 943 5660 xxvi,
975 5594 1065 5648 58.
1143 5594 1189 5625 ⁸³
1220 5593 1367 5649 Psal.
1396 5611 1474 5661 ιι,
1500 5595 1604 5659 l5;
1637 5610 1821 5657 xxxiv,
1844 5597 1899 5651 9.
1964 5598 2004 5629 ⁶⁴

494 5662 607 5702 Paul
652 5682 813 5702 νννιν
859 5666 888 5702 ’7
985 5664 1183 5702 “Paul
1233 5680 1333 5702 τῖεν
1395 5676 1443 5702 nt
1479 5667 1602 5702 alihi
1702 5667 1746 5698 ⁸9
1775 5665 1899 5702 νέαι
1955 5683 2004 5702 με

2120 5599 2206 5656 ial.
2253 5616 2429 5667 xxx“,
2481 5588 2535 5654 1'.
2612 5603 2658 5635 ⁸³
2691 5594 2838 5656 Psal.
2896 5617 3042 5666 παν,
3091 5602 3142 5657 I.

2193 5672 2279 5702 701
2308 5689 2373 5702 ..ιι
2423 5689 2486 5702 νει
2541 5673 2570 5702 ’7
2672 5675 2714 5702 71
2750 5672 2764 5702 Ι
2801 5672 2908 5702 PA-
2967 5690 3034 5702 εσυ
3090 5674 3142 5702 ΗΞ

876 5666 910 5719 l.
985 5666 1032 5696 "
1053 5665 1207 5719 Psal.
1233 5680 1356 5729 xcv,
1395 5676 1450 5719 et
1479 5667 1626 5719 alihi.
1702 5667 1746 5698 ⁶’
1775 5665 1923 5722 Psal.
1955 5683 2004 5722 Cl

876 5736 922 5765 τι
978 5732 1120 5789 Psal.
1162 5751 1319 5793 χχιιι.
1353 5737 1423 5801 5,
1455 5735 1507 5791 4.
1587 5738 1631 5768 ⁷⁸
1662 5737 1790 5791 ibid.
1960 5740 2004 5768 σε

2193 5672 2239 5702 ⁷⁸
2264 5665 2509 5735 ιλυιτζκν,
2541 5673 2594 5725 7.
2672 5675 2714 5704 ⁷⁸
2749 5672 2766 5724 l
2801 5672 2925 5725 Cor.
2967 5665 3053 5728 xv.
3088 5673 3179 5727 55.
3254 5673 3299 5702 τ’
3331 5668 3672 5731 Psa|.'xt.t,5.

2120 5742 2232 5796 itth.
2269 5759 2391 5810 xxv,
2426 5744 2513 5801 54.
2592 5744 2637 5774 7"
2668 5742 2828 5797 Prov.
2856 5760 2963 5807 λιν,
2999 5746 3085 5798 λὺ.
3164 5742 3211 5775 ⁷⁸
3246 5741 3418 5796 Exod.
3458 5755 3562 5807 att,
3594 5740 3672 5793 45.

428 5662 629 5717 "Psal.
652 5666 910 5729 xxxtxﬂ.
985 5664 1207 5719 “Psal.
1233 5680 1356 5729 xcv,
1395 5676 1450 5719 et
1479 5667 1626 5719 alibi.

428 5732 477 5765 ’³
508 5734 608 5787 lsa.
641 5751 699 5797 tt,
745 5737 797 5788 5.

431 5802 476 5836 ⁷⁸
507 5806 618 5861 ibid
688 5807 773 5859 ll.

1804 4840 1898 4909 qui
1947 4840 2003 4895 in

2108 4584 2168 4628 ut
2214 4573 2290 4627 ait
2318 4572 2674 4627 Proverbium
2699 4573 2782 4625 ττι
2842 4591 2860 4622 ‹
2883 4571 3023 4626 Filio
3054 4573 3323 4642 proditori
3366 4573 3508 4627 nihil
3552 4575 3682 4629 inest

2106 4665 2259 4721 boni.
2294 4683 2313 4716 ι
2346 4663 2475 4717 Siue
2504 4664 2670 4719 dubio
2703 4664 2832 4731 quia
2873 4663 2961 4717 hic
2992 4662 3175 4720 factus
3200 4673 3525 4726 extraneus,
3552 4677 3607 4720 et
3639 4667 3681 4717 ir

2110 4756 2342 4810 alienam
2386 4771 2416 4809 a
2457 4756 2664 4809 sanctis
2697 4757 2923 4825 stirpem
2968 4754 3228 4820 insertus,
3265 4754 3530 4824 indignus
3591 4758 3675 4810 erit

2110 4847 2353 4916 paschali
2376 4847 2555 4915 epulo.
2590 4867 2607 4898 ε
2638 4848 2956 4919 Alienigena
2983 4862 3090 4901 non
3119 4848 3367 4902 comedet
3390 4863 3455 4901 ex
3487 4864 3560 4902 eo
3579 4849 3677 4901 ".i

2107 4937 2199 4992 Sic
2225 4935 2393 4993 Judas
2420 4936 2633 4993 Pascha
2679 4954 2799 4994 sese
2833 4938 3112 4994 celebrare
3149 4939 3395 5008 putabat,
3429 4941 3528 4994 sed
3561 4943 3680 5011 quia

2104 5029 2469 5100 proditionem
2501 5032 2766 5088 adversus
2815 5032 3158 5087 Salvatorem
3206 5041 3683 5101 praeconceperat,

2105 5121 2286 5178 factus
2320 5130 2405 5176 est
2439 5138 2691 5192 superna:
2714 5122 2991 5177 vocatioui
3020 5130 3075 5177 et
3108 5121 3489 5192 apostolorum
3526 5122 3684 5176 soda-

2105 5213 2223 5268 litio
2254 5223 2567 5269 extrahens.
2600 5213 2711 5269 Lex
2743 5214 2963 5285 quidem
3003 5213 3218 5270 Pascha
3248 5212 3577 5269 festinanter
3600 5230 3685 5267 co-

2110 5306 2328 5360 medere
2360 5306 2589 5376 jubebat
2619 5307 2702 5370 7’;
2750 5315 3131 5362 verumtamen
3177 5306 3295 5376 ipse
3330 5307 3462 5360 dum
3509 5322 3684 5361 come-

2110 5394 2284 5459 deret,
2330 5411 2362 5450 a
2409 5395 2656 5452 daemone
2706 5404 2993 5466 correptus
3027 5394 3153 5464 fuit,
3186 5394 3282 5466 qui
3310 5394 3366 5448 in
3408 5394 3534 5464 ejus
3564 5393 3678 5448 ani-

2111 5502 2258 5541 mam
2297 5487 2563 5541 introivit.

3220 5601 3266 5633 “
3298 5599 3402 5654 lsa.
3450 5613 3574 5663 LIII,
3631 5596 3675 5650 7.

2672 5675 2714 5704 ⁷⁸
2749 5672 2766 5724 l
2801 5672 2925 5725 Cor.
2967 5690 3053 5728 xv.
3088 5673 3179 5727 55.
3254 5673 3299 5702 τ’
3331 5668 3674 5731 Psa|.'th,5.
