3812 6224
125 391 267 448 1389

1524 378 1859 439 EPISTOLA
1894 379 2004 438 Ἧι.

3239 380 3381 440 ($90

198 508 290 564 η.
333 504 443 563 Nos
462 506 683 564 interim
708 506 907 563 festum
946 521 1176 577 agamus
1206 521 1317 562 non
1341 516 1602 576 tanquam
1645 505 1699 558 in
1733 511 1779 566 Α
1876 516 2094 558 suunus
2119 515 2270 558 wLIo
2299 515 2668 571 CONS'I'ANTIO,
2712 516 2924 559 FRATBB
2961 515 3138 559 [LLIUS
3174 518 3382 561 mou-

125 611 277 657 terra
307 609 611 662 versantes,
642 600 737 656 sed
766 615 892 655 cum
926 600 1137 671 angelis
1167 598 1326 670 quasi
1356 598 1412 653 in
1442 597 1582 655 cmlo
1607 598 1704 652 de-

128 705 341 765 gentes.
374 691 685 749 Laudemus
713 691 1008 748 Dominum
1060 708 1188 748 cum
1244 690 1495 747 castitate
1537 698 1706 759 atque

128 785 447 841 innocentia
480 784 800 855 ceterisque
827 784 1141 840 virtutibus.
1178 781 1298 837 Non
1333 782 1389 837 in
1428 782 1587 838 nobis
1610 781 1706 837 sed

128 876 185 931 in
212 875 450 931 Domino
482 877 844 943 exsultemus,
877 884 939 932 ut
971 883 1289 933 sanctorum
1320 875 1495 930 simus
1521 874 1704 929 cohae-

130 970 314 1025 redes.
364 969 647 1026 Feriemur
673 985 801 1026 cum
825 968 1033 1041 Moyse,
1066 968 1355 1041 vigilemus
1386 983 1511 1023 cum
1542 967 1705 1022 Davi-

129 1058 220 1125 de,
253 1059 351 1129 qui
394 1059 595 1129 septies
642 1074 1003 1130 consurgens,
1062 1066 1223 1115 nocte
1269 1057 1471 1122 media,
1498 1057 1706 1128 judicia

125 1150 360 1220 justitiae
392 1149 489 1205 Dei
519 1150 864 1207 collaudabat
892 1150 958 1204 ⁸ο.
982 1168 1002 1202 ‹
1024 1148 1474 1220 Praeoccupemus
1498 1149 1568 1215 ἰ,
1596 1168 1615 1200 ι
1649 1157 1710 1203 ιιι

128 1241 249 1310 ipse
271 1241 390 1298 ait:
426 1261 445 1293 ι
470 1241 625 1298 Mane
648 1245 839 1300 astabo
872 1242 969 1298 tibi
996 1261 1011 1297 :
1055 1242 1360 1313 conspicies
1391 1258 1479 1298 me
1503 1242 1558 1297 in
1584 1259 1706 1298 ma-

129 1331 350 1397 tutinis,
401 1340 458 1387 et
494 1348 684 1387 vocem
721 1347 902 1387 meam
942 1332 1205 1387 exaudies
1234 1332 1299 1385 3’.
1331 1350 1350 1384 ι
1386 1330 1708 1402 Jejunemus

127 1430 395 1492 tanquam
431 1422 621 1480 Daniel
649 1441 664 1478 :
695 1438 918 1479 oremus
952 1422 1195 1487 assidue,
1223 1430 1280 1476 ut
1309 1421 1513 1477 Paulus
1530 1422 1704 1492 jubet,

126 1530 258 1570 cum
299 1514 493 1570 orandi
550 1524 763 1585 tempus
823 1515 982 1571 nobis
1035 1513 1473 1580 annuntiabitur,
1510 1515 1613 1584 71
1669 1514 1707 1566 ii

128 1605 439 1674 praesertim
498 1606 593 1675 qui
636 1607 942 1661 honorabili
985 1606 1241 1678 conjugio
1297 1606 1476 1676 juncti
1528 1614 1706 1671 sunt;

130 1704 195 1749 ut
227 1697 282 1748 in
314 1693 587 1764 praedictis
611 1696 775 1751 rebus
806 1696 1089 1763 feriantes,
1119 1697 1328 1751 intrare
1365 1696 1419 1750 in
1446 1695 1705 1766 gaudium

128 1785 356 1842 Domini
389 1789 586 1851 nostri,
622 1787 678 1843 in
701 1804 931 1861 regnum
961 1788 1170 1843 scilicet
1204 1789 1496 1855 ctelorum,
1527 1788 1709 1858 possi-

131 1895 262 1933 mus
297 1879 433 1950 (5:2).
461 1878 566 1934 Sed
582 1880 1041 1950 quemadmodum
1074 1878 1261 1945 Israel,
1288 1879 1420 1934 dum
1455 1878 1706 1934 Hieroso-

131 1972 343 2041 lymam
391 1986 583 2026 versus
631 1971 898 2037 tenderet,
955 1979 1114 2025 antea
1144 1979 1318 2026 semet
1374 1972 1431 2026 in
1492 1970 1709 2027 deserto

131 2062 441 2117 mundabat
477 2063 886 2132 erudiebatque,
916 2070 974 2116 ut
999 2060 1219 2132 Egypti
1247 2063 1709 2118 consuetudinum

133 2155 578 2219 oblivisceretur,
614 2155 686 2209 ita
718 2170 937 2227 aequum
976 2163 1060 2209 est
1085 2162 1143 2207 ut
1166 2154 1220 2207 in
1250 2163 1437 2210 sancta
1463 2153 1709 2221 Quadra—

132 2248 373 2318 gesima,
408 2261 530 2318 quae
566 2261 599 2299 a
646 2246 803 2300 nobis
867 2254 1123 2315 suscepta
1170 2254 1276 2308 est,
1327 2248 1709 2317 purgationem

134 2345 386 2393 nostram
428 2346 480 2391 et
511 2335 956 2391 emundationem
1009 2351 1441 2406 prosequamur;
1484 2347 1542 2392 ut
1584 2338 1713 2391 hinc

134 2424 396 2495 profecti,
424 2433 480 2479 et
504 2424 701 2495 jejunii
741 2440 1033 2492 memores,
1081 2427 1148 2482 ad
1199 2428 1540 2482 coenaeulum
1585 2443 1709 2483 cum

137 2519 378 2574 Domino
402 2519 679 2588 possimus
728 2519 1046 2584 ascendere,
1091 2528 1146 2574 et
1191 2536 1319 2575 cum
1369 2536 1434 2575 eo
1468 2536 1708 2585 etenare,

134 2610 510 2679 gaudiumque
535 2610 589 2665 in
629 2612 770 2667 casio
797 2612 1150 2681 participare.
1213 2613 1384 2668 Secus
1417 2612 1563 2668 enim
1614 2629 1710 2667 ne-

136 2718 248 2773 que
276 2702 701 2773 Hierosolymam
751 2703 1063 2770 ascendere,
1084 2719 1259 2773 neque
1288 2702 1498 2760 Pascha
1530 2720 1714 2760 come-

136 2795 292 2859 dere,
321 2794 427 2849 nisi
458 2796 740 2849 observata
772 2793 1220 2865 Quadragesima,
1244 2797 1399 2852 nobis
1428 2797 1632 2853 liceret.

134 2878 139 2885 ’
211 2887 302 2941 15.
343 2885 824 2956 Quadragesimam
856 2888 1022 2958 igitur
1050 2889 1398 2943 exordiemur
1426 2889 1513 2944 die
1538 2890 1713 2959 primo

136 2981 349 3036 mensis
377 2980 730 3045 Phamenoth,
751 2996 860 3050 qua
880 2981 1205 3037 decurrente
1228 2996 1399 3051 usque
1428 2981 1496 3036 ad
1518 2982 1660 3036 diem
1682 2998 1715 3036 ν

134 3073 494 3138 Pharmuthi,
546 3090 671 3129 cum
730 3072 1137 3128 Dominicarum
1186 3082 1240 3129 et
1292 3075 1714 3142 praecedentium

1876 611 2014 651 BILIS
2035 594 2167 667 (55),
2190 612 2260 652 ar
2283 611 2478 652 nurmo
2502 612 2714 665 ALBINO,
2742 610 2921 653 EODEI
2952 611 3245 653 ratucnto
3258 596 3385 672 (56)

1877 702 2189 755 PBEFEC’I‘O,
2216 703 2525 744 INDICTIONE
2554 706 2605 743 νι
2615 704 2677 745 ll.

1876 782 1929 835 l.
1970 779 2171 836 Beatus
2192 779 2396 837 Paulus
2418 797 2633 853 semper
2667 780 3144 839 mortiﬁcationem
3164 779 3297 839 Iesu
3326 780 3386 838 in

1807 888 2035 944 corpore
2049 890 2151 931 suo
2164 874 2765 948 circumferebat,prout
2779 877 2977 948 ipsead
2990 877 3311 934 Corinthios
3337 876 3386 911 ⁸³

1808 967 2114 1033 scribebat;
2143 982 2252 1022 non
2283 976 2343 1022 ut
2390 954 2716 1039 gloriaretur
2746 970 3145 1035 tantummodo,
3184 969 3387 1026 fratres

1809 1058 1938 1126 mei,
1971 1059 2064 1114 sed
2090 1067 2150 1114 ut
2175 1059 2276 1125 illi,
2300 1069 2357 1114 et
2388 1076 2489 1116 nos
2521 1062 2749 1130 pariter,
2766 1062 2872 1118 hac
2896 1062 2959 1117 in
2990 1078 3051 1121 re
3080 1062 3386 1121 imitatores

1808 1148 1929 1218 ejus
1954 1163 2228 1204 essemus.
2257 1147 2522 1205 Gloriatio
2551 1150 2665 1206 haec
2686 1151 2888 1221 ubique
2917 1153 3196 1221 occurrit;
3229 1168 3389 1209 nam-

1809 1254 1916 1311 que
1958 1248 2013 1295 et
2051 1237 2221 1294 David
2268 1239 2371 1294 hac
2404 1240 2657 1295 utebatur
2695 1240 2753 1295 in
2788 1240 3049 1309 Psalmis,
3081 1241 3268 1299 dicens
3288 1242 3336 1274 “
3367 1258 3383 1295 :

1813 1345 1834 1379 ι
1865 1327 2095 1400 Propter
2144 1339 2199 1384 te
2243 1328 2489 1399 quotidie
2538 1328 2970 1397 mortiﬁcamur,
3023 1338 3080 1386 et
3122 1340 3387 1401 tanquam

1808 1422 1934 1490 agni
1986 1421 2053 1476 ad
2112 1423 2401 1478 macellum
2453 1421 2709 1478 :estimati
2762 1437 2973 1479 sumus.
3008 1441 3028 1476 ι
3079 1419 3195 1480 Hoc
3241 1422 3389 1479 idem

1809 1523 2022 1584 oportet
2051 1530 2083 1569 a
2114 1516 2272 1570 nobis
2303 1531 2524 1587 quoque
2550 1515 2691 1581 ﬁeri,
2718 1516 3022 1587 praesertim
3044 1515 3238 1601 diebus
3266 1515 3389 1586 ejus

1810 1604 1955 1669 festi,
1988 1605 2041 1658 in
2066 1621 2177 1675 quo
2196 1606 2650 1662 commemoratio
2674 1607 2955 1677 peragitur
2987 1606 3185 1662 mortis
3210 1621 3242 1660 a
3266 1603 3391 1660 Sal-

1809 1706 1995 1751 vatore
2046 1705 2232 1752 nostro
2276 1697 2457 1752 obitas.
2502 1696 2607 1763 Qui
2663 1705 2896 1753 mortem
2954 1696 3076 1767 ejus
3141 1696 3391 1752 imitatus

1810 1785 2001 1853 fuerit,
2055 1796 2111 1842 et
2164 1789 2382 1843 virtutis
2430 1788 2688 1858 operibus
2735 1789 2979 1846 studium
3027 1788 3388 1859 impenderit,

1813 1880 2055 1935 membra
2086 1881 2138 1933 in
2165 1881 2266 1936 hac
2298 1890 2441 1936 terra
2474 1880 2809 1937 mortiﬁeans
2830 1880 2899 1948 ⁸³,
2923 1889 2978 1936 et
3002 1895 3223 1934 carnem
3261 1894 3390 1936 cum

1810 1966 2157 2034 passionibus
2201 1968 2771 2040 concupiscentiisque
2819 1968 3240 2039 cruciﬁgens“,
3300 1969 3390 2025 hic

1809 2059 2001 2127 spiritu
2030 2060 2195 2123 vivet,
2220 2069 2274 2114 et
2306 2061 2520 2129 spiritui
2551 2075 2608 2116 se
2633 2059 3020 2128 conformabit,
3041 2060 3147 2132 73
3173 2076 3393 2132 semper

1812 2150 1908 2206 Dei
1936 2168 2166 2219 memor,
2198 2154 2458 2224 nullaque
2490 2154 2763 2210 oblivione
2787 2165 3001 2224 captus,
3046 2170 3148 2209 nec
3197 2155 3391 2210 mortis

1813 2257 1977 2311 opera
2008 2260 2247 2314 unquam
2282 2245 2544 2314 perﬁciet.
2572 2244 2863 2315 Propterea
2885 2285 2900 2309 ,
2930 2254 2990 2299 ut
3015 2246 3392 2301 mortiﬁcatio-

1814 2353 1937 2393 nem
1963 2335 2092 2392 Jesu
2128 2338 2182 2390 in
2217 2350 2443 2405 corpore
2473 2346 2664 2392 nostro
2699 2336 3174 2402 circumferamus,
3206 2336 3392 2392 statim

1813 2433 1987 2500 pergit
2030 2430 2408 2485 demonstrare
2451 2430 2680 2501 hujusce
2698 2429 3052 2485 abstinentia:
3091 2429 3271 2494 viam,
3304 2429 3391 2485 di-

1813 2537 1942 2576 cens
1957 2522 2033 2575 δτι
2066 2538 2085 2571 ι
2114 2518 2383 2575 [labentes
2412 2536 2514 2575 nos
2544 2520 2795 2575 eumdem
2829 2519 3079 2590 spiritum
3111 2520 3256 2586 ﬁdei,
3283 2520 3392 2575 sic-

1814 2624 1874 2669 ut
1917 2615 2177 2684 scriptum
2226 2614 2407 2669 est”:
2437 2613 2691 2680 Credidi,
2736 2622 2955 2682 propter
2984 2614 3127 2682 quod
3179 2614 3394 2671 locutus

1814 2721 1937 2761 sum
1966 2724 1980 2760 :
2005 2714 2058 2761 et
2085 2721 2184 2760 nos
2212 2705 2510 2771 credimus,
2546 2713 2768 2775 propter
2796 2705 2942 2775 quod
2967 2717 3021 2760 et
3056 2706 3388 2775 loquimur.»

1808 2799 2033 2854 Addidit
2060 2797 2222 2852 etiam
2260 2798 2430 2863 illam,
2455 2813 2577 2869 qua:
2601 2807 2686 2853 est
2718 2813 2750 2852 a
2780 2798 3009 2853 scientia
3035 2798 3289 2868 gratiam,
3319 2798 3393 2853 div

1816 2905 1944 2945 cens
1973 2908 1986 2944 :
2028 2908 2047 2940 ι
2070 2888 2350 2955 Scientes,
2379 2892 2638 2960 quoniam
2670 2890 2763 2960 qui
2796 2890 3085 2959 suscitavit
3111 2888 3321 2958 Jesuut,
3342 2897 3395 2945 et

1815 2997 1919 3038 nos
1945 2998 2068 3038 cum
2099 2979 2231 3038 Jesu
2253 2981 2560 3051 suscitabit,
2590 2991 2645 3037 et
2677 2982 2974 3038 constituet
3000 2982 3283 3038 vobiscum
3308 3000 3397 3039 co-

1816 3090 1933 3129 ram
1968 3090 2054 3132 εο.
2087 3093 2106 3128 ι

141 3166 509 3222 Sabbatorum
544 3166 846 3231 vacatione,
897 3164 985 3221 die
1033 3181 1161 3219 mox
1204 3164 1526 3220 Pbarmuthi
1561 3176 1713 3222 sexto
1739 3191 1781 3248 α
1884 3166 1938 3219 2.
1978 3166 2091 3237 Age
2123 3183 2253 3224 vero
2301 3182 2426 3224 cum
2462 3166 2636 3224 sancti
2666 3181 2851 3221 veram
2899 3165 3043 3222 hanc
3086 3165 3253 3221 vitam
3305 3165 3396 3221 tali

139 3268 365 3316 sanctos
386 3257 667 3314 Paschalis
690 3258 953 3328 temporis
984 3259 1100 3313 dies
1138 3259 1492 3328 incipiemus;
1523 3268 1576 3314 et
1609 3277 1712 3314 un-

138 3349 360 3404 decimo
392 3349 635 3419 ejusdem
689 3349 896 3405 mensis
935 3349 1206 3419 jejunium
1253 3349 1528 3417 ﬁniemus,
1580 3350 1716 3405 Sab-

138 3441 275 3495 bato
302 3441 541 3495 tenebris
567 3440 924 3511 vespertinis;
947 3448 1071 3511 post
1092 3456 1230 3510 quas
1257 3440 1532 3497 illucescet
1559 3442 1716 3496 nobis

138 3532 232 3589 die
266 3547 342 3586 ιιι
375 3530 697 3587 Pharmuthi
731 3541 919 3587 sancta
974 3531 1286 3600 Dominica;
1326 3548 1448 3603 quas
1501 3534 1716 3588 radium

141 3640 309 3679 suum
340 3624 605 3679 immensa
632 3639 756 3679 cum
787 3623 958 3694 gratia
994 3623 1063 3678 ad
1091 3638 1281 3677 omnes
1320 3622 1556 3694 reliquas
1585 3640 1716 3679 san-

141 3725 248 3771 cta;
295 3714 639 3771 Pentecostes
684 3714 1052 3769 hebdomadas
1104 3713 1429 3783 protendet:
1463 3730 1572 3784 quo
1622 3718 1717 3771 de—

142 3823 297 3863 mum
334 3815 575 3878 tempore
599 3808 943 3877 quiescentes
971 3804 1287 3861 Paschalem
1320 3807 1717 3862 solemnitatem

142 3915 366 3970 semper
397 3900 774 3965 absolvemus,
807 3900 862 3954 in
891 3899 1114 3954 Christo
1157 3897 1269 3969 (55)
1318 3897 1445 3954 Jesu
1483 3898 1719 3954 Domino

142 4000 360 4056 nostro,
390 4005 488 4060 per
518 4005 681 4059 quem
714 3988 886 4061 gloria
920 3989 993 4044 sit
1024 3997 1079 4044 et
1109 3987 1394 4058 imperium
1425 3987 1573 4043 Patri
1601 3988 1720 4058 ejus

144 4086 203 4141 in
238 4086 439 4141 saecula
475 4085 820 4141 saeculorum.
855 4085 1051 4141 Amen.

219 4177 327 4247 72
355 4175 607 4232 Salutant
639 4191 735 4233 vos
762 4176 984 4244 cuncti,
1016 4176 1112 4245 qui
1154 4190 1369 4231 mecum
1412 4183 1572 4242 sunt,
1606 4174 1719 4230 fra-

144 4278 281 4324 tres.
316 4268 563 4324 Salutate
591 4284 782 4323 omnes
810 4284 935 4324 cum
964 4269 1155 4324 osculo
1189 4276 1401 4323 sancto.

222 4359 456 4430 Explicit
499 4368 649 4416 sexta
691 4359 922 4430 epistola
965 4358 1174 4415 festalis
1223 4358 1398 4413 sancti
1434 4373 1498 4414 ac
1528 4357 1719 4413 deiferi

142 4453 451 4510 Athanasii.

92 4538 97 4543 '
602 4542 939 4599 EPISTOLA
979 4542 1069 4597 vn
1112 4542 1244 4614 (5i).

703 4638 825 4709 (Ch.
850 4653 993 4691 anno
1023 4637 1169 4708 555.)

132 4748 261 4789 Β.Εο
305 4748 407 4788 EST
454 4747 680 4788 SEPTIMA
724 4744 1003 4784 ATHANASII
1051 4743 1332 4787 EPISTOLA.
1362 4743 1531 4782 JUX'I'A
1570 4743 1712 4790 QUAM

216 4823 549 4896 (essemus)
583 4836 833 4878 DOIINICA
859 4836 1002 4874 tum
1032 4836 1120 4874 DIE
1154 4836 1244 4873 xw
1272 4835 1584 4873 PHARMUTIII
1606 4858 1620 4881 ,
1657 4835 1715 4873 ut

209 4932 344 4973 ΚΑΙ..
379 4931 607 4980 APRILIS,
638 4930 791 4970 LUNE
819 4930 915 4977 ιι,
944 4927 1081 4967 ANNO
1110 4929 1160 4966 LI
1190 4927 1553 4979 DIOCLETIANI,
1579 4926 1714 4966 CON-

1816 3273 1944 3313 cum
1987 3259 2092 3314 ﬁde
2137 3260 2474 3330 scientiaque
2520 3258 2756 3327 amplexi
2797 3256 3041 3324 fuerint,
3074 3258 3194 3312 sine
3230 3257 3397 3312 dubio

1818 3352 2072 3423 gaudium
2108 3352 2239 3406 illud
2274 3352 2540 3408 caelorum
2568 3360 3013 3422 consequentur:
3042 3349 3274 3419 improbi
3307 3364 3396 3405 au-
3440 3374 3441 3379 π

1817 3453 1924 3499 tem
1955 3444 2124 3498 vitam
2167 3444 2441 3514 ejusmodi
2473 3460 2596 3499 cum
2627 3444 2988 3514 neglexerint,
3017 3441 3142 3511 jure
3167 3441 3395 3497 merito-

1818 3545 1926 3598 que
1964 3529 2222 3586 felicitate
2254 3530 2403 3584 Illinc
2437 3540 2693 3586 man-ante
2719 3533 3003 3586 carebunt.
3041 3548 3061 3582 ς
3095 3527 3398 3585 Extolletur

1819 3628 1998 3675 autem
2046 3620 2245 3689 impius
2270 3660 2285 3683 ,
2324 3635 2391 3676 ne
2432 3620 2613 3675 videat
2661 3622 2889 3691 gloriam
2942 3619 3159 3676 Domini
3177 3619 3242 3671 ⁸⁸.
3277 3638 3296 3672 ι
3334 3618 3398 3674 Et

1819 3727 2133 3783 quanquam
2156 3727 2505 3767 communem
2534 3712 2921 3783 promissionis
2952 3710 3397 3783 praedicationem

1821 3807 2056 3861 audituri
2099 3808 2229 3871 sint,
2268 3807 2320 3862 id
2350 3815 2433 3862 est
2461 3825 2480 3858 ‹
2514 3807 2901 3878 Expergiscere
2930 3807 3025 3877 qui
3056 3806 3286 3873 dormis,
3319 3815 3397 3861 at-

1822 3915 1929 3969 que
1951 3915 1981 3952 a
2012 3900 2245 3954 mortuis
2272 3914 2496 3968 resurge
2515 3899 2560 3931 9°
2595 3918 2613 3949 ι
2642 3899 2745 3969 ipsi
2774 3900 2962 3969 utique
2994 3909 3242 3970 surgent,
3270 3910 3323 3954 et
3344 3902 3399 3954 in

1822 3991 2023 4046 coelum
2058 4005 2233 4059 usque
2262 3990 2595 4059 pervenient,
2630 3990 3038 4059 pulsabuntque
3062 3990 3306 4045 dicentes
3328 3992 3396 4043 9‘:

1827 4102 1845 4132 ι
1873 4082 2032 4150 Aperi
2079 4081 2271 4147 nobis;
2302 4099 2319 4132 ι
2360 4090 2733 4136 verumtamen
2763 4079 3030 4135 Dominus
3081 4081 3286 4136 nullius
3322 4082 3399 4139 rei

1822 4174 2071 4243 indigus,
2121 4187 2246 4228 cum
2286 4172 2390 4242 ipsi
2423 4173 2491 4227 ab
2516 4173 2637 4242 ejus
2666 4173 2862 4228 notitia
2912 4174 3282 4235 recesserint,
3317 4175 3400 4228 in-

1823 4265 2063 4335 crepabit
2082 4279 2177 4319 eos
2198 4264 2417 4319 dicens:
2460 4282 2479 4314 ι
2508 4263 2703 4319 Nescio
2733 4280 2831 4319 vos
2855 4265 2924 4318 ".
2952 4282 2971 4315 ι
3005 4263 3243 4334 Spiritus
3273 4281 3401 4318 vero

1823 4366 2044 4411 sanctus
2080 4355 2283 4411 eisdem
2318 4355 2734 4409 inclamabit":
2771 4372 2788 4405 ι
2815 4353 3221 4410 Convertantur
3249 4356 3400 4425 impii

1824 4445 1877 4499 in
1907 4444 2200 4511 infernum,
2234 4460 2427 4501 omnes
2454 4455 2639 4514 gentes
2672 4460 2796 4515 quae
2825 4445 3009 4500 oblita:
3056 4456 3181 4501 sunt
3218 4445 3333 4500 Dei.
3376 4467 3395 4497 ι

1753 4532 1799 4586 D
1826 4532 1934 4588 Nos
1969 4534 2186 4603 quidem
2217 4534 2412 4604 impios
2443 4534 2676 4590 mortuis
2701 4535 3248 4601 connumerabimus,
3271 4536 3400 4605 quia

1827 4641 1935 4679 non
1964 4634 2243 4696 opponunt
2272 4632 2494 4695 peccato
2523 4625 2941 4692 abstinentiam,
2982 4641 3160 4696 neque
3184 4627 3240 4681 in
3270 4643 3399 4681 cor-

1825 4733 1954 4787 pore
1996 4733 2098 4773 suo
2142 4718 2613 4772 mortiﬁcationem
2642 4716 3039 4772 circumferunt
3083 4733 3237 4773 more
3273 4732 3400 4788 san-

1824 4822 2071 4875 ctorum;
2110 4810 2202 4865 sed
2245 4811 2483 4864 animam
2530 4810 2770 4880 peccatis
2814 4819 2982 4881 atque
3024 4811 3254 4866 insaniis
3291 4810 3401 4883 74.

1824 4903 1980 4973 quasi
2024 4902 2273 4971 sepulcro
2320 4903 2592 4968 obruunt,
2644 4903 2879 4958 mortuis
2931 4905 3395 4973 propinquantes;

212 5076 429 5132 “Psal.
461 5089 648 5139 cxvnt,
674 5073 794 5127 164.
867 5073 911 5105 ⁸³
939 5071 1082 5126 Psal.
1114 5086 1253 5133 xciv,
1288 5071 1361 5127 2.,
1418 5071 1463 5103 ⁸³
1495 5070 1642 5123 Psal.
1671 5086 1725 5134 v,
1755 5072 1808 5125 4.
1887 5068 1935 5100 ⁸³
1975 5064 2302 5139 Προικᾼνιιζ,
2345 5063 2432 5118 l0.
2510 5065 2557 5097 ⁸⁸
2594 5063 3022 5139 Psal.xul_t,_2_2_.
3098 5064 3145 5139 ff
3181 5063 3397 5139 Coloss.

134 5150 305 5210 111,5.
375 5134 803 5209 “Galauvﬂl.
880 5142 1219 5208 "llComv,
1256 5142 1342 5204 15,
1385 5142 1471 5195 14.
1544 5142 1590 5172 ⁸⁸
1630 5141 1707 5195 P~:

1823 5137 2112 5203 :xxvaQ.
2188 5136 2233 5168 ⁸³
2272 5135 2377 5191 lsa.
2420 5152 2570 5202 xxvr,
2612 5136 2700 5201 10,
2732 5154 2835 5191 sec.
2861 5134 3026 5191 LXX.
3104 5135 3149 5167 ⁹⁰
3191 5136 3396 5207 Ephes.

987 5215 1033 5245 θ’
1073 5213 1205 5267 ibid.

214 5332 329 5403 (52)
355 5328 586 5403 Gosmas
634 5328 742 5383 loc.
773 5327 866 5381 cit.
898 5326 955 5380 in
990 5324 1076 5381 ed.
1107 5333 1161 5380 et
1189 5325 1242 5403 in
1269 5324 1399 5403 cod.
1438 5322 1561 5403 Yat.
1594 5324 1696 5403 hoc

142 5394 478 5459 adatnussim
528 5396 890 5469 fragmentum
925 5412 993 5469 ex
1017 5406 1173 5469 serta
1195 5395 1476 5469 Athanasii
1522 5394 1697 5447 I’estali

139 5473 375 5545 epistola
418 5464 695 5545 laudabat.
736 5465 844 5545 Τοῇ
883 5464 1045 5520 αὑτοῦ
1081 5468 1155 5545 ἐκ
1195 5466 1295 5545 θεῆς
1330 5472 1379 5529 ς’
1416 5467 1698 5545 ὲορτᾳξξε-

137 5535 247 5613 κῆς
273 5558 303 5613 ’ξ
333 5538 1034 5613 Καὶ-οὖῖωςῇὲορτάσᾳντέες
1076 5535 1391 5613 δρνῃϐὤμεγ
1440 5535 1701 5613 εἰςελθέιῖν

140 5605 356 5683 εεξτὴν
379 5608 475 5683 τρῖ»
520 5605 938 5683 1ςυρίοιίχσιράιν
970 5607 1124 5683 μιν-τῇ
1151 5605 1430 5683 eaqueea
1454 5606 1562 5683 75.3
1605 5606 1699 5683 es-

140 5674 345 5757 pavet.
376 5674 636 5757 _Ejusdein
660 5694 729 5757 ea:
765 5674 928 5757 'sefta
975 5674 1215 5757 epistola.
1251 5674 1474 5757 festa“:
1516 5674 1580 5727 Et
1626 5678 1702 5755 sic

140 5746 281 5823 '(esta
306 5746 629 5823 celebrantes
653 5748 1161 5823 ingredipossintus
1195 5746 1251 5823 in
1297 5746 1449 5800 illaut
1502 5761 1620 5809 qua:
1648 5746 1705 5798 in

142 5817 301 5889 requa
325 5821 575 5877 caelorum
614 5817 786 5889 adsit,
815 5818 1017 5875 Christi
1052 5817 1319 5873 Iustitiam.

817 5896 1075 5908 —-~v‘

142 5234 196 5286 ν,
239 5220 329 5273 14.
405 5217 449 5248 ἰ
489 5215 624 5271 Luc.
665 5231 784 5282 xm,
818 5213 908 5269 25.

1446 5928 1472 5936 ..ρ
1488 5924 1617 5936 μ’.-.

1287 5212 1333 5243 ⁸³
1369 5210 1514 5268 Psal.
1537 5228 1615 5278 ix,
1644 5212 1730 5267 i8.

1876 5320 1988 5393 (55)
2015 5319 2107 5393 ~Ita
2134 5321 2255 5375 cod.
2290 5317 2411 5373 Vat.
2446 5333 2572 5374 cum
2605 5317 2761 5390 Syro.
2808 5318 2879 5372 At
2928 5319 3017 5375 ed.
3068 5318 3392 5387 Montl‘auc.,

1804 5389 2063 5447 Χοίσιέοῦ.

1859 5411 2157 5533 ἥῖιῖἶυίῐθθρ
2185 5474 2405 5530 quoque
2433 5460 2673 5533 epistola
2686 5460 2915 5533 nonnisi
2943 5460 2998 5514 in
3034 5462 3395 5533 (supplemen-

1808 5530 2024 5602 tis‘pa'g.
2053 5532 2083 5583 7
2109 5531 2334 5602 Syr-iace
2363 5540 2585 5602 apparet
2611 5532 2869 5602 editionis
2894 5530 3280 5587 Londinensis.

1882 5589 2002 5673 (δὸ)
2033 5602 2107 5657 Ita
2153 5589 2243 5656 hic
2285 5609 2343 5673 et
2381 5589 2512 5673 alibi
2563 5600 2755 5671 Syrus.
2827 5600 3154 5673 Intelligitur
3208 5611 3393 5660 autem

1811 5670 2042 5743 magnus
2063 5672 2457 5743 Constantinus
2489 5670 2788 5740 Angustus,
2826 5670 3107 5735 σεόαστός.

1885 5740 1999 5813 (56)
2023 5741 2096 5796 Ita
2128 5741 2300 5813 Syrus
2352 5742 2441 5813 hic
2480 5751 2537 5796 et
2570 5745 2623 5795 in
2656 5750 2991 5813 praecedente
3017 5743 3267 5812 epistola.
3295 5740 3396 5799 Ve-

1818 5812 2127 5870 rumtamen
2152 5815 2207 5868 in
2224 5812 2496 5867 Chronico
2520 5813 2807 5882 utrobique
2834 5812 3116 5884 legebatur
3138 5813 3393 5870 Paterno.
