3812 6224
458 373 593 436 ’[3σί
1026 369 1490 432 8.ἈΤ[1ΛΝΑ8Π
1524 375 1675 432 ΟΡΡ,
1714 375 1892 432 PARS
1927 375 1963 428 ll

2206 374 2500 432 ’ISTOLE
2541 373 3076 433 HEORTASTICIE.
3586 381 3711 437 i592

455 512 688 568 eamque
711 497 951 568 quolibet
978 511 1228 552 escarum
1257 506 1598 551 mortuarum
1623 509 1819 564 genere
1845 493 2029 559 alunt;
2063 501 2109 556 Α
2137 493 2300 549 dabat
2326 492 2552 548 dicens“
2581 511 2593 547 :
2634 511 2652 544 ‹
2681 490 2801 546 Νοη
2825 492 2903 547 illi
2931 494 3025 563 qui
3049 503 3179 548 sunt
3203 493 3258 548 in
3289 493 3508 550 inferno
3532 485 3760 568 lauda-ﬁ

457 591 827 662 aquilinorum
860 589 1032 645 instar
1057 588 1331 658 pullorum
1353 627 1368 652 ,
1395 587 1490 656 qui
1519 586 1586 641 de
1619 586 1761 641 cmlo
1788 587 1842 639 in
1877 585 2034 641 cada-
2135 585 2361 652 buntte,
2381 600 2559 656 neque
2583 585 2782 641 mortui
2813 585 2912 640 tibi
2945 586 3296 655 benedicent;
3324 589 3422 644 sed
3454 591 3705 660 viventes,

456 697 583 737 vera
610 681 884 742 involant;
913 693 1150 749 quorum
1183 679 1366 732 avium
1397 692 1552 732 esum
1592 677 1678 732 lex
1702 677 1941 742 vetabat,
1977 675 2033 730 ﬁ-
2133 691 2287 746 atque
2319 691 2383 729 ac
2407 690 2530 746 ego,
2575 676 2671 730 tibi
2697 676 3045 731 benedicunt.
3076 696 3095 729 ι
3128 677 3441 734 Viventium
3480 691 3702 736 tantum-

453 784 644 845 gurate
689 772 1064 844 praecipiens“
1091 790 1104 826 :
1143 790 1162 823 ‹
1190 769 1376 842 Neque
1405 770 1668 841 aquilam,
1700 785 1879 840 neque
1913 771 2033 824 ani-
2133 767 2297 823 modo
2329 769 2384 822 in
2411 769 2630 823 Christo
2660 770 2882 839 propria
2916 770 3036 825 laus
3067 779 3171 835 est,
3197 781 3358 840 atque
3384 789 3514 844 erga
3547 774 3708 829 Deum

453 869 562 923 mal
594 867 828 938 quodvis
859 866 1004 937 quod
1051 865 1315 920 cadavere
1367 863 1636 934 pascitur.
1675 881 1693 915 ι
1726 862 1840 917 lmo
1870 861 2034 931 quid-
2133 857 2438 916 benedictio
2471 877 2482 912 :
2517 860 2676 930 cujus
2713 860 2789 915 rei
2823 876 2988 916 causa
3022 863 3091 916 ad
3129 862 3326 918 festum
3360 869 3708 921 conveniunt.

451 961 582 1031 quid
612 959 902 1016 morticino
921 959 1163 1015 vescitur
1189 957 1492 1028 rejieiebat.
1518 955 1583 1010 lli
1607 971 1762 1011 suam
1791 955 2029 1008 animam
2134 950 2346 1006 Etenim
2390 969 2500 1006 non
2527 962 2612 1007 est
2647 954 2993 1009 ethnicorum
3024 954 3236 1010 Pascha
3261 998 3277 1022 ,
3316 973 3496 1026 neque
3525 973 3709 1013 eorum

450 1055 688 1126 propriis
719 1053 1069 1125 passionibus
1098 1062 1399 1107 enecarunt
1419 1092 1433 1116 ,
1460 1067 1562 1106 nec
1604 1052 1750 1106 aliud
1787 1051 2028 1117 aiunt'”,
2131 1044 2225 1112 qui
2258 1044 2437 1098 adhuc
2459 1060 2625 1099 carne
2655 1044 2826 1100 Judaei
2859 1059 3019 1113 sunt;
3047 1047 3140 1101 sed
3173 1047 3390 1101 illorum
3411 1049 3712 1119 76potius

451 1147 560 1201 nisi
589 1166 607 1198 ι
637 1145 1004 1200 Comedamus
1033 1153 1088 1198 et
1115 1143 1408 1206 bibamus,
1462 1158 1584 1196 cras
1631 1143 1776 1196 enim
1827 1142 2029 1196 morie-
2131 1136 2226 1206 qui
2261 1137 2538 1192 veritatem
2590 1138 2642 1190 in
2692 1137 2912 1192 Christo
2947 1149 3251 1205 noverunt,
3300 1153 3462 1207 prout
3501 1142 3593 1196 ille
3623 1157 3710 1194 ex-

450 1251 594 1291 mur.
632 1255 650 1289 ›
690 1234 876 1290 Talem
913 1250 1078 1304 porro
1129 1233 1377 1288 referunt
1409 1233 1670 1287 fructum.
1706 1232 1782 1286 De
1814 1232 1920 1298 his,
1954 1233 2032 1285 in-
2131 1230 2351 1294 clamat,
2396 1230 2491 1300 qui
2520 1231 2587 1285 ad
2626 1229 2827 1286 festum
2861 1232 2966 1287 hoc
3013 1235 3470 1303 promulgandum
3510 1234 3710 1290 missus

449 1343 636 1397 quam,
667 1327 758 1397 qui
785 1326 858 1380 ita
883 1326 1107 1380 delicias
1139 1333 1438 1387 sectantur,
1474 1325 1658 1380 statim
1691 1324 1874 1379 dicere
1901 1339 2027 1392 per.
2129 1320 2271 1376 fuit:
2308 1341 2328 1374 ι
2360 1321 2570 1379 Pascha
2602 1334 2852 1380 nostrum
2889 1325 3206 1382 immolatus
3231 1337 3314 1381 est
3345 1327 3663 1382 Christus‘.
3686 1346 3704 1378 ›

449 1420 587 1490 git"
617 1437 630 1475 :
662 1438 681 1470 ε
709 1417 887 1488 Atque
917 1419 1031 1472 haec
1062 1417 1350 1472 manifesta
1390 1426 1519 1471 sunt
1551 1417 1778 1471 auribus
1815 1415 2028 1471 Domini
2200 1415 2253 1468 4.
2295 1415 2661 1482 Quamobrem
2689 1419 2905 1474 etiamsi
2946 1420 3099 1490 impii
3147 1422 3421 1477 solemnes
3467 1438 3594 1478 esse
3633 1423 3712 1476 ni-

451 1510 731 1579 Sabaoth,
763 1511 909 1581 quod
941 1525 1136 1578 nempe
1168 1510 1394 1563 minime
1441 1509 1594 1563 vobis
1627 1507 2026 1564 condonabitur
2129 1515 2338 1573 tuntur,
2368 1516 2422 1563 et
2443 1509 2614 1565 Deum
2641 1512 2799 1580 quasi
2827 1513 2881 1566 in
2910 1510 3051 1566 festo
3078 1513 3318 1581 laudare,
3344 1515 3412 1568 ad
3434 1515 3708 1584 justorum

447 1605 555 1661 hoc
602 1612 921 1676 peccatum,
957 1603 1131 1658 donec
1174 1601 1504 1655 moriamini.
1540 1620 1557 1651 ι
1605 1600 1710 1655 Sed
1763 1609 1816 1654 et
1848 1599 2027 1654 adhuc
2128 1598 2429 1656 Ecclesiam
2466 1601 2804 1659 conﬂuentes
2831 1642 2845 1667 ,
2897 1602 3042 1659 Deus
3088 1613 3268 1659 tamen
3328 1606 3708 1670 reluctabitur,

445 1702 712 1762 viventes,
751 1699 804 1752 in
837 1697 1135 1768 ignominia
1168 1702 1366 1758 erunt,
1418 1697 1548 1766 quia
1579 1705 1819 1750 ventrem
1863 1711 2026 1750 suum
2127 1695 2399 1762 peccatori
2451 1696 2716 1751 dicens":
2775 1716 2793 1747 ι
2837 1695 3017 1763 Quare
3059 1707 3115 1752 tu
3157 1714 3384 1754 enarras
3437 1701 3710 1770 justitiam

447 1789 728 1844 dominum
767 1788 1218 1843 existimaverunt
1254 1803 1267 1839 :
1299 1795 1352 1840 et
1395 1796 1519 1856 post
1563 1785 1771 1840 obitum
1815 1785 2026 1840 crucia-
2057 1845 2097 1860 ﬁ
2129 1789 2345 1842 meam?
2373 1807 2393 1841 ι
2421 1787 2698 1860 Benignus
2727 1797 2909 1844 autem
2940 1790 3167 1860 spiritus
3195 1792 3245 1846 id
3275 1801 3420 1847 vetat
3444 1793 3708 1848 dicens‘:

443 1860 669 1946 bu.ntur,
697 1881 825 1952 quia
848 1871 1165 1950 bnjusmodi
1198 1889 1374 1932 morte
1406 1877 1618 1947 gloriati
1655 1886 1802 1932 sunt.
1823 1875 2026 1943 Quam-
2056 1845 2098 1901 Β
2133 1897 2153 1932 ι
2182 1879 2301 1937 Non
2343 1891 2428 1938 est
2457 1883 2706 1952 speciosa
2740 1884 2861 1938 laus
2896 1885 2950 1937 in
2986 1899 3082 1939 ore
3108 1886 3433 1954 peccatoris.
3466 1905 3486 1937 ›
3525 1885 3712 1956 Neque

443 1973 632 2030 obrem
661 1979 1000 2028 contestatur
1013 1971 1220 2026 Paulus
1235 1971 1479 2025 dicem"
1507 1988 1520 2022 ε
1555 1968 1724 2024 «Esca
1751 1969 1950 2036 ventri.
1971 1977 2026 2024 et
2124 1989 2257 2031 sane
2288 1977 2541 2032 consistit
2570 1992 2696 2032 cum
2725 1975 2820 2031 Dei
2846 1977 3008 2032 laude
3054 1987 3362 2046 peccatum.
3393 1976 3709 2034 Peccatoris

442 2078 633 2125 venter
660 2069 799 2124 escis
829 2087 842 2123 :
875 2067 1018 2124 Deus
1051 2077 1231 2122 autem
1255 2076 1309 2121 et
1331 2067 1481 2120 illum
1514 2075 1568 2120 et
1594 2067 1692 2121 bas
1721 2066 2017 2121 destruet.»
2124 2083 2188 2123 os
2216 2069 2624 2137 perversitatem
2648 2069 2913 2139 loquitur,
2933 2078 2992 2123 ut
3018 2069 3072 2123 in
3099 2069 3415 2125 Proverbiis
3443 2072 3706 2127 dicitur’:

442 2160 637 2217 Divina
667 2177 797 2216 vero
824 2177 927 2215 vox
956 2161 1023 2216 de
1059 2160 1167 2215 illis
1201 2159 1588 2230 praenuntiat”
1621 2173 1636 2210 :
1668 2177 1686 2209 ε
1716 2157 1860 2214 Mors
1891 2174 2021 2228 pec-
2129 2179 2148 2212 ι
2176 2159 2250 2216 Os
2274 2161 2568 2232 impiorum
2597 2161 2868 2216 redundat
2890 2162 3072 2217 malis.
3106 2182 3125 2215 ι
3161 2161 3265 2228 Qui
3292 2164 3439 2216 enim
3465 2163 3588 2218 ﬁeri
3617 2179 3710 2235 po-

443 2266 691 2312 catornm
731 2255 992 2325 pessima.
1027 2251 1089 2308 Et
1120 2253 1214 2323 qui
1240 2252 1450 2322 justum
1477 2251 1602 2306 odio
1643 2250 1861 2319 habent,
1894 2267 2022 2321 pec-
2121 2259 2229 2307 test
2261 2261 2320 2307 ut
2363 2253 2565 2323 impius
2611 2255 2827 2324 impuro
2860 2269 2956 2310 ore
2978 2254 3149 2310 Deum
3181 2255 3400 2310 laudet?
3431 2256 3547 2310 Res
3579 2270 3709 2310 con-

443 2351 668 2405 cabunt.
703 2367 721 2401 ι
759 2347 1018 2404 Molestus
1049 2347 1152 2402 erit
1177 2346 1380 2400 vermis
1420 2345 1532 2410 ille,
1565 2344 1824 2415 duraeque
1871 2353 2020 2399 tene-
2121 2345 2301 2399 traria:
2345 2346 2648 2401 consistere
2685 2355 2985 2414 nequeunt.
3025 2365 3042 2396 ι
3072 2344 3335 2412 Quaenam
3384 2348 3708 2400 communio

439 2440 554 2496 bne
582 2455 720 2510 quas
751 2439 902 2509 impii
937 2437 1357 2493 haereditabunt.
2116 2433 2344 2504 justitise
2376 2451 2500 2491 cum
2535 2436 2856 2506 iniquitate?
2885 2436 2979 2492 Vel
3025 2453 3148 2507 quae
3195 2439 3514 2494 commistio
3562 2449 3706 2495 tene-

514 2534 568 2586 5.
612 2530 779 2587 Secus
809 2539 990 2586 autem
1017 2530 1117 2585 viri
1148 2529 1345 2594 sancti,
1377 2538 1430 2584 et
1462 2529 1678 2585 virtutis
1703 2545 1869 2584 causa
1893 2542 2020 2584 vere
2120 2527 2346 2582 brarum
2397 2543 2522 2582 cum
2562 2529 2685 2583 luce
2732 2530 2810 2582 ‘°?
2841 2548 2860 2581 ι
2911 2528 3036 2584 llaec
3078 2529 3332 2585 videlicet
3369 2532 3449 2586 ait
3500 2531 3704 2587 Paulus

441 2625 806 2692 abstinentes,
833 2626 926 2694 qui
961 2624 1207 2679 membra
1252 2639 1350 2678 sua
1387 2623 1439 2677 in
1475 2632 1618 2678 terra
1649 2624 2017 2677 mortiﬁcave-
2118 2616 2394 2688 Evangelii
2429 2621 2699 2678 minister.
2727 2619 3020 2691 Propterea
3043 2631 3376 2691 peccatores.
3405 2626 3704 2696 cunctique

439 2728 591 2786 runt,
619 2717 825 2774 scilicet
856 2717 1297 2783 fornicationem,
1331 2715 1757 2781 immunditiam,
1802 2714 2015 2784 passio-
2117 2711 2397 2766 catholicae
2429 2710 2684 2768 Ecclesia:
2718 2715 2985 2779 extranei,
3021 2715 3283 2781 haeretici,
3324 2726 3376 2772 et
3423 2726 3701 2773 sectarum

439 2826 600 2877 nem,
635 2824 858 2880 pravam
892 2809 1425 2878 concupiscentiam;
1461 2808 1692 2876 ideoque
1735 2807 1924 2860 mundi
1953 2821 2017 2861 ac
2117 2803 2322 2858 alumni
2355 2804 2491 2876 (57),
2525 2821 2648 2860 cum
2680 2822 2711 2860 a
2733 2809 3008 2877 justorum
3034 2807 3347 2864 laudatione
3370 2811 3483 2866 sint
3513 2812 3700 2878 alieni,

440 2902 562 2956 sine
589 2899 805 2954 macula
842 2898 1048 2964 eﬂ‘ecti;
1081 2897 1436 2968 promissioni
1467 2897 1689 2966 insuper
1717 2895 2015 2953 Salvatoris
2117 2899 2312 2952 merito
2341 2898 2615 2954 solemnes
2641 2913 2748 2954 non
2780 2909 2963 2956 erunt.
3006 2899 3198 2958 Justus
3226 2911 3409 2957 autem
3431 2945 3446 2970 ,
3477 2905 3700 2961 etiamsi

437 2990 613 3046 nostri
655 2990 882 3046 ﬁdentes
929 2993 1023 3059 qui
1069 2988 1209 3042 ait”
1257 3005 1270 3039 :
1325 3006 1344 3040 ‹
1386 2987 1538 3042 Beati
1588 2988 1776 3042 mundi
1829 2987 2012 3052 corde,
2116 2987 2322 3043 mundo
2355 2997 2606 3045 mortuus
2643 2991 3026 3058 existimetur,
3071 2993 3398 3050 ﬁducialiter
3431 2997 3571 3067 agit,
3616 2999 3700 3052 di-

437 3081 699 3151 quoniam
733 3080 838 3150 ipsi
875 3079 1047 3136 Deum
1077 3079 1364 3146 videbunt;
1400 3098 1418 3131 »
1452 3079 1505 3133 hi
1547 3079 1750 3134 mundo
1785 3079 2011 3144 mortui,
2115 3080 2301 3135 oens“
2329 3098 2342 3132 ε
2374 3100 2392 3132 ε
2425 3080 2540 3137 Νοη
2566 3084 2791 3147 moriar,
2817 3084 2912 3139 sed
2936 3085 3134 3152 vivam,
3163 3095 3216 3142 et
3244 3079 3699 3145 narrabo‘omnia

437 3183 492 3228 et
539 3189 568 3228 a
623 3173 813 3228 mundi
864 3170 1250 3228 communione
1300 3170 1461 3225 alieni
1489 3210 1503 3234 ,
1555 3171 1792 3240 pretiosa
1840 3177 2014 3232 morte
2040 3186 2084 3245 ε
2117 3172 2384 3226 mirabilia
2411 3181 2525 3228 tua.
2554 3193 2572 3226 ι
2604 3175 2887 3246 Simulque
2916 3177 3032 3246 ipse
3065 3176 3209 3234 Deus
3250 3195 3359 3235 non
3383 3193 3589 3238 renuet
3619 3184 3702 3237 in-

435 3265 710 3332 fruentur,
762 3274 1033 3336 quatenus
1082 3263 1290 3319 scilicet
1343 3281 1363 3314 ι
1406 3262 1652 3318 Pretiosa
1697 3271 1782 3316 est
1825 3277 2008 3316 coram
2113 3260 2297 3313 vocari
2329 3259 2472 3316 Deus
2500 3262 2569 3316 ab
2606 3263 2735 3330 illis,
2763 3267 2860 3334 qui
2885 3267 3129 3322 membra
3154 3280 3251 3324 sua
3281 3271 3337 3324 in
3371 3279 3520 3326 terra
3551 3290 3701 3328 mor-

437 3358 612 3415 oculis
641 3357 748 3429 ⁷5
787 3356 1000 3413 Domini
1035 3371 1184 3411 mors
1223 3355 1498 3426 iustorum
1540 3355 1712 3424 eiust,
1746 3373 1765 3405 ι
1791 3355 1857 3407 Hi
1883 3370 2012 3423 pm.
2110 3347 2455 3417 tiﬁcaverint,
2482 3362 2535 3407 et
2559 3364 2738 3410 tamen
2763 3357 2818 3410 in
2849 3357 3069 3414 Christo
3090 3360 3300 3415 vivunt.
3332 3359 3508 3417 Porro
3531 3363 3699 3428 Deus,

435 3460 583 3506 terea
629 3457 905 3520 poterunt,
951 3450 1228 3518 capientes
1273 3449 1339 3503 de
1373 3446 1634 3516 Apostolo
1678 3447 2007 3516 exemplum,
2110 3440 2358 3497 vivorum
2393 3443 2536 3500 Deus
2568 3455 2676 3515 est,
2710 3463 2816 3503 non
2850 3460 3232 3517 mortuorum;
3263 3453 3371 3508 imo
3399 3469 3499 3523 per
3533 3471 3699 3510 suum

434 3542 701 3598 dicere’:
741 3559 760 3592 ε
791 3541 1010 3595 Christo
1052 3539 1300 3594 conﬁxus
1344 3554 1464 3594 sum
1501 3529 1672 3594 cruci.
1714 3537 1845 3591 Vivo
1888 3554 2009 3609 ego,
2109 3533 2295 3589 vivum
2321 3535 2558 3592 Verbum
2584 3556 2800 3596 omnem
2833 3543 3109 3598 hominem
3137 3544 3408 3612 viviﬁcat;
3435 3549 3592 3617 quod
3626 3548 3701 3603 ni-

429 3635 544 3705 jam
576 3649 686 3692 non
722 3648 856 3705 ego;
901 3633 1034 3686 vivit
1062 3647 1190 3687 vero
1219 3633 1271 3686 in
1303 3647 1392 3687 me
1418 3632 1692 3696 Christus.
1723 3651 1740 3683 ›
1776 3629 1833 3685 Si
1869 3634 2013 3686 viva-
2112 3626 2312 3682 mirum
2351 3631 2456 3684 cibi
2499 3632 2727 3704 vitatque
2755 3649 2924 3690 causa
2959 3637 3166 3693 sanctis
3207 3637 3458 3708 largitur,
3504 3649 3572 3694 ut
3602 3639 3702 3696 Do-

434 3742 561 3783 mus
588 3727 642 3782 in
666 3726 905 3792 Christo,
924 3726 1040 3781 haec
1058 3741 1184 3780 vera
1215 3725 1323 3780 vita
1348 3733 1452 3790 est,
1471 3739 1784 3794 quanquam
1809 3726 2012 3780 mundo
2111 3719 2295 3774 minus
2323 3721 2438 3790 ipse
2459 3722 2718 3778 clamat“
2746 3743 2759 3778 :
2799 3745 2817 3778 ι
2847 3725 2960 3797 Ego
2989 3742 3111 3782 sum
3160 3730 3320 3798 panis
3346 3729 3491 3784 vitaz.
3526 3749 3548 3783 ι
3594 3731 3696 3788 Cui

433 3821 637 3876 mortui
673 3821 868 3877 simus.
915 3819 1055 3875 Tum
1106 3821 1173 3875 de
1206 3820 1370 3875 rebus
1401 3820 1652 3887 supernis
1681 3820 2008 3889 cogitantes,
2111 3809 2188 3862 ι’θί
2215 3808 2409 3877 Ῑυάἱὲῖι
2445 3813 2552 3882 77
2586 3824 2748 3884 gustu
2780 3816 3020 3886 inlirmo,
3046 3827 3100 3874 et
3132 3819 3301 3873 animi
3328 3821 3590 3877 sensibus
3629 3825 3695 3878 ad

433 3914 509 3969 ita
543 3913 861 3977 aﬁiciemur,
887 3914 1043 3985 quasi
1067 3913 1179 3983 jam
1211 3913 1410 3968 caelum
1438 3912 1830 3974 incoleremus;
1858 3926 2012 3979 reque
2110 3901 2364 3957 Virllﬂcm
2432 3907 2659 3962 Ιηίηίῐηθ
2707 3911 2960 3965 exe-milis
2988 3951 3004 3975 ν
3040 3926 3217 3980 neque
3264 3927 3582 3970 sermonem
3631 3917 3696 3972 de

431 4019 498 4058 ac
530 4004 619 4059 ille
647 4003 897 4059 videlicet
938 4003 1059 4059 talis
1092 4003 1384 4057 habitaculi
1435 4011 1667 4066 amator,
1711 4003 1803 4072 qui
1851 4002 2006 4055 ait':
2111 3995 2217 4051 hoc
2271 4013 2412 4066 pane
2451 4000 2620 4068 probe
2667 4000 3052 4070 intelligentes,
3097 4005 3512 4073 obtrectabant,
3564 4010 3694 4078 quia

437 4115 458 4148 ς
485 4096 840 4152 Ambulantes
871 4097 924 4151 in
958 4106 1122 4160 terra,
1150 4096 1460 4151 habitamus
1488 4096 1540 4148 in
1575 4096 1733 4150 coelo.
1764 4114 1782 4146 ι
1811 4093 1909 4160 Qui
1939 4096 2008 4148 ita
2110 4089 2382 4144 dixerat”
2411 4109 2424 4144 :
2460 4109 2477 4141 ‹
2509 4091 2621 4162 Ego
2651 4109 2770 4146 sum
2806 4094 2959 4163 panis
2994 4096 3090 4165 qui
3118 4096 3185 4151 de
3215 4098 3353 4152 cmlo
3379 4099 3690 4167 descendit,
3763 4149 3766 4152 .

431 4190 658 4250 vivunt.
709 4198 761 4244 et
811 4189 1126 4260 hujusmodi
1179 4190 1434 4242 virtutem
1481 4187 1846 4256 participant,
1909 4187 2009 4241 soli
2110 4191 2164 4236 et
2195 4183 2357 4236 vitam
2391 4185 2706 4240 hominibus
2738 4186 2850 4240 dat.
2888 4205 2906 4238 ι

431 4279 605 4334 Deum
649 4279 870 4334 laudare
918 4279 1194 4333 valebunt.
1247 4277 1362 4331 Sibi
1413 4277 1578 4347 igitur
1631 4278 2010 4347 unusquisque
2182 4274 2235 4328 5.
2274 4273 2379 4328 Sed
2402 4278 2544 4330 enim
2579 4290 2854 4344 peccatum
2887 4295 3107 4351 quoque
3135 4283 3428 4351 peculiaris
3459 4288 3692 4355 quidam

431 4369 677 4435 suadeat,
723 4370 995 4440 propriam
1025 4369 1145 4424 l'esti
1190 4384 1253 4422 ac
1298 4368 1660 4424 solemnitatis
1696 4369 1827 4430 vim,
1867 4369 2006 4422 haud
2111 4367 2267 4434 panis
2289 4375 2394 4432 est,
2446 4379 2673 4423 mortem
2711 4373 3037 4440 continens;
3087 4384 3142 4430 et
3189 4379 3408 4445 quando
3458 4379 3693 4435 delicia-

431 4463 714 4533 epularum
760 4461 1181 4532 ampliﬁcatione
1232 4460 1490 4523 conﬁeri,
1545 4476 1720 4530 neque
1769 4462 2003 4514 vestium
2111 4477 2231 4516 rum
2263 4471 2536 4517 amatores
2557 4471 2610 4516 et
2628 4464 2885 4520 vecordes
2916 4466 3127 4532 invitat,
3155 4469 3232 4522 ait
3257 4469 3427 4524 illis“
3458 4490 3471 4525 :
3505 4491 3526 4523 σ
3549 4473 3692 4528 Cott-

431 4545 735 4626 splendore,
782 4571 958 4626 neque
1001 4555 1153 4610 feriis
1183 4555 1428 4625 agendis,
1464 4553 1558 4608 sed
1603 4555 1838 4624 ingenuo
1876 4570 2003 4624 erga
2041 4535 2082 4592 D
2112 4563 2336 4608 trectate
2361 4555 2601 4609 suaviter
2633 4571 2797 4624 panes
2832 4559 3207 4626 absconditos,
3240 4563 3541 4634 dulcesque
3580 4566 3692 4621 fur-

431 4647 602 4704 Deum
637 4649 853 4715 aﬁ'ectu,
889 4649 1187 4718 gratiarum
1224 4648 1461 4713 actione,
1513 4658 1568 4702 et
1612 4647 1792 4702 laudis
1843 4648 2004 4701 retri—
2112 4651 2249 4702 tivas
2279 4664 2471 4717 aquas.
2507 4668 2522 4695 ι
2545 4647 2930 4704 Verumtamen
2955 4652 3044 4704 ille
3064 4653 3156 4722 qui
3180 4669 3272 4708 eos
3302 4659 3689 4723 contrectabit,

427 4733 670 4797 butione.
705 4739 830 4795 Haec
856 4751 1035 4794 autem
1068 4740 1286 4794 nonnisi
1318 4756 1347 4794 a
1373 4741 1579 4794 sanctis
1608 4739 1743 4792 ﬁunt
1770 4739 1821 4792 in
1854 4737 2010 4792 Chri-
2111 4742 2325 4811 ignorat
2353 4743 2624 4810 perituros
2656 4742 2726 4795 ibi
2762 4758 2884 4797 esse
2925 4745 3222 4814 terrigenas
3243 4747 3306 4802 ‘5.
3337 4746 3694 4805 Existimabit

429 4841 515 4888 sto
537 4831 875 4898 viventibus;
903 4831 1106 4887 etenim
1132 4833 1394 4902 scriptum
1425 4831 1546 4885 est‘
1575 4849 1588 4886 ;
1622 4850 1638 4881 ι
1675 4830 1869 4884 Mortui
1895 4846 2003 4884 non
2110 4843 2367 4904 peccator
2405 4850 2463 4888 se
2509 4833 2839 4902 voluptatem
2891 4835 3016 4890 inde
3051 4848 3364 4906 capturum,
3393 4841 3487 4894 sed
3541 4842 3691 4897 haud

426 4923 730 4979 laudabunt
752 4934 824 4990 te,
859 4925 1118 4991 Domine;
1156 4939 1331 4992 neque
1360 4938 1550 4978 omnes
1578 4924 1655 4977 illi
1687 4924 1780 4993 qui
1811 4923 1874 4976 ad
1918 4923 2005 4976 in-
2106 4927 2381 4997 jucundus
2428 4927 2554 4981 ﬁnis
2604 4927 2769 4998 hujus
2826 4929 2980 4993 panis
3029 4931 3153 4995 erit,
3221 4933 3689 5000 quemadmodum

427 5009 581 5072 Ierna
619 5016 974 5073 descendunt.
1021 5016 1127 5071 Sed
1161 5032 1260 5071 nos
1315 5016 1409 5086 qui
1478 5015 1735 5075 vivimus,
1785 5014 2006 5069 benedi-
2113 5017 2209 5072 Dei
2238 5033 2456 5088 quoque
2488 5019 2760 5087 Sapientia
2791 5019 2922 5074 dicit
2949 5021 2990 5052 ¹⁶
3023 5040 3035 5074 :
3080 5040 3098 5072 ι
3138 5024 3320 5078 Dulcis
3359 5022 3465 5079 fuit
3487 5041 3692 5094 pecca-

429 5124 618 5168 cemus
643 5109 874 5168 Domino
907 5126 1053 5165 nunc
1096 5119 1150 5164 et
1181 5110 1234 5163 in
1269 5118 1554 5163 aeternum.
1589 5125 1608 5159 ›
1641 5105 1805 5160 Velut
1840 5107 2004 5160 etiam
2108 5110 2215 5164 tori
2247 5111 2403 5179 panis
2435 5111 2728 5174 mendacii,
2763 5113 2855 5165 sed
2882 5125 3068 5181 postea
3096 5114 3409 5182 implebitur
3453 5133 3518 5172 os
3566 5118 3691 5188 ejus

428 5199 715 5270 Ezechias,
741 5206 836 5274 qui
864 5211 1039 5258 morte
1061 5203 1346 5269 liberatus,
1367 5209 1659 5272 propterea
1691 5198 1864 5254 Deum
1895 5198 2009 5252 lau-
2109 5201 2318 5257 calculo
2345 5203 2408 5254 ⁸⁸.
2440 5201 2539 5256 Mcl
2562 5203 2796 5258 destillat
2826 5203 2892 5258 de
2935 5219 3030 5259 ore
3066 5206 3308 5261 mulieris
3349 5205 3684 5278 fornicariaa,

499 5365 547 5448 ’ξ
580 5363 752 5448 Levis
795 5380 872 5448 zu.
915 5362 1003 5418 ιδο
1066 5362 1128 5448 ,οξ
1502 5361 1724 5448 ιδκηη
1762 5359 2004 5448 ibist...”

2189 5361 2468 5448 lnCoruv‘t
2497 5403 2510 5423 ,
2541 5363 2641 5448 ¹15.
2718 5362 2765 5394 ⁸³
2803 5361 2947 5448 Psal.
2971 5379 3203 5448 xxviii,
3241 5363 3331 5417 22.
3407 5363 3453 5397 "
3491 5363 3680 5448 Matth.

424 5433 584 5558 :,|8(.:
643 5436 660 5467 ¹
697 5433 838 5556 Psal7.
878 5450 1024 5557 εξνρ
1065 5435 1146 5558 1'5.
1221 5435 1240 5464 ²
1277 5432 1450 5556 Grani}.
1760 5431 1781 5462 ³
1818 5430 1929 5556 Phi;

590 5521 670 5559 or.
701 5522 753 5560 v.
835 5545 847 5557 .
1032 5523 1083 5558 aa
1113 5544 1126 5557 .
1171 5519 1317 5560 χιιι.
1401 5523 1434 5554 ι.
1615 5519 1642 5554 c
1701 5519 1736 5557 ι.
1778 5518 1866 5560 xv.

2174 5478 2176 5493 .
2217 5434 2308 5486 20.
2383 5432 2574 5488 l*Psal.
2615 5449 2746 5487 cxltl
2774 5473 2788 5496 ,
2835 5433 2922 5499 l7,
2965 5435 3053 5487 18.
3126 5434 3146 5464 ⁸
3187 5435 3293 5488 lsa.
3328 5449 3565 5500 xxxvm,
3593 5437 3679 5489 18.

2174 5520 2261 5558 ov.
2291 5519 2378 5560 xv.
2417 5504 2510 5557 28.
2589 5506 2634 5534 ¹⁰
2676 5502 2717 5555 ll
2755 5505 2882 5558 Cor.
2924 5521 3012 5560 vl.
3073 5504 3157 5557 Η.
3241 5505 3282 5534 ¹¹
3320 5503 3470 5558 Psal.
3509 5521 3679 5560 cxvii.

491 5541 505 5558 .
546 5541 670 5559 νυ..
708 5541 725 5558 ν
805 5541 847 5557 ..
985 5541 1004 5557 ι
1171 5541 1294 5557 ac...
1569 5541 1736 5557 μην...
1778 5541 1835 5555 ι..
1908 5541 1932 5556 υ

427 5573 529 5640 17;
575 5592 660 5640 Ix,
698 5547 753 5630 2:
827 5577 870 5607 ¹¹
913 5574 1181 5635 Joan.VI.
1217 5545 1317 5626 4L.
1383 5573 1426 5602 ”
1453 5572 1582 5626 ibid.
1618 5574 1707 5627 55.
1786 5575 1828 5602 ”
1850 5543 1932 5626 i’ri

2174 5541 2261 5630 ἢ
2294 5541 2382 5606 “1:
2409 5541 2538 5629 an.
2574 5541 2717 5628 .8."
2739 5541 2976 5630 erigat:
2998 5541 3212 5640 ςηςῑγ.

496 5727 607 5793 (57)
649 5727 706 5783 S.
737 5726 962 5794 August.
981 5725 1100 5779 adv.
1128 5724 1312 5778 Cresc.
1343 5739 1404 5783 tt,
1441 5725 1508 5778 9:
1542 5723 1784 5779 Schisma
1808 5733 1883 5778 est
1911 5741 1992 5777 re-
2099 5725 2388 5791 dissensio;
2411 5727 2625 5780 haeresis
2655 5738 2850 5794 autem,
2882 5731 3109 5784 schisma
3133 5732 3506 5789 inveteratum.
3525 5734 3685 5790 Certe

421 5813 540 5851 cens
565 5798 981 5864 congregationis
999 5810 1062 5848 ea:
1086 5797 1264 5861 aliqua
1285 5796 1663 5848 sentcniiarum
1687 5796 1990 5850 diversitate
2098 5797 2382 5853 schismati
2415 5801 2773 5854 vetct'asccnti
2806 5803 3012 5864 obrepit
3045 5803 3285 5859 haeresis.
