3812 6224
143 264 167 316 I
179 263 302 319 595

1562 270 1900 326 EPISTULA
1945 270 2055 323 VII.

3277 269 3414 323 1594

140 395 202 448 et
255 391 326 438 Os
366 393 516 438 tuum
568 400 860 457 parumper
919 389 1157 456 mulcet;
1219 400 1497 460 postremo
1557 401 1737 445 tamen
1769 399 1814 454 Α
1845 403 2134 458 aquarum,
2168 389 2240 442 ita
2267 403 2446 442 anima
2471 402 2590 441 mea
2620 395 2692 453 te,
2720 386 2883 450 Deus,
2908 386 3196 442 desiderat.
3219 387 3416 444 Anima

142 477 404 532 amarius
439 476 731 549 absynthio
788 483 1129 551 experieris,
1176 494 1231 539 et
1280 484 1503 554 ancipiti
1555 485 1733 554 gladio

142 584 329 624 exacu
341 570 447 624 tius
463 570 528 626 ".
557 589 575 624 ι
603 570 725 626 Ideo
744 575 1038 629 comedens
1065 575 1214 630 brevi
1241 587 1482 646 tempore
1498 576 1730 647 gaudet;

145 663 248 718 sed
279 671 428 718 retro
454 663 649 718 deinde
672 667 862 734 procul
885 667 1160 736 abscedet,
1210 669 1338 738 quia
1367 685 1476 723 non
1508 678 1736 724 noverat

146 752 375 819 infelix,
404 769 501 811 eos
530 756 624 825 qui
660 771 690 809 a
731 756 842 812 Deo
875 773 935 813 se
967 760 1225 831 elongant
1273 761 1388 816 fore
1435 761 1730 832 perituros.

144 842 218 899 Et
271 845 634 901 nihilominus
680 849 1057 918 propheticum
1098 851 1363 906 monitum
1410 853 1462 908 id
1497 852 1732 919 vetabat,

143 932 347 987 dicens
374 933 458 987 ηε
498 952 519 987 r
558 935 700 1001 Quid
731 937 829 992 tibi
869 940 950 994 vis
982 939 1038 994 in
1065 941 1151 995 via
1190 940 1432 1015 Egypti,
1487 950 1547 998 ut
1578 943 1734 998 bibas

141 1038 360 1093 aquam
400 1025 587 1083 Gebon
611 1028 632 1082 ?
657 1028 723 1084 Et
754 1031 884 1100 quid
923 1032 1019 1086 tibi
1065 1048 1190 1088 cum
1229 1035 1316 1090 via
1363 1035 1731 1109 Assyriomm,

139 1120 204 1164 ut
226 1110 391 1168 bibas
411 1129 608 1185 aquam
635 1117 916 1179 ﬂuminis?
943 1143 962 1177 ι
990 1121 1110 1180 Jam
1131 1134 1186 1182 et
1207 1125 1300 1182 Dei
1329 1143 1457 1200 erga
1482 1130 1735 1189 homines

137 1203 374 1273 benigni
419 1205 696 1279 Sapientia
740 1213 844 1270 hoc
893 1215 1070 1286 ipsum
1099 1218 1316 1274 vetabat
1344 1221 1601 1284 [clamans
1630 1220 1674 1255 ’⁵³
1713 1239 1730 1279 :

151 1311 171 1344 ι
215 1291 329 1348 Sed
369 1296 479 1350 cito
505 1301 740 1368 praeteri,
784 1318 960 1373 neque
989 1307 1206 1361 oculum
1237 1317 1388 1363 tuum
1431 1313 1485 1364 in
1521 1312 1611 1366 illa
1641 1313 1735 1368 de-

145 1387 312 1456 ligas.
349 1387 442 1444 Sic
469 1393 675 1448 alienas
697 1410 867 1466 aquas
889 1401 1372 1472 prtetergradieris,
1398 1413 1451 1458 et
1475 1414 1733 1461 extranea

144 1478 383 1536 ﬂumina
416 1483 557 1538 saltu
603 1489 960 1546 transmittes.
999 1509 1018 1544 ι
1057 1494 1234 1564 Atque
1269 1496 1369 1550 hos
1397 1497 1464 1552 ad
1497 1513 1556 1552 se
1593 1499 1735 1552 invi-

146 1580 229 1626 tat
257 1574 450 1630 dicens
470 1577 557 1632 "z
604 1597 624 1632 σ
680 1580 959 1651 Sapientia
1005 1586 1294 1641 aediﬁcavit
1344 1590 1448 1644 sibi
1482 1590 1728 1656 domum,

149 1664 267 1735 78
294 1681 528 1738 eamque
561 1681 767 1740 septem
823 1674 1035 1732 fulcivit
1085 1679 1376 1735 columnis.
1429 1681 1732 1737 Immolavit

143 1757 412 1814 victimas
445 1777 594 1828 suas,
639 1765 861 1822 miscuit
888 1768 944 1822 in
983 1769 1191 1840 hydriis
1221 1772 1404 1826 vinum
1453 1789 1636 1843 suum,
1679 1785 1734 1831 ct

145 1865 404 1907 mensam
455 1870 612 1911 suam
663 1862 962 1928 apparavit.
1006 1863 1153 1918 Misit
1208 1881 1394 1922 servos
1448 1883 1618 1934 suos,
1673 1878 1734 1922 ut

147 1944 296 1999 elata
353 1962 488 2003 voce
535 1961 797 2007 vocarent
833 1955 900 2009 ad
938 1956 1162 2032 hydrias
1214 1958 1486 2014 dicendo:
1518 1961 1576 2015 Si
1609 1964 1733 2032 quis

147 2044 240 2090 est
264 2039 495 2105 stultus,
529 2041 762 2098 declinet
808 2045 876 2100 ad
921 2063 1029 2102 me.
1065 2047 1132 2103 Et
1181 2051 1562 2121 insipientibus
1613 2055 1729 2111 ait:

149 2124 375 2197 Venite,
415 2133 684 2190 comedite
727 2151 922 2206 panem
979 2145 1183 2207 meum,
1231 2151 1285 2196 et
1331 2143 1497 2199 bibite
1543 2145 1732 2200 vinum

149 2221 306 2289 quod
338 2223 535 2279 miscui
564 2227 742 2284 vobis.
795 2247 812 2279 ι
852 2227 1115 2296 Quaenam
1168 2233 1332 2304 igitur
1361 2235 1448 2292 his
1497 2238 1732 2307 supersit

147 2329 281 2381 spes
309 2315 334 2370 ?
364 2333 384 2367 ι
425 2315 798 2390 Derelinquite
825 2324 1130 2391 stultitiam,
1164 2335 1223 2382 ut
1248 2328 1475 2398 vivatis;
1508 2333 1732 2400 quaerite

147 2405 531 2474 prudentiam,
580 2417 641 2465 ut
690 2411 816 2468 sitis
863 2413 1182 2485 longaevi“.
1221 2435 1240 2469 ι
1281 2416 1418 2473 Nam
1454 2422 1732 2490 sapientia:

146 2499 334 2567 panis,
364 2501 489 2556 vita:
517 2502 728 2560 fructus
753 2516 856 2574 est,
885 2516 946 2561 ut
977 2508 1054 2562 ait
1090 2509 1204 2578 ipse
1231 2509 1495 2569 Dominus
1523 2532 1537 2568 :
1573 2533 1592 2566 ‹
1621 2514 1731 2586 Ego

147 2604 276 2646 sum
302 2594 460 2662 panis
483 2595 638 2652 vivus
664 2598 757 2668 qui
789 2600 856 2654 de
895 2601 1036 2656 caelo
1057 2601 1376 2658 descendit:
1428 2606 1474 2660 si
1507 2607 1632 2677 quis
1664 2609 1731 2664 de

149 2683 261 2738 hoc
301 2699 443 2754 pane
491 2689 807 2759 comederit,
844 2692 988 2748 vivet
1035 2693 1090 2749 in
1141 2705 1405 2750 aeternum
1430 2699 1496 2752 ".
1537 2719 1566 2758 ι,
1609 2699 1731 2754 Fuit

148 2776 436 2832 enimvero
474 2779 738 2838 delicatus
781 2783 939 2840 cibus
992 2793 1153 2856 atque
1203 2789 1473 2846 mirabilis
1507 2807 1726 2858 manna,

148 2867 282 2922 dum
321 2869 454 2926 illud
486 2872 651 2929 Israel
684 2877 1033 2946 comederet;
1066 2881 1157 2948 qui
1199 2869 1558 2939 nihilominus
1582 2898 1729 2939 mor-

147 2967 282 3017 tuus
318 2969 442 3017 est:
484 2965 614 3033 quia
647 2981 988 3037 nequaquam
1039 2971 1131 3026 ille
1178 2973 1336 3029 cibus
1375 2977 1726 3032 manducanti

1840 499 1959 539 mea
1992 481 2162 536 Deum
2198 482 2378 536 vivum
2407 480 2562 545 sitit;
2593 480 2937 550 quandonam
2969 479 3206 545 veniam,
3237 489 3291 534 et
3333 479 3418 536 fa-

1835 576 1973 630 ciem
2030 574 2124 628 Dei
2154 573 2349 628 videbo
2377 573 2400 626 ?
2431 592 2451 625 ι
2489 573 2620 627 Item
2646 573 2689 604 ’³
2721 591 2734 626 :
2775 591 2793 623 ς
2837 571 2980 626 Deus
3018 587 3196 637 meus,
3246 572 3311 627 ad
3363 581 3418 628 te

1841 669 2120 737 anticipo:
2166 675 2216 721 te
2271 667 2387 722 sitit
2435 667 2617 721 anima
2660 682 2816 732 mea,
2866 666 3241 736 multipliciter
3285 681 3418 723 caro

1836 778 1978 818 mea.
2017 761 2078 816 In
2125 771 2267 816 terra
2302 759 2515 816 deserta
2550 771 2604 816 et
2646 759 2792 814 invia
2824 769 2880 815 et
2911 760 3198 829 inaquosa,
3251 760 3330 814 sic
3358 761 3415 814 in

1839 854 2164 909 sanctuario
2188 855 2417 924 apparui
2443 853 2560 916 tibi,
2589 863 2650 908 ut
2678 853 2914 908 viderem
2938 853 3234 924 potentiam
3262 860 3412 906 tuam

1835 954 1888 1000 et
1915 944 2140 1014 gloriam
2171 953 2344 998 tuam.
2386 963 2405 996 ι

1909 1034 1960 1090 7.
1999 1033 2132 1100 Quae
2169 1049 2292 1089 cum
2327 1034 2400 1089 ita
2431 1049 2492 1090 se
2520 1033 2779 1099 habeant,
2817 1049 2918 1090 nos
2943 1049 3181 1105 quoque,
3215 1031 3416 1090 fratres

1835 1126 1964 1189 mei,
1990 1126 2239 1180 membra
2274 1127 2328 1180 in
2362 1135 2509 1181 terra
2530 1126 2864 1181 mortiﬁcare
2885 1126 3166 1193 debemus,
3189 1135 3241 1181 et
3271 1141 3414 1196 pane

1836 1218 1964 1271 vivo
1988 1218 2157 1283 vesci,
2190 1234 2314 1274 cum
2340 1217 2447 1274 ﬁde
2475 1227 2529 1274 et
2552 1219 2819 1274 charitate
2847 1234 2974 1290 erga
2998 1218 3169 1275 Deum
3203 1237 3217 1286 ;
3245 1235 3413 1290 quan-

1836 1307 2126 1377 doquidem
2155 1309 2377 1372 scimus,
2415 1309 2535 1364 sine
2569 1309 2673 1364 ﬁde
2711 1309 3048 1379 impossibile
3097 1324 3218 1364 esse
3266 1311 3412 1364 hunc

1838 1415 2031 1469 panem
2065 1401 2414 1471 participare.
2442 1400 2636 1456 Noster
2671 1402 2790 1472 ipse
2822 1400 3093 1467 Salvator,
3128 1416 3238 1470 quo
3277 1411 3412 1456 tem-

1837 1507 1968 1561 pore
2003 1494 2068 1548 ad
2094 1509 2152 1547 se
2185 1509 2376 1548 omnes
2410 1493 2660 1561 vocabat,
2707 1493 2787 1547 ait
2809 1493 2895 1546 ³ος
2935 1511 2953 1544 ι
3005 1492 3063 1546 Si
3102 1493 3224 1562 quis
3275 1491 3410 1557 sitit,

1836 1587 2012 1640 veniat
2062 1587 2128 1641 ad
2165 1601 2250 1640 me
2299 1595 2354 1640 et
2387 1586 2558 1641 bibat.
2619 1605 2638 1638 ι
2698 1585 2933 1656 Moxque
2971 1587 3156 1640 intulit
3205 1585 3271 1640 de
3311 1584 3414 1640 ﬁde

1838 1679 2194 1746 mentionem,
2231 1681 2350 1735 sine
2392 1695 2496 1750 qua
2535 1695 2694 1736 nemo
2729 1679 3048 1750 hujusmodi
3095 1679 3409 1734 alimoniam

1834 1775 2054 1829 deberet
2103 1776 2381 1844 suscipere
2407 1817 2421 1841 ,
2477 1775 2662 1846 aitque
2689 1776 2732 1808 ³¹
2764 1795 2776 1830 :
2813 1794 2831 1828 ι
2862 1774 2968 1842 Qui
3009 1775 3184 1830 credit
3214 1777 3268 1829 in
3301 1788 3408 1838 me,

1833 1869 1976 1922 sicut
2015 1869 2148 1923 dicit
2181 1867 2487 1938 Scriptura,
2515 1869 2740 1923 ﬁumina
2769 1869 2838 1926 de
2867 1875 3057 1924 ventre
3090 1868 3208 1937 ejus
3242 1867 3409 1921 ﬂuent

1833 1971 1988 2027 aquae
2031 1959 2184 2012 vivae.
2228 1977 2246 2010 ›
2285 1958 2649 2025 Quamobrem
2686 1959 2802 2029 ipse
2847 1957 3145 2027 discipulos
3193 1972 3410 2027 semper

1833 2048 2011 2102 alebat
2063 2049 2244 2104 verbis
2291 2049 2448 2114 suis,
2493 2049 2777 2104 credentes
2828 2048 3075 2114 scilicet,
3129 2048 3409 2118 vitamque

1835 2140 1966 2209 ipsis
2015 2140 2422 2210 prepinquitate
2463 2140 2767 2196 divinitatis
2813 2155 2926 2196 suae
2954 2138 3286 2194 conferebat.
3338 2139 3410 2196 At

1831 2247 1962 2286 vero
1992 2232 2268 2287 mulierem
2289 2233 2400 2304 80
2425 2233 2570 2287 illam
2596 2233 2982 2300 Chananaeam,
3012 2248 3136 2303 quae
3161 2233 3406 2288 nondum

1833 2325 1900 2380 ad
1935 2323 2094 2379 ﬁdem
2123 2334 2452 2391 accesserat,
2505 2341 2570 2381 ne
2609 2341 2874 2396 responso
2901 2327 3120 2396 quidem
3151 2326 3407 2397 dignatus
3468 2323 3474 2330 ’

1831 2424 1933 2483 est,
1952 2431 2263 2486 quanquam
2295 2418 2364 2472 ab
2386 2417 2504 2487 ipso
2530 2419 2599 2472 ali
2629 2419 2780 2473 valde
2807 2419 3104 2488 indigebat.
3130 2419 3209 2472 Ita
3240 2432 3406 2487 porro

1832 2524 1891 2565 se
1925 2509 2113 2580 gessit,
2156 2526 2262 2565 non
2295 2513 2672 2582 contemptim,
2723 2510 2906 2566 absit!
2961 2512 3092 2581 quia
3138 2511 3406 2582 benignus

1831 2601 2118 2671 bonusque
2148 2609 2231 2656 est
2261 2600 2546 2668 Dominus,
2583 2611 2910 2672 propterque
2944 2602 3091 2656 illam
3129 2601 3195 2655 ad
3223 2609 3406 2671 partes

1831 2692 1961 2764 Tyri
1993 2707 2058 2747 ac
2086 2693 2305 2748 Sidonis
2328 2702 2680 2762 perrexerat;
2718 2694 2812 2748 sed
2841 2693 2971 2763 quia
3009 2692 3128 2761 ipsa
3161 2690 3405 2746 nondum

1831 2785 2157 2850 crediderat,
2187 2795 2238 2839 et
2267 2787 2396 2856 quia
2433 2786 2617 2855 stirpis
2652 2801 2767 2842 sua:
2795 2799 2962 2839 causa
2991 2783 3141 2838 nullo
3161 2783 3283 2852 jure
3309 2798 3407 2852 po-

1832 2879 2089 2934 tiebatur.
2128 2879 2318 2934 Merito
2364 2880 2417 2933 id
2467 2880 2612 2950 egit,
2660 2877 2857 2933 fratres
2895 2877 3042 2943 mei,
3088 2877 3215 2947 quia
3269 2876 3406 2932 nihil

1830 2974 2108 3042 proderat,
2141 2973 2285 3042 quod
2317 2982 2442 3026 ante
2472 2973 2630 3026 tidem
2661 2979 2971 3040 susceptam
3003 2984 3194 3040 preces
3247 2969 3407 3023 obtu-

146 3061 272 3108 erat
306 3054 376 3108 ad
429 3057 597 3112 vitam
644 3068 926 3116 aeternam.
958 3061 1166 3120 Revera
1211 3067 1355 3120 enim
1406 3069 1586 3124 omnis
1636 3071 1725 3125 illa
1755 3085 1796 3143 C
1830 3067 2004 3126 lisset.
2043 3081 2169 3120 nam
2201 3066 2322 3120 ﬁdei
2351 3064 2760 3120 conformanda:
2800 3071 2958 3119 erant
2995 3063 3064 3116 ab
3108 3077 3172 3116 ca
3218 3075 3405 3130 preces

147 3143 451 3200 multitudo
477 3145 530 3200 in
557 3148 774 3205 deserto
803 3153 1072 3208 exstincta
1105 3165 1207 3210 est.
1244 3155 1510 3214 Dominus
1545 3170 1726 3217 autem

147 3236 314 3292 docet
369 3237 600 3295 dicendo
628 3241 674 3273 ³³
705 3259 719 3297 :
756 3260 774 3294 σ
830 3243 944 3316 Ego
973 3261 1096 3301 sum
1143 3249 1302 3318 panis
1339 3253 1503 3307 vita}:
1543 3261 1726 3323 patres

147 3331 322 3387 vestri
355 3335 820 3394 manducaverunt
849 3355 1050 3396 manna
1080 3342 1135 3397 in
1163 3343 1400 3410 deserto,
1432 3355 1485 3403 et
1524 3350 1726 3405 mortui

149 3431 300 3477 sunt.
331 3423 434 3480 Hic
459 3434 543 3482 est
569 3429 726 3498 panis
760 3433 854 3501 qui
882 3433 950 3488 de
994 3436 1135 3491 ctelo
1181 3436 1478 3507 descendit,
1537 3450 1599 3497 ut
1631 3443 1725 3513 qui

149 3515 218 3570 de
243 3531 310 3571 eo
335 3520 662 3591 comederit,
693 3537 801 3577 non
836 3527 1123 3583 moriatur.
1164 3548 1182 3581 ι

223 3609 279 3665 6.
305 3612 461 3682 Impii
491 3613 706 3670 interim
735 3625 788 3671 et
814 3619 1009 3674 animae
1033 3619 1401 3680 indiﬂ‘erentcs
1431 3625 1545 3697 (58)
1570 3627 1726 3696 panis

151 3701 319 3772 hujus
353 3701 552 3758 famem
589 3705 908 3775 patiuntur;
938 3709 1065 3764 dum
1100 3711 1184 3765 vir
1211 3722 1434 3770 sanctus
1459 3716 1586 3770 huic
1611 3716 1726 3770 ido-

151 3807 290 3848 neus
324 3804 598 3851 saturatur
622 3805 678 3852 et
711 3799 936 3854 dicit“:
969 3817 988 3852 ‹
1020 3800 1134 3872 Ego
1155 3811 1335 3859 autem
1367 3819 1492 3859 cum
1515 3806 1726 3876 justitia

153 3885 351 3943 faciem
387 3901 535 3944 tuam
567 3891 762 3948 videbo
792 3911 806 3960 ;
838 3902 892 3949 et
931 3911 1054 3950 cum
1103 3897 1235 3951 mihi
1267 3902 1578 3968 apparuerit
1609 3903 1725 3972 glo-

154 3981 235 4035 ria
260 3989 374 4046 tua,
412 3984 674 4040 satiabor.
713 4005 731 4038 )
770 3986 874 4053 Qui
913 3988 1157 4043 divinum
1188 4006 1380 4060 panem
1414 3994 1722 4063 participat,

154 4083 468 4144 perpetuam
488 4077 743 4134 desiderii
762 4078 958 4135 I'amem
976 4082 1286 4152 experietur
1309 4101 1321 4137 :
1343 4093 1394 4137 et
1411 4086 1503 4152 qui
1523 4084 1592 4139 ita
1608 4101 1726 4140 esu-

155 4168 247 4234 rit,
281 4169 516 4238 gratiam
540 4171 660 4227 sine
690 4173 796 4226 ﬁne
829 4173 1067 4239 habebit,
1089 4176 1432 4246 utpromittit
1451 4175 1725 4246 Sapientia

155 4258 343 4314 dicens
358 4260 434 4314 "z
458 4280 477 4313 ‹
499 4259 616 4315 Νοη
634 4263 918 4320 interliciet
934 4265 1042 4336 79
1060 4267 1318 4322 Dominus
1335 4267 1474 4323 fame
1487 4270 1723 4324 animam

158 4350 471 4406 innocuam.
509 4372 528 4404 ι
560 4353 618 4408 In
639 4353 871 4410 Psalmis
900 4372 1118 4428 quoque
1149 4361 1400 4428 promisit
1425 4361 1612 4416 dicens
1639 4363 1719 4415 ἐς

165 4461 184 4495 ι
217 4441 609 4500 Venationibus
643 4445 755 4517 (59)
803 4448 923 4517 ejus
983 4449 1308 4506 benedicens
1366 4451 1679 4508 bmedicam
1706 4495 1722 4521 ,

157 4549 422 4606 pauperes
452 4537 572 4606 ejus
600 4539 861 4594 saturabo
888 4555 1050 4609 pane.
1095 4559 1114 4592 ι
1145 4542 1446 4600 Audiamus
1480 4553 1723 4600 nostrum

159 4640 377 4696 quoque
410 4625 748 4683 Salvatorem
797 4629 1065 4685 dicentem
1093 4632 1136 4662 ³⁷
1163 4651 1176 4686 :
1206 4650 1226 4684 ‹
1263 4632 1413 4687 Beati
1459 4633 1553 4703 qui
1596 4649 1724 4690 esu-

160 4719 304 4773 riunt
347 4727 403 4774 et
447 4720 641 4774 sitiunt
692 4721 983 4791 justitiam,
1033 4724 1163 4794 quia
1222 4726 1633 4782 saturabuntur.
1695 4745 1714 4778 ι

159 4808 380 4877 Oportet
408 4810 592 4879 itaque
617 4818 679 4865 ut
705 4812 880 4866 sancti
913 4813 1142 4884 vitaeque
1177 4814 1230 4868 in
1257 4815 1476 4871 Christo
1513 4826 1722 4871 amato-

161 4915 266 4966 res,
296 4899 364 4954 ad
395 4900 560 4972 hujus
584 4902 694 4958 cibi
718 4903 1048 4958 desiderium
1077 4919 1135 4959 se
1162 4906 1445 4974 extollant,
1475 4915 1722 4962 orantes-

160 5008 264 5064 que
321 4992 505 5049 dicant
525 4994 612 5050 ²³ε
671 5013 691 5047 ι
756 4993 910 5051 Sicut
959 4997 1232 5052 desiderat
1294 5013 1487 5054 cervus
1544 4998 1720 5055 fontes

233 5159 275 5190 ¹⁷
295 5157 458 5214 Prov.
490 5175 546 5224 v,
575 5161 630 5223 5,
675 5160 729 5214 4.
807 5163 852 5195 ’⁸
874 5161 985 5220 Jer.
1015 5177 1074 5224 ιι,
1114 5159 1202 5214 18.
1278 5161 1322 5191 ¹⁹
1345 5158 1504 5213 Pr0v.
1542 5174 1596 5221 v,
1637 5157 1670 5212 8
1695 5173 1846 5230 seqq.

237 5269 251 5281 .
325 5229 371 5261 ³³
395 5230 526 5284 ibid.
560 5233 650 5285 59.
682 5230 769 5284 50.
871 5235 917 5267 “
938 5233 1082 5285 Psal.
1113 5247 1227 5285 xw.
1262 5229 1347 5284 I5.
1441 5231 1485 5261 ’⁸
1511 5227 1672 5283 Prov.
1702 5246 1757 5285 x.
1790 5231 1843 5285 5.

1604 5249 1672 5282 Ν.
1702 5249 1757 5297 x,
1790 5249 1843 5285 ο.

165 5231 251 5286 52.
325 5229 371 5261 ³³
395 5230 526 5284 ibid.
560 5233 650 5292 59,
682 5230 769 5284 50.
871 5235 917 5267 ³⁸
938 5233 1082 5288 Psal.
1113 5247 1227 5292 xvt,
1262 5229 1347 5284 15.

165 5316 272 5362 xu,
299 5301 355 5362 2,
388 5300 441 5354 5.
549 5303 594 5334 ³³
617 5299 762 5355 Psal.
796 5317 941 5367 an,
970 5304 1035 5364 2,
1065 5301 1118 5356 3.
1218 5301 1262 5332 ³⁰
1297 5299 1453 5354 Joan.
1487 5315 1561 5353 vn
1583 5339 1599 5366 ,
1632 5299 1720 5354 '57.

167 5372 211 5404 ”
234 5369 362 5425 ibid.
389 5369 480 5424 28.
554 5372 598 5404 ³³
623 5371 753 5426 ibid.
879 5375 924 5407 ³⁸
951 5374 1103 5429 Rom.
1135 5387 1248 5438 xxv,
1273 5371 1327 5426 2.

234 5549 344 5622 (58)
387 5549 445 5607 S.
501 5549 838 5622 Augustinus
886 5564 1050 5606 sam.
1084 5545 1287 5622 LXXI,
1322 5547 1418 5600 I7:
1449 5544 1607 5622 Multi
1637 5544 1725 5599 'vel

168 5616 466 5691 corde'ﬁrco
505 5616 715 5676 carinam
757 5622 910 5674 illam
956 5620 1277 5691 manducent
1323 5626 1371 5691 et
1418 5616 1724 5686 sanguinem

170 5688 375 5757 bibunt;
402 5693 478 5747 vel
501 5708 619 5748 cum
639 5690 1070 5748 manducaverint
1111 5699 1159 5744 et
1192 5688 1436 5752 biberint,
1467 5696 1724 5751 apostatw

1830 3175 1964 3215 suae.
1993 3157 2333 3228 Quapropter
2362 3159 2454 3227 qui
2480 3158 2546 3211 ad
2597 3156 2766 3210 Deum
2798 3154 3026 3218 accedit,
3060 3163 3187 3207 ante
3218 3153 3403 3206 omnia

1828 3252 2011 3307 credat
2044 3252 2099 3305 in
2127 3267 2249 3304 eum
2287 3265 2509 3305 necesse
2551 3260 2654 3315 est,
2705 3247 2798 3318 qui
2831 3263 2948 3302 rem
2999 3246 3223 3315 petitam
3272 3252 3403 3298 tunc

1826 3342 2111 3396 retribuet.
2141 3339 2355 3394 Etenim
2385 3338 2723 3408 impossibile
2752 3347 2836 3394 est
2868 3337 2987 3392 sine
3016 3336 3120 3390 lide
3160 3334 3396 3404 placere,

1827 3432 2122 3487 ut.Paulus
2152 3432 2310 3486 docet
2332 3431 2398 3486 ³³.
2445 3430 2581 3484 Cum
2620 3431 2787 3499 igitur
2833 3429 2925 3483 illa
2957 3429 3132 3483 adhuc
3180 3425 3284 3481 ﬁde
3309 3439 3402 3481 ca-

1827 3534 1991 3591 reret,
2021 3533 2184 3594 atque
2218 3526 2442 3594 insuper
2469 3535 2612 3579 esset
2643 3522 2970 3594 alienigena,
2999 3521 3078 3576 sic
3100 3520 3400 3594 magistrali

1827 3632 1922 3672 ore
1947 3616 2138 3672 eIIatus
2172 3627 2256 3671 est
2281 3636 2295 3670 :
2324 3634 2342 3668 ι
2377 3615 2496 3669 Non
2524 3626 2607 3670 cst
2629 3615 2674 3646 ³³
2709 3615 2916 3669 bonum
2953 3629 3169 3670 sumere
3203 3627 3398 3684 panem

1827 3706 2086 3768 ﬁliorum,
2113 3715 2166 3760 et
2192 3705 2458 3775 projicere
2485 3705 2734 3759 canibus.
2767 3723 2787 3756 ι
2823 3702 2929 3758 Sed
2956 3717 3081 3758 mox
3107 3703 3252 3757 illam
3282 3717 3401 3755 ver-

1828 3797 2021 3851 borum
2071 3797 2120 3848 vi
2162 3796 2499 3865 objua'gatam
2527 3836 2542 3860 ,
2591 3805 2641 3850 et
2689 3795 2896 3850 omissa
2927 3795 3038 3865 jam
3099 3795 3399 3865 gentilitate

1827 3904 1924 3943 sua
1957 3888 2114 3941 Iidem
2153 3887 2423 3956 adeptam,
2462 3902 2569 3941 non
2614 3887 2772 3956 quasi
2806 3901 2996 3941 canem
3045 3887 3141 3942 sed
3191 3896 3250 3940 ut
3299 3886 3399 3940 bo-

1831 3980 2033 4034 minem
2082 3979 2350 4033 allocutus
2375 3988 2459 4032 est
2503 3978 2692 4032 dicens
2716 3976 2802 4031 “z
2852 3996 2871 4028 α
2911 3975 3104 4047 Magna
3131 3984 3217 4031 est
3263 3975 3396 4030 ﬁdes

1829 4081 1942 4126 tua.
1980 4090 1998 4122 ι
2038 4071 2286 4138 Cumque
2317 4069 2405 4123 illa
2431 4068 2772 4134 credidisset,
2796 4069 2981 4122 statim
3013 4069 3130 4137 ipse
3156 4067 3396 4122 fructum

1827 4165 2000 4220 eidem
2035 4163 2265 4219 contulit
2307 4162 2430 4216 ﬁdei
2466 4177 2598 4229 suae,
2627 4163 2811 4233 aitque
2831 4163 2913 4216 '5:
2957 4181 2977 4214 ‹
3017 4161 3142 4216 Fiat
3172 4162 3268 4216 tibi
3299 4162 3399 4217 sic-

1830 4267 1890 4310 ut
1929 4257 2010 4309 vis
2036 4296 2051 4320 ,
2084 4263 2138 4310 et
2169 4263 2358 4309 sanata
2390 4264 2471 4310 est
2497 4254 2603 4309 ﬁlia
2635 4255 2754 4324 ejus
2782 4269 2849 4308 ex
2875 4254 2967 4308 illa
2990 4254 3143 4308 hora.
3189 4273 3208 4304 ι

1897 4348 1951 4400 8.
2002 4345 2190 4401 Justus
2229 4354 2410 4400 autem
2441 4345 2545 4400 ﬁde
2577 4360 2635 4400 se
2679 4347 2946 4411 nutriens,
2974 4355 3028 4399 et
3075 4343 3321 4407 scientia,
3345 4351 3398 4397 et

1753 4419 1798 4474 D
1829 4439 2136 4494 divinorum
2184 4440 2470 4493 verborum
2514 4438 2798 4506 obsequio,
2831 4437 3013 4490 anima
3045 4451 3257 4505 semper
3279 4444 3398 4489 ute-

1829 4546 1919 4592 tur
1950 4535 2230 4590 incolumi.
2287 4533 2412 4589 ldeo
2453 4533 2731 4604 (Paulus)
2787 4531 3101 4596 mandabat,
3138 4539 3198 4590 ut
3246 4529 3399 4584 inﬁr-

1826 4646 1974 4686 mum
2000 4629 2054 4682 in
2081 4629 2184 4683 lide
2213 4627 2280 4682 ad
2305 4643 2406 4682 nos
2427 4627 2818 4695 recipercmus,
2843 4637 3079 4694 eumque
3105 4623 3395 4687 aleremus,

1825 4723 1870 4778 si
1923 4723 2048 4792 pani
2101 4722 2341 4777 nondum
2389 4719 2723 4775 comedendo
2770 4717 2842 4772 sit
2895 4717 3146 4779 idoneus,
3206 4713 3396 4768 saltem

1828 4812 2090 4867 oleribus.
2140 4829 2159 4863 ι
2197 4809 2302 4876 Qui
2329 4817 2510 4864 autem
2550 4809 2802 4863 inﬁrmus
2840 4813 2947 4872 est,
2994 4805 3118 4858 olus
3167 4803 3396 4857 mandu-

1825 4913 1910 4960 cet
1936 4905 2001 4962 ³³.
2038 4923 2056 4957 ι
2087 4903 2164 4959 Ne
2207 4903 2473 4958 Corinthii
2505 4901 2724 4971 quidem
2757 4913 2952 4969 panem
2997 4897 3141 4952 hunc
3173 4893 3397 4965 partici-

1825 5011 1956 5068 pare
1982 4997 2254 5062 valebaut,
2287 5010 2412 5050 cum
2464 4995 2644 5048 adhuc
2689 4992 2795 5063 81
2843 4989 3053 5062 parvuli
3097 4994 3302 5050 essent,
3334 4992 3391 5040 et

2539 5154 2582 5186 ²¹
2610 5151 2741 5207 ibid.
2774 5151 2831 5205 6.
2928 5150 2975 5181 "
2993 5146 3150 5202 Joan.
3184 5163 3259 5210 vr,
3292 5146 3382 5208 5|,

2613 5224 2656 5253 ⁸⁷
2681 5221 2870 5276 Matth.
2929 5218 3078 5284 v,6.
3169 5217 3215 5248 ’³
3239 5215 3379 5269 PSal.

2636 5293 2690 5347 6.
2789 5292 2832 5322 ³³
2886 5288 3076 5344 Matth.
3135 5302 3226 5352 xv,
3291 5285 3378 5339 ‘26.

1945 5161 1992 5192 ὀ
2016 5157 2178 5213 Prov.
2210 5171 2287 5222 Ix,
2316 5156 2432 5210 1-5.

1938 5230 1985 5262 ³³
2011 5229 2153 5282 Psal.
2187 5243 2350 5282 exui
2378 5267 2393 5286 ,
2426 5225 2515 5279 15.

1827 5300 1868 5330 ³³
1895 5299 2025 5355 ibid.
2063 5298 2152 5352 '58.
2264 5298 2307 5328 ³³
2333 5295 2495 5350 Hebr.
2527 5309 2604 5360 ιι,
2636 5293 2690 5347 6.

1830 5545 1986 5614 ﬁunt.
2017 5540 2218 5614 Confer
2243 5542 2415 5614 etiam
2439 5557 2601 5597 serm.
2629 5541 2932 5606 CCXXVII,
2961 5543 3105 5614 circa
3130 5541 3309 5614 ﬁnem.

1902 5613 2013 5682 (59)
2042 5611 2302 5682 Vulgatus
2331 5612 2808 5667 viduam.Constat
2836 5614 2980 5666 enim
3007 5612 3198 5682 legisse
3213 5611 3381 5681 χήρα

1831 5681 1929 5748 pro
1959 5681 2161 5746 Θήραν.
2183 5683 2353 5744 Syrus
2382 5685 2591 5739 creteris
2622 5684 2854 5739 testibus
2882 5681 3163 5738 consonat.
