3812 6224
433 276 458 331 1
467 274 573 335 395

1029 276 1093 333 S.
1127 276 1497 334 ATHANASH
1534 275 1684 334 OPP.
1724 273 1906 331 PARS
1940 272 1998 328 ll.

2151 270 2512 328 ΕΡιδτοιιΕ
2543 270 2722 327 HEOR
2731 270 3069 327 TASTICIE.

3514 259 3683 328 -1506

430 406 531 450 cett
563 390 773 463 parvuli
804 390 891 469 lac
915 388 1162 447 biberent
1187 411 1213 446 :-
1239 410 1259 443 ι
1289 390 1479 448 Omnis
1504 391 1672 457 enim,
1708 390 1806 461 qui
1837 389 1995 444 lactis
2023 388 2070 446 A
2098 401 2218 441 sum
2263 386 2461 457 dignus
2504 387 2689 443 vocari
2719 386 2864 442 tilias
2898 394 3064 453 tuus;
3101 384 3188 440 fac
3215 401 3301 441 me
3330 387 3474 442 sicut
3500 404 3683 445 unum

430 490 518 543 est
568 475 842 555 particeps
871 522 885 547 ,
930 496 1129 554 expers
1172 491 1258 539 est
1306 483 1575 540 sermonis
1616 482 1841 555 iustitiae
1862 481 1929 546 ⁸⁷,
1969 500 1988 533 ι

426 575 584 645 juxta
622 574 725 629 viri
772 574 941 629 divini
986 574 1174 631 verba.
1216 573 1421 631 Dilecto
1448 584 1631 629 autem
1661 572 1772 627 lilio
1806 570 1994 627 Timo-

431 667 560 722 theo
608 665 956 735 praecipiebat
1000 665 1300 735 Apostolus
1334 666 1390 720 in
1427 665 1603 736 prima
1652 664 1901 735 Epistola
1925 664 1993 731 ³⁸,

429 765 490 811 ut
516 757 696 813 verbis
717 757 839 813 fidei
867 772 925 812 se
947 756 1203 821 nutriret,
1225 769 1281 813 et
1306 757 1464 812 bona;
1482 756 1762 823 doctrinm,
1786 775 1805 808 ι
1828 771 1994 824 quam

430 857 737 914 assecutus,
764 848 961 917 inquit,
987 862 1068 903 es.
1109 866 1129 901 ι
1160 846 1219 903 In
1252 848 1493 903 secunda
1520 862 1649 903 vero
1674 847 1718 878 ³⁹
1747 865 1762 901 :
1800 865 1818 898 ι
1855 845 1993 901 For-

428 951 575 990 mam
604 937 743 992 habe
774 951 1033 993 sanorum
1073 937 1383 1003 verborum,
1419 952 1541 1007 qua:
1580 953 1611 991 a
1649 952 1736 991 me
1771 936 1992 998 audisti,

426 1026 484 1080 in
515 1027 620 1082 fide
649 1038 706 1082 et
746 1028 802 1081 in
836 1028 1146 1095 dilectione,
1190 1027 1244 1082 in
1298 1027 1517 1084 Christo
1565 1024 1715 1082 Jesu.
1758 1047 1776 1079 ι
1829 1026 1994 1082 Panis

427 1117 541 1183 hic,
592 1119 791 1173 fratres
840 1119 967 1183 mei,
1024 1134 1134 1175 non
1179 1119 1269 1176 hic
1306 1119 1680 1175 tantummodo
1719 1119 1993 1189 justorum

430 1210 692 1264 alimonia
722 1217 829 1270 est.
860 1224 960 1264 nec
992 1209 1095 1265 soli
1123 1210 1299 1271 sancti
1333 1209 1388 1264 in
1428 1218 1571 1266 terra
1598 1209 1694 1264 tali
1730 1224 1868 1279 pane
1898 1225 1994 1263 ve-

428 1308 659 1355 scuntur
683 1308 738 1355 et
771 1299 1076 1369 sanguine;
1107 1300 1203 1356 sed
1230 1315 1356 1355 eum
1386 1300 1442 1354 in
1478 1300 1618 1355 cmlo
1646 1315 1865 1370 quoque
1894 1314 1995 1356 nos

427 1391 825 1447 comedemus:
873 1406 1113 1461 namque
1144 1392 1390 1446 omnium
1435 1406 1794 1461 supernorum
1828 1391 1992 1461 spiri-

427 1494 583 1539 tuum
610 1492 775 1554 atque
828 1485 1143 1555 angelorum
1173 1484 1435 1540 Dominus
1485 1499 1639 1553 aeque
1694 1486 1996 1538 nutrimen-

427 1586 545 1630 tum
592 1584 697 1642 est,
742 1591 808 1633 ac
836 1577 1138 1632 ccelestium
1167 1576 1417 1631 omnium
1459 1584 1789 1645 potestatum
1837 1575 1993 1630 volu-

427 1672 571 1736 ptas,
600 1666 813 1736 eritque
860 1667 1045 1721 omnia
1092 1666 1370 1731 omnibus,
1421 1673 1584 1735 atque
1628 1665 1873 1719 omnium
1923 1664 1994 1719 ob

426 1757 819 1828 benignitatem
878 1773 1035 1814 suam
1098 1757 1464 1813 miserebitur.
1510 1756 1775 1814 Dominus
1814 1757 1991 1827 primo

426 1847 577 1903 dedit
607 1847 768 1902 nobis
799 1863 998 1918 panem
1028 1849 1345 1917 angelorum
1375 1865 1397 1914 ;ν
1423 1864 1570 1903 nunc
1596 1864 1725 1903 vero
1774 1848 1994 1916 pollice-

426 1948 518 1995 tur
538 1939 606 1999 iis
632 1939 725 2009 qui
750 1955 859 1995 una
884 1954 1070 1996 secum
1092 1941 1421 1996 tentationes
1441 1941 1694 2006 tolerant,
1714 1939 1899 1995 dicens
1913 1939 1989 1995 “z

431 2052 453 2085 ι
488 2032 604 2104 Ego
637 2041 818 2089 autem
850 2034 1112 2105 promitto
1159 2035 1338 2100 vobis,
1375 2035 1518 2090 sicut
1563 2033 1815 2103 promisit
1860 2031 1993 2086 mihi

425 2122 592 2179 Pater
635 2139 790 2180 meus
840 2141 1095 2196 regnum,
1138 2133 1200 2180 ut
1250 2125 1425 2181 edatis
1472 2132 1528 2179 et
1578 2124 1776 2179 bibatis
1830 2138 1993 2193 super

426 2231 672 2271 mensam
710 2230 884 2271 meam
916 2217 971 2271 in
1025 2232 1195 2288 regno
1246 2231 1391 2282 meo,
1449 2227 1503 2270 et
1553 2215 1786 2271 sedeatis
1831 2230 1994 2285 super

425 2307 714 2363 duodecim
778 2308 1048 2371 thronos,
1104 2309 1412 2380 judicantes
1468 2308 1761 2363 duodecim
1820 2307 1994 2364 tribus

425 2397 613 2454 Israel.
651 2418 671 2450 ι
700 2397 807 2454 Pro
836 2399 985 2455 illius
1010 2400 1272 2455 nimirum
1300 2414 1471 2456 cmnae
1495 2398 1774 2470 dignitate,
1796 2396 1994 2453 fratres

425 2490 555 2555 mei,
588 2497 791 2559 quanta
828 2489 932 2544 erit
962 2490 1255 2545 concordia
1280 2498 1334 2545 et
1359 2489 1651 2549 exsultatio
1665 2503 1876 2556 eorum,
1899 2488 1994 2559 qui

425 2580 482 2634 in
514 2579 721 2635 caelesti
749 2579 840 2634 illa
876 2594 1064 2636 mensa
1094 2589 1383 2636 vescentur
1409 2581 1423 2635 ι
1455 2577 1654 2649 Utique
1698 2579 1871 2649 epulis
1902 2595 1995 2634 ve-

427 2682 672 2738 scentur,
726 2671 891 2726 baud‘
923 2671 1032 2728 illis
1077 2680 1262 2727 tamen
1312 2687 1435 2741 quae
1479 2671 1590 2726 sint
1640 2671 1991 2736 evacuandae,

426 2764 522 2819 sed
563 2764 632 2820 iis
656 2779 778 2834 qua:
806 2764 972 2818 vitam
1001 2773 1258 2819 aeternam
1290 2763 1548 2817 efﬁciunt.
1594 2761 1731 2827 Quis
1772 2763 1874 2817 erit
1902 2762 1994 2818 illo

425 2860 574 2909 coetu
603 2853 848 2924 dignus?
898 2851 1033 2920 Quis
1066 2853 1137 2907 ita
1190 2852 1339 2916 felix,
1371 2863 1430 2907 ut
1483 2852 1550 2907 ad
1586 2868 1798 2908 caenam
1846 2840 1994 2907 illam

426 2945 670 3000 divinam
708 2945 892 3000 vocari
941 2945 1259 3001 mereatur?
1306 2944 1508 2999 Beatus
1541 2959 1672 3000 vero
1720 2945 1849 3010 ille,
1902 2945 1994 3015 qui

425 3054 623 3110 panem
651 3039 705 3094 in
755 3054 923 3110 regno
974 3040 1085 3110 82
1124 3047 1216 3094 tuo
1243 3038 1490 3094 comedet
1512 3039 1598 3091 ιιι
1655 3038 1745 3093 ille
1789 3039 1996 3094 scilicet

427 3130 524 3201 qui
555 3131 831 3187 cmlestem
861 3133 1203 3187 vocationem
1254 3130 1481 3186 meritus
1529 3140 1632 3197 est,
1662 3140 1717 3186 et
1756 3132 1826 3187 ob
1858 3132 1999 3187 hanc

428 3224 603 3295 ipsam
631 3225 970 3280 vocationem
1003 3233 1227 3280 sanctus
1259 3224 1433 3278 evasit
1461 3225 1475 3278 ι

499 3316 662 3396 9._.At
703 3316 798 3388 qui
844 3316 959 3373 haec
1000 3316 1241 3388 negligit,
1273 3324 1325 3371 et
1351 3315 1482 3370 dum
1518 3316 1777 3382 abluitur,
1808 3327 2000 3373 conta-

428 3393 691 3477 minatur,
724 3420 982 3481 reputans
1007 3411 1161 3481 quasi
1190 3411 1490 3480 simplicem
1539 3410 1634 3481 (id
1670 3423 1753 3466 est
1783 3410 1999 3482 κοινόν)

430 3504 749 3575 sanguinem
782 3503 935 3557 illum
958 3501 1440 3570 Testamenti,quo
1467 3503 1839 3558 sanctificatus
1867 3502 1999 3570 fuit;

429 3609 801 3664 spcrnensque
829 3594 1078 3663 spiritum
1106 3593 1295 3663 gratiae
1315 3593 1382 3659 δ’,
1412 3593 1516 3648 sibi
1541 3593 1742 3648 dictum
1773 3595 1957 3650 audiet
1982 3615 1994 3649 :

434 3705 454 3738 ι
477 3685 523 3741 0
543 3686 723 3753 sodes,
753 3686 1028 3756 quomodo
1053 3687 1160 3742 huc
1188 3686 1400 3741 intrasti
1428 3701 1538 3740 non
1567 3687 1774 3743 habens
1794 3696 1998 3745 vestem

429 3777 912 3834 convivalemuii
968 3777 1182 3834 Etenim
1232 3794 1367 3849 pura
1414 3788 1502 3834 est
1546 3789 1600 3835 et
1653 3780 2000 3836 immaculata

430 3880 747 3924 sanctorum
780 3884 936 3924 caena
976 3887 989 3923 :
1033 3887 1052 3921 ί
1084 3868 1238 3925 Multi
1283 3878 1411 3925 sunt
1455 3870 1653 3938 vocati,
1684 3871 1843 3941 pauci
1873 3887 2002 3927 vero

428 3959 670 4016 electi“.
693 3979 711 4012 ι
737 3959 908 4016 Judas
937 3960 1006 4016 ad
1032 3975 1245 4017 cumam
1267 3962 1434 4029 venit,
1453 3963 1545 4019 sed
1575 3979 1639 4018 ea
1670 3972 1999 4033 contempta,

430 4050 498 4108 de
527 4064 824 4124 conspectu
854 4050 1071 4108 Domini
1106 4054 1239 4108 exiit
1272 4052 1419 4124 (60);
1454 4062 1509 4109 et
1541 4056 1800 4124 quoniam
1834 4057 2001 4111 vitam

429 4159 585 4199 suam
617 4144 1211 4225 dereliquerat,laqueo
1236 4146 1341 4200 sibi
1370 4146 1551 4217 gulam
1582 4146 1758 4219 fregit.
1785 4148 1856 4203 At
1874 4164 2001 4203 vero

428 4236 524 4307 qui
558 4251 684 4292 cum
711 4235 990 4292 Salvatore
1010 4244 1330 4292 manserunt
1358 4237 1634 4307 discipuli,
1666 4254 1835 4293 coenae
1861 4238 2001 4292 deli-

430 4327 546 4384 cias
574 4327 988 4397 participarunt.
1006 4326 1337 4383 Adolescens
1368 4326 1477 4392 ille,
1513 4328 1607 4398 qui
1632 4343 1850 4399 peregre
1878 4344 2002 4398 pro-

2042 514 2048 528 .
2094 477 2162 531 de
2182 479 2533 536 mercennariis
2555 479 2763 545 tuis";
2798 498 2817 529 ι
2851 480 2896 532 si
2913 478 3270 548 ita,inquam.
3296 479 3677 544 conﬁteretur.

2097 578 2226 625 tunc
2247 569 2387 626 foret
2412 571 2572 641 plane
2600 571 2798 644 dignus
2821 571 2915 639 qui
2948 585 2980 624 a
3012 579 3164 639 patre
3189 571 3546 640 reciperetur,
3572 589 3685 630 nec

2096 661 2257 729 quasi
2279 662 2673 730 mercenarius,
2699 670 2794 716 aut
2830 671 3092 731 tanquam
3117 670 3412 718 extraneus
3444 663 3679 719 habere-

2095 759 2203 814 tur,
2237 750 2333 806 sed
2357 752 2547 808 osculo
2575 761 2636 808 ut
2662 752 2809 807 filius
2836 752 3199 823 exciperetur,
3234 762 3290 807 et
3334 755 3499 823 quasi
3526 770 3682 809 mor-

2094 853 2221 897 tuus
2262 843 2332 898 ab
2374 858 2441 899 eo
2475 844 2602 900 vitae
2629 844 3027 909 restitueretur,
3058 845 3124 899 ad
3147 845 3256 915 83
3280 846 3526 900 divinam
3555 862 3679 902 cce-

2095 947 2219 985 nam
2250 932 2536 1004 dignanter
2574 933 2875 1001 admissus,
2910 934 3051 989 stola
3084 935 3260 1004 prima
3296 939 3538 1004 pretiosa
3569 938 3678 991 do-

2096 1028 2279 1087 natus,
2308 1022 2508 1092 gaudio
2534 1022 2607 1078 ob
2627 1022 2680 1078 id
2712 1030 2773 1079 et
2797 1025 3022 1080 canticis
3048 1025 3103 1079 in
3128 1035 3355 1095 paterna
3382 1026 3553 1081 domo
3580 1043 3679 1083 so-

2095 1111 2373 1167 nantibus.

2172 1202 2259 1258 10.
2301 1203 2400 1260 Hic
2449 1214 2531 1262 est
2577 1207 2926 1279 benignitatis
2995 1209 3364 1281 bonitatisque
3426 1220 3679 1282 paterna":

2094 1300 2271 1358 actus,
2312 1309 2419 1349 nou
2469 1295 2638 1349 vitam
2686 1298 3064 1353 tantummodo
3105 1300 3338 1356 mortuis
3382 1302 3677 1365 reddendi.

2095 1386 2189 1441 sed
2226 1387 2415 1456 gratiae
2448 1374 2668 1460 quoque
2695 1389 2958 1446 medelam
2992 1407 3089 1462 per
3114 1391 3378 1462 Spiritum
3409 1394 3681 1464 suppedi-

2095 1477 2264 1533 tandi.
2302 1478 2509 1534 Idcirco
2550 1495 2650 1550 pro
2692 1482 3019 1552 corruptela,
3052 1482 3227 1539 induit
3269 1484 3556 1541 hominem
3590 1487 3685 1540 in-

2092 1568 2471 1638 corruptione;
2504 1568 2666 1624 famis
2714 1569 2853 1636 loco,
2893 1571 3124 1625 vitulum
3174 1571 3424 1627 immolat
3458 1590 3473 1626 :
3503 1582 3562 1627 et
3607 1590 3684 1629 ne

2094 1656 2184 1710 ille
2214 1672 2439 1728 peregre
2471 1659 2745 1726 abscedat,
2794 1674 2982 1715 curam
3035 1662 3173 1731 gerit
3216 1663 3425 1719 reditus
3473 1665 3681 1734 ipsius,

2094 1747 2257 1818 pedes
2283 1749 2524 1817 ejusdem
2558 1750 2807 1807 calceans
2843 1770 2856 1805 :
2891 1752 3147 1823 quodque
3172 1754 3371 1809 mirum
3397 1767 3506 1819 est,
3535 1757 3684 1811 divi-

2092 1854 2224 1893 num
2271 1840 2532 1895 annulum
2578 1841 2766 1897 manui
2800 1842 2993 1897 inserit
3014 1843 3095 1911 ‘8;
3126 1859 3222 1912 per
3250 1845 3365 1900 haec
3398 1847 3558 1901 illum
3590 1863 3686 1903 re-

2092 1946 2380 2001 generans,
2418 1942 2477 1988 ut
2499 1934 2572 1989 sit
2601 1933 2781 1998 forma
2805 1936 2991 2007 gloria:
3016 1937 3237 1993 Christi.
3265 1937 3404 1993 Sunt
3434 1941 3555 1997 haec
3579 1958 3687 2012 pa-

2094 2027 2191 2080 tris
2222 2024 2385 2093 doua,
2416 2027 2619 2097 quibus
2664 2027 2927 2085 Dominus
2955 2045 3051 2086 eos
3085 2042 3313 2086 exornat
3341 2043 3397 2087 et
3428 2035 3547 2100 alit,
3581 2038 3682 2105 qui

2092 2133 2215 2174 cum
2247 2119 2367 2189 ipso
2392 2121 2846 2190 perseverabunt;
2894 2138 3103 2178 necnon
3128 2132 3184 2179 et
3207 2125 3330 2182 illos
3362 2127 3461 2197 qui
3491 2129 3682 2196 paeni-

2092 2214 2259 2268 tentia
2292 2214 2423 2268 tacti
2454 2214 2522 2268 ad
2560 2229 2686 2269 eum
2717 2224 3090 2283 revertentur;
3136 2219 3336 2286 quibus
3382 2221 3683 2290 pollicetur

2092 2306 2278 2362 dicens
2294 2306 2340 2338 δ’
2366 2326 2379 2361 :
2411 2326 2430 2360 ι
2465 2306 2578 2379 Ego
2619 2323 2743 2364 sum
2772 2309 2930 2378 panis
2970 2309 3117 2364 vitae.
3147 2310 3251 2376 Qui
3282 2312 3432 2367 venit
3458 2313 3527 2367 ad
3565 2328 3678 2377 me,

2093 2414 2200 2453 non
2230 2400 2466 2467 esuriet;
2491 2408 2547 2455 et
2570 2401 2663 2470 qui
2693 2401 2948 2471 creditin
2974 2417 3083 2468 me,
3115 2419 3225 2457 non
3260 2404 3409 2459 sitiet
3434 2405 3490 2458 in
3517 2413 3681 2460 mter-

2091 2506 2246 2546 uum.
2282 2511 2301 2543 »
2331 2490 2428 2547 His
2452 2492 2639 2563 utique
2664 2493 2823 2549 bonis
2850 2508 2950 2550 nos
2978 2510 3197 2565 quoque
3220 2497 3368 2567 digni
3398 2512 3678 2564 essemus,

2095 2582 2142 2636 si
2181 2581 2518 2640 Salvatorem
2566 2592 2815 2640 nostrum
2862 2600 3078 2654 semper
3109 2596 3486 2655 sectaremur;
3529 2599 3589 2645 et
3628 2590 3678 2645 si

2093 2689 2201 2728 non
2238 2673 2324 2729 his
2353 2682 2562 2729 tantum
2598 2690 2693 2730 sex
2717 2674 2998 2731 Pascbatis
3034 2676 3227 2732 diebus
3254 2678 3677 2742 mundaremur,

2093 2769 2189 2825 sed
2216 2776 2382 2822 totam
2418 2777 2662 2823 nostram
2689 2767 3045 2824 solemnitatis
3073 2769 3253 2825 instar
3286 2770 3461 2825 vitam
3507 2786 3684 2842 repu-

2093 2871 2366 2927 taremus;
2398 2875 2720 2931 semperque
2746 2861 3104 2929 adhaerentes,
3128 2871 3182 2917 et
3211 2878 3494 2932 nunquam
3520 2880 3682 2921 rece-

2093 2952 2302 3019 dentes,
2335 2952 2641 3008 diceremus
2686 2952 2737 3007 ei
2753 2954 2839 3007 l’°:
2876 2971 2896 3004 ι
2925 2951 3104 3008 Verba
3154 2954 3278 3008 vita:
3319 2955 3526 3022 habes;
3562 2972 3688 3027 quo

2024 3061 2072 3125 ρ
2102 3044 2339 3100 ibimus?
2369 3063 2388 3096 ι
2424 3043 2582 3111 Quod
2611 3044 2657 3099 si
2683 3043 2822 3099 forte
2849 3059 2951 3100 nos
2980 3045 3376 3115 elongavimus,
3406 3063 3533 3103 cum
3576 3064 3685 3103 no-

2101 3146 2339 3192 strarum
2371 3135 2715 3192 confessione
2747 3137 3242 3207 trausgressionum
3271 3137 3383 3207 (61)
3428 3151 3684 3197 reverta-

2099 3243 2243 3293 mur,
2271 3227 2419 3281 nulla
2469 3226 2729 3282 adversus
2759 3226 3073 3297 quempiam
3117 3228 3396 3283 simultate
3438 3243 3685 3295 retenta,

2098 3319 2194 3375 scd
2229 3327 2386 3374 actus
2440 3318 2688 3388 corporis
2735 3318 2930 3387 spiritu
2987 3318 3401 3375 mortilicemus.
3432 3320 3601 3378 Certe
3635 3326 3682 3378 si

2098 3414 2262 3467 rebus
2315 3410 2400 3468 his
2441 3411 2652 3466 nutrire
2702 3412 2939 3466 animam
2984 3412 3074 3467 hic
3123 3424 3528 3482 praevertemus,
3564 3418 3688 3490 84

2100 3519 2303 3558 mensa:
2335 3494 2482 3557 illius
2509 3503 2749 3559 caelestis
2776 3518 2842 3557 ac
2871 3504 3136 3573 spiritalis
3160 3506 3452 3576 participes
3480 3508 3685 3564 tiemus

2100 3609 2223 3649 eum
2253 3592 2458 3663 angelis
2490 3611 2505 3647 :
2537 3608 2714 3662 neque
2745 3592 3121 3659 excludem‘ur,
3150 3610 3274 3649 cum
3316 3596 3681 3665 pulsabimus,

2100 3685 2340 3754 quinque
2362 3684 2578 3738 illarum
2606 3683 2886 3740 fatuarum
2912 3686 3184 3756 virginum
3215 3702 3403 3752 more;
3428 3688 3524 3742 sed
3549 3704 3681 3743 cum

2102 3776 2335 3830 Domino
2384 3777 2771 3848 ingrediemur,
2798 3786 2960 3846 prout
3003 3777 3110 3832 illa:
3143 3780 3437 3847 prudentes
3486 3781 3682 3849 sponsi

2102 3870 2323 3935 amicae;
2358 3877 2590 3925 mortem
2616 3867 2747 3923 Jesu
2794 3870 2849 3923 in
2894 3869 3219 3938 corporibus
3261 3871 3464 3927 nostris
3493 3880 3683 3927 osten-

2102 3974 2302 4031 tantes,
2329 3964 2474 4019 etab
2497 3979 2564 4019 eo
2592 3964 2758 4018 vitam
2790 3979 3127 4035 regnumque
3151 3966 3477 4021 obtinentes.

2175 4057 2359 4126 Itaque
2387 4054 2819 4126 quadragesimae
2850 4055 3066 4110 initium
3114 4055 3376 4113 faciemus
3412 4058 3502 4112 die
3539 4075 3679 4112 xxut

2102 4145 2310 4201 mensis
2340 4143 2584 4210 Mechir;
2621 4153 2869 4199 sanctum
2915 4160 3047 4201 vero
3093 4145 3263 4200 beata:
3315 4148 3680 4202 solemnitatis

2097 4235 2369 4307 jejunium
2417 4236 2505 4290 die
2541 4251 2713 4291 xxvm
2744 4236 3104 4292 Pbameuotb.
3139 4236 3278 4292 Tum
3317 4239 3681 4309 transigentes

2103 4343 2199 4382 sex
2228 4342 2448 4398 quoque
2493 4328 2886 4398 subsequentes
2923 4327 3044 4383 dies
3083 4343 3207 4383 cum
3253 4327 3479 4397 jejuniis
3516 4341 3681 4398 atque

430 4418 607 4475 fectus
665 4419 894 4488 dissipat
955 4419 1315 4475 substantiam
1368 4435 1525 4474 suam
1571 4420 1797 4474 vivendo
1842 4420 2001 4481 luxu-
2033 4411 2077 4466 Ι)
2107 4420 2325 4491 vigiliis,
2351 4435 2455 4494 mo
2497 4421 2613 4476 suis
2659 4422 2892 4491 quisque
2947 4420 3177 4485 viribus,
3230 4421 3319 4476 die
3364 4437 3427 4474 ιιι
3474 4422 3681 4477 mensis

428 4510 653 4577 riose“,
685 4511 732 4565 si
776 4526 902 4567 eum
932 4520 1148 4581 caperet
1178 4510 1375 4566 divinae
1402 4526 1571 4566 coenae
1599 4510 1885 4581 cupiditas,
1921 4522 2003 4567 at-

429 4616 541 4675 que
564 4601 619 4657 iu
644 4617 704 4658 se
725 4618 979 4659 reversus
999 4602 1203 4658 diceret
1225 4621 1239 4657 :
1266 4620 1285 4653 ι
1314 4601 1458 4668 Quot
1479 4602 1652 4672 patris
1677 4604 1782 4658 mei
1814 4604 2001 4661 famuli

430 4708 572 4764 pane
599 4694 900 4763 abundant,
916 4709 1017 4767 ego
1037 4701 1218 4750 autem
1248 4695 1337 4751 hic
1358 4694 1503 4751 fame
1524 4710 1688 4765 pereo
1703 4696 1769 4751 ⁸⁸2
1797 4716 1816 4749 ι
1843 4707 2005 4768 atque

430 4782 582 4839 illinc
611 4798 863 4854 surgens,
882 4785 950 4846 ad
974 4792 1182 4854 patrem
1207 4799 1369 4841 suum
1392 4785 1620 4851 veniret,
1633 4784 2006 4857 conﬁtensque

430 4875 635 4933 diceret
661 4894 676 4932 :
712 4893 733 4929 ι
761 4874 989 4934 Peccavi
1015 4877 1071 4933 in
1098 4877 1319 4944 etelum,
1350 4886 1406 4934 et
1432 4893 1616 4934 coram
1640 4887 1693 4934 te
1721 4897 1736 4933 :
1758 4879 1871 4950 jam
1894 4895 2003 4936 non

507 5033 550 5066 ιτ
588 5031 752 5089 Hebr.
775 5049 830 5099 v,
856 5034 944 5088 ιδ.
1019 5035 1065 5068 ια
1102 5033 1123 5087 ι
1152 5032 1293 5088 Tim.
1322 5048 1397 5098 ιν,
1423 5033 1476 5088 6.
1534 5002 1597 5067 3-
1634 5031 1678 5087 ιι
1706 5032 1848 5090 Tim.
1876 5050 1916 5100 ι,
1943 5036 2029 5090 13.

2109 4512 2428 4571 Pharmuthi
2477 4511 2639 4568 ﬁnem
2685 4512 2893 4582 jejunio
2924 4512 3266 4582 imponemus
3293 4528 3517 4581 vespere
3546 4511 3681 4567 Sab-

2109 4607 2244 4662 bati.
2281 4605 2513 4677 Moxque
2558 4605 2649 4660 illa
2694 4605 2813 4662 dies
2844 4605 2956 4678 (62)
2992 4615 3181 4662 sancta
3233 4620 3299 4660 ac
3344 4606 3678 4670 beatissima,

2110 4698 2317 4754 Christi
2351 4698 2723 4765 Onomastica,
2756 4696 2810 4752 id
2845 4705 2932 4754 est
2957 4697 3262 4763 Dominica,
3301 4697 3457 4753 nobis
3488 4698 3679 4752 illucc-

2111 4799 2244 4846 scct.
2277 4788 2410 4845 Post
2447 4805 2614 4860 quam
2664 4795 2854 4844 sancta
2897 4786 3214 4845 Pentecoste
3258 4787 3552 4853 celebrata,
3581 4786 3681 4840 Pa-

2109 4890 2248 4937 trem
2294 4896 2507 4952 semper
2555 4879 2906 4936 adorabimus
2938 4895 3031 4950 per
3058 4880 3356 4944 Christum,
3388 4894 3485 4950 per
3519 4893 3679 4949 quem

2105 5038 2152 5069 ‘°
2189 5035 2322 5094 Luc.
2355 5055 2492 5105 xxii,
2517 5038 2609 5107 29,
2635 5037 2724 5093 50.
2800 5038 2843 5071 ⁵¹
2883 5037 3014 5094 Luc.
3042 5052 3154 5104 xlv,
3184 5036 3270 5090 15.
3318 5032 3676 5107 7"Allelir.x,

432 5106 543 5178 29.._
600 5105 645 5137 ⁸³
684 5104 876 5178 Matth,
915 5104 1173 5178 3091,12,
1220 5103 1294 5178 Β
1331 5104 1464 5163 ibid.
1493 5103 1581 5160 14.
1655 5105 1701 5136 “
1738 5105 1870 5163 Luc.
1902 5123 1998 5172 xv,

2119 5110 2143 5165 ἱ.
2220 5109 2267 5141 ⁸⁸
2303 5110 2437 5165 ibid.
2480 5103 2604 5165 17f
2651 5110 2695 5141 ⁸⁷
2750 5109 2881 5165 ibid.
2935 5109 3035 5178 18,
3070 5103 3157 5163 19.
3231 5107 3276 5138 ⁸⁸
3314 5105 3445 5161 ibid.
3472 5105 3674 5169 22,23.

435 5177 480 5207 ”
513 5175 673 5230 Joan.
705 5192 778 5240 vr,
801 5174 890 5230 35.
964 5175 1010 5208 ”
1049 5174 1187 5234 ibid.
1209 5174 1298 5229 69.

505 5271 619 5341 (60)
657 5269 895 5341 Videtur
908 5270 1221 5325 existimare
1240 5268 1591 5341 Athanasius,
1612 5276 1746 5325 utet.
1774 5268 1861 5341 alii
1886 5269 2010 5339 qui-

432 5339 559 5396 dam
600 5339 842 5406 veteres,
869 5339 1063 5395 Judam
1101 5345 1395 5395 recessisse
1442 5340 1509 5393 de
1555 5340 1838 5393 catnaculo
1886 5349 2013 5394 ante
2066 5389 2075 5396 .

434 5412 798 5467 sanctissimae
849 5410 1207 5466 Eucharistire
1256 5409 1697 5471 institutionem,
1749 5410 1830 5462 vel
1890 5410 2011 5478 ejus

437 5484 823 5551 sumptionem.
873 5481 979 5537 Sed
1030 5480 1358 5534 contradicit
1403 5489 1627 5551 sanctus
1674 5480 2012 5551 Augustinus

438 5548 634 5615 Enarr.
666 5553 720 5607 in
771 5551 902 5619 psal.
935 5567 989 5616 x,
1037 5552 1091 5613 6,
1140 5559 1195 5604 et
1239 5565 1406 5614 cun,
1460 5548 1549 5611 16,
1598 5550 1839 5619 itemque
1869 5549 2011 5617 apud

438 5638 541 5678 nos
589 5622 644 5675 in
692 5618 795 5676 hoc
835 5621 1110 5674 volumine
1143 5619 1462 5674 Theodorus
1494 5618 1841 5674 Andidcnsis.
1885 5635 2010 5673 nec-

436 5705 549 5753 non
604 5691 681 5748 ibi
732 5690 939 5748 laudati
968 5708 998 5745 a
1027 5692 1185 5747 nobis
1220 5692 1272 5745 in
1324 5690 1766 5745 adnotationibus
1819 5689 2010 5747 Petrus

2115 5269 2387 5331 Damiani,
2426 5278 2479 5323 et
2508 5268 2703 5322 Petrus
2737 5264 3098 5319 Laodicenus.

2188 5342 2301 5413 (6|)
2342 5329 2554 5395 Rursus
2588 5335 2874 5395 Athanasii
2919 5332 3288 5388 testimonium
3331 5346 3432 5400 pro
3473 5329 3678 5386 confes—

2116 5428 2304 5550 milii?)
2344 5480 2476 5546 Quae
2522 5477 2873 5550 prosequitur
2927 5474 3090 5550 hujus
3130 5470 3673 5550 _epistolm_clausnla,

2117 5543 2312 5619 legitur
2338 5543 2490 5604 citra
2516 5543 2799 5619 proprium
2816 5546 3003 5619 locum
3031 5543 3176 5619 (quia
3205 5543 3676 5619 poster-ius_in\r_cli-

2121 5610 2199 5689 ta‘)’
2225 5625 2277 5676 in
2304 5622 2499 5691 pagina
2519 5610 2749 5693 'Syriaca
2776 5610 3131 5693 :15_e_ditionis.
3156 5610 3540 5668 Lnndincnsis.
3576 5610 3676 5666 N06

2116 5685 2246 5749 vero
2279 5685 2399 5749 cani
2430 5685 2590 5761 justa'
2613 5690 2664 5738 in
2697 5688 2825 5744 sede
2856 5685 2943 5741 hic
2970 5685 3282 5739 attexiuius.
