  <div class='ocr_page' id='page_1' title='image "/cluster/home/n/w/nwhite01/storage/ocr_20150623/26/nnc1.0046978577/714.png"; bbox 0 0 3812 6224; ppageno 0'>
   <div class='ocr_carea' id='block_1_1' title="bbox 106 317 221 373">
    <p class='ocr_par' dir='ltr' id='par_1_1' title="bbox 106 317 221 373">
     <span class='ocr_line' id='line_1_1' title="bbox 106 317 221 373; baseline -0.017 -2"><span class='ocrx_word' id='word_1_1' title='bbox 106 317 221 373; x_wconf 74' lang='grc'><strong>1597</strong></span> 
     </span>
    </p>
   </div>
   <div class='ocr_carea' id='block_1_2' title="bbox 1475 315 1933 372">
    <p class='ocr_par' dir='ltr' id='par_1_2' title="bbox 1475 315 1933 372">
     <span class='ocr_line' id='line_1_2' title="bbox 1475 315 1933 372; baseline 0.002 -1"><span class='ocrx_word' id='word_1_2' title='bbox 1475 315 1811 372; x_wconf 79' lang='lat' dir='ltr'><strong>EPISTULA</strong></span> <span class='ocrx_word' id='word_1_3' title='bbox 1864 316 1906 371; x_wconf 77' lang='grc' dir='ltr'>Χ</span> <span class='ocrx_word' id='word_1_4' title='bbox 1920 360 1933 372; x_wconf 92' lang='grc'>.</span> 
     </span>
    </p>
   </div>
   <div class='ocr_carea' id='block_1_3' title="bbox 3202 315 3340 372">
    <p class='ocr_par' dir='ltr' id='par_1_3' title="bbox 3202 315 3340 372">
     <span class='ocr_line' id='line_1_3' title="bbox 3202 315 3340 372; baseline 0.007 -1"><span class='ocrx_word' id='word_1_5' title='bbox 3202 316 3225 371; x_wconf 76' lang='grc'><strong>1</strong></span> <span class='ocrx_word' id='word_1_6' title='bbox 3235 315 3340 372; x_wconf 77' lang='grc'><strong>598</strong></span> 
     </span>
    </p>
   </div>
   <div class='ocr_carea' id='block_1_4' title="bbox 108 429 3342 509">
    <p class='ocr_par' dir='ltr' id='par_1_4' title="bbox 108 429 3342 509">
     <span class='ocr_line' id='line_1_4' title="bbox 108 429 3342 509; baseline -0.003 -14"><span class='ocrx_word' id='word_1_7' title='bbox 108 450 280 495; x_wconf 85' lang='lat' dir='ltr'><strong>etcum</strong></span> <span class='ocrx_word' id='word_1_8' title='bbox 306 447 414 509; x_wconf 78' lang='lat' dir='ltr'><strong>quo</strong></span> <span class='ocrx_word' id='word_1_9' title='bbox 457 433 530 490; x_wconf 91' lang='lat' dir='ltr'><strong>sit</strong></span> <span class='ocrx_word' id='word_1_10' title='bbox 569 434 618 491; x_wconf 88' lang='lat' dir='ltr'><strong>ei</strong></span> <span class='ocrx_word' id='word_1_11' title='bbox 651 434 821 505; x_wconf 87' lang='lat' dir='ltr'><strong>gloria</strong></span> <span class='ocrx_word' id='word_1_12' title='bbox 852 444 906 491; x_wconf 92' lang='lat' dir='ltr'><strong>ct</strong></span> <span class='ocrx_word' id='word_1_13' title='bbox 939 434 1225 503; x_wconf 86' lang='lat' dir='ltr'><strong>imperium</strong></span> <span class='ocrx_word' id='word_1_14' title='bbox 1264 449 1356 505; x_wconf 90' lang='lat' dir='ltr'><strong>per</strong></span> <span class='ocrx_word' id='word_1_15' title='bbox 1387 432 1649 503; x_wconf 75' lang='lat' dir='ltr'><strong>Spiritum</strong></span> <span class='ocrx_word' id='word_1_16' title='bbox 1680 435 1727 490; x_wconf 76' lang='grc' dir='ltr'><strong>Δ</strong></span> <span class='ocrx_word' id='word_1_17' title='bbox 1759 431 2038 497; x_wconf 85' lang='lat' dir='ltr'><strong>Dominus,</strong></span> <span class='ocrx_word' id='word_1_18' title='bbox 2076 433 2185 487; x_wconf 90' lang='lat' dir='ltr'><strong>imo</strong></span> <span class='ocrx_word' id='word_1_19' title='bbox 2216 433 2309 503; x_wconf 92' lang='lat' dir='ltr'><strong>qui</strong></span> <span class='ocrx_word' id='word_1_20' title='bbox 2340 431 2534 488; x_wconf 89' lang='lat' dir='ltr'><strong>festum</strong></span> <span class='ocrx_word' id='word_1_21' title='bbox 2568 438 2815 486; x_wconf 89' lang='lat' dir='ltr'><strong>nostrum</strong></span> <span class='ocrx_word' id='word_1_22' title='bbox 2848 439 2954 494; x_wconf 87' lang='lat' dir='ltr'><strong>est,</strong></span> <span class='ocrx_word' id='word_1_23' title='bbox 2981 431 3185 501; x_wconf 87' lang='lat' dir='ltr'><strong>quique</strong></span> <span class='ocrx_word' id='word_1_24' title='bbox 3215 429 3342 501; x_wconf 75' lang='lat' dir='ltr'><strong>Spi-</strong></span> 
     </span>
    </p>
   </div>
   <div class='ocr_carea' id='block_1_5' title="bbox 111 527 1248 585">
    <p class='ocr_par' dir='ltr' id='par_1_5' title="bbox 111 527 1248 585">
     <span class='ocr_line' id='line_1_5' title="bbox 111 527 1248 585; baseline -0.004 0"><span class='ocrx_word' id='word_1_25' title='bbox 111 538 328 585; x_wconf 87' lang='lat' dir='ltr'><strong>sauctum</strong></span> <span class='ocrx_word' id='word_1_26' title='bbox 357 529 408 581; x_wconf 86' lang='lat' dir='ltr'><strong>in</strong></span> <span class='ocrx_word' id='word_1_27' title='bbox 439 528 638 582; x_wconf 76' lang='lat' dir='ltr'><strong>szccula</strong></span> <span class='ocrx_word' id='word_1_28' title='bbox 672 527 1022 583; x_wconf 65' lang='lat' dir='ltr'><strong>saeculorum.</strong></span> <span class='ocrx_word' id='word_1_29' title='bbox 1054 527 1248 581; x_wconf 86' lang='lat' dir='ltr'><strong>Amen.</strong></span> 
     </span>
    </p>
   </div>
   <div class='ocr_carea' id='block_1_6' title="bbox 169 621 1655 694">
    <p class='ocr_par' dir='ltr' id='par_1_6' title="bbox 169 621 1655 694">
     <span class='ocr_line' id='line_1_6' title="bbox 169 621 1655 694; baseline 0.001 -18"><span class='ocrx_word' id='word_1_30' title='bbox 169 621 400 679; x_wconf 74' lang='lat' dir='ltr'><strong>Salutant</strong></span> <span class='ocrx_word' id='word_1_31' title='bbox 452 637 553 678; x_wconf 89' lang='lat' dir='ltr'><strong>vos</strong></span> <span class='ocrx_word' id='word_1_32' title='bbox 597 624 781 680; x_wconf 82' lang='lat' dir='ltr'><strong>cuncti</strong></span> <span class='ocrx_word' id='word_1_33' title='bbox 834 625 929 694; x_wconf 89' lang='lat' dir='ltr'><strong>qui</strong></span> <span class='ocrx_word' id='word_1_34' title='bbox 992 641 1208 682; x_wconf 90' lang='lat' dir='ltr'><strong>mecum</strong></span> <span class='ocrx_word' id='word_1_35' title='bbox 1272 634 1399 681; x_wconf 89' lang='lat' dir='ltr'><strong>sunt</strong></span> <span class='ocrx_word' id='word_1_36' title='bbox 1440 624 1655 680; x_wconf 81' lang='lat' dir='ltr'><strong>fratres.</strong></span> 
     </span>
    </p>
   </div>
   <div class='ocr_carea' id='block_1_7' title="bbox 115 714 1495 774">
    <p class='ocr_par' dir='ltr' id='par_1_7' title="bbox 115 714 1495 774">
     <span class='ocr_line' id='line_1_7' title="bbox 115 714 1495 774; baseline 0.003 -5"><span class='ocrx_word' id='word_1_37' title='bbox 115 714 329 769; x_wconf 81' lang='lat' dir='ltr'><strong>Salutate</strong></span> <span class='ocrx_word' id='word_1_38' title='bbox 360 715 593 771; x_wconf 90' lang='lat' dir='ltr'><strong>invicem</strong></span> <span class='ocrx_word' id='word_1_39' title='bbox 623 732 750 773; x_wconf 92' lang='lat' dir='ltr'><strong>cum</strong></span> <span class='ocrx_word' id='word_1_40' title='bbox 783 717 972 773; x_wconf 91' lang='lat' dir='ltr'><strong>osculo</strong></span> <span class='ocrx_word' id='word_1_41' title='bbox 1001 727 1214 774; x_wconf 90' lang='lat' dir='ltr'><strong>sancto.</strong></span> <span class='ocrx_word' id='word_1_42' title='bbox 1488 714 1495 719; x_wconf 77' lang='grc'><strong>’</strong></span> 
     </span>
    </p>
   </div>
   <div class='ocr_carea' id='block_1_8' title="bbox 171 805 1661 884">
    <p class='ocr_par' dir='ltr' id='par_1_8' title="bbox 171 805 1661 884">
     <span class='ocr_line' id='line_1_8' title="bbox 171 805 1661 884; baseline 0.002 -24"><span class='ocrx_word' id='word_1_43' title='bbox 171 805 450 877; x_wconf 76' lang='lat' dir='ltr'><strong>(Octavam</strong></span> <span class='ocrx_word' id='word_1_44' title='bbox 507 823 571 864; x_wconf 88' lang='lat' dir='ltr'><strong>ac</strong></span> <span class='ocrx_word' id='word_1_45' title='bbox 616 824 819 865; x_wconf 86' lang='lat' dir='ltr'><strong>nonam</strong></span> <span class='ocrx_word' id='word_1_46' title='bbox 852 811 1193 884; x_wconf 91' lang='lat' dir='ltr'><strong>(epistolas)</strong></span> <span class='ocrx_word' id='word_1_47' title='bbox 1226 809 1542 883; x_wconf 68' lang='lat' dir='ltr'><strong>prtedictam</strong></span> <span class='ocrx_word' id='word_1_48' title='bbox 1590 809 1661 864; x_wconf 92' lang='lat' dir='ltr'><strong>ob</strong></span> 
     </span>
    </p>
   </div>
   <div class='ocr_carea' id='block_1_9' title="bbox 113 896 815 973">
    <p class='ocr_par' dir='ltr' id='par_1_9' title="bbox 113 896 815 973">
     <span class='ocr_line' id='line_1_9' title="bbox 113 896 815 973; baseline 0.007 -24"><span class='ocrx_word' id='word_1_49' title='bbox 113 910 302 950; x_wconf 85' lang='lat' dir='ltr'><strong>causam</strong></span> <span class='ocrx_word' id='word_1_50' title='bbox 328 896 439 966; x_wconf 82' lang='lat'><strong>(6&#39;5)</strong></span> <span class='ocrx_word' id='word_1_51' title='bbox 479 913 589 953; x_wconf 89' lang='lat' dir='ltr'><strong>non</strong></span> <span class='ocrx_word' id='word_1_52' title='bbox 621 900 815 973; x_wconf 89' lang='lat' dir='ltr'><strong>misit.)</strong></span> 
     </span>
    </p>
   </div>
   <div class='ocr_carea' id='block_1_10' title="bbox 169 986 1661 1064">
    <p class='ocr_par' dir='ltr' id='par_1_10' title="bbox 169 986 1661 1064">
     <span class='ocr_line' id='line_1_10' title="bbox 169 986 1661 1064; baseline 0.005 -23"><span class='ocrx_word' id='word_1_53' title='bbox 169 986 385 1058; x_wconf 78' lang='lat' dir='ltr'><strong>Explicit</strong></span> <span class='ocrx_word' id='word_1_54' title='bbox 414 992 645 1062; x_wconf 89' lang='lat' dir='ltr'><strong>septima</strong></span> <span class='ocrx_word' id='word_1_55' title='bbox 671 993 901 1064; x_wconf 90' lang='lat' dir='ltr'><strong>epistola</strong></span> <span class='ocrx_word' id='word_1_56' title='bbox 928 992 1138 1051; x_wconf 89' lang='lat' dir='ltr'><strong>festalis</strong></span> <span class='ocrx_word' id='word_1_57' title='bbox 1164 995 1341 1051; x_wconf 86' lang='lat' dir='ltr'><strong>sancti</strong></span> <span class='ocrx_word' id='word_1_58' title='bbox 1374 994 1661 1052; x_wconf 86' lang='lat' dir='ltr'><strong>Athanasii</strong></span> 
     </span>
    </p>
   </div>
   <div class='ocr_carea' id='block_1_11' title="bbox 112 1078 425 1147">
    <p class='ocr_par' dir='ltr' id='par_1_11' title="bbox 112 1078 425 1147">
     <span class='ocr_line' id='line_1_11' title="bbox 112 1078 425 1147; baseline 0.003 -15"><span class='ocrx_word' id='word_1_59' title='bbox 112 1078 425 1147; x_wconf 80' lang='lat' dir='ltr'><strong>patriarchae.</strong></span> 
     </span>
    </p>
   </div>
   <div class='ocr_carea' id='block_1_12' title="bbox 589 1173 1181 1245">
    <p class='ocr_par' dir='ltr' id='par_1_12' title="bbox 589 1173 1181 1245">
     <span class='ocr_line' id='line_1_12' title="bbox 589 1173 1181 1245; baseline 0.005 -18"><span class='ocrx_word' id='word_1_60' title='bbox 589 1173 699 1245; x_wconf 75' lang='lat'><strong>35</strong></span> <span class='ocrx_word' id='word_1_61' title='bbox 735 1173 1076 1230; x_wconf 73' lang='lat' dir='ltr'><strong>EPISTULA</strong></span> <span class='ocrx_word' id='word_1_62' title='bbox 1114 1175 1181 1230; x_wconf 71' lang='grc' dir='ltr'><strong>Χ.</strong></span> 
     </span>
    </p>
   </div>
   <div class='ocr_carea' id='block_1_13' title="bbox 669 1267 1084 1332">
    <p class='ocr_par' dir='ltr' id='par_1_13' title="bbox 669 1267 1084 1332">
     <span class='ocr_line' id='line_1_13' title="bbox 669 1267 1084 1332; baseline -0.002 -14"><span class='ocrx_word' id='word_1_63' title='bbox 669 1267 778 1330; x_wconf 85' lang='lat' dir='ltr'><strong>(Ch.</strong></span> <span class='ocrx_word' id='word_1_64' title='bbox 801 1281 929 1318; x_wconf 89' lang='lat' dir='ltr'><strong>anno</strong></span> <span class='ocrx_word' id='word_1_65' title='bbox 950 1267 1084 1332; x_wconf 79' lang='lat'><strong>358.)</strong></span> 
     </span>
    </p>
   </div>
   <div class='ocr_carea' id='block_1_14' title="bbox 114 1350 1664 1424">
    <p class='ocr_par' dir='ltr' id='par_1_14' title="bbox 114 1350 1664 1424">
     <span class='ocr_line' id='line_1_14' title="bbox 114 1350 1664 1424; baseline 0.006 -23"><span class='ocrx_word' id='word_1_66' title='bbox 114 1361 209 1401; x_wconf 51' lang='lat' dir='ltr'><strong>urso</strong></span> <span class='ocrx_word' id='word_1_67' title='bbox 246 1361 339 1403; x_wconf 69' lang='grc' dir='ltr'><strong>εει</strong></span> <span class='ocrx_word' id='word_1_68' title='bbox 379 1363 578 1404; x_wconf 72' lang='grc' dir='ltr'>υεσιιιιι</span> <span class='ocrx_word' id='word_1_69' title='bbox 618 1350 943 1422; x_wconf 61' lang='grc' dir='ltr'>(λτιιιικέιειι</span> <span class='ocrx_word' id='word_1_70' title='bbox 984 1352 1308 1424; x_wconf 66' lang='grc' dir='ltr'><strong>ειιιςτοιλ),</strong></span> <span class='ocrx_word' id='word_1_71' title='bbox 1348 1369 1664 1410; x_wconf 73' lang='lat' dir='ltr'><strong>coxsumnus</strong></span> 
     </span>
    </p>
   </div>
   <div class='ocr_carea' id='block_1_15' title="bbox 172 1436 1666 1509">
    <p class='ocr_par' dir='ltr' id='par_1_15' title="bbox 172 1436 1666 1509">
     <span class='ocr_line' id='line_1_15' title="bbox 172 1436 1666 1509; baseline 0.004 -16"><span class='ocrx_word' id='word_1_72' title='bbox 172 1454 289 1494; x_wconf 75' lang='lat' dir='ltr'><strong>URSO</strong></span> <span class='ocrx_word' id='word_1_73' title='bbox 326 1455 394 1494; x_wconf 83' lang='grc' dir='ltr'>ΕΤ</span> <span class='ocrx_word' id='word_1_74' title='bbox 435 1455 668 1499; x_wconf 64' lang='grc' dir='ltr'><strong>Ροιεδιιο</strong></span> <span class='ocrx_word' id='word_1_75' title='bbox 695 1483 710 1509; x_wconf 87' lang='grc'>,</span> <span class='ocrx_word' id='word_1_76' title='bbox 753 1458 1105 1500; x_wconf 71' lang='lat' dir='ltr'><strong>GUBERNANTF.</strong></span> <span class='ocrx_word' id='word_1_77' title='bbox 1149 1436 1666 1502; x_wconf 76' lang='grc' dir='ltr'><strong>τιιεουοιιοἨειιο-</strong></span> 
     </span>
    </p>
   </div>
   <div class='ocr_carea' id='block_1_16' title="bbox 170 1546 1664 1602">
    <p class='ocr_par' dir='ltr' id='par_1_16' title="bbox 170 1546 1664 1602">
     <span class='ocr_line' id='line_1_16' title="bbox 170 1546 1664 1602; baseline 0.006 -19"><span class='ocrx_word' id='word_1_78' title='bbox 170 1546 417 1587; x_wconf 67' lang='grc' dir='ltr'>ιιοιιτιιιιο</span> <span class='ocrx_word' id='word_1_79' title='bbox 471 1548 774 1591; x_wconf 72' lang='lat' dir='ltr'><strong>CATIIOLICO</strong></span> <span class='ocrx_word' id='word_1_80' title='bbox 827 1551 1156 1602; x_wconf 71' lang='lat' dir='ltr'><strong>PRJEFECTO;</strong></span> <span class='ocrx_word' id='word_1_81' title='bbox 1207 1553 1294 1593; x_wconf 88' lang='lat' dir='ltr'><strong>CUI</strong></span> <span class='ocrx_word' id='word_1_82' title='bbox 1334 1553 1465 1593; x_wconf 82' lang='lat' dir='ltr'><strong>POST</strong></span> <span class='ocrx_word' id='word_1_83' title='bbox 1519 1554 1664 1592; x_wconf 76' lang='lat' dir='ltr'><strong>BIEN-</strong></span> 
     </span>
    </p>
   </div>
   <div class='ocr_carea' id='block_1_17' title="bbox 169 1638 1667 1697">
    <p class='ocr_par' dir='ltr' id='par_1_17' title="bbox 169 1638 1667 1697">
     <span class='ocr_line' id='line_1_17' title="bbox 169 1638 1667 1697; baseline 0.007 -22"><span class='ocrx_word' id='word_1_84' title='bbox 169 1638 281 1677; x_wconf 71' lang='lat' dir='ltr'><strong>sum</strong></span> <span class='ocrx_word' id='word_1_85' title='bbox 338 1639 616 1681; x_wconf 74' lang='lat' dir='ltr'><strong>SUCCESSIT</strong></span> <span class='ocrx_word' id='word_1_86' title='bbox 672 1642 1028 1695; x_wconf 73' lang='lat' dir='ltr'><strong>PIIILACIUL&#39;S;</strong></span> <span class='ocrx_word' id='word_1_87' title='bbox 1084 1644 1388 1684; x_wconf 70' lang='lat' dir='ltr'><strong>INDICTIONE</strong></span> <span class='ocrx_word' id='word_1_88' title='bbox 1444 1645 1520 1697; x_wconf 75' lang='lat' dir='ltr'><strong>X‘I,</strong></span> <span class='ocrx_word' id='word_1_89' title='bbox 1561 1646 1667 1686; x_wconf 69' lang='lat' dir='ltr'><strong>CUM</strong></span> 
     </span>
    </p>
   </div>
   <div class='ocr_carea' id='block_1_18' title="bbox 172 1730 1667 1789">
    <p class='ocr_par' dir='ltr' id='par_1_18' title="bbox 172 1730 1667 1789">
     <span class='ocr_line' id='line_1_18' title="bbox 172 1730 1667 1789; baseline 0.005 -22"><span class='ocrx_word' id='word_1_90' title='bbox 172 1730 322 1771; x_wconf 75' lang='lat' dir='ltr'><strong>ESSET</strong></span> <span class='ocrx_word' id='word_1_91' title='bbox 372 1733 626 1773; x_wconf 71' lang='lat' dir='ltr'><strong>DOMINICA</strong></span> <span class='ocrx_word' id='word_1_92' title='bbox 681 1734 970 1774; x_wconf 71' lang='lat' dir='ltr'><strong>PASCIIATIS</strong></span> <span class='ocrx_word' id='word_1_93' title='bbox 1024 1736 1098 1774; x_wconf 80' lang='grc' dir='ltr'>νιι</span> <span class='ocrx_word' id='word_1_94' title='bbox 1140 1737 1260 1775; x_wconf 60' lang='lat' dir='ltr'><strong>IUL.</strong></span> <span class='ocrx_word' id='word_1_95' title='bbox 1303 1736 1537 1789; x_wconf 73' lang='lat' dir='ltr'><strong>APRILIS,</strong></span> <span class='ocrx_word' id='word_1_96' title='bbox 1578 1736 1667 1775; x_wconf 83' lang='lat' dir='ltr'><strong>DIE</strong></span> 
     </span>
    </p>
   </div>
   <div class='ocr_carea' id='block_1_19' title="bbox 174 1825 1667 1882">
    <p class='ocr_par' dir='ltr' id='par_1_19' title="bbox 174 1825 1667 1882">
     <span class='ocr_line' id='line_1_19' title="bbox 174 1825 1667 1882; baseline 0.005 -21"><span class='ocrx_word' id='word_1_97' title='bbox 174 1825 268 1863; x_wconf 67' lang='lat' dir='ltr'><strong>XXX</strong></span> <span class='ocrx_word' id='word_1_98' title='bbox 306 1826 636 1877; x_wconf 69' lang='grc' dir='ltr'>ΡιιΑιιιιιςτιιι,</span> <span class='ocrx_word' id='word_1_99' title='bbox 676 1829 827 1868; x_wconf 61' lang='grc' dir='ltr'>ιυκιε</span> <span class='ocrx_word' id='word_1_100' title='bbox 883 1830 1014 1869; x_wconf 70' lang='lat' dir='ltr'><strong>XVIII</strong></span> <span class='ocrx_word' id='word_1_101' title='bbox 1069 1830 1132 1869; x_wconf 77' lang='lat' dir='ltr'><strong>AC</strong></span> <span class='ocrx_word' id='word_1_102' title='bbox 1180 1832 1409 1882; x_wconf 77' lang='grc' dir='ltr'>υιιιιυιο,</span> <span class='ocrx_word' id='word_1_103' title='bbox 1450 1830 1667 1871; x_wconf 82' lang='lat' dir='ltr'><strong>DIOCLE-</strong></span> 
     </span>
    </p>
   </div>
   <div class='ocr_carea' id='block_1_20' title="bbox 173 1914 630 1959">
    <p class='ocr_par' dir='ltr' id='par_1_20' title="bbox 173 1914 630 1959">
     <span class='ocr_line' id='line_1_20' title="bbox 173 1914 630 1959; baseline 0.013 -7"><span class='ocrx_word' id='word_1_104' title='bbox 173 1914 302 1954; x_wconf 65' lang='lat' dir='ltr'><strong>TIASI</strong></span> <span class='ocrx_word' id='word_1_105' title='bbox 344 1917 480 1957; x_wconf 71' lang='lat' dir='ltr'><strong>ANNO</strong></span> <span class='ocrx_word' id='word_1_106' title='bbox 522 1920 630 1959; x_wconf 81' lang='lat' dir='ltr'><strong>LIV.</strong></span> 
     </span>
    </p>
   </div>
   <div class='ocr_carea' id='block_1_21' title="bbox 172 1991 1668 2065">
    <p class='ocr_par' dir='ltr' id='par_1_21' title="bbox 172 1991 1668 2065">
     <span class='ocr_line' id='line_1_21' title="bbox 172 1991 1668 2065; baseline 0.006 -22"><span class='ocrx_word' id='word_1_107' title='bbox 172 1991 218 2044; x_wconf 83' lang='lat' dir='ltr'><strong>l.</strong></span> <span class='ocrx_word' id='word_1_108' title='bbox 255 1991 366 2048; x_wconf 80' lang='lat' dir='ltr'><strong>Non</strong></span> <span class='ocrx_word' id='word_1_109' title='bbox 392 1995 521 2065; x_wconf 83' lang='lat' dir='ltr'><strong>quia</strong></span> <span class='ocrx_word' id='word_1_110' title='bbox 549 2011 579 2050; x_wconf 90' lang='lat' dir='ltr'><strong>a</strong></span> <span class='ocrx_word' id='word_1_111' title='bbox 618 1996 776 2052; x_wconf 87' lang='lat' dir='ltr'><strong>vobis</strong></span> <span class='ocrx_word' id='word_1_112' title='bbox 804 1998 997 2053; x_wconf 90' lang='lat' dir='ltr'><strong>absum</strong></span> <span class='ocrx_word' id='word_1_113' title='bbox 1021 2038 1036 2063; x_wconf 98' lang='lat'><strong>,</strong></span> <span class='ocrx_word' id='word_1_114' title='bbox 1064 1997 1260 2054; x_wconf 80' lang='lat' dir='ltr'><strong>fratres</strong></span> <span class='ocrx_word' id='word_1_115' title='bbox 1287 1998 1392 2053; x_wconf 89' lang='lat' dir='ltr'><strong>mei</strong></span> <span class='ocrx_word' id='word_1_116' title='bbox 1416 2038 1432 2063; x_wconf 97' lang='lat'><strong>,</strong></span> <span class='ocrx_word' id='word_1_117' title='bbox 1463 1997 1668 2052; x_wconf 82' lang='lat' dir='ltr'><strong>idcirco</strong></span> 
     </span>
    </p>
   </div>
   <div class='ocr_carea' id='block_1_22' title="bbox 117 2090 1669 2160">
    <p class='ocr_par' dir='ltr' id='par_1_22' title="bbox 117 2090 1669 2160">
     <span class='ocr_line' id='line_1_22' title="bbox 117 2090 1669 2160; baseline 0.006 -25"><span class='ocrx_word' id='word_1_118' title='bbox 117 2097 229 2137; x_wconf 69' lang='lat' dir='ltr'><strong>mete</strong></span> <span class='ocrx_word' id='word_1_119' title='bbox 257 2098 379 2155; x_wconf 85' lang='lat' dir='ltr'><strong>erga</strong></span> <span class='ocrx_word' id='word_1_120' title='bbox 426 2101 526 2141; x_wconf 90' lang='lat' dir='ltr'><strong>vos</strong></span> <span class='ocrx_word' id='word_1_121' title='bbox 577 2090 993 2145; x_wconf 90' lang='lat' dir='ltr'><strong>consuetudinis</strong></span> <span class='ocrx_word' id='word_1_122' title='bbox 1023 2090 1227 2146; x_wconf 90' lang='lat' dir='ltr'><strong>oblitus</strong></span> <span class='ocrx_word' id='word_1_123' title='bbox 1260 2107 1405 2154; x_wconf 88' lang='lat' dir='ltr'><strong>sum,</strong></span> <span class='ocrx_word' id='word_1_124' title='bbox 1440 2106 1605 2160; x_wconf 91' lang='lat' dir='ltr'><strong>quam</strong></span> <span class='ocrx_word' id='word_1_125' title='bbox 1638 2105 1669 2145; x_wconf 90' lang='lat' dir='ltr'><strong>a</strong></span> 
     </span>
    </p>
   </div>
   <div class='ocr_carea' id='block_1_23' title="bbox 118 2175 1668 2253">
    <p class='ocr_par' dir='ltr' id='par_1_23' title="bbox 118 2175 1668 2253">
     <span class='ocr_line' id='line_1_23' title="bbox 118 2175 1668 2253; baseline 0.004 -23"><span class='ocrx_word' id='word_1_126' title='bbox 118 2175 310 2233; x_wconf 86' lang='lat' dir='ltr'><strong>Patrum</strong></span> <span class='ocrx_word' id='word_1_127' title='bbox 338 2181 632 2238; x_wconf 86' lang='lat' dir='ltr'><strong>traditione</strong></span> <span class='ocrx_word' id='word_1_128' title='bbox 656 2185 878 2253; x_wconf 90' lang='lat' dir='ltr'><strong>accepi;</strong></span> <span class='ocrx_word' id='word_1_129' title='bbox 910 2184 984 2237; x_wconf 92' lang='lat' dir='ltr'><strong>ita</strong></span> <span class='ocrx_word' id='word_1_130' title='bbox 1017 2191 1078 2238; x_wconf 90' lang='lat' dir='ltr'><strong>ut</strong></span> <span class='ocrx_word' id='word_1_131' title='bbox 1107 2185 1376 2239; x_wconf 90' lang='lat' dir='ltr'><strong>silendum</strong></span> <span class='ocrx_word' id='word_1_132' title='bbox 1409 2184 1542 2238; x_wconf 89' lang='lat' dir='ltr'><strong>mihi</strong></span> <span class='ocrx_word' id='word_1_133' title='bbox 1575 2184 1668 2249; x_wconf 91' lang='lat' dir='ltr'><strong>sit,</strong></span> 
     </span>
    </p>
   </div>
   <div class='ocr_carea' id='block_1_24' title="bbox 118 2273 1670 2347">
    <p class='ocr_par' dir='ltr' id='par_1_24' title="bbox 118 2273 1670 2347">
     <span class='ocr_line' id='line_1_24' title="bbox 118 2273 1670 2347; baseline 0.005 -25"><span class='ocrx_word' id='word_1_134' title='bbox 118 2284 202 2326; x_wconf 85' lang='lat' dir='ltr'><strong>nec</strong></span> <span class='ocrx_word' id='word_1_135' title='bbox 225 2273 384 2327; x_wconf 86' lang='lat' dir='ltr'><strong>annui</strong></span> <span class='ocrx_word' id='word_1_136' title='bbox 428 2274 606 2330; x_wconf 87' lang='lat' dir='ltr'><strong>sancti</strong></span> <span class='ocrx_word' id='word_1_137' title='bbox 637 2274 765 2331; x_wconf 86' lang='lat' dir='ltr'><strong>festi</strong></span> <span class='ocrx_word' id='word_1_138' title='bbox 801 2286 1014 2347; x_wconf 90' lang='lat' dir='ltr'><strong>tempus</strong></span> <span class='ocrx_word' id='word_1_139' title='bbox 1043 2293 1168 2333; x_wconf 93' lang='lat' dir='ltr'><strong>cum</strong></span> <span class='ocrx_word' id='word_1_140' title='bbox 1204 2276 1323 2345; x_wconf 89' lang='lat' dir='ltr'><strong>ipso</strong></span> <span class='ocrx_word' id='word_1_141' title='bbox 1356 2276 1670 2331; x_wconf 90' lang='lat' dir='ltr'><strong>solemnita-</strong></span> 
     </span>
    </p>
   </div>
   <div class='ocr_carea' id='block_1_25' title="bbox 120 2363 1673 2440">
    <p class='ocr_par' dir='ltr' id='par_1_25' title="bbox 120 2363 1673 2440">
     <span class='ocr_line' id='line_1_25' title="bbox 120 2363 1673 2440; baseline 0.003 -24"><span class='ocrx_word' id='word_1_142' title='bbox 120 2363 178 2418; x_wconf 88' lang='lat' dir='ltr'><strong>tis</strong></span> <span class='ocrx_word' id='word_1_143' title='bbox 202 2365 280 2420; x_wconf 91' lang='lat' dir='ltr'><strong>die</strong></span> <span class='ocrx_word' id='word_1_144' title='bbox 309 2367 767 2422; x_wconf 90' lang='lat' dir='ltr'><strong>annuntiandum.</strong></span> <span class='ocrx_word' id='word_1_145' title='bbox 786 2367 854 2423; x_wconf 84' lang='lat' dir='ltr'><strong>Et</strong></span> <span class='ocrx_word' id='word_1_146' title='bbox 875 2384 1186 2440; x_wconf 89' lang='lat' dir='ltr'><strong>quanquam</strong></span> <span class='ocrx_word' id='word_1_147' title='bbox 1219 2366 1673 2422; x_wconf 77' lang='lat' dir='ltr'><strong>iis&#39;tribulationi-</strong></span> 
     </span>
    </p>
   </div>
   <div class='ocr_carea' id='block_1_26' title="bbox 122 2454 1673 2528">
    <p class='ocr_par' dir='ltr' id='par_1_26' title="bbox 122 2454 1673 2528">
     <span class='ocr_line' id='line_1_26' title="bbox 122 2454 1673 2528; baseline 0.002 -20"><span class='ocrx_word' id='word_1_148' title='bbox 122 2454 206 2511; x_wconf 83' lang='lat' dir='ltr'><strong>bus</strong></span> <span class='ocrx_word' id='word_1_149' title='bbox 237 2465 435 2524; x_wconf 85' lang='lat' dir='ltr'><strong>teneor,</strong></span> <span class='ocrx_word' id='word_1_150' title='bbox 472 2474 613 2528; x_wconf 90' lang='lat' dir='ltr'><strong>quas</strong></span> <span class='ocrx_word' id='word_1_151' title='bbox 639 2474 740 2515; x_wconf 86' lang='lat' dir='ltr'><strong>vos</strong></span> <span class='ocrx_word' id='word_1_152' title='bbox 768 2460 890 2516; x_wconf 89' lang='lat' dir='ltr'><strong>sine</strong></span> <span class='ocrx_word' id='word_1_153' title='bbox 921 2460 1090 2515; x_wconf 91' lang='lat' dir='ltr'><strong>dubio</strong></span> <span class='ocrx_word' id='word_1_154' title='bbox 1119 2458 1285 2513; x_wconf 88' lang='lat' dir='ltr'><strong>fando</strong></span> <span class='ocrx_word' id='word_1_155' title='bbox 1312 2458 1577 2525; x_wconf 87' lang='lat' dir='ltr'><strong>audistis;</strong></span> <span class='ocrx_word' id='word_1_156' title='bbox 1618 2467 1673 2513; x_wconf 90' lang='lat' dir='ltr'><strong>et</strong></span> 
     </span>
    </p>
   </div>
   <div class='ocr_carea' id='block_1_27' title="bbox 121 2538 1675 2616">
    <p class='ocr_par' dir='ltr' id='par_1_27' title="bbox 121 2538 1675 2616">
     <span class='ocr_line' id='line_1_27' title="bbox 121 2538 1675 2616; baseline 0.001 -16"><span class='ocrx_word' id='word_1_157' title='bbox 121 2549 340 2616; x_wconf 76' lang='lat' dir='ltr'><strong>quamvis</strong></span> <span class='ocrx_word' id='word_1_158' title='bbox 390 2565 582 2616; x_wconf 76' lang='lat' dir='ltr'><strong>graves</strong></span> <span class='ocrx_word' id='word_1_159' title='bbox 632 2552 960 2607; x_wconf 88' lang='lat' dir='ltr'><strong>tcnlationes</strong></span> <span class='ocrx_word' id='word_1_160' title='bbox 1008 2549 1166 2606; x_wconf 92' lang='lat' dir='ltr'><strong>nobis</strong></span> <span class='ocrx_word' id='word_1_161' title='bbox 1200 2538 1544 2616; x_wconf 88' lang='lat' dir='ltr'><strong>incumbunt,</strong></span> <span class='ocrx_word' id='word_1_162' title='bbox 1576 2548 1675 2602; x_wconf 87' lang='lat' dir='ltr'><strong>bo-</strong></span> 
     </span>
    </p>
   </div>
   <div class='ocr_carea' id='block_1_28' title="bbox 124 2638 1678 2711">
    <p class='ocr_par' dir='ltr' id='par_1_28' title="bbox 124 2638 1678 2711">
     <span class='ocr_line' id='line_1_28' title="bbox 124 2638 1678 2711; baseline 0.001 -20"><span class='ocrx_word' id='word_1_163' title='bbox 124 2647 315 2708; x_wconf 86' lang='lat' dir='ltr'><strong>stesque</strong></span> <span class='ocrx_word' id='word_1_164' title='bbox 342 2639 591 2696; x_wconf 84' lang='lat' dir='ltr'><strong>veritatis</strong></span> <span class='ocrx_word' id='word_1_165' title='bbox 609 2640 821 2711; x_wconf 85' lang='lat' dir='ltr'><strong>jamdiu</strong></span> <span class='ocrx_word' id='word_1_166' title='bbox 852 2656 955 2697; x_wconf 89' lang='lat' dir='ltr'><strong>nos</strong></span> <span class='ocrx_word' id='word_1_167' title='bbox 983 2639 1272 2709; x_wconf 87' lang='lat' dir='ltr'><strong>vestigant,</strong></span> <span class='ocrx_word' id='word_1_168' title='bbox 1306 2638 1678 2708; x_wconf 88' lang='lat' dir='ltr'><strong>insidioseque</strong></span> 
     </span>
    </p>
   </div>
   <div class='ocr_carea' id='block_1_29' title="bbox 124 2726 1679 2800">
    <p class='ocr_par' dir='ltr' id='par_1_29' title="bbox 124 2726 1679 2800">
     <span class='ocr_line' id='line_1_29' title="bbox 124 2726 1679 2800; baseline 0.002 -21"><span class='ocrx_word' id='word_1_169' title='bbox 124 2726 234 2783; x_wconf 80' lang='lat' dir='ltr'><strong>dant</strong></span> <span class='ocrx_word' id='word_1_170' title='bbox 280 2744 498 2800; x_wconf 89' lang='lat' dir='ltr'><strong>operam</strong></span> <span class='ocrx_word' id='word_1_171' title='bbox 554 2731 884 2786; x_wconf 90' lang='lat' dir='ltr'><strong>inveniendo</strong></span> <span class='ocrx_word' id='word_1_172' title='bbox 914 2730 1078 2785; x_wconf 86' lang='lat' dir='ltr'><strong>alicui</strong></span> <span class='ocrx_word' id='word_1_173' title='bbox 1114 2730 1319 2800; x_wconf 90' lang='lat' dir='ltr'><strong>scripto</strong></span> <span class='ocrx_word' id='word_1_174' title='bbox 1372 2738 1586 2793; x_wconf 86' lang='lat' dir='ltr'><strong>nostro,</strong></span> <span class='ocrx_word' id='word_1_175' title='bbox 1618 2739 1679 2783; x_wconf 89' lang='lat' dir='ltr'><strong>ut</strong></span> 
     </span>
    </p>
   </div>
   <div class='ocr_carea' id='block_1_30' title="bbox 126 2818 1681 2889">
    <p class='ocr_par' dir='ltr' id='par_1_30' title="bbox 126 2818 1681 2889">
     <span class='ocr_line' id='line_1_30' title="bbox 126 2818 1681 2889; baseline 0.003 -19"><span class='ocrx_word' id='word_1_176' title='bbox 126 2818 232 2873; x_wconf 88' lang='lat' dir='ltr'><strong>inde</strong></span> <span class='ocrx_word' id='word_1_177' title='bbox 271 2821 674 2877; x_wconf 82' lang='lat' dir='ltr'><strong>accusationem</strong></span> <span class='ocrx_word' id='word_1_178' title='bbox 705 2821 1003 2889; x_wconf 85' lang='lat' dir='ltr'><strong>instruant,</strong></span> <span class='ocrx_word' id='word_1_179' title='bbox 1036 2832 1091 2877; x_wconf 90' lang='lat' dir='ltr'><strong>ct</strong></span> <span class='ocrx_word' id='word_1_180' title='bbox 1133 2830 1448 2877; x_wconf 90' lang='lat' dir='ltr'><strong>nostrorum</strong></span> <span class='ocrx_word' id='word_1_181' title='bbox 1489 2820 1681 2875; x_wconf 88' lang='lat' dir='ltr'><strong>vulne-</strong></span> 
     </span>
    </p>
   </div>
   <div class='ocr_carea' id='block_1_31' title="bbox 125 2913 1682 2985">
    <p class='ocr_par' dir='ltr' id='par_1_31' title="bbox 125 2913 1682 2985">
     <span class='ocr_line' id='line_1_31' title="bbox 125 2913 1682 2985; baseline 0.002 -19"><span class='ocrx_word' id='word_1_182' title='bbox 125 2927 227 2966; x_wconf 85' lang='lat' dir='ltr'><strong>rum</strong></span> <span class='ocrx_word' id='word_1_183' title='bbox 275 2913 518 2970; x_wconf 88' lang='lat' dir='ltr'><strong>dolorem</strong></span> <span class='ocrx_word' id='word_1_184' title='bbox 567 2924 837 2985; x_wconf 84' lang='lat' dir='ltr'><strong>augeant;</strong></span> <span class='ocrx_word' id='word_1_185' title='bbox 866 2914 1227 2970; x_wconf 90' lang='lat' dir='ltr'><strong>nihilominus</strong></span> <span class='ocrx_word' id='word_1_186' title='bbox 1259 2915 1388 2984; x_wconf 88' lang='lat' dir='ltr'><strong>quia</strong></span> <span class='ocrx_word' id='word_1_187' title='bbox 1419 2914 1682 2969; x_wconf 85' lang='lat' dir='ltr'><strong>Dominus</strong></span> 
     </span>
    </p>
   </div>
   <div class='ocr_carea' id='block_1_32' title="bbox 125 3001 1682 3077">
    <p class='ocr_par' dir='ltr' id='par_1_32' title="bbox 125 3001 1682 3077">
     <span class='ocr_line' id='line_1_32' title="bbox 125 3001 1682 3077; baseline 0.004 -23"><span class='ocrx_word' id='word_1_188' title='bbox 125 3001 249 3060; x_wconf 86' lang='lat' dir='ltr'><strong>vires</strong></span> <span class='ocrx_word' id='word_1_189' title='bbox 273 3008 529 3077; x_wconf 80' lang='lat' dir='ltr'><strong>suggerit,</strong></span> <span class='ocrx_word' id='word_1_190' title='bbox 564 3015 619 3061; x_wconf 92' lang='lat' dir='ltr'><strong>et</strong></span> <span class='ocrx_word' id='word_1_191' title='bbox 656 3007 974 3062; x_wconf 89' lang='lat' dir='ltr'><strong>consolatur</strong></span> <span class='ocrx_word' id='word_1_192' title='bbox 1009 3022 1110 3065; x_wconf 91' lang='lat' dir='ltr'><strong>nos</strong></span> <span class='ocrx_word' id='word_1_193' title='bbox 1149 3006 1208 3060; x_wconf 91' lang='lat' dir='ltr'><strong>in</strong></span> <span class='ocrx_word' id='word_1_194' title='bbox 1263 3007 1535 3077; x_wconf 87' lang='lat' dir='ltr'><strong>angustiis</strong></span> <span class='ocrx_word' id='word_1_195' title='bbox 1579 3022 1682 3061; x_wconf 82' lang='lat' dir='ltr'><strong>no-</strong></span> 
     </span>
    </p>
   </div>
   <div class='ocr_carea' id='block_1_33' title="bbox 127 3094 1752 3191">
    <p class='ocr_par' dir='ltr' id='par_1_33' title="bbox 127 3094 1752 3191">
     <span class='ocr_line' id='line_1_33' title="bbox 127 3094 1752 3191; baseline 0.001 -44"><span class='ocrx_word' id='word_1_196' title='bbox 127 3094 255 3162; x_wconf 87' lang='lat' dir='ltr'><strong>stris,</strong></span> <span class='ocrx_word' id='word_1_197' title='bbox 277 3095 415 3151; x_wconf 86' lang='lat' dir='ltr'><strong>haud</strong></span> <span class='ocrx_word' id='word_1_198' title='bbox 439 3097 741 3152; x_wconf 85' lang='lat' dir='ltr'><strong>metuimus</strong></span> <span class='ocrx_word' id='word_1_199' title='bbox 763 3097 1252 3167; x_wconf 87' lang='lat' dir='ltr'><strong>proclamationem</strong></span> <span class='ocrx_word' id='word_1_200' title='bbox 1287 3097 1430 3151; x_wconf 92' lang='lat' dir='ltr'><strong>hanc</strong></span> <span class='ocrx_word' id='word_1_201' title='bbox 1454 3094 1636 3150; x_wconf 90' lang='lat' dir='ltr'><strong>facere</strong></span> <span class='ocrx_word' id='word_1_202' title='bbox 1664 3113 1677 3148; x_wconf 92' lang='lat'><strong>:</strong></span> <span class='ocrx_word' id='word_1_203' title='bbox 1709 3134 1752 3191; x_wconf 64' lang='grc' dir='ltr'>ο</span> 
     </span>
    </p>
   </div>
   <div class='ocr_carea' id='block_1_34' title="bbox 126 3185 1682 3259">
    <p class='ocr_par' dir='ltr' id='par_1_34' title="bbox 126 3185 1682 3259">
     <span class='ocr_line' id='line_1_34' title="bbox 126 3185 1682 3259; baseline 0.002 -21"><span class='ocrx_word' id='word_1_204' title='bbox 126 3194 171 3239; x_wconf 89' lang='lat' dir='ltr'><strong>ct</strong></span> <span class='ocrx_word' id='word_1_205' title='bbox 196 3186 312 3242; x_wconf 89' lang='lat' dir='ltr'><strong>licet</strong></span> <span class='ocrx_word' id='word_1_206' title='bbox 344 3189 610 3245; x_wconf 89' lang='lat' dir='ltr'><strong>molestiis</strong></span> <span class='ocrx_word' id='word_1_207' title='bbox 643 3188 1042 3259; x_wconf 88' lang='lat' dir='ltr'><strong>fraudibusque</strong></span> <span class='ocrx_word' id='word_1_208' title='bbox 1083 3188 1320 3252; x_wconf 89' lang='lat' dir='ltr'><strong>obsessi,</strong></span> <span class='ocrx_word' id='word_1_209' title='bbox 1348 3186 1506 3243; x_wconf 86' lang='lat' dir='ltr'><strong>vobis</strong></span> <span class='ocrx_word' id='word_1_210' title='bbox 1533 3185 1682 3241; x_wconf 90' lang='lat' dir='ltr'><strong>nihi-</strong></span> 
     </span>
    </p>
   </div>
   <div class='ocr_carea' id='block_1_35' title="bbox 127 3276 1685 3350">
    <p class='ocr_par' dir='ltr' id='par_1_35' title="bbox 127 3276 1685 3350">
     <span class='ocr_line' id='line_1_35' title="bbox 127 3276 1685 3350; baseline 0.001 -21"><span class='ocrx_word' id='word_1_211' title='bbox 127 3276 339 3336; x_wconf 78' lang='lat' dir='ltr'><strong>lominus</strong></span> <span class='ocrx_word' id='word_1_212' title='bbox 366 3282 435 3336; x_wconf 88' lang='lat' dir='ltr'><strong>ab</strong></span> <span class='ocrx_word' id='word_1_213' title='bbox 463 3282 728 3337; x_wconf 77' lang='lat' dir='ltr'><strong>extremis</strong></span> <span class='ocrx_word' id='word_1_214' title='bbox 758 3291 914 3336; x_wconf 74' lang='lat' dir='ltr'><strong>terra:</strong></span> <span class='ocrx_word' id='word_1_215' title='bbox 937 3281 1182 3350; x_wconf 88' lang='lat' dir='ltr'><strong>partibus</strong></span> <span class='ocrx_word' id='word_1_216' title='bbox 1211 3280 1449 3335; x_wconf 91' lang='lat' dir='ltr'><strong>salutare</strong></span> <span class='ocrx_word' id='word_1_217' title='bbox 1474 3277 1685 3333; x_wconf 88' lang='lat' dir='ltr'><strong>Pascha</strong></span> 
     </span>
    </p>
   </div>
   <div class='ocr_carea' id='block_1_36' title="bbox 127 3369 1690 3442">
    <p class='ocr_par' dir='ltr' id='par_1_36' title="bbox 127 3369 1690 3442">
     <span class='ocr_line' id='line_1_36' title="bbox 127 3369 1690 3442; baseline 0.001 -21"><span class='ocrx_word' id='word_1_218' title='bbox 127 3379 349 3425; x_wconf 87' lang='lat' dir='ltr'><strong>nostrum</strong></span> <span class='ocrx_word' id='word_1_219' title='bbox 379 3371 779 3442; x_wconf 80' lang='lat' dir='ltr'><strong>significamus.</strong></span> <span class='ocrx_word' id='word_1_220' title='bbox 811 3369 932 3426; x_wconf 83' lang='lat' dir='ltr'><strong>Jam</strong></span> <span class='ocrx_word' id='word_1_221' title='bbox 961 3386 1071 3441; x_wconf 90' lang='lat' dir='ltr'><strong>quo</strong></span> <span class='ocrx_word' id='word_1_222' title='bbox 1097 3380 1339 3439; x_wconf 89' lang='lat' dir='ltr'><strong>tempore</strong></span> <span class='ocrx_word' id='word_1_223' title='bbox 1364 3371 1430 3424; x_wconf 89' lang='lat' dir='ltr'><strong>ad</strong></span> <span class='ocrx_word' id='word_1_224' title='bbox 1460 3369 1690 3423; x_wconf 81' lang='lat' dir='ltr'><strong>Alexan-</strong></span> 
     </span>
    </p>
   </div>
   <div class='ocr_carea' id='block_1_37' title="bbox 128 3461 1690 3535">
    <p class='ocr_par' dir='ltr' id='par_1_37' title="bbox 128 3461 1690 3535">
     <span class='ocr_line' id='line_1_37' title="bbox 128 3461 1690 3535; baseline -0.001 -21"><span class='ocrx_word' id='word_1_225' title='bbox 128 3461 240 3517; x_wconf 63' lang='lat' dir='ltr'><strong>driae</strong></span> <span class='ocrx_word' id='word_1_226' title='bbox 290 3464 594 3521; x_wconf 89' lang='lat' dir='ltr'><strong>scribebam</strong></span> <span class='ocrx_word' id='word_1_227' title='bbox 645 3464 1011 3535; x_wconf 77' lang='lat' dir='ltr'><strong>presbyteros,</strong></span> <span class='ocrx_word' id='word_1_228' title='bbox 1043 3464 1097 3516; x_wconf 90' lang='lat' dir='ltr'><strong>in</strong></span> <span class='ocrx_word' id='word_1_229' title='bbox 1147 3462 1420 3518; x_wconf 88' lang='lat' dir='ltr'><strong>mandatis</strong></span> <span class='ocrx_word' id='word_1_230' title='bbox 1460 3461 1581 3516; x_wconf 86' lang='lat' dir='ltr'><strong>dedi</strong></span> <span class='ocrx_word' id='word_1_231' title='bbox 1629 3468 1690 3514; x_wconf 90' lang='lat' dir='ltr'><strong>ut</strong></span> 
     </span>
    </p>
   </div>
   <div class='ocr_carea' id='block_1_38' title="bbox 129 3553 1691 3626">
    <p class='ocr_par' dir='ltr' id='par_1_38' title="bbox 129 3553 1691 3626">
     <span class='ocr_line' id='line_1_38' title="bbox 129 3553 1691 3626; baseline 0.003 -21"><span class='ocrx_word' id='word_1_232' title='bbox 129 3553 298 3610; x_wconf 56' lang='lat' dir='ltr'><strong>littera)</strong></span> <span class='ocrx_word' id='word_1_233' title='bbox 342 3559 500 3613; x_wconf 85' lang='lat' dir='ltr'><strong>vobis</strong></span> <span class='ocrx_word' id='word_1_234' title='bbox 543 3573 711 3612; x_wconf 89' lang='lat' dir='ltr'><strong>manu</strong></span> <span class='ocrx_word' id='word_1_235' title='bbox 767 3557 1014 3626; x_wconf 91' lang='lat' dir='ltr'><strong>ipsorum</strong></span> <span class='ocrx_word' id='word_1_236' title='bbox 1069 3556 1414 3611; x_wconf 87' lang='lat' dir='ltr'><strong>traderentur</strong></span> <span class='ocrx_word' id='word_1_237' title='bbox 1463 3573 1476 3609; x_wconf 76' lang='grc' dir='ltr'>ε</span> <span class='ocrx_word' id='word_1_238' title='bbox 1526 3555 1691 3625; x_wconf 85' lang='lat' dir='ltr'><strong>idque</strong></span> 
     </span>
    </p>
   </div>
   <div class='ocr_carea' id='block_1_39' title="bbox 130 3647 1723 3721">
    <p class='ocr_par' dir='ltr' id='par_1_39' title="bbox 130 3647 1723 3721">
     <span class='ocr_line' id='line_1_39' title="bbox 130 3647 1723 3721; baseline 0.001 -22"><span class='ocrx_word' id='word_1_239' title='bbox 130 3649 352 3717; x_wconf 82' lang='lat' dir='ltr'><strong>agebam,</strong></span> <span class='ocrx_word' id='word_1_240' title='bbox 386 3651 519 3721; x_wconf 90' lang='lat' dir='ltr'><strong>quia</strong></span> <span class='ocrx_word' id='word_1_241' title='bbox 562 3649 878 3719; x_wconf 75' lang='lat' dir='ltr'><strong>impendere</strong></span> <span class='ocrx_word' id='word_1_242' title='bbox 908 3649 1018 3704; x_wconf 87' lang='lat' dir='ltr'><strong>illis</strong></span> <span class='ocrx_word' id='word_1_243' title='bbox 1055 3648 1125 3703; x_wconf 91' lang='lat' dir='ltr'><strong>ab</strong></span> <span class='ocrx_word' id='word_1_244' title='bbox 1169 3649 1409 3703; x_wconf 88' lang='lat' dir='ltr'><strong>inimicis</strong></span> <span class='ocrx_word' id='word_1_245' title='bbox 1437 3647 1688 3701; x_wconf 86' lang='lat' dir='ltr'><strong>timorem</strong></span> <span class='ocrx_word' id='word_1_246' title='bbox 1720 3684 1723 3691; x_wconf 68' lang='grc' dir='ltr'><strong>ι</strong></span> 
     </span>
    </p>
   </div>
   <div class='ocr_carea' id='block_1_40' title="bbox 130 3740 1693 3811">
    <p class='ocr_par' dir='ltr' id='par_1_40' title="bbox 130 3740 1693 3811">
     <span class='ocr_line' id='line_1_40' title="bbox 130 3740 1693 3811; baseline -0.001 -18"><span class='ocrx_word' id='word_1_247' title='bbox 130 3741 369 3797; x_wconf 79' lang='lat' dir='ltr'><strong>sciebam.</strong></span> <span class='ocrx_word' id='word_1_248' title='bbox 399 3743 764 3798; x_wconf 80' lang='lat' dir='ltr'><strong>Contcstabar</strong></span> <span class='ocrx_word' id='word_1_249' title='bbox 792 3743 1038 3811; x_wconf 86' lang='lat' dir='ltr'><strong>insuper,</strong></span> <span class='ocrx_word' id='word_1_250' title='bbox 1070 3741 1382 3810; x_wconf 76' lang='lat' dir='ltr'><strong>apostolica:</strong></span> <span class='ocrx_word' id='word_1_251' title='bbox 1413 3740 1527 3811; x_wconf 76' lang='lat'><strong>86</strong></span> <span class='ocrx_word' id='word_1_252' title='bbox 1556 3740 1693 3794; x_wconf 80' lang='lat' dir='ltr'><strong>fidu-</strong></span> 
     </span>
    </p>
   </div>
   <div class='ocr_carea' id='block_1_41' title="bbox 133 3831 1694 3902">
    <p class='ocr_par' dir='ltr' id='par_1_41' title="bbox 133 3831 1694 3902">
     <span class='ocr_line' id='line_1_41' title="bbox 133 3831 1694 3902; baseline 0.001 -19"><span class='ocrx_word' id='word_1_253' title='bbox 133 3831 216 3887; x_wconf 70' lang='lat' dir='ltr'><strong>cia:</strong></span> <span class='ocrx_word' id='word_1_254' title='bbox 242 3849 466 3901; x_wconf 90' lang='lat' dir='ltr'><strong>memor,</strong></span> <span class='ocrx_word' id='word_1_255' title='bbox 498 3835 745 3889; x_wconf 80' lang='lat' dir='ltr'><strong>dicens“</strong></span> <span class='ocrx_word' id='word_1_256' title='bbox 780 3853 793 3888; x_wconf 91' lang='lat'>:</span> <span class='ocrx_word' id='word_1_257' title='bbox 832 3854 850 3886; x_wconf 79' lang='grc' dir='ltr'><strong>ι</strong></span> <span class='ocrx_word' id='word_1_258' title='bbox 879 3833 1027 3888; x_wconf 87' lang='lat' dir='ltr'><strong>Nihil</strong></span> <span class='ocrx_word' id='word_1_259' title='bbox 1056 3849 1156 3888; x_wconf 91' lang='lat' dir='ltr'><strong>nos</strong></span> <span class='ocrx_word' id='word_1_260' title='bbox 1187 3832 1461 3902; x_wconf 86' lang='lat' dir='ltr'><strong>separabit</strong></span> <span class='ocrx_word' id='word_1_261' title='bbox 1494 3846 1526 3886; x_wconf 87' lang='lat' dir='ltr'><strong>a</strong></span> <span class='ocrx_word' id='word_1_262' title='bbox 1560 3832 1694 3887; x_wconf 91' lang='lat' dir='ltr'><strong>cha-</strong></span> 
     </span>
    </p>
   </div>
   <div class='ocr_carea' id='block_1_42' title="bbox 132 3925 1694 3997">
    <p class='ocr_par' dir='ltr' id='par_1_42' title="bbox 132 3925 1694 3997">
     <span class='ocr_line' id='line_1_42' title="bbox 132 3925 1694 3997; baseline 0.001 -20"><span class='ocrx_word' id='word_1_263' title='bbox 132 3925 272 3981; x_wconf 85' lang='lat' dir='ltr'><strong>ritate</strong></span> <span class='ocrx_word' id='word_1_264' title='bbox 293 3928 520 3995; x_wconf 88' lang='lat' dir='ltr'><strong>Christi,</strong></span> <span class='ocrx_word' id='word_1_265' title='bbox 555 3944 657 3984; x_wconf 90' lang='lat' dir='ltr'><strong>nec</strong></span> <span class='ocrx_word' id='word_1_266' title='bbox 684 3927 984 3995; x_wconf 87' lang='lat' dir='ltr'><strong>tribulatio,</strong></span> <span class='ocrx_word' id='word_1_267' title='bbox 1014 3942 1115 3981; x_wconf 89' lang='lat' dir='ltr'><strong>nec</strong></span> <span class='ocrx_word' id='word_1_268' title='bbox 1136 3926 1422 3997; x_wconf 65' lang='lat' dir='ltr'><strong>angustiae,</strong></span> <span class='ocrx_word' id='word_1_269' title='bbox 1443 3939 1543 3980; x_wconf 90' lang='lat' dir='ltr'><strong>nec</strong></span> <span class='ocrx_word' id='word_1_270' title='bbox 1568 3940 1694 3994; x_wconf 88' lang='lat' dir='ltr'><strong>per-</strong></span> 
     </span>
    </p>
   </div>
   <div class='ocr_carea' id='block_1_43' title="bbox 135 4016 1695 4086">
    <p class='ocr_par' dir='ltr' id='par_1_43' title="bbox 135 4016 1695 4086">
     <span class='ocr_line' id='line_1_43' title="bbox 135 4016 1695 4086; baseline -0.001 -15"><span class='ocrx_word' id='word_1_271' title='bbox 135 4023 342 4084; x_wconf 88' lang='lat' dir='ltr'><strong>secutio,</strong></span> <span class='ocrx_word' id='word_1_272' title='bbox 385 4037 493 4077; x_wconf 88' lang='lat' dir='ltr'><strong>nec</strong></span> <span class='ocrx_word' id='word_1_273' title='bbox 548 4020 743 4086; x_wconf 88' lang='lat' dir='ltr'><strong>fames,</strong></span> <span class='ocrx_word' id='word_1_274' title='bbox 798 4035 902 4075; x_wconf 89' lang='lat' dir='ltr'><strong>nec</strong></span> <span class='ocrx_word' id='word_1_275' title='bbox 943 4018 1184 4081; x_wconf 90' lang='lat' dir='ltr'><strong>nuditas,</strong></span> <span class='ocrx_word' id='word_1_276' title='bbox 1220 4033 1321 4073; x_wconf 89' lang='lat' dir='ltr'><strong>nec</strong></span> <span class='ocrx_word' id='word_1_277' title='bbox 1369 4016 1695 4086; x_wconf 88' lang='lat' dir='ltr'><strong>periculum,</strong></span> 
     </span>
    </p>
   </div>
   <div class='ocr_carea' id='block_1_44' title="bbox 134 4108 1694 4186">
    <p class='ocr_par' dir='ltr' id='par_1_44' title="bbox 134 4108 1694 4186">
     <span class='ocr_line' id='line_1_44' title="bbox 134 4108 1694 4186; baseline -0.001 -24"><span class='ocrx_word' id='word_1_278' title='bbox 134 4124 292 4181; x_wconf 87' lang='lat' dir='ltr'><strong>neque</strong></span> <span class='ocrx_word' id='word_1_279' title='bbox 337 4114 572 4186; x_wconf 83' lang='lat' dir='ltr'><strong>gladius.</strong></span> <span class='ocrx_word' id='word_1_280' title='bbox 604 4132 625 4165; x_wconf 71' lang='grc' dir='ltr'><strong>ι</strong></span> <span class='ocrx_word' id='word_1_281' title='bbox 660 4112 781 4168; x_wconf 86' lang='lat' dir='ltr'><strong>Jam</strong></span> <span class='ocrx_word' id='word_1_282' title='bbox 829 4126 954 4168; x_wconf 92' lang='lat' dir='ltr'><strong>cum</strong></span> <span class='ocrx_word' id='word_1_283' title='bbox 1003 4124 1105 4181; x_wconf 88' lang='lat' dir='ltr'><strong>ego</strong></span> <span class='ocrx_word' id='word_1_284' title='bbox 1148 4110 1230 4165; x_wconf 90' lang='lat' dir='ltr'><strong>sic</strong></span> <span class='ocrx_word' id='word_1_285' title='bbox 1275 4108 1473 4165; x_wconf 88' lang='lat' dir='ltr'><strong>festum</strong></span> <span class='ocrx_word' id='word_1_286' title='bbox 1516 4122 1694 4179; x_wconf 82' lang='lat' dir='ltr'><strong>agam,</strong></span> 
     </span>
    </p>
   </div>
   <div class='ocr_carea' id='block_1_45' title="bbox 137 4202 1698 4277">
    <p class='ocr_par' dir='ltr' id='par_1_45' title="bbox 137 4202 1698 4277">
     <span class='ocr_line' id='line_1_45' title="bbox 137 4202 1698 4277; baseline 0.001 -21"><span class='ocrx_word' id='word_1_287' title='bbox 137 4214 248 4273; x_wconf 90' lang='lat' dir='ltr'><strong>opto</strong></span> <span class='ocrx_word' id='word_1_288' title='bbox 278 4216 337 4262; x_wconf 91' lang='lat' dir='ltr'><strong>ut</strong></span> <span class='ocrx_word' id='word_1_289' title='bbox 367 4223 464 4262; x_wconf 90' lang='lat' dir='ltr'><strong>vos</strong></span> <span class='ocrx_word' id='word_1_290' title='bbox 493 4222 733 4277; x_wconf 87' lang='lat' dir='ltr'><strong>quoque,</strong></span> <span class='ocrx_word' id='word_1_291' title='bbox 766 4205 964 4260; x_wconf 83' lang='lat' dir='ltr'><strong>fratres</strong></span> <span class='ocrx_word' id='word_1_292' title='bbox 1010 4204 1140 4269; x_wconf 91' lang='lat' dir='ltr'><strong>mei,</strong></span> <span class='ocrx_word' id='word_1_293' title='bbox 1172 4203 1293 4273; x_wconf 89' lang='lat' dir='ltr'><strong>pari</strong></span> <span class='ocrx_word' id='word_1_294' title='bbox 1344 4202 1509 4257; x_wconf 90' lang='lat' dir='ltr'><strong>modo</strong></span> <span class='ocrx_word' id='word_1_295' title='bbox 1555 4203 1698 4257; x_wconf 89' lang='lat' dir='ltr'><strong>cele-</strong></span> 
     </span>
    </p>
   </div>
   <div class='ocr_carea' id='block_1_46' title="bbox 138 4294 1699 4369">
    <p class='ocr_par' dir='ltr' id='par_1_46' title="bbox 138 4294 1699 4369">
     <span class='ocr_line' id='line_1_46' title="bbox 138 4294 1699 4369; baseline 0 -21"><span class='ocrx_word' id='word_1_296' title='bbox 138 4295 307 4354; x_wconf 87' lang='lat' dir='ltr'><strong>bretis.</strong></span> <span class='ocrx_word' id='word_1_297' title='bbox 346 4300 596 4369; x_wconf 89' lang='lat' dir='ltr'><strong>Cumque</strong></span> <span class='ocrx_word' id='word_1_298' title='bbox 629 4314 719 4354; x_wconf 90' lang='lat' dir='ltr'><strong>me</strong></span> <span class='ocrx_word' id='word_1_299' title='bbox 755 4297 1016 4354; x_wconf 68' lang='lat' dir='ltr'><strong>faciendae</strong></span> <span class='ocrx_word' id='word_1_300' title='bbox 1042 4295 1359 4365; x_wconf 79' lang='lat' dir='ltr'><strong>huiusmodi</strong></span> <span class='ocrx_word' id='word_1_301' title='bbox 1389 4294 1699 4364; x_wconf 88' lang='lat' dir='ltr'><strong>proclama-</strong></span> 
     </span>
    </p>
   </div>
   <div class='ocr_carea' id='block_1_47' title="bbox 139 4384 1700 4452">
    <p class='ocr_par' dir='ltr' id='par_1_47' title="bbox 139 4384 1700 4452">
     <span class='ocr_line' id='line_1_47' title="bbox 139 4384 1700 4452; baseline 0.001 -12"><span class='ocrx_word' id='word_1_302' title='bbox 139 4386 288 4446; x_wconf 91' lang='lat' dir='ltr'><strong>tionis</strong></span> <span class='ocrx_word' id='word_1_303' title='bbox 315 4392 617 4447; x_wconf 81' lang='lat' dir='ltr'><strong>debitorem</strong></span> <span class='ocrx_word' id='word_1_304' title='bbox 666 4390 861 4452; x_wconf 89' lang='lat' dir='ltr'><strong>sciam,</strong></span> <span class='ocrx_word' id='word_1_305' title='bbox 893 4388 1029 4443; x_wconf 90' lang='lat' dir='ltr'><strong>nihil</strong></span> <span class='ocrx_word' id='word_1_306' title='bbox 1056 4401 1245 4442; x_wconf 88' lang='lat' dir='ltr'><strong>moror</strong></span> <span class='ocrx_word' id='word_1_307' title='bbox 1270 4384 1509 4441; x_wconf 75' lang='lat' dir='ltr'><strong>ofﬁcium</strong></span> <span class='ocrx_word' id='word_1_308' title='bbox 1544 4400 1700 4441; x_wconf 83' lang='lat' dir='ltr'><strong>exse—</strong></span> 
     </span>
    </p>
   </div>
   <div class='ocr_carea' id='block_1_48' title="bbox 1760 522 3343 595">
    <p class='ocr_par' dir='ltr' id='par_1_48' title="bbox 1760 522 3343 595">
     <span class='ocr_line' id='line_1_48' title="bbox 1760 522 3343 595; baseline 0 -17"><span class='ocrx_word' id='word_1_309' title='bbox 1760 525 1924 578; x_wconf 89' lang='lat' dir='ltr'><strong>ritum</strong></span> <span class='ocrx_word' id='word_1_310' title='bbox 1965 526 2236 592; x_wconf 89' lang='lat' dir='ltr'><strong>concedit,</strong></span> <span class='ocrx_word' id='word_1_311' title='bbox 2267 532 2561 595; x_wconf 88' lang='lat' dir='ltr'><strong>congregat</strong></span> <span class='ocrx_word' id='word_1_312' title='bbox 2591 539 2695 579; x_wconf 92' lang='lat' dir='ltr'><strong>nos</strong></span> <span class='ocrx_word' id='word_1_313' title='bbox 2724 522 3040 593; x_wconf 87' lang='lat' dir='ltr'><strong>spiritaliter</strong></span> <span class='ocrx_word' id='word_1_314' title='bbox 3068 539 3164 594; x_wconf 90' lang='lat' dir='ltr'><strong>per</strong></span> <span class='ocrx_word' id='word_1_315' title='bbox 3211 538 3343 579; x_wconf 82' lang='lat' dir='ltr'><strong>con-</strong></span> 
     </span>
    </p>
   </div>
   <div class='ocr_carea' id='block_1_49' title="bbox 1758 613 3342 687">
    <p class='ocr_par' dir='ltr' id='par_1_49' title="bbox 1758 613 3342 687">
     <span class='ocr_line' id='line_1_49' title="bbox 1758 613 3342 687; baseline -0.001 -16"><span class='ocrx_word' id='word_1_316' title='bbox 1758 616 2013 671; x_wconf 82' lang='lat' dir='ltr'><strong>cordianr</strong></span> <span class='ocrx_word' id='word_1_317' title='bbox 2029 618 2289 687; x_wconf 88' lang='lat' dir='ltr'><strong>pacisque</strong></span> <span class='ocrx_word' id='word_1_318' title='bbox 2316 617 2618 671; x_wconf 85' lang='lat' dir='ltr'><strong>vinculum.</strong></span> <span class='ocrx_word' id='word_1_319' title='bbox 2647 615 2788 670; x_wconf 90' lang='lat' dir='ltr'><strong>Dum</strong></span> <span class='ocrx_word' id='word_1_320' title='bbox 2824 622 3006 670; x_wconf 89' lang='lat' dir='ltr'><strong>autem</strong></span> <span class='ocrx_word' id='word_1_321' title='bbox 3050 615 3130 670; x_wconf 86' lang='lat' dir='ltr'><strong>sic</strong></span> <span class='ocrx_word' id='word_1_322' title='bbox 3158 613 3342 671; x_wconf 78' lang='lat' dir='ltr'><strong>affecti</strong></span> 
     </span>
    </p>
   </div>
   <div class='ocr_carea' id='block_1_50' title="bbox 1759 707 3343 779">
    <p class='ocr_par' dir='ltr' id='par_1_50' title="bbox 1759 707 3343 779">
     <span class='ocr_line' id='line_1_50' title="bbox 1759 707 3343 779; baseline -0.001 -15"><span class='ocrx_word' id='word_1_323' title='bbox 1759 709 1943 764; x_wconf 90' lang='lat' dir='ltr'><strong>animo</strong></span> <span class='ocrx_word' id='word_1_324' title='bbox 1971 725 2185 776; x_wconf 91' lang='lat' dir='ltr'><strong>sumus,</strong></span> <span class='ocrx_word' id='word_1_325' title='bbox 2212 709 2542 779; x_wconf 84' lang='lat' dir='ltr'><strong>easdemque</strong></span> <span class='ocrx_word' id='word_1_326' title='bbox 2565 723 2754 778; x_wconf 88' lang='lat' dir='ltr'><strong>preces</strong></span> <span class='ocrx_word' id='word_1_327' title='bbox 2782 708 3124 773; x_wconf 82' lang='lat' dir='ltr'><strong>extollimus,</strong></span> <span class='ocrx_word' id='word_1_328' title='bbox 3155 707 3343 763; x_wconf 80' lang='lat' dir='ltr'><strong>nullus</strong></span> 
     </span>
    </p>
   </div>
   <div class='ocr_carea' id='block_1_51' title="bbox 1760 798 3341 867">
    <p class='ocr_par' dir='ltr' id='par_1_51' title="bbox 1760 798 3341 867">
     <span class='ocr_line' id='line_1_51' title="bbox 1760 798 3341 867; baseline -0.002 -12"><span class='ocrx_word' id='word_1_329' title='bbox 1760 816 1862 856; x_wconf 87' lang='lat' dir='ltr'><strong>nos</strong></span> <span class='ocrx_word' id='word_1_330' title='bbox 1902 801 2092 856; x_wconf 87' lang='lat' dir='ltr'><strong>dividit</strong></span> <span class='ocrx_word' id='word_1_331' title='bbox 2142 802 2314 867; x_wconf 87' lang='lat' dir='ltr'><strong>locus,</strong></span> <span class='ocrx_word' id='word_1_332' title='bbox 2347 800 2441 856; x_wconf 87' lang='lat' dir='ltr'><strong>sed</strong></span> <span class='ocrx_word' id='word_1_333' title='bbox 2486 800 2693 856; x_wconf 88' lang='lat' dir='ltr'><strong>adunat</strong></span> <span class='ocrx_word' id='word_1_334' title='bbox 2724 814 2828 857; x_wconf 89' lang='lat' dir='ltr'><strong>nos</strong></span> <span class='ocrx_word' id='word_1_335' title='bbox 2858 798 3127 855; x_wconf 89' lang='lat' dir='ltr'><strong>Dominus</strong></span> <span class='ocrx_word' id='word_1_336' title='bbox 3176 809 3341 866; x_wconf 89' lang='lat' dir='ltr'><strong>atque</strong></span> 
     </span>
    </p>
   </div>
   <div class='ocr_carea' id='block_1_52' title="bbox 1760 884 3341 965">
    <p class='ocr_par' dir='ltr' id='par_1_52' title="bbox 1760 884 3341 965">
     <span class='ocr_line' id='line_1_52' title="bbox 1760 884 3341 965; baseline -0.001 -15"><span class='ocrx_word' id='word_1_337' title='bbox 1760 895 2017 965; x_wconf 91' lang='lat' dir='ltr'><strong>copulat:</strong></span> <span class='ocrx_word' id='word_1_338' title='bbox 2047 894 2247 949; x_wconf 88' lang='lat' dir='ltr'><strong>etenim</strong></span> <span class='ocrx_word' id='word_1_339' title='bbox 2287 894 2381 949; x_wconf 91' lang='lat' dir='ltr'><strong>ubi</strong></span> <span class='ocrx_word' id='word_1_340' title='bbox 2432 893 2542 949; x_wconf 91' lang='lat' dir='ltr'><strong>duo</strong></span> <span class='ocrx_word' id='word_1_341' title='bbox 2571 893 2658 948; x_wconf 86' lang='lat' dir='ltr'><strong>vel</strong></span> <span class='ocrx_word' id='word_1_342' title='bbox 2689 902 2800 948; x_wconf 89' lang='lat' dir='ltr'><strong>tres</strong></span> <span class='ocrx_word' id='word_1_343' title='bbox 2845 884 3171 948; x_wconf 74' lang='lat' dir='ltr'><strong>in‘nomine</strong></span> <span class='ocrx_word' id='word_1_344' title='bbox 3220 894 3341 962; x_wconf 85' lang='lat' dir='ltr'><strong>ejus</strong></span> 
     </span>
    </p>
   </div>
   <div class='ocr_carea' id='block_1_53' title="bbox 1762 985 3337 1057">
    <p class='ocr_par' dir='ltr' id='par_1_53' title="bbox 1762 985 3337 1057">
     <span class='ocr_line' id='line_1_53' title="bbox 1762 985 3337 1057; baseline -0.002 -15"><span class='ocrx_word' id='word_1_345' title='bbox 1762 986 2112 1052; x_wconf 89' lang='lat' dir='ltr'><strong>conveniunt,</strong></span> <span class='ocrx_word' id='word_1_346' title='bbox 2131 986 2264 1057; x_wconf 91' lang='lat' dir='ltr'><strong>ipse,</strong></span> <span class='ocrx_word' id='word_1_347' title='bbox 2283 994 2342 1041; x_wconf 88' lang='lat' dir='ltr'><strong>ut</strong></span> <span class='ocrx_word' id='word_1_348' title='bbox 2356 986 2608 1056; x_wconf 85' lang='lat' dir='ltr'><strong>promisit</strong></span> <span class='ocrx_word' id='word_1_349' title='bbox 2622 986 2692 1051; x_wconf 79' lang='grc'><strong>⁸³,</strong></span> <span class='ocrx_word' id='word_1_350' title='bbox 2712 986 2770 1040; x_wconf 90' lang='lat' dir='ltr'><strong>in</strong></span> <span class='ocrx_word' id='word_1_351' title='bbox 2790 985 2970 1040; x_wconf 91' lang='lat' dir='ltr'><strong>medio</strong></span> <span class='ocrx_word' id='word_1_352' title='bbox 2991 1000 3186 1040; x_wconf 89' lang='lat' dir='ltr'><strong>eorum</strong></span> <span class='ocrx_word' id='word_1_353' title='bbox 3213 986 3337 1040; x_wconf 89' lang='lat' dir='ltr'><strong>erit.</strong></span> 
     </span>
    </p>
   </div>
   <div class='ocr_carea' id='block_1_54' title="bbox 1762 1077 3343 1148">
    <p class='ocr_par' dir='ltr' id='par_1_54' title="bbox 1762 1077 3343 1148">
     <span class='ocr_line' id='line_1_54' title="bbox 1762 1077 3343 1148; baseline -0.003 -14"><span class='ocrx_word' id='word_1_354' title='bbox 1762 1077 1936 1134; x_wconf 90' lang='lat' dir='ltr'><strong>Porro</strong></span> <span class='ocrx_word' id='word_1_355' title='bbox 1968 1079 2038 1133; x_wconf 89' lang='lat' dir='ltr'><strong>iis</strong></span> <span class='ocrx_word' id='word_1_356' title='bbox 2068 1079 2415 1134; x_wconf 88' lang='lat' dir='ltr'><strong>notissimum</strong></span> <span class='ocrx_word' id='word_1_357' title='bbox 2455 1085 2560 1142; x_wconf 90' lang='lat' dir='ltr'><strong>est,</strong></span> <span class='ocrx_word' id='word_1_358' title='bbox 2594 1077 2690 1148; x_wconf 89' lang='lat' dir='ltr'><strong>qui</strong></span> <span class='ocrx_word' id='word_1_359' title='bbox 2717 1077 2958 1147; x_wconf 87' lang='lat' dir='ltr'><strong>quolibet</strong></span> <span class='ocrx_word' id='word_1_360' title='bbox 2984 1077 3184 1132; x_wconf 91' lang='lat' dir='ltr'><strong>inloco</strong></span> <span class='ocrx_word' id='word_1_361' title='bbox 3213 1093 3343 1133; x_wconf 90' lang='lat' dir='ltr'><strong>con-</strong></span> 
     </span>
    </p>
   </div>
   <div class='ocr_carea' id='block_1_55' title="bbox 1765 1167 3342 1242">
    <p class='ocr_par' dir='ltr' id='par_1_55' title="bbox 1765 1167 3342 1242">
     <span class='ocr_line' id='line_1_55' title="bbox 1765 1167 3342 1242; baseline -0.002 -18"><span class='ocrx_word' id='word_1_362' title='bbox 1765 1169 2154 1242; x_wconf 87' lang='lat' dir='ltr'><strong>gregabuntur,</strong></span> <span class='ocrx_word' id='word_1_363' title='bbox 2191 1167 2480 1222; x_wconf 91' lang='lat' dir='ltr'><strong>Dominum</strong></span> <span class='ocrx_word' id='word_1_364' title='bbox 2528 1168 2581 1221; x_wconf 92' lang='lat' dir='ltr'><strong>in</strong></span> <span class='ocrx_word' id='word_1_365' title='bbox 2629 1168 2874 1237; x_wconf 89' lang='lat' dir='ltr'><strong>ipsorum</strong></span> <span class='ocrx_word' id='word_1_366' title='bbox 2907 1169 3166 1223; x_wconf 83' lang='lat' dir='ltr'><strong>societate</strong></span> <span class='ocrx_word' id='word_1_367' title='bbox 3205 1168 3342 1234; x_wconf 87' lang='lat' dir='ltr'><strong>fore,</strong></span> 
     </span>
    </p>
   </div>
   <div class='ocr_carea' id='block_1_56' title="bbox 1766 1260 3347 1332">
    <p class='ocr_par' dir='ltr' id='par_1_56' title="bbox 1766 1260 3347 1332">
     <span class='ocr_line' id='line_1_56' title="bbox 1766 1260 3347 1332; baseline -0.001 -13"><span class='ocrx_word' id='word_1_368' title='bbox 1766 1272 2086 1319; x_wconf 91' lang='lat' dir='ltr'><strong>cunctorum</strong></span> <span class='ocrx_word' id='word_1_369' title='bbox 2120 1270 2463 1332; x_wconf 88' lang='lat' dir='ltr'><strong>recepturum</strong></span> <span class='ocrx_word' id='word_1_370' title='bbox 2500 1260 2823 1325; x_wconf 88' lang='lat' dir='ltr'><strong>orationem,</strong></span> <span class='ocrx_word' id='word_1_371' title='bbox 2849 1269 3107 1331; x_wconf 88' lang='lat' dir='ltr'><strong>tanquam</strong></span> <span class='ocrx_word' id='word_1_372' title='bbox 3137 1261 3184 1317; x_wconf 89' lang='lat' dir='ltr'><strong>si</strong></span> <span class='ocrx_word' id='word_1_373' title='bbox 3220 1278 3347 1332; x_wconf 90' lang='lat' dir='ltr'><strong>pro-</strong></span> 
     </span>
    </p>
   </div>
   <div class='ocr_carea' id='block_1_57' title="bbox 1766 1352 3350 1423">
    <p class='ocr_par' dir='ltr' id='par_1_57' title="bbox 1766 1352 3350 1423">
     <span class='ocr_line' id='line_1_57' title="bbox 1766 1352 3350 1423; baseline -0.001 -14"><span class='ocrx_word' id='word_1_374' title='bbox 1766 1355 1899 1410; x_wconf 80' lang='lat' dir='ltr'><strong>ximi</strong></span> <span class='ocrx_word' id='word_1_375' title='bbox 1927 1364 2131 1418; x_wconf 89' lang='lat' dir='ltr'><strong>essent,</strong></span> <span class='ocrx_word' id='word_1_376' title='bbox 2157 1365 2319 1423; x_wconf 90' lang='lat' dir='ltr'><strong>atque</strong></span> <span class='ocrx_word' id='word_1_377' title='bbox 2340 1369 2534 1408; x_wconf 84' lang='lat' dir='ltr'><strong>omnes</strong></span> <span class='ocrx_word' id='word_1_378' title='bbox 2566 1352 2952 1407; x_wconf 84' lang='lat' dir='ltr'><strong>exauditurum</strong></span> <span class='ocrx_word' id='word_1_379' title='bbox 2986 1368 3110 1407; x_wconf 91' lang='lat' dir='ltr'><strong>cum</strong></span> <span class='ocrx_word' id='word_1_380' title='bbox 3147 1354 3350 1408; x_wconf 89' lang='lat' dir='ltr'><strong>clama-</strong></span> 
     </span>
    </p>
   </div>
   <div class='ocr_carea' id='block_1_58' title="bbox 1768 1442 3349 1514">
    <p class='ocr_par' dir='ltr' id='par_1_58' title="bbox 1768 1442 3349 1514">
     <span class='ocr_line' id='line_1_58' title="bbox 1768 1442 3349 1514; baseline -0.001 -13"><span class='ocrx_word' id='word_1_381' title='bbox 1768 1447 1946 1501; x_wconf 88' lang='lat' dir='ltr'><strong>verint</strong></span> <span class='ocrx_word' id='word_1_382' title='bbox 1970 1465 1983 1501; x_wconf 88' lang='lat'><strong>:</strong></span> <span class='ocrx_word' id='word_1_383' title='bbox 2008 1446 2178 1499; x_wconf 82' lang='lat' dir='ltr'><strong>Amen</strong></span> <span class='ocrx_word' id='word_1_384' title='bbox 2208 1443 2339 1514; x_wconf 59' lang='lat'><strong>(64).</strong></span> <span class='ocrx_word' id='word_1_385' title='bbox 2371 1442 2624 1499; x_wconf 84' lang='lat' dir='ltr'><strong>Profecto</strong></span> <span class='ocrx_word' id='word_1_386' title='bbox 2654 1443 2941 1513; x_wconf 89' lang='lat' dir='ltr'><strong>angustias</strong></span> <span class='ocrx_word' id='word_1_387' title='bbox 2969 1454 3131 1513; x_wconf 88' lang='lat' dir='ltr'><strong>atque</strong></span> <span class='ocrx_word' id='word_1_388' title='bbox 3159 1460 3349 1500; x_wconf 83' lang='lat' dir='ltr'><strong>omnes</strong></span> 
     </span>
    </p>
   </div>
   <div class='ocr_carea' id='block_1_59' title="bbox 1767 1536 3349 1606">
    <p class='ocr_par' dir='ltr' id='par_1_59' title="bbox 1767 1536 3349 1606">
     <span class='ocr_line' id='line_1_59' title="bbox 1767 1536 3349 1606; baseline -0.003 -12"><span class='ocrx_word' id='word_1_389' title='bbox 1767 1539 2172 1602; x_wconf 83' lang='lat' dir='ltr'><strong>tribulatioues,</strong></span> <span class='ocrx_word' id='word_1_390' title='bbox 2208 1554 2347 1606; x_wconf 90' lang='lat' dir='ltr'><strong>quas</strong></span> <span class='ocrx_word' id='word_1_391' title='bbox 2385 1552 2506 1591; x_wconf 91' lang='lat' dir='ltr'><strong>sum</strong></span> <span class='ocrx_word' id='word_1_392' title='bbox 2538 1550 2852 1606; x_wconf 85' lang='lat' dir='ltr'><strong>perpessus,</strong></span> <span class='ocrx_word' id='word_1_393' title='bbox 2885 1546 3015 1590; x_wconf 93' lang='lat' dir='ltr'><strong>tunc</strong></span> <span class='ocrx_word' id='word_1_394' title='bbox 3038 1536 3349 1591; x_wconf 85' lang='lat' dir='ltr'><strong>subindica-</strong></span> 
     </span>
    </p>
   </div>
   <div class='ocr_carea' id='block_1_60' title="bbox 1768 1628 3348 1698">
    <p class='ocr_par' dir='ltr' id='par_1_60' title="bbox 1768 1628 3348 1698">
     <span class='ocr_line' id='line_1_60' title="bbox 1768 1628 3348 1698; baseline -0.001 -15"><span class='ocrx_word' id='word_1_395' title='bbox 1768 1630 1843 1693; x_wconf 85' lang='lat' dir='ltr'><strong>vi,</strong></span> <span class='ocrx_word' id='word_1_396' title='bbox 1883 1645 2006 1684; x_wconf 91' lang='lat' dir='ltr'><strong>cum</strong></span> <span class='ocrx_word' id='word_1_397' title='bbox 2037 1630 2174 1683; x_wconf 88' lang='lat' dir='ltr'><strong>alias</strong></span> <span class='ocrx_word' id='word_1_398' title='bbox 2210 1628 2420 1683; x_wconf 89' lang='lat' dir='ltr'><strong>litteras</strong></span> <span class='ocrx_word' id='word_1_399' title='bbox 2448 1628 2515 1683; x_wconf 91' lang='lat' dir='ltr'><strong>ad</strong></span> <span class='ocrx_word' id='word_1_400' title='bbox 2537 1628 2649 1698; x_wconf 84' lang='grc'>87</span> <span class='ocrx_word' id='word_1_401' title='bbox 2673 1641 2772 1682; x_wconf 91' lang='lat' dir='ltr'><strong>vos</strong></span> <span class='ocrx_word' id='word_1_402' title='bbox 2805 1628 2952 1692; x_wconf 89' lang='lat' dir='ltr'><strong>dedi,</strong></span> <span class='ocrx_word' id='word_1_403' title='bbox 2992 1629 3192 1684; x_wconf 87' lang='lat' dir='ltr'><strong>fratres</strong></span> <span class='ocrx_word' id='word_1_404' title='bbox 3223 1630 3348 1682; x_wconf 88' lang='lat' dir='ltr'><strong>mei.</strong></span> 
     </span>
    </p>
   </div>
   <div class='ocr_carea' id='block_1_61' title="bbox 1774 1721 3352 1793">
    <p class='ocr_par' dir='ltr' id='par_1_61' title="bbox 1774 1721 3352 1793">
     <span class='ocr_line' id='line_1_61' title="bbox 1774 1721 3352 1793; baseline 0 -15"><span class='ocrx_word' id='word_1_405' title='bbox 1774 1721 1877 1781; x_wconf 86' lang='lat' dir='ltr'><strong>Sed</strong></span> <span class='ocrx_word' id='word_1_406' title='bbox 1911 1738 1978 1778; x_wconf 91' lang='lat' dir='ltr'><strong>ne</strong></span> <span class='ocrx_word' id='word_1_407' title='bbox 2007 1723 2138 1793; x_wconf 91' lang='lat' dir='ltr'><strong>quid</strong></span> <span class='ocrx_word' id='word_1_408' title='bbox 2171 1737 2270 1776; x_wconf 90' lang='lat' dir='ltr'><strong>vos</strong></span> <span class='ocrx_word' id='word_1_409' title='bbox 2300 1730 2483 1792; x_wconf 88' lang='lat' dir='ltr'><strong>angat,</strong></span> <span class='ocrx_word' id='word_1_410' title='bbox 2508 1738 2658 1777; x_wconf 90' lang='lat' dir='ltr'><strong>nunc</strong></span> <span class='ocrx_word' id='word_1_411' title='bbox 2687 1722 2851 1777; x_wconf 91' lang='lat' dir='ltr'><strong>etiam</strong></span> <span class='ocrx_word' id='word_1_412' title='bbox 2899 1737 3105 1791; x_wconf 88' lang='lat' dir='ltr'><strong>paucas</strong></span> <span class='ocrx_word' id='word_1_413' title='bbox 3153 1738 3221 1777; x_wconf 73' lang='lat' dir='ltr'><strong>ex</strong></span> <span class='ocrx_word' id='word_1_414' title='bbox 3265 1722 3352 1778; x_wconf 86' lang='lat' dir='ltr'><strong>his</strong></span> 
     </span>
    </p>
   </div>
   <div class='ocr_carea' id='block_1_62' title="bbox 1774 1811 2443 1883">
    <p class='ocr_par' dir='ltr' id='par_1_62' title="bbox 1774 1811 2443 1883">
     <span class='ocr_line' id='line_1_62' title="bbox 1774 1811 2443 1883; baseline -0.007 -14"><span class='ocrx_word' id='word_1_415' title='bbox 1774 1814 1927 1870; x_wconf 87' lang='lat' dir='ltr'><strong>vobis</strong></span> <span class='ocrx_word' id='word_1_416' title='bbox 1956 1812 2273 1868; x_wconf 86' lang='lat' dir='ltr'><strong>memorabo</strong></span> <span class='ocrx_word' id='word_1_417' title='bbox 2309 1811 2443 1883; x_wconf 88' lang='lat'><strong>(65).</strong></span> 
     </span>
    </p>
   </div>
   <div class='ocr_carea' id='block_1_63' title="bbox 1838 1902 3352 1974">
    <p class='ocr_par' dir='ltr' id='par_1_63' title="bbox 1838 1902 3352 1974">
     <span class='ocr_line' id='line_1_63' title="bbox 1838 1902 3352 1974; baseline -0.001 -15"><span class='ocrx_word' id='word_1_418' title='bbox 1838 1905 1892 1959; x_wconf 85' lang='grc'><strong>’5.</strong></span> <span class='ocrx_word' id='word_1_419' title='bbox 1924 1903 2040 1958; x_wconf 88' lang='lat' dir='ltr'><strong>Non</strong></span> <span class='ocrx_word' id='word_1_420' title='bbox 2069 1904 2215 1959; x_wconf 89' lang='lat' dir='ltr'><strong>enim</strong></span> <span class='ocrx_word' id='word_1_421' title='bbox 2244 1903 2462 1973; x_wconf 79' lang='lat' dir='ltr'><strong>expedit</strong></span> <span class='ocrx_word' id='word_1_422' title='bbox 2519 1903 2752 1970; x_wconf 90' lang='lat' dir='ltr'><strong>homini,</strong></span> <span class='ocrx_word' id='word_1_423' title='bbox 2779 1912 2840 1957; x_wconf 91' lang='lat' dir='ltr'><strong>ut</strong></span> <span class='ocrx_word' id='word_1_424' title='bbox 2878 1902 3077 1973; x_wconf 86' lang='lat' dir='ltr'><strong>quietis</strong></span> <span class='ocrx_word' id='word_1_425' title='bbox 3112 1910 3352 1974; x_wconf 88' lang='lat' dir='ltr'><strong>tempore</strong></span> 
     </span>
    </p>
   </div>
   <div class='ocr_carea' id='block_1_64' title="bbox 1770 1996 3353 2067">
    <p class='ocr_par' dir='ltr' id='par_1_64' title="bbox 1770 1996 3353 2067">
     <span class='ocr_line' id='line_1_64' title="bbox 1770 1996 3353 2067; baseline 0.001 -16"><span class='ocrx_word' id='word_1_426' title='bbox 1770 1997 2014 2052; x_wconf 89' lang='lat' dir='ltr'><strong>dolorem</strong></span> <span class='ocrx_word' id='word_1_427' title='bbox 2041 1997 2100 2051; x_wconf 91' lang='lat' dir='ltr'><strong>in</strong></span> <span class='ocrx_word' id='word_1_428' title='bbox 2146 1996 2415 2067; x_wconf 89' lang='lat' dir='ltr'><strong>angustiis</strong></span> <span class='ocrx_word' id='word_1_429' title='bbox 2456 1996 2814 2050; x_wconf 89' lang='lat' dir='ltr'><strong>toleratorum</strong></span> <span class='ocrx_word' id='word_1_430' title='bbox 2879 1997 3254 2062; x_wconf 80' lang='lat' dir='ltr'><strong>obliviscatur,</strong></span> <span class='ocrx_word' id='word_1_431' title='bbox 3284 2013 3353 2052; x_wconf 89' lang='lat' dir='ltr'><strong>ne</strong></span> 
     </span>
    </p>
   </div>
   <div class='ocr_carea' id='block_1_65' title="bbox 1771 2086 3353 2159">
    <p class='ocr_par' dir='ltr' id='par_1_65' title="bbox 1771 2086 3353 2159">
     <span class='ocr_line' id='line_1_65' title="bbox 1771 2086 3353 2159; baseline 0 -16"><span class='ocrx_word' id='word_1_432' title='bbox 1771 2098 1922 2143; x_wconf 77' lang='lat' dir='ltr'><strong>extra</strong></span> <span class='ocrx_word' id='word_1_433' title='bbox 1956 2088 2199 2143; x_wconf 89' lang='lat' dir='ltr'><strong>divinum</strong></span> <span class='ocrx_word' id='word_1_434' title='bbox 2225 2088 2537 2143; x_wconf 90' lang='lat' dir='ltr'><strong>sodalitium</strong></span> <span class='ocrx_word' id='word_1_435' title='bbox 2562 2086 2675 2141; x_wconf 84' lang='lat' dir='ltr'><strong>fiat.</strong></span> <span class='ocrx_word' id='word_1_436' title='bbox 2696 2086 2801 2143; x_wconf 89' lang='lat' dir='ltr'><strong>Sed</strong></span> <span class='ocrx_word' id='word_1_437' title='bbox 2826 2106 2890 2142; x_wconf 88' lang='lat' dir='ltr'><strong>ne</strong></span> <span class='ocrx_word' id='word_1_438' title='bbox 2922 2089 3110 2143; x_wconf 87' lang='lat' dir='ltr'><strong>laudes</strong></span> <span class='ocrx_word' id='word_1_439' title='bbox 3134 2089 3353 2159; x_wconf 90' lang='lat' dir='ltr'><strong>quidem</strong></span> 
     </span>
    </p>
   </div>
   <div class='ocr_carea' id='block_1_66' title="bbox 1771 2181 3357 2253">
    <p class='ocr_par' dir='ltr' id='par_1_66' title="bbox 1771 2181 3357 2253">
     <span class='ocr_line' id='line_1_66' title="bbox 1771 2181 3357 2253; baseline 0 -17"><span class='ocrx_word' id='word_1_440' title='bbox 1771 2195 1969 2236; x_wconf 89' lang='lat' dir='ltr'><strong>canere</strong></span> <span class='ocrx_word' id='word_1_441' title='bbox 1995 2181 2234 2245; x_wconf 90' lang='lat' dir='ltr'><strong>deberet,</strong></span> <span class='ocrx_word' id='word_1_442' title='bbox 2264 2181 2371 2234; x_wconf 88' lang='lat' dir='ltr'><strong>nisi</strong></span> <span class='ocrx_word' id='word_1_443' title='bbox 2403 2188 2696 2251; x_wconf 90' lang='lat' dir='ltr'><strong>postquam</strong></span> <span class='ocrx_word' id='word_1_444' title='bbox 2714 2196 2789 2253; x_wconf 46' lang='lat' dir='ltr'><strong>.cx</strong></span> <span class='ocrx_word' id='word_1_445' title='bbox 2819 2181 3086 2251; x_wconf 90' lang='lat' dir='ltr'><strong>angustiis</strong></span> <span class='ocrx_word' id='word_1_446' title='bbox 3119 2196 3357 2237; x_wconf 86' lang='lat' dir='ltr'><strong>emerse-</strong></span> 
     </span>
    </p>
   </div>
   <div class='ocr_carea' id='block_1_67' title="bbox 1773 2274 3356 2346">
    <p class='ocr_par' dir='ltr' id='par_1_67' title="bbox 1773 2274 3356 2346">
     <span class='ocr_line' id='line_1_67' title="bbox 1773 2274 3356 2346; baseline 0.001 -19"><span class='ocrx_word' id='word_1_447' title='bbox 1773 2274 1878 2340; x_wconf 88' lang='lat' dir='ltr'><strong>rit;</strong></span> <span class='ocrx_word' id='word_1_448' title='bbox 1915 2287 2015 2328; x_wconf 89' lang='lat' dir='ltr'><strong>nec</strong></span> <span class='ocrx_word' id='word_1_449' title='bbox 2049 2274 2255 2345; x_wconf 84' lang='lat' dir='ltr'><strong>gratias</strong></span> <span class='ocrx_word' id='word_1_450' title='bbox 2290 2290 2469 2345; x_wconf 89' lang='lat' dir='ltr'><strong>agere,</strong></span> <span class='ocrx_word' id='word_1_451' title='bbox 2500 2276 2608 2331; x_wconf 90' lang='lat' dir='ltr'><strong>nisi</strong></span> <span class='ocrx_word' id='word_1_452' title='bbox 2632 2284 2755 2346; x_wconf 90' lang='lat' dir='ltr'><strong>post</strong></span> <span class='ocrx_word' id='word_1_453' title='bbox 2781 2276 3016 2344; x_wconf 89' lang='lat' dir='ltr'><strong>quietem</strong></span> <span class='ocrx_word' id='word_1_454' title='bbox 3046 2290 3076 2329; x_wconf 90' lang='lat' dir='ltr'><strong>a</strong></span> <span class='ocrx_word' id='word_1_455' title='bbox 3104 2276 3356 2329; x_wconf 84' lang='lat' dir='ltr'><strong>tentatio-</strong></span> 
     </span>
    </p>
   </div>
   <div class='ocr_carea' id='block_1_68' title="bbox 1774 2365 3355 2439">
    <p class='ocr_par' dir='ltr' id='par_1_68' title="bbox 1774 2365 3355 2439">
     <span class='ocr_line' id='line_1_68' title="bbox 1774 2365 3355 2439; baseline 0.002 -21"><span class='ocrx_word' id='word_1_456' title='bbox 1774 2381 1904 2419; x_wconf 89' lang='lat' dir='ltr'><strong>num</strong></span> <span class='ocrx_word' id='word_1_457' title='bbox 1929 2365 2148 2434; x_wconf 86' lang='lat' dir='ltr'><strong>labore;</strong></span> <span class='ocrx_word' id='word_1_458' title='bbox 2177 2365 2421 2422; x_wconf 68' lang='lat' dir='ltr'><strong>Ezechiae</strong></span> <span class='ocrx_word' id='word_1_459' title='bbox 2436 2381 2609 2432; x_wconf 89' lang='lat' dir='ltr'><strong>more,</strong></span> <span class='ocrx_word' id='word_1_460' title='bbox 2640 2367 2757 2439; x_wconf 88' lang='lat' dir='ltr'><strong>qui,</strong></span> <span class='ocrx_word' id='word_1_461' title='bbox 2782 2366 3076 2437; x_wconf 87' lang='lat' dir='ltr'><strong>peremptis</strong></span> <span class='ocrx_word' id='word_1_462' title='bbox 3096 2367 3355 2437; x_wconf 83' lang='lat' dir='ltr'><strong>Assyriis,</strong></span> 
     </span>
    </p>
   </div>
   <div class='ocr_carea' id='block_1_69' title="bbox 1774 2456 3356 2529">
    <p class='ocr_par' dir='ltr' id='par_1_69' title="bbox 1774 2456 3356 2529">
     <span class='ocr_line' id='line_1_69' title="bbox 1774 2456 3356 2529; baseline -0.001 -17"><span class='ocrx_word' id='word_1_463' title='bbox 1774 2459 2033 2514; x_wconf 84' lang='lat' dir='ltr'><strong>laudabat</strong></span> <span class='ocrx_word' id='word_1_464' title='bbox 2063 2457 2379 2523; x_wconf 90' lang='lat' dir='ltr'><strong>Dominum,</strong></span> <span class='ocrx_word' id='word_1_465' title='bbox 2433 2458 2744 2529; x_wconf 84' lang='lat' dir='ltr'><strong>gratiasque</strong></span> <span class='ocrx_word' id='word_1_466' title='bbox 2793 2472 2958 2526; x_wconf 90' lang='lat' dir='ltr'><strong>agens</strong></span> <span class='ocrx_word' id='word_1_467' title='bbox 3010 2456 3226 2511; x_wconf 88' lang='lat' dir='ltr'><strong>dicebat</strong></span> <span class='ocrx_word' id='word_1_468' title='bbox 3259 2457 3303 2488; x_wconf 53' lang='grc'><strong>⁸1</strong></span> <span class='ocrx_word' id='word_1_469' title='bbox 3342 2476 3356 2509; x_wconf 88' lang='lat'><strong>:</strong></span> 
     </span>
    </p>
   </div>
   <div class='ocr_carea' id='block_1_70' title="bbox 1782 2545 3358 2617">
    <p class='ocr_par' dir='ltr' id='par_1_70' title="bbox 1782 2545 3358 2617">
     <span class='ocr_line' id='line_1_70' title="bbox 1782 2545 3358 2617; baseline -0.002 -15"><span class='ocrx_word' id='word_1_470' title='bbox 1782 2570 1799 2602; x_wconf 76' lang='grc' dir='ltr'><strong>ι</strong></span> <span class='ocrx_word' id='word_1_471' title='bbox 1845 2549 2005 2605; x_wconf 90' lang='lat' dir='ltr'><strong>Salva</strong></span> <span class='ocrx_word' id='word_1_472' title='bbox 2035 2564 2142 2615; x_wconf 91' lang='lat' dir='ltr'><strong>me,</strong></span> <span class='ocrx_word' id='word_1_473' title='bbox 2174 2547 2439 2615; x_wconf 86' lang='lat' dir='ltr'><strong>Domine;</strong></span> <span class='ocrx_word' id='word_1_474' title='bbox 2493 2562 2669 2617; x_wconf 88' lang='lat' dir='ltr'><strong>neque</strong></span> <span class='ocrx_word' id='word_1_475' title='bbox 2713 2547 2959 2602; x_wconf 81' lang='lat' dir='ltr'><strong>desinam</strong></span> <span class='ocrx_word' id='word_1_476' title='bbox 2999 2546 3095 2600; x_wconf 91' lang='lat' dir='ltr'><strong>tibi</strong></span> <span class='ocrx_word' id='word_1_477' title='bbox 3136 2545 3358 2600; x_wconf 91' lang='lat' dir='ltr'><strong>benedi-</strong></span> 
     </span>
    </p>
   </div>
   <div class='ocr_carea' id='block_1_71' title="bbox 1778 2638 3362 2705">
    <p class='ocr_par' dir='ltr' id='par_1_71' title="bbox 1778 2638 3362 2705">
     <span class='ocr_line' id='line_1_71' title="bbox 1778 2638 3362 2705; baseline -0.003 -7"><span class='ocrx_word' id='word_1_478' title='bbox 1778 2656 1899 2698; x_wconf 84' lang='lat' dir='ltr'><strong>cere</strong></span> <span class='ocrx_word' id='word_1_479' title='bbox 1917 2642 2127 2698; x_wconf 88' lang='lat' dir='ltr'><strong>cithara</strong></span> <span class='ocrx_word' id='word_1_480' title='bbox 2154 2641 2364 2696; x_wconf 90' lang='lat' dir='ltr'><strong>cunctis</strong></span> <span class='ocrx_word' id='word_1_481' title='bbox 2390 2638 2581 2695; x_wconf 86' lang='lat' dir='ltr'><strong>diebus</strong></span> <span class='ocrx_word' id='word_1_482' title='bbox 2613 2639 2739 2694; x_wconf 84' lang='lat' dir='ltr'><strong>vitae</strong></span> <span class='ocrx_word' id='word_1_483' title='bbox 2798 2654 2952 2705; x_wconf 62' lang='lat' dir='ltr'><strong>meae,</strong></span> <span class='ocrx_word' id='word_1_484' title='bbox 2987 2653 3171 2694; x_wconf 90' lang='lat' dir='ltr'><strong>coram</strong></span> <span class='ocrx_word' id='word_1_485' title='bbox 3199 2640 3362 2693; x_wconf 90' lang='lat' dir='ltr'><strong>domo</strong></span> 
     </span>
    </p>
   </div>
   <div class='ocr_carea' id='block_1_72' title="bbox 1780 2731 3364 2806">
    <p class='ocr_par' dir='ltr' id='par_1_72' title="bbox 1780 2731 3364 2806">
     <span class='ocr_line' id='line_1_72' title="bbox 1780 2731 3364 2806; baseline 0.001 -20"><span class='ocrx_word' id='word_1_486' title='bbox 1780 2733 1997 2790; x_wconf 90' lang='lat' dir='ltr'><strong>Domini</strong></span> <span class='ocrx_word' id='word_1_487' title='bbox 2026 2733 2162 2806; x_wconf 88' lang='lat'><strong>(66).</strong></span> <span class='ocrx_word' id='word_1_488' title='bbox 2204 2753 2223 2787; x_wconf 74' lang='grc' dir='ltr'><strong>ι</strong></span> <span class='ocrx_word' id='word_1_489' title='bbox 2258 2734 2342 2788; x_wconf 92' lang='lat' dir='ltr'><strong>Illi</strong></span> <span class='ocrx_word' id='word_1_490' title='bbox 2373 2733 2580 2803; x_wconf 89' lang='lat' dir='ltr'><strong>pariter</strong></span> <span class='ocrx_word' id='word_1_491' title='bbox 2607 2731 2752 2786; x_wconf 87' lang='lat' dir='ltr'><strong>beati</strong></span> <span class='ocrx_word' id='word_1_492' title='bbox 2794 2733 2919 2799; x_wconf 88' lang='lat' dir='ltr'><strong>viri,</strong></span> <span class='ocrx_word' id='word_1_493' title='bbox 2961 2734 3054 2803; x_wconf 93' lang='lat' dir='ltr'><strong>qui</strong></span> <span class='ocrx_word' id='word_1_494' title='bbox 3088 2732 3364 2803; x_wconf 63' lang='lat' dir='ltr'><strong>Babylone</strong></span> 
     </span>
    </p>
   </div>
   <div class='ocr_carea' id='block_1_73' title="bbox 1781 2822 3363 2889">
    <p class='ocr_par' dir='ltr' id='par_1_73' title="bbox 1781 2822 3363 2889">
     <span class='ocr_line' id='line_1_73' title="bbox 1781 2822 3363 2889; baseline -0.001 -10"><span class='ocrx_word' id='word_1_495' title='bbox 1781 2826 1972 2880; x_wconf 87' lang='lat' dir='ltr'><strong>tentati</strong></span> <span class='ocrx_word' id='word_1_496' title='bbox 2001 2824 2244 2889; x_wconf 88' lang='lat' dir='ltr'><strong>fuerunt,</strong></span> <span class='ocrx_word' id='word_1_497' title='bbox 2279 2825 2332 2880; x_wconf 88' lang='lat' dir='ltr'><strong>id</strong></span> <span class='ocrx_word' id='word_1_498' title='bbox 2378 2833 2461 2879; x_wconf 91' lang='lat' dir='ltr'><strong>est</strong></span> <span class='ocrx_word' id='word_1_499' title='bbox 2485 2824 2747 2889; x_wconf 79' lang='lat' dir='ltr'><strong>Anauias,</strong></span> <span class='ocrx_word' id='word_1_500' title='bbox 2786 2822 2975 2879; x_wconf 88' lang='lat' dir='ltr'><strong>Misael</strong></span> <span class='ocrx_word' id='word_1_501' title='bbox 3025 2832 3078 2878; x_wconf 84' lang='lat' dir='ltr'><strong>et</strong></span> <span class='ocrx_word' id='word_1_502' title='bbox 3114 2822 3363 2888; x_wconf 71' lang='lat' dir='ltr'><strong>Azarias,</strong></span> 
     </span>
    </p>
   </div>
   <div class='ocr_carea' id='block_1_74' title="bbox 1783 2915 3367 2987">
    <p class='ocr_par' dir='ltr' id='par_1_74' title="bbox 1783 2915 3367 2987">
     <span class='ocr_line' id='line_1_74' title="bbox 1783 2915 3367 2987; baseline -0.002 -16"><span class='ocrx_word' id='word_1_503' title='bbox 1783 2918 1961 2973; x_wconf 88' lang='lat' dir='ltr'><strong>media</strong></span> <span class='ocrx_word' id='word_1_504' title='bbox 1994 2917 2047 2971; x_wconf 92' lang='lat' dir='ltr'><strong>in</strong></span> <span class='ocrx_word' id='word_1_505' title='bbox 2077 2916 2435 2987; x_wconf 86' lang='lat' dir='ltr'><strong>quiete,dum</strong></span> <span class='ocrx_word' id='word_1_506' title='bbox 2466 2916 2685 2971; x_wconf 86' lang='lat' dir='ltr'><strong>ﬂamma</strong></span> <span class='ocrx_word' id='word_1_507' title='bbox 2728 2927 2875 2971; x_wconf 86' lang='lat' dir='ltr'><strong>esset</strong></span> <span class='ocrx_word' id='word_1_508' title='bbox 2922 2915 3059 2985; x_wconf 90' lang='lat' dir='ltr'><strong>ipsis</strong></span> <span class='ocrx_word' id='word_1_509' title='bbox 3112 2915 3258 2970; x_wconf 88' lang='lat' dir='ltr'><strong>roris</strong></span> <span class='ocrx_word' id='word_1_510' title='bbox 3282 2915 3367 2968; x_wconf 89' lang='lat' dir='ltr'><strong>in-</strong></span> 
     </span>
    </p>
   </div>
   <div class='ocr_carea' id='block_1_75' title="bbox 1784 3004 3366 3090">
    <p class='ocr_par' dir='ltr' id='par_1_75' title="bbox 1784 3004 3366 3090">
     <span class='ocr_line' id='line_1_75' title="bbox 1784 3004 3366 3090; baseline -0.001 -27"><span class='ocrx_word' id='word_1_511' title='bbox 1784 3016 1919 3090; x_wconf 74' lang='lat' dir='ltr'><strong>star,</strong></span> <span class='ocrx_word' id='word_1_512' title='bbox 1952 3024 2079 3062; x_wconf 89' lang='lat' dir='ltr'><strong>cum</strong></span> <span class='ocrx_word' id='word_1_513' title='bbox 2111 3007 2342 3063; x_wconf 91' lang='lat' dir='ltr'><strong>canticis</strong></span> <span class='ocrx_word' id='word_1_514' title='bbox 2375 3008 2580 3078; x_wconf 88' lang='lat' dir='ltr'><strong>gratias</strong></span> <span class='ocrx_word' id='word_1_515' title='bbox 2608 3007 2859 3077; x_wconf 83' lang='lat' dir='ltr'><strong>agebant,</strong></span> <span class='ocrx_word' id='word_1_516' title='bbox 2907 3015 2962 3061; x_wconf 88' lang='lat' dir='ltr'><strong>et</strong></span> <span class='ocrx_word' id='word_1_517' title='bbox 3009 3005 3196 3061; x_wconf 86' lang='lat' dir='ltr'><strong>laudes</strong></span> <span class='ocrx_word' id='word_1_518' title='bbox 3256 3004 3366 3061; x_wconf 86' lang='lat' dir='ltr'><strong>Deo</strong></span> 
     </span>
    </p>
   </div>
   <div class='ocr_carea' id='block_1_76' title="bbox 1784 3098 3364 3169">
    <p class='ocr_par' dir='ltr' id='par_1_76' title="bbox 1784 3098 3364 3169">
     <span class='ocr_line' id='line_1_76' title="bbox 1784 3098 3364 3169; baseline -0.003 -14"><span class='ocrx_word' id='word_1_519' title='bbox 1784 3102 2104 3155; x_wconf 89' lang='lat' dir='ltr'><strong>attollebant</strong></span> <span class='ocrx_word' id='word_1_520' title='bbox 2132 3100 2198 3152; x_wconf 73' lang='grc'><strong>⁵⁶;</strong></span> <span class='ocrx_word' id='word_1_521' title='bbox 2229 3103 2310 3154; x_wconf 85' lang='lat' dir='ltr'><strong>lta</strong></span> <span class='ocrx_word' id='word_1_522' title='bbox 2351 3108 2411 3155; x_wconf 87' lang='lat' dir='ltr'><strong>ut</strong></span> <span class='ocrx_word' id='word_1_523' title='bbox 2460 3100 2573 3164; x_wconf 91' lang='lat' dir='ltr'><strong>isti,</strong></span> <span class='ocrx_word' id='word_1_524' title='bbox 2625 3101 2707 3154; x_wconf 90' lang='lat' dir='ltr'><strong>sic</strong></span> <span class='ocrx_word' id='word_1_525' title='bbox 2756 3114 2858 3169; x_wconf 89' lang='lat' dir='ltr'><strong>ego</strong></span> <span class='ocrx_word' id='word_1_526' title='bbox 2898 3113 3115 3167; x_wconf 86' lang='lat' dir='ltr'><strong>quoque</strong></span> <span class='ocrx_word' id='word_1_527' title='bbox 3146 3098 3364 3167; x_wconf 82' lang='lat' dir='ltr'><strong>Opinor,</strong></span> 
     </span>
    </p>
   </div>
   <div class='ocr_carea' id='block_1_77' title="bbox 1786 3190 3369 3262">
    <p class='ocr_par' dir='ltr' id='par_1_77' title="bbox 1786 3190 3369 3262">
     <span class='ocr_line' id='line_1_77' title="bbox 1786 3190 3369 3262; baseline -0.003 -16"><span class='ocrx_word' id='word_1_528' title='bbox 1786 3192 1984 3249; x_wconf 88' lang='lat' dir='ltr'><strong>fratres</strong></span> <span class='ocrx_word' id='word_1_529' title='bbox 2008 3193 2134 3259; x_wconf 91' lang='lat' dir='ltr'><strong>mei,</strong></span> <span class='ocrx_word' id='word_1_530' title='bbox 2168 3201 2333 3262; x_wconf 87' lang='lat' dir='ltr'><strong>atque</strong></span> <span class='ocrx_word' id='word_1_531' title='bbox 2363 3192 2479 3247; x_wconf 62' lang='lat' dir='ltr'><strong>haec</strong></span> <span class='ocrx_word' id='word_1_532' title='bbox 2507 3192 2707 3247; x_wconf 84' lang='lat' dir='ltr'><strong>scribo.</strong></span> <span class='ocrx_word' id='word_1_533' title='bbox 2744 3190 2875 3257; x_wconf 67' lang='lat' dir='ltr'><strong>Qua:</strong></span> <span class='ocrx_word' id='word_1_534' title='bbox 2921 3203 3028 3244; x_wconf 89' lang='lat' dir='ltr'><strong>non</strong></span> <span class='ocrx_word' id='word_1_535' title='bbox 3063 3197 3191 3244; x_wconf 90' lang='lat' dir='ltr'><strong>sunt</strong></span> <span class='ocrx_word' id='word_1_536' title='bbox 3228 3198 3369 3243; x_wconf 88' lang='lat' dir='ltr'><strong>tem-</strong></span> 
     </span>
    </p>
   </div>
   <div class='ocr_carea' id='block_1_78' title="bbox 1786 3280 3371 3355">
    <p class='ocr_par' dir='ltr' id='par_1_78' title="bbox 1786 3280 3371 3355">
     <span class='ocr_line' id='line_1_78' title="bbox 1786 3280 3371 3355; baseline -0.002 -16"><span class='ocrx_word' id='word_1_537' title='bbox 1786 3285 2014 3355; x_wconf 89' lang='lat' dir='ltr'><strong>poribus</strong></span> <span class='ocrx_word' id='word_1_538' title='bbox 2047 3284 2254 3339; x_wconf 87' lang='lat' dir='ltr'><strong>nostris</strong></span> <span class='ocrx_word' id='word_1_539' title='bbox 2281 3285 2422 3354; x_wconf 88' lang='lat' dir='ltr'><strong>apud</strong></span> <span class='ocrx_word' id='word_1_540' title='bbox 2449 3284 2702 3338; x_wconf 87' lang='lat' dir='ltr'><strong>homines</strong></span> <span class='ocrx_word' id='word_1_541' title='bbox 2750 3283 3056 3354; x_wconf 75' lang='lat' dir='ltr'><strong>possibilia,</strong></span> <span class='ocrx_word' id='word_1_542' title='bbox 3112 3297 3176 3336; x_wconf 91' lang='lat' dir='ltr'><strong>ea</strong></span> <span class='ocrx_word' id='word_1_543' title='bbox 3225 3280 3371 3336; x_wconf 84' lang='lat' dir='ltr'><strong>Deus</strong></span> 
     </span>
    </p>
   </div>
   <div class='ocr_carea' id='block_1_79' title="bbox 1788 3374 3371 3446">
    <p class='ocr_par' dir='ltr' id='par_1_79' title="bbox 1788 3374 3371 3446">
     <span class='ocr_line' id='line_1_79' title="bbox 1788 3374 3371 3446; baseline -0.001 -15"><span class='ocrx_word' id='word_1_544' title='bbox 1788 3376 1921 3432; x_wconf 87' lang='lat' dir='ltr'><strong>facit</strong></span> <span class='ocrx_word' id='word_1_545' title='bbox 1957 3376 2287 3446; x_wconf 78' lang='lat' dir='ltr'><strong>possibilia:</strong></span> <span class='ocrx_word' id='word_1_546' title='bbox 2344 3375 2601 3445; x_wconf 90' lang='lat' dir='ltr'><strong>quodque</strong></span> <span class='ocrx_word' id='word_1_547' title='bbox 2643 3376 2895 3429; x_wconf 86' lang='lat' dir='ltr'><strong>homines</strong></span> <span class='ocrx_word' id='word_1_548' title='bbox 2945 3374 3171 3428; x_wconf 78' lang='lat' dir='ltr'><strong>minime</strong></span> <span class='ocrx_word' id='word_1_549' title='bbox 3218 3380 3371 3442; x_wconf 70' lang='lat' dir='ltr'><strong>potte-</strong></span> 
     </span>
    </p>
   </div>
   <div class='ocr_carea' id='block_1_80' title="bbox 1789 3464 3371 3532">
    <p class='ocr_par' dir='ltr' id='par_1_80' title="bbox 1789 3464 3371 3532">
     <span class='ocr_line' id='line_1_80' title="bbox 1789 3464 3371 3532; baseline -0.003 -9"><span class='ocrx_word' id='word_1_550' title='bbox 1789 3476 1940 3532; x_wconf 86' lang='lat' dir='ltr'><strong>runt,</strong></span> <span class='ocrx_word' id='word_1_551' title='bbox 1972 3467 2025 3523; x_wconf 86' lang='lat' dir='ltr'><strong>id</strong></span> <span class='ocrx_word' id='word_1_552' title='bbox 2051 3466 2196 3522; x_wconf 90' lang='lat' dir='ltr'><strong>Deus</strong></span> <span class='ocrx_word' id='word_1_553' title='bbox 2223 3466 2382 3522; x_wconf 91' lang='lat' dir='ltr'><strong>facile</strong></span> <span class='ocrx_word' id='word_1_554' title='bbox 2414 3466 2564 3521; x_wconf 90' lang='lat' dir='ltr'><strong>factu</strong></span> <span class='ocrx_word' id='word_1_555' title='bbox 2590 3467 3010 3531; x_wconf 85' lang='lat' dir='ltr'><strong>demonstrabit,</strong></span> <span class='ocrx_word' id='word_1_556' title='bbox 3044 3482 3147 3522; x_wconf 90' lang='lat' dir='ltr'><strong>nos</strong></span> <span class='ocrx_word' id='word_1_557' title='bbox 3179 3464 3371 3520; x_wconf 66' lang='lat' dir='ltr'><strong>videli-</strong></span> 
     </span>
    </p>
   </div>
   <div class='ocr_carea' id='block_1_81' title="bbox 1790 3557 3375 3627">
    <p class='ocr_par' dir='ltr' id='par_1_81' title="bbox 1790 3557 3375 3627">
     <span class='ocr_line' id='line_1_81' title="bbox 1790 3557 3375 3627; baseline -0.001 -13"><span class='ocrx_word' id='word_1_558' title='bbox 1790 3568 1877 3615; x_wconf 88' lang='lat' dir='ltr'><strong>cet</strong></span> <span class='ocrx_word' id='word_1_559' title='bbox 1902 3557 1971 3613; x_wconf 89' lang='lat' dir='ltr'><strong>ad</strong></span> <span class='ocrx_word' id='word_1_560' title='bbox 2003 3572 2103 3613; x_wconf 92' lang='lat' dir='ltr'><strong>vos</strong></span> <span class='ocrx_word' id='word_1_561' title='bbox 2130 3558 2462 3623; x_wconf 89' lang='lat' dir='ltr'><strong>revocando,</strong></span> <span class='ocrx_word' id='word_1_562' title='bbox 2502 3572 2609 3611; x_wconf 91' lang='lat' dir='ltr'><strong>non</strong></span> <span class='ocrx_word' id='word_1_563' title='bbox 2654 3566 2835 3612; x_wconf 87' lang='lat' dir='ltr'><strong>autem</strong></span> <span class='ocrx_word' id='word_1_564' title='bbox 2879 3558 3116 3627; x_wconf 86' lang='lat' dir='ltr'><strong>praedam</strong></span> <span class='ocrx_word' id='word_1_565' title='bbox 3169 3558 3238 3612; x_wconf 89' lang='lat' dir='ltr'><strong>iis</strong></span> <span class='ocrx_word' id='word_1_566' title='bbox 3270 3566 3375 3612; x_wconf 82' lang='lat' dir='ltr'><strong>tra—</strong></span> 
     </span>
    </p>
   </div>
   <div class='ocr_carea' id='block_1_82' title="bbox 1793 3648 3327 3720">
    <p class='ocr_par' dir='ltr' id='par_1_82' title="bbox 1793 3648 3327 3720">
     <span class='ocr_line' id='line_1_82' title="bbox 1793 3648 3327 3720; baseline -0.002 -14"><span class='ocrx_word' id='word_1_567' title='bbox 1793 3650 1972 3706; x_wconf 91' lang='lat' dir='ltr'><strong>dendo</strong></span> <span class='ocrx_word' id='word_1_568' title='bbox 1993 3649 2084 3720; x_wconf 89' lang='lat' dir='ltr'><strong>qui</strong></span> <span class='ocrx_word' id='word_1_569' title='bbox 2122 3664 2224 3705; x_wconf 92' lang='lat' dir='ltr'><strong>nos</strong></span> <span class='ocrx_word' id='word_1_570' title='bbox 2246 3650 2468 3719; x_wconf 89' lang='lat' dir='ltr'><strong>pulsare</strong></span> <span class='ocrx_word' id='word_1_571' title='bbox 2493 3651 2851 3705; x_wconf 90' lang='lat' dir='ltr'><strong>contendunt.</strong></span> <span class='ocrx_word' id='word_1_572' title='bbox 2884 3648 3009 3704; x_wconf 69' lang='lat' dir='ltr'><strong>llazc</strong></span> <span class='ocrx_word' id='word_1_573' title='bbox 3073 3665 3203 3705; x_wconf 86' lang='lat' dir='ltr'><strong>vero</strong></span> <span class='ocrx_word' id='word_1_574' title='bbox 3247 3655 3327 3703; x_wconf 70' lang='lat' dir='ltr'><strong>ou</strong></span> 
     </span>
    </p>
   </div>
   <div class='ocr_carea' id='block_1_83' title="bbox 1793 3742 3352 3813">
    <p class='ocr_par' dir='ltr' id='par_1_83' title="bbox 1793 3742 3352 3813">
     <span class='ocr_line' id='line_1_83' title="bbox 1793 3742 3352 3813; baseline -0.001 -14"><span class='ocrx_word' id='word_1_575' title='bbox 1793 3746 1882 3799; x_wconf 85' lang='lat' dir='ltr'><strong>nia</strong></span> <span class='ocrx_word' id='word_1_576' title='bbox 1911 3758 2019 3799; x_wconf 87' lang='lat' dir='ltr'><strong>non</strong></span> <span class='ocrx_word' id='word_1_577' title='bbox 2055 3751 2166 3798; x_wconf 91' lang='lat' dir='ltr'><strong>tam</strong></span> <span class='ocrx_word' id='word_1_578' title='bbox 2203 3743 2260 3797; x_wconf 91' lang='lat' dir='ltr'><strong>in</strong></span> <span class='ocrx_word' id='word_1_579' title='bbox 2292 3758 2394 3799; x_wconf 91' lang='lat' dir='ltr'><strong>nos</strong></span> <span class='ocrx_word' id='word_1_580' title='bbox 2452 3742 2837 3813; x_wconf 90' lang='lat' dir='ltr'><strong>intorquentur</strong></span> <span class='ocrx_word' id='word_1_581' title='bbox 2883 3759 3048 3813; x_wconf 91' lang='lat' dir='ltr'><strong>quam</strong></span> <span class='ocrx_word' id='word_1_582' title='bbox 3099 3742 3153 3796; x_wconf 90' lang='lat' dir='ltr'><strong>in</strong></span> <span class='ocrx_word' id='word_1_583' title='bbox 3191 3742 3352 3797; x_wconf 83' lang='lat' dir='ltr'><strong>Eccle</strong></span> 
     </span>
    </p>
   </div>
   <div class='ocr_carea' id='block_1_84' title="bbox 1796 3833 3378 3904">
    <p class='ocr_par' dir='ltr' id='par_1_84' title="bbox 1796 3833 3378 3904">
     <span class='ocr_line' id='line_1_84' title="bbox 1796 3833 3378 3904; baseline 0.001 -15"><span class='ocrx_word' id='word_1_584' title='bbox 1796 3834 1934 3889; x_wconf 90' lang='lat' dir='ltr'><strong>siam</strong></span> <span class='ocrx_word' id='word_1_585' title='bbox 1981 3842 2037 3889; x_wconf 89' lang='lat' dir='ltr'><strong>et</strong></span> <span class='ocrx_word' id='word_1_586' title='bbox 2089 3842 2297 3888; x_wconf 89' lang='lat' dir='ltr'><strong>rectam</strong></span> <span class='ocrx_word' id='word_1_587' title='bbox 2348 3833 2533 3901; x_wconf 84' lang='lat' dir='ltr'><strong>ﬁdem,</strong></span> <span class='ocrx_word' id='word_1_588' title='bbox 2588 3848 2753 3904; x_wconf 90' lang='lat' dir='ltr'><strong>quam</strong></span> <span class='ocrx_word' id='word_1_589' title='bbox 2802 3833 2892 3888; x_wconf 89' lang='lat' dir='ltr'><strong>isti</strong></span> <span class='ocrx_word' id='word_1_590' title='bbox 2945 3833 3234 3904; x_wconf 89' lang='lat' dir='ltr'><strong>iniquitate</strong></span> <span class='ocrx_word' id='word_1_591' title='bbox 3278 3849 3378 3890; x_wconf 89' lang='lat' dir='ltr'><strong>sua</strong></span> 
     </span>
    </p>
   </div>
   <div class='ocr_carea' id='block_1_85' title="bbox 1798 3921 2448 3979">
    <p class='ocr_par' dir='ltr' id='par_1_85' title="bbox 1798 3921 2448 3979">
     <span class='ocr_line' id='line_1_85' title="bbox 1798 3921 2448 3979; baseline -0.003 -1"><span class='ocrx_word' id='word_1_592' title='bbox 1798 3921 2031 3979; x_wconf 88' lang='lat' dir='ltr'><strong>obruere</strong></span> <span class='ocrx_word' id='word_1_593' title='bbox 2059 3922 2448 3978; x_wconf 89' lang='lat' dir='ltr'><strong>moliebantur.</strong></span> 
     </span>
    </p>
   </div>
   <div class='ocr_carea' id='block_1_86' title="bbox 1867 4015 3383 4090">
    <p class='ocr_par' dir='ltr' id='par_1_86' title="bbox 1867 4015 3383 4090">
     <span class='ocr_line' id='line_1_86' title="bbox 1867 4015 3383 4090; baseline 0.001 -17"><span class='ocrx_word' id='word_1_594' title='bbox 1867 4019 1921 4074; x_wconf 70' lang='grc' dir='ltr'>ιι..</span> <span class='ocrx_word' id='word_1_595' title='bbox 1953 4017 2207 4072; x_wconf 84' lang='lat' dir='ltr'><strong>Attamen</strong></span> <span class='ocrx_word' id='word_1_596' title='bbox 2238 4017 2417 4072; x_wconf 88' lang='lat' dir='ltr'><strong>bonus</strong></span> <span class='ocrx_word' id='word_1_597' title='bbox 2450 4015 2617 4079; x_wconf 91' lang='lat' dir='ltr'><strong>Deus,</strong></span> <span class='ocrx_word' id='word_1_598' title='bbox 2652 4015 3040 4087; x_wconf 81' lang='lat' dir='ltr'><strong>benignitatem</strong></span> <span class='ocrx_word' id='word_1_599' title='bbox 3066 4034 3221 4074; x_wconf 88' lang='lat' dir='ltr'><strong>suam</strong></span> <span class='ocrx_word' id='word_1_600' title='bbox 3252 4034 3383 4090; x_wconf 90' lang='lat' dir='ltr'><strong>erga</strong></span> 
     </span>
    </p>
   </div>
   <div class='ocr_carea' id='block_1_87' title="bbox 1800 4106 3383 4179">
    <p class='ocr_par' dir='ltr' id='par_1_87' title="bbox 1800 4106 3383 4179">
     <span class='ocr_line' id='line_1_87' title="bbox 1800 4106 3383 4179; baseline 0.001 -16"><span class='ocrx_word' id='word_1_601' title='bbox 1800 4124 1903 4165; x_wconf 87' lang='lat' dir='ltr'><strong>nos</strong></span> <span class='ocrx_word' id='word_1_602' title='bbox 1936 4107 2278 4179; x_wconf 85' lang='lat' dir='ltr'><strong>prodigebat,</strong></span> <span class='ocrx_word' id='word_1_603' title='bbox 2334 4120 2446 4162; x_wconf 90' lang='lat' dir='ltr'><strong>non</strong></span> <span class='ocrx_word' id='word_1_604' title='bbox 2488 4106 2603 4177; x_wconf 87' lang='grc'><strong>88</strong></span> <span class='ocrx_word' id='word_1_605' title='bbox 2631 4115 2764 4162; x_wconf 89' lang='lat' dir='ltr'><strong>tunc</strong></span> <span class='ocrx_word' id='word_1_606' title='bbox 2796 4109 3200 4163; x_wconf 83' lang='lat' dir='ltr'><strong>tantummodo</strong></span> <span class='ocrx_word' id='word_1_607' title='bbox 3255 4125 3383 4165; x_wconf 91' lang='lat' dir='ltr'><strong>cum</strong></span> 
     </span>
    </p>
   </div>
   <div class='ocr_carea' id='block_1_88' title="bbox 1799 4195 3388 4269">
    <p class='ocr_par' dir='ltr' id='par_1_88' title="bbox 1799 4195 3388 4269">
     <span class='ocr_line' id='line_1_88' title="bbox 1799 4195 3388 4269; baseline 0 -15"><span class='ocrx_word' id='word_1_608' title='bbox 1799 4199 2171 4255; x_wconf 85' lang='lat' dir='ltr'><strong>universalem</strong></span> <span class='ocrx_word' id='word_1_609' title='bbox 2200 4198 2432 4253; x_wconf 88' lang='lat' dir='ltr'><strong>salutem</strong></span> <span class='ocrx_word' id='word_1_610' title='bbox 2493 4212 2591 4266; x_wconf 90' lang='lat' dir='ltr'><strong>per</strong></span> <span class='ocrx_word' id='word_1_611' title='bbox 2645 4195 2885 4252; x_wconf 80' lang='lat' dir='ltr'><strong>Verbum</strong></span> <span class='ocrx_word' id='word_1_612' title='bbox 2923 4214 3083 4254; x_wconf 87' lang='lat' dir='ltr'><strong>suum</strong></span> <span class='ocrx_word' id='word_1_613' title='bbox 3130 4214 3388 4269; x_wconf 88' lang='lat' dir='ltr'><strong>procura-</strong></span> 
     </span>
    </p>
   </div>
   <div class='ocr_carea' id='block_1_89' title="bbox 1799 4290 3386 4363">
    <p class='ocr_par' dir='ltr' id='par_1_89' title="bbox 1799 4290 3386 4363">
     <span class='ocr_line' id='line_1_89' title="bbox 1799 4290 3386 4363; baseline -0.001 -15"><span class='ocrx_word' id='word_1_614' title='bbox 1799 4293 1914 4357; x_wconf 87' lang='lat' dir='ltr'><strong>bat,</strong></span> <span class='ocrx_word' id='word_1_615' title='bbox 1949 4293 2044 4348; x_wconf 89' lang='lat' dir='ltr'><strong>sed</strong></span> <span class='ocrx_word' id='word_1_616' title='bbox 2076 4305 2226 4347; x_wconf 90' lang='lat' dir='ltr'><strong>nunc</strong></span> <span class='ocrx_word' id='word_1_617' title='bbox 2253 4290 2418 4349; x_wconf 86' lang='lat' dir='ltr'><strong>etiam</strong></span> <span class='ocrx_word' id='word_1_618' title='bbox 2450 4305 2575 4345; x_wconf 90' lang='lat' dir='ltr'><strong>cum</strong></span> <span class='ocrx_word' id='word_1_619' title='bbox 2601 4305 2704 4346; x_wconf 91' lang='lat' dir='ltr'><strong>nos</strong></span> <span class='ocrx_word' id='word_1_620' title='bbox 2736 4291 2944 4347; x_wconf 90' lang='lat' dir='ltr'><strong>inimici</strong></span> <span class='ocrx_word' id='word_1_621' title='bbox 2977 4292 3386 4363; x_wconf 84' lang='lat' dir='ltr'><strong>persequeban-</strong></span> 
     </span>
    </p>
   </div>
   <div class='ocr_carea' id='block_1_90' title="bbox 1805 4387 3385 4459">
    <p class='ocr_par' dir='ltr' id='par_1_90' title="bbox 1805 4387 3385 4459">
     <span class='ocr_line' id='line_1_90' title="bbox 1805 4387 3385 4459; baseline 0 -14"><span class='ocrx_word' id='word_1_622' title='bbox 1805 4399 1911 4457; x_wconf 92' lang='lat' dir='ltr'><strong>tur,</strong></span> <span class='ocrx_word' id='word_1_623' title='bbox 1934 4400 1989 4445; x_wconf 91' lang='lat' dir='ltr'><strong>et</strong></span> <span class='ocrx_word' id='word_1_624' title='bbox 2020 4403 2291 4459; x_wconf 84' lang='lat' dir='ltr'><strong>occupare</strong></span> <span class='ocrx_word' id='word_1_625' title='bbox 2316 4387 2653 4453; x_wconf 90' lang='lat' dir='ltr'><strong>nitebantur,</strong></span> <span class='ocrx_word' id='word_1_626' title='bbox 2681 4403 2779 4443; x_wconf 88' lang='lat' dir='ltr'><strong>ceu</strong></span> <span class='ocrx_word' id='word_1_627' title='bbox 2812 4387 3013 4442; x_wconf 91' lang='lat' dir='ltr'><strong>alicubi</strong></span> <span class='ocrx_word' id='word_1_628' title='bbox 3040 4399 3230 4444; x_wconf 86' lang='lat' dir='ltr'><strong>narrat</strong></span> <span class='ocrx_word' id='word_1_629' title='bbox 3255 4389 3385 4445; x_wconf 88' lang='lat' dir='ltr'><strong>bea-</strong></span> 
     </span>
    </p>
   </div>
   <div class='ocr_carea' id='block_1_91' title="bbox 139 4458 3427 4551">
    <p class='ocr_par' dir='ltr' id='par_1_91' title="bbox 139 4458 3427 4551">
     <span class='ocr_line' id='line_1_91' title="bbox 139 4458 3427 4551; baseline 0.002 -18"><span class='ocrx_word' id='word_1_630' title='bbox 139 4483 256 4550; x_wconf 89' lang='lat' dir='ltr'><strong>qui;</strong></span> <span class='ocrx_word' id='word_1_631' title='bbox 284 4499 443 4540; x_wconf 83' lang='lat' dir='ltr'><strong>secus</strong></span> <span class='ocrx_word' id='word_1_632' title='bbox 471 4483 617 4538; x_wconf 89' lang='lat' dir='ltr'><strong>enim</strong></span> <span class='ocrx_word' id='word_1_633' title='bbox 659 4482 729 4537; x_wconf 92' lang='lat' dir='ltr'><strong>ab</strong></span> <span class='ocrx_word' id='word_1_634' title='bbox 773 4479 1074 4551; x_wconf 85' lang='lat' dir='ltr'><strong>apostolico</strong></span> <span class='ocrx_word' id='word_1_635' title='bbox 1118 4478 1325 4532; x_wconf 83' lang='lat' dir='ltr'><strong>monito</strong></span> <span class='ocrx_word' id='word_1_636' title='bbox 1357 4492 1447 4532; x_wconf 91' lang='lat' dir='ltr'><strong>me</strong></span> <span class='ocrx_word' id='word_1_637' title='bbox 1472 4477 1701 4533; x_wconf 86' lang='lat' dir='ltr'><strong>damna-</strong></span> <span class='ocrx_word' id='word_1_638' title='bbox 1732 4476 1778 4532; x_wconf 85' lang='grc' dir='ltr'>ι)</span> <span class='ocrx_word' id='word_1_639' title='bbox 1810 4494 1897 4540; x_wconf 89' lang='lat' dir='ltr'><strong>tus</strong></span> <span class='ocrx_word' id='word_1_640' title='bbox 1932 4458 2225 4540; x_wconf 84' lang='lat' dir='ltr'><strong>Paulusde</strong></span> <span class='ocrx_word' id='word_1_641' title='bbox 2248 4480 3138 4551; x_wconf 77' lang='lat' dir='ltr'><strong>incomprehensibilibusdivitiis</strong></span> <span class='ocrx_word' id='word_1_642' title='bbox 3159 4482 3387 4549; x_wconf 87' lang='lat' dir='ltr'><strong>Christi,</strong></span> <span class='ocrx_word' id='word_1_643' title='bbox 3419 4458 3427 4503; x_wconf 40' lang='grc' dir='ltr'><strong>ἶ</strong></span> 
     </span>
    </p>
   </div>
   <div class='ocr_carea' id='block_1_92' title="bbox 139 4571 1709 4646">
    <p class='ocr_par' dir='ltr' id='par_1_92' title="bbox 139 4571 1709 4646">
     <span class='ocr_line' id='line_1_92' title="bbox 139 4571 1709 4646; baseline -0.001 -19"><span class='ocrx_word' id='word_1_644' title='bbox 139 4583 242 4629; x_wconf 90' lang='lat' dir='ltr'><strong>tum</strong></span> <span class='ocrx_word' id='word_1_645' title='bbox 274 4578 339 4632; x_wconf 89' lang='lat' dir='ltr'><strong>iri</strong></span> <span class='ocrx_word' id='word_1_646' title='bbox 368 4578 638 4645; x_wconf 90' lang='lat' dir='ltr'><strong>timerem,</strong></span> <span class='ocrx_word' id='word_1_647' title='bbox 670 4574 817 4646; x_wconf 90' lang='lat' dir='ltr'><strong>quod</strong></span> <span class='ocrx_word' id='word_1_648' title='bbox 850 4574 929 4629; x_wconf 89' lang='lat' dir='ltr'><strong>ait</strong></span> <span class='ocrx_word' id='word_1_649' title='bbox 962 4592 980 4625; x_wconf 80' lang='grc' dir='ltr'><strong>ι</strong></span> <span class='ocrx_word' id='word_1_650' title='bbox 1013 4572 1242 4629; x_wconf 80' lang='lat' dir='ltr'><strong>Reddite</strong></span> <span class='ocrx_word' id='word_1_651' title='bbox 1269 4572 1527 4627; x_wconf 84' lang='lat' dir='ltr'><strong>omnibus</strong></span> <span class='ocrx_word' id='word_1_652' title='bbox 1560 4571 1709 4627; x_wconf 89' lang='lat' dir='ltr'><strong>debi-</strong></span> 
     </span>
    </p>
   </div>
   <div class='ocr_carea' id='block_1_93' title="bbox 141 4665 311 4722">
    <p class='ocr_par' dir='ltr' id='par_1_93' title="bbox 141 4665 311 4722">
     <span class='ocr_line' id='line_1_93' title="bbox 141 4665 311 4722; baseline -0.006 -25"><span class='ocrx_word' id='word_1_653' title='bbox 141 4665 263 4722; x_wconf 57' lang='lat' dir='ltr'><strong>la&quot;.</strong></span> <span class='ocrx_word' id='word_1_654' title='bbox 292 4686 311 4719; x_wconf 63' lang='lat'>’</span> 
     </span>
    </p>
   </div>
   <div class='ocr_carea' id='block_1_94' title="bbox 200 4754 1709 4831">
    <p class='ocr_par' dir='ltr' id='par_1_94' title="bbox 200 4754 1709 4831">
     <span class='ocr_line' id='line_1_94' title="bbox 200 4754 1709 4831; baseline 0.001 -20"><span class='ocrx_word' id='word_1_655' title='bbox 200 4758 253 4812; x_wconf 74' lang='grc'><strong>2.</strong></span> <span class='ocrx_word' id='word_1_656' title='bbox 291 4761 428 4816; x_wconf 86' lang='lat' dir='ltr'><strong>Cum</strong></span> <span class='ocrx_word' id='word_1_657' title='bbox 475 4760 643 4831; x_wconf 88' lang='lat' dir='ltr'><strong>igitur</strong></span> <span class='ocrx_word' id='word_1_658' title='bbox 692 4773 781 4814; x_wconf 89' lang='lat' dir='ltr'><strong>res</strong></span> <span class='ocrx_word' id='word_1_659' title='bbox 835 4772 991 4814; x_wconf 87' lang='lat' dir='ltr'><strong>meas</strong></span> <span class='ocrx_word' id='word_1_660' title='bbox 1029 4764 1255 4812; x_wconf 90' lang='lat' dir='ltr'><strong>cunctas</strong></span> <span class='ocrx_word' id='word_1_661' title='bbox 1287 4754 1525 4812; x_wconf 90' lang='lat' dir='ltr'><strong>Domino</strong></span> <span class='ocrx_word' id='word_1_662' title='bbox 1555 4770 1709 4812; x_wconf 88' lang='lat' dir='ltr'><strong>com-</strong></span> 
     </span>
    </p>
   </div>
   <div class='ocr_carea' id='block_1_95' title="bbox 143 4838 1712 4922">
    <p class='ocr_par' dir='ltr' id='par_1_95' title="bbox 143 4838 1712 4922">
     <span class='ocr_line' id='line_1_95' title="bbox 143 4838 1712 4922; baseline 0.001 -21"><span class='ocrx_word' id='word_1_663' title='bbox 143 4838 519 4918; x_wconf 73' lang='lat' dir='ltr'><strong>ntendaverim,</strong></span> <span class='ocrx_word' id='word_1_664' title='bbox 551 4851 676 4908; x_wconf 88' lang='lat' dir='ltr'><strong>dedi</strong></span> <span class='ocrx_word' id='word_1_665' title='bbox 710 4866 933 4922; x_wconf 67' lang='lat' dir='ltr'><strong>operam</strong></span> <span class='ocrx_word' id='word_1_666' title='bbox 967 4858 1026 4904; x_wconf 85' lang='lat' dir='ltr'><strong>ut</strong></span> <span class='ocrx_word' id='word_1_667' title='bbox 1050 4849 1336 4905; x_wconf 89' lang='lat' dir='ltr'><strong>vobiscum</strong></span> <span class='ocrx_word' id='word_1_668' title='bbox 1367 4847 1565 4904; x_wconf 87' lang='lat' dir='ltr'><strong>festum</strong></span> <span class='ocrx_word' id='word_1_669' title='bbox 1589 4864 1712 4920; x_wconf 82' lang='lat' dir='ltr'><strong>per—</strong></span> 
     </span>
    </p>
   </div>
   <div class='ocr_carea' id='block_1_96' title="bbox 1805 4570 3389 4631">
    <p class='ocr_par' dir='ltr' id='par_1_96' title="bbox 1805 4570 3389 4631">
     <span class='ocr_line' id='line_1_96' title="bbox 1805 4570 3389 4631; baseline -0.002 -1"><span class='ocrx_word' id='word_1_670' title='bbox 1805 4575 1997 4631; x_wconf 88' lang='lat' dir='ltr'><strong>dicens</strong></span> <span class='ocrx_word' id='word_1_671' title='bbox 2030 4574 2076 4606; x_wconf 79' lang='grc'><strong>⁵⁶</strong></span> <span class='ocrx_word' id='word_1_672' title='bbox 2106 4591 2120 4627; x_wconf 93' lang='lat'>:</span> <span class='ocrx_word' id='word_1_673' title='bbox 2165 4590 2185 4624; x_wconf 71' lang='grc' dir='ltr'><strong>ι</strong></span> <span class='ocrx_word' id='word_1_674' title='bbox 2217 4570 2363 4628; x_wconf 88' lang='lat' dir='ltr'><strong>Deus</strong></span> <span class='ocrx_word' id='word_1_675' title='bbox 2383 4582 2566 4627; x_wconf 86' lang='lat' dir='ltr'><strong>autem</strong></span> <span class='ocrx_word' id='word_1_676' title='bbox 2614 4586 2738 4626; x_wconf 91' lang='lat' dir='ltr'><strong>cum</strong></span> <span class='ocrx_word' id='word_1_677' title='bbox 2788 4572 2860 4627; x_wconf 88' lang='lat' dir='ltr'><strong>sit</strong></span> <span class='ocrx_word' id='word_1_678' title='bbox 2882 4572 3035 4629; x_wconf 81' lang='lat' dir='ltr'><strong>dives</strong></span> <span class='ocrx_word' id='word_1_679' title='bbox 3074 4573 3131 4628; x_wconf 84' lang='lat' dir='ltr'><strong>in</strong></span> <span class='ocrx_word' id='word_1_680' title='bbox 3167 4573 3389 4630; x_wconf 84' lang='lat' dir='ltr'><strong>miseri-</strong></span> 
     </span>
    </p>
   </div>
   <div class='ocr_carea' id='block_1_97' title="bbox 1806 4663 3391 4737">
    <p class='ocr_par' dir='ltr' id='par_1_97' title="bbox 1806 4663 3391 4737">
     <span class='ocr_line' id='line_1_97' title="bbox 1806 4663 3391 4737; baseline -0.001 -14"><span class='ocrx_word' id='word_1_681' title='bbox 1806 4666 2015 4731; x_wconf 90' lang='lat' dir='ltr'><strong>cordia,</strong></span> <span class='ocrx_word' id='word_1_682' title='bbox 2041 4673 2267 4737; x_wconf 87' lang='lat' dir='ltr'><strong>propter</strong></span> <span class='ocrx_word' id='word_1_683' title='bbox 2300 4663 2529 4720; x_wconf 89' lang='lat' dir='ltr'><strong>nimiam</strong></span> <span class='ocrx_word' id='word_1_684' title='bbox 2565 4663 2891 4718; x_wconf 88' lang='lat' dir='ltr'><strong>charitatem</strong></span> <span class='ocrx_word' id='word_1_685' title='bbox 2920 4679 3103 4731; x_wconf 89' lang='lat' dir='ltr'><strong>suam,</strong></span> <span class='ocrx_word' id='word_1_686' title='bbox 3148 4681 3258 4737; x_wconf 87' lang='lat' dir='ltr'><strong>qua</strong></span> <span class='ocrx_word' id='word_1_687' title='bbox 3302 4665 3391 4723; x_wconf 88' lang='lat' dir='ltr'><strong>di-</strong></span> 
     </span>
    </p>
   </div>
   <div class='ocr_carea' id='block_1_98' title="bbox 1805 4740 3395 4827">
    <p class='ocr_par' dir='ltr' id='par_1_98' title="bbox 1805 4740 3395 4827">
     <span class='ocr_line' id='line_1_98' title="bbox 1805 4740 3395 4827; baseline 0.001 -14"><span class='ocrx_word' id='word_1_688' title='bbox 1805 4759 1939 4814; x_wconf 78' lang='lat' dir='ltr'><strong>lexit</strong></span> <span class='ocrx_word' id='word_1_689' title='bbox 1965 4765 2179 4826; x_wconf 88' lang='lat' dir='ltr'><strong>nos;et</strong></span> <span class='ocrx_word' id='word_1_690' title='bbox 2200 4771 2327 4813; x_wconf 90' lang='lat' dir='ltr'><strong>cum</strong></span> <span class='ocrx_word' id='word_1_691' title='bbox 2354 4771 2604 4813; x_wconf 87' lang='lat' dir='ltr'><strong>essemus</strong></span> <span class='ocrx_word' id='word_1_692' title='bbox 2663 4740 2868 4811; x_wconf 80' lang='lat' dir='ltr'><strong>mortui</strong></span> <span class='ocrx_word' id='word_1_693' title='bbox 2917 4764 3139 4827; x_wconf 88' lang='lat' dir='ltr'><strong>propter</strong></span> <span class='ocrx_word' id='word_1_694' title='bbox 3199 4772 3395 4827; x_wconf 85' lang='lat' dir='ltr'><strong>pecca-</strong></span> 
     </span>
    </p>
   </div>
   <div class='ocr_carea' id='block_1_99' title="bbox 1808 4846 3389 4917">
    <p class='ocr_par' dir='ltr' id='par_1_99' title="bbox 1808 4846 3389 4917">
     <span class='ocr_line' id='line_1_99' title="bbox 1808 4846 3389 4917; baseline -0.004 -11"><span class='ocrx_word' id='word_1_695' title='bbox 1808 4861 1991 4907; x_wconf 91' lang='lat' dir='ltr'><strong>torum</strong></span> <span class='ocrx_word' id='word_1_696' title='bbox 2021 4848 2318 4917; x_wconf 89' lang='lat' dir='ltr'><strong>iusaniam,</strong></span> <span class='ocrx_word' id='word_1_697' title='bbox 2376 4846 2943 4904; x_wconf 78' lang='lat' dir='ltr'><strong>convivificavit&#39;ntis</strong></span> <span class='ocrx_word' id='word_1_698' title='bbox 2975 4847 3032 4901; x_wconf 91' lang='lat' dir='ltr'><strong>in</strong></span> <span class='ocrx_word' id='word_1_699' title='bbox 3089 4846 3332 4903; x_wconf 88' lang='lat' dir='ltr'><strong>Christo.</strong></span> <span class='ocrx_word' id='word_1_700' title='bbox 3369 4866 3389 4900; x_wconf 74' lang='grc' dir='ltr'><strong>ι</strong></span> 
     </span>
    </p>
   </div>
   <div class='ocr_carea' id='block_1_100' title="bbox 145 4938 3394 5013">
    <p class='ocr_par' dir='ltr' id='par_1_100' title="bbox 145 4938 3394 5013">
     <span class='ocr_line' id='line_1_100' title="bbox 145 4938 3394 5013; baseline 0.002 -23"><span class='ocrx_word' id='word_1_701' title='bbox 145 4954 365 5008; x_wconf 80' lang='lat' dir='ltr'><strong>agerem,</strong></span> <span class='ocrx_word' id='word_1_702' title='bbox 398 4942 528 5013; x_wconf 89' lang='lat' dir='ltr'><strong>quia</strong></span> <span class='ocrx_word' id='word_1_703' title='bbox 557 4957 667 4996; x_wconf 90' lang='lat' dir='ltr'><strong>non</strong></span> <span class='ocrx_word' id='word_1_704' title='bbox 698 4941 935 4995; x_wconf 88' lang='lat' dir='ltr'><strong>arbitror</strong></span> <span class='ocrx_word' id='word_1_705' title='bbox 973 4954 1061 4993; x_wconf 91' lang='lat' dir='ltr'><strong>me</strong></span> <span class='ocrx_word' id='word_1_706' title='bbox 1090 4954 1122 4993; x_wconf 94' lang='lat' dir='ltr'><strong>a</strong></span> <span class='ocrx_word' id='word_1_707' title='bbox 1149 4939 1308 4994; x_wconf 88' lang='lat' dir='ltr'><strong>vobis</strong></span> <span class='ocrx_word' id='word_1_708' title='bbox 1333 4938 1526 4993; x_wconf 90' lang='lat' dir='ltr'><strong>abesse</strong></span> <span class='ocrx_word' id='word_1_709' title='bbox 1544 4952 1559 4992; x_wconf 89' lang='lat'><strong>:</strong></span> <span class='ocrx_word' id='word_1_710' title='bbox 1577 4954 1706 4995; x_wconf 88' lang='lat' dir='ltr'><strong>nam</strong></span> <span class='ocrx_word' id='word_1_711' title='bbox 1814 4942 2030 4999; x_wconf 89' lang='lat' dir='ltr'><strong>Etenim</strong></span> <span class='ocrx_word' id='word_1_712' title='bbox 2062 4942 2208 4999; x_wconf 87' lang='lat' dir='ltr'><strong>vires</strong></span> <span class='ocrx_word' id='word_1_713' title='bbox 2239 4940 2527 4997; x_wconf 89' lang='lat' dir='ltr'><strong>hominum</strong></span> <span class='ocrx_word' id='word_1_714' title='bbox 2555 4948 2611 4995; x_wconf 90' lang='lat' dir='ltr'><strong>et</strong></span> <span class='ocrx_word' id='word_1_715' title='bbox 2651 4950 3033 4996; x_wconf 85' lang='lat' dir='ltr'><strong>creaturarum</strong></span> <span class='ocrx_word' id='word_1_716' title='bbox 3057 4940 3264 4996; x_wconf 84' lang='lat' dir='ltr'><strong>debiles</strong></span> <span class='ocrx_word' id='word_1_717' title='bbox 3291 4941 3394 4995; x_wconf 80' lang='lat' dir='ltr'><strong>mi-</strong></span> 
     </span>
    </p>
   </div>
   <div class='ocr_carea' id='block_1_101' title="bbox 145 5030 1765 5104">
    <p class='ocr_par' dir='ltr' id='par_1_101' title="bbox 145 5030 1765 5104">
     <span class='ocr_line' id='line_1_101' title="bbox 145 5030 1765 5104; baseline 0.002 -20"><span class='ocrx_word' id='word_1_718' title='bbox 145 5033 236 5086; x_wconf 87' lang='lat' dir='ltr'><strong>etsi</strong></span> <span class='ocrx_word' id='word_1_719' title='bbox 268 5034 420 5091; x_wconf 90' lang='lat' dir='ltr'><strong>locus</strong></span> <span class='ocrx_word' id='word_1_720' title='bbox 452 5049 553 5091; x_wconf 88' lang='lat' dir='ltr'><strong>nos</strong></span> <span class='ocrx_word' id='word_1_721' title='bbox 597 5042 834 5104; x_wconf 84' lang='lat' dir='ltr'><strong>separat,</strong></span> <span class='ocrx_word' id='word_1_722' title='bbox 869 5041 1111 5089; x_wconf 89' lang='lat' dir='ltr'><strong>attamen</strong></span> <span class='ocrx_word' id='word_1_723' title='bbox 1157 5030 1425 5087; x_wconf 88' lang='lat' dir='ltr'><strong>festorum</strong></span> <span class='ocrx_word' id='word_1_724' title='bbox 1475 5030 1709 5088; x_wconf 92' lang='lat' dir='ltr'><strong>donator</strong></span> <span class='ocrx_word' id='word_1_725' title='bbox 1760 5074 1765 5079; x_wconf 84' lang='lat'><strong>.</strong></span> 
     </span>
    </p>
   </div>
   <div class='ocr_carea' id='block_1_102' title="bbox 206 5147 714 5214">
    <p class='ocr_par' dir='ltr' id='par_1_102' title="bbox 206 5147 714 5214">
     <span class='ocr_line' id='line_1_102' title="bbox 206 5147 714 5214; baseline 0.004 -14"><span class='ocrx_word' id='word_1_726' title='bbox 206 5148 248 5179; x_wconf 82' lang='grc'><strong>⁵¹</strong></span> <span class='ocrx_word' id='word_1_727' title='bbox 290 5149 445 5205; x_wconf 76' lang='lat' dir='ltr'><strong>Rom.</strong></span> <span class='ocrx_word' id='word_1_728' title='bbox 472 5165 594 5214; x_wconf 86' lang='lat' dir='ltr'><strong>vm,</strong></span> <span class='ocrx_word' id='word_1_729' title='bbox 621 5147 714 5203; x_wconf 77' lang='lat'><strong>55.</strong></span> 
     </span>
    </p>
   </div>
   <div class='ocr_carea' id='block_1_103' title="bbox 145 5214 656 5290">
    <p class='ocr_par' dir='ltr' id='par_1_103' title="bbox 145 5214 656 5290">
     <span class='ocr_line' id='line_1_103' title="bbox 145 5214 656 5290; baseline 0.008 -19"><span class='ocrx_word' id='word_1_730' title='bbox 145 5214 386 5290; x_wconf 72' lang='lat' dir='ltr'><strong>&quot;I&#39;Ipltes.</strong></span> <span class='ocrx_word' id='word_1_731' title='bbox 423 5237 483 5286; x_wconf 84' lang='lat' dir='ltr'><strong>tt,</strong></span> <span class='ocrx_word' id='word_1_732' title='bbox 513 5220 569 5288; x_wconf 74' lang='grc'><strong>4,</strong></span> <span class='ocrx_word' id='word_1_733' title='bbox 603 5219 656 5275; x_wconf 60' lang='grc' dir='ltr'><strong>ἕω</strong></span> 
     </span>
    </p>
   </div>
   <div class='ocr_carea' id='block_1_104' title="bbox 212 5332 1716 5410">
    <p class='ocr_par' dir='ltr' id='par_1_104' title="bbox 212 5332 1716 5410">
     <span class='ocr_line' id='line_1_104' title="bbox 212 5332 1716 5410; baseline 0 -19"><span class='ocrx_word' id='word_1_734' title='bbox 212 5339 318 5410; x_wconf 71' lang='grc'><strong>(65)</strong></span> <span class='ocrx_word' id='word_1_735' title='bbox 354 5336 559 5410; x_wconf 71' lang='lat' dir='ltr'><strong>Nempe</strong></span> <span class='ocrx_word' id='word_1_736' title='bbox 591 5352 761 5395; x_wconf 87' lang='lat' dir='ltr'><strong>causa</strong></span> <span class='ocrx_word' id='word_1_737' title='bbox 788 5334 1043 5410; x_wconf 85' lang='lat' dir='ltr'><strong>superius</strong></span> <span class='ocrx_word' id='word_1_738' title='bbox 1071 5333 1419 5406; x_wconf 83' lang='lat' dir='ltr'><strong>cognoscitur</strong></span> <span class='ocrx_word' id='word_1_739' title='bbox 1451 5332 1509 5389; x_wconf 88' lang='lat' dir='ltr'><strong>in</strong></span> <span class='ocrx_word' id='word_1_740' title='bbox 1537 5334 1716 5391; x_wconf 86' lang='lat' dir='ltr'><strong>Chro-</strong></span> 
     </span>
    </p>
   </div>
   <div class='ocr_carea' id='block_1_105' title="bbox 156 5407 964 5466">
    <p class='ocr_par' dir='ltr' id='par_1_105' title="bbox 156 5407 964 5466">
     <span class='ocr_line' id='line_1_105' title="bbox 156 5407 964 5466; baseline 0.004 -5"><span class='ocrx_word' id='word_1_741' title='bbox 156 5407 264 5462; x_wconf 79' lang='lat' dir='ltr'><strong>nico</strong></span> <span class='ocrx_word' id='word_1_742' title='bbox 289 5407 352 5465; x_wconf 87' lang='lat' dir='ltr'><strong>ad</strong></span> <span class='ocrx_word' id='word_1_743' title='bbox 382 5407 558 5466; x_wconf 80' lang='lat' dir='ltr'><strong>annos</strong></span> <span class='ocrx_word' id='word_1_744' title='bbox 582 5409 688 5464; x_wconf 79' lang='grc'><strong>’556</strong></span> <span class='ocrx_word' id='word_1_745' title='bbox 714 5419 770 5464; x_wconf 88' lang='lat' dir='ltr'><strong>et</strong></span> <span class='ocrx_word' id='word_1_746' title='bbox 791 5409 917 5463; x_wconf 76' lang='lat'><strong>557.</strong></span> <span class='ocrx_word' id='word_1_747' title='bbox 947 5449 964 5464; x_wconf 94' lang='lat'><strong>.</strong></span> 
     </span>
    </p>
   </div>
   <div class='ocr_carea' id='block_1_106' title="bbox 215 5465 1719 5547">
    <p class='ocr_par' dir='ltr' id='par_1_106' title="bbox 215 5465 1719 5547">
     <span class='ocr_line' id='line_1_106' title="bbox 215 5465 1719 5547; baseline 0 -14"><span class='ocrx_word' id='word_1_748' title='bbox 215 5480 321 5546; x_wconf 68' lang='lat'><strong>(64)</strong></span> <span class='ocrx_word' id='word_1_749' title='bbox 362 5469 477 5536; x_wconf 83' lang='lat' dir='ltr'><strong>lloe</strong></span> <span class='ocrx_word' id='word_1_750' title='bbox 520 5480 753 5536; x_wconf 87' lang='lat' dir='ltr'><strong>solemni</strong></span> <span class='ocrx_word' id='word_1_751' title='bbox 789 5465 1058 5534; x_wconf 85' lang='lat' dir='ltr'><strong>vocabulo</strong></span> <span class='ocrx_word' id='word_1_752' title='bbox 1089 5477 1455 5547; x_wconf 89' lang='lat' dir='ltr'><strong>respondebat</strong></span> <span class='ocrx_word' id='word_1_753' title='bbox 1482 5477 1719 5547; x_wconf 88' lang='lat' dir='ltr'><strong>populus</strong></span> 
     </span>
    </p>
   </div>
   <div class='ocr_carea' id='block_1_107' title="bbox 153 5546 1720 5621">
    <p class='ocr_par' dir='ltr' id='par_1_107' title="bbox 153 5546 1720 5621">
     <span class='ocr_line' id='line_1_107' title="bbox 153 5546 1720 5621; baseline 0.001 -21"><span class='ocrx_word' id='word_1_754' title='bbox 153 5546 409 5621; x_wconf 81' lang='lat' dir='ltr'><strong>Iitnrgicis</strong></span> <span class='ocrx_word' id='word_1_755' title='bbox 430 5551 705 5621; x_wconf 90' lang='lat' dir='ltr'><strong>precibus,</strong></span> <span class='ocrx_word' id='word_1_756' title='bbox 732 5551 1113 5621; x_wconf 81' lang='lat' dir='ltr'><strong>praecipueque</strong></span> <span class='ocrx_word' id='word_1_757' title='bbox 1141 5546 1495 5621; x_wconf 15' lang='lat' dir='ltr'><strong>irrisumendo</strong></span> <span class='ocrx_word' id='word_1_758' title='bbox 1514 5548 1720 5621; x_wconf 71' lang='lat' dir='ltr'><strong>Christi</strong></span> 
     </span>
    </p>
   </div>
   <div class='ocr_carea' id='block_1_108' title="bbox 155 5618 1723 5693">
    <p class='ocr_par' dir='ltr' id='par_1_108' title="bbox 155 5618 1723 5693">
     <span class='ocr_line' id='line_1_108' title="bbox 155 5618 1723 5693; baseline 0.002 -21"><span class='ocrx_word' id='word_1_759' title='bbox 155 5618 404 5693; x_wconf 80' lang='lat' dir='ltr'><strong>corpore;</strong></span> <span class='ocrx_word' id='word_1_760' title='bbox 430 5618 501 5678; x_wconf 77' lang='lat' dir='ltr'><strong>de</strong></span> <span class='ocrx_word' id='word_1_761' title='bbox 533 5637 644 5693; x_wconf 88' lang='lat' dir='ltr'><strong>qua</strong></span> <span class='ocrx_word' id='word_1_762' title='bbox 675 5618 864 5677; x_wconf 56' lang='lat' dir='ltr'><strong>re&#39;nos</strong></span> <span class='ocrx_word' id='word_1_763' title='bbox 900 5618 1155 5676; x_wconf 77' lang='lat' dir='ltr'><strong>diximus</strong></span> <span class='ocrx_word' id='word_1_764' title='bbox 1203 5620 1259 5674; x_wconf 88' lang='lat' dir='ltr'><strong>in</strong></span> <span class='ocrx_word' id='word_1_765' title='bbox 1308 5618 1492 5674; x_wconf 72' lang='lat' dir='ltr'><strong>Missae</strong></span> <span class='ocrx_word' id='word_1_766' title='bbox 1519 5618 1723 5675; x_wconf 63' lang='lat' dir='ltr'><strong>Graecae</strong></span> 
     </span>
    </p>
   </div>
   <div class='ocr_carea' id='block_1_109' title="bbox 159 5689 535 5761">
    <p class='ocr_par' dir='ltr' id='par_1_109' title="bbox 159 5689 535 5761">
     <span class='ocr_line' id='line_1_109' title="bbox 159 5689 535 5761; baseline 0.011 -19"><span class='ocrx_word' id='word_1_767' title='bbox 159 5689 535 5761; x_wconf 78' lang='lat' dir='ltr'><strong>descriptione.</strong></span> 
     </span>
    </p>
   </div>
   <div class='ocr_carea' id='block_1_110' title="bbox 133 5759 1722 5859">
    <p class='ocr_par' dir='ltr' id='par_1_110' title="bbox 133 5759 1722 5859">
     <span class='ocr_line' id='line_1_110' title="bbox 133 5759 1722 5859; baseline -0.002 -40"><span class='ocrx_word' id='word_1_768' title='bbox 133 5840 141 5859; x_wconf 30' lang='grc' dir='ltr'><em>ὁ</em></span> <span class='ocrx_word' id='word_1_769' title='bbox 224 5759 342 5834; x_wconf 80' lang='lat'><strong>(65)</strong></span> <span class='ocrx_word' id='word_1_770' title='bbox 364 5761 459 5821; x_wconf 84' lang='lat' dir='ltr'><strong>llic</strong></span> <span class='ocrx_word' id='word_1_771' title='bbox 487 5771 571 5822; x_wconf 87' lang='lat' dir='ltr'><strong>est</strong></span> <span class='ocrx_word' id='word_1_772' title='bbox 599 5763 796 5822; x_wconf 90' lang='lat' dir='ltr'><strong>lacuna</strong></span> <span class='ocrx_word' id='word_1_773' title='bbox 828 5762 882 5823; x_wconf 88' lang='lat' dir='ltr'><strong>in</strong></span> <span class='ocrx_word' id='word_1_774' title='bbox 929 5760 1264 5819; x_wconf 87' lang='lat' dir='ltr'><strong>Londineusi</strong></span> <span class='ocrx_word' id='word_1_775' title='bbox 1315 5760 1589 5831; x_wconf 80' lang='lat' dir='ltr'><strong>editione;</strong></span> <span class='ocrx_word' id='word_1_776' title='bbox 1626 5760 1722 5816; x_wconf 88' lang='lat' dir='ltr'><strong>sed</strong></span> 
     </span>
    </p>
   </div>
   <div class='ocr_carea' id='block_1_111' title="bbox 1816 5032 3398 5108">
    <p class='ocr_par' dir='ltr' id='par_1_111' title="bbox 1816 5032 3398 5108">
     <span class='ocr_line' id='line_1_111' title="bbox 1816 5032 3398 5108; baseline -0.004 -15"><span class='ocrx_word' id='word_1_777' title='bbox 1816 5051 2061 5108; x_wconf 64' lang='lat' dir='ltr'><strong>seraque</strong></span> <span class='ocrx_word' id='word_1_778' title='bbox 2092 5042 2223 5092; x_wconf 89' lang='lat' dir='ltr'><strong>sunt</strong></span> <span class='ocrx_word' id='word_1_779' title='bbox 2270 5052 2285 5089; x_wconf 94' lang='lat'><strong>:</strong></span> <span class='ocrx_word' id='word_1_780' title='bbox 2332 5041 2389 5088; x_wconf 86' lang='lat' dir='ltr'><strong>at</strong></span> <span class='ocrx_word' id='word_1_781' title='bbox 2435 5033 2521 5089; x_wconf 90' lang='lat' dir='ltr'><strong>vis</strong></span> <span class='ocrx_word' id='word_1_782' title='bbox 2565 5032 3029 5099; x_wconf 56' lang='lat' dir='ltr'><strong>illa,&#39;bominibus</strong></span> <span class='ocrx_word' id='word_1_783' title='bbox 3053 5033 3212 5088; x_wconf 89' lang='lat' dir='ltr'><strong>altior</strong></span> <span class='ocrx_word' id='word_1_784' title='bbox 3239 5041 3295 5088; x_wconf 87' lang='lat' dir='ltr'><strong>et</strong></span> <span class='ocrx_word' id='word_1_785' title='bbox 3319 5032 3398 5087; x_wconf 84' lang='lat' dir='ltr'><strong>in-</strong></span> 
     </span>
    </p>
   </div>
   <div class='ocr_carea' id='block_1_112' title="bbox 789 5142 3394 5215">
    <p class='ocr_par' dir='ltr' id='par_1_112' title="bbox 789 5142 3394 5215">
     <span class='ocr_line' id='line_1_112' title="bbox 789 5142 3394 5215; baseline -0.001 -14"><span class='ocrx_word' id='word_1_786' title='bbox 789 5148 833 5179; x_wconf 74' lang='lat'><strong>&quot;</strong></span> <span class='ocrx_word' id='word_1_787' title='bbox 875 5147 1035 5202; x_wconf 73' lang='lat' dir='ltr'><strong>Rom.</strong></span> <span class='ocrx_word' id='word_1_788' title='bbox 1061 5160 1181 5210; x_wconf 82' lang='lat' dir='ltr'><strong>xm,</strong></span> <span class='ocrx_word' id='word_1_789' title='bbox 1222 5144 1274 5196; x_wconf 88' lang='lat'><strong>7.</strong></span> <span class='ocrx_word' id='word_1_790' title='bbox 1351 5142 1399 5176; x_wconf 78' lang='grc'>³³</span> <span class='ocrx_word' id='word_1_791' title='bbox 1436 5142 1627 5200; x_wconf 88' lang='lat' dir='ltr'><strong>Matth.</strong></span> <span class='ocrx_word' id='word_1_792' title='bbox 1657 5162 1816 5213; x_wconf 81' lang='lat' dir='ltr'><strong>xvm,</strong></span> <span class='ocrx_word' id='word_1_793' title='bbox 1844 5149 1937 5205; x_wconf 77' lang='grc'><strong>20.</strong></span> <span class='ocrx_word' id='word_1_794' title='bbox 2015 5146 2063 5179; x_wconf 70' lang='grc'><strong>⁸⁵</strong></span> <span class='ocrx_word' id='word_1_795' title='bbox 2104 5146 2210 5202; x_wconf 89' lang='lat' dir='ltr'><strong>lsa.</strong></span> <span class='ocrx_word' id='word_1_796' title='bbox 2259 5161 2503 5213; x_wconf 80' lang='lat' dir='ltr'><strong>xxxvnr,</strong></span> <span class='ocrx_word' id='word_1_797' title='bbox 2541 5143 2634 5200; x_wconf 78' lang='lat'><strong>‘20.</strong></span> <span class='ocrx_word' id='word_1_798' title='bbox 2711 5145 2759 5177; x_wconf 77' lang='grc'><strong>⁸⁸</strong></span> <span class='ocrx_word' id='word_1_799' title='bbox 2801 5144 2939 5200; x_wconf 90' lang='lat' dir='ltr'><strong>Dan.</strong></span> <span class='ocrx_word' id='word_1_800' title='bbox 2985 5160 3070 5214; x_wconf 84' lang='lat' dir='ltr'><strong>lli,</strong></span> <span class='ocrx_word' id='word_1_801' title='bbox 3122 5143 3193 5199; x_wconf 82' lang='lat'><strong>50</strong></span> <span class='ocrx_word' id='word_1_802' title='bbox 3239 5159 3394 5215; x_wconf 89' lang='lat' dir='ltr'><strong>seqq.</strong></span> 
     </span>
    </p>
   </div>
   <div class='ocr_carea' id='block_1_113' title="bbox 1816 5325 3399 5407">
    <p class='ocr_par' dir='ltr' id='par_1_113' title="bbox 1816 5325 3399 5407">
     <span class='ocr_line' id='line_1_113' title="bbox 1816 5325 3399 5407; baseline -0.006 -16"><span class='ocrx_word' id='word_1_803' title='bbox 1816 5348 1980 5407; x_wconf 89' lang='lat' dir='ltr'><strong>quem</strong></span> <span class='ocrx_word' id='word_1_804' title='bbox 2010 5346 2113 5388; x_wconf 90' lang='lat' dir='ltr'><strong>nos</strong></span> <span class='ocrx_word' id='word_1_805' title='bbox 2153 5328 2541 5407; x_wconf 76' lang='lat' dir='ltr'><strong>subiungimus</strong></span> <span class='ocrx_word' id='word_1_806' title='bbox 2566 5325 2793 5397; x_wconf 85' lang='lat' dir='ltr'><strong>longum</strong></span> <span class='ocrx_word' id='word_1_807' title='bbox 2851 5331 3087 5407; x_wconf 73' lang='lat' dir='ltr'><strong>tractum</strong></span> <span class='ocrx_word' id='word_1_808' title='bbox 3123 5340 3300 5407; x_wconf 75' lang='lat' dir='ltr'><strong>usque</strong></span> <span class='ocrx_word' id='word_1_809' title='bbox 3330 5326 3399 5381; x_wconf 83' lang='lat' dir='ltr'><strong>ad</strong></span> 
     </span>
    </p>
   </div>
   <div class='ocr_carea' id='block_1_114' title="bbox 1815 5395 3401 5467">
    <p class='ocr_par' dir='ltr' id='par_1_114' title="bbox 1815 5395 3401 5467">
     <span class='ocr_line' id='line_1_114' title="bbox 1815 5395 3401 5467; baseline -0.006 -6"><span class='ocrx_word' id='word_1_810' title='bbox 1815 5395 1986 5461; x_wconf 70' lang='lat' dir='ltr'><strong>verba</strong></span> <span class='ocrx_word' id='word_1_811' title='bbox 2020 5395 2383 5457; x_wconf 66' lang='lat' dir='ltr'><strong>centenarium</strong></span> <span class='ocrx_word' id='word_1_812' title='bbox 2403 5395 2687 5452; x_wconf 68' lang='lat' dir='ltr'><strong>numerum</strong></span> <span class='ocrx_word' id='word_1_813' title='bbox 2702 5406 2945 5467; x_wconf 80' lang='lat' dir='ltr'><strong>procreat</strong></span> <span class='ocrx_word' id='word_1_814' title='bbox 2976 5395 3115 5467; x_wconf 78' lang='lat' dir='ltr'><strong>(sive</strong></span> <span class='ocrx_word' id='word_1_815' title='bbox 3138 5398 3401 5451; x_wconf 89' lang='lat' dir='ltr'><strong>continua</strong></span> 
     </span>
    </p>
   </div>
   <div class='ocr_carea' id='block_1_115' title="bbox 1819 5466 3402 5538">
    <p class='ocr_par' dir='ltr' id='par_1_115' title="bbox 1819 5466 3402 5538">
     <span class='ocr_line' id='line_1_115' title="bbox 1819 5466 3402 5538; baseline -0.006 -6"><span class='ocrx_word' id='word_1_816' title='bbox 1819 5477 1892 5532; x_wconf 89' lang='lat' dir='ltr'><strong>sit</strong></span> <span class='ocrx_word' id='word_1_817' title='bbox 1925 5484 2109 5532; x_wconf 73' lang='lat' dir='ltr'><strong>textus</strong></span> <span class='ocrx_word' id='word_1_818' title='bbox 2133 5472 2326 5535; x_wconf 90' lang='lat' dir='ltr'><strong>series,</strong></span> <span class='ocrx_word' id='word_1_819' title='bbox 2357 5469 2506 5538; x_wconf 90' lang='lat' dir='ltr'><strong>quod</strong></span> <span class='ocrx_word' id='word_1_820' title='bbox 2541 5483 2675 5538; x_wconf 87' lang='lat' dir='ltr'><strong>non</strong></span> <span class='ocrx_word' id='word_1_821' title='bbox 2704 5466 2945 5533; x_wconf 79' lang='lat' dir='ltr'><strong>videtur,</strong></span> <span class='ocrx_word' id='word_1_822' title='bbox 2998 5466 3114 5522; x_wconf 87' lang='lat' dir='ltr'><strong>sive</strong></span> <span class='ocrx_word' id='word_1_823' title='bbox 3135 5480 3316 5538; x_wconf 68' lang='lat' dir='ltr'><strong>secus;</strong></span> <span class='ocrx_word' id='word_1_824' title='bbox 3354 5467 3402 5522; x_wconf 85' lang='lat' dir='ltr'><strong>is</strong></span> 
     </span>
    </p>
   </div>
   <div class='ocr_carea' id='block_1_116' title="bbox 1816 5537 2750 5611">
    <p class='ocr_par' dir='ltr' id='par_1_116' title="bbox 1816 5537 2750 5611">
     <span class='ocr_line' id='line_1_116' title="bbox 1816 5537 2750 5611; baseline -0.013 -8"><span class='ocrx_word' id='word_1_825' title='bbox 1816 5548 1929 5603; x_wconf 91' lang='lat' dir='ltr'><strong>illic</strong></span> <span class='ocrx_word' id='word_1_826' title='bbox 1953 5555 2038 5601; x_wconf 87' lang='lat' dir='ltr'><strong>est</strong></span> <span class='ocrx_word' id='word_1_827' title='bbox 2068 5544 2125 5597; x_wconf 90' lang='lat' dir='ltr'><strong>in</strong></span> <span class='ocrx_word' id='word_1_828' title='bbox 2158 5537 2551 5611; x_wconf 85' lang='lat' dir='ltr'><strong>supplementis</strong></span> <span class='ocrx_word' id='word_1_829' title='bbox 2576 5554 2645 5611; x_wconf 31' lang='lat' dir='ltr'><strong>pa</strong></span> <span class='ocrx_word' id='word_1_830' title='bbox 2662 5537 2750 5611; x_wconf 74' lang='lat' dir='ltr'><strong>l5.</strong></span> 
     </span>
    </p>
   </div>
   <div class='ocr_carea' id='block_1_117' title="bbox 1886 5606 3398 5688">
    <p class='ocr_par' dir='ltr' id='par_1_117' title="bbox 1886 5606 3398 5688">
     <span class='ocr_line' id='line_1_117' title="bbox 1886 5606 3398 5688; baseline -0.007 -17"><span class='ocrx_word' id='word_1_831' title='bbox 1886 5617 2001 5688; x_wconf 89' lang='lat'><strong>(66)</strong></span> <span class='ocrx_word' id='word_1_832' title='bbox 2032 5615 2118 5688; x_wconf 80' lang='lat' dir='ltr'><strong>Ita</strong></span> <span class='ocrx_word' id='word_1_833' title='bbox 2134 5612 2195 5688; x_wconf 83' lang='lat' dir='ltr'><strong>in</strong></span> <span class='ocrx_word' id='word_1_834' title='bbox 2227 5606 2421 5667; x_wconf 62' lang='lat' dir='ltr'><strong>Graeco</strong></span> <span class='ocrx_word' id='word_1_835' title='bbox 2449 5606 2599 5688; x_wconf 70' lang='lat' dir='ltr'><strong>textu</strong></span> <span class='ocrx_word' id='word_1_836' title='bbox 2631 5608 2785 5664; x_wconf 69' lang='lat' dir='ltr'><strong>Isaiae</strong></span> <span class='ocrx_word' id='word_1_837' title='bbox 2808 5624 2923 5688; x_wconf 72' lang='lat' dir='ltr'><strong>quo</strong></span> <span class='ocrx_word' id='word_1_838' title='bbox 2954 5608 3210 5688; x_wconf 68' lang='lat' dir='ltr'><strong>utebatur</strong></span> <span class='ocrx_word' id='word_1_839' title='bbox 3237 5606 3398 5688; x_wconf 55' lang='lat' dir='ltr'><strong>Atba.</strong></span> 
     </span>
    </p>
   </div>
   <div class='ocr_carea' id='block_1_118' title="bbox 1819 5678 3400 5763">
    <p class='ocr_par' dir='ltr' id='par_1_118' title="bbox 1819 5678 3400 5763">
     <span class='ocr_line' id='line_1_118' title="bbox 1819 5678 3400 5763; baseline -0.009 -15"><span class='ocrx_word' id='word_1_840' title='bbox 1819 5678 2029 5747; x_wconf 55' lang='lat' dir='ltr'><strong>nabiu&#39;s.</strong></span> <span class='ocrx_word' id='word_1_841' title='bbox 2063 5684 2235 5763; x_wconf 81' lang='lat' dir='ltr'><strong>Aliter</strong></span> <span class='ocrx_word' id='word_1_842' title='bbox 2255 5690 2435 5739; x_wconf 81' lang='lat' dir='ltr'><strong>autem</strong></span> <span class='ocrx_word' id='word_1_843' title='bbox 2455 5678 2987 5763; x_wconf 27' lang='lat' dir='ltr'><strong>_Latinus‘vulg_atus</strong></span> <span class='ocrx_word' id='word_1_844' title='bbox 3010 5695 3074 5735; x_wconf 78' lang='lat' dir='ltr'><strong>ex</strong></span> <span class='ocrx_word' id='word_1_845' title='bbox 3114 5678 3400 5747; x_wconf 64' lang='lat' dir='ltr'><strong>Hebraieq</strong></span> 
     </span>
    </p>
   </div>
  </div>
