3812 6224
303 299 529 405 ὶ13149

989 300 1047 357 S.
1087 301 1467 360 ATHANASII
1503 303 1656 360 OPP.
1699 301 1882 361 PARS
1919 302 1986 358 ll.
2029 333 2096 346 —
2139 303 2506 360 EPISTOLIE
2543 302 3078 361 HEORTASTICE.

3513 306 3657 368 N00

385 429 590 485 creata,
625 418 778 476 dives
813 426 898 476 est
927 429 982 476 et
1031 419 1622 492 incomprehensibilis,
1657 430 1808 477 caret
1853 420 1961 478 dise
1989 427 2035 485 Α
2064 421 2260 494 gavisi,
2291 423 2361 477 ab
2386 429 2719 476 internarum
2754 435 3016 493 possessu
3044 419 3388 476 exciderunt.
3420 423 3658 496 Magno-

385 514 681 576 solutione,
705 527 770 568 ac
795 511 1126 582 sempiterna
1145 520 1250 567 est.
1272 510 1459 582 itaque
1481 527 1588 568 non
1616 527 1727 568 uno
1747 521 1964 568 tantum

385 606 550 660 modo
580 605 868 661 sanitatem
895 613 1118 676 operata
1173 613 1298 672 est;
1344 605 1440 661 sed
1495 621 1622 661 cum
1661 605 1816 662 dives
1861 605 1958 670 sit,

383 697 722 755 multimodis
767 697 1003 754 salutem
1050 705 1295 754 nostram
1346 713 1442 767 per
1496 696 1737 754 Verbum
1797 713 1958 753 suum

381 788 608 858 perfecit
637 807 651 844 :
682 788 831 860 quod
859 805 1035 861 neque
1078 799 1330 845 coactum
1367 805 1545 861 neque
1595 806 1626 845 a
1679 789 1840 845 nobis
1873 797 1958 845 at-

380 888 615 935 tractum
681 881 805 947 fuit,
865 882 961 938 sed
1015 881 1144 952 quia
1208 881 1359 936 dives
1409 890 1494 936 est
1539 889 1595 937 et
1638 882 1958 953 multiplex,

380 975 673 1045 ipsummet
697 990 916 1046 quoque
945 975 1122 1031 variat
1167 990 1273 1047 pro
1307 975 1577 1048 cujusque
1615 977 1811 1032 animae
1863 978 1960 1032 ha-

376 1065 517 1122 bitu.
549 1065 789 1121 Verbum
819 1075 1000 1122 autem
1035 1075 1120 1122 est
1148 1069 1390 1137 potentia
1420 1083 1485 1124 ac
1533 1069 1799 1137 sapientia
1835 1070 1956 1139 Dei,

374 1167 541 1228 prout
568 1157 634 1214 de
669 1157 947 1228 Sapientia
997 1168 1229 1215 testatur
1281 1159 1542 1216 Salomon
1573 1161 1618 1192 ⁸⁷
1667 1177 1788 1232 quae
1831 1178 1955 1218 cum

375 1265 486 1305 una
513 1251 604 1316 sit,
639 1269 658 1302 ς
691 1251 876 1306 omnia
909 1261 1122 1321 potest;
1165 1270 1184 1302 ι
1220 1260 1273 1307 et
1311 1253 1365 1307 in
1395 1269 1454 1308 se
1485 1269 1736 1321 manens,
1769 1256 1955 1312 omnia

376 1351 635 1409 renovat;
675 1351 730 1398 et
767 1358 893 1398 cum
921 1343 987 1401 ad
1016 1355 1233 1400 sanctas
1281 1346 1494 1401 animas
1534 1346 1780 1414 accedit,
1826 1357 1956 1404 tunc

374 1433 470 1490 Dei
496 1445 770 1491 amatores
793 1445 845 1491 et
865 1438 1156 1507 prophetas
1178 1437 1360 1492 efiicit.
1386 1437 1458 1493 lis
1487 1448 1666 1493 autem
1695 1439 1788 1510 qui
1815 1456 1954 1495 non-

373 1527 506 1583 dum
536 1526 833 1597 perfectum
875 1528 978 1581 iter
1037 1529 1319 1592 insistunt,
1371 1530 1530 1598 quasi
1582 1531 1700 1586 ovis
1744 1531 1954 1587 lactans

373 1619 468 1674 ﬁet
500 1637 512 1674 :
544 1634 650 1690 qua
679 1619 1036 1674 similitudine
1069 1620 1240 1674 utitur
1266 1619 1468 1675 Paulus
1491 1621 1536 1652 ⁵⁸
1571 1640 1584 1676 :
1619 1641 1638 1672 ι
1668 1621 1778 1678 Lac
1799 1623 1954 1678 vobis

371 1720 561 1782 potum
618 1711 761 1777 dedi,
818 1728 929 1766 non
992 1729 1196 1767 escam.
1237 1733 1256 1766 ι
1320 1713 1491 1768 Porro
1521 1715 1588 1770 iis
1614 1716 1708 1784 qui
1756 1717 1952 1785 puerili

372 1811 522 1859 statu
544 1813 917 1870 excesserunt,
958 1821 1082 1860 cum
1108 1806 1289 1860 adhuc
1354 1807 1768 1876 imperfectione
1796 1809 1950 1863 labo-

369 1902 514 1959 rent,
545 1893 635 1949 lict
661 1909 786 1950 esca
810 1894 1027 1950 illorum
1060 1895 1242 1966 gustui
1268 1897 1496 1959 idonea;
1525 1913 1632 1968 qua
1676 1898 1953 1954 locutione

370 1985 546 2041 utitur
585 1985 786 2042 Paulus
818 1987 862 2018 "
903 2005 917 2040 :
958 2005 977 2037 σ
1025 1987 1128 2054 Qui
1175 1997 1358 2043 autem
1419 1989 1670 2046 inﬁrmus
1691 2002 1794 2059 est,
1839 1991 1955 2063 89

370 2081 494 2138 olus
530 2082 878 2137 manducet.»
910 2082 1085 2137 Simul
1145 2100 1210 2139 ac
1265 2100 1397 2140 vero
1451 2087 1748 2156 perfectam
1804 2089 1949 2143 viam

370 2183 549 2232 terere
573 2175 924 2246 cmperimus,
987 2175 1136 2231 haud
1201 2177 1412 2234 diutius
1461 2180 1737 2248 prtedictis
1786 2181 1952 2236 rebus

368 2267 535 2323 homo
556 2283 614 2323 se
642 2268 768 2334 alet,
803 2283 999 2337 panem
1042 2269 1366 2325 rationalem
1423 2272 1675 2327 comedet
1693 2281 1747 2327 et
1766 2274 1948 2328 cibum

369 2374 654 2415 carneum.
702 2357 978 2430 Scriptum
1026 2371 1111 2416 est
1158 2362 1307 2416 enim
1377 2363 1472 2417 σοι
1519 2382 1538 2415 ι
1575 2362 1950 2420 Perfectorum

368 2459 552 2508 autem
602 2459 686 2508 est
707 2450 916 2508 solidus
957 2453 1134 2520 cibus,
1159 2468 1350 2509 eorum
1404 2454 1610 2511 scilicet
1648 2457 1743 2526 qui
1795 2472 1952 2512 exer-

367 2543 568 2599 citatos
614 2544 1014 2600 consuetudine
1067 2561 1263 2602 sensus
1318 2545 1541 2602 habent.
1577 2565 1597 2600 ι
1653 2546 1949 2618 Pr0pterea

367 2648 494 2690 cum
519 2635 746 2690 verbum
779 2635 1000 2701 seritur,
1061 2635 1210 2691 haud
1257 2636 1559 2706 simplicem
1595 2639 1952 2694 mortalitatis

367 2725 606 2784 fructum
642 2728 695 2782 in
727 2728 969 2782 humana
1021 2729 1132 2783 vita
1176 2730 1469 2799 germinat,
1501 2731 1593 2786 sed
1647 2733 1951 2790 ﬂavescens

367 2830 532 2889 atque
598 2829 975 2877 maturescens
1037 2823 1408 2878 centenarium
1478 2839 1768 2880 numerum
1825 2841 1950 2896 pro-

367 2923 520 2971 creat
557 2953 571 2969 σ
605 2954 623 2971 ο
665 2955 678 2969 .

437 3005 492 3061 5.
532 3045 548 3060 .
583 3046 598 3061 .
643 3046 658 3060 .
689 3006 925 3077 lugebat.
961 3004 1019 3060 Si
1053 3021 1173 3076 quae
1204 3007 1260 3060 in
1314 3006 1546 3064 Psalmis
1593 3008 1796 3079 scripta
1823 3017 1953 3064 sunt

2062 526 2189 581 pere
2219 513 2274 566 in
2307 512 2413 567 hoc
2461 520 2715 566 errarunt
2749 530 2762 565 :
2812 512 3012 567 etenim
3047 512 3377 569 immortalis
3414 518 3660 586 promis-

2061 603 2145 660 sio
2198 615 2281 660 est
2325 619 2434 659 non
2478 603 2832 670 deliciarum~
2873 605 3026 660 brevi
3078 607 3488 676 periturarum,
3556 611 3654 666 sed

2061 705 2386 752 teternarum
2451 712 2572 766 quae
2613 707 2922 768 sperantur.
2963 697 3069 753 Per
3099 701 3382 770 angustias
3423 703 3654 769 multas,

2060 804 2340 844 arumnas
2401 799 2566 860 atque
2617 789 2833 845 dolores
2895 790 3142 845 introibit
3188 791 3270 845 vir
3311 803 3543 848 sanctus
3596 794 3651 847 in

2060 897 2286 953 regnum
2330 882 2626 949 cmlorum;
2684 882 2923 953 illucque
2966 885 3263 953 perveniet,
3300 885 3445 940 unde
3490 886 3657 940 dolor

2058 982 2114 1028 et
2149 974 2406 1028 maestitia
2435 973 2789 1029 exsultabunt
2849 983 3013 1044 atque
3065 977 3335 1031 anxietas.
3389 975 3652 1042 Quiescet

2058 1076 2211 1131 tunc,
2248 1068 2396 1122 velut
2435 1078 2558 1138 apte
2598 1068 2927 1123 vaticinatus
2950 1079 3033 1124 est
3078 1067 3201 1132 Job,
3228 1073 3321 1140 qui
3352 1080 3650 1141 postquam

2059 1161 2148 1216 hic
2173 1167 2415 1216 tentatus
2445 1161 2646 1228 fuerat,
2677 1160 3065 1217 cunfabulatus
3111 1172 3298 1232 postea
3350 1178 3477 1217 cum
3542 1163 3652 1218 Do-

2057 1253 2206 1307 mino
2237 1261 2340 1308 est.
2367 1253 2436 1308 At
2457 1269 2587 1308 vero
2614 1253 2932 1308 deliciarum
2967 1263 3198 1317 amator,
3235 1254 3384 1309 brevi
3440 1254 3652 1326 gaude-

2055 1344 2154 1410 bit,
2171 1345 2264 1399 sed
2294 1352 2486 1414 postea
2509 1345 2719 1399 tristem
2747 1345 2914 1398 vitam
2946 1345 3124 1415 exiget
3145 1345 3648 1415 ;quemadmodum

2057 1434 2224 1502 Esau,
2260 1436 2356 1506 qui
2390 1435 2570 1492 brevis
2594 1438 2858 1491 momenti
2912 1453 3039 1494 esca
3069 1441 3296 1522 potitus,
3329 1449 3525 1509 postea
3577 1441 3654 1495 ob

2054 1525 2196 1582 hanc
2227 1527 2398 1596 ipsam
2429 1529 2720 1584 damnatus
2747 1527 2872 1606 fuit.

2124 1617 2177 1672 6.
2221 1617 2419 1690 Figura
2443 1631 2650 1683 autem,
2674 1629 2735 1675 ut
2766 1621 2966 1692 aliquis
2999 1621 3161 1686 dicet,
3195 1639 3317 1692 quae
3347 1633 3654 1696 utramque

2055 1710 2421 1766 conditionem
2451 1711 2734 1777 discernit,
2768 1712 2857 1765 illa
2898 1722 2980 1766 est
3009 1711 3376 1767 lsraclitarum
3408 1714 3652 1788 Egypto

2052 1795 2468 1875 egredientium,
2492 1815 2545 1859 et
2576 1805 2820 1874 ipsorum
2856 1804 3258 1876 Egyptiorum.
3296 1805 3361 1860 lli
3391 1809 3648 1876 quidem,

2053 1907 2338 1968 postquam
2375 1897 2524 1952 brevi
2570 1907 2816 1966 tempore
2853 1898 3117 1953 adversus
3152 1900 3411 1954 lsraelem
3451 1901 3648 1971 inique

2051 1990 2479 2054 exsultaverant,
2537 1989 2606 2043 ad
2656 1995 2964 2044 extremum
3025 1991 3079 2044 in
3138 1991 3310 2056 exitu,
3363 1992 3646 2048 submersi

2052 2079 2250 2150 abysso
2278 2087 2425 2134 sunt.
2463 2077 2667 2133 Contra
2703 2088 2907 2145 autem,
2943 2077 3036 2134 Dei
3083 2082 3319 2150 populus
3365 2082 3544 2141 brevi.
3586 2091 3648 2136 ut

2051 2172 2312 2236 diximus,
2373 2179 2618 2241 tempore
2639 2171 2872 2228 alllictus
2897 2182 3060 2243 atque
3108 2174 3344 2230 detritus
3370 2191 3640 2245 persecu-

2055 2273 2234 2317 turum
2289 2277 2482 2332 opera,
2515 2277 2643 2317 mox
2677 2263 2732 2317 iu
2761 2265 2913 2319 exitu
2940 2265 3010 2319 ab
3044 2263 3301 2336 Egypto,
3363 2282 3520 2322 mare
3558 2267 3644 2323 in-

2051 2355 2284 2412 columis
2308 2355 2567 2419 tranavit,
2599 2368 2761 2426 atque
2821 2357 2877 2411 in
2904 2357 3122 2412 deserto
3161 2374 3270 2411 non
3297 2373 3458 2414 secus
3487 2375 3556 2414 ac
3587 2359 3646 2415 in

2050 2448 2266 2503 exculta
2315 2449 2540 2519 regione
2583 2449 2684 2504 iter
2719 2448 2848 2504 fecit
2880 2470 2893 2505 :
2929 2461 2983 2505 et
3033 2450 3080 2506 si
3139 2451 3261 2505 loca
3311 2452 3404 2505 illa
3465 2468 3495 2506 a
3535 2451 3647 2509 fre-

2050 2542 2276 2612 quentia
2300 2542 2584 2597 hominum
2633 2542 2849 2598 deserta
2879 2555 3055 2608 erant,
3077 2557 3186 2597 non
3219 2551 3400 2597 tamen
3435 2559 3466 2598 a
3505 2544 3651 2616 legis

2051 2634 2316 2690 beneficio
2342 2635 2757 2704 deserebantur,
2805 2651 2988 2707 neque
3045 2636 3114 2691 ab
3168 2636 3491 2707 angelorum
3532 2637 3646 2709 91

2051 2728 2347 2799 colloquio,
2368 2727 2480 2783 imo
2511 2728 2755 2798 qualibet
2806 2728 2946 2784 bene
3012 2728 3256 2783 habitata
3287 2730 3515 2798 regione
3549 2745 3648 2799 po-

2054 2821 2192 2876 tiora
2218 2831 2396 2877 erant.
2424 2820 2605 2877 Veluti
2636 2822 2801 2878 etiam
2861 2821 3094 2878 Elisaaus
3152 2823 3283 2877 dum
3316 2838 3374 2878 se
3413 2824 3649 2893 putabat

2049 2915 2229 2971 solum
2257 2930 2382 2971 esse
2417 2915 2474 2969 in
2503 2915 2742 2978 deserto,
2794 2930 2988 2985 reapse
3025 2915 3079 2970 in
3125 2916 3451 2986 angelorum
3483 2916 3649 2971 turba

2051 3008 2376 3063 versabatur
2402 3007 2469 3062 “.
2496 3006 2785 3074 Similiter,
2847 3022 3164 3078 quanquam
3219 3006 3380 3061 initio
3404 3007 3650 3078 populus

367 3098 786 3164 intellexissent,
851 3113 1047 3152 vanam
1093 3098 1375 3153 audaciam
1413 3099 1675 3156 adversus
1703 3101 1951 3157 Salvato-
1979 3118 2020 3177 ο
2054 3099 2110 3154 in
2131 3099 2349 3156 deserto
2403 3099 2673 3156 molestiis
2712 3099 3062 3155 conflictatus
3104 3107 3208 3166 est,
3250 3099 3288 3153 ii
3320 3099 3416 3170 qui
3451 3099 3652 3154 nihilo-

366 3207 484 3248 rem
517 3207 628 3246 non
669 3191 1171 3262 cxprompsissent;
1217 3193 1479 3262 quoniam
1512 3190 1749 3263 Spiritus
1799 3193 1952 3249 dixe-

366 3295 455 3342 rat
487 3285 532 3317 “
565 3304 578 3340 :
613 3303 632 3336 ι
667 3284 848 3352 Quare
895 3283 1235 3340 fremuerunt
1281 3294 1490 3355 gentes,
1529 3294 1584 3340 et
1618 3285 1805 3356 populi
1837 3300 1953 3339 me-

365 3377 523 3433 ditati
553 3385 683 3433 sunt
733 3374 958 3430 inania?
992 3392 1013 3428 ι
1041 3373 1099 3429 Si
1120 3374 1320 3447 Moysis
1351 3375 1668 3430 vaticinium
1704 3375 1748 3407 ⁸³
1770 3374 1952 3430 consi-

365 3470 674 3534 derassent,
705 3467 850 3522 haud
880 3481 1032 3522 suam
1067 3467 1233 3521 vitam
1268 3466 1336 3521 de
1362 3466 1544 3522 medio
1572 3466 1948 3522 abstulissent.

365 3559 434 3621 Et
465 3560 510 3616 si
551 3568 731 3616 mente
759 3575 858 3616 sua
889 3558 1252 3614 revolvissent
1303 3559 1503 3628 scripta
1535 3558 1780 3623 oracula,
1805 3559 1950 3612 haud

364 3654 702 3724 trepidanter
732 3654 798 3709 de
831 3653 1133 3724 prophetiis
1177 3653 1554 3722 loquerentur,
1591 3667 1714 3722 quae
1759 3661 1950 3707 contra

365 3748 517 3818 ipsos
564 3755 694 3803 sunt
732 3765 746 3802 :
794 3746 945 3802 verbi
997 3746 1194 3817 gratia,
1247 3743 1397 3815 quod
1449 3759 1641 3800 eorum
1683 3744 1817 3800 urbs
1856 3743 1952 3799 de-

366 3841 629 3898 Struenda
655 3840 814 3909 foret,
841 3840 990 3912 quod
1009 3840 1291 3912 eripienda
1317 3841 1385 3896 iis
1412 3841 1607 3911 gratia,
1639 3840 1787 3911 quod
1814 3839 1952 3910 legis

363 3934 513 3990 bono
563 3934 856 4004 spoliandi,
919 3934 1066 4005 quod
1116 3934 1374 3989 filiorum.
1427 3949 1625 3988 nomen
1655 3933 1945 4000 amissuri;

364 4036 530 4096 prout
555 4027 610 4082 in
638 4025 873 4082 Psalmis
916 4026 1254 4082 exclamatur
1297 4025 1382 4080 his
1430 4025 1614 4080 verbis
1638 4025 1683 4057 ⁸³
1723 4044 1736 4080 :
1774 4044 1793 4077 ι
1826 4024 1949 4080 Filii

365 4120 529 4174 alieni
562 4119 772 4174 mentiti
800 4129 930 4174 sunt
979 4118 1136 4172 mihi.
1169 4137 1188 4169 ι
1233 4117 1409 4188 Atque
1457 4126 1517 4172 ut
1558 4117 1728 4173 Isaias
1753 4117 1830 4172 ait
1851 4117 1896 4149 “
1931 4135 1946 4172 :

371 4228 393 4262 ι
417 4209 587 4266 Filios
617 4209 804 4280 peperi
834 4219 889 4265 et
922 4209 1180 4276 enutrivi,
1208 4209 1313 4279 ipsi
1345 4219 1525 4264 autem
1554 4216 1949 4278 oppresserunt

364 4317 507 4358 me.»
546 4300 612 4356 Et
637 4301 782 4372 quod
812 4302 1069 4372 posthinc
1101 4317 1171 4357 ne
1200 4302 1433 4372 populus
1457 4299 1682 4371 quidem
1707 4299 1942 4356 vocandi

363 4395 566 4462 forent,
595 4395 794 4450 nedum
821 4394 1056 4464 populus
1092 4393 1188 4448 Dei
1235 4402 1398 4463 atque
1429 4409 1562 4463 gens
1589 4400 1800 4459 sancta,
1849 4392 1946 4447 sed

2054 3192 2239 3247 minus
2290 3207 2640 3264 permansere
2701 3192 2908 3258 fideles,
2940 3194 3271 3263 promissam
3321 3193 3374 3247 in
3442 3205 3651 3247 terram

2053 3283 2288 3354 ingressi
2318 3294 2466 3340 sunt.
2507 3283 2792 3348 Similiter,
2827 3284 2921 3354 qui
2984 3284 3133 3340 brevi
3194 3299 3344 3339 nunc
3397 3291 3654 3353 tempore

2053 3375 2257 3442 amicti,
2294 3385 2638 3433 constantem
2665 3376 2986 3446 patientiam
3024 3377 3372 3441 retinuerint,
3404 3377 3474 3430 ad
3506 3377 3653 3431 sola-

2053 3469 2188 3522 tium
2216 3468 2534 3537 pervenient
2573 3486 2586 3523 :
2619 3468 2712 3538 qui
2743 3477 2925 3523 autem
2954 3467 3044 3523 hic
3078 3479 3498 3539 persecutorum
3529 3470 3654 3525 vice

2052 3559 2377 3632 funguntur,
2411 3559 2782 3629 corripientur
2811 3559 3054 3625 demum,
3111 3569 3164 3614 et
3191 3559 3398 3613 malum
3433 3561 3650 3615 exitum

2051 3653 2427 3722 experientur.
2456 3651 2618 3707 Dives
2643 3652 2752 3718 ille,
2772 3661 2828 3706 ut
2844 3651 2951 3704 Eva
2961 3651 3197 3722 ngelium
3215 3652 3562 3707 demonstrat
3579 3651 3648 3719 ⁸⁷,

2056 3755 2348 3816 postquam
2379 3745 2470 3800 hie
2502 3745 2773 3816 voluptati
2820 3745 2970 3800 brevi
3022 3754 3268 3814 tempore
3315 3745 3648 3808 indulserat,

2051 3839 2164 3896 illic
2185 3839 2382 3894 esuriit
2409 3857 2422 3893 :
2453 3847 2508 3894 et
2537 3839 2626 3893 hic
2648 3838 2898 3893 ebrietati
2932 3838 3170 3901 deditus,
3201 3838 3312 3893 illic
3344 3837 3646 3894 vehemen-

2049 3942 2133 3988 ter
2161 3932 2372 3998 sitivit;
2400 3946 2560 3988 secus
2582 3947 2714 3986 vero
2747 3929 2990 3985 Lazarus
3021 3929 3426 3984 mundanarum
3455 3945 3644 3984 rerum

2049 4027 2332 4097 angustias
2362 4041 2582 4096 passus,
2610 4023 2854 4094 requiem
2889 4024 2944 4078 in
2972 4023 3113 4077 etelo
3166 4023 3393 4091 adeptus
3424 4033 3511 4078 est
3541 4040 3555 4087 ;
3583 4032 3640 4078 et

2048 4119 2289 4174 esuriem
2319 4119 2476 4189 panis
2500 4117 2596 4187 qui
2623 4117 2689 4172 de
2717 4116 2906 4172 tritico
2930 4116 3154 4170 molitur
3179 4131 3496 4186 perpessus,
3517 4131 3646 4172 esca

2049 4213 2162 4268 illic
2213 4213 2445 4267 satiatus
2490 4210 2596 4266 fuit
2654 4211 2881 4266 meliore
2930 4226 3096 4281 quam
3161 4225 3385 4273 manna,
3456 4210 3511 4262 id
3561 4220 3652 4264 est

2053 4302 2284 4360 Domino
2313 4303 2433 4374 ipso
2478 4301 2574 4372 qui
2641 4299 2710 4356 de
2742 4301 2884 4356 coelo
2913 4300 3214 4365 descendit,
3273 4300 3526 4369 dixitque
3551 4299 3600 4332 ε’
3627 4318 3644 4354 ;

2055 4415 2073 4448 ι
2103 4395 2219 4466 Ego
2243 4411 2366 4450 sum
2407 4395 2586 4466 panis,
2616 4394 2712 4465 qui
2741 4394 2808 4450 de
2839 4394 2980 4450 coelo
3006 4393 3308 4460 descendit,
3377 4403 3430 4448 et
3471 4394 3648 4448 vitam

363 4487 638 4557 principes
667 4461 850 4557 potius
887 4461 1272 4549 Sodomorum,
1300 4461 1355 4540 et
1403 4461 1724 4540 Comorrha:
1752 4485 1902 4539 natio
1929 4503 1943 4538 :
1979 4461 2022 4516 Ῑ)
2052 4461 2368 4543 hominibus
2394 4461 2540 4541 dat.»

363 4578 624 4648 quoniam
660 4577 762 4648 ipsi
799 4579 906 4634 hoc
961 4587 1119 4648 pacto
1171 4576 1581 4632 Sodomitarum
1643 4576 1944 4646 nequitiam

364 4679 784 4742 superaverunt,
816 4678 878 4726 ut
919 4670 997 4725 ait
1018 4671 1280 4740 propheta
1307 4671 1352 4702 “
1386 4690 1398 4725 :
1435 4689 1454 4722 ι
1487 4669 1793 4726 Justificata
1818 4677 1948 4725 sunt

364 4767 604 4824 Sodoma
641 4781 752 4837 pra:
779 4776 849 4822 te.
877 4784 897 4819 ι
946 4763 1246 4822 Sodomita:
1287 4765 1508 4836 quidem
1539 4765 1802 4821 adversus
1847 4780 1948 4818 an-

363 4860 513 4931 gelos
550 4867 949 4930 peccaverunt;
982 4869 1038 4913 at
1060 4856 1241 4913 Judaei
1271 4858 1519 4914 occidere
1539 4857 1662 4928 90'
1678 4857 1797 4913 ausi
1823 4865 1955 4912 sunt

365 4951 657 5008 Dominum
686 4948 881 5016 Deum,
909 4965 1093 5020 regem
1127 4949 1516 5016 universalem,
1549 4947 1841 5003 Dominum
1861 4961 1956 5002 an-

364 5041 612 5112 gelorum
642 5059 656 5096 :
697 5041 869 5096 nescii
920 5038 1170 5111 profecto
1202 5039 1484 5096 Christum
1536 5039 1606 5096 ab
1640 5039 1775 5110 ipsis
1805 5039 1954 5095 occi—

363 5149 486 5190 sum
508 5134 709 5189 vivere.
730 5131 929 5190 Mortui
952 5140 1083 5189 sunt
1106 5130 1306 5200 Judaei,
1332 5133 1426 5203 qui
1451 5141 1642 5188 contra
1657 5129 1952 5186 Dominum

363 5227 852 5297 conspiravcrunt;
915 5233 972 5281 et
1030 5225 1268 5281 breviter
1329 5224 1722 5295 temporalibus
1780 5223 1948 5279 rebus

432 5370 480 5403 "
514 5368 644 5439 Sap.
674 5386 735 5433 x,
761 5367 858 5429 l2.
963 5367 1042 5422 ⁵⁸1
1064 5367 1193 5422 Cor.
1233 5384 1316 5434 Ill,
1344 5369 1400 5424 2.

364 5441 454 5494 66.
557 5441 601 5473 ⁸³
661 5439 802 5495 Psal.
859 5454 993 5508 xvii,
1049 5440 1141 5494 46.

367 5513 410 5543 ⁸⁸
452 5509 614 5566 Joan.
675 5527 750 5577 γι,
777 5510 872 5569 35.

436 5623 550 5694 (67)
577 5622 748 5694 Syrus
772 5623 1163 5689 habitaculum,
1221 5639 1324 5694 pro
1371 5624 1621 5678 mundus.
1679 5621 1948 5678 Nimirum

366 5711 420 5764 in
444 5693 634 5750 Graeco
661 5695 896 5766 fortasse
923 5696 1027 5750 fuit
1081 5693 1399 5766 oixo-Jpévq,
1439 5695 1948 5766 munditiam/tabi-

337 5761 506 5835 .iata,
535 5765 681 5827 quod
717 5764 890 5836 Syrus
921 5766 1049 5846 legit
1111 5761 1376 5835 tauquam
1412 5761 1579 5828 οἶκος.
1637 5761 1731 5820 V'cl
1763 5765 1948 5820 Graece

1505 5371 1550 5402 ⁸⁸
1569 5369 1727 5425 Rom.
1763 5386 1876 5436 xlv,
1908 5370 1964 5425 2.

1243 5440 1290 5470 “
1348 5440 1450 5496 lsa.
1495 5458 1532 5505 ι,
1558 5443 1613 5496 2.
1692 5441 1737 5478 “
1776 5441 1975 5498 Ezech.
2007 5457 2122 5506 xvr,
2150 5439 2238 5495 48.

2129 4580 2181 4634 7.
2229 4578 2274 4634 Ο
2303 4579 2486 4635 dilecti
2517 4588 2680 4649 atque
2717 4577 3048 4642 charissimi,
3083 4577 3130 4633 si
3169 4593 3234 4633 ex
3268 4576 3541 4646 angustiis
3578 4577 3647 4631 ad

2053 4671 2332 4737 solatium,
2357 4671 2403 4725 si
2436 4685 2504 4725 ex
2525 4670 2712 4724 labore
2741 4670 2811 4723 ad
2855 4667 3123 4738 requiem,
3153 4667 3201 4722 si
3231 4682 3298 4720 ex
3323 4666 3650 4723 infirmitate

2053 4763 2121 4818 ad
2157 4763 2468 4826 sanitatem,
2520 4761 2568 4816 si
2617 4776 2684 4815 ex
2720 4768 2896 4816 morte
2950 4759 3016 4814 ad
3058 4758 3536 4813 immortalitatem
3589 4760 3649 4814 fit

2051 4856 2354 4922 transitus;
2387 4853 2535 4909 haud
2578 4864 2662 4909 est
2706 4853 2867 4908 nobis
2914 4849 3243 4907 lristandum
3306 4851 3376 4904 ob
3431 4866 3499 4906 ea
3522 4868 3648 4922 qua!

2053 4948 2372 5003 hominibus
2403 4961 2697 5017 parumper
2737 4945 3016 5010 accidunt,
3068 4959 3250 5014 neque
3302 4942 3647 4999 vicissitudi-

2051 5057 2183 5097 num
2211 5055 2381 5096 causa
2417 5039 2713 5095 dolendum
2747 5046 2851 5094 est.
2879 5035 3000 5092 Non
3027 5049 3112 5094 est
3141 5039 3641 5108 expavescendum,

2051 5133 2100 5190 si
2139 5132 2381 5188 mundus
2428 5130 2539 5202 (67)
2577 5129 2802 5185 Christo
2836 5137 3125 5200 repugnat,
3173 5137 3227 5183 et
3256 5137 3449 5184 contra
3483 5130 3644 5186 timo-

2051 5240 2166 5280 rem
2193 5224 2397 5280 bonum
2428 5224 2711 5293 conspirat
2740 5242 2752 5278 :
2797 5222 2932 5293 quin
2964 5221 3146 5291 potius
3174 5221 3288 5275 Deo
3339 5221 3561 5291 placere
3589 5224 3643 5276 in

2061 5371 2112 5402 θα
2147 5367 2312 5424 Hebr.
2349 5385 2406 5433 v,
2444 5368 2538 5424 Μ.
2631 5369 2674 5400 ⁸⁸
2704 5365 2847 5421 Psal.
2894 5381 2973 5429 ιι,
3004 5365 3052 5418 l.
3155 5363 3199 5395 ⁶¹
3245 5361 3401 5417 Deut.
3444 5379 3640 5428 xxvm,

2321 5442 2366 5472 ⁶⁶
2397 5438 2464 5493 ιν
2498 5440 2626 5511 Reg.
2660 5453 2746 5505 vr,
2785 5436 2870 5492 t7.
2952 5436 2996 5466 ⁸⁷
3025 5434 3156 5489 Luc.
3193 5449 3282 5488 xvr
3305 5471 3321 5499 ,
3373 5434 3462 5502 l9_
3487 5450 3639 5506 seqq.

2058 5621 2185 5677 item
2210 5621 2312 5676 fuit
2340 5621 2558 5690 σκῆνος,
2592 5623 2796 5691 pariter
2820 5622 3204 5687 habitaculum,
3253 5621 3306 5676 id
3338 5630 3425 5676 est
3451 5637 3641 5690 corpus

2058 5694 2257 5747 anima:
2281 5693 2690 5766 habitaculum,
2744 5703 2804 5748 ut
2867 5694 3111 5763 loquitur
3152 5691 3374 5748 Paulus.
3427 5693 3644 5766 Corpus

2059 5774 2242 5819 autem
2275 5778 2416 5834 saepe
2439 5763 2660 5819 Christo
2697 5776 2980 5834 repugna:.
