3812 6224
156 350 277 408 M01

1566 345 1897 406 EPISTOLA
1946 330 2025 406 x.’

3275 349 3416 406 “02

155 470 305 526 rebus
325 466 650 538 hujusmodi
691 467 1202 538 studeamus,.quas
1230 469 1352 524 loco
1373 465 1728 538 experimenti
1756 468 1806 528 Α
1836 482 1952 522 rem
1976 468 2375 538 blasphemant,
2394 477 2560 539 atque
2597 467 2784 524 omnia
2816 468 3089 524 contraria
3120 470 3416 539 opinantur

153 561 249 634 92
269 568 432 627 atque
464 559 711 614 exercitii
744 558 1013 615 virtutum
1040 559 1244 615 habere
1277 559 1560 615 debemus.
1589 557 1731 625 Quo-

155 640 304 706 mo'do
332 649 482 705 enim
520 649 838 719 patientiam
869 651 1159 720 quisquam
1201 657 1474 714 exerceat,
1507 649 1612 704 nisi
1659 663 1728 702 ex

154 742 372 796 adverso
391 739 505 796 sint
535 739 749 796 labores
780 750 941 811 atque
982 741 1275 796 aerumnae?
1301 741 1586 808 Quomodo
1617 740 1728 796 for-

154 837 428 894 titudinem
461 844 781 906 cognoscat,
814 836 860 892 si
892 837 1077 892 nullus
1108 837 1460 892 inimicorum
1489 835 1726 905 impetus

151 930 268 985 ﬁat?
293 928 589 995 Quomodo
619 930 1041 999 magnanimitas
1076 938 1356 999 appareat.
1391 929 1498 985 nisi
1525 929 1726 1000 injuria

147 1035 190 1077 et
223 1021 452 1077 offensio
474 1021 788 1092 praecedat?
819 1020 954 1087 Quis
978 1021 1413 1090 longanimitatis
1444 1021 1724 1077 notionem

149 1116 349 1182 habeat,
396 1115 512 1170 nisi
574 1114 1046 1169 Antichristorum
1083 1113 1344 1184 iniquitas
1390 1114 1727 1168 antevertat?

146 1207 330 1275 Atque,
388 1214 452 1260 ut
500 1205 816 1260 summatim
853 1205 1056 1269 dicam,
1123 1205 1248 1274 quis
1301 1205 1560 1261 virtutem
1616 1221 1728 1276 prae

147 1299 306 1354 oculis
336 1299 564 1362 habeat,
590 1297 698 1352 nisi
745 1296 949 1352 malum
1001 1299 1057 1353 in
1093 1307 1443 1354 antecessum
1465 1299 1729 1354 exsistat?

150 1388 406 1444 Dominus
452 1403 675 1459 quoque
699 1395 754 1443 et
781 1387 1033 1444 Salvator
1072 1398 1258 1443 noster
1290 1387 1452 1444 Jesus
1476 1388 1728 1445 Christus

147 1481 319 1548 pejora
345 1480 434 1534 his
460 1485 602 1535 mala
634 1479 916 1545 sustinuit,
968 1487 1028 1534 ut
1079 1495 1238 1535 suam
1277 1480 1594 1535 hominibus
1628 1495 1725 1550 pa-

149 1572 380 1625 tientiam
413 1571 822 1627 demonstraret
857 1590 871 1625 :
913 1587 1036 1627 cum
1075 1582 1470 1642 percuteretur,
1525 1574 1727 1629 tolera-

149 1665 425 1719 batzcum
472 1665 674 1736 injuria
719 1665 1044 1729 adiceretur,
1091 1679 1200 1718 non
1250 1663 1524 1720 referebat
1579 1665 1726 1736 inju-

149 1757 329 1812 riam:
377 1773 506 1813 cum
559 1768 870 1828 pateretur,
923 1773 1034 1815 non
1091 1758 1432 1813 irascebatur
1477 1759 1568 1812 6’z
1626 1757 1724 1814 sed

1833 560 1902 615 de
1936 561 2130 616 salutis
2201 570 2444 616 auctore.
2485 559 2621 615 Nam
2680 561 2809 631 quia
2875 561 3156 615 descendit
3193 569 3415 630 propter

1832 653 2104 718 homines,
2128 655 2230 724 ipsi
2257 651 2598 708 divinitatem
2633 653 2752 723 ejus
2778 654 3077 708 naturalem
3111 663 3411 724 negarunt:

1830 746 1958 815 quia
1991 755 2181 801 natum
2203 747 2269 801 de
2293 744 2518 817 Virgine
2570 746 2836 810 viderunt,
2897 746 3192 815 quominus
3222 745 3314 799 Dei
3340 745 3411 800 sit

1829 837 2001 892 Filius
2031 838 2378 908 suspicantur
2420 854 2434 892 :
2469 845 2522 892 et
2546 838 2674 892 dum
2703 837 2905 891 factum
2930 838 3207 891 hominem
3237 837 3412 889 anim-

1831 930 2126 985 advertunt
2147 971 2162 996 ,
2193 931 2559 986 aeternitatem
2609 931 2729 1002 ejus
2771 938 2972 1001 negant
3001 947 3015 997 ;
3050 938 3104 983 et
3135 929 3264 984 dum
3291 930 3408 996 ejus

1830 1019 1940 1092 94.
1965 1036 2065 1090 pro
2096 1021 2255 1076 nobis
2285 1023 2596 1091 passionem
2645 1022 3016 1084 considerant,
3052 1037 3156 1075 non
3184 1021 3412 1075 credunt

1827 1124 1951 1165 esse
1976 1109 2171 1164 Filium
2203 1111 2669 1180 incorruptibilcm
2705 1125 2770 1166 ex
2796 1109 2956 1165 Patre
2987 1111 3406 1179 incorruptibili.

1829 1203 2142 1259 Generatim
2171 1203 2428 1274 denique,
2470 1205 2596 1274 quia
2623 1205 2669 1258 is
2702 1218 2799 1272 pro
2856 1203 3015 1257 nobis
3049 1219 3243 1272 passus
3302 1210 3407 1264 est,

1830 1297 2134 1352 naturalem
2167 1299 2289 1367 ejus
2315 1297 2778 1350 immortalitatem
2818 1296 3166 1362 inficiantur;
3225 1295 3408 1364 ingra-

1827 1399 1990 1460 teqnc
2036 1405 2095 1446 se
2140 1399 2414 1460 gerentes,
2466 1389 2979 1458 benefactoremque
3030 1399 3405 1458 aspernantes,

1827 1484 2028 1536 nedum
2057 1482 2260 1552 gratias
2288 1491 2475 1552 agunt,
2523 1483 2618 1537 sed
2663 1482 3051 1536 contumeliam
3078 1479 3406 1533 retribnunt.

1827 1573 1924 1630 His
1958 1576 2153 1628 merito
2192 1573 2483 1628 dicendum
2533 1574 2712 1628 foret:
2774 1573 2818 1628 Ο
2880 1573 3158 1628 incredule
3200 1570 3408 1625 Christi

1827 1673 2189 1736 oppugnator,
2220 1665 2611 1721 scelestissime
2663 1663 2878 1718 Domini
2939 1666 3017 1718 tui
3065 1661 3406 1728 interfector,

1826 1772 2032 1812 caecum
2066 1757 2262 1811 animae
2289 1757 2509 1812 oculum
2551 1773 2765 1826 gerens,
2797 1765 2980 1811 mente
3001 1755 3222 1822 Judzec;
3250 1757 3293 1811 si
3339 1757 3410 1810 li-

149 1847 361 1903 dorsum
393 1865 559 1904 suum
612 1849 872 1920 ﬂagellis,
923 1863 1091 1919 genas
1152 1849 1325 1919 alapis
1368 1849 1720 1914 concedebat,
1754 1837 1796 1892 Β
1825 1849 1954 1904 hros
1988 1849 2339 1918 intelligeres,
2387 1848 2432 1902 si
2457 1849 2662 1903 sanctis
2692 1849 3034 1902 auscultares
3054 1847 3360 1904 dicentibus
3389 1867 3403 1904 :

151 1939 585 2011 faciemasputis
642 1958 752 1996 non
784 1943 1065 1997 avertebat
1110 1943 1202 1997 ⁷ος
1252 1942 1509 2011 denique,
1559 1951 1724 2012 prout

149 2032 328 2098 voluit,
353 2033 421 2088 ad
447 2049 639 2089 necem
666 2035 862 2089 ductus
896 2044 1001 2101 est,
1039 2043 1098 2089 ut
1157 2050 1260 2090 nos
1311 2035 1367 2089 in
1395 2035 1515 2105 ipso
1543 2034 1721 2090 virtu-

150 2133 254 2179 tum
288 2125 538 2180 omnium
598 2125 918 2199 imaginem,
966 2143 1073 2182 una
1099 2143 1226 2182 cum
1283 2127 1717 2192 immortalitate,

152 2224 443 2274 teneamus.

211 2300 260 2356 8.
290 2301 348 2357 Si
389 2305 772 2376 unusquisque
808 2313 1058 2361 nostrum
1097 2305 1166 2360 ad
1222 2305 1342 2362 haec
1373 2306 1621 2376 exempla
1662 2321 1723 2361 se

149 2396 578 2467 conformaverit,
603 2402 720 2456 sine
741 2401 908 2458 dubio
940 2410 1219 2472 serpentes
1239 2416 1304 2457 ac
1322 2401 1558 2471 viperas,
1587 2417 1722 2456 cun-

149 2496 359 2560 ctasque
394 2492 606 2548 inimici
628 2493 774 2549 vires
797 2493 1177 2549 calcabimus.‘
1201 2492 1292 2548 Sic
1319 2493 1483 2548 etiam
1515 2492 1721 2548 Paulus

149 2594 206 2635 ex
232 2577 420 2637 ndrma
434 2583 656 2640 Domini
682 2600 784 2641 nos
817 2586 1142 2642 hortabatur
1163 2586 1354 2641 dicens
1373 2587 1418 2619 ²¹
1457 2605 1470 2640 :
1503 2583 1722 2640 «Estote

149 2671 242 2727 mei
271 2674 598 2744 imitatores,
620 2677 764 2733 sicut
794 2686 849 2732 et
877 2693 978 2749 ego
1003 2677 1266 2733 Christi.»
1313 2675 1427 2732 Hac
1451 2676 1716 2730 nimirum

149 2761 228 2818 ille
263 2766 682 2823 rationeturbae
717 2769 989 2824 universa:
1015 2769 1322 2825 adversarii
1348 2769 1552 2824 diaboli
1585 2785 1721 2839 prae-

148 2853 336 2920 valuit;
375 2871 506 2910 nam
539 2857 803 2927 scriptum
858 2858 1082 2927 reliquit
1126 2858 1215 2910 "z
1275 2874 1294 2907 ‹
1329 2853 1525 2911 Certus
1571 2871 1716 2922 sum,

149 2945 264 3014 quia
296 2963 474 3018 neque
500 2964 670 3014 mors,
695 2965 872 3020 neque
899 2950 1032 3014 vita,
1081 2965 1260 3020 neque
1310 2949 1510 3020 angeli,
1543 2963 1721 3018 neque

149 3036 563 3107 dominationes,
592 3057 770 3111 neque
819 3042 1102 3106 instantia,
1138 3056 1316 3111 neque
1361 3040 1565 3105 futura,
1620 3056 1719 3094 ne-

149 3142 245 3196 que
285 3140 550 3200 potestas,
582 3147 760 3204 neque
818 3133 1072 3198 altitudo,
1134 3147 1312 3203 neque
1361 3130 1716 3203 profundum,
1746 3177 1789 3235 Ο

149 3236 311 3292 neque
361 3234 616 3280 creatura
645 3225 774 3292 alia,
818 3226 1017 3294 poterit
1052 3240 1139 3280 me
1187 3239 1444 3293 separare
1473 3239 1504 3278 a
1535 3223 1718 3278 chari-

153 3323 250 3371 tate
282 3315 373 3372 Dei
404 3333 530 3388 quae
551 3326 636 3373 est
666 3317 723 3372 in
750 3317 972 3374 Christo
991 3317 1178 3373 Iesu.»
1207 3316 1316 3388 93
1367 3315 1582 3370 Etenim
1610 3315 1716 3370 ini-

151 3407 312 3464 micus
345 3410 744 3466 tentationibus
771 3411 1144 3479 aerumnisque
1185 3417 1410 3480 pugnat,
1442 3408 1591 3462 omni
1616 3423 1718 3477 ope

152 3499 316 3558 nitens
339 3502 406 3556 ad
437 3501 849 3556 exterminium.
880 3501 951 3555 At
978 3502 1165 3566 homo,
1192 3500 1286 3570 qui
1317 3500 1580 3555 adversus
1603 3499 1717 3554 haec

151 3605 236 3660 per
265 3592 543 3649 Christum
571 3609 630 3649 se
658 3601 962 3664 comparat,
987 3594 1117 3647 dum
1147 3594 1242 3648 irae
1289 3591 1516 3663 opponit
1539 3591 1721 3662 longa-

153 3685 466 3751 nimitatem,
524 3687 870 3742 contumeliae
924 3687 1308 3753 humilitatem,
1349 3686 1496 3741 malo
1548 3685 1722 3739 virtu-

152 3785 270 3845 tem,
296 3781 473 3836 victor
510 3779 721 3844 evadet,
749 3779 1002 3848 dicetque
1036 3795 1050 3832 :
1088 3795 1108 3828 ι
1142 3778 1334 3832 Omnia
1367 3793 1592 3848 possum
1619 3792 1716 3847 per

152 3869 438 3941 Christum,
463 3872 558 3943 qui
589 3887 674 3926 me
731 3871 1005 3926 confortat
1034 3871 1134 3925 ⁷³.»
1184 3869 1276 3927 Sic
1305 3870 1589 3926 vincemus
1619 3886 1715 3941 per

150 3959 440 4028 Christum.
472 3967 564 4036 qui
591 3980 692 4020 nos
721 3964 930 4020 dilexit.
990 3963 1118 4019 Haec
1147 3977 1232 4018 est
1256 3964 1431 4035 gratia
1458 3950 1673 4019 Domini
1697 3981 1712 4030 ;

151 4051 256 4110 haec
281 4067 361 4111 est
388 4058 638 4112 doctrina
693 4055 910 4116 Domini
943 4056 1012 4110 ad
1063 4055 1332 4111 homines.
1365 4053 1483 4126 ipse
1519 4071 1720 4125 passus

149 4154 245 4211 est,
271 4157 330 4202 ut
353 4149 821 4204 immortalitatem
853 4147 1065 4201 homini
1111 4148 1454 4217 acquireret,
1495 4149 1589 4217 qui
1619 4163 1720 4218 pro

150 4253 208 4293 eo
227 4238 363 4298 foret
396 4257 663 4312 passurus
695 4260 710 4297 :
771 4240 1075 4306 descendit,
1119 4247 1180 4294 ut
1217 4255 1318 4295 nos
1373 4241 1666 4296 extolleret
1701 4261 1714 4296 :

104 4355 108 4364 -
149 4333 474 4390 nativitatem
514 4333 751 4404 experiri
803 4333 1103 4396 consensit,
1164 4341 1224 4387 ut
1275 4349 1376 4389 nos
1427 4349 1550 4388 eum
1597 4335 1720 4390 dili-

151 4436 386 4491 geremus
411 4426 506 4497 qui
537 4426 805 4481 nativitati
856 4441 966 4479 non
1013 4433 1099 4481 est
1132 4425 1405 4481 obnoxius
1441 4443 1454 4480 :
1489 4427 1558 4481 ad
1591 4443 1717 4483 cor-

1832 1959 1851 1992 ι
1888 1939 2139 1994 lllumina
2176 1939 2369 1994 faciem
2404 1949 2573 2005 tuam,
2604 1949 2657 1994 et
2711 1939 2847 1993 salvi
2886 1938 3093 1993 erimus
3123 1939 3201 2005 7‘;
3243 1958 3261 1992 ι
3297 1941 3404 2008 vel,

1830 2050 1848 2084 ι
1875 2030 2075 2086 Emitte
2109 2030 2288 2085 lucem
2316 2038 2466 2084 tuam
2506 2038 2561 2084 et
2593 2029 2872 2084 veritatem
2916 2038 3061 2083 tuam
3098 2031 3173 2096 “'6;
3212 2051 3230 2081 ι
3278 2044 3407 2088 tunc

1823 2124 2012 2194 utique
2065 2137 2428 2193 agnosceres,
2494 2121 2788 2176 Dominum
2864 2121 3008 2175 haud
3077 2124 3162 2177 sui
3231 2124 3406 2193 gratia

1823 2213 2192 2278 descendisse,
2219 2214 2312 2268 sed
2344 2215 2558 2280 nostri;
2591 2214 2876 2283 magisque
2923 2212 3043 2282 ejus
3096 2213 3407 2284 benignita-

1823 2313 1932 2359 tem
1971 2303 2344 2359 admirareris.
2387 2303 2469 2370 Si,
2495 2303 2627 2374 quid
2656 2304 2730 2358 sit
2757 2303 2938 2368 Pater,
2969 2313 3024 2357 et
3075 2303 3204 2374 quid
3233 2304 3407 2360 Filius

1820 2397 2222 2462 considerares,
2251 2397 2497 2469 profecto
2519 2414 2629 2454 non
2661 2399 3095 2467 blasphemares,
3127 2399 3286 2465 quasi
3315 2397 3406 2452 Fi-

1821 2487 1928 2544 lius
1961 2489 2030 2544 ab
2053 2489 2147 2544 illo
2175 2490 2424 2545 diversus
2449 2491 2558 2546 sit;
2586 2497 2639 2544 et
2666 2489 2712 2543 si
2753 2488 3103 2559 benignitatis
3131 2489 3251 2558 ejus
3275 2503 3408 2556 ope-

1820 2596 1938 2636 ram
1971 2581 2132 2637 nobis
2182 2582 2486 2650 impensam
2545 2581 2898 2652 intelligeres,
2954 2580 3150 2635 Filium
3184 2596 3215 2634 a
3246 2579 3407 2635 Patre

1820 2691 1930 2730 non
1958 2675 2316 2741 abalienares,
2359 2689 2535 2744 neque
2567 2683 2888 2730 extraneum
2942 2681 3224 2743 reputares
3250 2672 3405 2726 illum

1821 2769 1916 2840 qui
1946 2768 2161 2824 Patrem
2188 2768 2348 2822 nobis
2375 2765 2767 2822 reconciliavit.

1893 2862 1982 2918 l0.
2015 2860 2152 2917 Novi
2183 2861 2434 2931 equidem
2469 2860 2586 2916 haec
2631 2875 2739 2914 non
2796 2857 2975 2913 solum
3025 2855 3246 2912 Christo
3271 2871 3406 2912 eon-

1821 2955 2216 3011 tradicentibus
2268 2953 2594 3024 displicere,
2650 2967 2842 3007 verum
2912 2949 3078 3004 etiam
3130 2959 3405 3006 sectarum

1819 3050 2058 3104 alumnis
2092 3049 2187 3119 qui
2213 3048 2402 3103 eadem
2456 3045 2569 3101 fere
2625 3045 2942 3116 opinantur,
2978 3055 3141 3114 atque
3172 3044 3314 3097 inter
3346 3057 3407 3099 sc

1819 3141 2174 3210 conspirant;
2209 3140 2338 3208 quia
2369 3137 2681 3192 didicerunt
2717 3136 3102 3190 indivisihilem
3133 3135 3224 3190 Dei
3255 3136 3403 3188 tuni-

1822 3249 1942 3288 cam
1968 3232 2242 3296 dividere;
2277 3245 2454 3300 neque
2507 3229 2810 3283 absurdum
2868 3244 2926 3282 se
2955 3227 3407 3297 facerejudica:.t

1821 3339 1851 3379 a
1890 3323 2047 3378 Patre
2077 3321 2275 3376 Filium
2308 3321 2634 3390 separando.
2686 3317 2834 3383 Scio,
2872 3319 3001 3372 dum
3060 3320 3174 3373 haec
3205 3320 3402 3373 dicun-

1821 3423 1932 3478 tur,
1963 3415 2111 3484 ipsos
2171 3423 2364 3468 contra
2413 3426 2514 3466 nos
2565 3411 2822 3465 dentibus
2880 3410 3109 3464 stridere
3147 3425 3301 3479 aeque
3338 3425 3404 3466 ac

1823 3505 1975 3560 illum
2011 3504 2224 3574 quieos
2259 3502 2517 3566 concitat,
2551 3501 2659 3571 95
2687 3502 3060 3555 adversarium
3101 3501 3401 3566 diabolum,

1821 3597 1949 3667 quia
1981 3611 2160 3650 veram
2191 3594 2490 3649 Salvatoris
2516 3595 2731 3648 laudem
2793 3608 2934 3662 aegre
2992 3591 3114 3647 fert.
3155 3591 3260 3647 Sed
3297 3592 3404 3647 Do-

1821 3691 2024 3754 minus,
2058 3688 2150 3758 qui
2179 3688 2550 3742 adversarium
2579 3687 2730 3741 illum
2767 3700 2982 3756 semper
3005 3684 3164 3750 ridet,
3197 3694 3250 3739 et
3276 3701 3402 3740 cum

1821 3793 1887 3832 eo
1908 3778 2070 3832 etiam
2110 3778 2212 3831 hos
2263 3777 2590 3842 neotericos,
2644 3775 2780 3830 dixit
2838 3774 2929 3828 "z
2983 3792 3000 3825 ‹
3031 3773 3143 3843 Ego
3192 3788 3312 3828 sum
3346 3775 3403 3827 in

1821 3867 1980 3921 Patre
2006 3881 2148 3933 meo,
2176 3874 2230 3920 et
2265 3863 2424 3920 Pater
2449 3881 2606 3920 meus
2667 3865 2722 3918 in
2760 3879 2846 3918 me
2895 3873 3002 3919 est.
3044 3883 3061 3915 ι
3093 3863 3148 3917 id
3178 3873 3261 3941 cst
3295 3862 3405 3917 Do-

1821 3959 2006 4012 minus
2040 3957 2150 4021 ille,
2185 3957 2278 4026 qui
2304 3957 2359 4010 in
2392 3954 2552 4010 Patre
2602 3955 2938 4025 conspicitur
2965 3955 3098 4010 etin
3135 3969 3245 4024 quo
3271 3970 3404 4009 cou-

1821 4049 2051 4119 spicitur
2120 4047 2303 4111 Pater,
2364 4063 2487 4103 cum
2551 4064 2716 4103 verus
2778 4047 2958 4104 Patris
3014 4047 3186 4102 Filius
3234 4057 3400 4112 esset,

1823 4141 1985 4194 homo
2013 4147 2289 4207 postremo
2329 4153 2428 4208 pro
2473 4139 2629 4194 nobis
2667 4139 2846 4194 factus
2869 4148 2974 4208 est,
3009 4149 3067 4193 ut
3097 4147 3268 4194 semet
3302 4154 3404 4208 pro

1819 4231 1980 4285 nobis
2000 4229 2152 4284 Patri
2181 4229 2419 4290 oﬂ‘erret.
2455 4239 2510 4286 et
2532 4245 2630 4300 per
2660 4231 2746 4286 sui
2771 4231 3106 4286 oblationem
3140 4246 3202 4285 ac
3230 4231 3402 4284 sacri-

1820 4323 2001 4376 ficium
2061 4337 2162 4376 nos
2223 4321 2475 4376 salvaret.
2529 4320 2631 4376 llic
2659 4329 2743 4377 est
2781 4321 2877 4391 qui
2943 4321 3073 4375 olim
3133 4321 3404 4391 populum.

1820 4413 2057 4486 [Egypto
2080 4412 2306 4467 eduxit:
2338 4420 2391 4467 et
2415 4413 2505 4482 qui
2529 4413 2764 4482 denique
2789 4429 2908 4478 nos,
2942 4413 3053 4468 imo
3083 4413 3414 4474 universum,

152 4515 549 4582 ruptihilitatem
592 4533 651 4573 se
693 4517 1000 4587 depressit,
1053 4526 1113 4571 ut
1145 4517 1292 4588 quod
1336 4527 1421 4573 est
1450 4521 1719 4588 corrupti-

1832 4507 2106 4562 hominum
2143 4520 2337 4574 genus,
2365 4516 2542 4559 morte
2608 4504 2880 4568 liberavit,
2907 4511 3070 4572 atque
3108 4519 3174 4556 ex
3207 4500 3414 4562 inferis.

149 4601 246 4658 bile
267 4607 514 4664 indueret
561 4609 1131 4679 incorruptibilitatem
1167 4627 1181 4664 :
1242 4625 1344 4688 pro
1379 4609 1538 4666 nobis
1565 4611 1715 4664 intir-

149 4706 316 4754 matus
351 4710 456 4767 est,
486 4709 546 4756 ut
581 4716 682 4756 nos
707 4700 876 4754 fortes
923 4715 1344 4769 exsurget-emus
1395 4719 1409 4755 :
1453 4701 1521 4755 ad
1561 4717 1712 4756 mor-

148 4794 246 4842 tem
283 4794 448 4859 venit,
475 4801 534 4847 ut
561 4791 1024 4846 immortalitatem
1080 4791 1238 4846 nobis
1286 4791 1632 4857 concederet,
1659 4801 1713 4848 et

149 4890 382 4940 mortuos
410 4885 522 4939 vita
575 4883 824 4938 donaret.
881 4880 954 4937 Ut
998 4882 1323 4953 compendio
1374 4882 1578 4948 dicam,
1615 4884 1715 4938 ho-

149 4971 338 5029 minem
372 4991 430 5032 se
452 4974 602 5041 fecit,
633 4983 810 5032 utnos
835 4974 1094 5029 mortales
1126 4973 1378 5028 homines
1410 4975 1577 5028 vitam
1611 4976 1712 5029 ha-

1819 4596 2033 4665 eripuit.
2080 4593 2179 4649 Hic
2209 4603 2294 4649 est
2319 4594 2413 4664 qui
2437 4593 2741 4664 antiquitus
2781 4603 3041 4664 tanquam
3094 4609 3268 4663 agnus
3299 4593 3403 4646 im-

1821 4688 2154 4752 molabatur,
2219 4685 2346 4756 quia
2413 4685 2516 4740 sub
2565 4685 2690 4756 agni
2745 4686 2920 4756 ﬁgura
2979 4687 3412 4756 agnoscebatur.‘

1819 4781 2104 4837 Postremo
2147 4793 2208 4835 se
2235 4779 2510 4833 hominem
2568 4779 2699 4834 fecit
2753 4794 2852 4848 pro
2900 4779 3082 4833 nobis.
3140 4777 3403 4836 (Pascha

1819 4883 2070 4931 nostrum
2103 4871 2418 4926 immolatus
2439 4881 2521 4926 est
2552 4870 2803 4925 Christus
2831 4871 2928 4923 ⁷⁸.»
2967 4869 3068 4925 llic
3104 4879 3188 4925 est
3215 4871 3310 4940 qui
3333 4872 3406 4926 de

1818 4969 2017 5037 laqueo
2075 4963 2388 5019 venantium
2413 4961 2460 4992 ’τ’
2514 4976 2618 5016 nos
2667 4961 2959 5030 expedivit,
3013 4961 3397 5026 scctariorum,

149 5059 382 5136 beamus,
413 5084 592 5140 neque
644 5083 796 5123 mors
833 5067 992 5122 nobis
1044 5066 1377 5120 dominetur.
1435 5065 1600 5132 Mors,
1642 5068 1721 5121 in-
1815 5062 2064 5132 inquam,
2093 5066 2148 5112 et
2175 5055 2378 5111 Christi
2435 5062 2897 5125 oppugnatorum,
2952 5069 3182 5124 nosque,
3213 5054 3400 5111 Eccle-

149 5168 324 5223 quam,
361 5161 518 5216 nobis
562 5175 673 5214 non
719 5158 1122 5225 dominabitur;
1174 5157 1255 5213 sic
1291 5157 1437 5213 enim
1469 5158 1717 5229 Apostoli

149 5241 338 5304 locutio
359 5253 614 5321 praedicat
644 5251 710 5305 ⁷⁵.

214 5341 264 5395 9.
292 5342 361 5396 At
383 5360 511 5399 vero
537 5343 722 5404 Arius.
757 5353 812 5398 et
839 5341 1048 5408 Manes,
1105 5351 1271 5413 atque
1318 5343 1582 5408 haeretici,
1628 5344 1716 5400 his

151 5443 278 5498 quas
333 5435 572 5492 diximus
623 5438 789 5490 rebus
838 5450 948 5489 non
989 5435 1375 5503 consideratis,
1427 5436 1708 5492 Christum

151 5533 471 5597 Oppugnant,
497 5527 834 5582 Salvatorem
854 5528 1037 5598 lingua
1065 5544 1163 5584 sua
1190 5529 1428 5598 pulsant,
1455 5530 1711 5588 liberato-

216 5636 257 5668 “
293 5637 328 5709 Vl
356 5639 504 5697 Petr.
540 5659 601 5709 ll,
627 5643 718 5697 25.
797 5645 843 5674 ⁷ο
884 5643 988 5698 lsa.
1016 5657 1070 5708 1.,
1104 5643 1157 5698 6.

151 5708 330 5781 Ποηξλ
436 5713 481 5745 ⁷⁸
519 5708 664 5772 Psal.
698 5729 890 5781 cxvm,
953 5715 1071 5770 155.

151 5771 194 5806 ⁸⁸
228 5777 355 5837 ibid.
395 5782 447 5838 6.

1234 5645 1277 5676 ⁷³
1319 5644 1340 5697 l
1383 5646 1512 5700 Cor.
1544 5665 1617 5712 Iv,
1665 5651 1752 5707 16.

1151 5717 1196 5747 ⁷⁶
1235 5714 1378 5771 Psal.
1416 5733 1548 5787 XLII,
1577 5705 1629 5776 δ’.
1680 5705 1779 5798 ﬁt"
1825 5720 1986 5776 Joan.
2035 5732 2145 5773 xiv,
2176 5707 2261 5761 1οο
2350 5707 2394 5737 ’⁷⁸
2425 5705 2443 5759 1
2474 5705 2598 5762 Cor.
2635 5724 2686 5775 V,
2721 5705 2774 5762 7.

1813 5155 1952 5211 siam
1985 5168 2142 5208 suam
2171 5149 2441 5213 videlicet,
2473 5149 2721 5204 salvavit.

1885 5247 1911 5301 l
1927 5247 1946 5300 l
1961 5287 1974 5302 .
2010 5243 2152 5311 Quid
2175 5260 2304 5300 vero
2327 5259 2472 5298 nunc
2491 5257 2651 5313 agere
2682 5242 2856 5307 decet,
2884 5241 3082 5297 fratres
3107 5242 3233 5309 mei,
3254 5257 3396 5312 prae-

1813 5341 2084 5396 dictarum
2116 5352 2299 5392 rerum
2344 5351 2532 5400 causa,
2562 5335 2669 5390 nisi
2695 5335 2888 5390 laudes
2933 5337 3211 5399 extollere,
3255 5337 3398 5406 regi-

1819 5448 1926 5503 que
1970 5429 2218 5485 omnium
2270 5427 2384 5484 Deo
2434 5428 2639 5497 gratias
2691 5442 2886 5496 agere,
2949 5435 3404 5496 praeoccupantes

1819 5522 2067 5595 psalmis,
2092 5519 2570 5588 exclamantesque
2595 5519 2641 5550 ⁸ο
2671 5535 2684 5570 :
2714 5537 2732 5569 ι
2761 5517 3086 5574 Benedictus
3109 5518 3401 5586 Dominus,

2548 5637 2592 5667 ⁷³
2617 5635 2850 5706 Philipp.
2885 5653 2956 5693 tv.
2997 5636 3084 5690 15.
3155 5634 3200 5667 ⁷⁸
3231 5633 3393 5696 Rom.

2797 5653 2850 5708 p.
2885 5653 2956 5693 tv.
2997 5653 3084 5690 to.
3158 5653 3200 5667 ’ν
3231 5653 3393 5696 nom.

2878 5710 2922 5738 τυ
2944 5706 3086 5765 Psal.
3116 5721 3308 5776 cxxut,
3337 5710 3399 5776 7,

1828 5652 1874 5681 ἠ
1905 5646 2066 5700 Rom,
2104 5652 2220 5699 vm,
2262 5634 2352 5700 58,
2381 5635 2470 5689 59.
