3812 6224
356 365 385 419 ⁴Ι
395 367 500 422 405

958 369 1018 423 S.
1062 367 1437 423 ATHANASII
1477 369 1628 425 OPP.
1669 367 1853 423 PARS
1887 367 1953 421 II.
1987 397 2059 410 --
2093 365 2457 421 EPISTOLIE
2496 362 3009 420 HEORTASTICIE

3472 363 3624 420 1404

354 486 451 540 aui
484 500 592 539 non
616 483 764 539 dedit
797 499 897 538 nos
926 483 981 537 in
1009 484 1316 555 captionem
1344 486 1599 541 dentibus
1620 475 1815 543 eorum
1847 488 1861 539 !
1902 505 1921 537 ι
1957 487 2002 544 Α
2102 501 2198 553 xu,
2232 501 2341 540 cun
2367 499 2530 539 essm
2578 496 2834 538 nomutcx
2871 492 3158 533 PASCIMTIS
3207 492 3297 532 ms
3332 493 3442 533 xvrr
3486 495 3619 537 nn.

363 579 708 634 Celebremus
742 575 906 639 viam,
940 590 1106 645 quam
1141 577 1256 646 ipse
1283 578 1441 634 nobis
1474 578 1797 634 instauravit
1862 579 1929 633 ad

302 680 309 695 '
356 672 615 733 salutem,
649 668 815 734 diem,
850 668 1099 738 inquam,
1125 666 1435 737 Paschatis,
1466 678 1526 724 ut
1562 670 1707 724 illam
1742 682 1927 739 postea

300 764 311 777 "
353 763 633 818 caelestem
657 759 1060 815 solemnitatem
1095 774 1221 815 cum
1253 760 1461 831 angelis
1482 763 1784 832 exigamus.
1840 759 1933 816 Sic

355 855 503 910 enim
528 851 793 910 Judaicus
825 854 956 909 olim
981 855 1237 925 populus,
1265 871 1335 911 ex
1364 856 1630 928 angustiis
1673 856 1738 910 ad
1784 857 1930 911 sola-

354 946 493 1000 tium
536 946 821 1017 egrediens
852 987 867 1010 ,
906 945 1109 1001 festum
1163 947 1495 1013 celebrabat,
1548 948 1933 1017 triumphalem

354 1039 508 1092 illum
546 1038 787 1095 recitans
810 1039 1097 1110 hymnum.
1133 1037 1225 1095 Sic
1252 1042 1394 1096 idem
1428 1042 1658 1112 populus
1687 1040 1932 1097 Estheris

352 1138 533 1195 aetate,
570 1130 771 1185 festum
817 1129 1049 1185 Domino
1089 1132 1464 1200 persolvebat,
1510 1129 1622 1202 96
1650 1139 1932 1199 propterea

356 1221 501 1290 quod
525 1222 858 1276 denuntiatae
890 1223 1053 1277 morti
1088 1222 1287 1278 fuisset
1319 1231 1542 1295 ereptus
1568 1241 1581 1290 ;
1612 1224 1764 1293 pensi
1792 1223 1934 1278 hanc

354 1314 725 1369 celebritatem
765 1315 994 1381 habens,
1013 1317 1218 1386 gratias
1254 1314 1488 1370 Domino
1516 1330 1705 1386 agens,
1724 1314 1935 1385 ipsum—

357 1421 463 1475 que
484 1406 555 1459 ob
583 1414 974 1460 commutatam
1002 1424 1185 1461 rerum
1215 1408 1651 1463 vicissitudinem
1679 1408 1929 1463 laudans.

357 1497 527 1569 igitur
556 1514 657 1553 nos
675 1515 893 1569 quoque
922 1500 1211 1555 reddentes
1236 1500 1467 1556 Domino
1490 1509 1615 1555 vota
1645 1510 1850 1566 nostra,
1881 1511 1936 1556 et

359 1597 580 1656 peccata
605 1598 787 1644 nostra
806 1590 1149 1654 conﬁtentes,
1182 1590 1473 1645 Dominum
1504 1593 1662 1647 honis
1688 1593 1933 1650 moribus

359 1681 735 1747 honoremus,
787 1684 1058 1753 dignaque
1106 1684 1321 1739 ratione
1367 1702 1494 1739 eum
1547 1688 1929 1744 celebremus:

359 1772 577 1841 quietsi
607 1773 1000 1843 aliquantisper
1046 1775 1292 1844 corripit,
1324 1785 1560 1831 attamen
1610 1794 1720 1832 non
1767 1779 1934 1835 desti-

360 1863 485 1928 tuit,
517 1879 695 1933 neque
726 1865 1055 1934 derelinquit
1077 1880 1251 1935 usque
1281 1864 1334 1918 in
1370 1866 1531 1921 ﬁnem
1563 1884 1576 1920 :
1611 1884 1788 1938 neque
1821 1879 1936 1924 tan-

359 1953 640 2008 tummodo
670 1955 725 2007 in
749 1969 918 2009 causa
948 1965 1137 2010 nostra
1170 1971 1278 2009 non
1313 1966 1474 2019 tacet,
1511 1957 1604 2013 sed
1638 1974 1704 2014 ex
1732 1960 1935 2028 perfida

360 2046 708 2101 intellectuali
743 2062 842 2102 nos
867 2047 1134 2102 abstraxit
1156 2047 1389 2119 Egypto
1416 2049 1630 2103 illorum
1666 2051 1758 2120 qui
1778 2050 1938 2105 Chri-

359 2147 446 2192 sto
483 2139 902 2206 contradicunt;
950 2150 1002 2195 et
1036 2157 1132 2211 per
1164 2142 1367 2196 multas
1410 2142 1790 2198 tribulationes
1833 2158 1937 2196 an-

358 2233 676 2302 gustiasque
727 2233 1027 2301 traductos,
1094 2244 1355 2305 tanquam
1409 2251 1507 2305 per
1562 2235 1841 2291 desertum
1868 2236 1937 2291 ad

359 2334 605 2379 sanctam
652 2324 952 2380 Ecclesiam
996 2343 1151 2382 suam
1191 2327 1419 2382 deduxit
1451 2346 1464 2381 ε
1494 2337 1555 2382 ut
1609 2328 1736 2382 hinc
1785 2343 1938 2383 more

359 2415 522 2469 solito
549 2416 615 2471 ad
654 2432 752 2471 vos
782 2418 998 2473 mittere
1040 2418 1400 2489 vicissimque
1450 2419 1694 2489 recipere
1725 2419 1936 2475 litteras

359 2524 666 2576 possemus.
699 2508 1064 2577 Quamobrem
1102 2528 1203 2583 ego
1224 2514 1429 2585 gratias
1457 2513 1569 2568 Deo
1617 2528 1806 2584 agens,
1838 2529 1937 2569 oro

360 2614 455 2653 vos
486 2609 544 2652 ut
571 2602 743 2671 magis
767 2603 1049 2674 magisque
1079 2604 1283 2672 gratias
1309 2620 1526 2658 meeum
1553 2605 1728 2675 agatis
1754 2614 1808 2660 et
1836 2619 1937 2674 pro

360 2707 467 2755 me,
490 2693 614 2760 quia
639 2708 763 2746 cum
791 2695 865 2748 sit
895 2694 1011 2748 haec
1036 2696 1333 2764 apostolica
1364 2690 1723 2762 consuetudo,
1761 2697 1936 2766 ipsam

362 2799 577 2854 quoque
618 2784 822 2840 Christi
869 2795 1271 2857 oppugnatores
1324 2797 1379 2843 et
1425 2797 1694 2843 sectarum
1729 2788 1936 2843 alumni

361 2876 645 2944 antiquare
670 2886 836 2947 atque
860 2877 1077 2933 abolere
1108 2878 1281 2933 moliti
1322 2888 1470 2935 sunt.
1502 2881 1756 2935 Attamen
1790 2881 1936 2938 Deus

361 2980 469 3018 non
502 2966 713 3031 annuit,
740 2970 835 3022 sed
871 2970 1153 3025 renovavit
1173 2971 1356 3040 potius
1379 2979 1434 3025 et
1466 2972 1762 3027 custodirit
1788 2974 1938 3043 quod

361 3057 478 3126 ipse
507 3073 603 3126 per
641 3061 921 3129 apostolos
950 3062 1422 3131 prmformaverat,
1452 3073 1513 3119 ut
1544 3064 1744 3120 festum
1771 3066 1937 3123 simul

359 3164 608 3218 agamus,
635 3152 1085 3225 conjunctimque
1118 3156 1479 3223 celebremus,
1521 3156 1677 3227 juxta
1707 3157 1933 3214 Patrum
1964 3196 2007 3254 ο

361 3241 710 3297 traditionem
741 3253 905 3315 atque
938 3257 1231 3318 prmcepta.

435 3334 521 3388 l2.
554 3335 696 3406 Ergo
735 3336 947 3393 initium
981 3337 1423 3412 Quadragesimae
1454 3342 1716 3403 faciemus
1739 3346 1826 3404 die
1841 3363 1938 3403 xu

361 3428 568 3483 mensis
596 3427 801 3484 Mechir
825 3448 838 3483 :
874 3441 1123 3487 sanctum
1145 3442 1328 3490 autem
1353 3434 1639 3494 Paschalis
1666 3439 1937 3509 jejunium

361 3516 450 3572 die
474 3533 604 3572 xxiv
629 3521 834 3575 mensis
864 3520 1204 3577 Phamenoth
1232 3525 1653 3599 ;jejuniumque
1682 3526 1939 3586 ﬁniemus

361 3610 451 3666 die
497 3627 624 3665 xxix
682 3613 887 3669 mensis
923 3615 1169 3685 ejusdem
1217 3616 1559 3674 Phameuoth
1610 3622 1667 3675 in
1702 3623 1939 3680 tenebris

362 3717 710 3772 vesperarum
739 3703 961 3759 Sabbati
987 3722 1000 3757 :
1025 3720 1189 3776 atque
1214 3707 1286 3762 ita
1322 3707 1662 3765 Dominicam
1700 3713 1939 3769 celebra-

362 3794 565 3861 bimus,
589 3811 711 3865 quae
732 3796 819 3852 die
848 3812 957 3851 xxx
983 3798 1227 3868 ejusdem
1256 3799 1592 3857 Phamenoth
1614 3804 1724 3874 97
1751 3806 1941 3862 illuce-

364 3897 498 3944 scet.
533 3887 613 3943 Ex
644 3905 754 3959 quo
786 3891 1052 3961 gradatim
1101 3900 1307 3962 septem
1340 3892 1709 3951 hebdomadas
1735 3913 1940 3968 suppu-

364 3988 565 4047 tantes,
597 3979 973 4038 Pentecostem
995 3984 1392 4040 celebrabimus
1423 4002 1435 4038 :
1471 3997 1523 4041 et
1555 3988 1799 4043 debitum
1822 4000 1940 4045 stu-

363 4072 513 4127 dium
545 4073 630 4129 his
659 4074 852 4130 diebus
881 4076 1282 4146 impendentes,
1306 4078 1453 4148 digni
1489 4080 1604 4133 fieri
1639 4082 1939 4149 poterimus

363 4164 673 4219 futurarum
706 4182 912 4234 rerum,
946 4183 1043 4237 per
1069 4167 1256 4224 Jesum
1306 4169 1585 4225 Christum
1645 4171 1938 4229 Dominum

366 4263 641 4322 nostrum,
666 4273 762 4326 per
794 4274 955 4329 quem
991 4260 1062 4315 sit
1088 4261 1259 4330 gloria
1290 4270 1344 4316 et
1392 4262 1679 4332 imperium
1708 4262 1854 4320 Patri
1884 4268 1940 4321 in

365 4349 563 4404 smeula
588 4350 933 4405 saeculorum.
963 4350 1159 4406 Amen.

438 4440 682 4494 Salutate
715 4441 948 4496 invicem
987 4458 1112 4497 cum
1147 4445 1336 4499 osculo
1383 4459 1612 4515 saneto,
1653 4451 1940 4522 nostrique

2104 596 2240 644 mu,
2277 592 2590 633 PIIARIUTBI
2615 592 2706 641 xx,
2737 586 3081 629 DIOCLETIANI
3109 586 3377 641 ωηοιιιν.

2104 671 2157 725 1.
2187 670 2384 727 Beatus
2414 669 2504 724 ille
2535 667 2760 731 Paulus,
2796 666 2853 720 in
2887 664 3037 720 omni
3067 664 3272 719 virtute
3311 665 3618 733 exercitus,

2032 770 2087 817 et
2105 759 2323 817 Domini
2374 760 2679 831 appellatus
2737 757 2912 812 ﬁdelis
2941 756 3010 825 ⁸⁸,
3045 755 3183 811 nihil
3219 768 3401 812 tamen
3455 759 3618 828 pensi

2033 852 2287 919 habebat,
2320 851 2427 906 nisi
2464 850 2611 922 quod
2643 849 2817 905 virtus
2837 857 2890 903 et
2910 861 3039 902 vera
3077 849 3481 904 commendatio
3507 859 3617 913 est,

2032 952 2087 998 et
2117 944 2371 998 charitati
2426 958 2491 998 ac
2537 943 2682 997 bono
2733 942 2919 996 timori
2973 957 3299 1012 congruum.
3337 940 3434 1000 Ha:
3463 942 3522 995 in
3553 958 3622 995 eo

2032 1035 2513 1106 erantpeculiares
2548 1034 2725 1101 dotes,
2754 1033 2929 1090 donec
2967 1035 3035 1090 ad
3075 1035 3330 1089 caelestes
3360 1034 3483 1088 illas
3527 1050 3621 1087 res

2034 1145 2092 1184 se
2111 1129 2323 1193 extulit,
2366 1135 2419 1182 et
2465 1128 2523 1181 in
2573 1126 2890 1197 paradisum
2930 1128 3181 1197 pervenit
3214 1144 3227 1178 :
3263 1136 3621 1197 praetergres-

2035 1232 2130 1272 sus
2157 1216 2270 1286 98
2301 1215 2551 1270 videlicet
2578 1216 2873 1270 humanam
2898 1217 3401 1280 conversationem,
3448 1233 3620 1286 supe-

2033 1308 2148 1362 rior
2179 1306 2353 1362 evasit
2388 1306 2706 1361 hominibus
2743 1325 2756 1360 :
2787 1316 2987 1361 etcum
3018 1306 3169 1361 illinc
3197 1306 3377 1374 rediit,
3422 1307 3622 1377 praedi-

2035 1399 2179 1454 cavit
2203 1398 2425 1454 cuilibet
2444 1397 2634 1453 dicens
2664 1399 2709 1430 ⁸³
2739 1417 2752 1452 :
2792 1418 2811 1449 ‹
2836 1397 2914 1452 Ex
2947 1408 3098 1469 parte
3143 1401 3288 1455 enim
3320 1399 3621 1470 cognosci-

2035 1508 2181 1558 mus,
2216 1503 2268 1547 et
2290 1508 2355 1547 ex
2391 1500 2545 1561 parte
2575 1491 2986 1561 prophetamus.
3023 1490 3181 1547 Nunc
3232 1508 3511 1564 cognosco
3551 1509 3620 1547 ex

2036 1591 2220 1651 parte;
2239 1590 2369 1636 tunc
2395 1589 2577 1635 autem
2602 1595 2927 1651 cognoscar,
2955 1581 3099 1636 sicut
3126 1589 3179 1637 et
3196 1583 3449 1651 cognitus
3476 1581 3579 1635 fui.
3596 1602 3615 1633 ι

2035 1672 2101 1728 Et
2131 1689 2321 1743 reapse
2371 1689 2401 1727 a
2444 1672 2649 1727 sanctis
2700 1672 2809 1728 illis
2838 1672 3158 1729 cmlestibus
3204 1675 3459 1744 cognitus
3513 1674 3622 1729 fuit

2037 1776 2297 1835 tanquam
2329 1765 2571 1835 ipsorum
2607 1765 2744 1819 civis
2769 1764 2821 1818 in
2858 1767 3009 1819 omni
3045 1782 3105 1821 re
3133 1765 3313 1821 futura
3340 1776 3395 1821 ct
3432 1767 3619 1837 perfe-

2036 1868 2141 1913 cta.
2178 1853 2334 1927 Quod
2363 1858 2511 1921 dicit,
2554 1876 2573 1908 ι
2612 1873 2677 1912 ex
2710 1866 2882 1927 parte,
2925 1878 2944 1909 ι
2990 1857 3125 1914 illud
3183 1869 3300 1914 erat
3348 1860 3498 1929 quod
3561 1860 3618 1913 in

2034 1955 2286 2022 praesenti
2312 1954 2382 2008 ah
2398 1969 2463 2009 eo
2489 1952 2922 2024 cognoscebatur
2946 1972 2959 2007 :
2988 1963 3366 2008 verumtamen
3389 1962 3624 2023 propter

2036 2047 2127 2101 illa
2158 2046 2413 2101 sublimia
2445 2046 2545 2116 ipsi
2567 2063 2598 2101 a
2627 2046 2860 2101 Domino
2875 2047 3299 2109 communicata,
3339 2045 3622 2115 perfectus
3666 2084 3673 2087 τ

2035 2142 2233 2204 evasit,
2283 2141 2467 2210 aitque
2496 2140 2541 2171 ⁸³
2581 2158 2595 2194 :
2652 2159 2670 2191 ‹
2706 2137 3030 2209 Quicunque
3064 2154 3194 2209 ergo
3254 2137 3484 2208 perfecti
3525 2155 3623 2195 su—

2035 2247 2181 2294 mus,
2210 2232 2317 2286 hoc
2341 2231 2664 2285 sentiamus.
2693 2248 2711 2280 »
2748 2228 2814 2283 Et
2833 2229 3093 2299 quoniam
3132 2227 3337 2283 Christi
3368 2228 3621 2299 Evange-

2036 2322 2169 2376 lium
2202 2322 2473 2377 absolutio
2496 2330 2581 2378 est
2606 2333 2770 2391 atque
2796 2321 2921 2375 finis
2957 2321 3107 2375 illius
3134 2321 3450 2385 ministerii,
3470 2322 3619 2392 quod

2035 2427 2131 2483 per
2154 2412 2325 2483 legem
2361 2413 2619 2467 traditum
2652 2412 2756 2466 fuit
2781 2410 2992 2474 lsraeli,
3022 2412 3098 2466 ita
3146 2427 3234 2465 res
3264 2409 3466 2466 futura
3493 2412 3623 2466 finis

2036 2513 2196 2559 erunt
2232 2504 2624 2575 prtescnliumi;
2682 2513 3043 2575 posteaquam
3107 2503 3377 2572 completa
3412 2503 3622 2558 fuerint

2037 2597 2350 2670 Evangelia,
2382 2607 2435 2653 et
2472 2597 2657 2653 fideles
2708 2596 2960 2651 homines
2990 2595 3082 2650 illa
3126 2595 3459 2665 acceperint,
3494 2610 3621 2665 qua:

2038 2708 2186 2746 nunc
2228 2691 2331 2746 etsi
2368 2705 2478 2746 non
2514 2691 2630 2745 visa
2675 2697 3013 2760 exspectant,
3054 2689 3195 2743 sicut
3227 2689 3370 2743 idem
3409 2687 3620 2744 Paulus

2039 2783 2117 2838 ait
2140 2783 2185 2815 ⁸⁸
2220 2802 2232 2836 :
2267 2801 2286 2834 ι
2319 2780 2454 2836 Nam
2494 2782 2639 2852 quod
2669 2782 2816 2837 videt
2864 2783 3012 2851 quis,
3046 2796 3145 2836 cur
3171 2783 3506 2851 exspectat?
3560 2780 3620 2836 Si

2038 2860 2219 2931 autem
2240 2890 2361 2945 qua:
2388 2889 2498 2928 non
2527 2873 2797 2941 videmus,
2821 2890 3128 2944 speramus,
3162 2888 3259 2944 per
3290 2874 3617 2944 patientiam

2038 2976 2437 3036 exspectamus.
2473 2984 2493 3017 ι
2534 2961 2625 3018 Sic
2654 2963 2745 3019 ille
2799 2964 2883 3017 vir
2911 2962 3126 3026 beatus,
3157 2964 3244 3017 cui
3274 2962 3619 3032 apostolatus

2039 3059 2211 3129 gratia
2242 3056 2535 3112 commissa
2571 3054 2693 3118 fuit,
2719 3052 3015 3118 scribebat,
3059 3052 3249 3109 volens
3291 3068 3484 3108 omnes
3514 3054 3622 3109 ho-

2039 3149 2215 3204 mines
2241 3148 2447 3204 similes
2468 3146 2519 3201 ei
2549 3161 2671 3201 esse
2692 3145 2760 3200 9‘.
2791 3145 2963 3209 Porro
2997 3160 3126 3216 erga
3160 3145 3414 3201 homines
3430 3146 3622 3201 chari-

2040 3253 2146 3308 tas,
2176 3257 2237 3297 ea
2267 3241 2486 3296 demum
2507 3238 2682 3293 virtus
2708 3244 2813 3293 est.
2840 3235 3013 3307 Regni
3035 3236 3276 3293 caelestis
3296 3237 3461 3292 turba
3501 3238 3624 3293 inii-

2040 3337 2154 3393 nita
2171 3344 2281 3390 est:
2304 3332 2474 3388 millia
2496 3331 2727 3386 millium
2750 3339 2806 3386 et
2831 3330 3013 3386 decies
3039 3341 3267 3385 centena
3299 3331 3471 3386 millia
3489 3340 3627 3387 sunt

2041 3431 2116 3486 ibi
2131 3431 2187 3484 in
2205 3426 2421 3483 Domini
2436 3425 2783 3495 obsequium.
2813 3424 2949 3480 llluc
2978 3426 3141 3481 homo
3170 3424 3507 3495 ingredietur
3519 3440 3627 3494 per

2042 3532 2332 3596 angustam
2372 3527 2692 3590 arctamque
2735 3518 2917 3573 viam:
2961 3519 3242 3589 ingressus
3270 3525 3483 3585 autem,
3515 3516 3627 3572 im-

2041 3631 2289 3671 mensum
2314 3613 2546 3683 spatium
2576 3611 2892 3681 conspiciet,
2923 3618 2976 3666 et
3000 3610 3180 3665 locum
3211 3609 3458 3664 omnium
3497 3624 3627 3665 ma-

2041 3708 2273 3774 ximum,
2300 3714 2358 3760 ut
2374 3705 2411 3760 ii
2429 3712 2673 3770 narrant,
2697 3703 2791 3774 qui
2822 3708 3349 3772 spectatorcs‘atque
3370 3702 3622 3758 hatredes

2038 3798 2229 3853 talium
2258 3812 2442 3850 rerum
2472 3794 2712 3849 fuerunt.
2741 3792 2983 3848 Posuisti
3019 3802 3144 3848 ante
3176 3809 3279 3849 nos
3308 3797 3622 3866 angustias.

2038 3886 2243 3943 Deinde
2258 3895 2379 3956 post
2407 3885 2685 3956 angustias
2706 3883 2952 3937 aiebant:
2979 3882 3091 3952 99
3109 3882 3390 3939 «Eduxisti
3420 3887 3477 3939 in
3504 3885 3625 3942 lati-

2039 3978 2282 4032 tudinem
2298 3977 2363 4030 ³⁸.
2377 3995 2395 4026 ι
2418 3974 2546 4029 item
2569 3994 2582 4028 :
2607 3993 2624 4024 ι
2638 3973 2697 4027 in
2725 3972 3073 4028 tribulatione
3084 3973 3321 4030 dilatasti
3338 3976 3499 4031 nobis
3512 3979 3580 4032 δ’.
3596 3999 3617 4032 ι

2045 4067 2276 4133 Revera,
2298 4066 2493 4121 fratres
2514 4064 2641 4132 mei,
2663 4064 2771 4117 vita
2798 4065 3113 4118 sanctorum
3136 4064 3224 4119 hic
3239 4053 3623 4137 angustia'est,

2042 4161 2171 4231 quia
2202 4159 2304 4229 ipsi
2327 4172 2633 4212 aarumnose
2654 4155 2922 4223 laborant,
2939 4171 3123 4210 rerum
3151 4156 3456 4211 futurarum
3477 4159 3628 4216 desi-

2040 4254 2287 4319 derio,ut
2315 4250 2403 4305 ille
2430 4249 2562 4305 dicit
2585 4250 2631 4280 ⁸⁸
2661 4266 2673 4302 :
2706 4267 2725 4299 ι
2765 4246 2881 4303 Heu
2914 4247 3068 4315 mihi,
3100 4249 3227 4318 quia
3252 4254 3629 4320 peregrinatio

2041 4358 2163 4398 mea
2185 4342 2509 4413 prolongata
2528 4340 2644 4395 est!
2661 4358 2679 4391 ι
2706 4337 2802 4393 Vel
2832 4338 2959 4410 quia
2984 4350 3257 4409 anguntur
3282 4352 3451 4412 atque
3471 4344 3630 4400 labo-

2041 4447 2168 4493 rant
2192 4436 2263 4490 ob
2306 4435 2537 4490 aliorum
2567 4433 2797 4489 salutem
2820 4476 2837 4500 ,
2870 4442 2930 4488 ut
2960 4433 3028 4489 ad
3060 4434 3377 4492 Corinthios
3416 4436 3629 4495 Paulus

362 4533 417 4586 in
449 4533 655 4588 sanctis
681 4533 1021 4589 orationibus
1062 4538 1258 4593 vestris
1282 4539 1730 4598 reminiscamini.
1774 4543 1936 4599 Salu-
1963 4537 2016 4598 D
2041 4526 2316 4585 50mm”:
2339 4525 2625 4580 (Γοτῑειεδθ
2648 4539 3004 4589 ουῐῐινθηεΐοι
3025 4524 3333 4580 ιιυηιίίίθὺίι
3353 4543 3442 4583 me
3458 4528 3628 4596 Deus;

363 4633 481 4683 tant
502 4639 601 4680 vos
631 4626 833 4691 cuncti,
857 4626 952 4696 qui
985 4642 1199 4682 mecum
1230 4638 1380 4692 sunt,
1412 4631 1631 4700 fratres,
1663 4635 1758 4703 qui
1787 4650 1937 4690 sem-

363 4730 459 4784 per
496 4730 770 4772 memores
798 4716 965 4772 vestri
1022 4726 1168 4773 sunt.
1218 4717 1481 4789 Equidem
1522 4738 1621 4777 oro
1659 4733 1717 4778 ut
1744 4725 1797 4778 in
1831 4724 1937 4781 Do-

364 4807 516 4861 mino
575 4817 766 4863 nostro
822 4808 1126 4866 incolumes
1176 4811 1319 4877 sitis,
1377 4813 1688 4870 charissimi
1718 4815 1934 4884 fratres,

363 4914 504 4970 quos
533 4915 644 4969 prae
671 4901 928 4956 omnibus
956 4901 1143 4958 dilexi.

435 4992 671 5062 Explicit
702 4992 913 5049 decima
946 4994 1174 5063 epistola
1209 4996 1381 5050 sancti
1416 4996 1721 5053 Athanasii.

912 5082 1253 5139 EPISTOLA
1316 5085 1406 5141 XI.

930 5175 1038 5237 (Ch.
1064 5190 1194 5225 anno
1217 5176 1352 5239 539.)

362 5270 631 5323 UNDECIIA
659 5272 947 5312 ATHANASII
978 5272 1263 5326 EPISTOLA,
1288 5276 1339 5313 lN
1367 5276 1667 5317 CONSULATU
1703 5277 1937 5321 SECUNDO

432 5364 757 5404 CONSTANTII
782 5365 1011 5406 AUGUSTI
1051 5368 1121 5405 ET
1150 5367 1313 5406 PRIIIO
1348 5367 1706 5421 CONSTANTIS,
1738 5369 1937 5409 GUBER-

361 5514 367 5519 l
435 5456 612 5496 NAN'I'E
660 5458 867 5498 ιτειιωι
916 5460 1200 5500 PIIILAGRIO
1257 5446 1581 5512 CAPPADOCE,
1634 5463 1939 5502 INDICTIONE

437 5702 530 5775 3"
570 5703 710 5761 Tim.
766 5723 802 5769 ι,
842 5705 929 5758 1‘2.
1008 5707 1052 5739 αι
1084 5708 1101 5759 l
1137 5709 1263 5762 Cor.
1302 5722 1439 5768 ιιιιι,
1485 5709 1540 5772 9,
1588 5708 1670 5761 te.
1747 5707 1793 5738 ει
1829 5705 2003 5775 Philip

367 5773 413 5806 "
440 5773 585 5831 Psal.
623 5792 754 5844 χιιι,
784 5777 891 5843 20;
918 5792 1043 5845 va,
1077 5779 1161 5833 ll.
1242 5780 1286 5809 ⁸⁷
1324 5776 1467 5832 Psal.
1511 5794 1585 5845 Iv,
1623 5778 1677 5832 2.
1720 5778 1801 5853 _“
1838 5773 1983 5833 Psal.

1206 5859 1286 5872 ⁵*-
1738 5857 1821 5867 ..ιν

2007 5721 2059 5776 ι).
2085 5723 2144 5761 m
2171 5749 2183 5772 ,
2225 5708 2311 5761 l5.

2044 4631 2100 4677 et
2134 4619 2377 4675 moerebo
2401 4625 2625 4689 propter
2653 4617 2857 4672 multos
2880 4632 2945 4670 ex
2973 4616 3041 4671 iis
3079 4617 3172 4686 qui
3203 4627 3330 4673 ante
3359 4635 3631 4689 peccave-

2046 4721 2199 4776 runt,
2230 4720 2284 4766 et
2311 4725 2421 4766 non
2450 4717 2683 4779 egerunt
2705 4708 3080 4779 pmnitentiam
3123 4724 3290 4778 super
3321 4710 3632 4768 immundi-

2045 4806 2121 4860 tia
2171 4813 2224 4859 et
2250 4802 2612 4858 fornicatione
2644 4810 2700 4855 ct
2722 4800 3085 4872 impudicitia,
3116 4816 3254 4870 quas
3273 4814 3627 4871 gesserunt.»

2048 4896 2518 4965 Quemadmodum
2558 4895 2721 4949 etiam
2783 4894 3050 4949 mmrebat
3093 4892 3313 4949 Samuel
3340 4897 3408 4951 de
3441 4896 3631 4956 Saulis

2046 4990 2383 5062 perditione:
2406 4996 2461 5044 et
2482 4988 2669 5058 populi
2690 4986 3054 5058 captivitatem
3077 4987 3308 5042 deﬂebat
3330 4987 3625 5048 Jeremias.
3653 4980 3660 4993 ⁸

2045 5082 2435 5138 Verumtamen
2456 5078 2750 5150 post‘hanc
2781 5077 3148 5142 aﬂlictionem,
3171 5078 3440 5145 dolorem,
3462 5093 3631 5153 atque

2044 5174 2343 5239 tristitiam,
2374 5188 2497 5228 cum
2521 5172 2590 5227 de
2611 5170 2717 5227 hoc
2746 5173 2954 5226 mundo
2988 5171 3234 5237 abibunt,
3263 5172 3504 5242 excipiet
3529 5189 3631 5232 eos

2046 5265 2234 5321 divina
2264 5262 2532 5330 hilaritas,
2562 5262 2823 5334 gaudium
2844 5271 3009 5332 atque
3043 5262 3251 5329 laetitia,
3279 5263 3428 5318 unde
3459 5280 3627 5322 exsu-

2046 5357 2238 5412 labunt
2261 5355 2504 5424 miseria,
2541 5370 2751 5410 mceror
2778 5370 2842 5409 ac
2870 5354 3123 5424 gemitus.

2121 5447 2175 5501 2.
2205 5445 2336 5513 Quae
2367 5461 2492 5502 cum
2559 5445 2630 5501 ita
2676 5461 2736 5503 se
2787 5446 3044 5512 habeant,
3102 5446 3300 5503 fratres
3351 5448 3486 5515 mei,
3526 5462 3618 5517 ne,

2396 5708 2441 5740 ⁸⁸
2479 5709 2636 5763 Rom.
2681 5723 2796 5767 vm.
2823 5710 2912 5767 ‘24.
2954 5709 3042 5764 εδ.

2042 5793 2208 5849 eux,
2242 5780 2294 5835 5.
2442 5778 2487 5834 ll
2532 5780 2659 5837 Cor.
2713 5781 2921 5848 xn,2l.

3127 5710 3170 5741 ε’
3210 5707 3384 5763 lCor.
3418 5722 3538 5777 vu,
3559 5702 3618 5764 ⁸1.
