3812 6224
371 329 518 393 4407

946 338 1002 393 S.
1041 338 1420 393 ATHANASH
1452 338 1603 394 OPP.
1649 337 1832 394 PARS
1875 337 1939 394 ll.
1984 372 2054 382 —-
2091 340 2455 398 EPISTOLzE
2499 343 3030 399 llEOR'l'ASTlCZE.

3507 347 3655 405 “08

367 459 500 522 tito,
532 456 727 513 fratres
759 461 886 524 mei,
913 459 1041 513 dum
1077 475 1172 528 per
1196 459 1366 514 libros
1400 461 1521 530 vagi
1553 460 1953 525 discurrerent,
1988 469 2033 522 Α
2133 462 2183 517 7.
2225 461 2611 518 Verumtamen
2639 463 2767 532 quia
2811 463 2927 518 haec
2961 463 3104 516 haud
3145 463 3390 520 externis
3429 470 3652 519 tantum

371 562 717 621 nequaquam
738 559 917 604 tamen
943 551 1074 606 illud
1095 553 1466 621 agnoscebant
1492 570 1504 605 :
1546 571 1565 604 ι
1604 551 1709 617 Qui
1739 551 1952 607 foveam

371 643 622 712 proximo
638 658 740 698 suo
757 642 913 710 fodit,
933 644 985 697 in
1003 645 1250 698 eamdem
1281 644 1479 699 incidet
1502 645 1542 698 °.
1567 663 1584 695 ι
1610 645 1773 700 Item:
1801 664 1820 697 ι
1849 643 1953 711 Qui

370 750 554 804 sepem
577 735 827 806 dissipat,
859 737 1070 791 mordet
1091 752 1216 792 eum
1247 737 1473 792 coluber
1500 737 1544 791 ⁷.
1585 755 1604 790 ι
1644 737 1706 791 Et
1739 737 1842 792 nisi
1875 736 1956 790 fa-

369 825 507 880 ciem
548 841 704 880 suam
756 843 788 883 a
825 827 1058 882 Domino
1093 829 1445 895 avertissent,
1478 829 1622 884 haud
1666 844 1732 884 ea
1764 827 1956 883 formi-

366 917 562 972 darent
610 935 733 988 qua:
796 921 851 975 in
909 921 1112 976 divinis
1162 921 1418 976 laudibus
1485 921 1855 991 praedicuntur
1888 920 1949 973 δε

308 1035 317 1081 ς
375 1028 393 1060 ‹
432 1010 615 1080 Capta:
637 1012 859 1066 fuerunt
880 1021 1067 1082 gentes
1095 1011 1222 1066 fune
1247 1028 1406 1082 quem
1433 1012 1565 1083 ipsas
1601 1019 1950 1077 struxerunt;

309 1087 316 1106 ⁶
369 1101 426 1156 iu
463 1101 661 1171 laqueo
701 1120 862 1173 quem
895 1105 1340 1170 absconderunt,
1394 1107 1823 1174 comprehensus
1869 1114 1954 1160 est

367 1208 464 1264 pes
496 1209 708 1250 eorum.
741 1196 1116 1266 Cognoscetur
1148 1196 1412 1252 Dominus
1452 1197 1661 1267 judicia
1700 1196 1948 1263 faciens;

367 1289 422 1340 in
448 1289 704 1356 operibus
730 1306 988 1344 manuum
1021 1305 1244 1345 suarum
1279 1291 1704 1360 comprehensus
1731 1299 1953 1360 cstpec-

367 1391 541 1434 cator.
581 1400 600 1432 ι
629 1380 744 1435 Hoc
802 1383 928 1436 item
988 1383 1404 1437 animadvertite
1439 1387 1500 1436 ἐ
1544 1402 1563 1434 ι
1604 1382 1830 1437 Venient
1872 1384 1952 1438 eis

369 1471 605 1534 insidiae,
637 1489 773 1541 quas
811 1490 917 1528 non
946 1476 1381 1543 cognoscebant;
1415 1476 1642 1544 laqueus
1673 1491 1833 1544 quem
1859 1490 1952 1529 oc-

367 1565 717 1620 cultaverunt
744 1608 759 1632 ,
795 1568 971 1636 capiet
1003 1584 1118 1621 eos.
1152 1588 1169 1620 )
1202 1567 1325 1621 llzec
1371 1569 1621 1622 videlicet
1652 1583 1756 1620 non
1787 1566 1950 1619 intel-

369 1656 618 1710 lexerunt
648 1675 662 1723 ;
707 1673 899 1722 secus,
936 1657 1226 1712 Dominum
1259 1659 1444 1728 gloria:
1484 1673 1591 1712 uou
1643 1657 1952 1712 crucifixis-

370 1757 494 1804 sent
524 1751 585 1804 ιο.

2059 555 2270 608 actibus
2302 556 2606 625 peragenda
2645 555 2801 626 105
2838 565 2988 620 sunt,
3031 556 3125 612 sed
3180 557 3382 612 mentis
3421 571 3654 628 quoque

2057 646 2390 714 cogitatione
2438 647 2858 714 consideranda,
2913 665 3024 718 quo
3079 649 3338 704 virtutem
3389 665 3653 705 exercea-

2057 753 2210 802 mus,
2268 737 2471 792 idcirco
2524 738 2611 792 ille
2665 738 2942 793 subdidit:
3007 739 3446 796 «Praevenerunt
3498 741 3652 796 oculi

2055 831 2160 883 mei
2216 831 2282 884 ad
2315 840 2365 884 te
2415 831 2680 897 diluculo,
2719 840 2778 885 ut
2808 831 3108 887 meditarer
3132 833 3350 904 eloquia
3380 843 3477 889 tua
3511 835 3584 889 ⁸⁸.
3628 853 3648 886 ι

2057 921 2285 990 Oportet
2307 924 2452 976 enim
2483 924 2654 977 animi
2685 924 3043 995 cogitationes
3089 926 3142 979 in
3184 927 3510 982 hominibus
3549 942 3652 995 pu-

2055 1015 2153 1077 ris,
2187 1016 2377 1083 prmire
2410 1017 2621 1070 actibus
2656 1017 2748 1086 qui
2780 1032 3014 1086 corpore
3043 1017 3202 1084 fiunt,
3248 1028 3304 1074 et
3359 1034 3472 1072 non
3529 1019 3651 1074 vice

2053 1121 2232 1160 versa.
2294 1105 2490 1161 Noster
2549 1123 2771 1178 quoque
2823 1109 3076 1165 Salvator
3132 1111 3275 1165 hanc
3327 1110 3648 1165 doctrinam

2059 1197 2362 1253 traditurus
2403 1199 2472 1253 ah
2500 1201 2668 1254 animi
2694 1201 3115 1270 cogitationibus
3140 1203 3325 1272 coepit,
3348 1203 3544 1258 dicens
3568 1203 3645 1256 ²¹ε

2060 1308 2078 1339 ‹
2108 1289 2210 1354 Qui
2244 1299 2455 1358 spectat
2509 1293 2794 1346 mulierem
2843 1294 2910 1347 ad
2965 1295 3470 1364 concupiscendum
3495 1309 3645 1358 eam,

2047 1377 2162 1448 jatn
2222 1381 2527 1436 mmebatus
2562 1391 2667 1435 est.
2726 1381 2791 1436 Et
2846 1383 2938 1451 qui
2994 1382 3149 1436 fratri
3199 1399 3299 1437 suo
3345 1383 3646 1448 irascetur,

2054 1486 2178 1524 reus
2213 1471 2492 1524 homicidii
2527 1481 2607 1526 est
2631 1475 2696 1526 ²¹.
2723 1491 2741 1523 ›
2783 1471 2994 1540 Quippe
3030 1473 3109 1525 ira
3140 1489 3247 1524 non
3277 1467 3647 1541 praecedente,

2053 1561 2411 1615 homicidium
2452 1563 2760 1616 excluditur
2788 1582 2800 1617 :
2828 1563 3046 1618 exclusa
3079 1563 3281 1632 pariter
3310 1564 3647 1632 cupiditate,

2052 1653 2258 1706 crimen
2296 1653 2550 1708 adulterii
2603 1655 2797 1708 aberit.
2835 1653 3156 1709 Necessaria
3207 1663 3290 1708 est
3333 1656 3527 1723 igitur,
3563 1655 3650 1708 di-

2054 1743 2177 1798 lecti
2233 1745 2363 1806 mei,
2418 1745 2551 1814 legis
2594 1746 2877 1800 meditatio
2903 1787 2917 1811 ,
2966 1754 3021 1799 ct
3059 1746 3378 1799 continuum
3419 1745 3650 1800 virtutis

440 1844 493 1898 6.
526 1843 888 1910 Quamobrem
940 1843 1071 1912 justi
1135 1853 1298 1913 atque
1351 1841 1536 1896 fideles
1594 1840 1814 1894 Domini
1867 1839 1946 1892 fa-
1981 1826 2023 1881 Β
2051 1836 2397 1901 exercitium,
2433 1854 2545 1906 quo
2576 1839 2724 1892 nulla
2751 1839 2802 1893 in
2850 1854 2908 1893 re
2945 1839 3033 1892 vir
3060 1848 3288 1892 sanctus
3339 1838 3647 1905 claudicet,

368 1933 526 1996 muli,
562 1933 907 2002 disciplinam
958 1940 1176 2002 propter
1231 1947 1458 1997 regnum
1515 1931 1778 1985 cmlorum
1839 1944 1950 1982 am-

367 2025 534 2095 plexi,
571 2026 698 2079 hinc
724 2040 864 2078 nova
885 2033 938 2078 et
960 2031 1142 2076 vetera
1170 2023 1456 2086 hauriunt,
1482 2031 1644 2091 atque
1676 2022 1729 2075 iu
1765 2024 1946 2078 verbis

368 2115 592 2170 Domini
657 2114 1013 2179 meditantur,
1065 2113 1214 2168 domi
1263 2113 1539 2177 sedentes,
1589 2114 1945 2181 dormientes,

365 2209 678 2280 vigilantes,
721 2215 774 2261 et
801 2207 854 2260 iu
898 2206 1001 2261 viis
1024 2205 1388 2269 ambulantes,
1416 2205 1558 2257 bona
1589 2219 1685 2274 spe
1710 2205 1944 2274 praediti,

367 2308 594 2370 propter
622 2297 860 2368 Spiritus
889 2297 1311 2367 promissionem
1331 2295 1576 2364 quidicit
1607 2297 1672 2349 “z
1715 2294 1949 2351 «Beatus

365 2395 451 2448 vir
479 2394 572 2463 qui
602 2408 709 2446 non
736 2392 870 2446 abiit
908 2392 962 2444 in
996 2391 1284 2446 consilium
1314 2390 1634 2460 impiorum,
1669 2397 1724 2444 et
1774 2390 1828 2442 in
1860 2389 1948 2443 via

366 2497 713 2559 peccatorum
750 2499 859 2538 non
890 2483 1060 2549 stetit,
1104 2491 1159 2536 et
1200 2483 1252 2536 in
1282 2482 1538 2537 cathedra
1578 2481 1949 2552 pestilentium

365 2597 476 2636 non
514 2580 691 2645 sedit;
733 2577 830 2633 sed
858 2577 1110 2630 voluntas
1139 2575 1259 2645 ejus
1289 2575 1344 2628 in
1379 2575 1495 2645 lege
1537 2573 1776 2640 Domini,
1812 2573 1946 2628 etin

365 2672 544 2741 ipsius
566 2671 685 2740 lege
717 2667 1012 2723 meditatur
1058 2665 1146 2720 die
1178 2680 1241 2719 ac
1289 2673 1466 2719 nocte.
1501 2683 1519 2715 ι
1555 2663 1740 2718 Firma
1766 2673 1948 2717 autem

365 2762 492 2825 ﬁde,
529 2762 636 2815 laeti
677 2773 792 2829 spe,
816 2757 984 2828 quieti
1020 2755 1238 2826 spiritu,
1285 2755 1608 2809 ﬁducialiter
1641 2755 1827 2808 dicent
1855 2757 1898 2786 “
1932 2772 1945 2808 :

371 2875 390 2908 ι
415 2854 490 2910 Os
526 2867 706 2908 meum
733 2852 988 2919 loquetur
1013 2847 1362 2916 sapientiam.
1393 2855 1448 2900 et
1494 2845 1779 2901 meditatio
1821 2860 1948 2902 cor-

365 2947 451 3003 dis
492 2945 598 3000 mei
636 2942 999 3014 prudentiam.
1029 2959 1046 2991 ›
1070 2938 1234 2994 item:
1262 2958 1280 2991 ι
1309 2939 1604 2994 Meditatus
1633 2939 1794 3012 ιοά.
1826 2956 1948 2995 sum

366 3041 423 3096 in
453 3037 710 3094 omnibus
741 3034 1001 3106 operibus
1029 3033 1169 3096 tuis;
1217 3041 1271 3088 et
1323 3048 1488 3103 opera
1539 3047 1803 3088 manuum
1833 3042 1950 3089 tua-

366 3148 492 3190 rum
541 3127 957 3186 considerabam
996 3125 1058 3180 “.
1111 3123 1168 3179 Si
1226 3126 1588 3179 memineram
1637 3125 1719 3179 tui
1783 3141 1949 3195 super

367 3234 598 3281 stratum
636 3236 842 3286 meum,
872 3221 926 3273 in
956 3217 1242 3273 matutinis
1279 3217 1586 3272 meditabar
1634 3215 1702 3272 de
1737 3226 1790 3272 te
1829 3217 1895 3273 ³⁸.
1921 3237 1940 3271 ι

365 3314 576 3374 Deinde
603 3313 785 3368 adhuc
826 3309 1188 3366 confidentius
1215 3309 1398 3364 dicent
1425 3328 1436 3362 :
1477 3327 1495 3359 ι
1518 3307 1798 3364 Meditatio
1825 3323 1948 3365 cor-

366 3407 454 3463 dis
485 3403 594 3460 mei
643 3403 700 3458 in
735 3410 1033 3469 conspectu
1072 3409 1168 3454 tuo
1221 3413 1437 3468 semper
1465 3400 1530 3454 ¹⁵.
1559 3417 1578 3450 ›
1615 3398 1750 3466 Quis
1779 3414 1948 3470 porro

367 3494 689 3568 hujusmodi
747 3492 990 3548 hominis
1048 3491 1173 3546 finis
1215 3491 1239 3544 ?
1284 3489 1384 3546 Hic
1431 3489 1616 3545 statim
1666 3491 1720 3544 in
1781 3491 1945 3546 verba

365 3595 646 3658 erumpet:
687 3603 706 3637 ι
735 3583 1000 3640 Dominus
1033 3581 1249 3654 adjutor
1281 3596 1438 3636 meus
1464 3595 1529 3636 ac
1563 3581 1894 3637 liberator”.
1921 3600 1942 3635 ι

366 3681 506 3739 Cum
561 3680 648 3735 his
706 3693 859 3749 ergo,
902 3677 996 3747 qui
1045 3676 1186 3746 apud
1248 3677 1568 3746 semetipsos
1609 3675 1951 3746 contempla-

366 3775 596 3839 buntur,
637 3782 692 3826 et
736 3771 793 3824 in
843 3768 1008 3824 corde
1056 3783 1158 3823 suo
1191 3766 1408 3821 Domini
1439 3782 1711 3824 memores
1761 3774 1946 3834 erunt,

366 3867 553 3922 nullus
584 3863 785 3934 poterit
815 3861 988 3916 hostis
1019 3859 1290 3930 praeliari;
1333 3859 1462 3928 quia
1494 3874 1589 3914 cor
1614 3859 1835 3915 illorum
1877 3860 1950 3915 ob

367 3974 528 4017 suam
563 3973 692 4029 erga
751 3954 1042 4010 Dominum
1080 3952 1336 4008 fiduciam
1383 3953 1457 4006 ita
1508 3968 1566 4008 se
1619 3953 1841 4009 habebit
1887 3962 1950 4008 ut

368 4055 638 4124 scriptum
687 4060 820 4105 est:
875 4046 1024 4114 «Qui
1083 4047 1364 4102 confidunt
1412 4046 1466 4099 in
1516 4045 1749 4101 Domino
1807 4047 1951 4102 sicut

367 4162 530 4203 mons
562 4143 736 4209 Sion;
793 4156 902 4196 non
957 4139 1396 4196 commovebitur
1429 4140 1484 4193 in
1539 4147 1803 4194 :eternum
1854 4140 1950 4210 qui

369 4237 580 4296 habitat
606 4236 660 4289 in
685 4231 1058 4288 Jerusalem”.
1088 4250 1107 4284 ι
1137 4229 1291 4297 Quod
1323 4230 1368 4286 si
1394 4230 1690 4300 aliquando
1719 4231 1949 4286 callidus

369 4330 464 4389 ille
510 4333 826 4400 prazsumat,
863 4325 1122 4394 ausitque
1173 4323 1346 4377 aciem
1390 4323 1693 4392 praesertim
1726 4332 1949 4379 sancto-

370 4435 494 4477 rum
535 4433 905 4490 perrumpere,
942 4423 997 4470 et
1043 4415 1334 4470 discidium
1395 4414 1536 4469 inter
1589 4413 1787 4470 fratres
1837 4414 1952 4470 eiii-

2051 1927 2144 1980 sed
2181 1927 2233 1979 in
2257 1928 2407 1981 omni
2439 1942 2602 1997 opere
2635 1927 2778 1984 bono
2829 1927 3101 1998 perfectus
3140 1929 3244 1983 sit:
3294 1927 3500 1984 etenim
3561 1930 3651 1984 his

2049 2019 2174 2073 vitae
2204 2028 2420 2074 aeterna:
2456 2021 2750 2088 promissio
2789 2021 3003 2075 adnexa
3053 2028 3158 2088 est,
3209 2031 3269 2076 ut
3309 2019 3522 2076 Paulus
3553 2019 3651 2074 Ti-

2050 2111 2269 2166 motheo
2297 2113 2590 2176 scribebat,
2638 2127 2750 2182 quo
2773 2113 2892 2168 loco
2931 2113 3340 2168 meditationem
3370 2115 3650 2170 vocabulo

2049 2205 2456 2261 exercitationis
2497 2206 2821 2277 indigitabat
2849 2247 2864 2272 ,
2899 2206 3087 2262 dicens
3117 2205 3164 2239 ²³
3203 2224 3218 2260 :
3281 2225 3300 2257 ι
3324 2205 3541 2262 Exerce
3595 2217 3650 2262 te

2050 2296 2227 2365 ipsum
2268 2298 2333 2351 ad
2369 2298 2661 2367 pietatem:
2706 2313 2834 2352 nam
2864 2297 3169 2368 corporalis
3196 2297 3526 2352 exercitatio
3575 2298 3647 2352 ad

2050 2385 2325 2440 modicum
2351 2387 2502 2442 utilis
2528 2397 2654 2454 est;
2689 2389 2866 2458 pietas
2901 2397 3086 2443 autem
3131 2387 3198 2443 ad
3245 2387 3434 2442 omnia
3488 2388 3646 2443 utilis

2049 2485 2152 2540 est,
2187 2478 2611 2546 promissionem
2649 2480 2856 2536 habens
2889 2480 3014 2535 vita:
3065 2495 3188 2550 qua:
3245 2495 3396 2535 nunc
3429 2488 3542 2548 est,
3591 2490 3648 2536 et

2050 2567 2264 2622 futuras.
2293 2589 2313 2622 ι

2119 2661 2173 2716 8.
2207 2661 2468 2718 Mirabilis
2523 2673 2607 2719 est
2655 2665 2758 2719 viri
2793 2666 2956 2736 hujus
3007 2667 3206 2733 virtus,
3239 2665 3442 2723 fratres
3478 2669 3592 2725 mei
3624 2687 3640 2737 ;

2050 2751 2143 2820 qui
2183 2750 2313 2804 dum
2363 2764 2553 2808 monet
2592 2753 2965 2822 Timotheum,
3007 2760 3234 2814 mandat
3268 2761 3535 2816 omnibus
3581 2770 3645 2817 ut

2050 2841 2130 2896 rei
2159 2843 2382 2898 cuilibet
2410 2847 2735 2901 exercitium
2769 2849 2986 2920 pietatis
3017 2851 3366 2920 anteferant;
3404 2853 3502 2908 sed
3528 2869 3644 2924 prae

2052 2932 2264 2989 ueteris
2303 2937 2561 2992 omnibus
2599 2937 2762 2993 fidem
2807 2954 2936 3011 erga
2978 2941 3149 2997 Deum
3174 2944 3330 3013 pensi
3371 2943 3638 3000 habeant.

2051 3021 2187 3078 Nam
2216 3039 2338 3094 quae
2366 3026 2606 3084 hominis
2665 3040 2813 3085 esset
2863 3031 3100 3098 bonitas,
3151 3034 3247 3104 qui
3284 3036 3412 3089 dum
3449 3035 3643 3108 inique

2051 3125 2280 3185 peccat,
2323 3119 2684 3176 nihilominus
2718 3123 2975 3194 praecepti
3015 3125 3425 3182 observantiam
3471 3127 3642 3183 simu-

2050 3209 2226 3264 laret?
2264 3210 2379 3266 imo
2438 3229 2570 3269 vero
2623 3216 2832 3271 nullam
2896 3216 3032 3287 legis
3081 3228 3292 3288 partem
3339 3220 3642 3278 observare

2049 3313 2251 3370 posset,
2279 3304 2372 3372 qui
2425 3305 2644 3375 iniquus
2675 3318 2788 3362 est:
2835 3322 3073 3378 namque
3103 3309 3274 3363 animi
3317 3313 3631 3378 sententiae,

2049 3405 2214 3462 opera
2246 3410 2464 3466 quoque
2507 3399 2815 3454 consentire
2857 3415 3078 3455 necesse
3113 3409 3230 3466 est,
3277 3414 3444 3472 prout
3474 3403 3642 3474 106

2053 3484 2286 3555 Spiritus
2329 3488 2429 3543 hos
2474 3490 2821 3558 reprehendit
2863 3490 3050 3548 dicens
3081 3491 3164 3548 ’δε
3240 3510 3260 3544 ‹
3300 3492 3447 3548 Dixit
3503 3495 3641 3549 insi-

2048 3579 2205 3650 piens
2233 3580 2288 3634 in
2316 3582 2480 3637 corde
2519 3597 2653 3638 suo:
2697 3582 2812 3640 Non
2855 3594 2938 3640 est
2983 3585 3148 3641 Deus.
3177 3605 3195 3638 ι
3252 3585 3378 3642 Mox
3438 3589 3634 3644 eadem

2052 3670 2353 3741 Scriptura,
2379 3682 2438 3728 ut
2469 3689 2632 3744 opera
2658 3676 2994 3734 demonstret
3014 3679 3404 3748 cogitationum
3436 3680 3624 3750 pedis—

2051 3778 2241 3834 sequa,
2269 3765 2345 3820 ait
2376 3766 2421 3798 ³⁵
2454 3782 2466 3818 :
2520 3785 2539 3818 ι
2583 3767 2838 3840 Corrupti
2876 3779 3026 3836 sunt,
3059 3779 3114 3826 et
3171 3771 3228 3825 in
3265 3771 3466 3828 studiis
3519 3775 3636 3830 suis

2058 3854 2349 3925 inquinati.
2388 3877 2407 3910 ι
2437 3856 2611 3915 Homo
2646 3875 2775 3932 ergo
2823 3861 3045 3933 iniquus
3069 3903 3085 3928 ,
3132 3879 3361 3933 corpore
3415 3881 3639 3938 quoque

2051 3947 2420 4016 corrumpitur
2447 3989 2462 4014 ,
2513 3965 2638 4005 cum
2672 3950 2908 4019 furatur,
2964 3955 3290 4020 moechatur,
3331 3957 3634 4025 maledicit,

2051 4039 2314 4108 cbriatur,
2340 4048 2506 4112 atque
2542 4042 2629 4098 his
2660 4044 2862 4100 similia
2903 4047 3218 4103 committit.
3264 4046 3640 4113 Queinadmo«

2051 4131 2181 4186 dum
2215 4133 2478 4203 propheta
2511 4148 2733 4205 quoque
2778 4133 3064 4205 Jeremias,
3097 4138 3228 4193 dum
3276 4141 3344 4194 de
3391 4141 3480 4197 his
3508 4158 3636 4197 cum

2050 4223 2250 4280 lsraele
2304 4227 2693 4297 expostularet,
2752 4227 3024 4283 clamabat
3076 4230 3264 4287 dicens
3307 4233 3353 4264 "
3388 4251 3402 4288 :
3442 4252 3461 4285 ι
3501 4233 3638 4301 Quis

2052 4319 2185 4374 mihi
2217 4320 2364 4375 aliud
2400 4321 2565 4376 donet
2591 4320 2648 4375 in
2677 4321 2895 4376 deserto
2934 4322 3316 4391 diversorium,
3349 4333 3407 4380 ut
3461 4343 3639 4397 popu-

2053 4411 2165 4465 lum
2197 4426 2380 4466 meum
2405 4409 2804 4482 derelinquam,
2853 4422 2908 4467 et
2937 4413 3006 4468 ab
3045 4415 3125 4470 eis
3151 4417 3446 4472 recedam?
3494 4419 3637 4486 Quia

371 4527 518 4575 cere,
557 4509 692 4579 ipsis
720 4507 941 4578 quidem
974 4507 1029 4560 in
1060 4507 1165 4561 hoc
1213 4507 1377 4560 etiam
1433 4506 1643 4575 aderit;
1695 4507 1790 4577 qui
1835 4523 1946 4562 non
1975 4503 2026 4565 Ι)
2051 4518 2244 4559 omnes
2282 4503 2518 4559 adulteri
2570 4514 2719 4572 sunt,
2758 4515 2936 4562 enatus
2994 4509 3484 4578 praevaricatorum
3511 4552 3528 4577 ,
3584 4525 3639 4569 et

371 4603 551 4666 solum
583 4615 678 4655 eos
724 4599 1040 4661 ulciscetur,
1083 4597 1178 4652 sed
1215 4597 1434 4652 interim
1470 4598 1634 4653 etiam
1690 4599 1820 4654 dum
1851 4599 1949 4655 ila-

345 4697 662 4772 'geilantur,
695 4691 879 4748 divina
910 4692 1001 4745 illa
1035 4691 1327 4762 promissio
1371 4691 1593 4747 eosdem
1641 4691 1898 4748 liberabit
1929 4712 1942 4748 :

376 4811 396 4846 ι
431 4789 700 4846 Dominus
777 4783 1040 4856 pugnabit
1109 4800 1207 4854 pro
1267 4783 1420 4840 vobis
1459 4784 1522 4839 ι’.
1577 4802 1597 4837 ι
1655 4783 1950 4855 Propterea

371 4881 588 4939 etiamsi
611 4879 879 4951 angustia:
911 4893 975 4933 ac
1003 4878 1330 4932 tentationes
1369 4877 1611 4932 exterius
1663 4877 1946 4945 invadant,

372 4975 428 5030 hi
463 4970 846 5033 nihilominus,
879 4967 1043 5022 verba
1075 4967 1324 5037 Apostoli
1356 4967 1788 5032 considerantes,
1843 4983 1952 5022 an-

372 5064 677 5136 gustiarum
713 5061 1004 5132 patientes,
1039 5059 1094 5114 in
1128 5059 1381 5128 precibus
1429 5067 1864 5128 perseverantes,
1897 5067 1953 5114 et

373 5156 753 5230 ingruentibus
785 5154 1004 5208 casibus
1040 5151 1446 5206 meditationem
1492 5151 1627 5222 legis
1672 5166 1952 5221 opponen-

373 5263 474 5315 tes,
514 5247 684 5303 Deum
718 5244 989 5317 placaturi
1023 5251 1174 5308 sunt,
1219 5243 1461 5298 recitatis
1490 5243 1556 5297 iis
1585 5260 1708 5313 quae
1748 5244 1949 5314 scripta

374 5351 502 5400 sunt
527 5340 752 5395 verbis:
829 5336 1179 5391 «Tribulatio
1221 5344 1275 5390 et
1319 5335 1583 5405 angustia:
1626 5335 1953 5391 invenerunt

373 5451 492 5499 me;
518 5442 572 5488 et
600 5431 858 5487 mandata
884 5443 1000 5495 tua,
1034 5426 1316 5483 meditatio
1344 5441 1465 5481 mea
1494 5436 1577 5482 est
1603 5427 1666 5481 ‘9.
1696 5446 1714 5478 ι

447 5597 468 5628 ⁶
529 5595 699 5650 Eecli.
757 5555 932 5658 xxvu,
987 5591 1076 5647 29.
1183 5591 1416 5645 ’Eecle.
1464 5607 1536 5655 x,
1571 5589 1625 5645 8.

376 5668 418 5700 "
470 5665 613 5721 Psal.
662 5681 701 5730 I,
758 5669 823 5729 1,
879 5665 932 5717 2.
1049 5660 1272 5716 "Psal.
1329 5677 1520 5725 XLVIII,
1556 5663 1609 5714 4.

371 5734 518 5794 Psal.
551 5751 742 5796 CXLIII,
773 5735 830 5789 2.

1730 5589 1752 5622 ⁸
1802 5589 1948 5649 Psal.
1993 5611 2083 5655 ix,
2131 5589 2333 5652 16,17.

1721 5662 1764 5693 ¹³
1803 5661 1948 5718 Psal.
1990 5679 2174 5727 Lxxvt,
2204 5661 2289 5714 15.

909 5735 950 5764 ¹⁷
982 5734 1122 5787 Psal.
1147 5748 1333 5795 cxxw,
1359 5733 1410 5794 l,
1440 5732 1494 5784 ‘2.
1565 5733 1608 5763 ⁸⁸
1642 5730 1812 5786 Exod.
1834 5750 1944 5801 xIv,
1989 5737 2075 5790 M.

372 5821 428 5873 v,
465 5807 554 5864 28.
633 5808 676 5836 ¹¹
715 5811 732 5860 l
765 5805 919 5860 Joan.
959 5820 1041 5870 ιιι,
1079 5803 1162 5858 15.
1242 5801 1332 5856 ’³1
1371 5801 1512 5858 Tim.
1547 5818 1620 5870 Iv,
1648 5803 1699 5872 7,
1737 5803 1791 5860 8,
1869 5807 1914 5840 r.

2073 5847 2093 5862 ..
2121 5819 2239 5872 xm,
2285 5803 2334 5858 1.

2055 4596 2213 4666 quasi
2240 4613 2429 4652 arcum
2454 4597 2695 4668 linguam
2717 4614 2874 4654 suam
2899 4599 3263 4656 tetenderunt.
3289 4600 3635 4660 Mendacium

2055 4693 2111 4742 et
2136 4686 2492 4742 incredulitas
2519 4688 2869 4743 invaluerunt
2906 4703 3072 4758 super
3112 4699 3352 4758 terram;
3388 4693 3457 4747 de
3493 4697 3637 4751 malo

2058 4780 2124 4835 ad
2148 4781 2351 4834 malum
2378 4767 2650 4852 progressi
2681 4789 2830 4847 sunt,
2856 4789 2910 4836 et
2936 4795 3026 4835 me
3055 4797 3164 4836 non
3186 4797 3614 4853 cegnoverunt.»

2055 4870 2225 4944 Igitur
2252 4873 2556 4943 iniquitatis
2579 4875 2957 4945 mendaciique
2987 4875 3266 4932 vocabulis
3307 4891 3476 4946 opera
3501 4879 3623 4933 illo-

2049 4984 2172 5023 rum
2194 4967 2534 5037 vituperabat
2563 4984 2577 5020 :
2611 4977 2665 5023 et
2691 4969 2792 5024 sub
2818 4969 3056 5040 imagine
3081 4969 3295 5024 illorum
3319 5011 3333 5037 ,
3392 4972 3490 5039 qui
3544 4973 3626 5026 in-

2052 5059 2260 5114 creduli
2293 5058 2463 5113 Deum
2488 5057 2836 5130 ignorabant,
2868 5059 3052 5129 populi
3078 5059 3285 5114 scelera
3309 5063 3630 5119 accusabat.

2119 5153 2173 5206 9.
2203 5150 2362 5206 Fides
2391 5166 2455 5206 ac
2483 5151 2658 5222 pietas
2700 5165 2961 5206 connexa:
3006 5159 3136 5208 sunt
3165 5159 3328 5223 atque
3363 5167 3590 5208 sorores
3616 5173 3628 5209 :

2053 5245 2148 5314 qui
2173 5242 2283 5298 Deo
2313 5242 2504 5307 credit,
2548 5243 2746 5312 pietate
2793 5257 2900 5297 non
2947 5255 3119 5306 caret,
3151 5252 3205 5298 et
3231 5245 3326 5314 qui
3370 5245 3628 5315 pietatem

2051 5337 2233 5398 habet,
2252 5333 2407 5388 valde
2429 5331 2620 5388 credit.
2647 5331 2815 5403 igitur
2837 5332 2929 5402 qui
2957 5333 3011 5386 in
3041 5332 3325 5402 iniquitate
3357 5344 3626 5400 versatur,

2055 5430 2176 5486 sine
2203 5426 2372 5482 dubio
2402 5434 2454 5482 et
2488 5425 2541 5480 in
2573 5425 2677 5480 ﬁde
2711 5435 2896 5480 errat:
2921 5433 2976 5480 et
2996 5426 3090 5496 qui
3119 5441 3150 5480 a
3180 5426 3377 5495 pietate
3405 5427 3627 5491 excidit,

2440 5588 2461 5620 ⁹
2497 5585 2641 5639 Psal.
2693 5600 2892 5650 xxxw,
2924 5585 2978 5638 8.
3095 5583 3194 5636 ¹⁰Ι
3254 5583 3382 5639 Cor.
3447 5603 3524 5647 ll,
3576 5587 3623 5641 8.

2390 5657 2432 5688 “‘
2457 5656 2601 5710 Psal.
2632 5672 2766 5718 LXII,
2796 5657 2844 5708 7.
2949 5657 2988 5687 "
3030 5654 3170 5709 Psal.
3210 5672 3375 5718 vatI,
3423 5657 3514 5709 15.
3589 5660 3628 5690 ⁸⁸

2175 5734 2216 5763 ¹⁹
2245 5730 2387 5784 Psal.
2423 5743 2616 5789 cxvm,
2647 5727 2766 5780 H5.
2861 5727 2906 5758 ²⁰
2942 5725 3072 5778 ibid.
3116 5726 3236 5782 MS.
3339 5728 3384 5759 “
3433 5726 3624 5783 Matth.

2411 5801 2454 5833 ³³
2480 5799 2613 5856 ibid.
2690 5797 2736 5832 "
2762 5795 2873 5854 Jcr.
2910 5813 2984 5866 Ix,
3024 5796 3078 5864 9.,
3112 5797 3164 5852 3.
