3812 6224
129 294 287 353 M09
1549 287 1889 349 EPISTOLA
1927 287 2021 348 XI.
3309 290 3453 349 tuo

129 434 165 475 ι
194 432 345 474 vera
372 418 592 490 pariter
616 418 724 476 ﬁde
759 421 964 480 excidit
991 438 1154 495 quam
1182 422 1517 495 possidebat.
1547 420 1752 477 Paulus
1786 419 1835 480 Δ
1861 419 2043 476 studio
2077 428 2131 477 et
2153 420 2370 493 pietatis
2391 417 2673 486 exercitio,
2702 417 2829 475 ﬁdei
2855 416 3021 476 simul
3047 415 3450 474 confessionem

96 511 380 620 ‘quidem
413 513 750 583 discipulum
780 530 942 572 suum
966 531 1335 588 praemonens,
1359 517 1466 573 hoc
1496 517 1546 572 ei
1575 515 1760 570 consi-
1862 520 2063 581 teneat,
2093 528 2195 584 pro
2233 529 2342 585 qua
2369 511 2578 569 Paulus
2602 511 2900 583 praeliatus,
2933 524 3196 566 coronam
3225 509 3454 579 justitiae

136 602 282 658 lium
302 603 586 673 prabet"
610 622 625 660 :
650 624 673 667 ρ
695 605 914 676 impura
937 608 1105 663 verba
1129 606 1584 673 devita,multum
1608 606 1755 663 enim
1859 601 2088 674 adeptus
2136 610 2241 670 est,
2282 619 2447 675 quam
2494 603 2645 659 dabit
2687 601 2778 658 ille
2814 601 2998 671 justus
3032 601 3199 673 jndex
3229 602 3315 669 ³⁸;
3351 617 3454 657 nec

133 694 471 767 proﬁciunt
499 697 566 753 ad
596 697 959 769 impietatem,
982 709 1038 756 et
1069 716 1253 758 sermo
1269 716 1458 756 eorum
1481 709 1540 755 ut
1560 715 1759 756 cancer
1858 694 1989 752 huic
2017 696 2417 764 tantummodo,
2452 697 2548 753 sed
2575 705 2631 751 et
2653 694 2910 751 omnibus
2940 694 3114 750 eidem
3155 696 3448 751 similibus.

135 785 363 856 serpit;
398 802 475 842 ex
504 788 704 859 quibus
725 799 808 846 est
833 788 1160 863 Hymenaeus
1179 803 1233 848 et
1259 790 1525 856 Philetus,
1548 810 1568 844 ι
1617 806 1757 862 quo-
1930 787 2019 842 11.
2053 785 2383 858 Hujusmodi
2441 788 2724 844 meditatio
2766 802 2832 843 ac
2872 787 3090 857 pietatis
3123 789 3447 843 exercitium

133 895 268 935 rum
285 889 581 949 patratam
602 882 944 955 iniquitatem
962 894 1149 942 narrat
1168 885 1354 941 dicens
1374 904 1389 942 :
1425 904 1444 938 ‹
1468 884 1571 953 Qui
1598 884 1756 955 107
1859 882 2065 940 sanctis
2088 891 2347 953 perpetuo
2371 881 2831 952 familiare,109
2846 897 2989 937 nunc
3003 896 3224 953 quoque
3247 883 3446 949 instat;

136 987 171 1027 ι
184 972 448 1030 veritate
461 974 894 1042 declinaverunt,
911 976 1154 1033 dicentes
1166 978 1620 1033 resurrectionem
1636 990 1757 1031 esse

131 1063 254 1135 jam
288 1063 515 1121 factam
540 1067 606 1122 ⁸⁸.
635 1086 656 1119 ι
682 1067 889 1125 Deinde
923 1070 1065 1126 idem
1089 1070 1409 1142 Apostolus,
1441 1081 1500 1124 ut
1530 1070 1757 1125 demon-

137 1164 284 1212 stret
318 1158 548 1214 sociam
584 1173 706 1215 esse
738 1160 862 1215 ﬁdei
906 1162 1186 1231 pietatem,
1211 1162 1348 1216 ait"
1381 1180 1395 1216 :
1427 1179 1445 1213 ι
1472 1161 1537 1215 Et
1564 1175 1756 1217 omnes

137 1249 238 1319 qui
267 1249 371 1319 pie
400 1251 593 1307 vivere
621 1252 827 1316 volent,
855 1260 1077 1323 propter
1105 1252 1293 1308 Jesum
1319 1251 1602 1307 Christum
1631 1267 1756 1322 per-

139 1341 507 1407 secutionem
532 1342 827 1411 patientur.
850 1361 870 1394 ι
910 1341 1282 1408 Quamobrem
1315 1357 1382 1395 ne
1409 1342 1534 1411 quis
1561 1342 1613 1396 in
1638 1350 1757 1412 ρει·-

139 1432 552 1489 secutio'nibus
576 1433 761 1503 pietati
784 1434 1035 1487 nuntium
1066 1432 1328 1500 remittat,
1351 1434 1508 1489 ﬁdem
1533 1449 1756 1489 conser-

137 1522 399 1576 vandam
445 1521 672 1587 suadet,
704 1522 1004 1577 subdens”
1031 1542 1044 1578 :
1085 1543 1104 1576 ς
1143 1522 1223 1578 Tu
1254 1539 1383 1578 vero
1409 1538 1668 1592 permane
1697 1524 1751 1579 in

142 1611 215 1667 iis
236 1627 377 1683 qua:
400 1611 670 1680 didicisti,
698 1613 825 1667 etin
846 1613 1046 1682 quibus
1075 1629 1134 1669 es
1164 1614 1539 1669 conﬁrmatus.
1562 1633 1581 1665 ›
1613 1611 1750 1668 Nam

140 1703 635 1773 quemadmodum
667 1704 714 1759 si
749 1701 920 1759 frater
950 1720 980 1758 a
1014 1703 1182 1760 fratre
1224 1706 1545 1775 adjuvetur,
1589 1706 1751 1761 ambo

144 1793 399 1849 invicem
427 1794 550 1849 loco
573 1794 837 1849 moenium
861 1793 1025 1862 ﬁunt;
1065 1795 1138 1849 ita
1162 1793 1295 1850 ﬁdes
1325 1810 1389 1850 ac
1426 1794 1620 1865 pietas,
1652 1810 1749 1851 eo-

143 1890 272 1940 dem
313 1886 512 1956 stipite
535 1894 689 1954 ortze,
722 1885 865 1942 inter
895 1901 955 1942 se
986 1887 1296 1942 cohaerent:
1338 1896 1393 1943 et
1423 1887 1517 1957 qui
1558 1890 1611 1943 in
1642 1904 1749 1945 una

145 1988 478 2042 exercetur,
508 1979 822 2036 necessario
863 1980 1254 2037 corroboratur
1295 1980 1348 2036 in
1383 1982 1571 2039 altera.
1614 1981 1750 2053 ideo

146 2084 276 2125 cum
334 2069 512 2126 vellet
554 2068 759 2127 Paulus
804 2069 1141 2143 discipulum
1186 2086 1346 2127 suum
1392 2072 1458 2127 ad
1493 2073 1747 2143 pietatem

146 2162 435 2228 exerceri,
468 2173 525 2218 et
557 2163 793 2235 denique
827 2178 928 2234 pro
971 2163 1075 2219 ﬁde
1112 2175 1343 2230 certare,
1375 2166 1641 2221 suadebat
1674 2167 1748 2232 ei,

148 2254 456 2313 dicens“:
506 2274 526 2310 ς
556 2255 720 2313 Certa
749 2256 954 2313 bonum
989 2264 1267 2314 certamen
1299 2258 1446 2326 ﬁdei,
1480 2268 1534 2314 et
1556 2275 1750 2330 appre-

151 2348 340 2404 hende
388 2348 562 2404 vitam
604 2359 886 2405 mternam.
917 2368 936 2402 ι
973 2349 1249 2406 Caeterum
1301 2361 1428 2406 ante
1457 2352 1642 2408 omnia
1681 2354 1751 2408 ab

153 2439 441 2497 idolorum
473 2441 748 2512 impietate
782 2441 1147 2498 recedendum
1188 2443 1397 2498 homini
1429 2453 1533 2510 est,
1566 2445 1743 2501 lirme~

156 2549 263 2604 que.
290 2534 636 2591 credendum
663 2549 785 2591 esse
818 2534 1009 2591 Deum.
1035 2534 1176 2591 Tum
1218 2536 1413 2592 deinde
1445 2536 1552 2591 ﬁde
1586 2538 1750 2595 nixus

156 2641 281 2682 cum
308 2625 652 2689 adversariis
674 2626 963 2699 depugnet.

227 2719 321 2773 10.
362 2717 489 2775 Una
520 2727 607 2775 est
623 2720 908 2776 ambarum
927 2735 1075 2791 spes,
1105 2720 1160 2776 id
1178 2730 1264 2777 est
1294 2722 1416 2779 ﬁdei
1434 2729 1609 2795 .atque
1636 2726 1751 2795 pie-

158 2808 310 2875 tatis,
344 2809 562 2865 scilicet
584 2810 693 2865 vita
715 2819 938 2866 aeterna.
969 2810 1151 2880 Certa,
1176 2813 1422 2883 inquam,
1452 2815 1658 2871 bonum
1692 2816 1751 2872 ﬁ-

160 2900 247 2958 dei
274 2912 584 2972 certamen,
605 2912 659 2959 et
682 2904 1028 2975 apprehende
1047 2905 1214 2962 vitam
1237 2916 1526 2976 aeternam;
1555 2924 1751 2966 exerce

160 2992 295 3047 tead
314 2992 598 3061 pietatem,
613 2994 873 3064 quoniam
895 2994 1012 3050 haec
1029 2994 1192 3051 habet
1218 2999 1505 3068 praesentis
1525 3000 1648 3054 vita»
1668 3009 1749 3055 at-

1856 973 1976 1030 vult
2019 973 2163 1027 enim
2216 970 2533 1042 Scriptura,
2560 980 2640 1035 ut,
2673 984 2798 1025 cum
2838 967 3106 1024 fuerimus
3135 970 3209 1023 ita
3247 969 3442 1034 affecti,

1857 1082 1981 1122 cum
2003 1065 2109 1121 illis
2132 1064 2330 1120 festum
2361 1064 2724 1120 celebremus.
2744 1061 2885 1128 Quid
2904 1061 3050 1116 enim
3073 1061 3220 1115 aliud
3245 1060 3465 1128 festum

1856 1163 1962 1220 est,
1995 1155 2101 1210 nisi
2124 1155 2192 1208 ad
2228 1153 2399 1208 Deum
2439 1154 2615 1208 oratiu
2636 1152 2920 1215 continua,
2945 1150 3163 1221 pietatis
3196 1122 3465 1239 scientia,"

1855 1256 1911 1304 et
1958 1262 2149 1318 preces
2182 1263 2290 1301 non
2338 1261 2478 1316 vaga
2518 1246 2756 1314 quadam
2789 1246 3021 1311 ratione,
3052 1244 3146 1298 sed
3188 1244 3484 1298 concordi‘

1856 1338 2104 1393 cordium
2132 1352 2407 1393 consensu
2436 1334 2606 1391 actae?
2641 1333 2991 1406 Quapropter
3022 1334 3209 1389 volens
3241 1332 3447 1390 Paulus

1856 1445 1958 1487 nos
1992 1430 2097 1485 hoc
2130 1430 2297 1486 modo
2327 1445 2545 1500 semper
2573 1444 2695 1484 esse
2737 1428 3058 1499 dispositos,
3094 1429 3317 1482 mandat
3360 1428 3445 1482 di-

1855 1537 1986 1579 cens
2009 1522 2085 1576 ac:
2116 1541 2134 1574 ι
2160 1519 2389 1592 Semper
2411 1522 2664 1593 gaudete,
2691 1522 2810 1577 sine
2833 1523 3243 1579 intermissione
3272 1531 3444 1586 orate.

1855 1615 1911 1669 in
1943 1613 2200 1670 omnibus
2237 1613 2442 1684 gratias
2470 1614 2634 1685 agite.
2668 1633 2689 1668 ι
2723 1612 2803 1670 Νε
2834 1615 3000 1687 igitur
3041 1631 3315 1683 seorsum,
3348 1617 3443 1672 sed

1856 1706 2192 1776 conjunctim
2236 1714 2403 1776 atque
2440 1706 2787 1763 concorditer
2815 1707 2999 1763 cuncti
3029 1708 3196 1764 simul
3240 1707 3449 1765 festum

1854 1814 2102 1868 agamus,
2138 1813 2235 1853 ceu
2266 1799 2519 1853 hortatur
2548 1797 2820 1870 Propheta
2846 1800 3033 1855 dicens
3054 1800 3101 1832 ⁸⁷
3129 1819 3142 1855 :
3178 1819 3197 1852 ι
3224 1799 3441 1869 Venite,

1853 1890 2189 1947 exsultemus
2243 1888 2516 1956 Domino,
2551 1890 2834 1947 laudemus
2882 1890 3053 1946 Deum
3104 1891 3440 1948 Salvatorem

1855 1991 2123 2037 nostrum.
2151 2001 2170 2034 ι
2206 1980 2342 2049 Quis
2372 1982 2444 2037 ita
2480 1983 2630 2054 piger
2654 1992 2757 2051 est,
2791 1983 2938 2054 quis,
2968 1984 3217 2055 inquam,
3253 1985 3446 2041 audita

1852 2074 2035 2130 divina
2064 2088 2219 2140 voce,
2241 2075 2522 2145 quodlibet
2548 2075 2691 2131 haud
2721 2076 2925 2131 omittit
2955 2077 3259 2147 negotium,
3287 2084 3345 2130 ut
3371 2075 3443 2131 ad

1853 2181 2201 2222 communem
2230 2168 2559 2235 concionem
2598 2167 2958 2239 festalemque
2991 2178 3322 2223 conventum
3351 2182 3442 2223 ac-

1851 2267 2058 2327 currat,
2089 2261 2183 2331 qui
2219 2276 2328 2315 non
2377 2276 2487 2315 uno
2516 2260 2568 2315 in
2600 2260 2723 2315 loco
2754 2258 3102 2314 celebratur?
3133 2257 3251 2313 Non
3292 2259 3441 2314 enim

1853 2349 2016 2406 unius
2047 2350 2154 2406 loci
2183 2351 2524 2416 solemnitas,
2562 2368 2581 2402 ι
2617 2350 2712 2407 sed
2754 2350 2811 2405 in
2842 2365 3060 2404 omnem
3091 2359 3291 2405 terram
3319 2349 3443 2403 exi-

1852 2432 1931 2498 vit
1957 2457 2126 2498 sonus
2167 2457 2378 2508 eorum,
2411 2443 2547 2498 etin
2592 2442 2729 2499 ﬁnes
2759 2443 2913 2498 orbis
2957 2451 3118 2498 terrae
3143 2445 3310 2498 verba
3344 2458 3441 2498 co-

1852 2551 1976 2590 rum
2000 2536 2066 2592 ³⁸.
2100 2554 2120 2588 ›
2154 2534 2273 2591 Non
2316 2552 2427 2591 uno
2458 2536 2513 2590 in
2548 2536 2669 2591 loco
2704 2535 3036 2591 sacriﬁcium
3070 2535 3317 2599 oﬁ‘ertur,
3343 2537 3439 2592 sed

1852 2627 1908 2682 in
1930 2627 2076 2682 omni
2099 2626 2299 2698 populo
2318 2627 2445 2682 thus
2463 2625 2690 2681 offertur
2705 2626 3083 2696 mundumque.
3105 2627 3437 2681 sacriﬁcium

1852 2719 1966 2773 Deo
1991 2719 2056 2773 ³⁸.
2087 2719 2223 2773 Cum
2257 2718 2339 2773 sic
2365 2717 2696 2773 unanimiter
2719 2717 3010 2772 extolletur
3041 2717 3162 2772 laus
3190 2728 3242 2772 et
3262 2717 3442 2773 Oratio

1852 2811 1923 2865 ab
1954 2810 2040 2875 iis,
2063 2811 2157 2883 qui
2186 2812 2389 2882 ubique
2414 2819 2567 2877 sunt,
2595 2811 2664 2866 ad
2690 2808 2906 2865 Patrem
2933 2811 3086 2885 illum
3115 2812 3438 2867 clementem

1850 2917 1916 2958 ac
1945 2903 2182 2971 bonum;
2212 2918 2336 2958 cum
2370 2903 2622 2959 universa
2649 2903 2917 2959 catholica
2949 2903 3212 2969 Ecclesia,
3239 2905 3441 2975 ubique

1850 2994 2068 3059 diﬁ'usa,
2092 2994 2428 3066 conjunctim
2460 3004 2516 3050 et
2547 3011 2674 3051 cum
2709 2996 3020 3050 exsultante
3056 2995 3241 3050 laetitia
3268 2996 3438 3052 Deum

163 3100 270 3155 quc
296 3086 500 3142 futurae
525 3086 945 3157 promissionem
964 3087 1031 3142 ³¹.
1052 3087 1341 3159 Propterea
1362 3090 1523 3147 Arius
1552 3101 1606 3147 et
1633 3090 1749 3146 Ma-
1775 3122 1818 3182 α
1854 3087 2135 3154 adorabit;
2165 3101 2290 3141 cum
2341 3086 2722 3156 unusquisque
2759 3085 3061 3155 generatim
3103 3085 3317 3139 laudem
3345 3101 3442 3139 ex-

163 3190 282 3241 nes,
300 3177 401 3248 qui
421 3193 566 3233 nunc
593 3177 663 3233 ab
682 3176 924 3233 Ecclesia
957 3179 1263 3247 exiverunt,
1282 3182 1412 3236 dum
1432 3193 1748 3253 oppugnant

165 3266 471 3335 Christum,
492 3269 828 3326 inﬁdelitatis
857 3269 1072 3325 foveam
1102 3270 1384 3338 foderunt,
1415 3273 1469 3326 in
1492 3289 1600 3344 qua
1623 3282 1750 3329 sunt

164 3359 473 3428 confracti;
506 3371 560 3416 et
601 3360 880 3431 impietate
922 3364 1189 3432 provecti,
1221 3364 1380 3418 ﬁdem
1415 3364 1748 3435 simplicium

164 3463 507 3523 pervertunt,
525 3455 580 3508 in
596 3453 690 3508 Dei
713 3455 873 3525 108
884 3454 1079 3510 Filium
1102 3457 1565 3529 blasphemantes,
1583 3474 1746 3531 quem

167 3555 482 3602 creaturam
522 3562 647 3603 esse
687 3548 897 3613 dicunt,
937 3557 1103 3619 atque
1151 3566 1215 3605 ex
1248 3566 1361 3604 non
1405 3552 1746 3620 exstantibus

166 3636 397 3695 factum.
420 3637 526 3694 Sed
554 3638 830 3709 quomodo
855 3646 984 3696 tunc
1004 3640 1267 3697 adversus
1288 3640 1558 3697 Philetum
1585 3651 1747 3714 atque

168 3728 546 3802 Hymenaeum,
577 3731 652 3786 ita
673 3746 823 3787 nunc
848 3741 1037 3786 contra
1068 3748 1255 3802 parem
1284 3734 1392 3788 illis
1414 3734 1746 3805 impietatem

168 3832 322 3880 cavet
361 3824 663 3895 unicuique
693 3824 984 3897 Apostolus
1017 3825 1203 3882 dicens
1226 3826 1300 3882 '3:
1341 3845 1360 3878 ι
1389 3826 1546 3883 Νυηε
1566 3838 1747 3884 autem

171 3913 290 3971 ﬁdei
315 3916 729 3973 fundamentum
753 3919 1023 3975 elcvatum
1041 3928 1145 3986 est,
1165 3919 1371 3975 habens
1408 3921 1745 3991 signaculum

171 4006 309 4065 hoc:
345 4010 602 4081 cognovit
631 4009 896 4066 Dominus
927 4011 1021 4082 qui
1059 4020 1188 4066 sunt
1218 4010 1374 4081 ejus;
1413 4024 1468 4070 et
1504 4014 1747 4070 discedat

173 4097 238 4151 ab
286 4099 576 4171 iniquitate
601 4101 781 4156 omnis
825 4101 918 4171 qui
964 4102 1182 4158 invocat
1221 4119 1418 4159 nomen
1449 4104 1686 4160 Domini.
1721 4125 1741 4159 ι

172 4188 381 4248 Bonum
403 4205 489 4249 est
513 4195 582 4249 ab
609 4193 882 4264 impietate
919 4195 1218 4260 discedere,
1251 4206 1414 4267 atque
1441 4198 1509 4252 ab
1540 4197 1743 4271 iniqui-

174 4283 296 4340 tatis
329 4286 608 4356 operibus,
652 4297 711 4342 ut
745 4297 892 4344 recte
944 4288 1321 4359 unusquisque
1360 4288 1558 4344 festum
1587 4305 1747 4360 agere

174 4387 350 4443 queat.
382 4377 490 4444 Qui
528 4388 706 4434 autem
753 4380 1049 4450 impiorum
1090 4380 1358 4435 sordescit
1406 4381 1741 4451 impuritate.

1854 3182 2025 3248 tollet,
2053 3182 2304 3252 dicetque
2335 3195 2492 3235 amen
2516 3195 2530 3245 ;
2562 3194 2727 3249 quam
2751 3179 2889 3233 bene
2912 3178 3069 3233 nobis
3091 3179 3213 3241 erit,
3243 3176 3439 3234 fratres

1852 3271 1960 3326 mei
1993 3270 2006 3323 ι
2046 3268 2187 3336 Quis
2226 3286 2334 3325 non
2374 3269 2649 3340 gaudebit,
2694 3284 2820 3323 cum
2857 3277 3003 3323 recte
3036 3268 3254 3323 orabit?
3286 3266 3439 3324 Tunc

1851 3365 1970 3435 ipsa
1994 3363 2211 3419 hostilis
2231 3363 2453 3417 artiﬁcii
2475 3361 2701 3425 moenia,
2735 3368 3000 3432 tanquam
3034 3359 3371 3416 Jerichuntis
3388 3359 3439 3393 “

1852 3457 2034 3515 subito
2069 3458 2267 3513 cadent
2305 3475 2319 3511 :
2355 3465 2484 3511 tunc
2514 3470 2711 3525 purum
2754 3453 2992 3523 Spiritus
3024 3454 3198 3509 sancti
3231 3453 3437 3509 donum

1854 3553 1906 3607 in
1940 3551 2183 3623 singulos
2226 3550 2442 3620 copiose
2475 3545 2807 3610 eﬁ'undetur,
2840 3546 2999 3616 ιιο
3041 3546 3114 3600 ita
3156 3554 3215 3600 ut
3241 3560 3437 3601 omnes

1852 3645 2038 3715 agnito
2064 3641 2302 3713 Spiritus
2320 3642 2556 3697 adventu
2585 3640 2785 3696 dicturi
2805 3640 2916 3695 sint
2935 3640 2977 3672 “
3005 3656 3019 3693 :
3053 3657 3072 3690 ε
3103 3637 3313 3708 Repleti
3340 3655 3436 3692 su—

1850 3752 1974 3792 mus
2006 3750 2167 3791 mane
2195 3734 2571 3790 misericordia
2600 3743 2715 3801 tua,
2742 3740 2798 3787 et
2833 3732 2995 3787 laetati
3021 3746 3236 3796 sumus,
3270 3738 3435 3802 atque

1848 3830 2244 3898 exsultavimus
2267 3830 2321 3883 in
2347 3829 2540 3883 diebus
2574 3826 2798 3883 nostris.
2824 3845 2843 3878 ι

1921 3924 2007 3979 12.
2039 3921 2171 3989 Quae
2194 3937 2318 3977 cum
2340 3922 2411 3975 ita
2445 3936 2505 3975 sc
2539 3919 2797 3982 habeant,
2824 3927 3111 3973 cantemus
3131 3934 3259 3973 cum
3300 3933 3432 3973 san-

1849 4017 1972 4080 ctis,
2000 4028 2266 4083 nemoque
2290 4022 2540 4068 nostrum
2570 4011 2684 4065 haec
2712 4009 2884 4065 oﬁicia
2912 4010 3167 4081 negligat,
3190 4009 3435 4079 quolibet

1849 4107 2222 4179 angustiarum
2291 4114 2541 4175 respectu
2609 4103 2796 4157 habito
2862 4113 2958 4157 aut
3028 4105 3431 4168 tentationvtn,

1847 4201 2227 4272 praecipueque
2253 4199 2491 4263 illarum,
2523 4210 2660 4267 quas
2691 4211 2837 4250 nunc
2857 4211 2953 4266 per
2980 4196 3239 4250 invidiam
3273 4197 3433 4250 nobis

1849 4293 2116 4348 suscitant
2141 4291 2452 4358 Eusebiani,
2473 4291 2739 4359 nobisque
2763 4287 2979 4344 crimini
3003 4296 3057 4343 et
3091 4291 3433 4344 accusationi

1849 4394 2069 4442 vertunt
2112 4401 2287 4455 usque
2338 4387 2405 4440 ad
2455 4374 2642 4441 necem
2673 4394 2882 4442 rectum
2910 4392 3163 4438 nostrum
3198 4383 3428 4447 cultum,

174 4465 377 4525 Pascha
423 4470 639 4526 Domini
696 4472 870 4526 nostri
912 4471 1006 4527 Dei
1059 4472 1346 4528 immolare
1384 4489 1495 4528 non
1529 4474 1746 4543 poterit.
1783 4479 1829 4535 D
1854 4479 1947 4548 qui
1976 4487 2156 4532 tamen
2202 4479 2254 4531 in
2300 4475 2395 4531 Dei
2443 4478 2609 4533 tutela
2653 4486 2775 4545 est;
2808 4475 2902 4532 sed
2944 4483 3206 4543 tanquam
3247 4473 3432 4529 ﬁdeles

174 4559 346 4627 Quare
393 4565 481 4619 ille
521 4565 685 4619 etiam
719 4574 848 4620 tunc
881 4565 937 4619 in
984 4563 1220 4636 Egyptu
1260 4566 1460 4635 degens
1511 4567 1747 4636 populus

176 4656 347 4711 aiebat
374 4656 462 4711 “z
502 4654 670 4712 Nobis
718 4674 826 4713 non
869 4657 993 4713 licet
1034 4658 1088 4710 in
1121 4658 1354 4729 [Egyptu
1392 4656 1603 4714 Pascha
1639 4658 1747 4714 De-

176 4748 303 4801 mini
332 4749 504 4804 nostri
538 4747 633 4803 Dei
673 4749 976 4805 immolare.
1017 4749 1158 4804 Idem
1198 4746 1448 4820 quiinimo
1497 4750 1744 4805 omnium

179 4832 347 4905 Deus,
382 4841 635 4895 recedere
664 4838 937 4896 lsraelitas
967 4856 997 4895 a
1037 4839 1324 4894 Pharaone
1359 4842 1595 4909 volebat,
1628 4852 1682 4897 et
1712 4859 1743 4897 a

174 4926 296 4999 jugo
320 4932 519 4998 ferreo,
555 4941 617 4988 ut
643 4934 885 5003 qualibet
922 4934 1267 5005 improbitate
1296 4935 1474 5003 liberi,
1511 4945 1565 4990 et
1594 4937 1745 4992 omni

178 5034 425 5080 extranea
470 5025 725 5095 opinione
770 5026 1009 5095 spoliati,
1045 5026 1138 5081 Dei
1172 5028 1421 5082 notitiam
1462 5029 1745 5100 suscipere

180 5125 410 5179 possent,
429 5132 553 5172 cum
575 5118 791 5174 virtutis
827 5118 1104 5189 operibus.
1152 5121 1363 5175 idcirco
1387 5121 1602 5177 aiebat:
1647 5122 1746 5178 Re-

180 5211 341 5267 cedite
367 5213 438 5268 ab
464 5214 574 5281 eis,
603 5213 922 5284 egredimini
972 5213 1041 5271 de
1074 5214 1251 5270 medio
1285 5216 1501 5270 illorum
1534 5236 1547 5272 :
1576 5218 1745 5274 nolite

180 5306 390 5372 tangere
440 5306 714 5376 impuros;
748 5321 910 5363 secus
962 5321 1125 5361 nemo
1182 5316 1408 5376 peccato
1457 5319 1738 5380 emerget;

184 5407 332 5453 nemo
375 5399 590 5454 virtutis
630 5413 795 5470 opera
842 5399 1178 5469 sectabitur;
1211 5400 1318 5456 nisi
1357 5416 1482 5456 cum
1516 5417 1745 5475 operum

1854 4569 1950 4624 Dei
1980 4569 2214 4625 famulos
2245 4580 2460 4625 nosmet
2490 4585 2766 4640 geramus,
2801 4567 3241 4640 quandoquidem
3279 4567 3432 4621 scitis

1854 4662 2083 4717 salutem
2110 4670 2351 4716 nostram
2382 4663 2500 4733 ipso
2520 4663 2895 4733 angustiarum
2919 4670 3163 4731 tempore
3184 4660 3427 4714 conﬁeri.

1852 4752 2118 4809 Dominus
2165 4769 2385 4823 quoque
2437 4754 2763 4824 jampridem
2829 4736 3325 4823 promisit'dicens
3347 4752 3431 4806 “:
3522 4777 3527 4781 -

1858 4865 1878 4899 ‹
1915 4845 2064 4902 Beati
2111 4845 2246 4901 estis
2292 4861 2417 4901 cum
2456 4844 2836 4901 maledixerint
2871 4844 3047 4909 vobis,
3080 4851 3133 4897 et
3162 4844 3431 4912 persecuti
3467 4836 3487 4869 ”

1850 4954 1948 4995 vos
1976 4938 2200 5005 fuerint,
2225 4946 2279 4993 et
2306 4938 2509 4993 malum
2555 4920 2822 4993 adversus
2857 4952 2957 4992 vos
2986 4936 3245 5000 dixerint,
3278 4952 3432 4991 men-
3460 4951 3468 4959 ·

1850 5034 2048 5088 tientes
2071 5040 2292 5103 propter
2314 5048 2421 5087 me.
2463 5031 2707 5086 Gaudete
2751 5039 2807 5087 et
2844 5031 3137 5096 exsultate,
3167 5030 3428 5100 quoniam

1848 5140 2059 5180 merces
2082 5133 2265 5180 vestra
2293 5123 2520 5193 copiosa
2542 5131 2627 5177 est
2655 5122 2710 5176 in
2738 5122 2910 5177 caelis.
2926 5140 2944 5174 ι
2968 5120 3096 5175 item
3131 5118 3430 5174 Salvatoris

1846 5218 2067 5274 effatum
2092 5230 2197 5283 εει,
2225 5216 2371 5271 haud
2394 5231 2586 5272 omnes
2612 5214 2665 5269 in
2691 5215 2897 5269 mundo
2919 5213 3187 5284 angustiis
3205 5211 3430 5281 corripi,

1848 5310 1943 5365 sed
1983 5308 2077 5380 qui
2127 5308 2297 5364 Deum
2340 5308 2536 5362 timent
2566 5306 2633 5361 ⁴³.
2669 5304 3013 5376 Quapropter
3060 5305 3278 5374 quoties
3329 5318 3433 5357 nos

1850 5400 2058 5458 inimici
2108 5400 2328 5473 gravius
2369 5399 2636 5471 allligunt,
2664 5412 2767 5454 nos
2810 5397 3077 5453 solamine
3105 5396 3433 5452 utimur:et

318 5553 360 5627 Π
385 5555 527 5612 Tim.
565 5574 634 5625 ll,
673 5559 761 5627 16,
799 5559 883 5615 17.
960 5559 1005 5592 ³⁸
1031 5558 1165 5615 ibid.
1197 5560 1283 5615 18.
1357 5561 1403 5592 ¹⁹
1431 5558 1473 5613 ll
1505 5559 1650 5615 Tim.
1676 5575 1745 5617 ιιι.

1865 5601 1880 5615 .
1943 5560 1988 5593 ιο
2019 5559 2150 5615 ibid.
2180 5559 2269 5615 ts.
2343 5546 2828 5627 “mimanta,
2898 5550 3429 5627 ιιιτίιηηγτλε.

184 5618 226 5653 ⁸³
259 5622 297 5678 ιι
321 5624 460 5684 Tun.
499 5645 558 5693 ll,
591 5618 677 5684 t9.

186 5706 322 5760 xvm,
349 5698 402 5756 5,

184 5775 264 5833 xv,
280 5769 358 5824 19.

787 5631 836 5663 ³⁸
863 5630 1037 5686 Exod.
1069 5646 1187 5693 \‘lll,
1216 5630 1307 5685 26.

1415 5631 1459 5664 ³⁸
1481 5630 1525 5695 il
1558 5631 1703 5688 Tim.
1737 5648 1811 5691 ιν.
1845 5633 1898 5686 8.

505 5703 548 5735 ³⁸
578 5700 807 5760 Malach.
850 5718 890 5766 ι,
940 5704 1026 5756 tl.
1129 5702 1174 5733 ⁸ο
1207 5699 1374 5758 Josue
1411 5718 1485 5771 vr,
1521 5703 1614 5757 20.
1710 5702 1745 5735 ⁴¹

1865 5701 1935 5758 al.
1970 5717 2190 5767 Lxxxrx,
2229 5702 2316 5756 14.

3159 5655 3169 5665 ι
3216 5624 3261 5654 ³⁸
3287 5624 3431 5678 l'sal.

2012 5631 2058 5662 ⁸⁸
2087 5632 2103 5684 l
2133 5630 2325 5685 'l‘hesa.
2356 5645 2410 5696 v,
2438 5632 2526 5684 16.
2630 5628 2674 5658 ³⁷
2708 5625 2852 5683 Psal.
2874 5641 3020 5684 xciv,
3054 5626 3102 5678 1.
3159 5655 3169 5665 -
3216 5625 3261 5654 ⁸³
3287 5625 3369 5678 l's:

2012 5717 2190 5751 nux.
2229 5702 2316 5751 id.
2482 5699 2527 5731 “
2557 5697 2747 5751 Matth.
2781 5713 2835 5751 v.
2868 5697 2953 5751 11.
2991 5696 3078 5751 12.
3191 5695 3235 5727 ⁵³
3269 5692 3369 5751 503

2482 5699 2527 5731 δ’
2557 5697 2747 5753 Matth.
2781 5713 2835 5763 ν,
2868 5697 2953 5763 tt,
2991 5696 3078 5756 12.
