  <div class='ocr_page' id='page_1' title='image "/cluster/home/n/w/nwhite01/storage/ocr_20150623/26/nnc1.0046978577/721.png"; bbox 0 0 3812 6224; ppageno 0'>
   <div class='ocr_carea' id='block_1_1' title="bbox 379 313 516 373">
    <p class='ocr_par' dir='ltr' id='par_1_1' title="bbox 379 313 516 373">
     <span class='ocr_line' id='line_1_1' title="bbox 379 313 516 373; baseline -0.007 -2"><span class='ocrx_word' id='word_1_1' title='bbox 379 313 516 373; x_wconf 67' lang='lat' dir='ltr'><strong>illi</strong></span> 
     </span>
    </p>
   </div>
   <div class='ocr_carea' id='block_1_2' title="bbox 940 307 1957 367">
    <p class='ocr_par' dir='ltr' id='par_1_2' title="bbox 940 307 1957 367">
     <span class='ocr_line' id='line_1_2' title="bbox 940 307 1957 367; baseline 0 -1"><span class='ocrx_word' id='word_1_2' title='bbox 940 312 999 367; x_wconf 83' lang='lat' dir='ltr'><strong>S.</strong></span> <span class='ocrx_word' id='word_1_3' title='bbox 1035 309 1406 367; x_wconf 81' lang='lat' dir='ltr'><strong>ATllANASll</strong></span> <span class='ocrx_word' id='word_1_4' title='bbox 1443 308 1593 365; x_wconf 91' lang='lat' dir='ltr'><strong>OPP.</strong></span> <span class='ocrx_word' id='word_1_5' title='bbox 1636 308 1816 366; x_wconf 82' lang='lat' dir='ltr'><strong>PARS</strong></span> <span class='ocrx_word' id='word_1_6' title='bbox 1853 307 1916 366; x_wconf 82' lang='lat' dir='ltr'><strong>ll.</strong></span> <span class='ocrx_word' id='word_1_7' title='bbox 1952 341 1957 352; x_wconf 77' lang='grc' dir='ltr'>ι</span> 
     </span>
    </p>
   </div>
   <div class='ocr_carea' id='block_1_3' title="bbox 2073 307 2982 367">
    <p class='ocr_par' dir='ltr' id='par_1_3' title="bbox 2073 307 2982 366">
     <span class='ocr_line' id='line_1_3' title="bbox 2073 307 2982 366; baseline -0.002 -1"><span class='ocrx_word' id='word_1_8' title='bbox 2073 308 2415 366; x_wconf 68' lang='grc' dir='ltr'><strong>ΞΡΙδτΟιιΕ</strong></span> <span class='ocrx_word' id='word_1_9' title='bbox 2455 307 2982 366; x_wconf 71' lang='grc' dir='ltr'><strong>ΙΙΕΟΒΤΑΒΤΙΟᾹΞ.</strong></span> 
     </span>
    </p>
   </div>
   <div class='ocr_carea' id='block_1_4' title="bbox 3506 308 3667 364">
    <p class='ocr_par' dir='ltr' id='par_1_4' title="bbox 3506 308 3667 364">
     <span class='ocr_line' id='line_1_4' title="bbox 3506 308 3667 364; baseline 0 0"><span class='ocrx_word' id='word_1_10' title='bbox 3506 308 3667 364; x_wconf 70' lang='grc' dir='ltr'><strong>14Ιῖ</strong></span> 
     </span>
    </p>
   </div>
   <div class='ocr_carea' id='block_1_5' title="bbox 380 426 3659 505">
    <p class='ocr_par' dir='ltr' id='par_1_5' title="bbox 380 426 3659 505">
     <span class='ocr_line' id='line_1_5' title="bbox 380 426 3659 505; baseline -0.002 -18"><span class='ocrx_word' id='word_1_11' title='bbox 380 435 632 505; x_wconf 81' lang='lat' dir='ltr'><strong>quamvis</strong></span> <span class='ocrx_word' id='word_1_12' title='bbox 659 433 735 488; x_wconf 87' lang='lat' dir='ltr'><strong>illi</strong></span> <span class='ocrx_word' id='word_1_13' title='bbox 776 431 1027 503; x_wconf 88' lang='lat' dir='ltr'><strong>injuriam</strong></span> <span class='ocrx_word' id='word_1_14' title='bbox 1058 430 1313 495; x_wconf 81' lang='lat' dir='ltr'><strong>inferant,</strong></span> <span class='ocrx_word' id='word_1_15' title='bbox 1346 445 1449 486; x_wconf 92' lang='lat' dir='ltr'><strong>nos</strong></span> <span class='ocrx_word' id='word_1_16' title='bbox 1481 430 1791 486; x_wconf 70' lang='lat' dir='ltr'><strong>concordize</strong></span> <span class='ocrx_word' id='word_1_17' title='bbox 1830 430 1951 484; x_wconf 90' lang='lat' dir='ltr'><strong>vin-</strong></span> <span class='ocrx_word' id='word_1_18' title='bbox 1982 437 2026 492; x_wconf 79' lang='grc' dir='ltr'>Α</span> <span class='ocrx_word' id='word_1_19' title='bbox 2059 444 2404 501; x_wconf 87' lang='lat' dir='ltr'><strong>resurgemus</strong></span> <span class='ocrx_word' id='word_1_20' title='bbox 2430 445 2445 481; x_wconf 90' lang='lat'><strong>:</strong></span> <span class='ocrx_word' id='word_1_21' title='bbox 2473 435 2813 498; x_wconf 88' lang='lat' dir='ltr'><strong>oportetque,</strong></span> <span class='ocrx_word' id='word_1_22' title='bbox 2860 427 2969 489; x_wconf 89' lang='lat' dir='ltr'><strong>ait,</strong></span> <span class='ocrx_word' id='word_1_23' title='bbox 3014 426 3367 496; x_wconf 85' lang='lat' dir='ltr'><strong>corruptibile</strong></span> <span class='ocrx_word' id='word_1_24' title='bbox 3410 426 3525 483; x_wconf 90' lang='lat' dir='ltr'><strong>hoc</strong></span> <span class='ocrx_word' id='word_1_25' title='bbox 3568 427 3659 482; x_wconf 89' lang='lat' dir='ltr'><strong>in-</strong></span> 
     </span>
    </p>
   </div>
   <div class='ocr_carea' id='block_1_6' title="bbox 381 519 1954 591">
    <p class='ocr_par' dir='ltr' id='par_1_6' title="bbox 381 519 1954 591">
     <span class='ocr_line' id='line_1_6' title="bbox 381 519 1954 591; baseline -0.002 -16"><span class='ocrx_word' id='word_1_26' title='bbox 381 522 501 576; x_wconf 79' lang='lat' dir='ltr'><strong>cula</strong></span> <span class='ocrx_word' id='word_1_27' title='bbox 542 523 928 591; x_wconf 82' lang='lat' dir='ltr'><strong>astringimus:</strong></span> <span class='ocrx_word' id='word_1_28' title='bbox 964 522 1178 590; x_wconf 89' lang='lat' dir='ltr'><strong>quoties</strong></span> <span class='ocrx_word' id='word_1_29' title='bbox 1211 520 1449 590; x_wconf 88' lang='lat' dir='ltr'><strong>denique</strong></span> <span class='ocrx_word' id='word_1_30' title='bbox 1489 519 1750 589; x_wconf 90' lang='lat' dir='ltr'><strong>impedire</strong></span> <span class='ocrx_word' id='word_1_31' title='bbox 1788 534 1890 574; x_wconf 89' lang='lat' dir='ltr'><strong>nos</strong></span> <span class='ocrx_word' id='word_1_32' title='bbox 1925 534 1954 572; x_wconf 89' lang='lat' dir='ltr'><strong>a</strong></span> 
     </span>
    </p>
   </div>
   <div class='ocr_carea' id='block_1_7' title="bbox 385 609 1958 683">
    <p class='ocr_par' dir='ltr' id='par_1_7' title="bbox 385 609 1958 683">
     <span class='ocr_line' id='line_1_7' title="bbox 385 609 1958 683; baseline 0 -20"><span class='ocrx_word' id='word_1_33' title='bbox 385 621 527 665; x_wconf 86' lang='lat' dir='ltr'><strong>recta</strong></span> <span class='ocrx_word' id='word_1_34' title='bbox 563 611 822 683; x_wconf 85' lang='lat' dir='ltr'><strong>religione</strong></span> <span class='ocrx_word' id='word_1_35' title='bbox 853 616 1127 680; x_wconf 83' lang='lat' dir='ltr'><strong>satagunt,</strong></span> <span class='ocrx_word' id='word_1_36' title='bbox 1159 624 1259 665; x_wconf 92' lang='lat' dir='ltr'><strong>nos</strong></span> <span class='ocrx_word' id='word_1_37' title='bbox 1288 624 1409 664; x_wconf 84' lang='lat' dir='ltr'><strong>eam</strong></span> <span class='ocrx_word' id='word_1_38' title='bbox 1441 625 1563 665; x_wconf 89' lang='lat' dir='ltr'><strong>cum</strong></span> <span class='ocrx_word' id='word_1_39' title='bbox 1596 609 1958 679; x_wconf 66' lang='lat' dir='ltr'><strong>ﬁduciaprm-</strong></span> 
     </span>
    </p>
   </div>
   <div class='ocr_carea' id='block_1_8' title="bbox 383 701 1958 771">
    <p class='ocr_par' dir='ltr' id='par_1_8' title="bbox 383 701 1958 771">
     <span class='ocr_line' id='line_1_8' title="bbox 383 701 1958 771; baseline 0 -15"><span class='ocrx_word' id='word_1_40' title='bbox 383 702 650 767; x_wconf 83' lang='lat' dir='ltr'><strong>dicamus,</strong></span> <span class='ocrx_word' id='word_1_41' title='bbox 674 703 914 757; x_wconf 80' lang='lat' dir='ltr'><strong>dicentes</strong></span> <span class='ocrx_word' id='word_1_42' title='bbox 931 701 1006 756; x_wconf 56' lang='grc' dir='ltr'><strong>διε</strong></span> <span class='ocrx_word' id='word_1_43' title='bbox 1040 720 1059 755; x_wconf 72' lang='grc' dir='ltr'><strong><em>ι</em></strong></span> <span class='ocrx_word' id='word_1_44' title='bbox 1082 701 1277 757; x_wconf 90' lang='lat' dir='ltr'><strong>Omnia</strong></span> <span class='ocrx_word' id='word_1_45' title='bbox 1304 703 1422 759; x_wconf 55' lang='lat' dir='ltr'><strong>haec</strong></span> <span class='ocrx_word' id='word_1_46' title='bbox 1441 702 1600 757; x_wconf 89' lang='lat' dir='ltr'><strong>nobis</strong></span> <span class='ocrx_word' id='word_1_47' title='bbox 1629 716 1958 771; x_wconf 87' lang='lat' dir='ltr'><strong>supervene-</strong></span> 
     </span>
    </p>
   </div>
   <div class='ocr_carea' id='block_1_9' title="bbox 386 791 1956 862">
    <p class='ocr_par' dir='ltr' id='par_1_9' title="bbox 386 791 1956 862">
     <span class='ocr_line' id='line_1_9' title="bbox 386 791 1956 862; baseline 0.001 -18"><span class='ocrx_word' id='word_1_48' title='bbox 386 800 532 853; x_wconf 89' lang='lat' dir='ltr'><strong>runt,</strong></span> <span class='ocrx_word' id='word_1_49' title='bbox 565 792 693 860; x_wconf 88' lang='lat' dir='ltr'><strong>quia</strong></span> <span class='ocrx_word' id='word_1_50' title='bbox 719 791 800 846; x_wconf 91' lang='lat' dir='ltr'><strong>tui</strong></span> <span class='ocrx_word' id='word_1_51' title='bbox 825 807 932 846; x_wconf 90' lang='lat' dir='ltr'><strong>non</strong></span> <span class='ocrx_word' id='word_1_52' title='bbox 952 808 1142 849; x_wconf 91' lang='lat' dir='ltr'><strong>sumus</strong></span> <span class='ocrx_word' id='word_1_53' title='bbox 1174 793 1347 861; x_wconf 79' lang='lat' dir='ltr'><strong>obliti,</strong></span> <span class='ocrx_word' id='word_1_54' title='bbox 1372 812 1392 845; x_wconf 72' lang='grc' dir='ltr'><strong><em>ι</em></strong></span> <span class='ocrx_word' id='word_1_55' title='bbox 1423 807 1602 862; x_wconf 89' lang='lat' dir='ltr'><strong>neque</strong></span> <span class='ocrx_word' id='word_1_56' title='bbox 1624 791 1956 862; x_wconf 71' lang='lat' dir='ltr'><strong>impietatem</strong></span> 
     </span>
    </p>
   </div>
   <div class='ocr_carea' id='block_1_10' title="bbox 384 884 1958 953">
    <p class='ocr_par' dir='ltr' id='par_1_10' title="bbox 384 884 1958 953">
     <span class='ocr_line' id='line_1_10' title="bbox 384 884 1958 953; baseline 0.001 -16"><span class='ocrx_word' id='word_1_57' title='bbox 384 885 763 941; x_wconf 81' lang='lat' dir='ltr'><strong>commisimus</strong></span> <span class='ocrx_word' id='word_1_58' title='bbox 793 901 917 940; x_wconf 90' lang='lat' dir='ltr'><strong>cum</strong></span> <span class='ocrx_word' id='word_1_59' title='bbox 947 886 1077 941; x_wconf 83' lang='lat' dir='ltr'><strong>Ario</strong></span> <span class='ocrx_word' id='word_1_60' title='bbox 1104 901 1172 941; x_wconf 90' lang='lat' dir='ltr'><strong>ac</strong></span> <span class='ocrx_word' id='word_1_61' title='bbox 1202 885 1433 952; x_wconf 80' lang='lat' dir='ltr'><strong>Manete,</strong></span> <span class='ocrx_word' id='word_1_62' title='bbox 1470 885 1564 953; x_wconf 90' lang='lat' dir='ltr'><strong>qui</strong></span> <span class='ocrx_word' id='word_1_63' title='bbox 1593 884 1784 938; x_wconf 87' lang='lat' dir='ltr'><strong>dicunt</strong></span> <span class='ocrx_word' id='word_1_64' title='bbox 1812 894 1865 938; x_wconf 88' lang='lat' dir='ltr'><strong>te</strong></span> <span class='ocrx_word' id='word_1_65' title='bbox 1891 896 1958 938; x_wconf 82' lang='lat' dir='ltr'><strong>ex</strong></span> 
     </span>
    </p>
   </div>
   <div class='ocr_carea' id='block_1_11' title="bbox 383 974 1959 1046">
    <p class='ocr_par' dir='ltr' id='par_1_11' title="bbox 383 974 1959 1046">
     <span class='ocr_line' id='line_1_11' title="bbox 383 974 1959 1046; baseline 0.001 -19"><span class='ocrx_word' id='word_1_66' title='bbox 383 991 491 1029; x_wconf 88' lang='lat' dir='ltr'><strong>non</strong></span> <span class='ocrx_word' id='word_1_67' title='bbox 525 977 865 1032; x_wconf 83' lang='lat' dir='ltr'><strong>exstantibus</strong></span> <span class='ocrx_word' id='word_1_68' title='bbox 881 976 1106 1041; x_wconf 88' lang='lat' dir='ltr'><strong>factum,</strong></span> <span class='ocrx_word' id='word_1_69' title='bbox 1137 992 1264 1032; x_wconf 89' lang='lat' dir='ltr'><strong>cum</strong></span> <span class='ocrx_word' id='word_1_70' title='bbox 1288 987 1469 1032; x_wconf 87' lang='lat' dir='ltr'><strong>tamen</strong></span> <span class='ocrx_word' id='word_1_71' title='bbox 1486 974 1721 1030; x_wconf 83' lang='lat' dir='ltr'><strong>Verbum</strong></span> <span class='ocrx_word' id='word_1_72' title='bbox 1743 990 1959 1046; x_wconf 83' lang='lat' dir='ltr'><strong>semper</strong></span> 
     </span>
    </p>
   </div>
   <div class='ocr_carea' id='block_1_12' title="bbox 385 1066 1333 1138">
    <p class='ocr_par' dir='ltr' id='par_1_12' title="bbox 385 1066 1333 1138">
     <span class='ocr_line' id='line_1_12' title="bbox 385 1066 1333 1138; baseline 0 -17"><span class='ocrx_word' id='word_1_73' title='bbox 385 1082 508 1121; x_wconf 86' lang='lat' dir='ltr'><strong>cum</strong></span> <span class='ocrx_word' id='word_1_74' title='bbox 534 1067 693 1122; x_wconf 87' lang='lat' dir='ltr'><strong>Patre</strong></span> <span class='ocrx_word' id='word_1_75' title='bbox 722 1066 909 1132; x_wconf 86' lang='lat' dir='ltr'><strong>fuerit,</strong></span> <span class='ocrx_word' id='word_1_76' title='bbox 945 1084 1013 1122; x_wconf 79' lang='lat' dir='ltr'><strong>ex</strong></span> <span class='ocrx_word' id='word_1_77' title='bbox 1043 1084 1218 1138; x_wconf 90' lang='lat' dir='ltr'><strong>eoque</strong></span> <span class='ocrx_word' id='word_1_78' title='bbox 1243 1069 1333 1123; x_wconf 91' lang='lat' dir='ltr'><strong>sit.</strong></span> 
     </span>
    </p>
   </div>
   <div class='ocr_carea' id='block_1_13' title="bbox 461 1155 1959 1227">
    <p class='ocr_par' dir='ltr' id='par_1_13' title="bbox 461 1155 1959 1227">
     <span class='ocr_line' id='line_1_13' title="bbox 461 1155 1959 1227; baseline -0.001 -15"><span class='ocrx_word' id='word_1_79' title='bbox 461 1157 616 1226; x_wconf 89' lang='lat'><strong>111</strong></span> <span class='ocrx_word' id='word_1_80' title='bbox 645 1157 733 1212; x_wconf 82' lang='grc'><strong>15.</strong></span> <span class='ocrx_word' id='word_1_81' title='bbox 760 1155 902 1227; x_wconf 86' lang='lat' dir='ltr'><strong>Ergo</strong></span> <span class='ocrx_word' id='word_1_82' title='bbox 930 1173 1030 1211; x_wconf 91' lang='lat' dir='ltr'><strong>nos</strong></span> <span class='ocrx_word' id='word_1_83' title='bbox 1053 1173 1293 1226; x_wconf 85' lang='lat' dir='ltr'><strong>quoque,</strong></span> <span class='ocrx_word' id='word_1_84' title='bbox 1312 1156 1509 1212; x_wconf 79' lang='lat' dir='ltr'><strong>fratres</strong></span> <span class='ocrx_word' id='word_1_85' title='bbox 1530 1157 1659 1221; x_wconf 92' lang='lat' dir='ltr'><strong>mei,</strong></span> <span class='ocrx_word' id='word_1_86' title='bbox 1689 1156 1959 1211; x_wconf 86' lang='lat' dir='ltr'><strong>solemnes</strong></span> 
     </span>
    </p>
   </div>
   <div class='ocr_carea' id='block_1_14' title="bbox 387 1247 1960 1312">
    <p class='ocr_par' dir='ltr' id='par_1_14' title="bbox 387 1247 1960 1312">
     <span class='ocr_line' id='line_1_14' title="bbox 387 1247 1960 1312; baseline 0.003 -12"><span class='ocrx_word' id='word_1_87' title='bbox 387 1247 592 1312; x_wconf 89' lang='lat' dir='ltr'><strong>simus;</strong></span> <span class='ocrx_word' id='word_1_88' title='bbox 619 1263 729 1301; x_wconf 90' lang='lat' dir='ltr'><strong>non</strong></span> <span class='ocrx_word' id='word_1_89' title='bbox 746 1247 889 1302; x_wconf 91' lang='lat' dir='ltr'><strong>enim</strong></span> <span class='ocrx_word' id='word_1_90' title='bbox 910 1264 1022 1302; x_wconf 87' lang='lat' dir='ltr'><strong>rem</strong></span> <span class='ocrx_word' id='word_1_91' title='bbox 1048 1249 1391 1305; x_wconf 86' lang='lat' dir='ltr'><strong>celebramus</strong></span> <span class='ocrx_word' id='word_1_92' title='bbox 1420 1250 1721 1306; x_wconf 85' lang='lat' dir='ltr'><strong>tristificam</strong></span> <span class='ocrx_word' id='word_1_93' title='bbox 1740 1253 1824 1305; x_wconf 87' lang='lat' dir='ltr'><strong>vel</strong></span> <span class='ocrx_word' id='word_1_94' title='bbox 1848 1265 1960 1305; x_wconf 86' lang='lat' dir='ltr'><strong>mo-</strong></span> 
     </span>
    </p>
   </div>
   <div class='ocr_carea' id='block_1_15' title="bbox 387 1335 1959 1417">
    <p class='ocr_par' dir='ltr' id='par_1_15' title="bbox 387 1335 1959 1417">
     <span class='ocr_line' id='line_1_15' title="bbox 387 1335 1959 1417; baseline 0.004 -28"><span class='ocrx_word' id='word_1_95' title='bbox 387 1337 600 1391; x_wconf 88' lang='lat' dir='ltr'><strong>lestam.</strong></span> <span class='ocrx_word' id='word_1_96' title='bbox 626 1335 813 1407; x_wconf 81' lang='lat' dir='ltr'><strong>Neque</strong></span> <span class='ocrx_word' id='word_1_97' title='bbox 845 1338 1174 1392; x_wconf 85' lang='lat' dir='ltr'><strong>misceamur</strong></span> <span class='ocrx_word' id='word_1_98' title='bbox 1207 1339 1496 1417; x_wconf 62' lang='lat' dir='ltr'><strong>haereticis,</strong></span> <span class='ocrx_word' id='word_1_99' title='bbox 1520 1349 1740 1411; x_wconf 85' lang='lat' dir='ltr'><strong>propter</strong></span> <span class='ocrx_word' id='word_1_100' title='bbox 1784 1350 1959 1395; x_wconf 87' lang='lat' dir='ltr'><strong>tenta—</strong></span> 
     </span>
    </p>
   </div>
   <div class='ocr_carea' id='block_1_16' title="bbox 387 1428 1955 1499">
    <p class='ocr_par' dir='ltr' id='par_1_16' title="bbox 387 1428 1955 1499">
     <span class='ocr_line' id='line_1_16' title="bbox 387 1428 1955 1499; baseline 0 -17"><span class='ocrx_word' id='word_1_101' title='bbox 387 1428 589 1493; x_wconf 89' lang='lat' dir='ltr'><strong>tiones,</strong></span> <span class='ocrx_word' id='word_1_102' title='bbox 623 1445 745 1499; x_wconf 58' lang='lat' dir='ltr'><strong>quae</strong></span> <span class='ocrx_word' id='word_1_103' title='bbox 775 1429 991 1499; x_wconf 91' lang='lat' dir='ltr'><strong>pietatis</strong></span> <span class='ocrx_word' id='word_1_104' title='bbox 1026 1444 1191 1483; x_wconf 84' lang='lat' dir='ltr'><strong>causa</strong></span> <span class='ocrx_word' id='word_1_105' title='bbox 1217 1429 1367 1484; x_wconf 86' lang='lat' dir='ltr'><strong>brevi</strong></span> <span class='ocrx_word' id='word_1_106' title='bbox 1395 1438 1639 1499; x_wconf 90' lang='lat' dir='ltr'><strong>tempore</strong></span> <span class='ocrx_word' id='word_1_107' title='bbox 1666 1429 1955 1496; x_wconf 89' lang='lat' dir='ltr'><strong>accidunt;</strong></span> 
     </span>
    </p>
   </div>
   <div class='ocr_carea' id='block_1_17' title="bbox 387 1518 1957 1589">
    <p class='ocr_par' dir='ltr' id='par_1_17' title="bbox 387 1518 1957 1589">
     <span class='ocr_line' id='line_1_17' title="bbox 387 1518 1957 1589; baseline 0.001 -18"><span class='ocrx_word' id='word_1_108' title='bbox 387 1534 579 1572; x_wconf 90' lang='lat' dir='ltr'><strong>verum</strong></span> <span class='ocrx_word' id='word_1_109' title='bbox 630 1519 704 1571; x_wconf 90' lang='lat' dir='ltr'><strong>ita</strong></span> <span class='ocrx_word' id='word_1_110' title='bbox 754 1532 856 1572; x_wconf 85' lang='lat' dir='ltr'><strong>nos</strong></span> <span class='ocrx_word' id='word_1_111' title='bbox 910 1533 1163 1588; x_wconf 83' lang='lat' dir='ltr'><strong>geramus</strong></span> <span class='ocrx_word' id='word_1_112' title='bbox 1204 1527 1463 1589; x_wconf 88' lang='lat' dir='ltr'><strong>tanquam</strong></span> <span class='ocrx_word' id='word_1_113' title='bbox 1510 1518 1706 1587; x_wconf 76' lang='lat' dir='ltr'><strong>gaudio</strong></span> <span class='ocrx_word' id='word_1_114' title='bbox 1735 1518 1859 1572; x_wconf 91' lang='lat' dir='ltr'><strong>elati</strong></span> <span class='ocrx_word' id='word_1_115' title='bbox 1893 1534 1957 1573; x_wconf 90' lang='lat' dir='ltr'><strong>ac</strong></span> 
     </span>
    </p>
   </div>
   <div class='ocr_carea' id='block_1_18' title="bbox 388 1610 1952 1681">
    <p class='ocr_par' dir='ltr' id='par_1_18' title="bbox 388 1610 1952 1681">
     <span class='ocr_line' id='line_1_18' title="bbox 388 1610 1952 1681; baseline 0.001 -18"><span class='ocrx_word' id='word_1_116' title='bbox 388 1610 664 1676; x_wconf 64' lang='lat' dir='ltr'><strong>laetantes;</strong></span> <span class='ocrx_word' id='word_1_117' title='bbox 690 1625 759 1664; x_wconf 93' lang='lat' dir='ltr'><strong>ne</strong></span> <span class='ocrx_word' id='word_1_118' title='bbox 788 1610 859 1664; x_wconf 93' lang='lat' dir='ltr'><strong>sit</strong></span> <span class='ocrx_word' id='word_1_119' title='bbox 885 1624 980 1665; x_wconf 90' lang='lat' dir='ltr'><strong>cor</strong></span> <span class='ocrx_word' id='word_1_120' title='bbox 1004 1619 1250 1664; x_wconf 89' lang='lat' dir='ltr'><strong>nostrum</strong></span> <span class='ocrx_word' id='word_1_121' title='bbox 1280 1626 1510 1665; x_wconf 62' lang='lat' dir='ltr'><strong>maerore</strong></span> <span class='ocrx_word' id='word_1_122' title='bbox 1533 1612 1826 1681; x_wconf 88' lang='lat' dir='ltr'><strong>pulsatum,</strong></span> <span class='ocrx_word' id='word_1_123' title='bbox 1855 1626 1952 1665; x_wconf 92' lang='lat' dir='ltr'><strong>ceu</strong></span> 
     </span>
    </p>
   </div>
   <div class='ocr_carea' id='block_1_19' title="bbox 387 1700 1953 1771">
    <p class='ocr_par' dir='ltr' id='par_1_19' title="bbox 387 1700 1953 1771">
     <span class='ocr_line' id='line_1_19' title="bbox 387 1700 1953 1771; baseline -0.002 -16"><span class='ocrx_word' id='word_1_124' title='bbox 387 1700 578 1767; x_wconf 89' lang='lat' dir='ltr'><strong>Caini;</strong></span> <span class='ocrx_word' id='word_1_125' title='bbox 610 1700 704 1755; x_wconf 88' lang='lat' dir='ltr'><strong>sed</strong></span> <span class='ocrx_word' id='word_1_126' title='bbox 756 1709 1015 1769; x_wconf 90' lang='lat' dir='ltr'><strong>tanquam</strong></span> <span class='ocrx_word' id='word_1_127' title='bbox 1061 1702 1201 1754; x_wconf 82' lang='lat' dir='ltr'><strong>servi</strong></span> <span class='ocrx_word' id='word_1_128' title='bbox 1251 1700 1436 1756; x_wconf 81' lang='lat' dir='ltr'><strong>fideles</strong></span> <span class='ocrx_word' id='word_1_129' title='bbox 1480 1701 1719 1771; x_wconf 89' lang='lat' dir='ltr'><strong>bonique</strong></span> <span class='ocrx_word' id='word_1_130' title='bbox 1751 1702 1953 1756; x_wconf 89' lang='lat' dir='ltr'><strong>dictum</strong></span> 
     </span>
    </p>
   </div>
   <div class='ocr_carea' id='block_1_20' title="bbox 2060 517 3653 588">
    <p class='ocr_par' dir='ltr' id='par_1_20' title="bbox 2060 517 3653 588">
     <span class='ocr_line' id='line_1_20' title="bbox 2060 517 3653 588; baseline 0 -13"><span class='ocrx_word' id='word_1_131' title='bbox 2060 521 2226 575; x_wconf 89' lang='lat' dir='ltr'><strong>dnere</strong></span> <span class='ocrx_word' id='word_1_132' title='bbox 2259 518 2738 588; x_wconf 81' lang='lat' dir='ltr'><strong>incorruptionem,</strong></span> <span class='ocrx_word' id='word_1_133' title='bbox 2779 527 2834 573; x_wconf 90' lang='lat' dir='ltr'><strong>et</strong></span> <span class='ocrx_word' id='word_1_134' title='bbox 2876 517 3106 573; x_wconf 88' lang='lat' dir='ltr'><strong>mortale</strong></span> <span class='ocrx_word' id='word_1_135' title='bbox 3136 518 3241 573; x_wconf 91' lang='lat' dir='ltr'><strong>hoc</strong></span> <span class='ocrx_word' id='word_1_136' title='bbox 3272 519 3509 574; x_wconf 87' lang='lat' dir='ltr'><strong>induere</strong></span> <span class='ocrx_word' id='word_1_137' title='bbox 3535 520 3653 575; x_wconf 88' lang='lat' dir='ltr'><strong>im-</strong></span> 
     </span>
    </p>
   </div>
   <div class='ocr_carea' id='block_1_21' title="bbox 2059 609 3653 681">
    <p class='ocr_par' dir='ltr' id='par_1_21' title="bbox 2059 609 3653 681">
     <span class='ocr_line' id='line_1_21' title="bbox 2059 609 3653 681; baseline 0.001 -15"><span class='ocrx_word' id='word_1_138' title='bbox 2059 611 2442 666; x_wconf 80' lang='lat' dir='ltr'><strong>mortalitatem</strong></span> <span class='ocrx_word' id='word_1_139' title='bbox 2466 611 2534 665; x_wconf 78' lang='lat'><strong>&quot;.</strong></span> <span class='ocrx_word' id='word_1_140' title='bbox 2564 609 2619 664; x_wconf 85' lang='lat' dir='ltr'><strong>id</strong></span> <span class='ocrx_word' id='word_1_141' title='bbox 2653 618 2893 679; x_wconf 89' lang='lat' dir='ltr'><strong>tempore</strong></span> <span class='ocrx_word' id='word_1_142' title='bbox 2939 609 3210 679; x_wconf 84' lang='lat' dir='ltr'><strong>passionis</strong></span> <span class='ocrx_word' id='word_1_143' title='bbox 3257 610 3477 676; x_wconf 87' lang='lat' dir='ltr'><strong>accidit,</strong></span> <span class='ocrx_word' id='word_1_144' title='bbox 3531 626 3653 681; x_wconf 80' lang='lat' dir='ltr'><strong>qua</strong></span> 
     </span>
    </p>
   </div>
   <div class='ocr_carea' id='block_1_22' title="bbox 2061 701 3659 771">
    <p class='ocr_par' dir='ltr' id='par_1_22' title="bbox 2061 701 3659 771">
     <span class='ocr_line' id='line_1_22' title="bbox 2061 701 3659 771; baseline 0.001 -16"><span class='ocrx_word' id='word_1_145' title='bbox 2061 701 2323 757; x_wconf 88' lang='lat' dir='ltr'><strong>Dominus</strong></span> <span class='ocrx_word' id='word_1_146' title='bbox 2354 710 2538 757; x_wconf 85' lang='lat' dir='ltr'><strong>noster</strong></span> <span class='ocrx_word' id='word_1_147' title='bbox 2562 716 2663 771; x_wconf 92' lang='lat' dir='ltr'><strong>pro</strong></span> <span class='ocrx_word' id='word_1_148' title='bbox 2684 702 2841 757; x_wconf 91' lang='lat' dir='ltr'><strong>nobis</strong></span> <span class='ocrx_word' id='word_1_149' title='bbox 2868 702 3023 770; x_wconf 90' lang='lat' dir='ltr'><strong>obiit,</strong></span> <span class='ocrx_word' id='word_1_150' title='bbox 3050 712 3105 757; x_wconf 89' lang='lat' dir='ltr'><strong>et</strong></span> <span class='ocrx_word' id='word_1_151' title='bbox 3132 701 3341 757; x_wconf 86' lang='lat' dir='ltr'><strong>Pascha</strong></span> <span class='ocrx_word' id='word_1_152' title='bbox 3381 711 3659 757; x_wconf 80' lang='lat' dir='ltr'><strong>nostrum</strong></span> 
     </span>
    </p>
   </div>
   <div class='ocr_carea' id='block_1_23' title="bbox 2061 791 3655 865">
    <p class='ocr_par' dir='ltr' id='par_1_23' title="bbox 2061 791 3655 865">
     <span class='ocr_line' id='line_1_23' title="bbox 2061 791 3655 865; baseline -0.001 -18"><span class='ocrx_word' id='word_1_153' title='bbox 2061 794 2372 849; x_wconf 86' lang='lat' dir='ltr'><strong>immolatus</strong></span> <span class='ocrx_word' id='word_1_154' title='bbox 2414 802 2498 848; x_wconf 90' lang='lat' dir='ltr'><strong>est</strong></span> <span class='ocrx_word' id='word_1_155' title='bbox 2529 792 2798 848; x_wconf 85' lang='lat' dir='ltr'><strong>Christus.</strong></span> <span class='ocrx_word' id='word_1_156' title='bbox 2826 791 3117 864; x_wconf 85' lang='lat' dir='ltr'><strong>Propterea</strong></span> <span class='ocrx_word' id='word_1_157' title='bbox 3152 795 3319 865; x_wconf 78' lang='lat' dir='ltr'><strong>igitur</strong></span> <span class='ocrx_word' id='word_1_158' title='bbox 3355 795 3490 864; x_wconf 84' lang='lat' dir='ltr'><strong>quia</strong></span> <span class='ocrx_word' id='word_1_159' title='bbox 3538 793 3655 847; x_wconf 84' lang='lat' dir='ltr'><strong>im-</strong></span> 
     </span>
    </p>
   </div>
   <div class='ocr_carea' id='block_1_24' title="bbox 2061 885 3661 957">
    <p class='ocr_par' dir='ltr' id='par_1_24' title="bbox 2061 885 3661 957">
     <span class='ocr_line' id='line_1_24' title="bbox 2061 885 3661 957; baseline -0.001 -16"><span class='ocrx_word' id='word_1_160' title='bbox 2061 888 2298 942; x_wconf 82' lang='lat' dir='ltr'><strong>molatus</strong></span> <span class='ocrx_word' id='word_1_161' title='bbox 2326 885 2448 951; x_wconf 82' lang='lat' dir='ltr'><strong>fuit,</strong></span> <span class='ocrx_word' id='word_1_162' title='bbox 2478 887 2860 957; x_wconf 87' lang='lat' dir='ltr'><strong>unusquisque</strong></span> <span class='ocrx_word' id='word_1_163' title='bbox 2894 902 2960 941; x_wconf 92' lang='lat' dir='ltr'><strong>eo</strong></span> <span class='ocrx_word' id='word_1_164' title='bbox 2993 896 3275 952; x_wconf 89' lang='lat' dir='ltr'><strong>vescetur,</strong></span> <span class='ocrx_word' id='word_1_165' title='bbox 3302 896 3357 941; x_wconf 91' lang='lat' dir='ltr'><strong>et</strong></span> <span class='ocrx_word' id='word_1_166' title='bbox 3388 886 3661 940; x_wconf 83' lang='lat' dir='ltr'><strong>hilariter</strong></span> 
     </span>
    </p>
   </div>
   <div class='ocr_carea' id='block_1_25' title="bbox 2060 974 3747 1048">
    <p class='ocr_par' dir='ltr' id='par_1_25' title="bbox 2060 974 3747 1048">
     <span class='ocr_line' id='line_1_25' title="bbox 2060 974 3747 1048; baseline -0.004 -18"><span class='ocrx_word' id='word_1_167' title='bbox 2060 975 2358 1048; x_wconf 85' lang='lat' dir='ltr'><strong>seduloque</strong></span> <span class='ocrx_word' id='word_1_168' title='bbox 2388 975 2702 1030; x_wconf 82' lang='lat' dir='ltr'><strong>alimoniam</strong></span> <span class='ocrx_word' id='word_1_169' title='bbox 2744 974 2885 1029; x_wconf 87' lang='lat' dir='ltr'><strong>hanc</strong></span> <span class='ocrx_word' id='word_1_170' title='bbox 2931 974 3298 1045; x_wconf 89' lang='lat' dir='ltr'><strong>participabit.</strong></span> <span class='ocrx_word' id='word_1_171' title='bbox 3329 974 3456 1043; x_wconf 87' lang='lat' dir='ltr'><strong>Ipse</strong></span> <span class='ocrx_word' id='word_1_172' title='bbox 3507 987 3660 1026; x_wconf 73' lang='lat' dir='ltr'><strong>vero</strong></span> <span class='ocrx_word' id='word_1_173' title='bbox 3740 1026 3747 1031; x_wconf 75' lang='grc'><strong><em>,</em></strong></span> 
     </span>
    </p>
   </div>
   <div class='ocr_carea' id='block_1_26' title="bbox 2060 1050 3742 1138">
    <p class='ocr_par' dir='ltr' id='par_1_26' title="bbox 2060 1050 3742 1138">
     <span class='ocr_line' id='line_1_26' title="bbox 2060 1050 3742 1138; baseline -0.004 -15"><span class='ocrx_word' id='word_1_174' title='bbox 2060 1068 2178 1123; x_wconf 88' lang='lat' dir='ltr'><strong>sine</strong></span> <span class='ocrx_word' id='word_1_175' title='bbox 2216 1068 2418 1122; x_wconf 90' lang='lat' dir='ltr'><strong>invidia</strong></span> <span class='ocrx_word' id='word_1_176' title='bbox 2457 1067 2752 1138; x_wconf 89' lang='lat' dir='ltr'><strong>unicuique</strong></span> <span class='ocrx_word' id='word_1_177' title='bbox 2788 1077 2957 1121; x_wconf 84' lang='lat' dir='ltr'><strong>semet</strong></span> <span class='ocrx_word' id='word_1_178' title='bbox 2987 1066 3452 1132; x_wconf 89' lang='lat' dir='ltr'><strong>communicabit;</strong></span> <span class='ocrx_word' id='word_1_179' title='bbox 3493 1074 3553 1119; x_wconf 86' lang='lat' dir='ltr'><strong>et</strong></span> <span class='ocrx_word' id='word_1_180' title='bbox 3583 1064 3654 1118; x_wconf 36' lang='lat' dir='ltr'><strong>in.</strong></span> <span class='ocrx_word' id='word_1_181' title='bbox 3738 1050 3742 1100; x_wconf 64' lang='grc' dir='ltr'><strong>ί</strong></span> 
     </span>
    </p>
   </div>
   <div class='ocr_carea' id='block_1_27' title="bbox 2060 1160 3657 1230">
    <p class='ocr_par' dir='ltr' id='par_1_27' title="bbox 2060 1160 3657 1230">
     <span class='ocr_line' id='line_1_27' title="bbox 2060 1160 3657 1230; baseline -0.001 -15"><span class='ocrx_word' id='word_1_182' title='bbox 2060 1160 2289 1230; x_wconf 81' lang='lat' dir='ltr'><strong>singulis</strong></span> <span class='ocrx_word' id='word_1_183' title='bbox 2333 1174 2701 1225; x_wconf 87' lang='lat' dir='ltr'><strong>commorans,</strong></span> <span class='ocrx_word' id='word_1_184' title='bbox 2739 1160 2829 1215; x_wconf 84' lang='lat' dir='ltr'><strong>fiet</strong></span> <span class='ocrx_word' id='word_1_185' title='bbox 2859 1160 2982 1215; x_wconf 89' lang='lat' dir='ltr'><strong>fons</strong></span> <span class='ocrx_word' id='word_1_186' title='bbox 3028 1174 3296 1230; x_wconf 89' lang='lat' dir='ltr'><strong>aquarum</strong></span> <span class='ocrx_word' id='word_1_187' title='bbox 3335 1160 3657 1215; x_wconf 57' lang='lat' dir='ltr'><strong>decurreuc</strong></span> 
     </span>
    </p>
   </div>
   <div class='ocr_carea' id='block_1_28' title="bbox 2060 1251 2847 1306">
    <p class='ocr_par' dir='ltr' id='par_1_28' title="bbox 2060 1251 2847 1306">
     <span class='ocr_line' id='line_1_28' title="bbox 2060 1251 2847 1306; baseline -0.001 0"><span class='ocrx_word' id='word_1_188' title='bbox 2060 1252 2196 1306; x_wconf 88' lang='lat' dir='ltr'><strong>tium</strong></span> <span class='ocrx_word' id='word_1_189' title='bbox 2223 1251 2279 1304; x_wconf 89' lang='lat' dir='ltr'><strong>in</strong></span> <span class='ocrx_word' id='word_1_190' title='bbox 2308 1252 2471 1305; x_wconf 90' lang='lat' dir='ltr'><strong>vitam</strong></span> <span class='ocrx_word' id='word_1_191' title='bbox 2501 1259 2758 1306; x_wconf 83' lang='lat' dir='ltr'><strong>aeternam</strong></span> <span class='ocrx_word' id='word_1_192' title='bbox 2776 1251 2847 1305; x_wconf 85' lang='grc'><strong>⁵¹.</strong></span> 
     </span>
    </p>
   </div>
   <div class='ocr_carea' id='block_1_29' title="bbox 2132 1339 3652 1412">
    <p class='ocr_par' dir='ltr' id='par_1_29' title="bbox 2132 1339 3652 1412">
     <span class='ocr_line' id='line_1_29' title="bbox 2132 1339 3652 1412; baseline -0.001 -16"><span class='ocrx_word' id='word_1_193' title='bbox 2132 1342 2219 1396; x_wconf 86' lang='grc'><strong>15.</strong></span> <span class='ocrx_word' id='word_1_194' title='bbox 2263 1342 2622 1397; x_wconf 79' lang='lat' dir='ltr'><strong>Exordiemur</strong></span> <span class='ocrx_word' id='word_1_195' title='bbox 2671 1342 2853 1411; x_wconf 82' lang='lat' dir='ltr'><strong>itaque</strong></span> <span class='ocrx_word' id='word_1_196' title='bbox 2904 1341 3379 1412; x_wconf 80' lang='lat' dir='ltr'><strong>quadragesimam</strong></span> <span class='ocrx_word' id='word_1_197' title='bbox 3435 1339 3533 1394; x_wconf 88' lang='lat' dir='ltr'><strong>die</strong></span> <span class='ocrx_word' id='word_1_198' title='bbox 3585 1355 3652 1395; x_wconf 77' lang='grc' dir='ltr'><strong>ιι.</strong></span> 
     </span>
    </p>
   </div>
   <div class='ocr_carea' id='block_1_30' title="bbox 2060 1432 3655 1503">
    <p class='ocr_par' dir='ltr' id='par_1_30' title="bbox 2060 1432 3655 1503">
     <span class='ocr_line' id='line_1_30' title="bbox 2060 1432 3655 1503; baseline -0.001 -15"><span class='ocrx_word' id='word_1_199' title='bbox 2060 1434 2268 1489; x_wconf 82' lang='lat' dir='ltr'><strong>mensis</strong></span> <span class='ocrx_word' id='word_1_200' title='bbox 2297 1432 2657 1499; x_wconf 90' lang='lat' dir='ltr'><strong>Phamenoth,</strong></span> <span class='ocrx_word' id='word_1_201' title='bbox 2683 1433 2903 1503; x_wconf 92' lang='lat' dir='ltr'><strong>Deoque</strong></span> <span class='ocrx_word' id='word_1_202' title='bbox 2931 1449 3028 1503; x_wconf 88' lang='lat' dir='ltr'><strong>per</strong></span> <span class='ocrx_word' id='word_1_203' title='bbox 3061 1436 3162 1488; x_wconf 90' lang='lat' dir='ltr'><strong>hos</strong></span> <span class='ocrx_word' id='word_1_204' title='bbox 3188 1433 3304 1488; x_wconf 90' lang='lat' dir='ltr'><strong>dies</strong></span> <span class='ocrx_word' id='word_1_205' title='bbox 3331 1432 3655 1487; x_wconf 74' lang='lat' dir='ltr'><strong>servientes</strong></span> 
     </span>
    </p>
   </div>
   <div class='ocr_carea' id='block_1_31' title="bbox 2060 1524 3650 1594">
    <p class='ocr_par' dir='ltr' id='par_1_31' title="bbox 2060 1524 3650 1594">
     <span class='ocr_line' id='line_1_31' title="bbox 2060 1524 3650 1594; baseline -0.001 -15"><span class='ocrx_word' id='word_1_206' title='bbox 2060 1541 2182 1579; x_wconf 89' lang='lat' dir='ltr'><strong>cum</strong></span> <span class='ocrx_word' id='word_1_207' title='bbox 2206 1525 2559 1590; x_wconf 81' lang='lat' dir='ltr'><strong>continentia,</strong></span> <span class='ocrx_word' id='word_1_208' title='bbox 2586 1539 2795 1594; x_wconf 80' lang='lat' dir='ltr'><strong>nosque</strong></span> <span class='ocrx_word' id='word_1_209' title='bbox 2838 1524 2891 1577; x_wconf 92' lang='lat' dir='ltr'><strong>in</strong></span> <span class='ocrx_word' id='word_1_210' title='bbox 2919 1533 3259 1579; x_wconf 86' lang='lat' dir='ltr'><strong>antecessum</strong></span> <span class='ocrx_word' id='word_1_211' title='bbox 3292 1524 3455 1594; x_wconf 84' lang='lat'><strong>113</strong></span> <span class='ocrx_word' id='word_1_212' title='bbox 3487 1525 3650 1594; x_wconf 90' lang='lat' dir='ltr'><strong>puri-</strong></span> 
     </span>
    </p>
   </div>
   <div class='ocr_carea' id='block_1_32' title="bbox 2059 1614 3653 1681">
    <p class='ocr_par' dir='ltr' id='par_1_32' title="bbox 2059 1614 3653 1681">
     <span class='ocr_line' id='line_1_32' title="bbox 2059 1614 3653 1681; baseline -0.003 -7"><span class='ocrx_word' id='word_1_213' title='bbox 2059 1618 2309 1681; x_wconf 82' lang='lat' dir='ltr'><strong>ﬁcantes,</strong></span> <span class='ocrx_word' id='word_1_214' title='bbox 2341 1617 2554 1670; x_wconf 87' lang='lat' dir='ltr'><strong>initium</strong></span> <span class='ocrx_word' id='word_1_215' title='bbox 2603 1618 2777 1671; x_wconf 82' lang='lat' dir='ltr'><strong>sancti</strong></span> <span class='ocrx_word' id='word_1_216' title='bbox 2810 1614 3093 1671; x_wconf 80' lang='lat' dir='ltr'><strong>Paschalis</strong></span> <span class='ocrx_word' id='word_1_217' title='bbox 3122 1614 3389 1671; x_wconf 80' lang='lat' dir='ltr'><strong>faciemus</strong></span> <span class='ocrx_word' id='word_1_218' title='bbox 3421 1617 3515 1671; x_wconf 89' lang='lat' dir='ltr'><strong>die</strong></span> <span class='ocrx_word' id='word_1_219' title='bbox 3548 1631 3653 1670; x_wconf 68' lang='grc' dir='ltr'><strong>ιιι</strong></span> 
     </span>
    </p>
   </div>
   <div class='ocr_carea' id='block_1_33' title="bbox 2058 1709 3648 1779">
    <p class='ocr_par' dir='ltr' id='par_1_33' title="bbox 2058 1709 3648 1779">
     <span class='ocr_line' id='line_1_33' title="bbox 2058 1709 3648 1779; baseline 0 -14"><span class='ocrx_word' id='word_1_220' title='bbox 2058 1713 2266 1766; x_wconf 90' lang='lat' dir='ltr'><strong>mensis</strong></span> <span class='ocrx_word' id='word_1_221' title='bbox 2287 1709 2629 1766; x_wconf 84' lang='lat' dir='ltr'><strong>Pharmuthi.</strong></span> <span class='ocrx_word' id='word_1_222' title='bbox 2665 1709 2795 1763; x_wconf 91' lang='lat' dir='ltr'><strong>Dein</strong></span> <span class='ocrx_word' id='word_1_223' title='bbox 2814 1709 3025 1778; x_wconf 89' lang='lat' dir='ltr'><strong>jejunia</strong></span> <span class='ocrx_word' id='word_1_224' title='bbox 3059 1718 3336 1765; x_wconf 89' lang='lat' dir='ltr'><strong>nectentes</strong></span> <span class='ocrx_word' id='word_1_225' title='bbox 3365 1726 3552 1779; x_wconf 87' lang='lat' dir='ltr'><strong>usque</strong></span> <span class='ocrx_word' id='word_1_226' title='bbox 3573 1710 3648 1766; x_wconf 84' lang='lat' dir='ltr'><strong>ad</strong></span> 
     </span>
    </p>
   </div>
   <div class='ocr_carea' id='block_1_34' title="bbox 391 1790 3649 1872">
    <p class='ocr_par' dir='ltr' id='par_1_34' title="bbox 391 1790 3649 1872">
     <span class='ocr_line' id='line_1_34' title="bbox 391 1790 3649 1872; baseline 0.001 -25"><span class='ocrx_word' id='word_1_227' title='bbox 391 1793 706 1847; x_wconf 86' lang='lat' dir='ltr'><strong>audiamus:</strong></span> <span class='ocrx_word' id='word_1_228' title='bbox 731 1810 750 1843; x_wconf 72' lang='grc' dir='ltr'><strong>ε</strong></span> <span class='ocrx_word' id='word_1_229' title='bbox 771 1791 913 1846; x_wconf 89' lang='lat' dir='ltr'><strong>Intra</strong></span> <span class='ocrx_word' id='word_1_230' title='bbox 947 1793 998 1845; x_wconf 92' lang='lat' dir='ltr'><strong>in</strong></span> <span class='ocrx_word' id='word_1_231' title='bbox 1030 1793 1283 1862; x_wconf 81' lang='lat' dir='ltr'><strong>gaudium</strong></span> <span class='ocrx_word' id='word_1_232' title='bbox 1308 1792 1522 1848; x_wconf 90' lang='lat' dir='ltr'><strong>Domini</strong></span> <span class='ocrx_word' id='word_1_233' title='bbox 1553 1794 1706 1847; x_wconf 72' lang='lat' dir='ltr'><strong>tui&quot;.</strong></span> <span class='ocrx_word' id='word_1_234' title='bbox 1729 1813 1747 1846; x_wconf 72' lang='grc' dir='ltr'><strong>ι</strong></span> <span class='ocrx_word' id='word_1_235' title='bbox 1775 1793 1959 1864; x_wconf 87' lang='lat' dir='ltr'><strong>Neque</strong></span> <span class='ocrx_word' id='word_1_236' title='bbox 1991 1790 2031 1844; x_wconf 88' lang='grc' dir='ltr'><strong><em>Β</em></strong></span> <span class='ocrx_word' id='word_1_237' title='bbox 2062 1804 2382 1867; x_wconf 56' lang='lat' dir='ltr'><strong>sabbatum,</strong></span> <span class='ocrx_word' id='word_1_238' title='bbox 2419 1819 2613 1872; x_wconf 71' lang='lat' dir='ltr'><strong>nempe</strong></span> <span class='ocrx_word' id='word_1_239' title='bbox 2657 1802 2723 1856; x_wconf 72' lang='lat' dir='ltr'><strong>ad</strong></span> <span class='ocrx_word' id='word_1_240' title='bbox 2758 1818 2851 1856; x_wconf 70' lang='grc' dir='ltr'><strong>χιχ</strong></span> <span class='ocrx_word' id='word_1_241' title='bbox 2889 1802 3096 1856; x_wconf 79' lang='lat' dir='ltr'><strong>mensis</strong></span> <span class='ocrx_word' id='word_1_242' title='bbox 3122 1801 3290 1868; x_wconf 74' lang='lat' dir='ltr'><strong>diem,</strong></span> <span class='ocrx_word' id='word_1_243' title='bbox 3318 1801 3485 1856; x_wconf 81' lang='lat' dir='ltr'><strong>ﬁnem</strong></span> <span class='ocrx_word' id='word_1_244' title='bbox 3521 1801 3649 1856; x_wconf 78' lang='lat' dir='ltr'><strong>illo.</strong></span> 
     </span>
    </p>
   </div>
   <div class='ocr_carea' id='block_1_35' title="bbox 388 1881 1959 1955">
    <p class='ocr_par' dir='ltr' id='par_1_35' title="bbox 388 1881 1959 1955">
     <span class='ocr_line' id='line_1_35' title="bbox 388 1881 1959 1955; baseline 0.001 -18"><span class='ocrx_word' id='word_1_245' title='bbox 388 1882 615 1937; x_wconf 90' lang='lat' dir='ltr'><strong>omnino</strong></span> <span class='ocrx_word' id='word_1_246' title='bbox 643 1881 928 1937; x_wconf 88' lang='lat' dir='ltr'><strong>Paschalia</strong></span> <span class='ocrx_word' id='word_1_247' title='bbox 958 1882 1074 1937; x_wconf 64' lang='lat' dir='ltr'><strong>haec</strong></span> <span class='ocrx_word' id='word_1_248' title='bbox 1105 1885 1258 1953; x_wconf 88' lang='lat' dir='ltr'><strong>quasi</strong></span> <span class='ocrx_word' id='word_1_249' title='bbox 1297 1884 1529 1938; x_wconf 78' lang='lat' dir='ltr'><strong>tristitiae</strong></span> <span class='ocrx_word' id='word_1_250' title='bbox 1551 1895 1712 1953; x_wconf 89' lang='lat' dir='ltr'><strong>atque</strong></span> <span class='ocrx_word' id='word_1_251' title='bbox 1739 1887 1959 1955; x_wconf 80' lang='lat' dir='ltr'><strong>angoris</strong></span> 
     </span>
    </p>
   </div>
   <div class='ocr_carea' id='block_1_36' title="bbox 390 1973 1961 2044">
    <p class='ocr_par' dir='ltr' id='par_1_36' title="bbox 390 1973 1961 2044">
     <span class='ocr_line' id='line_1_36' title="bbox 390 1973 1961 2044; baseline 0.001 -17"><span class='ocrx_word' id='word_1_252' title='bbox 390 1974 513 2029; x_wconf 92' lang='lat' dir='ltr'><strong>loco</strong></span> <span class='ocrx_word' id='word_1_253' title='bbox 540 1974 859 2039; x_wconf 85' lang='lat' dir='ltr'><strong>habeamus,</strong></span> <span class='ocrx_word' id='word_1_254' title='bbox 889 1983 949 2028; x_wconf 91' lang='lat' dir='ltr'><strong>ut</strong></span> <span class='ocrx_word' id='word_1_255' title='bbox 975 1973 1114 2029; x_wconf 90' lang='lat' dir='ltr'><strong>forte</strong></span> <span class='ocrx_word' id='word_1_256' title='bbox 1144 1976 1268 2044; x_wconf 89' lang='lat' dir='ltr'><strong>quis</strong></span> <span class='ocrx_word' id='word_1_257' title='bbox 1293 1975 1670 2041; x_wconf 87' lang='lat' dir='ltr'><strong>arbitrabitur,</strong></span> <span class='ocrx_word' id='word_1_258' title='bbox 1700 1977 1792 2031; x_wconf 90' lang='lat' dir='ltr'><strong>sed</strong></span> <span class='ocrx_word' id='word_1_259' title='bbox 1822 1977 1961 2030; x_wconf 92' lang='lat' dir='ltr'><strong>hila-</strong></span> 
     </span>
    </p>
   </div>
   <div class='ocr_carea' id='block_1_37' title="bbox 388 2064 1960 2142">
    <p class='ocr_par' dir='ltr' id='par_1_37' title="bbox 388 2064 1960 2142">
     <span class='ocr_line' id='line_1_37' title="bbox 388 2064 1960 2142; baseline 0.004 -23"><span class='ocrx_word' id='word_1_260' title='bbox 388 2068 549 2120; x_wconf 88' lang='lat' dir='ltr'><strong>ritate</strong></span> <span class='ocrx_word' id='word_1_261' title='bbox 572 2066 939 2122; x_wconf 88' lang='lat' dir='ltr'><strong>redundantes</strong></span> <span class='ocrx_word' id='word_1_262' title='bbox 959 2076 1011 2121; x_wconf 90' lang='lat' dir='ltr'><strong>et</strong></span> <span class='ocrx_word' id='word_1_263' title='bbox 1038 2069 1255 2137; x_wconf 87' lang='lat' dir='ltr'><strong>gaudio,</strong></span> <span class='ocrx_word' id='word_1_264' title='bbox 1272 2068 1491 2124; x_wconf 88' lang='lat' dir='ltr'><strong>festales</strong></span> <span class='ocrx_word' id='word_1_265' title='bbox 1509 2064 1702 2136; x_wconf 85' lang='lat' dir='ltr'><strong>simus,</strong></span> <span class='ocrx_word' id='word_1_266' title='bbox 1720 2071 1960 2142; x_wconf 89' lang='lat' dir='ltr'><strong>neglecta</strong></span> 
     </span>
    </p>
   </div>
   <div class='ocr_carea' id='block_1_38' title="bbox 387 2157 1962 2233">
    <p class='ocr_par' dir='ltr' id='par_1_38' title="bbox 387 2157 1962 2233">
     <span class='ocr_line' id='line_1_38' title="bbox 387 2157 1962 2233; baseline 0.003 -19"><span class='ocrx_word' id='word_1_267' title='bbox 387 2157 703 2214; x_wconf 65' lang='lat' dir='ltr'><strong>Iudaeorum</strong></span> <span class='ocrx_word' id='word_1_268' title='bbox 739 2157 929 2215; x_wconf 84' lang='lat' dir='ltr'><strong>fraude</strong></span> <span class='ocrx_word' id='word_1_269' title='bbox 963 2168 1017 2214; x_wconf 90' lang='lat' dir='ltr'><strong>et</strong></span> <span class='ocrx_word' id='word_1_270' title='bbox 1046 2161 1375 2215; x_wconf 84' lang='lat' dir='ltr'><strong>Arianorum</strong></span> <span class='ocrx_word' id='word_1_271' title='bbox 1412 2161 1813 2231; x_wconf 73' lang='lat' dir='ltr'><strong>praedicatione,</strong></span> <span class='ocrx_word' id='word_1_272' title='bbox 1841 2179 1962 2233; x_wconf 62' lang='lat' dir='ltr'><strong>qum</strong></span> 
     </span>
    </p>
   </div>
   <div class='ocr_carea' id='block_1_39' title="bbox 389 2249 1961 2329">
    <p class='ocr_par' dir='ltr' id='par_1_39' title="bbox 389 2249 1961 2329">
     <span class='ocr_line' id='line_1_39' title="bbox 389 2249 1961 2329; baseline 0.004 -24"><span class='ocrx_word' id='word_1_273' title='bbox 389 2251 645 2305; x_wconf 88' lang='lat' dir='ltr'><strong>deitatem</strong></span> <span class='ocrx_word' id='word_1_274' title='bbox 686 2249 824 2329; x_wconf 86' lang='lat' dir='ltr'><strong>Filio</strong></span> <span class='ocrx_word' id='word_1_275' title='bbox 868 2252 1051 2321; x_wconf 87' lang='lat' dir='ltr'><strong>eripit,</strong></span> <span class='ocrx_word' id='word_1_276' title='bbox 1093 2267 1328 2323; x_wconf 91' lang='lat' dir='ltr'><strong>eumque</strong></span> <span class='ocrx_word' id='word_1_277' title='bbox 1376 2255 1429 2307; x_wconf 92' lang='lat' dir='ltr'><strong>in</strong></span> <span class='ocrx_word' id='word_1_278' title='bbox 1461 2256 1725 2310; x_wconf 86' lang='lat' dir='ltr'><strong>creaturis</strong></span> <span class='ocrx_word' id='word_1_279' title='bbox 1755 2272 1961 2311; x_wconf 87' lang='lat' dir='ltr'><strong>connu-</strong></span> 
     </span>
    </p>
   </div>
   <div class='ocr_carea' id='block_1_40' title="bbox 390 2344 1963 2417">
    <p class='ocr_par' dir='ltr' id='par_1_40' title="bbox 390 2344 1963 2417">
     <span class='ocr_line' id='line_1_40' title="bbox 390 2344 1963 2417; baseline 0.003 -20"><span class='ocrx_word' id='word_1_280' title='bbox 390 2344 709 2398; x_wconf 89' lang='lat' dir='ltr'><strong>merat:sed</strong></span> <span class='ocrx_word' id='word_1_281' title='bbox 739 2344 1008 2412; x_wconf 88' lang='lat' dir='ltr'><strong>justitiam</strong></span> <span class='ocrx_word' id='word_1_282' title='bbox 1044 2344 1188 2399; x_wconf 82' lang='lat' dir='ltr'><strong>illam</strong></span> <span class='ocrx_word' id='word_1_283' title='bbox 1220 2363 1249 2399; x_wconf 88' lang='lat' dir='ltr'><strong>a</strong></span> <span class='ocrx_word' id='word_1_284' title='bbox 1282 2345 1513 2401; x_wconf 83' lang='lat' dir='ltr'><strong>Domino</strong></span> <span class='ocrx_word' id='word_1_285' title='bbox 1541 2356 1805 2417; x_wconf 88' lang='lat' dir='ltr'><strong>patratam</strong></span> <span class='ocrx_word' id='word_1_286' title='bbox 1834 2363 1963 2403; x_wconf 89' lang='lat' dir='ltr'><strong>con-</strong></span> 
     </span>
    </p>
   </div>
   <div class='ocr_carea' id='block_1_41' title="bbox 390 2435 1962 2495">
    <p class='ocr_par' dir='ltr' id='par_1_41' title="bbox 390 2435 1962 2495">
     <span class='ocr_line' id='line_1_41' title="bbox 390 2435 1962 2495; baseline 0.003 -6"><span class='ocrx_word' id='word_1_287' title='bbox 390 2436 713 2491; x_wconf 89' lang='lat' dir='ltr'><strong>sideremus.</strong></span> <span class='ocrx_word' id='word_1_288' title='bbox 746 2436 906 2490; x_wconf 89' lang='lat' dir='ltr'><strong>Certe</strong></span> <span class='ocrx_word' id='word_1_289' title='bbox 934 2437 1092 2490; x_wconf 83' lang='lat' dir='ltr'><strong>dolus</strong></span> <span class='ocrx_word' id='word_1_290' title='bbox 1127 2435 1437 2493; x_wconf 65' lang='lat' dir='ltr'><strong>Iudaeorum</strong></span> <span class='ocrx_word' id='word_1_291' title='bbox 1465 2447 1519 2493; x_wconf 91' lang='lat' dir='ltr'><strong>et</strong></span> <span class='ocrx_word' id='word_1_292' title='bbox 1552 2439 1774 2495; x_wconf 77' lang='lat' dir='ltr'><strong>effrenis</strong></span> <span class='ocrx_word' id='word_1_293' title='bbox 1805 2439 1962 2494; x_wconf 84' lang='lat' dir='ltr'><strong>Aria-</strong></span> 
     </span>
    </p>
   </div>
   <div class='ocr_carea' id='block_1_42' title="bbox 388 2525 1963 2597">
    <p class='ocr_par' dir='ltr' id='par_1_42' title="bbox 388 2525 1963 2597">
     <span class='ocr_line' id='line_1_42' title="bbox 388 2525 1963 2597; baseline 0.003 -19"><span class='ocrx_word' id='word_1_294' title='bbox 388 2540 587 2579; x_wconf 85' lang='lat' dir='ltr'><strong>norum</strong></span> <span class='ocrx_word' id='word_1_295' title='bbox 618 2525 938 2594; x_wconf 88' lang='lat' dir='ltr'><strong>improbitas</strong></span> <span class='ocrx_word' id='word_1_296' title='bbox 962 2526 1097 2579; x_wconf 87' lang='lat' dir='ltr'><strong>nihil</strong></span> <span class='ocrx_word' id='word_1_297' title='bbox 1124 2526 1268 2579; x_wconf 84' lang='lat' dir='ltr'><strong>aliud</strong></span> <span class='ocrx_word' id='word_1_298' title='bbox 1300 2543 1463 2597; x_wconf 91' lang='lat' dir='ltr'><strong>quam</strong></span> <span class='ocrx_word' id='word_1_299' title='bbox 1494 2530 1771 2584; x_wconf 87' lang='lat' dir='ltr'><strong>tristitiam</strong></span> <span class='ocrx_word' id='word_1_300' title='bbox 1800 2530 1963 2585; x_wconf 89' lang='lat' dir='ltr'><strong>medi-</strong></span> 
     </span>
    </p>
   </div>
   <div class='ocr_carea' id='block_1_43' title="bbox 387 2616 1958 2688">
    <p class='ocr_par' dir='ltr' id='par_1_43' title="bbox 387 2616 1958 2688">
     <span class='ocr_line' id='line_1_43' title="bbox 387 2616 1958 2688; baseline 0.004 -18"><span class='ocrx_word' id='word_1_301' title='bbox 387 2626 573 2670; x_wconf 88' lang='lat' dir='ltr'><strong>tantur</strong></span> <span class='ocrx_word' id='word_1_302' title='bbox 598 2636 610 2670; x_wconf 91' lang='lat'><strong>:</strong></span> <span class='ocrx_word' id='word_1_303' title='bbox 638 2617 838 2671; x_wconf 89' lang='lat' dir='ltr'><strong>etenim</strong></span> <span class='ocrx_word' id='word_1_304' title='bbox 875 2617 1053 2686; x_wconf 91' lang='lat' dir='ltr'><strong>primo</strong></span> <span class='ocrx_word' id='word_1_305' title='bbox 1092 2616 1168 2670; x_wconf 91' lang='lat' dir='ltr'><strong>illi</strong></span> <span class='ocrx_word' id='word_1_306' title='bbox 1207 2617 1493 2672; x_wconf 90' lang='lat' dir='ltr'><strong>Dominum</strong></span> <span class='ocrx_word' id='word_1_307' title='bbox 1537 2620 1958 2688; x_wconf 89' lang='lat' dir='ltr'><strong>interfecerunt;</strong></span> 
     </span>
    </p>
   </div>
   <div class='ocr_carea' id='block_1_44' title="bbox 389 2707 1960 2782">
    <p class='ocr_par' dir='ltr' id='par_1_44' title="bbox 389 2707 1960 2782">
     <span class='ocr_line' id='line_1_44' title="bbox 389 2707 1960 2782; baseline 0.005 -23"><span class='ocrx_word' id='word_1_308' title='bbox 389 2707 444 2759; x_wconf 92' lang='lat' dir='ltr'><strong>hi</strong></span> <span class='ocrx_word' id='word_1_309' title='bbox 475 2716 655 2760; x_wconf 90' lang='lat' dir='ltr'><strong>autem</strong></span> <span class='ocrx_word' id='word_1_310' title='bbox 697 2707 1031 2776; x_wconf 88' lang='lat' dir='ltr'><strong>triumphum</strong></span> <span class='ocrx_word' id='word_1_311' title='bbox 1061 2707 1181 2777; x_wconf 83' lang='lat' dir='ltr'><strong>ejus</strong></span> <span class='ocrx_word' id='word_1_312' title='bbox 1210 2708 1278 2763; x_wconf 93' lang='lat' dir='ltr'><strong>de</strong></span> <span class='ocrx_word' id='word_1_313' title='bbox 1317 2718 1491 2764; x_wconf 87' lang='lat' dir='ltr'><strong>morte</strong></span> <span class='ocrx_word' id='word_1_314' title='bbox 1529 2712 1769 2778; x_wconf 84' lang='lat' dir='ltr'><strong>abolent,</strong></span> <span class='ocrx_word' id='word_1_315' title='bbox 1797 2728 1960 2782; x_wconf 88' lang='lat' dir='ltr'><strong>quam</strong></span> 
     </span>
    </p>
   </div>
   <div class='ocr_carea' id='block_1_45' title="bbox 389 2795 1959 2866">
    <p class='ocr_par' dir='ltr' id='par_1_45' title="bbox 389 2795 1959 2866">
     <span class='ocr_line' id='line_1_45' title="bbox 389 2795 1959 2866; baseline 0.006 -17"><span class='ocrx_word' id='word_1_316' title='bbox 389 2796 505 2866; x_wconf 86' lang='lat' dir='ltr'><strong>ipse</strong></span> <span class='ocrx_word' id='word_1_317' title='bbox 527 2813 557 2850; x_wconf 90' lang='lat' dir='ltr'><strong>a</strong></span> <span class='ocrx_word' id='word_1_318' title='bbox 587 2795 787 2851; x_wconf 66' lang='lat' dir='ltr'><strong>Iudaeis</strong></span> <span class='ocrx_word' id='word_1_319' title='bbox 813 2797 1111 2865; x_wconf 87' lang='lat' dir='ltr'><strong>depulerat,</strong></span> <span class='ocrx_word' id='word_1_320' title='bbox 1142 2798 1270 2852; x_wconf 90' lang='lat' dir='ltr'><strong>dum</strong></span> <span class='ocrx_word' id='word_1_321' title='bbox 1305 2799 1458 2855; x_wconf 90' lang='lat' dir='ltr'><strong>aiunt</strong></span> <span class='ocrx_word' id='word_1_322' title='bbox 1484 2801 1627 2855; x_wconf 87' lang='lat' dir='ltr'><strong>haud</strong></span> <span class='ocrx_word' id='word_1_323' title='bbox 1658 2812 1959 2857; x_wconf 87' lang='lat' dir='ltr'><strong>creatorem</strong></span> 
     </span>
    </p>
   </div>
   <div class='ocr_carea' id='block_1_46' title="bbox 388 2890 1962 2960">
    <p class='ocr_par' dir='ltr' id='par_1_46' title="bbox 388 2890 1962 2960">
     <span class='ocr_line' id='line_1_46' title="bbox 388 2890 1962 2960; baseline 0.004 -15"><span class='ocrx_word' id='word_1_324' title='bbox 388 2907 532 2953; x_wconf 84' lang='lat' dir='ltr'><strong>esse,</strong></span> <span class='ocrx_word' id='word_1_325' title='bbox 563 2890 658 2944; x_wconf 90' lang='lat' dir='ltr'><strong>sed</strong></span> <span class='ocrx_word' id='word_1_326' title='bbox 682 2899 1012 2946; x_wconf 88' lang='lat' dir='ltr'><strong>creaturam.</strong></span> <span class='ocrx_word' id='word_1_327' title='bbox 1037 2892 1196 2960; x_wconf 85' lang='lat' dir='ltr'><strong>Atqui</strong></span> <span class='ocrx_word' id='word_1_328' title='bbox 1223 2893 1267 2946; x_wconf 93' lang='lat' dir='ltr'><strong>si</strong></span> <span class='ocrx_word' id='word_1_329' title='bbox 1295 2902 1545 2947; x_wconf 90' lang='lat' dir='ltr'><strong>creatura</strong></span> <span class='ocrx_word' id='word_1_330' title='bbox 1569 2894 1783 2960; x_wconf 87' lang='lat' dir='ltr'><strong>fuisset,</strong></span> <span class='ocrx_word' id='word_1_331' title='bbox 1812 2913 1962 2952; x_wconf 89' lang='lat' dir='ltr'><strong>mors</strong></span> 
     </span>
    </p>
   </div>
   <div class='ocr_carea' id='block_1_47' title="bbox 390 2982 1961 3058">
    <p class='ocr_par' dir='ltr' id='par_1_47' title="bbox 390 2982 1961 3058">
     <span class='ocr_line' id='line_1_47' title="bbox 390 2982 1961 3058; baseline 0.005 -23"><span class='ocrx_word' id='word_1_332' title='bbox 390 2998 516 3035; x_wconf 92' lang='lat' dir='ltr'><strong>eum</strong></span> <span class='ocrx_word' id='word_1_333' title='bbox 541 2982 889 3047; x_wconf 78' lang='lat' dir='ltr'><strong>detinuisset;</strong></span> <span class='ocrx_word' id='word_1_334' title='bbox 914 2992 1286 3038; x_wconf 73' lang='lat' dir='ltr'><strong>verumtamen</strong></span> <span class='ocrx_word' id='word_1_335' title='bbox 1308 3001 1430 3038; x_wconf 88' lang='lat' dir='ltr'><strong>cum</strong></span> <span class='ocrx_word' id='word_1_336' title='bbox 1458 2986 1657 3055; x_wconf 90' lang='lat' dir='ltr'><strong>ipsum,</strong></span> <span class='ocrx_word' id='word_1_337' title='bbox 1682 2987 1961 3058; x_wconf 84' lang='lat' dir='ltr'><strong>Scriptura</strong></span> 
     </span>
    </p>
   </div>
   <div class='ocr_carea' id='block_1_48' title="bbox 389 3072 1955 3144">
    <p class='ocr_par' dir='ltr' id='par_1_48' title="bbox 389 3072 1955 3144">
     <span class='ocr_line' id='line_1_48' title="bbox 389 3072 1955 3144; baseline 0.004 -17"><span class='ocrx_word' id='word_1_338' title='bbox 389 3083 525 3128; x_wconf 81' lang='lat' dir='ltr'><strong>teste</strong></span> <span class='ocrx_word' id='word_1_339' title='bbox 551 3074 620 3141; x_wconf 76' lang='lat'><strong>“,</strong></span> <span class='ocrx_word' id='word_1_340' title='bbox 660 3090 767 3128; x_wconf 88' lang='lat' dir='ltr'><strong>non</strong></span> <span class='ocrx_word' id='word_1_341' title='bbox 801 3072 1112 3141; x_wconf 80' lang='lat' dir='ltr'><strong>detinuerit,</strong></span> <span class='ocrx_word' id='word_1_342' title='bbox 1149 3076 1397 3144; x_wconf 88' lang='lat' dir='ltr'><strong>sequitur</strong></span> <span class='ocrx_word' id='word_1_343' title='bbox 1438 3084 1502 3132; x_wconf 84' lang='lat' dir='ltr'><strong>ut</strong></span> <span class='ocrx_word' id='word_1_344' title='bbox 1541 3094 1648 3132; x_wconf 89' lang='lat' dir='ltr'><strong>non</strong></span> <span class='ocrx_word' id='word_1_345' title='bbox 1687 3091 1955 3143; x_wconf 88' lang='lat' dir='ltr'><strong>creatura,</strong></span> 
     </span>
    </p>
   </div>
   <div class='ocr_carea' id='block_1_49' title="bbox 389 3166 1959 3242">
    <p class='ocr_par' dir='ltr' id='par_1_49' title="bbox 389 3166 1959 3242">
     <span class='ocr_line' id='line_1_49' title="bbox 389 3166 1959 3242; baseline 0.003 -21"><span class='ocrx_word' id='word_1_346' title='bbox 389 3166 483 3222; x_wconf 88' lang='lat' dir='ltr'><strong>sed</strong></span> <span class='ocrx_word' id='word_1_347' title='bbox 517 3177 885 3222; x_wconf 88' lang='lat' dir='ltr'><strong>creaturarum</strong></span> <span class='ocrx_word' id='word_1_348' title='bbox 912 3169 983 3224; x_wconf 91' lang='lat' dir='ltr'><strong>sit</strong></span> <span class='ocrx_word' id='word_1_349' title='bbox 1008 3167 1303 3236; x_wconf 90' lang='lat' dir='ltr'><strong>Dominus;</strong></span> <span class='ocrx_word' id='word_1_350' title='bbox 1334 3170 1479 3240; x_wconf 90' lang='lat' dir='ltr'><strong>quod</strong></span> <span class='ocrx_word' id='word_1_351' title='bbox 1512 3169 1634 3226; x_wconf 87' lang='lat' dir='ltr'><strong>festi</strong></span> <span class='ocrx_word' id='word_1_352' title='bbox 1663 3171 1829 3242; x_wconf 87' lang='lat' dir='ltr'><strong>hujus</strong></span> <span class='ocrx_word' id='word_1_353' title='bbox 1858 3173 1959 3226; x_wconf 91' lang='lat' dir='ltr'><strong>im-</strong></span> 
     </span>
    </p>
   </div>
   <div class='ocr_carea' id='block_1_50' title="bbox 390 3259 1166 3330">
    <p class='ocr_par' dir='ltr' id='par_1_50' title="bbox 390 3259 1166 3330">
     <span class='ocr_line' id='line_1_50' title="bbox 390 3259 1166 3330; baseline 0.003 -19"><span class='ocrx_word' id='word_1_354' title='bbox 390 3259 617 3312; x_wconf 80' lang='lat' dir='ltr'><strong>mortale</strong></span> <span class='ocrx_word' id='word_1_355' title='bbox 651 3270 1029 3330; x_wconf 85' lang='lat' dir='ltr'><strong>argnmentum</strong></span> <span class='ocrx_word' id='word_1_356' title='bbox 1061 3270 1166 3315; x_wconf 89' lang='lat' dir='ltr'><strong>est.</strong></span> 
     </span>
    </p>
   </div>
   <div class='ocr_carea' id='block_1_51' title="bbox 463 3333 1956 3421">
    <p class='ocr_par' dir='ltr' id='par_1_51' title="bbox 463 3333 1956 3421">
     <span class='ocr_line' id='line_1_51' title="bbox 463 3333 1956 3421; baseline 0.004 -18"><span class='ocrx_word' id='word_1_357' title='bbox 463 3350 549 3405; x_wconf 77' lang='lat' dir='ltr'><strong>M.</strong></span> <span class='ocrx_word' id='word_1_358' title='bbox 603 3349 792 3405; x_wconf 82' lang='lat' dir='ltr'><strong>Mortis</strong></span> <span class='ocrx_word' id='word_1_359' title='bbox 848 3353 1110 3406; x_wconf 90' lang='lat' dir='ltr'><strong>Dominus</strong></span> <span class='ocrx_word' id='word_1_360' title='bbox 1153 3361 1383 3407; x_wconf 87' lang='lat' dir='ltr'><strong>mortem</strong></span> <span class='ocrx_word' id='word_1_361' title='bbox 1422 3333 1593 3408; x_wconf 76' lang='lat' dir='ltr'><strong>voluit</strong></span> <span class='ocrx_word' id='word_1_362' title='bbox 1636 3353 1956 3421; x_wconf 85' lang='lat' dir='ltr'><strong>destruere;</strong></span> 
     </span>
    </p>
   </div>
   <div class='ocr_carea' id='block_1_52' title="bbox 388 3442 1959 3517">
    <p class='ocr_par' dir='ltr' id='par_1_52' title="bbox 388 3442 1959 3517">
     <span class='ocr_line' id='line_1_52' title="bbox 388 3442 1959 3517; baseline 0.004 -21"><span class='ocrx_word' id='word_1_363' title='bbox 388 3443 647 3513; x_wconf 83' lang='lat' dir='ltr'><strong>quodque</strong></span> <span class='ocrx_word' id='word_1_364' title='bbox 670 3442 933 3499; x_wconf 91' lang='lat' dir='ltr'><strong>Dominus</strong></span> <span class='ocrx_word' id='word_1_365' title='bbox 960 3445 1131 3499; x_wconf 83' lang='lat' dir='ltr'><strong>voluit</strong></span> <span class='ocrx_word' id='word_1_366' title='bbox 1155 3446 1379 3501; x_wconf 88' lang='lat' dir='ltr'><strong>omnino</strong></span> <span class='ocrx_word' id='word_1_367' title='bbox 1402 3458 1681 3517; x_wconf 90' lang='lat' dir='ltr'><strong>peractum</strong></span> <span class='ocrx_word' id='word_1_368' title='bbox 1713 3458 1813 3503; x_wconf 86' lang='lat' dir='ltr'><strong>est.</strong></span> <span class='ocrx_word' id='word_1_369' title='bbox 1830 3448 1959 3502; x_wconf 89' lang='lat' dir='ltr'><strong>Om-</strong></span> 
     </span>
    </p>
   </div>
   <div class='ocr_carea' id='block_1_53' title="bbox 390 3535 1957 3593">
    <p class='ocr_par' dir='ltr' id='par_1_53' title="bbox 390 3535 1957 3593">
     <span class='ocr_line' id='line_1_53' title="bbox 390 3535 1957 3593; baseline 0.004 -6"><span class='ocrx_word' id='word_1_370' title='bbox 390 3549 487 3588; x_wconf 88' lang='lat' dir='ltr'><strong>nes</strong></span> <span class='ocrx_word' id='word_1_371' title='bbox 520 3549 620 3588; x_wconf 91' lang='lat' dir='ltr'><strong>nos</strong></span> <span class='ocrx_word' id='word_1_372' title='bbox 647 3535 713 3589; x_wconf 88' lang='lat' dir='ltr'><strong>de</strong></span> <span class='ocrx_word' id='word_1_373' title='bbox 746 3545 918 3590; x_wconf 91' lang='lat' dir='ltr'><strong>morte</strong></span> <span class='ocrx_word' id='word_1_374' title='bbox 950 3537 1017 3591; x_wconf 88' lang='lat' dir='ltr'><strong>ad</strong></span> <span class='ocrx_word' id='word_1_375' title='bbox 1044 3539 1208 3590; x_wconf 91' lang='lat' dir='ltr'><strong>vitam</strong></span> <span class='ocrx_word' id='word_1_376' title='bbox 1246 3539 1620 3593; x_wconf 89' lang='lat' dir='ltr'><strong>transibimus.</strong></span> <span class='ocrx_word' id='word_1_377' title='bbox 1647 3537 1957 3593; x_wconf 73' lang='lat' dir='ltr'><strong>Judzeorum</strong></span> 
     </span>
    </p>
   </div>
   <div class='ocr_carea' id='block_1_54' title="bbox 389 3626 1957 3698">
    <p class='ocr_par' dir='ltr' id='par_1_54' title="bbox 389 3626 1957 3698">
     <span class='ocr_line' id='line_1_54' title="bbox 389 3626 1957 3698; baseline 0.004 -20"><span class='ocrx_word' id='word_1_378' title='bbox 389 3626 702 3689; x_wconf 89' lang='lat' dir='ltr'><strong>consilium,</strong></span> <span class='ocrx_word' id='word_1_379' title='bbox 742 3641 843 3680; x_wconf 91' lang='lat' dir='ltr'><strong>nec</strong></span> <span class='ocrx_word' id='word_1_380' title='bbox 893 3641 1000 3680; x_wconf 90' lang='lat' dir='ltr'><strong>non</strong></span> <span class='ocrx_word' id='word_1_381' title='bbox 1049 3644 1239 3682; x_wconf 85' lang='lat' dir='ltr'><strong>eorum</strong></span> <span class='ocrx_word' id='word_1_382' title='bbox 1284 3630 1380 3698; x_wconf 87' lang='lat' dir='ltr'><strong>qui</strong></span> <span class='ocrx_word' id='word_1_383' title='bbox 1431 3630 1517 3684; x_wconf 91' lang='lat' dir='ltr'><strong>his</strong></span> <span class='ocrx_word' id='word_1_384' title='bbox 1563 3630 1957 3695; x_wconf 83' lang='lat' dir='ltr'><strong>assimilantur,</strong></span> 
     </span>
    </p>
   </div>
   <div class='ocr_carea' id='block_1_55' title="bbox 388 3717 1956 3791">
    <p class='ocr_par' dir='ltr' id='par_1_55' title="bbox 388 3717 1956 3791">
     <span class='ocr_line' id='line_1_55' title="bbox 388 3717 1956 3791; baseline 0.004 -23"><span class='ocrx_word' id='word_1_385' title='bbox 388 3732 590 3770; x_wconf 91' lang='lat' dir='ltr'><strong>vanum</strong></span> <span class='ocrx_word' id='word_1_386' title='bbox 619 3717 822 3783; x_wconf 87' lang='lat' dir='ltr'><strong>evasit;</strong></span> <span class='ocrx_word' id='word_1_387' title='bbox 845 3733 1019 3787; x_wconf 87' lang='lat' dir='ltr'><strong>neque</strong></span> <span class='ocrx_word' id='word_1_388' title='bbox 1046 3719 1201 3787; x_wconf 75' lang='lat'><strong>112</strong></span> <span class='ocrx_word' id='word_1_389' title='bbox 1221 3731 1378 3788; x_wconf 87' lang='lat' dir='ltr'><strong>prout</strong></span> <span class='ocrx_word' id='word_1_390' title='bbox 1406 3723 1689 3775; x_wconf 87' lang='lat' dir='ltr'><strong>voluerant</strong></span> <span class='ocrx_word' id='word_1_391' title='bbox 1711 3721 1956 3791; x_wconf 79' lang='lat' dir='ltr'><strong>contigit,</strong></span> 
     </span>
    </p>
   </div>
   <div class='ocr_carea' id='block_1_56' title="bbox 389 3809 1954 3884">
    <p class='ocr_par' dir='ltr' id='par_1_56' title="bbox 389 3809 1954 3884">
     <span class='ocr_line' id='line_1_56' title="bbox 389 3809 1954 3884; baseline 0.004 -22"><span class='ocrx_word' id='word_1_392' title='bbox 389 3810 484 3862; x_wconf 87' lang='lat' dir='ltr'><strong>sed</strong></span> <span class='ocrx_word' id='word_1_393' title='bbox 523 3824 611 3863; x_wconf 91' lang='lat' dir='ltr'><strong>res</strong></span> <span class='ocrx_word' id='word_1_394' title='bbox 658 3809 713 3862; x_wconf 93' lang='lat' dir='ltr'><strong>in</strong></span> <span class='ocrx_word' id='word_1_395' title='bbox 746 3810 1079 3864; x_wconf 87' lang='lat' dir='ltr'><strong>contrarium</strong></span> <span class='ocrx_word' id='word_1_396' title='bbox 1128 3812 1310 3866; x_wconf 85' lang='lat' dir='ltr'><strong>cessit.</strong></span> <span class='ocrx_word' id='word_1_397' title='bbox 1356 3810 1630 3882; x_wconf 89' lang='lat' dir='ltr'><strong>Utrosque</strong></span> <span class='ocrx_word' id='word_1_398' title='bbox 1652 3814 1840 3868; x_wconf 91' lang='lat' dir='ltr'><strong>irridet</strong></span> <span class='ocrx_word' id='word_1_399' title='bbox 1864 3816 1954 3884; x_wconf 86' lang='lat' dir='ltr'><strong>qui</strong></span> 
     </span>
    </p>
   </div>
   <div class='ocr_carea' id='block_1_57' title="bbox 390 3897 1955 3965">
    <p class='ocr_par' dir='ltr' id='par_1_57' title="bbox 390 3897 1955 3965">
     <span class='ocr_line' id='line_1_57' title="bbox 390 3897 1955 3965; baseline 0.006 -15"><span class='ocrx_word' id='word_1_400' title='bbox 390 3897 445 3950; x_wconf 91' lang='lat' dir='ltr'><strong>in</strong></span> <span class='ocrx_word' id='word_1_401' title='bbox 475 3897 628 3951; x_wconf 87' lang='lat' dir='ltr'><strong>coelis</strong></span> <span class='ocrx_word' id='word_1_402' title='bbox 668 3898 885 3965; x_wconf 90' lang='lat' dir='ltr'><strong>residet,</strong></span> <span class='ocrx_word' id='word_1_403' title='bbox 919 3908 973 3953; x_wconf 93' lang='lat' dir='ltr'><strong>et</strong></span> <span class='ocrx_word' id='word_1_404' title='bbox 1002 3914 1098 3954; x_wconf 91' lang='lat' dir='ltr'><strong>eos</strong></span> <span class='ocrx_word' id='word_1_405' title='bbox 1132 3899 1396 3955; x_wconf 89' lang='lat' dir='ltr'><strong>Dominus</strong></span> <span class='ocrx_word' id='word_1_406' title='bbox 1429 3902 1667 3957; x_wconf 82' lang='lat' dir='ltr'><strong>ludibrio</strong></span> <span class='ocrx_word' id='word_1_407' title='bbox 1704 3903 1864 3959; x_wconf 87' lang='lat' dir='ltr'><strong>habet</strong></span> <span class='ocrx_word' id='word_1_408' title='bbox 1890 3904 1955 3958; x_wconf 71' lang='grc'><strong>⁸⁷.</strong></span> 
     </span>
    </p>
   </div>
   <div class='ocr_carea' id='block_1_58' title="bbox 388 3988 1949 4061">
    <p class='ocr_par' dir='ltr' id='par_1_58' title="bbox 388 3988 1949 4061">
     <span class='ocr_line' id='line_1_58' title="bbox 388 3988 1949 4061; baseline 0.005 -19"><span class='ocrx_word' id='word_1_409' title='bbox 388 3988 564 4059; x_wconf 86' lang='lat' dir='ltr'><strong>llujus</strong></span> <span class='ocrx_word' id='word_1_410' title='bbox 593 3989 667 4044; x_wconf 89' lang='lat' dir='ltr'><strong>rei</strong></span> <span class='ocrx_word' id='word_1_411' title='bbox 696 4005 859 4045; x_wconf 88' lang='lat' dir='ltr'><strong>causa</strong></span> <span class='ocrx_word' id='word_1_412' title='bbox 883 3990 1146 4047; x_wconf 91' lang='lat' dir='ltr'><strong>Dominus</strong></span> <span class='ocrx_word' id='word_1_413' title='bbox 1173 4008 1299 4047; x_wconf 89' lang='lat' dir='ltr'><strong>cum</strong></span> <span class='ocrx_word' id='word_1_414' title='bbox 1325 3995 1392 4048; x_wconf 90' lang='lat' dir='ltr'><strong>ad</strong></span> <span class='ocrx_word' id='word_1_415' title='bbox 1423 4010 1612 4050; x_wconf 89' lang='lat' dir='ltr'><strong>necem</strong></span> <span class='ocrx_word' id='word_1_416' title='bbox 1639 3997 1949 4061; x_wconf 87' lang='lat' dir='ltr'><strong>duceretur,</strong></span> 
     </span>
    </p>
   </div>
   <div class='ocr_carea' id='block_1_59' title="bbox 390 4082 1950 4158">
    <p class='ocr_par' dir='ltr' id='par_1_59' title="bbox 390 4082 1950 4158">
     <span class='ocr_line' id='line_1_59' title="bbox 390 4082 1950 4158; baseline 0.005 -21"><span class='ocrx_word' id='word_1_417' title='bbox 390 4082 785 4151; x_wconf 86' lang='lat' dir='ltr'><strong>subsequentes</strong></span> <span class='ocrx_word' id='word_1_418' title='bbox 805 4082 1034 4138; x_wconf 89' lang='lat' dir='ltr'><strong>feminas</strong></span> <span class='ocrx_word' id='word_1_419' title='bbox 1051 4084 1350 4155; x_wconf 82' lang='lat' dir='ltr'><strong>ﬂentesque</strong></span> <span class='ocrx_word' id='word_1_420' title='bbox 1370 4087 1711 4158; x_wconf 87' lang='lat' dir='ltr'><strong>objurgabat,</strong></span> <span class='ocrx_word' id='word_1_421' title='bbox 1733 4089 1950 4145; x_wconf 89' lang='lat' dir='ltr'><strong>dicens:</strong></span> 
     </span>
    </p>
   </div>
   <div class='ocr_carea' id='block_1_60' title="bbox 395 4173 1953 4257">
    <p class='ocr_par' dir='ltr' id='par_1_60' title="bbox 395 4173 1953 4257">
     <span class='ocr_line' id='line_1_60' title="bbox 395 4173 1953 4257; baseline 0.007 -32"><span class='ocrx_word' id='word_1_422' title='bbox 395 4192 415 4225; x_wconf 69' lang='grc' dir='ltr'>ι</span> <span class='ocrx_word' id='word_1_423' title='bbox 446 4173 620 4229; x_wconf 86' lang='lat' dir='ltr'><strong>Nolite</strong></span> <span class='ocrx_word' id='word_1_424' title='bbox 634 4184 718 4228; x_wconf 87' lang='lat' dir='ltr'><strong>me</strong></span> <span class='ocrx_word' id='word_1_425' title='bbox 747 4173 945 4230; x_wconf 84' lang='lat' dir='ltr'><strong>deflere</strong></span> <span class='ocrx_word' id='word_1_426' title='bbox 968 4176 1012 4207; x_wconf 64' lang='grc' dir='ltr'><strong>ἰδ</strong></span> <span class='ocrx_word' id='word_1_427' title='bbox 1036 4194 1052 4242; x_wconf 93' lang='lat'><strong>;</strong></span> <span class='ocrx_word' id='word_1_428' title='bbox 1078 4196 1097 4227; x_wconf 82' lang='grc'><strong>›</strong></span> <span class='ocrx_word' id='word_1_429' title='bbox 1118 4177 1305 4232; x_wconf 90' lang='lat' dir='ltr'><strong>volens</strong></span> <span class='ocrx_word' id='word_1_430' title='bbox 1321 4178 1408 4233; x_wconf 92' lang='lat' dir='ltr'><strong>his</strong></span> <span class='ocrx_word' id='word_1_431' title='bbox 1420 4180 1597 4234; x_wconf 89' lang='lat' dir='ltr'><strong>verbis</strong></span> <span class='ocrx_word' id='word_1_432' title='bbox 1628 4181 1953 4257; x_wconf 74' lang='lat' dir='ltr'><strong>significare,</strong></span> 
     </span>
    </p>
   </div>
   <div class='ocr_carea' id='block_1_61' title="bbox 391 4267 1952 4339">
    <p class='ocr_par' dir='ltr' id='par_1_61' title="bbox 391 4267 1952 4339">
     <span class='ocr_line' id='line_1_61' title="bbox 391 4267 1952 4339; baseline 0.004 -20"><span class='ocrx_word' id='word_1_433' title='bbox 391 4275 619 4320; x_wconf 89' lang='lat' dir='ltr'><strong>mortem</strong></span> <span class='ocrx_word' id='word_1_434' title='bbox 653 4282 808 4322; x_wconf 88' lang='lat' dir='ltr'><strong>suam</strong></span> <span class='ocrx_word' id='word_1_435' title='bbox 842 4268 987 4323; x_wconf 87' lang='lat' dir='ltr'><strong>haud</strong></span> <span class='ocrx_word' id='word_1_436' title='bbox 1026 4267 1326 4324; x_wconf 82' lang='lat' dir='ltr'><strong>tristificam</strong></span> <span class='ocrx_word' id='word_1_437' title='bbox 1355 4286 1496 4334; x_wconf 89' lang='lat' dir='ltr'><strong>esse,</strong></span> <span class='ocrx_word' id='word_1_438' title='bbox 1532 4273 1622 4325; x_wconf 74' lang='lat' dir='ltr'><strong>sed</strong></span> <span class='ocrx_word' id='word_1_439' title='bbox 1652 4272 1952 4339; x_wconf 67' lang='lat' dir='ltr'><strong>laniﬁcam;</strong></span> 
     </span>
    </p>
   </div>
   <div class='ocr_carea' id='block_1_62' title="bbox 389 4352 1957 4432">
    <p class='ocr_par' dir='ltr' id='par_1_62' title="bbox 389 4352 1957 4432">
     <span class='ocr_line' id='line_1_62' title="bbox 389 4352 1957 4432; baseline 0.004 -20"><span class='ocrx_word' id='word_1_440' title='bbox 389 4359 612 4428; x_wconf 90' lang='lat' dir='ltr'><strong>etquod</strong></span> <span class='ocrx_word' id='word_1_441' title='bbox 644 4352 856 4414; x_wconf 88' lang='lat' dir='ltr'><strong>etiamsi</strong></span> <span class='ocrx_word' id='word_1_442' title='bbox 891 4375 990 4428; x_wconf 90' lang='lat' dir='ltr'><strong>pro</strong></span> <span class='ocrx_word' id='word_1_443' title='bbox 1013 4361 1169 4414; x_wconf 91' lang='lat' dir='ltr'><strong>nobis</strong></span> <span class='ocrx_word' id='word_1_444' title='bbox 1204 4370 1524 4427; x_wconf 89' lang='lat' dir='ltr'><strong>moreretur,</strong></span> <span class='ocrx_word' id='word_1_445' title='bbox 1568 4364 1681 4432; x_wconf 88' lang='lat' dir='ltr'><strong>ipse</strong></span> <span class='ocrx_word' id='word_1_446' title='bbox 1706 4364 1867 4428; x_wconf 88' lang='lat' dir='ltr'><strong>vivit;</strong></span> <span class='ocrx_word' id='word_1_447' title='bbox 1903 4375 1957 4419; x_wconf 90' lang='lat' dir='ltr'><strong>et</strong></span> 
     </span>
    </p>
   </div>
   <div class='ocr_carea' id='block_1_63' title="bbox 2064 1893 3654 1969">
    <p class='ocr_par' dir='ltr' id='par_1_63' title="bbox 2064 1893 3654 1969">
     <span class='ocr_line' id='line_1_63' title="bbox 2064 1893 3654 1969; baseline -0.001 -18"><span class='ocrx_word' id='word_1_448' title='bbox 2064 1913 2184 1951; x_wconf 92' lang='lat' dir='ltr'><strong>rum</strong></span> <span class='ocrx_word' id='word_1_449' title='bbox 2214 1894 2477 1950; x_wconf 86' lang='lat' dir='ltr'><strong>faciemus</strong></span> <span class='ocrx_word' id='word_1_450' title='bbox 2514 1895 2750 1969; x_wconf 76' lang='lat' dir='ltr'><strong>obscuro</strong></span> <span class='ocrx_word' id='word_1_451' title='bbox 2787 1894 3052 1956; x_wconf 90' lang='lat' dir='ltr'><strong>serotino,</strong></span> <span class='ocrx_word' id='word_1_452' title='bbox 3086 1903 3209 1963; x_wconf 91' lang='lat' dir='ltr'><strong>post</strong></span> <span class='ocrx_word' id='word_1_453' title='bbox 3243 1893 3391 1963; x_wconf 89' lang='lat' dir='ltr'><strong>quod</strong></span> <span class='ocrx_word' id='word_1_454' title='bbox 3430 1895 3654 1949; x_wconf 79' lang='lat' dir='ltr'><strong>orietur</strong></span> 
     </span>
    </p>
   </div>
   <div class='ocr_carea' id='block_1_64' title="bbox 2063 1984 3654 2055">
    <p class='ocr_par' dir='ltr' id='par_1_64' title="bbox 2063 1984 3654 2055">
     <span class='ocr_line' id='line_1_64' title="bbox 2063 1984 3654 2055; baseline -0.001 -13"><span class='ocrx_word' id='word_1_455' title='bbox 2063 1987 2222 2043; x_wconf 90' lang='lat' dir='ltr'><strong>nobis</strong></span> <span class='ocrx_word' id='word_1_456' title='bbox 2269 1987 2362 2040; x_wconf 83' lang='lat' dir='ltr'><strong>lux</strong></span> <span class='ocrx_word' id='word_1_457' title='bbox 2413 1985 2788 2052; x_wconf 89' lang='lat' dir='ltr'><strong>Dominicalis,</strong></span> <span class='ocrx_word' id='word_1_458' title='bbox 2824 1996 3035 2052; x_wconf 83' lang='lat' dir='ltr'><strong>sancta,</strong></span> <span class='ocrx_word' id='word_1_459' title='bbox 3066 1985 3310 2055; x_wconf 87' lang='lat' dir='ltr'><strong>inquam,</strong></span> <span class='ocrx_word' id='word_1_460' title='bbox 3350 1984 3654 2041; x_wconf 75' lang='lat' dir='ltr'><strong>Dominica</strong></span> 
     </span>
    </p>
   </div>
   <div class='ocr_carea' id='block_1_65' title="bbox 2061 2078 3643 2151">
    <p class='ocr_par' dir='ltr' id='par_1_65' title="bbox 2061 2078 3643 2151">
     <span class='ocr_line' id='line_1_65' title="bbox 2061 2078 3643 2151; baseline -0.003 -15"><span class='ocrx_word' id='word_1_461' title='bbox 2061 2082 2219 2136; x_wconf 89' lang='lat' dir='ltr'><strong>nobis</strong></span> <span class='ocrx_word' id='word_1_462' title='bbox 2260 2081 2634 2151; x_wconf 86' lang='lat' dir='ltr'><strong>splendescet,</strong></span> <span class='ocrx_word' id='word_1_463' title='bbox 2676 2094 2783 2149; x_wconf 92' lang='lat' dir='ltr'><strong>qua</strong></span> <span class='ocrx_word' id='word_1_464' title='bbox 2831 2078 3095 2131; x_wconf 89' lang='lat' dir='ltr'><strong>Dominus</strong></span> <span class='ocrx_word' id='word_1_465' title='bbox 3138 2086 3326 2132; x_wconf 89' lang='lat' dir='ltr'><strong>noster</strong></span> <span class='ocrx_word' id='word_1_466' title='bbox 3372 2080 3643 2133; x_wconf 71' lang='lat' dir='ltr'><strong>surrexit.</strong></span> 
     </span>
    </p>
   </div>
   <div class='ocr_carea' id='block_1_66' title="bbox 2064 2170 3646 2241">
    <p class='ocr_par' dir='ltr' id='par_1_66' title="bbox 2064 2170 3646 2241">
     <span class='ocr_line' id='line_1_66' title="bbox 2064 2170 3646 2241; baseline -0.001 -15"><span class='ocrx_word' id='word_1_467' title='bbox 2064 2173 2225 2228; x_wconf 90' lang='lat' dir='ltr'><strong>Decet</strong></span> <span class='ocrx_word' id='word_1_468' title='bbox 2271 2180 2451 2227; x_wconf 89' lang='lat' dir='ltr'><strong>autem</strong></span> <span class='ocrx_word' id='word_1_469' title='bbox 2507 2187 2608 2226; x_wconf 91' lang='lat' dir='ltr'><strong>nos</strong></span> <span class='ocrx_word' id='word_1_470' title='bbox 2641 2170 2811 2224; x_wconf 76' lang='lat' dir='ltr'><strong>lzetari</strong></span> <span class='ocrx_word' id='word_1_471' title='bbox 2856 2178 2911 2224; x_wconf 92' lang='lat' dir='ltr'><strong>et</strong></span> <span class='ocrx_word' id='word_1_472' title='bbox 2955 2170 3049 2224; x_wconf 92' lang='lat' dir='ltr'><strong>illo</strong></span> <span class='ocrx_word' id='word_1_473' title='bbox 3092 2170 3290 2241; x_wconf 83' lang='lat' dir='ltr'><strong>gaudio</strong></span> <span class='ocrx_word' id='word_1_474' title='bbox 3332 2172 3646 2235; x_wconf 81' lang='lat' dir='ltr'><strong>exsultare,</strong></span> 
     </span>
    </p>
   </div>
   <div class='ocr_carea' id='block_1_67' title="bbox 2061 2263 3653 2336">
    <p class='ocr_par' dir='ltr' id='par_1_67' title="bbox 2061 2263 3653 2336">
     <span class='ocr_line' id='line_1_67' title="bbox 2061 2263 3653 2336; baseline 0 -17"><span class='ocrx_word' id='word_1_475' title='bbox 2061 2266 2207 2336; x_wconf 88' lang='lat' dir='ltr'><strong>quod</strong></span> <span class='ocrx_word' id='word_1_476' title='bbox 2234 2281 2299 2319; x_wconf 77' lang='lat' dir='ltr'><strong>ex</strong></span> <span class='ocrx_word' id='word_1_477' title='bbox 2330 2265 2586 2334; x_wconf 89' lang='lat' dir='ltr'><strong>operibus</strong></span> <span class='ocrx_word' id='word_1_478' title='bbox 2627 2264 2785 2319; x_wconf 87' lang='lat' dir='ltr'><strong>benis</strong></span> <span class='ocrx_word' id='word_1_479' title='bbox 2812 2263 3082 2332; x_wconf 81' lang='lat' dir='ltr'><strong>provenit,</strong></span> <span class='ocrx_word' id='word_1_480' title='bbox 3117 2279 3211 2332; x_wconf 90' lang='lat' dir='ltr'><strong>per</strong></span> <span class='ocrx_word' id='word_1_481' title='bbox 3245 2264 3368 2319; x_wconf 90' lang='lat' dir='ltr'><strong>illas</strong></span> <span class='ocrx_word' id='word_1_482' title='bbox 3396 2264 3653 2331; x_wconf 81' lang='lat' dir='ltr'><strong>reliquas</strong></span> 
     </span>
    </p>
   </div>
   <div class='ocr_carea' id='block_1_68' title="bbox 2063 2355 3643 2426">
    <p class='ocr_par' dir='ltr' id='par_1_68' title="bbox 2063 2355 3643 2426">
     <span class='ocr_line' id='line_1_68' title="bbox 2063 2355 3643 2426; baseline -0.001 -15"><span class='ocrx_word' id='word_1_483' title='bbox 2063 2365 2269 2426; x_wconf 92' lang='lat' dir='ltr'><strong>septem</strong></span> <span class='ocrx_word' id='word_1_484' title='bbox 2313 2356 2704 2420; x_wconf 87' lang='lat' dir='ltr'><strong>hebdomadas,</strong></span> <span class='ocrx_word' id='word_1_485' title='bbox 2734 2371 2859 2425; x_wconf 64' lang='lat' dir='ltr'><strong>quae</strong></span> <span class='ocrx_word' id='word_1_486' title='bbox 2897 2365 2981 2410; x_wconf 90' lang='lat' dir='ltr'><strong>est</strong></span> <span class='ocrx_word' id='word_1_487' title='bbox 3018 2355 3367 2420; x_wconf 85' lang='lat' dir='ltr'><strong>Pentecoste,</strong></span> <span class='ocrx_word' id='word_1_488' title='bbox 3403 2356 3643 2426; x_wconf 85' lang='lat' dir='ltr'><strong>gloriam</strong></span> 
     </span>
    </p>
   </div>
   <div class='ocr_carea' id='block_1_69' title="bbox 2062 2446 3647 2518">
    <p class='ocr_par' dir='ltr' id='par_1_69' title="bbox 2062 2446 3647 2518">
     <span class='ocr_line' id='line_1_69' title="bbox 2062 2446 3647 2518; baseline -0.001 -17"><span class='ocrx_word' id='word_1_489' title='bbox 2062 2446 2208 2501; x_wconf 88' lang='lat' dir='ltr'><strong>Patri</strong></span> <span class='ocrx_word' id='word_1_490' title='bbox 2241 2448 2433 2503; x_wconf 86' lang='lat' dir='ltr'><strong>dantes</strong></span> <span class='ocrx_word' id='word_1_491' title='bbox 2466 2448 2819 2518; x_wconf 87' lang='lat' dir='ltr'><strong>dicentesque</strong></span> <span class='ocrx_word' id='word_1_492' title='bbox 2843 2448 2919 2501; x_wconf 85' lang='grc'><strong>⁶²;</strong></span> <span class='ocrx_word' id='word_1_493' title='bbox 2954 2468 2973 2499; x_wconf 83' lang='grc'><strong>‹</strong></span> <span class='ocrx_word' id='word_1_494' title='bbox 3008 2446 3132 2502; x_wconf 75' lang='lat' dir='ltr'><strong>Hzec</strong></span> <span class='ocrx_word' id='word_1_495' title='bbox 3163 2448 3281 2502; x_wconf 89' lang='lat' dir='ltr'><strong>dies</strong></span> <span class='ocrx_word' id='word_1_496' title='bbox 3313 2464 3482 2518; x_wconf 89' lang='lat' dir='ltr'><strong>quam</strong></span> <span class='ocrx_word' id='word_1_497' title='bbox 3512 2447 3647 2502; x_wconf 86' lang='lat' dir='ltr'><strong>fecit</strong></span> 
     </span>
    </p>
   </div>
   <div class='ocr_carea' id='block_1_70' title="bbox 2064 2539 3653 2609">
    <p class='ocr_par' dir='ltr' id='par_1_70' title="bbox 2064 2539 3653 2609">
     <span class='ocr_line' id='line_1_70' title="bbox 2064 2539 3653 2609; baseline 0 -16"><span class='ocrx_word' id='word_1_498' title='bbox 2064 2539 2351 2604; x_wconf 90' lang='lat' dir='ltr'><strong>Dominus,</strong></span> <span class='ocrx_word' id='word_1_499' title='bbox 2383 2540 2627 2594; x_wconf 58' lang='lat' dir='ltr'><strong>laetemur</strong></span> <span class='ocrx_word' id='word_1_500' title='bbox 2656 2551 2710 2594; x_wconf 89' lang='lat' dir='ltr'><strong>et</strong></span> <span class='ocrx_word' id='word_1_501' title='bbox 2738 2541 3075 2595; x_wconf 78' lang='lat' dir='ltr'><strong>exsultemus</strong></span> <span class='ocrx_word' id='word_1_502' title='bbox 3097 2540 3149 2593; x_wconf 90' lang='lat' dir='ltr'><strong>in</strong></span> <span class='ocrx_word' id='word_1_503' title='bbox 3176 2555 3262 2604; x_wconf 89' lang='lat' dir='ltr'><strong>ea,</strong></span> <span class='ocrx_word' id='word_1_504' title='bbox 3284 2559 3301 2591; x_wconf 71' lang='grc' dir='ltr'><strong>ι</strong></span> <span class='ocrx_word' id='word_1_505' title='bbox 3331 2556 3430 2609; x_wconf 90' lang='lat' dir='ltr'><strong>per</strong></span> <span class='ocrx_word' id='word_1_506' title='bbox 3460 2539 3653 2594; x_wconf 73' lang='lat' dir='ltr'><strong>Domi-</strong></span> 
     </span>
    </p>
   </div>
   <div class='ocr_carea' id='block_1_71' title="bbox 2064 2629 3646 2702">
    <p class='ocr_par' dir='ltr' id='par_1_71' title="bbox 2064 2629 3646 2702">
     <span class='ocr_line' id='line_1_71' title="bbox 2064 2629 3646 2702; baseline 0.003 -19"><span class='ocrx_word' id='word_1_507' title='bbox 2064 2646 2193 2683; x_wconf 92' lang='lat' dir='ltr'><strong>num</strong></span> <span class='ocrx_word' id='word_1_508' title='bbox 2224 2645 2289 2685; x_wconf 89' lang='lat' dir='ltr'><strong>ac</strong></span> <span class='ocrx_word' id='word_1_509' title='bbox 2322 2629 2659 2685; x_wconf 87' lang='lat' dir='ltr'><strong>Salvatorem</strong></span> <span class='ocrx_word' id='word_1_510' title='bbox 2701 2642 2951 2687; x_wconf 83' lang='lat' dir='ltr'><strong>nostrum</strong></span> <span class='ocrx_word' id='word_1_511' title='bbox 2984 2630 3169 2687; x_wconf 86' lang='lat' dir='ltr'><strong>Jesum</strong></span> <span class='ocrx_word' id='word_1_512' title='bbox 3196 2631 3506 2699; x_wconf 82' lang='lat' dir='ltr'><strong>Christum,</strong></span> <span class='ocrx_word' id='word_1_513' title='bbox 3546 2651 3646 2702; x_wconf 84' lang='lat' dir='ltr'><strong>per</strong></span> 
     </span>
    </p>
   </div>
   <div class='ocr_carea' id='block_1_72' title="bbox 2062 2719 3639 2794">
    <p class='ocr_par' dir='ltr' id='par_1_72' title="bbox 2062 2719 3639 2794">
     <span class='ocr_line' id='line_1_72' title="bbox 2062 2719 3639 2794; baseline 0.003 -20"><span class='ocrx_word' id='word_1_514' title='bbox 2062 2733 2223 2789; x_wconf 91' lang='lat' dir='ltr'><strong>quem</strong></span> <span class='ocrx_word' id='word_1_515' title='bbox 2253 2719 2427 2774; x_wconf 92' lang='lat' dir='ltr'><strong>eidem</strong></span> <span class='ocrx_word' id='word_1_516' title='bbox 2450 2730 2505 2774; x_wconf 91' lang='lat' dir='ltr'><strong>et</strong></span> <span class='ocrx_word' id='word_1_517' title='bbox 2528 2721 2648 2790; x_wconf 90' lang='lat' dir='ltr'><strong>ejus</strong></span> <span class='ocrx_word' id='word_1_518' title='bbox 2668 2720 2833 2788; x_wconf 89' lang='lat' dir='ltr'><strong>Patri,</strong></span> <span class='ocrx_word' id='word_1_519' title='bbox 2859 2723 3031 2792; x_wconf 87' lang='lat' dir='ltr'><strong>gloria</strong></span> <span class='ocrx_word' id='word_1_520' title='bbox 3061 2723 3131 2778; x_wconf 90' lang='lat' dir='ltr'><strong>sit</strong></span> <span class='ocrx_word' id='word_1_521' title='bbox 3156 2732 3319 2793; x_wconf 90' lang='lat' dir='ltr'><strong>atque</strong></span> <span class='ocrx_word' id='word_1_522' title='bbox 3342 2724 3639 2794; x_wconf 88' lang='lat' dir='ltr'><strong>imperium</strong></span> 
     </span>
    </p>
   </div>
   <div class='ocr_carea' id='block_1_73' title="bbox 2062 2811 2926 2868">
    <p class='ocr_par' dir='ltr' id='par_1_73' title="bbox 2062 2811 2926 2868">
     <span class='ocr_line' id='line_1_73' title="bbox 2062 2811 2926 2868; baseline 0.003 -3"><span class='ocrx_word' id='word_1_523' title='bbox 2062 2811 2117 2865; x_wconf 91' lang='lat' dir='ltr'><strong>in</strong></span> <span class='ocrx_word' id='word_1_524' title='bbox 2148 2811 2344 2866; x_wconf 85' lang='lat' dir='ltr'><strong>saecula</strong></span> <span class='ocrx_word' id='word_1_525' title='bbox 2363 2813 2707 2868; x_wconf 61' lang='lat' dir='ltr'><strong>saeculorum.</strong></span> <span class='ocrx_word' id='word_1_526' title='bbox 2734 2814 2926 2868; x_wconf 83' lang='lat' dir='ltr'><strong>Amen.</strong></span> 
     </span>
    </p>
   </div>
   <div class='ocr_carea' id='block_1_74' title="bbox 2134 2902 3645 2963">
    <p class='ocr_par' dir='ltr' id='par_1_74' title="bbox 2134 2902 3645 2963">
     <span class='ocr_line' id='line_1_74' title="bbox 2134 2902 3645 2963; baseline 0.005 -7"><span class='ocrx_word' id='word_1_527' title='bbox 2134 2902 2378 2959; x_wconf 90' lang='lat' dir='ltr'><strong>Salutate</strong></span> <span class='ocrx_word' id='word_1_528' title='bbox 2402 2903 2629 2959; x_wconf 87' lang='lat' dir='ltr'><strong>invicem</strong></span> <span class='ocrx_word' id='word_1_529' title='bbox 2661 2920 2785 2959; x_wconf 85' lang='lat' dir='ltr'><strong>cum</strong></span> <span class='ocrx_word' id='word_1_530' title='bbox 2805 2907 3001 2961; x_wconf 91' lang='lat' dir='ltr'><strong>osculo</strong></span> <span class='ocrx_word' id='word_1_531' title='bbox 3029 2916 3237 2962; x_wconf 86' lang='lat' dir='ltr'><strong>sancto.</strong></span> <span class='ocrx_word' id='word_1_532' title='bbox 3264 2906 3523 2962; x_wconf 85' lang='lat' dir='ltr'><strong>Salutant</strong></span> <span class='ocrx_word' id='word_1_533' title='bbox 3545 2924 3645 2963; x_wconf 83' lang='lat' dir='ltr'><strong>vos</strong></span> 
     </span>
    </p>
   </div>
   <div class='ocr_carea' id='block_1_75' title="bbox 2061 2996 3643 3066">
    <p class='ocr_par' dir='ltr' id='par_1_75' title="bbox 2061 2996 3643 3066">
     <span class='ocr_line' id='line_1_75' title="bbox 2061 2996 3643 3066; baseline 0.003 -17"><span class='ocrx_word' id='word_1_534' title='bbox 2061 2996 2242 3051; x_wconf 90' lang='lat' dir='ltr'><strong>cuncti</strong></span> <span class='ocrx_word' id='word_1_535' title='bbox 2277 2996 2370 3066; x_wconf 92' lang='lat' dir='ltr'><strong>qui</strong></span> <span class='ocrx_word' id='word_1_536' title='bbox 2413 3011 2626 3051; x_wconf 91' lang='lat' dir='ltr'><strong>mecum</strong></span> <span class='ocrx_word' id='word_1_537' title='bbox 2656 3005 2785 3050; x_wconf 88' lang='lat' dir='ltr'><strong>sunt</strong></span> <span class='ocrx_word' id='word_1_538' title='bbox 2824 2996 3038 3053; x_wconf 87' lang='lat' dir='ltr'><strong>fratres.</strong></span> <span class='ocrx_word' id='word_1_539' title='bbox 3076 2997 3185 3052; x_wconf 89' lang='lat' dir='ltr'><strong>Oro</strong></span> <span class='ocrx_word' id='word_1_540' title='bbox 3234 3008 3294 3052; x_wconf 92' lang='lat' dir='ltr'><strong>ut</strong></span> <span class='ocrx_word' id='word_1_541' title='bbox 3319 2999 3552 3056; x_wconf 86' lang='lat' dir='ltr'><strong>valeatis</strong></span> <span class='ocrx_word' id='word_1_542' title='bbox 3585 3002 3643 3054; x_wconf 82' lang='lat' dir='ltr'><strong>in</strong></span> 
     </span>
    </p>
   </div>
   <div class='ocr_carea' id='block_1_76' title="bbox 2064 3087 2777 3155">
    <p class='ocr_par' dir='ltr' id='par_1_76' title="bbox 2064 3087 2777 3155">
     <span class='ocr_line' id='line_1_76' title="bbox 2064 3087 2777 3155; baseline 0.001 -15"><span class='ocrx_word' id='word_1_543' title='bbox 2064 3087 2315 3155; x_wconf 90' lang='lat' dir='ltr'><strong>Domino,</strong></span> <span class='ocrx_word' id='word_1_544' title='bbox 2346 3088 2528 3142; x_wconf 90' lang='lat' dir='ltr'><strong>dilecti</strong></span> <span class='ocrx_word' id='word_1_545' title='bbox 2561 3088 2777 3143; x_wconf 88' lang='lat' dir='ltr'><strong>fratres.</strong></span> 
     </span>
    </p>
   </div>
   <div class='ocr_carea' id='block_1_77' title="bbox 2132 3179 3468 3250">
    <p class='ocr_par' dir='ltr' id='par_1_77' title="bbox 2132 3179 3468 3250">
     <span class='ocr_line' id='line_1_77' title="bbox 2132 3179 3468 3250; baseline 0.001 -17"><span class='ocrx_word' id='word_1_546' title='bbox 2132 3179 2316 3233; x_wconf 89' lang='lat' dir='ltr'><strong>Sancti</strong></span> <span class='ocrx_word' id='word_1_547' title='bbox 2340 3179 2622 3233; x_wconf 82' lang='lat' dir='ltr'><strong>Athanasii</strong></span> <span class='ocrx_word' id='word_1_548' title='bbox 2649 3179 2879 3249; x_wconf 85' lang='lat' dir='ltr'><strong>epistola</strong></span> <span class='ocrx_word' id='word_1_549' title='bbox 2913 3179 3197 3235; x_wconf 88' lang='lat' dir='ltr'><strong>undecima</strong></span> <span class='ocrx_word' id='word_1_550' title='bbox 3226 3180 3468 3250; x_wconf 80' lang='lat' dir='ltr'><strong>explicit.</strong></span> 
     </span>
    </p>
   </div>
   <div class='ocr_carea' id='block_1_78' title="bbox 2060 3329 3633 3374">
    <p class='ocr_par' dir='ltr' id='par_1_78' title="bbox 2060 3329 3633 3374">
     <span class='ocr_line' id='line_1_78' title="bbox 2060 3329 3633 3374; baseline 0.004 -7"><span class='ocrx_word' id='word_1_551' title='bbox 2060 3329 2292 3370; x_wconf 73' lang='lat' dir='ltr'><strong>EJUSDEI</strong></span> <span class='ocrx_word' id='word_1_552' title='bbox 2338 3329 2524 3370; x_wconf 70' lang='lat' dir='ltr'><strong>SANCTI</strong></span> <span class='ocrx_word' id='word_1_553' title='bbox 2574 3330 2859 3369; x_wconf 73' lang='lat' dir='ltr'><strong>A&#39;I&#39;KANASII</strong></span> <span class='ocrx_word' id='word_1_554' title='bbox 2897 3331 3155 3370; x_wconf 72' lang='lat' dir='ltr'><strong>EPISTOLA</strong></span> <span class='ocrx_word' id='word_1_555' title='bbox 3193 3333 3260 3371; x_wconf 75' lang='lat' dir='ltr'><strong>AD</strong></span> <span class='ocrx_word' id='word_1_556' title='bbox 3301 3332 3633 3374; x_wconf 68' lang='lat' dir='ltr'><strong>SERLPIONEI</strong></span> 
     </span>
    </p>
   </div>
   <div class='ocr_carea' id='block_1_79' title="bbox 2545 3419 3138 3461">
    <p class='ocr_par' dir='ltr' id='par_1_79' title="bbox 2545 3419 3138 3461">
     <span class='ocr_line' id='line_1_79' title="bbox 2545 3419 3138 3461; baseline 0.002 -4"><span class='ocrx_word' id='word_1_557' title='bbox 2545 3419 2790 3459; x_wconf 74' lang='lat' dir='ltr'><strong>THUMEOS</strong></span> <span class='ocrx_word' id='word_1_558' title='bbox 2826 3421 3138 3461; x_wconf 75' lang='grc' dir='ltr'><strong>εριεοορωί.</strong></span> 
     </span>
    </p>
   </div>
   <div class='ocr_carea' id='block_1_80' title="bbox 2507 3518 3178 3581">
    <p class='ocr_par' dir='ltr' id='par_1_80' title="bbox 2507 3518 3178 3581">
     <span class='ocr_line' id='line_1_80' title="bbox 2507 3518 3178 3581; baseline 0.001 -15"><span class='ocrx_word' id='word_1_559' title='bbox 2507 3518 2640 3581; x_wconf 86' lang='lat' dir='ltr'><strong>(Chr.</strong></span> <span class='ocrx_word' id='word_1_560' title='bbox 2664 3532 2792 3568; x_wconf 89' lang='lat' dir='ltr'><strong>anno</strong></span> <span class='ocrx_word' id='word_1_561' title='bbox 2817 3519 2909 3567; x_wconf 74' lang='lat' dir='ltr'><strong>3w</strong></span> <span class='ocrx_word' id='word_1_562' title='bbox 2935 3520 3014 3567; x_wconf 86' lang='lat' dir='ltr'><strong>vel</strong></span> <span class='ocrx_word' id='word_1_563' title='bbox 3041 3520 3178 3580; x_wconf 74' lang='grc'><strong>541.)</strong></span> 
     </span>
    </p>
   </div>
   <div class='ocr_carea' id='block_1_81' title="bbox 2134 3621 3634 3696">
    <p class='ocr_par' dir='ltr' id='par_1_81' title="bbox 2134 3621 3634 3696">
     <span class='ocr_line' id='line_1_81' title="bbox 2134 3621 3634 3696; baseline 0.002 -19"><span class='ocrx_word' id='word_1_564' title='bbox 2134 3623 2337 3696; x_wconf 85' lang='lat' dir='ltr'><strong>Dilecto</strong></span> <span class='ocrx_word' id='word_1_565' title='bbox 2366 3622 2515 3696; x_wconf 86' lang='lat' dir='ltr'><strong>fratri</strong></span> <span class='ocrx_word' id='word_1_566' title='bbox 2541 3635 2837 3694; x_wconf 88' lang='lat' dir='ltr'><strong>nostroque</strong></span> <span class='ocrx_word' id='word_1_567' title='bbox 2864 3625 2916 3677; x_wconf 86' lang='lat' dir='ltr'><strong>in</strong></span> <span class='ocrx_word' id='word_1_568' title='bbox 2947 3621 3252 3680; x_wconf 84' lang='lat' dir='ltr'><strong>ministerio</strong></span> <span class='ocrx_word' id='word_1_569' title='bbox 3277 3624 3517 3696; x_wconf 71' lang='lat' dir='ltr'><strong>collegae,</strong></span> <span class='ocrx_word' id='word_1_570' title='bbox 3543 3623 3634 3680; x_wconf 84' lang='lat' dir='ltr'><strong>Se-</strong></span> 
     </span>
    </p>
   </div>
   <div class='ocr_carea' id='block_1_82' title="bbox 2061 3694 2437 3765">
    <p class='ocr_par' dir='ltr' id='par_1_82' title="bbox 2061 3694 2437 3765">
     <span class='ocr_line' id='line_1_82' title="bbox 2061 3694 2437 3765; baseline -0.003 -18"><span class='ocrx_word' id='word_1_571' title='bbox 2061 3694 2270 3763; x_wconf 90' lang='lat' dir='ltr'><strong>rapioni</strong></span> <span class='ocrx_word' id='word_1_572' title='bbox 2303 3694 2437 3765; x_wconf 83' lang='grc'><strong>(71).</strong></span> 
     </span>
    </p>
   </div>
   <div class='ocr_carea' id='block_1_83' title="bbox 2131 3805 3635 3879">
    <p class='ocr_par' dir='ltr' id='par_1_83' title="bbox 2131 3805 3635 3879">
     <span class='ocr_line' id='line_1_83' title="bbox 2131 3805 3635 3879; baseline 0.003 -21"><span class='ocrx_word' id='word_1_573' title='bbox 2131 3807 2181 3858; x_wconf 89' lang='grc'><strong>1.</strong></span> <span class='ocrx_word' id='word_1_574' title='bbox 2205 3805 2404 3861; x_wconf 74' lang='lat' dir='ltr'><strong>Gratia:</strong></span> <span class='ocrx_word' id='word_1_575' title='bbox 2425 3807 2532 3861; x_wconf 91' lang='lat' dir='ltr'><strong>sint</strong></span> <span class='ocrx_word' id='word_1_576' title='bbox 2559 3807 2908 3876; x_wconf 62' lang='lat' dir='ltr'><strong>providentiae</strong></span> <span class='ocrx_word' id='word_1_577' title='bbox 2928 3808 3145 3873; x_wconf 59' lang='lat' dir='ltr'><strong>divinae,</strong></span> <span class='ocrx_word' id='word_1_578' title='bbox 3175 3816 3395 3877; x_wconf 89' lang='lat' dir='ltr'><strong>propter</strong></span> <span class='ocrx_word' id='word_1_579' title='bbox 3420 3823 3486 3863; x_wconf 85' lang='lat' dir='ltr'><strong>ea</strong></span> <span class='ocrx_word' id='word_1_580' title='bbox 3516 3825 3635 3879; x_wconf 79' lang='lat' dir='ltr'><strong>qua:</strong></span> 
     </span>
    </p>
   </div>
   <div class='ocr_carea' id='block_1_84' title="bbox 2060 3898 3635 3969">
    <p class='ocr_par' dir='ltr' id='par_1_84' title="bbox 2060 3898 3635 3969">
     <span class='ocr_line' id='line_1_84' title="bbox 2060 3898 3635 3969; baseline 0.001 -18"><span class='ocrx_word' id='word_1_581' title='bbox 2060 3898 2289 3969; x_wconf 73' lang='lat' dir='ltr'><strong>singulis</strong></span> <span class='ocrx_word' id='word_1_582' title='bbox 2320 3899 2469 3953; x_wconf 85' lang='lat' dir='ltr'><strong>horis</strong></span> <span class='ocrx_word' id='word_1_583' title='bbox 2496 3899 2691 3953; x_wconf 85' lang='lat' dir='ltr'><strong>tribuit</strong></span> <span class='ocrx_word' id='word_1_584' title='bbox 2724 3900 2881 3952; x_wconf 88' lang='lat' dir='ltr'><strong>nobis</strong></span> <span class='ocrx_word' id='word_1_585' title='bbox 2921 3899 3212 3963; x_wconf 82' lang='lat' dir='ltr'><strong>beneficia,</strong></span> <span class='ocrx_word' id='word_1_586' title='bbox 3247 3909 3302 3953; x_wconf 90' lang='lat' dir='ltr'><strong>et</strong></span> <span class='ocrx_word' id='word_1_587' title='bbox 3331 3899 3460 3968; x_wconf 86' lang='lat' dir='ltr'><strong>quia</strong></span> <span class='ocrx_word' id='word_1_588' title='bbox 3491 3916 3635 3953; x_wconf 90' lang='lat' dir='ltr'><strong>nunc</strong></span> 
     </span>
    </p>
   </div>
   <div class='ocr_carea' id='block_1_85' title="bbox 2058 3988 3630 4059">
    <p class='ocr_par' dir='ltr' id='par_1_85' title="bbox 2058 3988 3630 4059">
     <span class='ocr_line' id='line_1_85' title="bbox 2058 3988 3630 4059; baseline 0 -17"><span class='ocrx_word' id='word_1_589' title='bbox 2058 4005 2276 4059; x_wconf 87' lang='lat' dir='ltr'><strong>quoque</strong></span> <span class='ocrx_word' id='word_1_590' title='bbox 2324 3989 2391 4043; x_wconf 87' lang='lat' dir='ltr'><strong>ad</strong></span> <span class='ocrx_word' id='word_1_591' title='bbox 2437 3991 2540 4042; x_wconf 88' lang='lat' dir='ltr'><strong>hoc</strong></span> <span class='ocrx_word' id='word_1_592' title='bbox 2585 3988 2706 4042; x_wconf 86' lang='lat' dir='ltr'><strong>festi</strong></span> <span class='ocrx_word' id='word_1_593' title='bbox 2759 3999 2972 4058; x_wconf 87' lang='lat' dir='ltr'><strong>tempus</strong></span> <span class='ocrx_word' id='word_1_594' title='bbox 3020 3990 3301 4057; x_wconf 87' lang='lat' dir='ltr'><strong>pervenire</strong></span> <span class='ocrx_word' id='word_1_595' title='bbox 3341 3993 3630 4045; x_wconf 83' lang='lat' dir='ltr'><strong>concessit.</strong></span> 
     </span>
    </p>
   </div>
   <div class='ocr_carea' id='block_1_86' title="bbox 2060 4080 3632 4152">
    <p class='ocr_par' dir='ltr' id='par_1_86' title="bbox 2060 4080 3632 4152">
     <span class='ocr_line' id='line_1_86' title="bbox 2060 4080 3632 4152; baseline 0.002 -18"><span class='ocrx_word' id='word_1_596' title='bbox 2060 4081 2276 4135; x_wconf 89' lang='lat' dir='ltr'><strong>Interim</strong></span> <span class='ocrx_word' id='word_1_597' title='bbox 2325 4081 2450 4135; x_wconf 85' lang='lat' dir='ltr'><strong>misi</strong></span> <span class='ocrx_word' id='word_1_598' title='bbox 2494 4081 2614 4146; x_wconf 88' lang='lat' dir='ltr'><strong>tibi,</strong></span> <span class='ocrx_word' id='word_1_599' title='bbox 2659 4080 2850 4134; x_wconf 85' lang='lat' dir='ltr'><strong>dilecte</strong></span> <span class='ocrx_word' id='word_1_600' title='bbox 2887 4090 3103 4146; x_wconf 88' lang='lat' dir='ltr'><strong>noster,</strong></span> <span class='ocrx_word' id='word_1_601' title='bbox 3149 4081 3434 4150; x_wconf 86' lang='lat' dir='ltr'><strong>epistolam</strong></span> <span class='ocrx_word' id='word_1_602' title='bbox 3469 4098 3632 4152; x_wconf 84' lang='lat' dir='ltr'><strong>quam</strong></span> 
     </span>
    </p>
   </div>
   <div class='ocr_carea' id='block_1_87' title="bbox 2059 4172 3635 4245">
    <p class='ocr_par' dir='ltr' id='par_1_87' title="bbox 2059 4172 3635 4245">
     <span class='ocr_line' id='line_1_87' title="bbox 2059 4172 3635 4245; baseline 0.003 -18"><span class='ocrx_word' id='word_1_603' title='bbox 2059 4188 2211 4227; x_wconf 88' lang='lat' dir='ltr'><strong>more</strong></span> <span class='ocrx_word' id='word_1_604' title='bbox 2248 4174 2408 4226; x_wconf 88' lang='lat' dir='ltr'><strong>solito</strong></span> <span class='ocrx_word' id='word_1_605' title='bbox 2453 4172 2519 4227; x_wconf 90' lang='lat' dir='ltr'><strong>de</strong></span> <span class='ocrx_word' id='word_1_606' title='bbox 2558 4175 2809 4241; x_wconf 65' lang='lat' dir='ltr'><strong>praesenti</strong></span> <span class='ocrx_word' id='word_1_607' title='bbox 2843 4172 2980 4227; x_wconf 86' lang='lat' dir='ltr'><strong>festo</strong></span> <span class='ocrx_word' id='word_1_608' title='bbox 3019 4174 3333 4242; x_wconf 90' lang='lat' dir='ltr'><strong>lucubravi,</strong></span> <span class='ocrx_word' id='word_1_609' title='bbox 3358 4185 3418 4229; x_wconf 84' lang='lat' dir='ltr'><strong>ut</strong></span> <span class='ocrx_word' id='word_1_610' title='bbox 3449 4191 3548 4245; x_wconf 89' lang='lat' dir='ltr'><strong>per</strong></span> <span class='ocrx_word' id='word_1_611' title='bbox 3584 4186 3635 4231; x_wconf 90' lang='lat' dir='ltr'><strong>te</strong></span> 
     </span>
    </p>
   </div>
   <div class='ocr_carea' id='block_1_88' title="bbox 2059 4263 3631 4338">
    <p class='ocr_par' dir='ltr' id='par_1_88' title="bbox 2059 4263 3631 4338">
     <span class='ocr_line' id='line_1_88' title="bbox 2059 4263 3631 4338; baseline 0.005 -21"><span class='ocrx_word' id='word_1_612' title='bbox 2059 4263 2255 4320; x_wconf 87' lang='lat' dir='ltr'><strong>fratres</strong></span> <span class='ocrx_word' id='word_1_613' title='bbox 2314 4266 2516 4334; x_wconf 85' lang='lat' dir='ltr'><strong>pariter</strong></span> <span class='ocrx_word' id='word_1_614' title='bbox 2578 4281 2768 4320; x_wconf 88' lang='lat' dir='ltr'><strong>omnes</strong></span> <span class='ocrx_word' id='word_1_615' title='bbox 2826 4267 3021 4321; x_wconf 66' lang='lat' dir='ltr'><strong>laetitia:</strong></span> <span class='ocrx_word' id='word_1_616' title='bbox 3070 4268 3215 4322; x_wconf 91' lang='lat' dir='ltr'><strong>diem</strong></span> <span class='ocrx_word' id='word_1_617' title='bbox 3281 4280 3631 4338; x_wconf 85' lang='lat' dir='ltr'><strong>cognoscant.</strong></span> 
     </span>
    </p>
   </div>
   <div class='ocr_carea' id='block_1_89' title="bbox 2064 4357 3632 4432">
    <p class='ocr_par' dir='ltr' id='par_1_89' title="bbox 2064 4357 3632 4432">
     <span class='ocr_line' id='line_1_89' title="bbox 2064 4357 3632 4432; baseline 0.002 -18"><span class='ocrx_word' id='word_1_618' title='bbox 2064 4358 2223 4430; x_wconf 67' lang='lat'><strong>114</strong></span> <span class='ocrx_word' id='word_1_619' title='bbox 2253 4357 2520 4424; x_wconf 87' lang='lat' dir='ltr'><strong>Quoniam</strong></span> <span class='ocrx_word' id='word_1_620' title='bbox 2549 4373 2677 4413; x_wconf 90' lang='lat' dir='ltr'><strong>vero</strong></span> <span class='ocrx_word' id='word_1_621' title='bbox 2702 4358 2994 4425; x_wconf 77' lang='lat' dir='ltr'><strong>Meleiiani,</strong></span> <span class='ocrx_word' id='word_1_622' title='bbox 3025 4376 3148 4414; x_wconf 89' lang='lat' dir='ltr'><strong>cum</strong></span> <span class='ocrx_word' id='word_1_623' title='bbox 3182 4361 3249 4415; x_wconf 89' lang='lat' dir='ltr'><strong>de</strong></span> <span class='ocrx_word' id='word_1_624' title='bbox 3281 4360 3436 4432; x_wconf 87' lang='lat' dir='ltr'><strong>Syria</strong></span> <span class='ocrx_word' id='word_1_625' title='bbox 3473 4378 3632 4417; x_wconf 87' lang='lat' dir='ltr'><strong>vene-</strong></span> 
     </span>
    </p>
   </div>
   <div class='ocr_carea' id='block_1_90' title="bbox 391 4451 3632 4525">
    <p class='ocr_par' dir='ltr' id='par_1_90' title="bbox 391 4451 3632 4525">
     <span class='ocr_line' id='line_1_90' title="bbox 391 4451 3632 4525; baseline 0.002 -22"><span class='ocrx_word' id='word_1_626' title='bbox 391 4451 536 4519; x_wconf 91' lang='lat' dir='ltr'><strong>quod</strong></span> <span class='ocrx_word' id='word_1_627' title='bbox 567 4466 911 4521; x_wconf 89' lang='lat' dir='ltr'><strong>nequaquam</strong></span> <span class='ocrx_word' id='word_1_628' title='bbox 927 4466 993 4505; x_wconf 83' lang='lat' dir='ltr'><strong>ex</strong></span> <span class='ocrx_word' id='word_1_629' title='bbox 1018 4451 1188 4506; x_wconf 90' lang='lat' dir='ltr'><strong>nihilo</strong></span> <span class='ocrx_word' id='word_1_630' title='bbox 1204 4453 1429 4515; x_wconf 83' lang='lat' dir='ltr'><strong>exstitit,</strong></span> <span class='ocrx_word' id='word_1_631' title='bbox 1447 4454 1542 4507; x_wconf 88' lang='lat' dir='ltr'><strong>sed</strong></span> <span class='ocrx_word' id='word_1_632' title='bbox 1564 4469 1631 4508; x_wconf 83' lang='lat' dir='ltr'><strong>ex</strong></span> <span class='ocrx_word' id='word_1_633' title='bbox 1649 4452 1829 4511; x_wconf 85' lang='lat' dir='ltr'><strong>Patre.</strong></span> <span class='ocrx_word' id='word_1_634' title='bbox 1846 4454 1953 4509; x_wconf 80' lang='lat' dir='ltr'><strong>Res</strong></span> <span class='ocrx_word' id='word_1_635' title='bbox 1992 4470 2037 4525; x_wconf 83' lang='grc' dir='ltr'><strong>ι)</strong></span> <span class='ocrx_word' id='word_1_636' title='bbox 2065 4461 2212 4515; x_wconf 89' lang='lat' dir='ltr'><strong>runt,</strong></span> <span class='ocrx_word' id='word_1_637' title='bbox 2245 4452 2455 4520; x_wconf 86' lang='lat' dir='ltr'><strong>gloriati</strong></span> <span class='ocrx_word' id='word_1_638' title='bbox 2502 4461 2632 4505; x_wconf 92' lang='lat' dir='ltr'><strong>sunt</strong></span> <span class='ocrx_word' id='word_1_639' title='bbox 2676 4452 2730 4507; x_wconf 92' lang='lat' dir='ltr'><strong>id</strong></span> <span class='ocrx_word' id='word_1_640' title='bbox 2763 4454 3066 4507; x_wconf 88' lang='lat' dir='ltr'><strong>obtinuisse</strong></span> <span class='ocrx_word' id='word_1_641' title='bbox 3088 4492 3104 4516; x_wconf 90' lang='lat'><strong>,</strong></span> <span class='ocrx_word' id='word_1_642' title='bbox 3135 4454 3281 4523; x_wconf 89' lang='lat' dir='ltr'><strong>quod</strong></span> <span class='ocrx_word' id='word_1_643' title='bbox 3313 4454 3543 4509; x_wconf 86' lang='lat' dir='ltr'><strong>minime</strong></span> <span class='ocrx_word' id='word_1_644' title='bbox 3568 4455 3632 4509; x_wconf 91' lang='lat' dir='ltr'><strong>ad</strong></span> 
     </span>
    </p>
   </div>
   <div class='ocr_carea' id='block_1_91' title="bbox 391 4544 1958 4617">
    <p class='ocr_par' dir='ltr' id='par_1_91' title="bbox 391 4544 1958 4617">
     <span class='ocr_line' id='line_1_91' title="bbox 391 4544 1958 4617; baseline 0.004 -21"><span class='ocrx_word' id='word_1_645' title='bbox 391 4544 536 4597; x_wconf 89' lang='lat' dir='ltr'><strong>enim</strong></span> <span class='ocrx_word' id='word_1_646' title='bbox 560 4558 688 4598; x_wconf 85' lang='lat' dir='ltr'><strong>vero</strong></span> <span class='ocrx_word' id='word_1_647' title='bbox 714 4545 913 4614; x_wconf 88' lang='lat' dir='ltr'><strong>gaudio</strong></span> <span class='ocrx_word' id='word_1_648' title='bbox 939 4544 1100 4615; x_wconf 91' lang='lat' dir='ltr'><strong>digna</strong></span> <span class='ocrx_word' id='word_1_649' title='bbox 1127 4546 1141 4599; x_wconf 88' lang='lat'><strong>!</strong></span> <span class='ocrx_word' id='word_1_650' title='bbox 1180 4546 1525 4616; x_wconf 86' lang='lat' dir='ltr'><strong>triumphalis</strong></span> <span class='ocrx_word' id='word_1_651' title='bbox 1562 4562 1755 4617; x_wconf 92' lang='lat' dir='ltr'><strong>nempe</strong></span> <span class='ocrx_word' id='word_1_652' title='bbox 1787 4549 1958 4602; x_wconf 87' lang='lat' dir='ltr'><strong>victo-</strong></span> 
     </span>
    </p>
   </div>
   <div class='ocr_carea' id='block_1_92' title="bbox 392 4635 1956 4707">
    <p class='ocr_par' dir='ltr' id='par_1_92' title="bbox 392 4635 1956 4707">
     <span class='ocr_line' id='line_1_92' title="bbox 392 4635 1956 4707; baseline 0.002 -19"><span class='ocrx_word' id='word_1_653' title='bbox 392 4636 475 4689; x_wconf 89' lang='lat' dir='ltr'><strong>ria</strong></span> <span class='ocrx_word' id='word_1_654' title='bbox 515 4635 776 4690; x_wconf 89' lang='lat' dir='ltr'><strong>adversus</strong></span> <span class='ocrx_word' id='word_1_655' title='bbox 810 4644 1059 4699; x_wconf 88' lang='lat' dir='ltr'><strong>mortem,</strong></span> <span class='ocrx_word' id='word_1_656' title='bbox 1091 4645 1385 4705; x_wconf 85' lang='lat' dir='ltr'><strong>nostraque</strong></span> <span class='ocrx_word' id='word_1_657' title='bbox 1411 4638 1575 4692; x_wconf 90' lang='lat' dir='ltr'><strong>simul</strong></span> <span class='ocrx_word' id='word_1_658' title='bbox 1602 4639 1956 4707; x_wconf 87' lang='lat' dir='ltr'><strong>imputribili-</strong></span> 
     </span>
    </p>
   </div>
   <div class='ocr_carea' id='block_1_93' title="bbox 394 4725 1960 4798">
    <p class='ocr_par' dir='ltr' id='par_1_93' title="bbox 394 4725 1960 4798">
     <span class='ocr_line' id='line_1_93' title="bbox 394 4725 1960 4798; baseline 0.004 -20"><span class='ocrx_word' id='word_1_659' title='bbox 394 4736 501 4792; x_wconf 89' lang='lat' dir='ltr'><strong>tas,</strong></span> <span class='ocrx_word' id='word_1_660' title='bbox 525 4743 621 4796; x_wconf 89' lang='lat' dir='ltr'><strong>per</strong></span> <span class='ocrx_word' id='word_1_661' title='bbox 645 4725 981 4781; x_wconf 90' lang='lat' dir='ltr'><strong>Dominicum</strong></span> <span class='ocrx_word' id='word_1_662' title='bbox 1005 4727 1137 4781; x_wconf 92' lang='lat' dir='ltr'><strong>illud</strong></span> <span class='ocrx_word' id='word_1_663' title='bbox 1175 4743 1409 4798; x_wconf 82' lang='lat' dir='ltr'><strong>corpus:</strong></span> <span class='ocrx_word' id='word_1_664' title='bbox 1441 4730 1641 4783; x_wconf 87' lang='lat' dir='ltr'><strong>etenim</strong></span> <span class='ocrx_word' id='word_1_665' title='bbox 1672 4745 1737 4784; x_wconf 91' lang='lat' dir='ltr'><strong>eo</strong></span> <span class='ocrx_word' id='word_1_666' title='bbox 1771 4745 1960 4785; x_wconf 81' lang='lat' dir='ltr'><strong>resus-</strong></span> 
     </span>
    </p>
   </div>
   <div class='ocr_carea' id='block_1_94' title="bbox 391 4817 1959 4887">
    <p class='ocr_par' dir='ltr' id='par_1_94' title="bbox 391 4817 1959 4887">
     <span class='ocr_line' id='line_1_94' title="bbox 391 4817 1959 4887; baseline 0.001 -15"><span class='ocrx_word' id='word_1_667' title='bbox 391 4819 594 4882; x_wconf 91' lang='lat' dir='ltr'><strong>citato,</strong></span> <span class='ocrx_word' id='word_1_668' title='bbox 634 4817 814 4872; x_wconf 87' lang='lat' dir='ltr'><strong>futura</strong></span> <span class='ocrx_word' id='word_1_669' title='bbox 845 4818 1044 4887; x_wconf 90' lang='lat' dir='ltr'><strong>pariter</strong></span> <span class='ocrx_word' id='word_1_670' title='bbox 1068 4828 1255 4873; x_wconf 89' lang='lat' dir='ltr'><strong>nostra</strong></span> <span class='ocrx_word' id='word_1_671' title='bbox 1291 4821 1619 4873; x_wconf 87' lang='lat' dir='ltr'><strong>resurrectio</strong></span> <span class='ocrx_word' id='word_1_672' title='bbox 1649 4827 1733 4874; x_wconf 85' lang='lat' dir='ltr'><strong>est</strong></span> <span class='ocrx_word' id='word_1_673' title='bbox 1761 4838 1773 4873; x_wconf 89' lang='lat'><strong>:</strong></span> <span class='ocrx_word' id='word_1_674' title='bbox 1806 4836 1959 4875; x_wconf 91' lang='lat' dir='ltr'><strong>cum-</strong></span> 
     </span>
    </p>
   </div>
   <div class='ocr_carea' id='block_1_95' title="bbox 393 4907 1954 4980">
    <p class='ocr_par' dir='ltr' id='par_1_95' title="bbox 393 4907 1954 4980">
     <span class='ocr_line' id='line_1_95' title="bbox 393 4907 1954 4980; baseline -0.002 -15"><span class='ocrx_word' id='word_1_675' title='bbox 393 4925 499 4978; x_wconf 92' lang='lat' dir='ltr'><strong>que</strong></span> <span class='ocrx_word' id='word_1_676' title='bbox 541 4910 660 4980; x_wconf 92' lang='lat' dir='ltr'><strong>ejus</strong></span> <span class='ocrx_word' id='word_1_677' title='bbox 697 4924 894 4979; x_wconf 89' lang='lat' dir='ltr'><strong>corpus</strong></span> <span class='ocrx_word' id='word_1_678' title='bbox 938 4909 1303 4977; x_wconf 90' lang='lat' dir='ltr'><strong>corruptionis</strong></span> <span class='ocrx_word' id='word_1_679' title='bbox 1337 4910 1579 4962; x_wconf 89' lang='lat' dir='ltr'><strong>immune</strong></span> <span class='ocrx_word' id='word_1_680' title='bbox 1613 4907 1798 4972; x_wconf 89' lang='lat' dir='ltr'><strong>fuerit,</strong></span> <span class='ocrx_word' id='word_1_681' title='bbox 1835 4908 1954 4963; x_wconf 88' lang='lat' dir='ltr'><strong>sine</strong></span> 
     </span>
    </p>
   </div>
   <div class='ocr_carea' id='block_1_96' title="bbox 392 4998 1955 5069">
    <p class='ocr_par' dir='ltr' id='par_1_96' title="bbox 392 4998 1955 5069">
     <span class='ocr_line' id='line_1_96' title="bbox 392 4998 1955 5069; baseline -0.001 -14"><span class='ocrx_word' id='word_1_682' title='bbox 392 5002 559 5056; x_wconf 89' lang='lat' dir='ltr'><strong>dubio</strong></span> <span class='ocrx_word' id='word_1_683' title='bbox 598 5001 650 5055; x_wconf 90' lang='lat' dir='ltr'><strong>id</strong></span> <span class='ocrx_word' id='word_1_684' title='bbox 693 5008 893 5055; x_wconf 63' lang='lat' dir='ltr'><strong>nostra:</strong></span> <span class='ocrx_word' id='word_1_685' title='bbox 928 4999 1451 5069; x_wconf 84' lang='lat' dir='ltr'><strong>incorruptibilitatis</strong></span> <span class='ocrx_word' id='word_1_686' title='bbox 1492 5015 1655 5055; x_wconf 87' lang='lat' dir='ltr'><strong>causa</strong></span> <span class='ocrx_word' id='word_1_687' title='bbox 1685 5000 1763 5054; x_wconf 86' lang='lat' dir='ltr'><strong>ﬁt.</strong></span> <span class='ocrx_word' id='word_1_688' title='bbox 1802 4998 1955 5054; x_wconf 91' lang='lat' dir='ltr'><strong>Sicut</strong></span> 
     </span>
    </p>
   </div>
   <div class='ocr_carea' id='block_1_97' title="bbox 394 5089 1953 5161">
    <p class='ocr_par' dir='ltr' id='par_1_97' title="bbox 394 5089 1953 5161">
     <span class='ocr_line' id='line_1_97' title="bbox 394 5089 1953 5161; baseline 0 -15"><span class='ocrx_word' id='word_1_689' title='bbox 394 5103 574 5146; x_wconf 89' lang='lat' dir='ltr'><strong>autem</strong></span> <span class='ocrx_word' id='word_1_690' title='bbox 601 5102 820 5161; x_wconf 92' lang='lat' dir='ltr'><strong>propter</strong></span> <span class='ocrx_word' id='word_1_691' title='bbox 847 5108 1015 5148; x_wconf 89' lang='lat' dir='ltr'><strong>unum</strong></span> <span class='ocrx_word' id='word_1_692' title='bbox 1045 5092 1342 5155; x_wconf 88' lang='lat' dir='ltr'><strong>hominem,</strong></span> <span class='ocrx_word' id='word_1_693' title='bbox 1368 5100 1428 5144; x_wconf 94' lang='lat' dir='ltr'><strong>ut</strong></span> <span class='ocrx_word' id='word_1_694' title='bbox 1458 5091 1723 5145; x_wconf 89' lang='lat' dir='ltr'><strong>veraciter</strong></span> <span class='ocrx_word' id='word_1_695' title='bbox 1750 5089 1953 5146; x_wconf 91' lang='lat' dir='ltr'><strong>Paulus</strong></span> 
     </span>
    </p>
   </div>
   <div class='ocr_carea' id='block_1_98' title="bbox 394 5184 1958 5255">
    <p class='ocr_par' dir='ltr' id='par_1_98' title="bbox 394 5184 1958 5255">
     <span class='ocr_line' id='line_1_98' title="bbox 394 5184 1958 5255; baseline 0 -16"><span class='ocrx_word' id='word_1_696' title='bbox 394 5188 470 5240; x_wconf 87' lang='lat' dir='ltr'><strong>ait</strong></span> <span class='ocrx_word' id='word_1_697' title='bbox 490 5186 649 5255; x_wconf 76' lang='lat' dir='ltr'><strong>&quot;,jad</strong></span> <span class='ocrx_word' id='word_1_698' title='bbox 681 5201 872 5240; x_wconf 90' lang='lat' dir='ltr'><strong>omnes</strong></span> <span class='ocrx_word' id='word_1_699' title='bbox 902 5186 1151 5240; x_wconf 86' lang='lat' dir='ltr'><strong>homines</strong></span> <span class='ocrx_word' id='word_1_700' title='bbox 1183 5192 1465 5254; x_wconf 89' lang='lat' dir='ltr'><strong>peccatum</strong></span> <span class='ocrx_word' id='word_1_701' title='bbox 1501 5184 1740 5251; x_wconf 89' lang='lat' dir='ltr'><strong>transiit,</strong></span> <span class='ocrx_word' id='word_1_702' title='bbox 1779 5184 1859 5239; x_wconf 90' lang='lat' dir='ltr'><strong>sic</strong></span> <span class='ocrx_word' id='word_1_703' title='bbox 1889 5184 1958 5239; x_wconf 88' lang='lat' dir='ltr'><strong>ob</strong></span> 
     </span>
    </p>
   </div>
   <div class='ocr_carea' id='block_1_99' title="bbox 395 5264 1956 5330">
    <p class='ocr_par' dir='ltr' id='par_1_99' title="bbox 395 5264 1956 5330">
     <span class='ocr_line' id='line_1_99' title="bbox 395 5264 1956 5330; baseline 0.001 -3"><span class='ocrx_word' id='word_1_704' title='bbox 395 5275 609 5330; x_wconf 89' lang='lat' dir='ltr'><strong>Domini</strong></span> <span class='ocrx_word' id='word_1_705' title='bbox 647 5276 818 5330; x_wconf 90' lang='lat' dir='ltr'><strong>nostri</strong></span> <span class='ocrx_word' id='word_1_706' title='bbox 854 5264 1001 5330; x_wconf 46' lang='lat' dir='ltr'><strong>Jesu&#39;</strong></span> <span class='ocrx_word' id='word_1_707' title='bbox 1024 5273 1225 5330; x_wconf 88' lang='lat' dir='ltr'><strong>Christi</strong></span> <span class='ocrx_word' id='word_1_708' title='bbox 1263 5274 1718 5330; x_wconf 86' lang='lat' dir='ltr'><strong>resurrectionem</strong></span> <span class='ocrx_word' id='word_1_709' title='bbox 1763 5288 1956 5329; x_wconf 90' lang='lat' dir='ltr'><strong>omnes</strong></span> 
     </span>
    </p>
   </div>
   <div class='ocr_carea' id='block_1_100' title="bbox 2056 4543 3633 4613">
    <p class='ocr_par' dir='ltr' id='par_1_100' title="bbox 2056 4543 3633 4613">
     <span class='ocr_line' id='line_1_100' title="bbox 2056 4543 3633 4613; baseline 0.002 -16"><span class='ocrx_word' id='word_1_710' title='bbox 2056 4558 2150 4597; x_wconf 92' lang='lat' dir='ltr'><strong>eos</strong></span> <span class='ocrx_word' id='word_1_711' title='bbox 2176 4544 2475 4611; x_wconf 88' lang='lat' dir='ltr'><strong>spectabat,</strong></span> <span class='ocrx_word' id='word_1_712' title='bbox 2508 4543 2561 4596; x_wconf 90' lang='lat' dir='ltr'><strong>id</strong></span> <span class='ocrx_word' id='word_1_713' title='bbox 2594 4552 2676 4597; x_wconf 91' lang='lat' dir='ltr'><strong>est</strong></span> <span class='ocrx_word' id='word_1_714' title='bbox 2706 4558 2765 4597; x_wconf 86' lang='lat' dir='ltr'><strong>se</strong></span> <span class='ocrx_word' id='word_1_715' title='bbox 2804 4558 3024 4613; x_wconf 89' lang='lat' dir='ltr'><strong>quoque</strong></span> <span class='ocrx_word' id='word_1_716' title='bbox 3053 4545 3340 4598; x_wconf 62' lang='lat' dir='ltr'><strong>catholicae</strong></span> <span class='ocrx_word' id='word_1_717' title='bbox 3383 4545 3633 4601; x_wconf 78' lang='lat' dir='ltr'><strong>Ecclesia:</strong></span> 
     </span>
    </p>
   </div>
   <div class='ocr_carea' id='block_1_101' title="bbox 2057 4634 3731 4705">
    <p class='ocr_par' dir='ltr' id='par_1_101' title="bbox 2057 4634 3731 4705">
     <span class='ocr_line' id='line_1_101' title="bbox 2057 4634 3731 4705; baseline 0.001 -16"><span class='ocrx_word' id='word_1_718' title='bbox 2057 4635 2323 4704; x_wconf 86' lang='lat' dir='ltr'><strong>ascriptos</strong></span> <span class='ocrx_word' id='word_1_719' title='bbox 2376 4634 2568 4699; x_wconf 86' lang='lat' dir='ltr'><strong>fuisse,</strong></span> <span class='ocrx_word' id='word_1_720' title='bbox 2604 4634 2808 4689; x_wconf 87' lang='lat' dir='ltr'><strong>idcirco</strong></span> <span class='ocrx_word' id='word_1_721' title='bbox 2844 4635 2967 4688; x_wconf 91' lang='lat' dir='ltr'><strong>misi</strong></span> <span class='ocrx_word' id='word_1_722' title='bbox 3015 4636 3111 4688; x_wconf 90' lang='lat' dir='ltr'><strong>tibi</strong></span> <span class='ocrx_word' id='word_1_723' title='bbox 3156 4637 3432 4705; x_wconf 79' lang='lat' dir='ltr'><strong>exemplar</strong></span> <span class='ocrx_word' id='word_1_724' title='bbox 3474 4639 3635 4693; x_wconf 88' lang='lat' dir='ltr'><strong>unius</strong></span> <span class='ocrx_word' id='word_1_725' title='bbox 3726 4684 3731 4691; x_wconf 91' lang='lat'><strong>.</strong></span> 
     </span>
    </p>
   </div>
   <div class='ocr_carea' id='block_1_102' title="bbox 2055 4722 3630 4797">
    <p class='ocr_par' dir='ltr' id='par_1_102' title="bbox 2055 4722 3630 4797">
     <span class='ocr_line' id='line_1_102' title="bbox 2055 4722 3630 4797; baseline 0.001 -20"><span class='ocrx_word' id='word_1_726' title='bbox 2055 4723 2296 4792; x_wconf 72' lang='lat' dir='ltr'><strong>epistolae</strong></span> <span class='ocrx_word' id='word_1_727' title='bbox 2344 4722 2579 4785; x_wconf 54' lang='lat' dir='ltr'><strong>illorum,</strong></span> <span class='ocrx_word' id='word_1_728' title='bbox 2608 4723 2901 4777; x_wconf 85' lang='lat' dir='ltr'><strong>ministerii</strong></span> <span class='ocrx_word' id='word_1_729' title='bbox 2937 4725 3107 4779; x_wconf 84' lang='lat' dir='ltr'><strong>nostri</strong></span> <span class='ocrx_word' id='word_1_730' title='bbox 3151 4726 3509 4795; x_wconf 84' lang='lat' dir='ltr'><strong>collegarum,</strong></span> <span class='ocrx_word' id='word_1_731' title='bbox 3541 4727 3630 4797; x_wconf 87' lang='lat' dir='ltr'><strong>qui</strong></span> 
     </span>
    </p>
   </div>
   <div class='ocr_carea' id='block_1_103' title="bbox 2058 4813 3632 4890">
    <p class='ocr_par' dir='ltr' id='par_1_103' title="bbox 2058 4813 3632 4890">
     <span class='ocr_line' id='line_1_103' title="bbox 2058 4813 3632 4890; baseline 0.003 -21"><span class='ocrx_word' id='word_1_732' title='bbox 2058 4825 2186 4869; x_wconf 90' lang='lat' dir='ltr'><strong>sunt</strong></span> <span class='ocrx_word' id='word_1_733' title='bbox 2211 4815 2277 4868; x_wconf 85' lang='lat' dir='ltr'><strong>de</strong></span> <span class='ocrx_word' id='word_1_734' title='bbox 2303 4813 2617 4878; x_wconf 57' lang='lat' dir='ltr'><strong>Palaestina,</strong></span> <span class='ocrx_word' id='word_1_735' title='bbox 2648 4826 2707 4867; x_wconf 92' lang='lat' dir='ltr'><strong>ut</strong></span> <span class='ocrx_word' id='word_1_736' title='bbox 2736 4824 2790 4868; x_wconf 91' lang='lat' dir='ltr'><strong>tu</strong></span> <span class='ocrx_word' id='word_1_737' title='bbox 2826 4816 2927 4868; x_wconf 91' lang='lat' dir='ltr'><strong>hac</strong></span> <span class='ocrx_word' id='word_1_738' title='bbox 2953 4816 3092 4869; x_wconf 87' lang='lat' dir='ltr'><strong>lecta</strong></span> <span class='ocrx_word' id='word_1_739' title='bbox 3122 4833 3421 4888; x_wconf 85' lang='lat' dir='ltr'><strong>cognoscas</strong></span> <span class='ocrx_word' id='word_1_740' title='bbox 3468 4819 3632 4890; x_wconf 74' lang='lat' dir='ltr'><strong>hypo-</strong></span> 
     </span>
    </p>
   </div>
   <div class='ocr_carea' id='block_1_104' title="bbox 2058 4905 3634 4976">
    <p class='ocr_par' dir='ltr' id='par_1_104' title="bbox 2058 4905 3634 4976">
     <span class='ocr_line' id='line_1_104' title="bbox 2058 4905 3634 4976; baseline 0.001 -16"><span class='ocrx_word' id='word_1_741' title='bbox 2058 4907 2319 4960; x_wconf 88' lang='lat' dir='ltr'><strong>critarum</strong></span> <span class='ocrx_word' id='word_1_742' title='bbox 2364 4905 2579 4959; x_wconf 86' lang='lat' dir='ltr'><strong>illorum</strong></span> <span class='ocrx_word' id='word_1_743' title='bbox 2622 4905 2770 4960; x_wconf 88' lang='lat' dir='ltr'><strong>circa</strong></span> <span class='ocrx_word' id='word_1_744' title='bbox 2814 4905 2866 4959; x_wconf 90' lang='lat' dir='ltr'><strong>id</strong></span> <span class='ocrx_word' id='word_1_745' title='bbox 2911 4907 3180 4961; x_wconf 81' lang='lat' dir='ltr'><strong>fraudem.</strong></span> <span class='ocrx_word' id='word_1_746' title='bbox 3229 4905 3361 4960; x_wconf 82' lang='lat' dir='ltr'><strong>Nam</strong></span> <span class='ocrx_word' id='word_1_747' title='bbox 3390 4910 3542 4976; x_wconf 83' lang='lat' dir='ltr'><strong>quia,</strong></span> <span class='ocrx_word' id='word_1_748' title='bbox 3577 4919 3634 4962; x_wconf 86' lang='lat' dir='ltr'><strong>ut</strong></span> 
     </span>
    </p>
   </div>
   <div class='ocr_carea' id='block_1_105' title="bbox 2060 4995 3628 5072">
    <p class='ocr_par' dir='ltr' id='par_1_105' title="bbox 2060 4995 3628 5072">
     <span class='ocr_line' id='line_1_105' title="bbox 2060 4995 3628 5072; baseline 0.003 -23"><span class='ocrx_word' id='word_1_749' title='bbox 2060 5012 2223 5065; x_wconf 88' lang='lat' dir='ltr'><strong>supra</strong></span> <span class='ocrx_word' id='word_1_750' title='bbox 2248 4996 2379 5059; x_wconf 81' lang='lat' dir='ltr'><strong>dixi,</strong></span> <span class='ocrx_word' id='word_1_751' title='bbox 2412 5006 2582 5052; x_wconf 82' lang='lat' dir='ltr'><strong>semet</strong></span> <span class='ocrx_word' id='word_1_752' title='bbox 2609 4998 2908 5067; x_wconf 87' lang='lat' dir='ltr'><strong>jactahant,</strong></span> <span class='ocrx_word' id='word_1_753' title='bbox 2940 5013 3161 5052; x_wconf 90' lang='lat' dir='ltr'><strong>necesse</strong></span> <span class='ocrx_word' id='word_1_754' title='bbox 3194 4995 3297 5051; x_wconf 88' lang='lat' dir='ltr'><strong>fuit</strong></span> <span class='ocrx_word' id='word_1_755' title='bbox 3332 5007 3393 5051; x_wconf 94' lang='lat' dir='ltr'><strong>ut</strong></span> <span class='ocrx_word' id='word_1_756' title='bbox 3425 5002 3492 5053; x_wconf 90' lang='lat' dir='ltr'><strong>ad</strong></span> <span class='ocrx_word' id='word_1_757' title='bbox 3530 4998 3628 5072; x_wconf 63' lang='lat' dir='ltr'><strong>Syo</strong></span> 
     </span>
    </p>
   </div>
   <div class='ocr_carea' id='block_1_106' title="bbox 2061 5089 3628 5160">
    <p class='ocr_par' dir='ltr' id='par_1_106' title="bbox 2061 5089 3628 5160">
     <span class='ocr_line' id='line_1_106' title="bbox 2061 5089 3628 5160; baseline 0.001 -17"><span class='ocrx_word' id='word_1_758' title='bbox 2061 5091 2157 5144; x_wconf 71' lang='lat' dir='ltr'><strong>riae</strong></span> <span class='ocrx_word' id='word_1_759' title='bbox 2186 5091 2469 5160; x_wconf 85' lang='lat' dir='ltr'><strong>episcopos</strong></span> <span class='ocrx_word' id='word_1_760' title='bbox 2513 5091 2807 5144; x_wconf 88' lang='lat' dir='ltr'><strong>scriberem</strong></span> <span class='ocrx_word' id='word_1_761' title='bbox 2832 5106 2846 5154; x_wconf 91' lang='lat'><strong>;</strong></span> <span class='ocrx_word' id='word_1_762' title='bbox 2884 5091 3153 5159; x_wconf 88' lang='lat' dir='ltr'><strong>nobisque</strong></span> <span class='ocrx_word' id='word_1_763' title='bbox 3184 5090 3328 5144; x_wconf 91' lang='lat' dir='ltr'><strong>ill.co</strong></span> <span class='ocrx_word' id='word_1_764' title='bbox 3358 5089 3628 5146; x_wconf 74' lang='lat' dir='ltr'><strong>Palaestini</strong></span> 
     </span>
    </p>
   </div>
   <div class='ocr_carea' id='block_1_107' title="bbox 2066 5181 3627 5251">
    <p class='ocr_par' dir='ltr' id='par_1_107' title="bbox 2066 5181 3627 5251">
     <span class='ocr_line' id='line_1_107' title="bbox 2066 5181 3627 5251; baseline 0.001 -17"><span class='ocrx_word' id='word_1_765' title='bbox 2066 5182 2479 5251; x_wconf 85' lang='lat' dir='ltr'><strong>responderunt,</strong></span> <span class='ocrx_word' id='word_1_766' title='bbox 2508 5181 2772 5250; x_wconf 90' lang='lat' dir='ltr'><strong>judicium</strong></span> <span class='ocrx_word' id='word_1_767' title='bbox 2812 5183 2878 5235; x_wconf 89' lang='lat' dir='ltr'><strong>de</strong></span> <span class='ocrx_word' id='word_1_768' title='bbox 2923 5182 3027 5236; x_wconf 92' lang='lat' dir='ltr'><strong>illis</strong></span> <span class='ocrx_word' id='word_1_769' title='bbox 3059 5183 3262 5236; x_wconf 78' lang='lat' dir='ltr'><strong>editum</strong></span> <span class='ocrx_word' id='word_1_770' title='bbox 3301 5183 3627 5235; x_wconf 81' lang='lat' dir='ltr'><strong>confirman-</strong></span> 
     </span>
    </p>
   </div>
   <div class='ocr_carea' id='block_1_108' title="bbox 2065 5272 3625 5344">
    <p class='ocr_par' dir='ltr' id='par_1_108' title="bbox 2065 5272 3625 5344">
     <span class='ocr_line' id='line_1_108' title="bbox 2065 5272 3625 5344; baseline 0 -16"><span class='ocrx_word' id='word_1_771' title='bbox 2065 5285 2165 5341; x_wconf 88' lang='lat' dir='ltr'><strong>tes,</strong></span> <span class='ocrx_word' id='word_1_772' title='bbox 2194 5290 2291 5329; x_wconf 90' lang='lat' dir='ltr'><strong>ceu</strong></span> <span class='ocrx_word' id='word_1_773' title='bbox 2317 5283 2372 5327; x_wconf 92' lang='lat' dir='ltr'><strong>tu</strong></span> <span class='ocrx_word' id='word_1_774' title='bbox 2396 5289 2461 5327; x_wconf 79' lang='lat' dir='ltr'><strong>ex</strong></span> <span class='ocrx_word' id='word_1_775' title='bbox 2491 5274 2569 5328; x_wconf 89' lang='lat' dir='ltr'><strong>rei</strong></span> <span class='ocrx_word' id='word_1_776' title='bbox 2594 5275 2928 5344; x_wconf 76' lang='lat' dir='ltr'><strong>expositione</strong></span> <span class='ocrx_word' id='word_1_777' title='bbox 2953 5290 3268 5344; x_wconf 77' lang='lat' dir='ltr'><strong>cognosces.</strong></span> <span class='ocrx_word' id='word_1_778' title='bbox 3296 5272 3372 5328; x_wconf 84' lang='lat' dir='ltr'><strong>Ne</strong></span> <span class='ocrx_word' id='word_1_779' title='bbox 3402 5284 3457 5329; x_wconf 92' lang='lat' dir='ltr'><strong>tu</strong></span> <span class='ocrx_word' id='word_1_780' title='bbox 3486 5275 3625 5330; x_wconf 86' lang='lat' dir='ltr'><strong>enim</strong></span> 
     </span>
    </p>
   </div>
   <div class='ocr_carea' id='block_1_109' title="bbox 464 5447 1957 5522">
    <p class='ocr_par' dir='ltr' id='par_1_109' title="bbox 464 5451 1957 5522">
     <span class='ocr_line' id='line_1_109' title="bbox 464 5451 1957 5522; baseline -0.003 -15"><span class='ocrx_word' id='word_1_781' title='bbox 464 5455 507 5487; x_wconf 68' lang='grc' dir='ltr'><strong>δι</strong></span> <span class='ocrx_word' id='word_1_782' title='bbox 541 5453 683 5509; x_wconf 85' lang='lat' dir='ltr'><strong>Psal.</strong></span> <span class='ocrx_word' id='word_1_783' title='bbox 709 5468 860 5516; x_wconf 75' lang='lat' dir='ltr'><strong>XLIII,</strong></span> <span class='ocrx_word' id='word_1_784' title='bbox 887 5453 973 5509; x_wconf 90' lang='grc'><strong>18.</strong></span> <span class='ocrx_word' id='word_1_785' title='bbox 1048 5454 1093 5485; x_wconf 74' lang='grc'><strong>⁸⁵</strong></span> <span class='ocrx_word' id='word_1_786' title='bbox 1120 5452 1307 5522; x_wconf 80' lang='lat' dir='ltr'><strong>Matth.</strong></span> <span class='ocrx_word' id='word_1_787' title='bbox 1332 5468 1457 5514; x_wconf 74' lang='lat' dir='ltr'><strong>xxv,</strong></span> <span class='ocrx_word' id='word_1_788' title='bbox 1487 5451 1578 5520; x_wconf 77' lang='lat'><strong>‘21,</strong></span> <span class='ocrx_word' id='word_1_789' title='bbox 1601 5452 1692 5507; x_wconf 76' lang='lat'><strong>‘25.</strong></span> <span class='ocrx_word' id='word_1_790' title='bbox 1782 5453 1826 5485; x_wconf 70' lang='grc'><strong>’⁵⁸</strong></span> <span class='ocrx_word' id='word_1_791' title='bbox 1851 5452 1957 5508; x_wconf 74' lang='grc' dir='ltr'><strong>Αοι</strong></span> 
     </span>
    </p>
   </div>
   <div class='ocr_carea' id='block_1_110' title="bbox 2073 5447 3624 5522">
    <p class='ocr_par' dir='ltr' id='par_1_110' title="bbox 2082 5447 3624 5522">
     <span class='ocr_line' id='line_1_110' title="bbox 2082 5447 3624 5522; baseline 0.008 -19"><span class='ocrx_word' id='word_1_792' title='bbox 2082 5451 2173 5504; x_wconf 68' lang='grc'><strong>21.</strong></span> <span class='ocrx_word' id='word_1_793' title='bbox 2277 5450 2322 5481; x_wconf 71' lang='grc'><strong>⁸⁷</strong></span> <span class='ocrx_word' id='word_1_794' title='bbox 2347 5447 2494 5506; x_wconf 88' lang='lat' dir='ltr'><strong>Psal.</strong></span> <span class='ocrx_word' id='word_1_795' title='bbox 2529 5467 2591 5518; x_wconf 81' lang='grc' dir='ltr'><strong>ιι,</strong></span> <span class='ocrx_word' id='word_1_796' title='bbox 2625 5453 2681 5507; x_wconf 77' lang='grc'><strong>4.</strong></span> <span class='ocrx_word' id='word_1_797' title='bbox 2756 5451 2800 5483; x_wconf 66' lang='grc'><strong>⁸⁸</strong></span> <span class='ocrx_word' id='word_1_798' title='bbox 2828 5450 2957 5509; x_wconf 86' lang='lat' dir='ltr'><strong>Luc.</strong></span> <span class='ocrx_word' id='word_1_799' title='bbox 2977 5470 3112 5510; x_wconf 79' lang='lat' dir='ltr'><strong>mn</strong></span> <span class='ocrx_word' id='word_1_800' title='bbox 3154 5455 3243 5510; x_wconf 78' lang='lat'><strong>28.</strong></span> <span class='ocrx_word' id='word_1_801' title='bbox 3315 5455 3361 5488; x_wconf 77' lang='lat'>&quot;</span> <span class='ocrx_word' id='word_1_802' title='bbox 3386 5453 3551 5514; x_wconf 74' lang='lat' dir='ltr'><strong>Rom.</strong></span> <span class='ocrx_word' id='word_1_803' title='bbox 3572 5470 3624 5522; x_wconf 84' lang='lat' dir='ltr'><strong>v.</strong></span> 
     </span>
    </p>
   </div>
   <div class='ocr_carea' id='block_1_111' title="bbox 394 5521 2145 5591">
    <p class='ocr_par' dir='ltr' id='par_1_111' title="bbox 394 5521 2145 5591">
     <span class='ocr_line' id='line_1_111' title="bbox 394 5521 2145 5591; baseline -0.001 -15"><span class='ocrx_word' id='word_1_804' title='bbox 394 5526 481 5579; x_wconf 72' lang='lat'><strong>1&#39;2.</strong></span> <span class='ocrx_word' id='word_1_805' title='bbox 558 5527 604 5557; x_wconf 80' lang='grc' dir='ltr'><strong>⁵ο</strong></span> <span class='ocrx_word' id='word_1_806' title='bbox 631 5524 795 5578; x_wconf 88' lang='lat' dir='ltr'><strong>lCor.</strong></span> <span class='ocrx_word' id='word_1_807' title='bbox 824 5540 914 5591; x_wconf 68' lang='lat' dir='ltr'><strong>xv,</strong></span> <span class='ocrx_word' id='word_1_808' title='bbox 937 5524 1024 5578; x_wconf 77' lang='lat'><strong>53.</strong></span> <span class='ocrx_word' id='word_1_809' title='bbox 1098 5526 1142 5555; x_wconf 70' lang='grc' dir='ltr'><strong>ἰ</strong></span> <span class='ocrx_word' id='word_1_810' title='bbox 1167 5521 1325 5578; x_wconf 81' lang='lat' dir='ltr'><strong>Joau.</strong></span> <span class='ocrx_word' id='word_1_811' title='bbox 1350 5530 1423 5589; x_wconf 67' lang='lat' dir='ltr'><strong>ir,</strong></span> <span class='ocrx_word' id='word_1_812' title='bbox 1449 5524 1537 5577; x_wconf 76' lang='lat' dir='ltr'><strong>H.</strong></span> <span class='ocrx_word' id='word_1_813' title='bbox 1609 5524 1656 5554; x_wconf 83' lang='grc'><strong>⁵³</strong></span> <span class='ocrx_word' id='word_1_814' title='bbox 1684 5522 1829 5578; x_wconf 88' lang='lat' dir='ltr'><strong>Psal.</strong></span> <span class='ocrx_word' id='word_1_815' title='bbox 1855 5540 2021 5590; x_wconf 80' lang='lat' dir='ltr'><strong>cxvu,</strong></span> <span class='ocrx_word' id='word_1_816' title='bbox 2057 5522 2145 5575; x_wconf 70' lang='lat'><strong>24.</strong></span> 
     </span>
    </p>
   </div>
   <div class='ocr_carea' id='block_1_112' title="bbox 466 5635 1954 5708">
    <p class='ocr_par' dir='ltr' id='par_1_112' title="bbox 466 5635 1954 5708">
     <span class='ocr_line' id='line_1_112' title="bbox 466 5635 1954 5708; baseline 0.003 -19"><span class='ocrx_word' id='word_1_817' title='bbox 466 5638 577 5708; x_wconf 80' lang='grc'><strong>(71)</strong></span> <span class='ocrx_word' id='word_1_818' title='bbox 604 5636 778 5708; x_wconf 81' lang='lat' dir='ltr'><strong>Hujus</strong></span> <span class='ocrx_word' id='word_1_819' title='bbox 811 5636 1137 5708; x_wconf 86' lang='lat' dir='ltr'><strong>Serapionis</strong></span> <span class='ocrx_word' id='word_1_820' title='bbox 1155 5635 1409 5704; x_wconf 86' lang='lat' dir='ltr'><strong>epistolas</strong></span> <span class='ocrx_word' id='word_1_821' title='bbox 1431 5636 1657 5708; x_wconf 67' lang='lat' dir='ltr'><strong>Craécas</strong></span> <span class='ocrx_word' id='word_1_822' title='bbox 1687 5637 1824 5693; x_wconf 91' lang='lat' dir='ltr'><strong>duas</strong></span> <span class='ocrx_word' id='word_1_823' title='bbox 1856 5655 1954 5693; x_wconf 90' lang='lat' dir='ltr'><strong>nos</strong></span> 
     </span>
    </p>
   </div>
   <div class='ocr_carea' id='block_1_113' title="bbox 393 5706 1953 5776">
    <p class='ocr_par' dir='ltr' id='par_1_113' title="bbox 393 5706 1953 5776">
     <span class='ocr_line' id='line_1_113' title="bbox 393 5706 1953 5776; baseline -0.001 -14"><span class='ocrx_word' id='word_1_824' title='bbox 393 5720 521 5765; x_wconf 80' lang='lat' dir='ltr'><strong>ante</strong></span> <span class='ocrx_word' id='word_1_825' title='bbox 562 5706 664 5764; x_wconf 90' lang='lat' dir='ltr'><strong>hos</strong></span> <span class='ocrx_word' id='word_1_826' title='bbox 694 5706 883 5761; x_wconf 84' lang='lat' dir='ltr'><strong>annos</strong></span> <span class='ocrx_word' id='word_1_827' title='bbox 932 5706 1303 5776; x_wconf 86' lang='lat' dir='ltr'><strong>vulgavimus;</strong></span> <span class='ocrx_word' id='word_1_828' title='bbox 1361 5707 1594 5776; x_wconf 83' lang='lat' dir='ltr'><strong>priorem</strong></span> <span class='ocrx_word' id='word_1_829' title='bbox 1644 5709 1857 5765; x_wconf 86' lang='lat' dir='ltr'><strong>brevem</strong></span> <span class='ocrx_word' id='word_1_830' title='bbox 1900 5711 1953 5763; x_wconf 88' lang='lat' dir='ltr'><strong>in</strong></span> 
     </span>
    </p>
   </div>
   <div class='ocr_carea' id='block_1_114' title="bbox 2063 5636 3622 5711">
    <p class='ocr_par' dir='ltr' id='par_1_114' title="bbox 2063 5636 3622 5711">
     <span class='ocr_line' id='line_1_114' title="bbox 2063 5636 3622 5711; baseline 0.008 -23"><span class='ocrx_word' id='word_1_831' title='bbox 2063 5636 2234 5711; x_wconf 73' lang='lat' dir='ltr'><strong>Class.</strong></span> <span class='ocrx_word' id='word_1_832' title='bbox 2264 5636 2401 5704; x_wconf 84' lang='grc' dir='ltr'><strong>ΑΑ.,</strong></span> <span class='ocrx_word' id='word_1_833' title='bbox 2434 5637 2823 5711; x_wconf 39' lang='grc' dir='ltr'><strong>φηλγλβαε.</strong></span> <span class='ocrx_word' id='word_1_834' title='bbox 2857 5640 2960 5695; x_wconf 71' lang='grc'><strong>’562</strong></span> <span class='ocrx_word' id='word_1_835' title='bbox 2981 5659 2995 5708; x_wconf 89' lang='grc'><strong>;</strong></span> <span class='ocrx_word' id='word_1_836' title='bbox 3020 5641 3242 5695; x_wconf 89' lang='lat' dir='ltr'><strong>alteram</strong></span> <span class='ocrx_word' id='word_1_837' title='bbox 3270 5640 3435 5711; x_wconf 78' lang='lat' dir='ltr'><strong>libelli</strong></span> <span class='ocrx_word' id='word_1_838' title='bbox 3460 5640 3622 5700; x_wconf 78' lang='lat' dir='ltr'><strong>instar</strong></span> 
     </span>
    </p>
   </div>
   <div class='ocr_carea' id='block_1_115' title="bbox 2063 5708 3510 5782">
    <p class='ocr_par' dir='ltr' id='par_1_115' title="bbox 2063 5708 3510 5782">
     <span class='ocr_line' id='line_1_115' title="bbox 2063 5708 3510 5782; baseline 0.004 -22"><span class='ocrx_word' id='word_1_839' title='bbox 2063 5708 2327 5777; x_wconf 75' lang='lat' dir='ltr'><strong>prolixam</strong></span> <span class='ocrx_word' id='word_1_840' title='bbox 2362 5712 2413 5763; x_wconf 90' lang='lat' dir='ltr'><strong>in</strong></span> <span class='ocrx_word' id='word_1_841' title='bbox 2445 5708 2631 5778; x_wconf 78' lang='lat' dir='ltr'><strong>Spicil.</strong></span> <span class='ocrx_word' id='word_1_842' title='bbox 2670 5708 2844 5780; x_wconf 58' lang='grc' dir='ltr'><strong>Πυκνὶ,</strong></span> <span class='ocrx_word' id='word_1_843' title='bbox 2876 5721 3009 5768; x_wconf 92' lang='lat' dir='ltr'><strong>tom.</strong></span> <span class='ocrx_word' id='word_1_844' title='bbox 3042 5711 3128 5780; x_wconf 75' lang='grc' dir='ltr'><strong>ιν,</strong></span> <span class='ocrx_word' id='word_1_845' title='bbox 3160 5727 3280 5782; x_wconf 86' lang='lat' dir='ltr'><strong>pag.</strong></span> <span class='ocrx_word' id='word_1_846' title='bbox 3317 5710 3510 5766; x_wconf 70' lang='lat'><strong>45-67.</strong></span> 
     </span>
    </p>
   </div>
  </div>
