3812 6224
406 297 548 354 1415

979 294 1036 351 S.
1076 293 1458 350 ATHANASH
1500 292 1652 348 OPP.
1697 291 1881 348 PARS
1919 290 1984 346 ll.
2026 319 2098 332 -—
2125 289 2492 345 EPlSTOLAS
2535 285 3072 344 IIEORTASTICE.

3553 288 3692 344 “I6

405 428 508 484 est,
546 417 760 472 illorum
789 413 1133 471 contumeliae
1158 412 1226 467 ad
1253 413 1540 482 episcopos
1575 426 1750 481 usque
1778 410 1986 481 pcrtin—
2020 414 2059 470 Λ
2094 407 2188 465 Sic
2230 409 2317 463 ille
2342 448 2356 472 ,
2402 408 2496 477 qui
2548 407 2602 460 in
2650 404 2768 476 pari
2819 403 3070 474 pultestra
3111 401 3387 456 exercitus
3422 399 3551 460 fuit.
3587 402 3697 456 aie-
3737 469 3754 476 _

408 519 559 581 gunt.
590 507 742 562 Haud
774 506 976 561 idcirco
1023 514 1203 559 tamen
1232 503 1358 559 festi
1393 503 1596 558 oblivio
1628 517 1728 557 nos
1764 503 1944 571 capiat
1972 519 1986 567 ;

407 605 519 659 imo
557 603 730 672 magis
756 601 1124 664 recordemur,
1161 607 1322 669 atque
1365 597 1485 667 ejus
1526 595 1818 651 identidem
1847 610 1992 650 com-

406 695 858 751 memorationein
889 700 1070 746 mente
1095 705 1400 746 versemus.
1425 686 1679 744 Profecto
1708 702 1830 758 qua:
1864 687 1993 741 huic

406 788 583 844 festali
638 787 867 856 tempori
916 792 1260 854 congruunt,
1307 797 1371 837 ea
1422 781 1690 837 increduli
1740 780 1991 836 homines

405 880 630 933 minime
659 885 874 942 curant,
915 891 1150 946 quorum
1181 873 1435 929 universa
1465 873 1576 928 vita
1615 874 1884 929 ebrietate
1925 887 1992 927 ac

405 970 552 1025 vitiis
586 967 932 1023 consumitur
965 981 980 1019 τ
1019 981 1142 1036 qua:
1173 979 1304 1019 vero
1354 965 1457 1034 ipsi
1507 962 1645 1019 festa
1687 972 1890 1034 agunt,
1926 979 1990 1017 ea

405 1060 684 1115 tristitiam
723 1058 904 1127 potius
940 1072 1102 1126 quam
1146 1055 1405 1125 gaudium
1443 1055 1682 1124 pariunt.
1720 1054 1992 1108 thteruin

404 1154 550 1209 haud
602 1153 654 1206 hi
711 1164 1038 1221 magnopere
1085 1150 1244 1202 nobis
1286 1147 1503 1210 obsint,
1550 1147 1644 1216 qui
1683 1146 1850 1201 vitam
1902 1146 1993 1200 hic

402 1241 778 1297 transitoriam
827 1240 1094 1309 degimus.
1154 1237 1349 1291 Adhuc
1409 1245 1624 1304 tempus
1681 1249 1988 1305 supercsr:

403 1335 523 1390 haec
559 1349 688 1389 vero
727 1333 986 1387 eveniunt
1018 1330 1264 1384 exercitii
1309 1329 1783 1399 cxperimentique
1816 1327 1992 1382 nostri

404 1443 606 1495 causa,
636 1436 694 1480 ut
716 1424 978 1494 comperti
1009 1421 1229 1476 stabiles
1259 1419 1580 1490 probatique
1602 1419 1742 1472 servi
1767 1417 1989 1482 Christi,

405 1530 722 1576 sanctorum
761 1515 1103 1571 ~lizereditatis
1150 1512 1244 1566 filii
1294 1511 1488 1566 simus.
1530 1507 1799 1579 Namque,
1831 1519 1890 1562 ut
1919 1509 1995 1562 ait

404 1611 577 1666 anus
602 1612 648 1644 ⁵³
677 1651 691 1675 ,
727 1629 745 1661 ‹
785 1609 1020 1663 Mundus
1072 1607 1366 1661 universus
1399 1602 1715 1657 tentationis
1758 1600 1992 1656 stadium

405 1713 492 1760 est
529 1703 815 1758 terriculis.
851 1722 869 1753 ι
905 1700 1214 1754 Probantur
1250 1705 1433 1751 autem
1475 1693 1769 1765 (homines)
1799 1695 1852 1748 in
1889 1693 1994 1746 hoc

406 1797 613 1850 mundo
647 1795 903 1866 gravibus
933 1791 1284 1857 molestisque
1317 1788 1705 1853 anxietatibus,
1732 1795 1790 1840 ut
1824 1801 1994 1840 unus-

407 1885 641 1954 quisque
669 1883 887 1951 dignam
914 1879 1086 1938 a..Deo
1119 1880 1352 1948 accipiat
1378 1878 1706 1932 mercedem.
1738 1876 1828 1930 Sic
1848 1876 1996 1930 enim

407 1992 506 2047 per
537 1974 854 2044 prophetam
882 1973 1020 2026 dixit
1045 1971 1091 2002 ”
1122 1987 1134 2022 :
1171 1971 1333 2040 118
1355 1987 1372 2020 ‹
1409 1969 1521 2038 Ego
1554 1967 1819 2021 Dominus
1849 1981 1998 2020 scru-

410 2076 535 2121 tans
584 2065 770 2130 corda,
801 2072 855 2116 et
886 2064 1160 2132 vestigans
1193 2076 1384 2124 renes,
1421 2067 1481 2112 ut
1528 2057 1652 2112 dem
1699 2055 1998 2124 unicuique

407 2160 562 2230 juxta
602 2158 718 2211 vias
747 2171 895 2210 suas.
933 2173 952 2206 ›

483 2251 537 2305 2.
567 2249 742 2303 Remo
786 2262 918 2302 sane
965 2245 1094 2300 dum
1139 2243 1514 2314 experimento
1547 2241 1829 2312 probatur,
1865 2240 1994 2310 quid

410 2344 517 2402 sibi
570 2348 890 2397 eventurum
932 2337 1004 2393 sit
1048 2353 1156 2390 non
1202 2335 1527 2406 prmnoscit;
1569 2334 1666 2390 sed
1698 2335 1995 2403 generatim

409 2445 624 2490 tantum
666 2438 791 2485 ante
824 2427 1153 2484 sententiam
1197 2426 1364 2480 latam
1408 2433 1687 2496 agnoscet.
1720 2420 2001 2477 Verumta-

410 2542 537 2582 men
567 2526 746 2579 bonus
774 2530 938 2590 atque
967 2529 1183 2573 amator
1212 2517 1497 2572 hominum
1530 2515 1718 2585 (Deus)
1753 2515 1998 2584 singulos

410 2633 514 2690 pro
543 2630 769 2686 operum
804 2611 1016 2668 meritis
1044 2609 1519 2674 remunerabitur;
1559 2623 1670 2677 quo
1697 2607 1757 2660 fit
1794 2615 1852 2660 ut
1882 2622 2002 2676 pas-

413 2712 515 2766 sim
547 2709 780 2780 quisque
805 2706 985 2761 dicere
1009 2704 1180 2757 soleat
1207 2720 1220 2754 :
1247 2700 1462 2755 Justum
1491 2707 1573 2754 est
1596 2698 1689 2752 Dei
1709 2696 1996 2766 judicium,

413 2802 557 2858 sicut
578 2800 740 2854 etiam
769 2796 1037 2866 Propheta
1066 2796 1141 2847 ait
1163 2794 1208 2824 ⁸⁸
1238 2813 1250 2847 ;
1286 2810 1304 2843 ι
1331 2791 1593 2846 Dominus
1622 2789 1767 2859 quod
1789 2788 1997 2858 justum

413 2903 499 2949 cst
532 2891 778 2962 inquirit,
821 2899 874 2944 et
905 2895 1180 2943 scrutatur
1219 2901 1399 2940 renes.
1435 2903 1452 2935 ι
1491 2883 1782 2952 Propterea
1819 2880 2000 2951 singil-

414 2987 567 3042 latim
608 3000 707 3040 nos
752 2983 1008 3051 vestigat,
1046 2980 1130 3034 vel
1175 2987 1234 3033 ut
1276 2979 1343 3032 iis
1375 2978 1468 3048 qui
1514 2993 1626 3030 non
1668 2975 1995 3044 intelligunt,

415 3077 796 3134 manifestetur
835 3075 1008 3128 virtus
1039 3074 1107 3127 ab
1155 3072 1262 3125 illis
1290 3086 1526 3140 quorum
1568 3069 1627 3123 fit
1657 3067 1998 3136 experimen-

415 3183 554 3239 tum,
586 3179 746 3242 prout
773 3168 910 3224 Jobo
955 3167 1159 3222 dictum
1189 3165 1291 3220 fuit
1324 3165 1411 3218 ":
1443 3181 1462 3214 ι
1496 3161 1758 3216 Credisne
1801 3170 1999 3214 memet

414 3267 514 3320 tibi
543 3264 779 3333 denique
808 3259 1208 3323 manifestasse,
1250 3266 1310 3312 ut
1345 3266 1398 3311 tu
1425 3257 1607 3327 justus
1636 3254 1934 3326 appareas?
1972 3273 1992 3308 ι

417 3356 515 3412 Vel
548 3357 692 3426 quod
724 3355 815 3409 ubi
855 3354 1073 3424 propria
1100 3366 1274 3422 .opera
1304 3349 1658 3420 inspexerint,
1689 3345 1998 3417 cujusmodi

415 3450 622 3505 fuerint
667 3447 904 3518 agnituri
957 3446 1105 3512 sint;
1146 3445 1376 3514 ideoque
1419 3458 1449 3496 a
1495 3441 1703 3495 malitia
1741 3455 1840 3495 sua
1873 3440 2001 3493 resi-

415 3542 648 3611 piscent,
679 3547 772 3592 aut
808 3538 863 3590 in
905 3551 1032 3590 vera
1066 3535 1170 3589 fide
1198 3533 1513 3588 manebunt.
1550 3531 1770 3586 Interim
1808 3531 2001 3585 beatis-

417 3632 592 3687 simus
619 3629 844 3693 Paulus,
881 3628 1009 3681 dum
1057 3625 1323 3695 angustiis
1356 3630 1714 3693 premeretur,
1745 3635 2002 3690 persecu-

417 3727 642 3789 tionem,
669 3721 890 3784 famem,
927 3721 1186 3788 sitimque
1220 3723 1517 3786 pateretur,
1552 3712 1808 3768 omnibus
1840 3727 2002 3780 supe-

417 3820 533 3873 rior
594 3825 715 3872 erat
772 3831 869 3885 per
913 3811 1100 3867 Jesum
1147 3809 1428 3864 Christum
1476 3807 1572 3876 qui
1629 3807 1816 3885 dilexit
1875 3821 1997 3861 nos.

418 3909 730 3964 Patiebatur
763 3883 816 3959 in
862 3905 1078 3958 infirmo
1107 3914 1366 3970 corpore,
1398 3897 1685 3963 credebat,
1727 3883 1999 3966 sperabat,

419 4014 582 4072 atque
614 4001 686 4054 ita
710 4000 902 4068 spiritu
936 3995 1322 4060 roborabatur,
1349 3992 1638 4060 virtusque
1681 3989 1802 4059 ejus
1841 3989 1896 4042 in
1925 3989 2005 4042 in-

420 4094 675 4149 firmitate
702 4091 1107 4161 perficiebatur.

491 4189 544 4242 5.
587 4185 781 4240 Caeteri
819 4197 1036 4253 quoque
1078 4178 1254 4235 sancti
1298 4177 1592 4243 homines,
1639 4175 1750 4230 Deo
1796 4175 2004 4245 pariter

419 4279 776 4343 confidentes,
803 4275 1177 4346 probationem
1215 4273 1358 4325 hanc
1393 4285 1517 4325 cum
1550 4269 1748 4340 gaudio
1774 4269 2004 4336 excipie-

419 4373 571 4434 bant,
601 4385 661 4425 ut
700 4369 870 4424 Johns
911 4366 1090 4421 aiebat
1124 4365 1167 4396 ⁵⁷
1197 4382 1211 4419 :
1245 4381 1263 4415 ‹
1297 4362 1380 4417 Sit
1406 4377 1605 4418 nomen
1643 4361 1863 4416 Domini
1910 4363 2004 4416 be-

421 4466 718 4519 nedictum.
763 4482 781 4514 ι
811 4461 1104 4516 Psalmista
1151 4458 1280 4512 item
1321 4458 1367 4488 ⁵⁸

420 4558 589 4620 mine,
632 4564 686 4609 ct
733 4563 876 4608 tenta
925 4567 1042 4617 me;
1100 4559 1345 4606 scrutare
1377 4527 1478 4604 cor
1526 4563 1710 4604 meum
1752 4557 1806 4604 et
1846 4563 2004 4604 renes

421 4663 592 4702 meos.
631 4666 649 4698 ›
682 4645 893 4714 Reapse
937 4643 1153 4698 virtutis
1185 4641 1436 4711 probatio
1475 4642 1702 4712 ignavos
1733 4640 2002 4708 coarguit.

426 4741 586 4811 119
609 4738 974 4805 Quamobrem
1006 4736 1160 4806 gnari
1195 4735 1299 4804 ipsi
1337 4743 1547 4803 quanta
1580 4734 1732 4788 ﬁeret
1754 4734 2005 4803 purgatio

421 4845 475 4888 et
515 4834 719 4887 utilitas
745 4832 813 4885 ab
841 4831 965 4899 igne
1000 4828 1209 4892 divino,
1239 4828 1292 4880 in
1315 4825 1583 4896 ejusmodi
1610 4827 2006 4880 tentationibus

423 4927 667 4981 animum
701 4939 807 4978 non
844 4920 1274 4991 despondebant,
1309 4920 1420 4972 imo
1451 4926 1504 4973 et
1556 4917 1754 4973 fortius
1785 4927 2005 4987 persta-

422 5020 576 5082 bant,
607 5016 928 5072 dctrimenta
964 5012 1249 5082 patientes,
1276 5010 1442 5066 nullis
1477 5010 1698 5066 casibus
1729 5011 1924 5078 territi,
1953 5020 2007 5066 et

424 5120 686 5180 tanquam
739 5097 934 5162 aurum
981 5121 1049 5160 ex
1099 5105 1222 5176 igne
1263 5105 1658 5174 splendidiores
1689 5104 2002 5174 prodibant.

495 5230 540 5260 ⁵³
570 5228 672 5283 Job
699 5245 794 5293 vn,
833 5228 884 5282 l.
994 5226 1041 5259 ⁸⁸
1064 5224 1173 5279 Jer.
1201 5243 1333 5289 xvn,
1361 5225 1448 5280 lO.
1560 5226 1604 5258 ⁵⁵
1631 5225 1776 5283 Psal.
1805 5248 1900 5294 VII,
1937 5230 2023 5284 10.

425 5301 470 5332 ⁸³
501 5299 644 5352 Psal.
674 5317 782 5362 XVI,
811 5300 862 5364 5,
893 5299 946 5354 4.
989 5343 1002 5368 ι
1039 5298 1083 5328 ⁶⁰
1113 5297 1156 5349 ΙΙ
1189 5299 1314 5352 Cor.
1349 5297 1565 5364 Xll,10.

425 5388 508 5437 ιιι,
531 5372 727 5425 27452.

497 5487 609 5557 (84)
641 5485 864 5540 Mirum!
895 5483 1003 5540 Nos
1046 5485 1098 5539 in
1146 5485 1310 5555 hujus
1353 5485 1691 5540 collectionis
1737 5492 1885 5557 tomo
1918 5483 1993 5549 ll,
2052 5548 2054 5550 ν

426 5555 551 5628 pag.
576 5557 714 5628 _495,
756 5558 1116 5621 fragmentum
1151 5558 1496 5628 edideramus
1524 5555 1998 5628 iexgcodieeqno-

426 5623 550 5682 dum
575 5626 837 5680 Vaticano
866 5638 1163 5695 sumptum,
1191 5641 1314 5680 cum
1343 5627 1500 5680 titulo
1522 5624 1628 5678 Τοῦ
1655 5625 1808 5693 ἁγίου
1845 5623 1995 5676 ’Λθαο
2018 5675 2032 5690 ,

428 5697 610 5750 νασίου
641 5698 704 5748 ἐκ
730 5697 828 5766 τῆς
859 5703 923 5764 ιγ’
957 5696 1259 5766 ἐπιστολῆςς
1297 5697 1469 5749 sancti
1502 5697 1779 5766 Athanasii
1822 5710 1886 5747 ea:
1930 5695 1993 5747 15

428 5766 672 5836 epistola,
708 5765 892 5836 ibique
933 5766 988 5820 in
1031 5765 1383 5823 adnotatione
1419 5767 1678 5834 suspicati
1714 5765 1993 5822 fueramus

2093 503 2185 556 bat
2217 503 2262 541 ⁸³
2294 522 2305 554 :
2337 519 2355 550 ι
2387 498 2636 554 Probasti
2681 514 2778 553 cor
2803 511 3007 560 meum,
3035 505 3089 548 et
3113 493 3348 549 visitain
3374 501 3574 561 nocte;
3616 509 3705 548 ve-
3749 486 3759 498 ’

2095 593 2330 663 stigasti,
2377 601 2432 647 et
2478 591 2613 645 nihil
2647 589 2701 644 in
2740 605 2826 644 me
2853 589 3103 658 iniquum
3147 585 3441 656 reperisti;
3486 593 3548 638 ut
3597 600 3708 640 non

2094 684 2351 754 loquatur
2393 699 2456 738 os
2502 697 2686 737 meum
2730 696 2896 752 opera
2943 680 3253 734 hominum.
3295 697 3315 730 ι
3345 681 3418 732 At
3465 678 3547 732 illi
3618 681 3707 749 qui

2095 777 2388 848 illegitimis
2419 775 2667 830 moribus
2711 784 2860 838 sunt,
2901 773 3029 843 quia
3070 771 3206 826 nihil
3239 771 3347 827 nisi
3381 774 3705 831 comedere,

2094 881 2318 942 potare,
2364 885 2429 926 ac
2478 870 2638 934 mori,
2699 868 2975 939 cogitant,
3022 865 3352 920 tentationes
3401 863 3704 934 praecipitiu

2095 967 2267 1021 instar
2317 972 2593 1034 reputant.
2645 960 2711 1015 lli
2759 960 3021 1015 nimirum
3063 957 3327 1013 facile.in
3368 953 3702 1026 hujusmodi

2095 1059 2314 1114 casibus
2339 1064 2599 1112 corrucnt
2627 1072 2642 1110 :
2669 1062 2724 1108 et
2759 1053 2886 1123 quia
2932 1053 2985 1106 in
3022 1051 3128 1106 fide
3154 1065 3265 1105 non
3299 1058 3430 1106 sunt
3455 1046 3700 1117 probati,

2096 1150 2332 1219 reprobo
2372 1146 2562 1202 sensui
2609 1161 2667 1201 se
2699 1145 2933 1208 tradent,
2968 1151 3022 1198 et
3062 1141 3279 1212 flagitiis
3312 1151 3484 1194 semet
3518 1139 3702 1208 inqui-

2098 1243 2327 1296 nabunt.
2371 1239 2494 1295 Ideo
2526 1239 2880 1294 beatissimus
2907 1236 3111 1290 Paulus
3135 1235 3201 1289 ad
3230 1233 3506 1304 ejusmodi
3535 1248 3700 1286 exer-

2095 1334 2221 1389 citia
2254 1349 2352 1388 nos
2381 1333 2604 1395 excitat,
2634 1346 2802 1401 seque
2835 1328 3080 1400 apprime
3114 1331 3168 1381 in
3199 1329 3514 1396 exemplum
3560 1341 3700 1396 prae-

2095 1425 2206 1488 bet,
2243 1425 2434 1480 dicens
2460 1426 2504 1456 ⁶⁰
2535 1443 2548 1478 :
2588 1443 2605 1475 ι
2635 1423 2930 1494 Propterea
2975 1423 3258 1490 angustias
3280 1429 3410 1490 opto
3450 1419 3570 1491 (Gr.
3606 1420 3701 1472 εὐ-

2094 1515 2256 1586 δοκῶ)
2308 1525 2362 1570 et
2407 1514 2774 1569 infirmitates.
2809 1533 2826 1564 ι
2865 1513 3138 1580 Additque
3171 1529 3187 1566 :
3227 1530 3246 1562 ί
3300 1510 3512 1564 Exerce
3556 1519 3610 1564 te
3646 1511 3702 1562 in

2097 1610 2294 1664 timore
2321 1608 2538 1662 Domini
2561 1608 2627 1661 δι.
2661 1627 2680 1658 ι
2704 1606 2923 1662 Sciebat
2944 1606 3088 1659 enim
3129 1620 3268 1675 quas
3305 1602 3545 1659 fuissent
3581 1613 3702 1657 ten-

2098 1701 2334 1755 tationes
2382 1697 2628 1770 perpessi
2674 1697 2710 1750 ii
2759 1699 2852 1767 qui
2902 1698 2958 1750 in
3008 1699 3204 1751 timore
3246 1694 3467 1750 Domini
3513 1695 3705 1748 vivere

2103 1795 2515 1850 constituerant.
2550 1793 2726 1862 Atque
2773 1800 2832 1846 ut
2879 1791 2965 1846 sui
3003 1789 3258 1860 discipuli
3302 1790 3358 1842 in
3401 1788 3488 1842 his
3539 1802 3705 1842 exer-

2103 1893 2377 1944 cerentur,
2400 1883 2623 1954 optabat
2653 1884 2769 1953 ipse
2791 1882 3022 1946 labores,
3052 1892 3271 1951 propter
3303 1881 3562 1933 timorem
3600 1877 3704 1932 Do-

2103 1976 2270 2041 mini;
2300 1986 2360 2031 ut
2403 1975 2794 2030 tentationibus
2841 1973 3384 2043 supervenientibus,
3420 1979 3476 2026 et
3522 1986 3704 2042 angu-

2104 2067 2225 2121 stiis
2275 2067 2691 2136 ingruentibus,
2746 2074 3004 2136 tanquam
3046 2064 3253 2134 experti
3299 2063 3561 2117 homines
3607 2077 3704 2116 eas

2105 2157 2263 2214 facile
2309 2145 2623 2212 tolerarent.
2669 2155 2805 2210 Nam
2851 2157 2946 2226 qui
2997 2157 3240 2210 animum
3291 2171 3457 2210 suum
3507 2155 3566 2207 in
3616 2154 3702 2208 his

2105 2260 2356 2324 occupat,
2388 2249 2786 2306 consuetudine
2814 2250 2932 2319 ipsa
2968 2250 3022 2303 fit
3056 2249 3288 2303 interius
3316 2248 3531 2317 peritus
3561 2245 3699 2319 (84).

2105 2344 2245 2399 Hinc
2274 2343 2576 2398 beatissimi
2619 2350 2918 2413 martyres,
2948 2357 3073 2396 cum
3110 2357 3168 2396 se
3211 2342 3280 2395 ab
3309 2341 3471 2394 initio
3500 2355 3702 2394 agrum-

2105 2434 2191 2489 nis
2240 2431 2683 2496 assuefecissent,
2725 2441 2949 2501 repente
2992 2432 3320 2485 exstiterunt
3367 2428 3602 2499 perfecti
3649 2428 3701 2480 in

2104 2525 2349 2590 Christo,
2385 2533 2441 2578 et
2485 2524 2842 2594 ignominiam
2882 2522 3042 2592 120
3073 2522 3321 2592 corporis
3354 2521 3600 2575 teruncii
3632 2517 3701 2573 fe-

2105 2628 2319 2682 cerunt,
2361 2617 2487 2687 quia
2522 2625 2798 2687 speratam
2827 2617 3070 2686 requiem
3095 2615 3329 2669 intentis
3363 2615 3544 2669 oculis
3577 2629 3701 2684 pro-

2106 2711 2430 2781 spiciebant.

2175 2803 2228 2858 4.
2257 2801 2452 2858 Cuncti
2479 2811 2661 2858 autem
2697 2801 2793 2871 qui
2850 2801 3271 2872 promulgarunt
3319 2799 3552 2854 nomina
3603 2814 3700 2853 sua

2106 2911 2272 2966 super
2300 2903 2501 2949 terram
2532 2895 2576 2926 ⁶²
2597 2934 2612 2960 ,
2641 2903 2694 2949 et
2723 2909 2957 2964 quorum
2993 2909 3122 2948 cura
3143 2893 3222 2951 ad
3260 2892 3404 2963 ligna
3434 2900 3491 2946 et
3527 2893 3697 2961 stipu-

2105 2987 2187 3042 las
2217 2987 2546 3057 herbasque,
2576 3001 2630 3041 et
2657 2986 2846 3058 (idola)
2873 2987 2957 3041 his
2987 2986 3187 3041 similia
3207 3027 3223 3052 ,
3259 3000 3530 3041 conversa
3562 2994 3702 3046 erat.

2106 3080 2161 3134 hi
2190 3094 2559 3133 mrumnarum
2593 3079 2882 3148 inexperti,
2911 3094 2942 3133 a
2971 3079 3236 3133 caelorum
3271 3092 3442 3147 regno
3476 3092 3539 3131 se
3570 3078 3702 3131 aba-

2105 3173 2397 3227 lienarunt.
2451 3169 2608 3237 Quod
2659 3171 2706 3225 si
2736 3179 2925 3226 contra
2952 3170 3277 3232 scivissem,
3314 3170 3384 3222 ab
3428 3169 3702 3238 angustiis

2104 3263 2422 3335 patientiam
2455 3263 2640 3332 perfici
2666 3302 2686 3326 ,
2708 3277 2738 3315 a
2764 3263 3024 3332 patientia
3054 3261 3167 3315 fieri
3195 3261 3607 3331 probationem,
3642 3276 3702 3314 ex

2106 3355 2424 3426 probatione
2472 3371 2621 3425 spem
2657 3355 2830 3418 oriri,
2894 3368 3046 3423 spem
3100 3354 3337 3423 denique
3379 3369 3488 3406 non
3533 3354 3702 3422 pude-

2108 3447 2327 3516 facere;
2387 3449 2441 3502 hi
2491 3464 2624 3504 sane
2672 3447 3090 3502 exercitationes
3151 3447 3274 3500 illas
3325 3447 3703 3514 adamassent,

2106 3540 2335 3596 Paulum
2355 3541 2632 3594 imitantes
2655 3539 2745 3608 qui
2771 3537 2936 3592 ait“:
2959 3556 2976 3588 ι
3005 3536 3250 3608 Subjugo
3264 3553 3464 3606 corpus
3491 3553 3702 3599 meum,

2110 3642 2164 3689 et
2193 3634 2246 3688 in
2272 3634 2590 3688 servitutem
2616 3633 2802 3702 redigo
2824 3651 2837 3699 ;
2859 3648 2946 3699 ne,
2977 3647 3099 3686 cum
3119 3632 3239 3685 aliis
3263 3631 3703 3700 praedicaverim,

2111 3725 2226 3796 ipse
2254 3727 2521 3795 reprobus
2552 3725 2692 3779 forte
2720 3725 2868 3779 fiam.
2911 3744 2928 3776 ι
2967 3723 3140 3779 Porro
3170 3723 3386 3778 facilius
3417 3725 3703 3779 molestias

2110 3818 2231 3872 illas
2261 3819 2368 3873 sibi
2396 3818 2687 3872 identidem
2719 3818 3023 3872 incidentes
3084 3818 3470 3887 pertulissent,
3509 3819 3555 3871 si
3590 3834 3688 3888 pro

2108 3912 2286 3982 phetae
2313 3912 2535 3967 monitis
2565 3911 2876 3981 paruissent
2904 3912 3137 3966 dicentis
3161 3910 3205 3942 ⁸⁸
3256 3927 3269 3963 :
3320 3929 3338 3961 ι
3371 3910 3577 3966 Beatus
3606 3914 3701 3966 ho-

2109 4019 2234 4068 mo,
2295 4003 2390 4074 qui
2449 4004 2750 4073 portaverit
2779 4005 2972 4073 jugum
3011 4013 3167 4057 tuum
3219 4004 3289 4058 ab
3328 4004 3701 4058 adolescentia

2111 4096 2246 4150 sua!
2303 4093 2523 4149 Sedebit
2564 4093 2718 4147 humi
2761 4094 3036 4148 solitarius
3063 4136 3076 4159 ,
3132 4095 3262 4162 quia
3313 4095 3505 4164 jugu-In
3547 4105 3701 4148 tuum

2114 4188 2236 4242 tulit
2273 4207 2285 4242 :
2320 4189 2593 4241 maxillam
2654 4189 2973 4256 percutienti
3031 4203 3090 4242 se
3149 4189 3358 4250 tradet,
3402 4191 3702 4243 satiabitur

2112 4281 2500 4346 contumeliis;
2548 4280 2678 4349 quia
2706 4279 2972 4334 Dominus
3004 4294 3112 4334 non
3147 4281 3370 4350 repellet
3412 4283 3466 4334 in
3503 4273 3704 4351 perp'e-

2111 4381 2302 4438 tuum;
2336 4374 2431 4426 sed
2461 4372 2590 4425 dum
2623 4371 2875 4425 bumiliat
2900 4411 2914 4436 ,
2944 4371 3184 4426 clemens
3215 4380 3300 4426 est
3324 4411 3339 4436 ,
3393 4374 3700 4427 secundum

1413 4473 1425 4509 ἒ
1462 4475 1481 4510 ί
1525 4455 1704 4510 Pl‘Oba
1745 4471 1852 4519 ῐῐιθ,
1889 4454 2002 4510 Ῑ)ο·
2034 4489 2081 4548 D
2113 4464 2512 4518 multitudinem
2541 4465 3038 4519 misericordiarum
3069 4480 3314 4519 suarum.
3347 4484 3364 4517 ι
3418 4463 3702 4536 Quidquid

2107 4557 2313 4610 inimici
2338 4566 2523 4625 agunt,
2553 4557 2784 4626 ﬂagella,
2811 4557 3144 4627 ignominia,
3171 4559 3520 4612 contumelia:
3545 4570 3697 4623 sunt,

2105 4663 2227 4717 qum
2250 4656 2430 4702 tamen
2460 4663 2750 4700 numerum
2780 4647 3284 4702 misericordiarum
3314 4647 3408 4702 Dei
3434 4665 3700 4718 superare

2106 4755 2215 4794 non
2254 4748 2526 4809 poterunt.
2567 4739 2772 4794 llarum
2801 4740 3174 4795 molestiarum
3213 4741 3492 4794 nonnullae
3518 4743 3700 4795 adhuc

2107 4841 2352 4896 manent,
2391 4833 2564 4887 nihilo
2595 4843 2773 4888 tamen
2800 4835 2984 4888 minus
3014 4845 3376 4903 temporaneze
3410 4845 3578 4903 sunt;
3607 4835 3723 4890 sed.

2116 4922 2258 4978 Deus
2289 4925 2436 4977 omni
2462 4934 2704 4995 tempore
2735 4927 3044 4990 miseretur,
3077 4926 3418 4980 abundanter
3449 4927 3698 4981 tribuens

2115 5017 2522 5072 misericordias
2553 5034 2682 5073 suas
2705 5019 3032 5074 volentibus.
3066 5017 3209 5085 Ideo,
3240 5019 3434 5073 fratres
3457 5020 3698 5075 dilectis-

2115 5108 2261 5174 simi,
2291 5108 2437 5162 haud
2468 5119 2820 5180 temporanea
2853 5112 2969 5166 haec
3001 5120 3247 5181 spectare
3275 5110 3570 5177 debemus,
3604 5113 3696 5168 sed

2114 5230 2160 5262 “
2187 5229 2289 5284 Job
2316 5248 2510 5296 χχχιιι,
2542 5231 2631 5286 52.
2742 5234 2786 5266 ⁸⁷
2809 5231 2913 5287 Job
2943 5250 2978 5297 l,
3011 5234 3101 5287 2|.
3207 5231 3252 5261 ⁵⁸
3281 5228 3424 5284 Psal.
3459 5248 3586 5298 xxv,
3641 5234 3690 5286 2.

1643 5300 1685 5330 ⁶¹
1719 5301 1739 5355 l
1773 5301 1914 5356 Tim.
1953 5318 2002 5356 Iv

2197 5303 2242 5334 ⁵³
2277 5301 2420 5357 Psal.
2453 5319 2643 5368 XLVIII,
2679 5303 2764 5358 12.
2844 5305 2890 5337 ⁸⁸
2919 5305 2940 5357 ι
2966 5305 3092 5360 Cor.
3136 5319 3210 5366 Ix,
3242 5301 3332 5354 27.
3412 5303 3458 5333 “
3488 5302 3688 5360 Thren.

2103 5483 2376 5565 pertinere
2405 5499 2618 5565 _reapse
2673 5487 2748 5565 ad_
2799 5486 2908 5565 divi
2953 5490 3056 5544 viri
3105 5492 3501 5565 heortastieas.
3548 5497 3687 5565 quod

2104 5570 2250 5632 nunc
2278 5552 2504 5632 feliciter
2529 5552 2609 5608 ita
2640 5571 2698 5610 se
2737 5558 3351 5632 habere_comperimus.
3388 5564 3466 5618 En
3492 5552 3687 5632 itaque

2101 5623 2762 5708 Craecppdragrpentqm
2799 5623 2981 5708 ΑχΟἷς
3033 5620 3108 5686 ἄν’
3157 5650 3243 5696 τις
3299 5636 3399 5703 τὴν
3449 5620 3684 5691 arduo?”

2101 5694 2425 5782 ἀρκηθῇκξν
2457 5694 2665 5782 reddam;
2695 5698 3059 5755 λανθάνουσαν
3090 5704 3186 5757 τὴν
3211 5694 3526 5776 ιτροθίδμίαν
3555 5707 3684 5782 πρὸς

2097 5765 2196 5836 τὴν
2231 5764 2514 5834 συνήθειαν
2548 5766 2678 5835 ἔχει.
