  <div class='ocr_page' id='page_1' title='image "/cluster/home/n/w/nwhite01/storage/ocr_20150623/26/nnc1.0046978577/724.png"; bbox 0 0 3812 6224; ppageno 0'>
   <div class='ocr_carea' id='block_1_1' title="bbox 198 328 347 384">
    <p class='ocr_par' dir='ltr' id='par_1_1' title="bbox 198 328 347 384">
     <span class='ocr_line' id='line_1_1' title="bbox 198 328 347 384; baseline -0.02 0"><span class='ocrx_word' id='word_1_1' title='bbox 198 328 347 384; x_wconf 63' lang='lat' dir='ltr'><strong>{H7</strong></span> 
     </span>
    </p>
   </div>
   <div class='ocr_carea' id='block_1_2' title="bbox 1569 315 2093 375">
    <p class='ocr_par' dir='ltr' id='par_1_2' title="bbox 1569 315 2093 375">
     <span class='ocr_line' id='line_1_2' title="bbox 1569 315 2093 375; baseline -0.006 0"><span class='ocrx_word' id='word_1_2' title='bbox 1569 318 1905 375; x_wconf 85' lang='lat' dir='ltr'><strong>EPISTOLA</strong></span> <span class='ocrx_word' id='word_1_3' title='bbox 1955 315 2093 372; x_wconf 77' lang='lat' dir='ltr'><strong>XIII.</strong></span> 
     </span>
    </p>
   </div>
   <div class='ocr_carea' id='block_1_3' title="bbox 3323 310 3458 369">
    <p class='ocr_par' dir='ltr' id='par_1_3' title="bbox 3323 310 3458 369">
     <span class='ocr_line' id='line_1_3' title="bbox 3323 310 3458 369; baseline -0.007 0"><span class='ocrx_word' id='word_1_4' title='bbox 3323 310 3458 369; x_wconf 69' lang='lat' dir='ltr'><strong>M18</strong></span> 
     </span>
    </p>
   </div>
   <div class='ocr_carea' id='block_1_4' title="bbox 199 426 1779 510">
    <p class='ocr_par' dir='ltr' id='par_1_4' title="bbox 199 426 1772 510">
     <span class='ocr_line' id='line_1_4' title="bbox 199 426 1772 510; baseline -0.01 -11"><span class='ocrx_word' id='word_1_5' title='bbox 199 451 433 499; x_wconf 67' lang='lat' dir='ltr'><strong>aeterna.</strong></span> <span class='ocrx_word' id='word_1_6' title='bbox 453 432 607 510; x_wconf 85' lang='grc'><strong>121</strong></span> <span class='ocrx_word' id='word_1_7' title='bbox 624 428 694 492; x_wconf 81' lang='lat' dir='ltr'><strong>Et</strong></span> <span class='ocrx_word' id='word_1_8' title='bbox 712 437 754 492; x_wconf 89' lang='lat' dir='ltr'><strong>si</strong></span> <span class='ocrx_word' id='word_1_9' title='bbox 772 426 1033 506; x_wconf 73' lang='lat' dir='ltr'><strong>angustia:</strong></span> <span class='ocrx_word' id='word_1_10' title='bbox 1050 427 1481 499; x_wconf 82' lang='lat' dir='ltr'><strong>ins’tant,harum</strong></span> <span class='ocrx_word' id='word_1_11' title='bbox 1502 430 1625 489; x_wconf 83' lang='lat' dir='ltr'><strong>finis</strong></span> <span class='ocrx_word' id='word_1_12' title='bbox 1641 434 1741 488; x_wconf 86' lang='lat' dir='ltr'><strong>erit</strong></span> <span class='ocrx_word' id='word_1_13' title='bbox 1760 452 1772 485; x_wconf 91' lang='lat'>:</span> 
     </span>
    </p>
   </div>
   <div class='ocr_carea' id='block_1_5' title="bbox 1888 426 3457 510">
    <p class='ocr_par' dir='ltr' id='par_1_5' title="bbox 1888 428 3457 506">
     <span class='ocr_line' id='line_1_5' title="bbox 1888 428 3457 506; baseline 0.001 -18"><span class='ocrx_word' id='word_1_14' title='bbox 1888 433 2111 489; x_wconf 74' lang='lat' dir='ltr'><strong>scientes</strong></span> <span class='ocrx_word' id='word_1_15' title='bbox 2142 431 2370 487; x_wconf 82' lang='lat' dir='ltr'><strong>salutem</strong></span> <span class='ocrx_word' id='word_1_16' title='bbox 2414 439 2655 486; x_wconf 82' lang='lat' dir='ltr'><strong>nostram</strong></span> <span class='ocrx_word' id='word_1_17' title='bbox 2694 428 2750 486; x_wconf 90' lang='lat' dir='ltr'><strong>in</strong></span> <span class='ocrx_word' id='word_1_18' title='bbox 2788 432 3161 504; x_wconf 73' lang='lat' dir='ltr'><strong>angustiarum</strong></span> <span class='ocrx_word' id='word_1_19' title='bbox 3216 441 3457 506; x_wconf 89' lang='lat' dir='ltr'><strong>tempore</strong></span> 
     </span>
    </p>
   </div>
   <div class='ocr_carea' id='block_1_6' title="bbox 201 522 1786 604">
    <p class='ocr_par' dir='ltr' id='par_1_6' title="bbox 201 522 1786 604">
     <span class='ocr_line' id='line_1_6' title="bbox 201 522 1786 604; baseline -0.009 -13"><span class='ocrx_word' id='word_1_20' title='bbox 201 545 260 591; x_wconf 89' lang='lat' dir='ltr'><strong>et</strong></span> <span class='ocrx_word' id='word_1_21' title='bbox 284 536 335 591; x_wconf 88' lang='lat' dir='ltr'><strong>si</strong></span> <span class='ocrx_word' id='word_1_22' title='bbox 367 530 677 604; x_wconf 73' lang='lat' dir='ltr'><strong>ignominia:</strong></span> <span class='ocrx_word' id='word_1_23' title='bbox 709 528 1227 599; x_wconf 82' lang='lat' dir='ltr'><strong>persecutionesque</strong></span> <span class='ocrx_word' id='word_1_24' title='bbox 1262 536 1370 580; x_wconf 78' lang='lat' dir='ltr'><strong>nun</strong></span> <span class='ocrx_word' id='word_1_25' title='bbox 1401 526 1617 590; x_wconf 81' lang='lat' dir='ltr'><strong>desunt,</strong></span> <span class='ocrx_word' id='word_1_26' title='bbox 1650 522 1786 579; x_wconf 84' lang='lat' dir='ltr'><strong>nihil</strong></span> 
     </span>
    </p>
   </div>
   <div class='ocr_carea' id='block_1_7' title="bbox 202 615 1789 690">
    <p class='ocr_par' dir='ltr' id='par_1_7' title="bbox 202 615 1789 690">
     <span class='ocr_line' id='line_1_7' title="bbox 202 615 1789 690; baseline -0.006 -10"><span class='ocrx_word' id='word_1_27' title='bbox 202 633 392 680; x_wconf 85' lang='lat' dir='ltr'><strong>tamen</strong></span> <span class='ocrx_word' id='word_1_28' title='bbox 423 624 505 677; x_wconf 71' lang='lat' dir='ltr'><strong>ha:</strong></span> <span class='ocrx_word' id='word_1_29' title='bbox 532 630 660 677; x_wconf 89' lang='lat' dir='ltr'><strong>sunt</strong></span> <span class='ocrx_word' id='word_1_30' title='bbox 683 635 791 690; x_wconf 82' lang='lat' dir='ltr'><strong>prae</strong></span> <span class='ocrx_word' id='word_1_31' title='bbox 818 619 907 674; x_wconf 92' lang='lat' dir='ltr'><strong>illa</strong></span> <span class='ocrx_word' id='word_1_32' title='bbox 945 617 1170 687; x_wconf 66' lang='lat' dir='ltr'><strong>quaesita</strong></span> <span class='ocrx_word' id='word_1_33' title='bbox 1193 631 1309 686; x_wconf 86' lang='lat' dir='ltr'><strong>spe.</strong></span> <span class='ocrx_word' id='word_1_34' title='bbox 1345 615 1641 673; x_wconf 74' lang='lat' dir='ltr'><strong>Praesentia</strong></span> <span class='ocrx_word' id='word_1_35' title='bbox 1674 617 1789 671; x_wconf 69' lang='lat' dir='ltr'><strong>haec</strong></span> 
     </span>
    </p>
   </div>
   <div class='ocr_carea' id='block_1_8' title="bbox 200 707 1790 784">
    <p class='ocr_par' dir='ltr' id='par_1_8' title="bbox 200 707 1790 784">
     <span class='ocr_line' id='line_1_8' title="bbox 200 707 1790 784; baseline -0.004 -14"><span class='ocrx_word' id='word_1_36' title='bbox 200 715 396 770; x_wconf 78' lang='lat' dir='ltr'><strong>omnia</strong></span> <span class='ocrx_word' id='word_1_37' title='bbox 442 713 659 784; x_wconf 69' lang='lat' dir='ltr'><strong>ineptiae</strong></span> <span class='ocrx_word' id='word_1_38' title='bbox 690 723 818 766; x_wconf 90' lang='lat' dir='ltr'><strong>sunt</strong></span> <span class='ocrx_word' id='word_1_39' title='bbox 874 726 987 782; x_wconf 78' lang='lat' dir='ltr'><strong>pra:</strong></span> <span class='ocrx_word' id='word_1_40' title='bbox 1039 710 1240 765; x_wconf 87' lang='lat' dir='ltr'><strong>futuris</strong></span> <span class='ocrx_word' id='word_1_41' title='bbox 1293 710 1423 765; x_wconf 90' lang='lat' dir='ltr'><strong>illis.</strong></span> <span class='ocrx_word' id='word_1_42' title='bbox 1488 707 1607 763; x_wconf 88' lang='lat' dir='ltr'><strong>Non</strong></span> <span class='ocrx_word' id='word_1_43' title='bbox 1661 717 1790 764; x_wconf 90' lang='lat' dir='ltr'><strong>sunt</strong></span> 
     </span>
    </p>
   </div>
   <div class='ocr_carea' id='block_1_9' title="bbox 199 798 1784 876">
    <p class='ocr_par' dir='ltr' id='par_1_9' title="bbox 199 798 1784 876">
     <span class='ocr_line' id='line_1_9' title="bbox 199 798 1784 876; baseline -0.004 -15"><span class='ocrx_word' id='word_1_44' title='bbox 199 806 448 876; x_wconf 74' lang='lat' dir='ltr'><strong>aequales</strong></span> <span class='ocrx_word' id='word_1_45' title='bbox 496 803 790 874; x_wconf 83' lang='lat' dir='ltr'><strong>passiones</strong></span> <span class='ocrx_word' id='word_1_46' title='bbox 831 802 993 871; x_wconf 87' lang='lat' dir='ltr'><strong>hujus</strong></span> <span class='ocrx_word' id='word_1_47' title='bbox 1044 801 1303 871; x_wconf 89' lang='lat' dir='ltr'><strong>temporis</strong></span> <span class='ocrx_word' id='word_1_48' title='bbox 1356 798 1470 869; x_wconf 84' lang='lat' dir='ltr'><strong>spei</strong></span> <span class='ocrx_word' id='word_1_49' title='bbox 1501 798 1696 853; x_wconf 76' lang='lat' dir='ltr'><strong>futura:</strong></span> <span class='ocrx_word' id='word_1_50' title='bbox 1717 799 1784 854; x_wconf 78' lang='lat'><strong>“.</strong></span> 
     </span>
    </p>
   </div>
   <div class='ocr_carea' id='block_1_10' title="bbox 199 889 1785 965">
    <p class='ocr_par' dir='ltr' id='par_1_10' title="bbox 199 889 1785 965">
     <span class='ocr_line' id='line_1_10' title="bbox 199 889 1785 965; baseline -0.004 -13"><span class='ocrx_word' id='word_1_51' title='bbox 199 896 352 964; x_wconf 79' lang='lat' dir='ltr'><strong>Quid</strong></span> <span class='ocrx_word' id='word_1_52' title='bbox 388 909 580 965; x_wconf 81' lang='lat' dir='ltr'><strong>reapse</strong></span> <span class='ocrx_word' id='word_1_53' title='bbox 627 894 993 964; x_wconf 79' lang='lat' dir='ltr'><strong>exaequaverit</strong></span> <span class='ocrx_word' id='word_1_54' title='bbox 1046 902 1273 961; x_wconf 81' lang='lat' dir='ltr'><strong>regnum</strong></span> <span class='ocrx_word' id='word_1_55' title='bbox 1328 890 1471 946; x_wconf 86' lang='lat' dir='ltr'><strong>Dei?</strong></span> <span class='ocrx_word' id='word_1_56' title='bbox 1521 889 1617 945; x_wconf 85' lang='lat' dir='ltr'><strong>Vel</strong></span> <span class='ocrx_word' id='word_1_57' title='bbox 1654 890 1785 960; x_wconf 90' lang='lat' dir='ltr'><strong>quid</strong></span> 
     </span>
    </p>
   </div>
   <div class='ocr_carea' id='block_1_11' title="bbox 198 981 1785 1054">
    <p class='ocr_par' dir='ltr' id='par_1_11' title="bbox 198 981 1785 1054">
     <span class='ocr_line' id='line_1_11' title="bbox 198 981 1785 1054; baseline -0.006 -9"><span class='ocrx_word' id='word_1_58' title='bbox 198 999 423 1045; x_wconf 64' lang='lat' dir='ltr'><strong>aeternae</strong></span> <span class='ocrx_word' id='word_1_59' title='bbox 441 988 563 1042; x_wconf 79' lang='lat' dir='ltr'><strong>vitae</strong></span> <span class='ocrx_word' id='word_1_60' title='bbox 585 982 1025 1054; x_wconf 83' lang='lat' dir='ltr'><strong>comparabitur?</strong></span> <span class='ocrx_word' id='word_1_61' title='bbox 1049 981 1246 1048; x_wconf 84' lang='lat' dir='ltr'><strong>Quanti</strong></span> <span class='ocrx_word' id='word_1_62' title='bbox 1267 982 1485 1036; x_wconf 91' lang='lat' dir='ltr'><strong>demum</strong></span> <span class='ocrx_word' id='word_1_63' title='bbox 1510 988 1613 1045; x_wconf 88' lang='lat' dir='ltr'><strong>est,</strong></span> <span class='ocrx_word' id='word_1_64' title='bbox 1641 981 1785 1050; x_wconf 92' lang='lat' dir='ltr'><strong>quod</strong></span> 
     </span>
    </p>
   </div>
   <div class='ocr_carea' id='block_1_12' title="bbox 198 1072 1784 1141">
    <p class='ocr_par' dir='ltr' id='par_1_12' title="bbox 198 1072 1784 1141">
     <span class='ocr_line' id='line_1_12' title="bbox 198 1072 1784 1141; baseline -0.006 -7"><span class='ocrx_word' id='word_1_65' title='bbox 198 1080 299 1135; x_wconf 82' lang='lat' dir='ltr'><strong>hic</strong></span> <span class='ocrx_word' id='word_1_66' title='bbox 350 1078 781 1139; x_wconf 85' lang='lat' dir='ltr'><strong>contribuimus,</strong></span> <span class='ocrx_word' id='word_1_67' title='bbox 825 1085 884 1129; x_wconf 92' lang='lat' dir='ltr'><strong>ut</strong></span> <span class='ocrx_word' id='word_1_68' title='bbox 934 1073 1302 1129; x_wconf 57' lang='lat' dir='ltr'><strong>haereditatem</strong></span> <span class='ocrx_word' id='word_1_69' title='bbox 1336 1072 1448 1127; x_wconf 88' lang='lat' dir='ltr'><strong>illic</strong></span> <span class='ocrx_word' id='word_1_70' title='bbox 1476 1084 1784 1141; x_wconf 87' lang='lat' dir='ltr'><strong>consequa-</strong></span> 
     </span>
    </p>
   </div>
   <div class='ocr_carea' id='block_1_13' title="bbox 199 1155 1782 1238">
    <p class='ocr_par' dir='ltr' id='par_1_13' title="bbox 199 1155 1782 1238">
     <span class='ocr_line' id='line_1_13' title="bbox 199 1155 1782 1238; baseline -0.006 -12"><span class='ocrx_word' id='word_1_71' title='bbox 199 1170 374 1225; x_wconf 86' lang='lat' dir='ltr'><strong>mur?</strong></span> <span class='ocrx_word' id='word_1_72' title='bbox 420 1160 534 1223; x_wconf 77' lang='lat' dir='ltr'><strong>Nos</strong></span> <span class='ocrx_word' id='word_1_73' title='bbox 563 1167 764 1238; x_wconf 86' lang='lat' dir='ltr'><strong>quippe</strong></span> <span class='ocrx_word' id='word_1_74' title='bbox 793 1165 998 1220; x_wconf 82' lang='lat' dir='ltr'><strong>erimus</strong></span> <span class='ocrx_word' id='word_1_75' title='bbox 1033 1162 1127 1217; x_wconf 90' lang='lat' dir='ltr'><strong>Dei</strong></span> <span class='ocrx_word' id='word_1_76' title='bbox 1156 1155 1431 1229; x_wconf 63' lang='lat' dir='ltr'><strong>hacredes&#39;,</strong></span> <span class='ocrx_word' id='word_1_77' title='bbox 1461 1168 1515 1217; x_wconf 82' lang='lat' dir='ltr'><strong>et</strong></span> <span class='ocrx_word' id='word_1_78' title='bbox 1544 1161 1638 1216; x_wconf 86' lang='lat' dir='ltr'><strong>ﬁlii</strong></span> <span class='ocrx_word' id='word_1_79' title='bbox 1671 1161 1782 1216; x_wconf 69' lang='lat' dir='ltr'><strong>haz-</strong></span> 
     </span>
    </p>
   </div>
   <div class='ocr_carea' id='block_1_14' title="bbox 202 1251 1107 1317">
    <p class='ocr_par' dir='ltr' id='par_1_14' title="bbox 202 1251 1107 1317">
     <span class='ocr_line' id='line_1_14' title="bbox 202 1251 1107 1317; baseline -0.012 0"><span class='ocrx_word' id='word_1_80' title='bbox 202 1261 457 1317; x_wconf 88' lang='lat' dir='ltr'><strong>reditatis</strong></span> <span class='ocrx_word' id='word_1_81' title='bbox 485 1259 711 1315; x_wconf 85' lang='lat' dir='ltr'><strong>Christi.</strong></span> <span class='ocrx_word' id='word_1_82' title='bbox 1099 1251 1107 1258; x_wconf 80' lang='grc'><em>’</em></span> 
     </span>
    </p>
   </div>
   <div class='ocr_carea' id='block_1_15' title="bbox 277 1343 1785 1420">
    <p class='ocr_par' dir='ltr' id='par_1_15' title="bbox 277 1343 1785 1420">
     <span class='ocr_line' id='line_1_15' title="bbox 277 1343 1785 1420; baseline -0.007 -14"><span class='ocrx_word' id='word_1_83' title='bbox 277 1351 334 1406; x_wconf 79' lang='lat'><strong>5.</strong></span> <span class='ocrx_word' id='word_1_84' title='bbox 366 1352 554 1420; x_wconf 88' lang='lat' dir='ltr'><strong>Itaque</strong></span> <span class='ocrx_word' id='word_1_85' title='bbox 577 1390 593 1415; x_wconf 90' lang='lat'><strong>,</strong></span> <span class='ocrx_word' id='word_1_86' title='bbox 621 1347 805 1403; x_wconf 82' lang='lat' dir='ltr'><strong>dilecti</strong></span> <span class='ocrx_word' id='word_1_87' title='bbox 835 1343 979 1410; x_wconf 86' lang='lat' dir='ltr'><strong>mei,</strong></span> <span class='ocrx_word' id='word_1_88' title='bbox 1021 1360 1093 1400; x_wconf 86' lang='lat' dir='ltr'><strong>ne</strong></span> <span class='ocrx_word' id='word_1_89' title='bbox 1123 1359 1310 1414; x_wconf 84' lang='lat' dir='ltr'><strong>quaeso</strong></span> <span class='ocrx_word' id='word_1_90' title='bbox 1336 1344 1648 1399; x_wconf 84' lang='lat' dir='ltr'><strong>intueamur</strong></span> <span class='ocrx_word' id='word_1_91' title='bbox 1682 1355 1785 1396; x_wconf 89' lang='lat' dir='ltr'><strong>an-</strong></span> 
     </span>
    </p>
   </div>
   <div class='ocr_carea' id='block_1_16' title="bbox 200 1439 1784 1515">
    <p class='ocr_par' dir='ltr' id='par_1_16' title="bbox 200 1439 1784 1515">
     <span class='ocr_line' id='line_1_16' title="bbox 200 1439 1784 1515; baseline -0.006 -15"><span class='ocrx_word' id='word_1_92' title='bbox 200 1444 420 1515; x_wconf 73' lang='lat' dir='ltr'><strong>gustias</strong></span> <span class='ocrx_word' id='word_1_93' title='bbox 447 1452 500 1498; x_wconf 90' lang='lat' dir='ltr'><strong>et</strong></span> <span class='ocrx_word' id='word_1_94' title='bbox 522 1441 953 1513; x_wconf 77' lang='lat' dir='ltr'><strong>persecutiones,</strong></span> <span class='ocrx_word' id='word_1_95' title='bbox 984 1439 1077 1492; x_wconf 91' lang='lat' dir='ltr'><strong>sed</strong></span> <span class='ocrx_word' id='word_1_96' title='bbox 1103 1453 1254 1509; x_wconf 88' lang='lat' dir='ltr'><strong>spem</strong></span> <span class='ocrx_word' id='word_1_97' title='bbox 1281 1440 1485 1508; x_wconf 89' lang='lat' dir='ltr'><strong>potius,</strong></span> <span class='ocrx_word' id='word_1_98' title='bbox 1512 1446 1633 1507; x_wconf 76' lang='lat' dir='ltr'><strong>qna:</strong></span> <span class='ocrx_word' id='word_1_99' title='bbox 1662 1453 1784 1507; x_wconf 90' lang='lat' dir='ltr'><strong>per-</strong></span> 
     </span>
    </p>
   </div>
   <div class='ocr_carea' id='block_1_17' title="bbox 203 1527 1783 1604">
    <p class='ocr_par' dir='ltr' id='par_1_17' title="bbox 203 1527 1783 1604">
     <span class='ocr_line' id='line_1_17' title="bbox 203 1527 1783 1604; baseline -0.006 -11"><span class='ocrx_word' id='word_1_100' title='bbox 203 1537 550 1593; x_wconf 83' lang='lat' dir='ltr'><strong>secutionum</strong></span> <span class='ocrx_word' id='word_1_101' title='bbox 593 1549 758 1591; x_wconf 87' lang='lat' dir='ltr'><strong>causa</strong></span> <span class='ocrx_word' id='word_1_102' title='bbox 809 1535 968 1589; x_wconf 89' lang='lat' dir='ltr'><strong>nobis</strong></span> <span class='ocrx_word' id='word_1_103' title='bbox 1016 1530 1292 1604; x_wconf 89' lang='lat' dir='ltr'><strong>proposita</strong></span> <span class='ocrx_word' id='word_1_104' title='bbox 1322 1541 1422 1585; x_wconf 88' lang='lat' dir='ltr'><strong>est.</strong></span> <span class='ocrx_word' id='word_1_105' title='bbox 1484 1527 1601 1595; x_wconf 84' lang='lat' dir='ltr'><strong>Qua</strong></span> <span class='ocrx_word' id='word_1_106' title='bbox 1638 1528 1694 1582; x_wconf 93' lang='lat' dir='ltr'><strong>in</strong></span> <span class='ocrx_word' id='word_1_107' title='bbox 1725 1544 1783 1584; x_wconf 88' lang='lat' dir='ltr'><strong>re</strong></span> 
     </span>
    </p>
   </div>
   <div class='ocr_carea' id='block_1_18' title="bbox 200 1621 1783 1700">
    <p class='ocr_par' dir='ltr' id='par_1_18' title="bbox 200 1621 1783 1700">
     <span class='ocr_line' id='line_1_18' title="bbox 200 1621 1783 1700; baseline -0.006 -16"><span class='ocrx_word' id='word_1_108' title='bbox 200 1629 428 1700; x_wconf 86' lang='lat' dir='ltr'><strong>prodest</strong></span> <span class='ocrx_word' id='word_1_109' title='bbox 442 1628 601 1684; x_wconf 92' lang='lat' dir='ltr'><strong>nobis</strong></span> <span class='ocrx_word' id='word_1_110' title='bbox 619 1627 946 1697; x_wconf 74' lang='lat' dir='ltr'><strong>patriarcha:</strong></span> <span class='ocrx_word' id='word_1_111' title='bbox 963 1624 1259 1681; x_wconf 87' lang='lat' dir='ltr'><strong>lssacharis</strong></span> <span class='ocrx_word' id='word_1_112' title='bbox 1277 1621 1605 1692; x_wconf 81' lang='lat' dir='ltr'><strong>exemplum,</strong></span> <span class='ocrx_word' id='word_1_113' title='bbox 1622 1627 1783 1692; x_wconf 87' lang='lat' dir='ltr'><strong>prout</strong></span> 
     </span>
    </p>
   </div>
   <div class='ocr_carea' id='block_1_19' title="bbox 196 1712 1781 1784">
    <p class='ocr_par' dir='ltr' id='par_1_19' title="bbox 196 1712 1781 1784">
     <span class='ocr_line' id='line_1_19' title="bbox 196 1712 1781 1784; baseline -0.007 -9"><span class='ocrx_word' id='word_1_114' title='bbox 196 1722 261 1775; x_wconf 79' lang='lat' dir='ltr'><strong>in</strong></span> <span class='ocrx_word' id='word_1_115' title='bbox 285 1720 475 1775; x_wconf 84' lang='lat' dir='ltr'><strong>Bibliis</strong></span> <span class='ocrx_word' id='word_1_116' title='bbox 496 1719 694 1775; x_wconf 92' lang='lat' dir='ltr'><strong>dicitur</strong></span> <span class='ocrx_word' id='word_1_117' title='bbox 715 1718 758 1749; x_wconf 82' lang='grc'><strong>⁸¹</strong></span> <span class='ocrx_word' id='word_1_118' title='bbox 794 1736 807 1772; x_wconf 89' lang='lat'><strong>:</strong></span> <span class='ocrx_word' id='word_1_119' title='bbox 845 1737 863 1770; x_wconf 84' lang='grc' dir='ltr'><strong>ι</strong></span> <span class='ocrx_word' id='word_1_120' title='bbox 889 1716 1140 1772; x_wconf 82' lang='lat' dir='ltr'><strong>Issach‘at‘</strong></span> <span class='ocrx_word' id='word_1_121' title='bbox 1171 1712 1627 1784; x_wconf 84' lang='lat' dir='ltr'><strong>pulchritudinem</strong></span> <span class='ocrx_word' id='word_1_122' title='bbox 1651 1727 1781 1766; x_wconf 86' lang='lat' dir='ltr'><strong>con-</strong></span> 
     </span>
    </p>
   </div>
   <div class='ocr_carea' id='block_1_20' title="bbox 1889 520 3454 593">
    <p class='ocr_par' dir='ltr' id='par_1_20' title="bbox 1889 520 3454 593">
     <span class='ocr_line' id='line_1_20' title="bbox 1889 520 3454 593; baseline 0 -14"><span class='ocrx_word' id='word_1_123' title='bbox 1889 539 2010 579; x_wconf 84' lang='lat' dir='ltr'><strong>esse</strong></span> <span class='ocrx_word' id='word_1_124' title='bbox 2048 523 2359 593; x_wconf 90' lang='lat' dir='ltr'><strong>repositam.</strong></span> <span class='ocrx_word' id='word_1_125' title='bbox 2426 521 2610 593; x_wconf 86' lang='lat' dir='ltr'><strong>Neque</strong></span> <span class='ocrx_word' id='word_1_126' title='bbox 2658 522 2801 577; x_wconf 88' lang='lat' dir='ltr'><strong>enim</strong></span> <span class='ocrx_word' id='word_1_127' title='bbox 2854 520 3105 579; x_wconf 84' lang='lat' dir='ltr'><strong>Salvator</strong></span> <span class='ocrx_word' id='word_1_128' title='bbox 3150 533 3336 579; x_wconf 87' lang='lat' dir='ltr'><strong>noster</strong></span> <span class='ocrx_word' id='word_1_129' title='bbox 3365 538 3454 579; x_wconf 60' lang='lat' dir='ltr'><strong>reo</strong></span> 
     </span>
    </p>
   </div>
   <div class='ocr_carea' id='block_1_21' title="bbox 1889 613 3452 685">
    <p class='ocr_par' dir='ltr' id='par_1_21' title="bbox 1889 613 3452 685">
     <span class='ocr_line' id='line_1_21' title="bbox 1889 613 3452 685; baseline -0.001 -15"><span class='ocrx_word' id='word_1_130' title='bbox 1889 615 2217 685; x_wconf 86' lang='lat' dir='ltr'><strong>quiescendo</strong></span> <span class='ocrx_word' id='word_1_131' title='bbox 2269 630 2368 671; x_wconf 90' lang='lat' dir='ltr'><strong>nos</strong></span> <span class='ocrx_word' id='word_1_132' title='bbox 2420 615 2682 681; x_wconf 90' lang='lat' dir='ltr'><strong>salvavit;</strong></span> <span class='ocrx_word' id='word_1_133' title='bbox 2740 614 2832 670; x_wconf 89' lang='lat' dir='ltr'><strong>sed</strong></span> <span class='ocrx_word' id='word_1_134' title='bbox 2861 630 2960 685; x_wconf 92' lang='lat' dir='ltr'><strong>pro</strong></span> <span class='ocrx_word' id='word_1_135' title='bbox 2987 613 3145 670; x_wconf 83' lang='lat' dir='ltr'><strong>nobis</strong></span> <span class='ocrx_word' id='word_1_136' title='bbox 3175 614 3452 685; x_wconf 86' lang='lat' dir='ltr'><strong>patiendo,</strong></span> 
     </span>
    </p>
   </div>
   <div class='ocr_carea' id='block_1_22' title="bbox 1889 704 3456 776">
    <p class='ocr_par' dir='ltr' id='par_1_22' title="bbox 1889 704 3456 776">
     <span class='ocr_line' id='line_1_22' title="bbox 1889 704 3456 776; baseline -0.001 -15"><span class='ocrx_word' id='word_1_137' title='bbox 1889 717 2120 762; x_wconf 86' lang='lat' dir='ltr'><strong>mortem</strong></span> <span class='ocrx_word' id='word_1_138' title='bbox 2171 706 2458 763; x_wconf 77' lang='lat' dir='ltr'><strong>destruxit.</strong></span> <span class='ocrx_word' id='word_1_139' title='bbox 2498 705 2787 776; x_wconf 85' lang='lat' dir='ltr'><strong>Propterea</strong></span> <span class='ocrx_word' id='word_1_140' title='bbox 2827 705 3076 775; x_wconf 68' lang='lat' dir='ltr'><strong>praedixit</strong></span> <span class='ocrx_word' id='word_1_141' title='bbox 3096 704 3141 738; x_wconf 81' lang='grc'><strong><em>⁸⁸</em></strong></span> <span class='ocrx_word' id='word_1_142' title='bbox 3179 723 3193 758; x_wconf 87' lang='lat'><strong>:</strong></span> <span class='ocrx_word' id='word_1_143' title='bbox 3235 724 3255 757; x_wconf 80' lang='grc' dir='ltr'><strong>ι</strong></span> <span class='ocrx_word' id='word_1_144' title='bbox 3291 704 3456 759; x_wconf 79' lang='lat' dir='ltr'><strong>Pres-</strong></span> 
     </span>
    </p>
   </div>
   <div class='ocr_carea' id='block_1_23' title="bbox 1888 795 3458 866">
    <p class='ocr_par' dir='ltr' id='par_1_23' title="bbox 1888 795 3458 866">
     <span class='ocr_line' id='line_1_23' title="bbox 1888 795 3458 866; baseline -0.003 -13"><span class='ocrx_word' id='word_1_145' title='bbox 1888 812 2071 853; x_wconf 89' lang='lat' dir='ltr'><strong>suram</strong></span> <span class='ocrx_word' id='word_1_146' title='bbox 2104 796 2158 850; x_wconf 93' lang='lat' dir='ltr'><strong>in</strong></span> <span class='ocrx_word' id='word_1_147' title='bbox 2185 797 2390 851; x_wconf 92' lang='lat' dir='ltr'><strong>mundo</strong></span> <span class='ocrx_word' id='word_1_148' title='bbox 2412 797 2699 852; x_wconf 82' lang='lat' dir='ltr'><strong>habebitis.</strong></span> <span class='ocrx_word' id='word_1_149' title='bbox 2737 816 2756 850; x_wconf 73' lang='grc' dir='ltr'><strong>ι</strong></span> <span class='ocrx_word' id='word_1_150' title='bbox 2818 795 3006 866; x_wconf 89' lang='lat' dir='ltr'><strong>Neque</strong></span> <span class='ocrx_word' id='word_1_151' title='bbox 3040 797 3144 852; x_wconf 91' lang='lat' dir='ltr'><strong>hoc</strong></span> <span class='ocrx_word' id='word_1_152' title='bbox 3173 796 3240 851; x_wconf 91' lang='lat' dir='ltr'><strong>de</strong></span> <span class='ocrx_word' id='word_1_153' title='bbox 3277 797 3458 849; x_wconf 90' lang='lat' dir='ltr'><strong>omni-</strong></span> 
     </span>
    </p>
   </div>
   <div class='ocr_carea' id='block_1_24' title="bbox 1887 886 3457 958">
    <p class='ocr_par' dir='ltr' id='par_1_24' title="bbox 1887 886 3457 958">
     <span class='ocr_line' id='line_1_24' title="bbox 1887 886 3457 958; baseline -0.004 -14"><span class='ocrx_word' id='word_1_154' title='bbox 1887 890 1990 945; x_wconf 89' lang='lat' dir='ltr'><strong>bus</strong></span> <span class='ocrx_word' id='word_1_155' title='bbox 2018 889 2186 955; x_wconf 84' lang='lat' dir='ltr'><strong>dixit,</strong></span> <span class='ocrx_word' id='word_1_156' title='bbox 2212 889 2305 944; x_wconf 89' lang='lat' dir='ltr'><strong>sed</strong></span> <span class='ocrx_word' id='word_1_157' title='bbox 2330 888 2397 943; x_wconf 91' lang='lat' dir='ltr'><strong>de</strong></span> <span class='ocrx_word' id='word_1_158' title='bbox 2424 888 2531 943; x_wconf 91' lang='lat' dir='ltr'><strong>illis</strong></span> <span class='ocrx_word' id='word_1_159' title='bbox 2555 889 2648 958; x_wconf 91' lang='lat' dir='ltr'><strong>qui</strong></span> <span class='ocrx_word' id='word_1_160' title='bbox 2681 902 2803 942; x_wconf 89' lang='lat' dir='ltr'><strong>cum</strong></span> <span class='ocrx_word' id='word_1_161' title='bbox 2841 887 2946 942; x_wconf 87' lang='lat' dir='ltr'><strong>ﬁde</strong></span> <span class='ocrx_word' id='word_1_162' title='bbox 2976 894 3261 941; x_wconf 82' lang='lat' dir='ltr'><strong>constante</strong></span> <span class='ocrx_word' id='word_1_163' title='bbox 3285 887 3335 940; x_wconf 88' lang='lat' dir='ltr'><strong>ei</strong></span> <span class='ocrx_word' id='word_1_164' title='bbox 3360 886 3457 940; x_wconf 70' lang='lat' dir='ltr'><strong>de-</strong></span> 
     </span>
    </p>
   </div>
   <div class='ocr_carea' id='block_1_25' title="bbox 1886 978 3453 1051">
    <p class='ocr_par' dir='ltr' id='par_1_25' title="bbox 1886 978 3453 1051">
     <span class='ocr_line' id='line_1_25' title="bbox 1886 978 3453 1051; baseline -0.004 -12"><span class='ocrx_word' id='word_1_165' title='bbox 1886 983 2123 1039; x_wconf 87' lang='lat' dir='ltr'><strong>servient</strong></span> <span class='ocrx_word' id='word_1_166' title='bbox 2156 1001 2168 1035; x_wconf 91' lang='lat'>:</span> <span class='ocrx_word' id='word_1_167' title='bbox 2206 981 2489 1051; x_wconf 60' lang='lat' dir='ltr'><strong>pravidit,</strong></span> <span class='ocrx_word' id='word_1_168' title='bbox 2537 982 2761 1051; x_wconf 89' lang='lat' dir='ltr'><strong>inquam</strong></span> <span class='ocrx_word' id='word_1_169' title='bbox 2782 1021 2798 1045; x_wconf 89' lang='lat'><strong>,</strong></span> <span class='ocrx_word' id='word_1_170' title='bbox 2834 979 2951 1036; x_wconf 85' lang='lat' dir='ltr'><strong>fore</strong></span> <span class='ocrx_word' id='word_1_171' title='bbox 2999 991 3058 1037; x_wconf 92' lang='lat' dir='ltr'><strong>ut</strong></span> <span class='ocrx_word' id='word_1_172' title='bbox 3087 981 3126 1035; x_wconf 90' lang='lat' dir='ltr'><strong>ii</strong></span> <span class='ocrx_word' id='word_1_173' title='bbox 3158 981 3252 1049; x_wconf 88' lang='lat' dir='ltr'><strong>qui</strong></span> <span class='ocrx_word' id='word_1_174' title='bbox 3281 978 3453 1035; x_wconf 92' lang='lat' dir='ltr'><strong>Deum</strong></span> 
     </span>
    </p>
   </div>
   <div class='ocr_carea' id='block_1_26' title="bbox 1887 1073 2941 1143">
    <p class='ocr_par' dir='ltr' id='par_1_26' title="bbox 1887 1073 2941 1143">
     <span class='ocr_line' id='line_1_26' title="bbox 1887 1073 2941 1143; baseline -0.001 -16"><span class='ocrx_word' id='word_1_175' title='bbox 1887 1082 2149 1137; x_wconf 77' lang='lat' dir='ltr'><strong>metuent,</strong></span> <span class='ocrx_word' id='word_1_176' title='bbox 2184 1074 2617 1143; x_wconf 85' lang='lat' dir='ltr'><strong>persecutionem</strong></span> <span class='ocrx_word' id='word_1_177' title='bbox 2641 1073 2941 1142; x_wconf 88' lang='lat' dir='ltr'><strong>patiantur.</strong></span> 
     </span>
    </p>
   </div>
   <div class='ocr_carea' id='block_1_27' title="bbox 1961 1162 3455 1234">
    <p class='ocr_par' dir='ltr' id='par_1_27' title="bbox 1961 1162 3455 1234">
     <span class='ocr_line' id='line_1_27' title="bbox 1961 1162 3455 1234; baseline 0.002 -18"><span class='ocrx_word' id='word_1_178' title='bbox 1961 1164 2116 1234; x_wconf 77' lang='lat'><strong>123</strong></span> <span class='ocrx_word' id='word_1_179' title='bbox 2142 1165 2192 1217; x_wconf 87' lang='grc'><strong>7.</strong></span> <span class='ocrx_word' id='word_1_180' title='bbox 2226 1162 2482 1219; x_wconf 86' lang='lat' dir='ltr'><strong>Homines</strong></span> <span class='ocrx_word' id='word_1_181' title='bbox 2512 1164 2737 1219; x_wconf 84' lang='lat' dir='ltr'><strong>scelesti.</strong></span> <span class='ocrx_word' id='word_1_182' title='bbox 2767 1178 2831 1219; x_wconf 90' lang='lat' dir='ltr'><strong>ac</strong></span> <span class='ocrx_word' id='word_1_183' title='bbox 2878 1164 3173 1219; x_wconf 87' lang='lat' dir='ltr'><strong>nebulones</strong></span> <span class='ocrx_word' id='word_1_184' title='bbox 3197 1178 3263 1219; x_wconf 90' lang='lat' dir='ltr'><strong>eo</strong></span> <span class='ocrx_word' id='word_1_185' title='bbox 3290 1164 3455 1219; x_wconf 87' lang='lat' dir='ltr'><strong>deve-</strong></span> 
     </span>
    </p>
   </div>
   <div class='ocr_carea' id='block_1_28' title="bbox 1882 1252 3455 1324">
    <p class='ocr_par' dir='ltr' id='par_1_28' title="bbox 1882 1252 3455 1324">
     <span class='ocr_line' id='line_1_28' title="bbox 1882 1252 3455 1324; baseline -0.001 -16"><span class='ocrx_word' id='word_1_186' title='bbox 1882 1254 2062 1319; x_wconf 87' lang='lat' dir='ltr'><strong>niunt,</strong></span> <span class='ocrx_word' id='word_1_187' title='bbox 2099 1267 2161 1308; x_wconf 92' lang='lat' dir='ltr'><strong>ut</strong></span> <span class='ocrx_word' id='word_1_188' title='bbox 2189 1268 2355 1323; x_wconf 91' lang='lat' dir='ltr'><strong>prave</strong></span> <span class='ocrx_word' id='word_1_189' title='bbox 2384 1254 2595 1324; x_wconf 84' lang='lat' dir='ltr'><strong>agendo</strong></span> <span class='ocrx_word' id='word_1_190' title='bbox 2628 1253 2816 1307; x_wconf 83' lang='lat' dir='ltr'><strong>fallant</strong></span> <span class='ocrx_word' id='word_1_191' title='bbox 2845 1261 2899 1308; x_wconf 92' lang='lat' dir='ltr'><strong>ct</strong></span> <span class='ocrx_word' id='word_1_192' title='bbox 2927 1252 3219 1319; x_wconf 85' lang='lat' dir='ltr'><strong>fallantur;</strong></span> <span class='ocrx_word' id='word_1_193' title='bbox 3245 1254 3393 1309; x_wconf 87' lang='lat' dir='ltr'><strong>velut</strong></span> <span class='ocrx_word' id='word_1_194' title='bbox 3416 1253 3455 1307; x_wconf 91' lang='lat' dir='ltr'><strong>ii</strong></span> 
     </span>
    </p>
   </div>
   <div class='ocr_carea' id='block_1_29' title="bbox 1878 1342 3457 1415">
    <p class='ocr_par' dir='ltr' id='par_1_29' title="bbox 1878 1342 3457 1415">
     <span class='ocr_line' id='line_1_29' title="bbox 1878 1342 3457 1415; baseline -0.001 -15"><span class='ocrx_word' id='word_1_195' title='bbox 1878 1346 1977 1415; x_wconf 87' lang='lat' dir='ltr'><strong>qui</strong></span> <span class='ocrx_word' id='word_1_196' title='bbox 2006 1346 2216 1400; x_wconf 88' lang='lat' dir='ltr'><strong>somnia</strong></span> <span class='ocrx_word' id='word_1_197' title='bbox 2239 1345 2550 1415; x_wconf 84' lang='lat' dir='ltr'><strong>explanant,</strong></span> <span class='ocrx_word' id='word_1_198' title='bbox 2575 1354 2671 1398; x_wconf 84' lang='lat' dir='ltr'><strong>aut</strong></span> <span class='ocrx_word' id='word_1_199' title='bbox 2699 1342 2821 1400; x_wconf 80' lang='lat' dir='ltr'><strong>falsi</strong></span> <span class='ocrx_word' id='word_1_200' title='bbox 2855 1344 3130 1414; x_wconf 62' lang='lat' dir='ltr'><strong>propheta</strong></span> <span class='ocrx_word' id='word_1_201' title='bbox 3160 1344 3255 1415; x_wconf 87' lang='lat' dir='ltr'><strong>qui</strong></span> <span class='ocrx_word' id='word_1_202' title='bbox 3287 1343 3457 1399; x_wconf 85' lang='lat' dir='ltr'><strong>mira-</strong></span> 
     </span>
    </p>
   </div>
   <div class='ocr_carea' id='block_1_30' title="bbox 1883 1435 3457 1507">
    <p class='ocr_par' dir='ltr' id='par_1_30' title="bbox 1883 1435 3457 1507">
     <span class='ocr_line' id='line_1_30' title="bbox 1883 1435 3457 1507; baseline -0.001 -15"><span class='ocrx_word' id='word_1_203' title='bbox 1883 1437 2003 1493; x_wconf 90' lang='lat' dir='ltr'><strong>cula</strong></span> <span class='ocrx_word' id='word_1_204' title='bbox 2029 1452 2059 1491; x_wconf 86' lang='lat' dir='ltr'><strong>a</strong></span> <span class='ocrx_word' id='word_1_205' title='bbox 2082 1452 2140 1492; x_wconf 91' lang='lat' dir='ltr'><strong>se</strong></span> <span class='ocrx_word' id='word_1_206' title='bbox 2159 1445 2432 1507; x_wconf 81' lang='lat' dir='ltr'><strong>patratum</strong></span> <span class='ocrx_word' id='word_1_207' title='bbox 2456 1436 2521 1491; x_wconf 92' lang='lat' dir='ltr'><strong>iri</strong></span> <span class='ocrx_word' id='word_1_208' title='bbox 2542 1436 2827 1506; x_wconf 86' lang='lat' dir='ltr'><strong>spondent,</strong></span> <span class='ocrx_word' id='word_1_209' title='bbox 2855 1436 2908 1490; x_wconf 90' lang='lat' dir='ltr'><strong>hi</strong></span> <span class='ocrx_word' id='word_1_210' title='bbox 2930 1436 3175 1491; x_wconf 86' lang='lat' dir='ltr'><strong>videlicet</strong></span> <span class='ocrx_word' id='word_1_211' title='bbox 3195 1435 3457 1506; x_wconf 84' lang='lat' dir='ltr'><strong>insipien-</strong></span> 
     </span>
    </p>
   </div>
   <div class='ocr_carea' id='block_1_31' title="bbox 1881 1526 3453 1598">
    <p class='ocr_par' dir='ltr' id='par_1_31' title="bbox 1881 1526 3453 1598">
     <span class='ocr_line' id='line_1_31' title="bbox 1881 1526 3453 1598; baseline -0.002 -14"><span class='ocrx_word' id='word_1_212' title='bbox 1881 1539 1963 1585; x_wconf 91' lang='lat' dir='ltr'><strong>tes</strong></span> <span class='ocrx_word' id='word_1_213' title='bbox 1985 1569 2001 1594; x_wconf 93' lang='lat'><strong>,</strong></span> <span class='ocrx_word' id='word_1_214' title='bbox 2043 1537 2152 1584; x_wconf 71' lang='lat' dir='ltr'><strong>mn</strong></span> <span class='ocrx_word' id='word_1_215' title='bbox 2187 1529 2316 1583; x_wconf 91' lang='lat' dir='ltr'><strong>vino</strong></span> <span class='ocrx_word' id='word_1_216' title='bbox 2350 1528 2487 1584; x_wconf 89' lang='lat' dir='ltr'><strong>ebrii</strong></span> <span class='ocrx_word' id='word_1_217' title='bbox 2516 1528 2611 1583; x_wconf 91' lang='lat' dir='ltr'><strong>sed</strong></span> <span class='ocrx_word' id='word_1_218' title='bbox 2649 1527 2887 1598; x_wconf 89' lang='lat' dir='ltr'><strong>nequitia</strong></span> <span class='ocrx_word' id='word_1_219' title='bbox 2922 1543 3019 1582; x_wconf 88' lang='lat' dir='ltr'><strong>sua</strong></span> <span class='ocrx_word' id='word_1_220' title='bbox 3041 1567 3057 1591; x_wconf 94' lang='lat'><strong>,</strong></span> <span class='ocrx_word' id='word_1_221' title='bbox 3107 1526 3453 1583; x_wconf 82' lang='lat' dir='ltr'><strong>stabilitatem</strong></span> 
     </span>
    </p>
   </div>
   <div class='ocr_carea' id='block_1_32' title="bbox 1880 1621 3455 1693">
    <p class='ocr_par' dir='ltr' id='par_1_32' title="bbox 1880 1621 3455 1693">
     <span class='ocr_line' id='line_1_32' title="bbox 1880 1621 3455 1693; baseline 0.001 -17"><span class='ocrx_word' id='word_1_222' title='bbox 1880 1621 2236 1692; x_wconf 85' lang='lat' dir='ltr'><strong>promittunt,</strong></span> <span class='ocrx_word' id='word_1_223' title='bbox 2263 1631 2316 1677; x_wconf 90' lang='lat' dir='ltr'><strong>et</strong></span> <span class='ocrx_word' id='word_1_224' title='bbox 2343 1623 2798 1678; x_wconf 88' lang='lat' dir='ltr'><strong>comminationes</strong></span> <span class='ocrx_word' id='word_1_225' title='bbox 2823 1622 3052 1693; x_wconf 84' lang='lat' dir='ltr'><strong>jactant.</strong></span> <span class='ocrx_word' id='word_1_226' title='bbox 3090 1621 3289 1678; x_wconf 88' lang='lat' dir='ltr'><strong>Cavete</strong></span> <span class='ocrx_word' id='word_1_227' title='bbox 3314 1635 3455 1693; x_wconf 82' lang='lat' dir='ltr'><strong>quo-</strong></span> 
     </span>
    </p>
   </div>
   <div class='ocr_carea' id='block_1_33' title="bbox 1878 1714 3451 1784">
    <p class='ocr_par' dir='ltr' id='par_1_33' title="bbox 1878 1714 3451 1784">
     <span class='ocr_line' id='line_1_33' title="bbox 1878 1714 3451 1784; baseline 0 -15"><span class='ocrx_word' id='word_1_228' title='bbox 1878 1715 2066 1770; x_wconf 84' lang='lat' dir='ltr'><strong>minus</strong></span> <span class='ocrx_word' id='word_1_229' title='bbox 2097 1715 2184 1771; x_wconf 90' lang='lat' dir='ltr'><strong>his</strong></span> <span class='ocrx_word' id='word_1_230' title='bbox 2212 1714 2485 1782; x_wconf 86' lang='lat' dir='ltr'><strong>credatis;</strong></span> <span class='ocrx_word' id='word_1_231' title='bbox 2539 1717 2633 1770; x_wconf 90' lang='lat' dir='ltr'><strong>sed</strong></span> <span class='ocrx_word' id='word_1_232' title='bbox 2663 1730 2786 1769; x_wconf 89' lang='lat' dir='ltr'><strong>cum</strong></span> <span class='ocrx_word' id='word_1_233' title='bbox 2818 1715 3143 1771; x_wconf 85' lang='lat' dir='ltr'><strong>tentationes</strong></span> <span class='ocrx_word' id='word_1_234' title='bbox 3172 1714 3451 1784; x_wconf 81' lang='lat' dir='ltr'><strong>ingruunt,</strong></span> 
     </span>
    </p>
   </div>
   <div class='ocr_carea' id='block_1_34' title="bbox 202 1786 3454 1882">
    <p class='ocr_par' dir='ltr' id='par_1_34' title="bbox 202 1786 3454 1882">
     <span class='ocr_line' id='line_1_34' title="bbox 202 1786 3454 1882; baseline -0.002 -17"><span class='ocrx_word' id='word_1_235' title='bbox 202 1812 434 1882; x_wconf 87' lang='lat' dir='ltr'><strong>cupivit,</strong></span> <span class='ocrx_word' id='word_1_236' title='bbox 449 1810 798 1880; x_wconf 87' lang='lat' dir='ltr'><strong>requiescens</strong></span> <span class='ocrx_word' id='word_1_237' title='bbox 816 1811 956 1863; x_wconf 88' lang='lat' dir='ltr'><strong>inter</strong></span> <span class='ocrx_word' id='word_1_238' title='bbox 968 1806 1365 1878; x_wconf 82' lang='lat' dir='ltr'><strong>possessiones.</strong></span> <span class='ocrx_word' id='word_1_239' title='bbox 1383 1804 1679 1873; x_wconf 69' lang='lat' dir='ltr'><strong>vidensque</strong></span> <span class='ocrx_word' id='word_1_240' title='bbox 1696 1819 1780 1858; x_wconf 88' lang='lat' dir='ltr'><strong>re-</strong></span> <span class='ocrx_word' id='word_1_241' title='bbox 1816 1786 1855 1841; x_wconf 77' lang='grc' dir='ltr'>Β</span> <span class='ocrx_word' id='word_1_242' title='bbox 1881 1807 2355 1863; x_wconf 90' lang='lat' dir='ltr'><strong>mansuetudinem</strong></span> <span class='ocrx_word' id='word_1_243' title='bbox 2416 1817 2597 1861; x_wconf 86' lang='lat' dir='ltr'><strong>tenere</strong></span> <span class='ocrx_word' id='word_1_244' title='bbox 2622 1806 2900 1862; x_wconf 90' lang='lat' dir='ltr'><strong>discamus</strong></span> <span class='ocrx_word' id='word_1_245' title='bbox 2927 1845 2942 1871; x_wconf 93' lang='lat'><strong>,</strong></span> <span class='ocrx_word' id='word_1_246' title='bbox 2975 1820 3079 1869; x_wconf 80' lang='lat' dir='ltr'><strong>nec</strong></span> <span class='ocrx_word' id='word_1_247' title='bbox 3110 1805 3178 1860; x_wconf 89' lang='lat' dir='ltr'><strong>ab</strong></span> <span class='ocrx_word' id='word_1_248' title='bbox 3204 1805 3289 1860; x_wconf 87' lang='lat' dir='ltr'><strong>his</strong></span> <span class='ocrx_word' id='word_1_249' title='bbox 3315 1805 3454 1860; x_wconf 90' lang='lat' dir='ltr'><strong>irre-</strong></span> 
     </span>
    </p>
   </div>
   <div class='ocr_carea' id='block_1_35' title="bbox 202 1894 1779 1971">
    <p class='ocr_par' dir='ltr' id='par_1_35' title="bbox 202 1894 1779 1971">
     <span class='ocr_line' id='line_1_35' title="bbox 202 1894 1779 1971; baseline -0.007 -16"><span class='ocrx_word' id='word_1_250' title='bbox 202 1903 390 1971; x_wconf 85' lang='lat' dir='ltr'><strong>quiem</strong></span> <span class='ocrx_word' id='word_1_251' title='bbox 416 1901 562 1971; x_wconf 87' lang='lat' dir='ltr'><strong>quod</strong></span> <span class='ocrx_word' id='word_1_252' title='bbox 587 1909 731 1955; x_wconf 87' lang='lat' dir='ltr'><strong>esset</strong></span> <span class='ocrx_word' id='word_1_253' title='bbox 752 1898 917 1965; x_wconf 88' lang='lat' dir='ltr'><strong>bona,</strong></span> <span class='ocrx_word' id='word_1_254' title='bbox 935 1906 988 1952; x_wconf 88' lang='lat' dir='ltr'><strong>et</strong></span> <span class='ocrx_word' id='word_1_255' title='bbox 1006 1909 1205 1951; x_wconf 89' lang='lat' dir='ltr'><strong>terram</strong></span> <span class='ocrx_word' id='word_1_256' title='bbox 1230 1895 1373 1964; x_wconf 89' lang='lat' dir='ltr'><strong>quod</strong></span> <span class='ocrx_word' id='word_1_257' title='bbox 1395 1894 1634 1965; x_wconf 83' lang='lat' dir='ltr'><strong>pinguis,</strong></span> <span class='ocrx_word' id='word_1_258' title='bbox 1659 1905 1779 1962; x_wconf 91' lang='lat' dir='ltr'><strong>sup-</strong></span> 
     </span>
    </p>
   </div>
   <div class='ocr_carea' id='block_1_36' title="bbox 206 1984 1773 2064">
    <p class='ocr_par' dir='ltr' id='par_1_36' title="bbox 206 1984 1773 2064">
     <span class='ocr_line' id='line_1_36' title="bbox 206 1984 1773 2064; baseline -0.007 -17"><span class='ocrx_word' id='word_1_259' title='bbox 206 1990 395 2064; x_wconf 84' lang='lat' dir='ltr'><strong>posuit</strong></span> <span class='ocrx_word' id='word_1_260' title='bbox 433 1992 722 2045; x_wconf 88' lang='lat' dir='ltr'><strong>humerum</strong></span> <span class='ocrx_word' id='word_1_261' title='bbox 747 2005 905 2045; x_wconf 90' lang='lat' dir='ltr'><strong>suum</strong></span> <span class='ocrx_word' id='word_1_262' title='bbox 930 1987 1126 2054; x_wconf 89' lang='lat' dir='ltr'><strong>labori,</strong></span> <span class='ocrx_word' id='word_1_263' title='bbox 1146 1985 1356 2056; x_wconf 80' lang='lat' dir='ltr'><strong>fuitque</strong></span> <span class='ocrx_word' id='word_1_264' title='bbox 1377 1984 1730 2055; x_wconf 75' lang='lat' dir='ltr'><strong>viragricola.</strong></span> <span class='ocrx_word' id='word_1_265' title='bbox 1755 2003 1773 2036; x_wconf 76' lang='grc' dir='ltr'><strong>ι</strong></span> 
     </span>
    </p>
   </div>
   <div class='ocr_carea' id='block_1_37' title="bbox 206 2075 1780 2146">
    <p class='ocr_par' dir='ltr' id='par_1_37' title="bbox 206 2075 1780 2146">
     <span class='ocr_line' id='line_1_37' title="bbox 206 2075 1780 2146; baseline -0.006 -8"><span class='ocrx_word' id='word_1_266' title='bbox 206 2084 407 2138; x_wconf 90' lang='lat' dir='ltr'><strong>Divino</strong></span> <span class='ocrx_word' id='word_1_267' title='bbox 438 2096 625 2137; x_wconf 91' lang='lat' dir='ltr'><strong>amore</strong></span> <span class='ocrx_word' id='word_1_268' title='bbox 653 2081 970 2136; x_wconf 88' lang='lat' dir='ltr'><strong>vulneratus</strong></span> <span class='ocrx_word' id='word_1_269' title='bbox 996 2078 1121 2142; x_wconf 89' lang='lat' dir='ltr'><strong>fuit,</strong></span> <span class='ocrx_word' id='word_1_270' title='bbox 1159 2087 1221 2132; x_wconf 93' lang='lat' dir='ltr'><strong>ut</strong></span> <span class='ocrx_word' id='word_1_271' title='bbox 1257 2078 1351 2131; x_wconf 86' lang='lat' dir='ltr'><strong>illa</strong></span> <span class='ocrx_word' id='word_1_272' title='bbox 1381 2075 1590 2131; x_wconf 86' lang='lat' dir='ltr'><strong>Cantici</strong></span> <span class='ocrx_word' id='word_1_273' title='bbox 1617 2091 1780 2146; x_wconf 90' lang='lat' dir='ltr'><strong>spon-</strong></span> 
     </span>
    </p>
   </div>
   <div class='ocr_carea' id='block_1_38' title="bbox 206 2168 1780 2248">
    <p class='ocr_par' dir='ltr' id='par_1_38' title="bbox 206 2168 1780 2248">
     <span class='ocr_line' id='line_1_38' title="bbox 206 2168 1780 2248; baseline -0.008 -14"><span class='ocrx_word' id='word_1_274' title='bbox 206 2195 269 2234; x_wconf 84' lang='lat' dir='ltr'><strong>sa</strong></span> <span class='ocrx_word' id='word_1_275' title='bbox 296 2180 367 2245; x_wconf 77' lang='lat'><strong>“,</strong></span> <span class='ocrx_word' id='word_1_276' title='bbox 414 2187 579 2248; x_wconf 86' lang='lat' dir='ltr'><strong>atque</strong></span> <span class='ocrx_word' id='word_1_277' title='bbox 606 2176 893 2230; x_wconf 86' lang='lat' dir='ltr'><strong>utilitatem</strong></span> <span class='ocrx_word' id='word_1_278' title='bbox 920 2175 987 2229; x_wconf 93' lang='lat' dir='ltr'><strong>de</strong></span> <span class='ocrx_word' id='word_1_279' title='bbox 1009 2172 1181 2229; x_wconf 89' lang='lat' dir='ltr'><strong>sacris</strong></span> <span class='ocrx_word' id='word_1_280' title='bbox 1204 2171 1358 2227; x_wconf 85' lang='lat' dir='ltr'><strong>libris</strong></span> <span class='ocrx_word' id='word_1_281' title='bbox 1383 2168 1621 2240; x_wconf 76' lang='lat' dir='ltr'><strong>percepit</strong></span> <span class='ocrx_word' id='word_1_282' title='bbox 1646 2186 1658 2221; x_wconf 91' lang='lat'><strong>:</strong></span> <span class='ocrx_word' id='word_1_283' title='bbox 1688 2182 1780 2222; x_wconf 89' lang='lat' dir='ltr'><strong>ne—</strong></span> 
     </span>
    </p>
   </div>
   <div class='ocr_carea' id='block_1_39' title="bbox 195 2258 1774 2340">
    <p class='ocr_par' dir='ltr' id='par_1_39' title="bbox 195 2258 1774 2340">
     <span class='ocr_line' id='line_1_39' title="bbox 195 2258 1774 2340; baseline -0.008 -15"><span class='ocrx_word' id='word_1_284' title='bbox 195 2284 318 2340; x_wconf 68' lang='lat' dir='ltr'><strong>‘que</strong></span> <span class='ocrx_word' id='word_1_285' title='bbox 354 2284 422 2324; x_wconf 83' lang='lat' dir='ltr'><strong>ex</strong></span> <span class='ocrx_word' id='word_1_286' title='bbox 450 2266 633 2324; x_wconf 77' lang='lat' dir='ltr'><strong>Veteri</strong></span> <span class='ocrx_word' id='word_1_287' title='bbox 666 2266 1017 2322; x_wconf 87' lang='lat' dir='ltr'><strong>Testamento</strong></span> <span class='ocrx_word' id='word_1_288' title='bbox 1055 2272 1262 2319; x_wconf 88' lang='lat' dir='ltr'><strong>tantum</strong></span> <span class='ocrx_word' id='word_1_289' title='bbox 1285 2303 1300 2328; x_wconf 97' lang='lat'><strong>,</strong></span> <span class='ocrx_word' id='word_1_290' title='bbox 1339 2258 1529 2317; x_wconf 87' lang='lat' dir='ltr'><strong>verum</strong></span> <span class='ocrx_word' id='word_1_291' title='bbox 1556 2259 1624 2315; x_wconf 88' lang='lat' dir='ltr'><strong>ad</strong></span> <span class='ocrx_word' id='word_1_292' title='bbox 1652 2273 1774 2330; x_wconf 87' lang='lat' dir='ltr'><strong>pos-</strong></span> 
     </span>
    </p>
   </div>
   <div class='ocr_carea' id='block_1_40' title="bbox 191 2350 1781 2429">
    <p class='ocr_par' dir='ltr' id='par_1_40' title="bbox 191 2350 1781 2429">
     <span class='ocr_line' id='line_1_40' title="bbox 191 2350 1781 2429; baseline -0.009 -11"><span class='ocrx_word' id='word_1_293' title='bbox 191 2362 511 2418; x_wconf 73' lang='lat' dir='ltr'><strong>sessionem</strong></span> <span class='ocrx_word' id='word_1_294' title='bbox 540 2368 828 2429; x_wconf 88' lang='lat' dir='ltr'><strong>utramque</strong></span> <span class='ocrx_word' id='word_1_295' title='bbox 865 2357 1221 2427; x_wconf 70' lang='lat' dir='ltr'><strong>cogitationes</strong></span> <span class='ocrx_word' id='word_1_296' title='bbox 1249 2369 1378 2411; x_wconf 89' lang='lat' dir='ltr'><strong>suas</strong></span> <span class='ocrx_word' id='word_1_297' title='bbox 1408 2352 1656 2409; x_wconf 88' lang='lat' dir='ltr'><strong>intendit.</strong></span> <span class='ocrx_word' id='word_1_298' title='bbox 1692 2350 1781 2404; x_wconf 82' lang='lat' dir='ltr'><strong>ln-</strong></span> 
     </span>
    </p>
   </div>
   <div class='ocr_carea' id='block_1_41' title="bbox 203 2443 1778 2517">
    <p class='ocr_par' dir='ltr' id='par_1_41' title="bbox 203 2443 1778 2517">
     <span class='ocr_line' id='line_1_41' title="bbox 203 2443 1778 2517; baseline -0.008 -8"><span class='ocrx_word' id='word_1_299' title='bbox 203 2454 369 2509; x_wconf 86' lang='lat' dir='ltr'><strong>terim</strong></span> <span class='ocrx_word' id='word_1_300' title='bbox 384 2452 530 2507; x_wconf 87' lang='lat' dir='ltr'><strong>velut</strong></span> <span class='ocrx_word' id='word_1_301' title='bbox 553 2451 664 2517; x_wconf 90' lang='lat' dir='ltr'><strong>ille,</strong></span> <span class='ocrx_word' id='word_1_302' title='bbox 684 2450 774 2505; x_wconf 89' lang='lat' dir='ltr'><strong>cui</strong></span> <span class='ocrx_word' id='word_1_303' title='bbox 791 2457 931 2504; x_wconf 82' lang='lat' dir='ltr'><strong>natae</strong></span> <span class='ocrx_word' id='word_1_304' title='bbox 954 2457 1081 2505; x_wconf 88' lang='lat' dir='ltr'><strong>sunt</strong></span> <span class='ocrx_word' id='word_1_305' title='bbox 1105 2447 1222 2513; x_wconf 64' lang='lat' dir='ltr'><strong>alae,</strong></span> <span class='ocrx_word' id='word_1_306' title='bbox 1241 2447 1513 2503; x_wconf 67' lang='lat' dir='ltr'><strong>caelestem</strong></span> <span class='ocrx_word' id='word_1_307' title='bbox 1533 2443 1778 2513; x_wconf 82' lang='lat' dir='ltr'><strong>requiem</strong></span> 
     </span>
    </p>
   </div>
   <div class='ocr_carea' id='block_1_42' title="bbox 194 2530 1779 2613">
    <p class='ocr_par' dir='ltr' id='par_1_42' title="bbox 194 2530 1779 2613">
     <span class='ocr_line' id='line_1_42' title="bbox 194 2530 1779 2613; baseline -0.008 -15"><span class='ocrx_word' id='word_1_308' title='bbox 194 2541 490 2613; x_wconf 73' lang='lat' dir='ltr'><strong>spectabat</strong></span> <span class='ocrx_word' id='word_1_309' title='bbox 519 2558 533 2595; x_wconf 94' lang='lat'>:</span> <span class='ocrx_word' id='word_1_310' title='bbox 564 2554 690 2593; x_wconf 89' lang='lat' dir='ltr'><strong>nam</strong></span> <span class='ocrx_word' id='word_1_311' title='bbox 719 2549 932 2593; x_wconf 89' lang='lat' dir='ltr'><strong>terrena</strong></span> <span class='ocrx_word' id='word_1_312' title='bbox 956 2536 1175 2607; x_wconf 82' lang='lat' dir='ltr'><strong>quidem</strong></span> <span class='ocrx_word' id='word_1_313' title='bbox 1196 2534 1415 2605; x_wconf 86' lang='lat' dir='ltr'><strong>requies</strong></span> <span class='ocrx_word' id='word_1_314' title='bbox 1443 2533 1495 2588; x_wconf 92' lang='lat' dir='ltr'><strong>in</strong></span> <span class='ocrx_word' id='word_1_315' title='bbox 1523 2530 1779 2601; x_wconf 91' lang='lat' dir='ltr'><strong>operibus</strong></span> 
     </span>
    </p>
   </div>
   <div class='ocr_carea' id='block_1_43' title="bbox 198 2624 1781 2697">
    <p class='ocr_par' dir='ltr' id='par_1_43' title="bbox 198 2624 1781 2697">
     <span class='ocr_line' id='line_1_43' title="bbox 198 2624 1781 2697; baseline -0.006 -8"><span class='ocrx_word' id='word_1_316' title='bbox 198 2635 372 2689; x_wconf 88' lang='lat' dir='ltr'><strong>&#39;bonis</strong></span> <span class='ocrx_word' id='word_1_317' title='bbox 397 2633 655 2697; x_wconf 84' lang='lat' dir='ltr'><strong>habetur;</strong></span> <span class='ocrx_word' id='word_1_318' title='bbox 682 2644 872 2685; x_wconf 86' lang='lat' dir='ltr'><strong>verum</strong></span> <span class='ocrx_word' id='word_1_319' title='bbox 900 2628 1180 2684; x_wconf 85' lang='lat' dir='ltr'><strong>enimvero</strong></span> <span class='ocrx_word' id='word_1_320' title='bbox 1204 2626 1441 2696; x_wconf 84' lang='lat' dir='ltr'><strong>genuina</strong></span> <span class='ocrx_word' id='word_1_321' title='bbox 1474 2624 1563 2679; x_wconf 86' lang='lat' dir='ltr'><strong>illa</strong></span> <span class='ocrx_word' id='word_1_322' title='bbox 1591 2632 1647 2679; x_wconf 89' lang='lat' dir='ltr'><strong>et</strong></span> <span class='ocrx_word' id='word_1_323' title='bbox 1670 2638 1781 2679; x_wconf 72' lang='lat' dir='ltr'><strong>cm-</strong></span> 
     </span>
    </p>
   </div>
   <div class='ocr_carea' id='block_1_44' title="bbox 209 2712 1781 2791">
    <p class='ocr_par' dir='ltr' id='par_1_44' title="bbox 209 2712 1781 2791">
     <span class='ocr_line' id='line_1_44' title="bbox 209 2712 1781 2791; baseline -0.006 -13"><span class='ocrx_word' id='word_1_324' title='bbox 209 2725 396 2791; x_wconf 86' lang='lat' dir='ltr'><strong>lestis,</strong></span> <span class='ocrx_word' id='word_1_325' title='bbox 425 2737 564 2778; x_wconf 89' lang='lat' dir='ltr'><strong>nova</strong></span> <span class='ocrx_word' id='word_1_326' title='bbox 604 2735 820 2791; x_wconf 87' lang='lat' dir='ltr'><strong>semper</strong></span> <span class='ocrx_word' id='word_1_327' title='bbox 851 2728 935 2775; x_wconf 90' lang='lat' dir='ltr'><strong>est</strong></span> <span class='ocrx_word' id='word_1_328' title='bbox 972 2732 1072 2773; x_wconf 93' lang='lat' dir='ltr'><strong>nec</strong></span> <span class='ocrx_word' id='word_1_329' title='bbox 1101 2716 1404 2772; x_wconf 87' lang='lat' dir='ltr'><strong>vetcrascit.</strong></span> <span class='ocrx_word' id='word_1_330' title='bbox 1438 2712 1674 2770; x_wconf 88' lang='lat' dir='ltr'><strong>Terrena</strong></span> <span class='ocrx_word' id='word_1_331' title='bbox 1701 2729 1781 2768; x_wconf 89' lang='lat' dir='ltr'><strong>re-</strong></span> 
     </span>
    </p>
   </div>
   <div class='ocr_carea' id='block_1_45' title="bbox 194 2805 1777 2888">
    <p class='ocr_par' dir='ltr' id='par_1_45' title="bbox 194 2805 1777 2888">
     <span class='ocr_line' id='line_1_45' title="bbox 194 2805 1777 2888; baseline -0.008 -16"><span class='ocrx_word' id='word_1_332' title='bbox 194 2818 369 2888; x_wconf 69' lang='lat' dir='ltr'><strong>quies</strong></span> <span class='ocrx_word' id='word_1_333' title='bbox 398 2813 711 2871; x_wconf 89' lang='lat' dir='ltr'><strong>transitoria</strong></span> <span class='ocrx_word' id='word_1_334' title='bbox 747 2821 865 2877; x_wconf 90' lang='lat' dir='ltr'><strong>est,</strong></span> <span class='ocrx_word' id='word_1_335' title='bbox 929 2819 1065 2866; x_wconf 89' lang='lat' dir='ltr'><strong>teste</strong></span> <span class='ocrx_word' id='word_1_336' title='bbox 1109 2808 1374 2874; x_wconf 87' lang='lat' dir='ltr'><strong>Domino;</strong></span> <span class='ocrx_word' id='word_1_337' title='bbox 1434 2807 1530 2862; x_wconf 90' lang='lat' dir='ltr'><strong>sed</strong></span> <span class='ocrx_word' id='word_1_338' title='bbox 1574 2805 1777 2870; x_wconf 88' lang='lat' dir='ltr'><strong>futura,</strong></span> 
     </span>
    </p>
   </div>
   <div class='ocr_carea' id='block_1_46' title="bbox 204 2897 1780 2978">
    <p class='ocr_par' dir='ltr' id='par_1_46' title="bbox 204 2897 1780 2978">
     <span class='ocr_line' id='line_1_46' title="bbox 204 2897 1780 2978; baseline -0.008 -15"><span class='ocrx_word' id='word_1_339' title='bbox 204 2923 335 2978; x_wconf 71' lang='lat' dir='ltr'><strong>quae</strong></span> <span class='ocrx_word' id='word_1_340' title='bbox 367 2916 584 2963; x_wconf 87' lang='lat' dir='ltr'><strong>sanctos</strong></span> <span class='ocrx_word' id='word_1_341' title='bbox 622 2904 1033 2973; x_wconf 89' lang='lat' dir='ltr'><strong>complectetur,</strong></span> <span class='ocrx_word' id='word_1_342' title='bbox 1060 2900 1407 2955; x_wconf 83' lang='lat' dir='ltr'><strong>immortalis.</strong></span> <span class='ocrx_word' id='word_1_343' title='bbox 1473 2897 1569 2951; x_wconf 83' lang='lat' dir='ltr'><strong>llis</strong></span> <span class='ocrx_word' id='word_1_344' title='bbox 1596 2897 1780 2966; x_wconf 79' lang='lat' dir='ltr'><strong>itaque</strong></span> 
     </span>
    </p>
   </div>
   <div class='ocr_carea' id='block_1_47' title="bbox 194 2989 1779 3065">
    <p class='ocr_par' dir='ltr' id='par_1_47' title="bbox 194 2989 1779 3065">
     <span class='ocr_line' id='line_1_47' title="bbox 194 2989 1779 3065; baseline -0.007 -11"><span class='ocrx_word' id='word_1_345' title='bbox 194 2996 570 3054; x_wconf 68' lang='lat' dir='ltr'><strong>consideratis</strong></span> <span class='ocrx_word' id='word_1_346' title='bbox 600 2995 909 3065; x_wconf 73' lang='lat' dir='ltr'><strong>patriarcha</strong></span> <span class='ocrx_word' id='word_1_347' title='bbox 960 2990 1211 3047; x_wconf 88' lang='lat' dir='ltr'><strong>Issachar</strong></span> <span class='ocrx_word' id='word_1_348' title='bbox 1248 2990 1478 3044; x_wconf 86' lang='lat' dir='ltr'><strong>libenter</strong></span> <span class='ocrx_word' id='word_1_349' title='bbox 1510 2989 1779 3059; x_wconf 83' lang='lat' dir='ltr'><strong>gloriaba-</strong></span> 
     </span>
    </p>
   </div>
   <div class='ocr_carea' id='block_1_48' title="bbox 205 3081 1781 3150">
    <p class='ocr_par' dir='ltr' id='par_1_48' title="bbox 205 3081 1781 3150">
     <span class='ocr_line' id='line_1_48' title="bbox 205 3081 1781 3150; baseline -0.008 -7"><span class='ocrx_word' id='word_1_350' title='bbox 205 3100 300 3143; x_wconf 85' lang='lat' dir='ltr'><strong>tur</strong></span> <span class='ocrx_word' id='word_1_351' title='bbox 330 3087 596 3141; x_wconf 87' lang='lat' dir='ltr'><strong>molestiis</strong></span> <span class='ocrx_word' id='word_1_352' title='bbox 632 3094 688 3140; x_wconf 88' lang='lat' dir='ltr'><strong>et</strong></span> <span class='ocrx_word' id='word_1_353' title='bbox 737 3083 995 3138; x_wconf 64' lang='lat' dir='ltr'><strong>aerumnis</strong></span> <span class='ocrx_word' id='word_1_354' title='bbox 1018 3124 1031 3148; x_wconf 94' lang='lat'><strong>,</strong></span> <span class='ocrx_word' id='word_1_355' title='bbox 1067 3091 1229 3150; x_wconf 89' lang='lat' dir='ltr'><strong>atque</strong></span> <span class='ocrx_word' id='word_1_356' title='bbox 1260 3081 1547 3135; x_wconf 84' lang='lat' dir='ltr'><strong>humerum</strong></span> <span class='ocrx_word' id='word_1_357' title='bbox 1578 3092 1781 3148; x_wconf 81' lang='lat' dir='ltr'><strong>suppo-</strong></span> 
     </span>
    </p>
   </div>
   <div class='ocr_carea' id='block_1_49' title="bbox 207 3171 1780 3246">
    <p class='ocr_par' dir='ltr' id='par_1_49' title="bbox 207 3171 1780 3246">
     <span class='ocr_line' id='line_1_49' title="bbox 207 3171 1780 3246; baseline -0.008 -12"><span class='ocrx_word' id='word_1_358' title='bbox 207 3178 374 3234; x_wconf 87' lang='lat' dir='ltr'><strong>nebat</strong></span> <span class='ocrx_word' id='word_1_359' title='bbox 412 3177 568 3246; x_wconf 88' lang='grc'><strong>122</strong></span> <span class='ocrx_word' id='word_1_360' title='bbox 613 3175 786 3230; x_wconf 88' lang='lat' dir='ltr'><strong>labori</strong></span> <span class='ocrx_word' id='word_1_361' title='bbox 818 3192 833 3239; x_wconf 87' lang='lat'><strong>;</strong></span> <span class='ocrx_word' id='word_1_362' title='bbox 867 3173 984 3227; x_wconf 90' lang='lat' dir='ltr'><strong>sine</strong></span> <span class='ocrx_word' id='word_1_363' title='bbox 1012 3171 1224 3242; x_wconf 88' lang='lat' dir='ltr'><strong>querela</strong></span> <span class='ocrx_word' id='word_1_364' title='bbox 1261 3178 1381 3226; x_wconf 86' lang='lat' dir='ltr'><strong>erat</strong></span> <span class='ocrx_word' id='word_1_365' title='bbox 1428 3184 1551 3225; x_wconf 91' lang='lat' dir='ltr'><strong>cum</strong></span> <span class='ocrx_word' id='word_1_366' title='bbox 1587 3183 1780 3238; x_wconf 87' lang='lat' dir='ltr'><strong>percu-</strong></span> 
     </span>
    </p>
   </div>
   <div class='ocr_carea' id='block_1_50' title="bbox 209 3260 1783 3336">
    <p class='ocr_par' dir='ltr' id='par_1_50' title="bbox 209 3260 1783 3336">
     <span class='ocr_line' id='line_1_50' title="bbox 209 3260 1783 3336; baseline -0.008 -11"><span class='ocrx_word' id='word_1_367' title='bbox 209 3268 473 3325; x_wconf 89' lang='lat' dir='ltr'><strong>tientihus</strong></span> <span class='ocrx_word' id='word_1_368' title='bbox 498 3282 556 3322; x_wconf 92' lang='lat' dir='ltr'><strong>se</strong></span> <span class='ocrx_word' id='word_1_369' title='bbox 584 3284 600 3332; x_wconf 96' lang='lat'><strong>;</strong></span> <span class='ocrx_word' id='word_1_370' title='bbox 634 3280 808 3336; x_wconf 90' lang='lat' dir='ltr'><strong>neque</strong></span> <span class='ocrx_word' id='word_1_371' title='bbox 843 3264 1084 3318; x_wconf 90' lang='lat' dir='ltr'><strong>animum</strong></span> <span class='ocrx_word' id='word_1_372' title='bbox 1117 3261 1433 3317; x_wconf 83' lang='lat' dir='ltr'><strong>demittebat</strong></span> <span class='ocrx_word' id='word_1_373' title='bbox 1464 3260 1520 3314; x_wconf 91' lang='lat' dir='ltr'><strong>in</strong></span> <span class='ocrx_word' id='word_1_374' title='bbox 1555 3260 1783 3330; x_wconf 82' lang='lat' dir='ltr'><strong>ignomi-</strong></span> 
     </span>
    </p>
   </div>
   <div class='ocr_carea' id='block_1_51' title="bbox 208 3351 1783 3427">
    <p class='ocr_par' dir='ltr' id='par_1_51' title="bbox 208 3351 1783 3427">
     <span class='ocr_line' id='line_1_51' title="bbox 208 3351 1783 3427; baseline -0.007 -12"><span class='ocrx_word' id='word_1_375' title='bbox 208 3360 339 3423; x_wconf 90' lang='lat' dir='ltr'><strong>niis,</strong></span> <span class='ocrx_word' id='word_1_376' title='bbox 362 3359 454 3415; x_wconf 86' lang='lat' dir='ltr'><strong>sed</strong></span> <span class='ocrx_word' id='word_1_377' title='bbox 469 3357 626 3427; x_wconf 88' lang='lat' dir='ltr'><strong>quasi</strong></span> <span class='ocrx_word' id='word_1_378' title='bbox 644 3358 727 3410; x_wconf 90' lang='lat' dir='ltr'><strong>vir</strong></span> <span class='ocrx_word' id='word_1_379' title='bbox 761 3354 919 3409; x_wconf 83' lang='lat' dir='ltr'><strong>fortis</strong></span> <span class='ocrx_word' id='word_1_380' title='bbox 944 3355 1011 3409; x_wconf 91' lang='lat' dir='ltr'><strong>de</strong></span> <span class='ocrx_word' id='word_1_381' title='bbox 1039 3354 1293 3408; x_wconf 88' lang='lat' dir='ltr'><strong>omnibus</strong></span> <span class='ocrx_word' id='word_1_382' title='bbox 1323 3351 1710 3421; x_wconf 85' lang='lat' dir='ltr'><strong>triumphabat,</strong></span> <span class='ocrx_word' id='word_1_383' title='bbox 1728 3360 1783 3405; x_wconf 92' lang='lat' dir='ltr'><strong>et</strong></span> 
     </span>
    </p>
   </div>
   <div class='ocr_carea' id='block_1_52' title="bbox 200 3440 1783 3522">
    <p class='ocr_par' dir='ltr' id='par_1_52' title="bbox 200 3440 1783 3522">
     <span class='ocr_line' id='line_1_52' title="bbox 200 3440 1783 3522; baseline -0.008 -14"><span class='ocrx_word' id='word_1_384' title='bbox 200 3453 417 3522; x_wconf 85' lang='lat' dir='ltr'><strong>majore</strong></span> <span class='ocrx_word' id='word_1_385' title='bbox 445 3467 568 3506; x_wconf 90' lang='lat' dir='ltr'><strong>cum</strong></span> <span class='ocrx_word' id='word_1_386' title='bbox 596 3449 880 3503; x_wconf 85' lang='lat' dir='ltr'><strong>alacritate</strong></span> <span class='ocrx_word' id='word_1_387' title='bbox 903 3457 1102 3502; x_wconf 89' lang='lat' dir='ltr'><strong>terram</strong></span> <span class='ocrx_word' id='word_1_388' title='bbox 1127 3461 1281 3501; x_wconf 87' lang='lat' dir='ltr'><strong>suam</strong></span> <span class='ocrx_word' id='word_1_389' title='bbox 1316 3444 1618 3500; x_wconf 75' lang='lat' dir='ltr'><strong>excolebat.</strong></span> <span class='ocrx_word' id='word_1_390' title='bbox 1647 3440 1783 3497; x_wconf 86' lang='lat' dir='ltr'><strong>Ver-</strong></span> 
     </span>
    </p>
   </div>
   <div class='ocr_carea' id='block_1_53' title="bbox 204 3535 1778 3613">
    <p class='ocr_par' dir='ltr' id='par_1_53' title="bbox 204 3535 1778 3613">
     <span class='ocr_line' id='line_1_53' title="bbox 204 3535 1778 3613; baseline -0.009 -12"><span class='ocrx_word' id='word_1_391' title='bbox 204 3545 340 3601; x_wconf 71' lang='lat' dir='ltr'><strong>bum</strong></span> <span class='ocrx_word' id='word_1_392' title='bbox 380 3543 596 3613; x_wconf 90' lang='lat' dir='ltr'><strong>quidem</strong></span> <span class='ocrx_word' id='word_1_393' title='bbox 637 3542 884 3601; x_wconf 87' lang='lat' dir='ltr'><strong>serebat,</strong></span> <span class='ocrx_word' id='word_1_394' title='bbox 920 3540 1036 3609; x_wconf 89' lang='lat' dir='ltr'><strong>ipse</strong></span> <span class='ocrx_word' id='word_1_395' title='bbox 1061 3550 1240 3592; x_wconf 89' lang='lat' dir='ltr'><strong>autem</strong></span> <span class='ocrx_word' id='word_1_396' title='bbox 1272 3537 1401 3608; x_wconf 82' lang='lat' dir='ltr'><strong>vigil</strong></span> <span class='ocrx_word' id='word_1_397' title='bbox 1430 3535 1778 3604; x_wconf 74' lang='lat' dir='ltr'><strong>agricolabat,</strong></span> 
     </span>
    </p>
   </div>
   <div class='ocr_carea' id='block_1_54' title="bbox 195 3626 1777 3700">
    <p class='ocr_par' dir='ltr' id='par_1_54' title="bbox 195 3626 1777 3700">
     <span class='ocr_line' id='line_1_54' title="bbox 195 3626 1777 3700; baseline -0.009 -8"><span class='ocrx_word' id='word_1_398' title='bbox 195 3635 386 3692; x_wconf 73' lang='lat' dir='ltr'><strong>donec</strong></span> <span class='ocrx_word' id='word_1_399' title='bbox 407 3642 778 3688; x_wconf 85' lang='lat' dir='ltr'><strong>maturescens</strong></span> <span class='ocrx_word' id='word_1_400' title='bbox 794 3631 1003 3686; x_wconf 79' lang='lat' dir='ltr'><strong>fructus</strong></span> <span class='ocrx_word' id='word_1_401' title='bbox 1021 3644 1159 3700; x_wconf 87' lang='lat' dir='ltr'><strong>pene</strong></span> <span class='ocrx_word' id='word_1_402' title='bbox 1179 3628 1463 3698; x_wconf 78' lang='lat' dir='ltr'><strong>centuplex</strong></span> <span class='ocrx_word' id='word_1_403' title='bbox 1486 3626 1659 3681; x_wconf 84' lang='lat' dir='ltr'><strong>factus</strong></span> <span class='ocrx_word' id='word_1_404' title='bbox 1678 3636 1777 3679; x_wconf 83' lang='lat' dir='ltr'><strong>est.</strong></span> 
     </span>
    </p>
   </div>
   <div class='ocr_carea' id='block_1_55' title="bbox 281 3714 1780 3792">
    <p class='ocr_par' dir='ltr' id='par_1_55' title="bbox 281 3714 1780 3792">
     <span class='ocr_line' id='line_1_55' title="bbox 281 3714 1780 3792; baseline -0.008 -11"><span class='ocrx_word' id='word_1_405' title='bbox 281 3726 337 3781; x_wconf 84' lang='lat'><strong>6.</strong></span> <span class='ocrx_word' id='word_1_406' title='bbox 378 3725 519 3792; x_wconf 86' lang='lat' dir='ltr'><strong>Quid</strong></span> <span class='ocrx_word' id='word_1_407' title='bbox 547 3736 631 3782; x_wconf 90' lang='lat' dir='ltr'><strong>est</strong></span> <span class='ocrx_word' id='word_1_408' title='bbox 665 3714 788 3789; x_wconf 85' lang='lat' dir='ltr'><strong>hoc,</strong></span> <span class='ocrx_word' id='word_1_409' title='bbox 825 3722 1007 3778; x_wconf 89' lang='lat' dir='ltr'><strong>dilecti</strong></span> <span class='ocrx_word' id='word_1_410' title='bbox 1040 3722 1167 3788; x_wconf 91' lang='lat' dir='ltr'><strong>mei,</strong></span> <span class='ocrx_word' id='word_1_411' title='bbox 1198 3720 1310 3776; x_wconf 86' lang='lat' dir='ltr'><strong>nisi</strong></span> <span class='ocrx_word' id='word_1_412' title='bbox 1339 3719 1484 3790; x_wconf 91' lang='lat' dir='ltr'><strong>quod</strong></span> <span class='ocrx_word' id='word_1_413' title='bbox 1520 3733 1644 3774; x_wconf 88' lang='lat' dir='ltr'><strong>cum</strong></span> <span class='ocrx_word' id='word_1_414' title='bbox 1675 3717 1780 3771; x_wconf 88' lang='lat' dir='ltr'><strong>ini-</strong></span> 
     </span>
    </p>
   </div>
   <div class='ocr_carea' id='block_1_56' title="bbox 207 3808 1783 3887">
    <p class='ocr_par' dir='ltr' id='par_1_56' title="bbox 207 3808 1783 3887">
     <span class='ocr_line' id='line_1_56' title="bbox 207 3808 1783 3887; baseline -0.009 -14"><span class='ocrx_word' id='word_1_415' title='bbox 207 3817 384 3873; x_wconf 89' lang='lat' dir='ltr'><strong>micos</strong></span> <span class='ocrx_word' id='word_1_416' title='bbox 423 3816 690 3887; x_wconf 90' lang='lat' dir='ltr'><strong>patienter</strong></span> <span class='ocrx_word' id='word_1_417' title='bbox 724 3814 982 3880; x_wconf 86' lang='lat' dir='ltr'><strong>ferimus,</strong></span> <span class='ocrx_word' id='word_1_418' title='bbox 1019 3822 1147 3867; x_wconf 91' lang='lat' dir='ltr'><strong>tunc</strong></span> <span class='ocrx_word' id='word_1_419' title='bbox 1177 3811 1244 3866; x_wconf 89' lang='lat' dir='ltr'><strong>de</strong></span> <span class='ocrx_word' id='word_1_420' title='bbox 1278 3809 1544 3879; x_wconf 79' lang='lat' dir='ltr'><strong>angustiis</strong></span> <span class='ocrx_word' id='word_1_421' title='bbox 1585 3808 1783 3879; x_wconf 87' lang='lat' dir='ltr'><strong>gloria-</strong></span> 
     </span>
    </p>
   </div>
   <div class='ocr_carea' id='block_1_57' title="bbox 207 3894 1782 3978">
    <p class='ocr_par' dir='ltr' id='par_1_57' title="bbox 207 3894 1782 3978">
     <span class='ocr_line' id='line_1_57' title="bbox 207 3894 1782 3978; baseline -0.007 -13"><span class='ocrx_word' id='word_1_422' title='bbox 207 3909 379 3965; x_wconf 77' lang='lat' dir='ltr'><strong>mur?</strong></span> <span class='ocrx_word' id='word_1_423' title='bbox 436 3909 503 3964; x_wconf 86' lang='lat' dir='ltr'><strong>Et</strong></span> <span class='ocrx_word' id='word_1_424' title='bbox 536 3924 656 3964; x_wconf 90' lang='lat' dir='ltr'><strong>cum</strong></span> <span class='ocrx_word' id='word_1_425' title='bbox 692 3907 1126 3978; x_wconf 82' lang='lat' dir='ltr'><strong>persecutionem</strong></span> <span class='ocrx_word' id='word_1_426' title='bbox 1173 3894 1440 3974; x_wconf 84' lang='lat' dir='ltr'><strong>patimur,</strong></span> <span class='ocrx_word' id='word_1_427' title='bbox 1494 3899 1782 3957; x_wconf 88' lang='lat' dir='ltr'><strong>concidere</strong></span> 
     </span>
    </p>
   </div>
   <div class='ocr_carea' id='block_1_58' title="bbox 206 3994 1780 4070">
    <p class='ocr_par' dir='ltr' id='par_1_58' title="bbox 206 3994 1780 4070">
     <span class='ocr_line' id='line_1_58' title="bbox 206 3994 1780 4070; baseline -0.009 -13"><span class='ocrx_word' id='word_1_428' title='bbox 206 4001 411 4058; x_wconf 84' lang='lat' dir='ltr'><strong>animis</strong></span> <span class='ocrx_word' id='word_1_429' title='bbox 436 4015 776 4070; x_wconf 88' lang='lat' dir='ltr'><strong>nequaquam</strong></span> <span class='ocrx_word' id='word_1_430' title='bbox 800 4007 1032 4068; x_wconf 90' lang='lat' dir='ltr'><strong>oportet,</strong></span> <span class='ocrx_word' id='word_1_431' title='bbox 1056 3994 1149 4051; x_wconf 89' lang='lat' dir='ltr'><strong>sed</strong></span> <span class='ocrx_word' id='word_1_432' title='bbox 1172 3994 1353 4064; x_wconf 89' lang='lat' dir='ltr'><strong>potius</strong></span> <span class='ocrx_word' id='word_1_433' title='bbox 1375 4007 1503 4063; x_wconf 83' lang='lat' dir='ltr'><strong>erga</strong></span> <span class='ocrx_word' id='word_1_434' title='bbox 1524 4006 1780 4046; x_wconf 88' lang='lat' dir='ltr'><strong>coronam</strong></span> 
     </span>
    </p>
   </div>
   <div class='ocr_carea' id='block_1_59' title="bbox 202 4080 1781 4161">
    <p class='ocr_par' dir='ltr' id='par_1_59' title="bbox 202 4080 1781 4161">
     <span class='ocr_line' id='line_1_59' title="bbox 202 4080 1781 4161; baseline -0.009 -13"><span class='ocrx_word' id='word_1_435' title='bbox 202 4093 501 4148; x_wconf 89' lang='lat' dir='ltr'><strong>decurrere</strong></span> <span class='ocrx_word' id='word_1_436' title='bbox 520 4105 768 4161; x_wconf 66' lang='lat' dir='ltr'><strong>superna:</strong></span> <span class='ocrx_word' id='word_1_437' title='bbox 785 4088 1086 4144; x_wconf 89' lang='lat' dir='ltr'><strong>vocationis</strong></span> <span class='ocrx_word' id='word_1_438' title='bbox 1110 4087 1163 4141; x_wconf 90' lang='lat' dir='ltr'><strong>in</strong></span> <span class='ocrx_word' id='word_1_439' title='bbox 1177 4085 1394 4141; x_wconf 86' lang='lat' dir='ltr'><strong>Christo</strong></span> <span class='ocrx_word' id='word_1_440' title='bbox 1409 4082 1534 4139; x_wconf 83' lang='lat' dir='ltr'><strong>Jcsu</strong></span> <span class='ocrx_word' id='word_1_441' title='bbox 1554 4080 1781 4137; x_wconf 81' lang='lat' dir='ltr'><strong>Domino</strong></span> 
     </span>
    </p>
   </div>
   <div class='ocr_carea' id='block_1_60' title="bbox 207 4179 1781 4248">
    <p class='ocr_par' dir='ltr' id='par_1_60' title="bbox 207 4179 1781 4248">
     <span class='ocr_line' id='line_1_60' title="bbox 207 4179 1781 4248; baseline -0.006 -11"><span class='ocrx_word' id='word_1_442' title='bbox 207 4190 431 4243; x_wconf 64' lang='lat' dir='ltr'><strong>nostro,</strong></span> <span class='ocrx_word' id='word_1_443' title='bbox 449 4180 517 4236; x_wconf 91' lang='lat' dir='ltr'><strong>Et</strong></span> <span class='ocrx_word' id='word_1_444' title='bbox 541 4196 665 4237; x_wconf 91' lang='lat' dir='ltr'><strong>cum</strong></span> <span class='ocrx_word' id='word_1_445' title='bbox 700 4179 902 4248; x_wconf 87' lang='lat' dir='ltr'><strong>injuria</strong></span> <span class='ocrx_word' id='word_1_446' title='bbox 938 4179 1237 4242; x_wconf 86' lang='lat' dir='ltr'><strong>allicimur,</strong></span> <span class='ocrx_word' id='word_1_447' title='bbox 1275 4190 1362 4242; x_wconf 80' lang='lat' dir='ltr'><strong>ne,</strong></span> <span class='ocrx_word' id='word_1_448' title='bbox 1393 4189 1603 4245; x_wconf 78' lang='lat' dir='ltr'><strong>quaeso,</strong></span> <span class='ocrx_word' id='word_1_449' title='bbox 1629 4189 1781 4228; x_wconf 90' lang='lat' dir='ltr'><strong>com-</strong></span> 
     </span>
    </p>
   </div>
   <div class='ocr_carea' id='block_1_61' title="bbox 208 4267 1781 4342">
    <p class='ocr_par' dir='ltr' id='par_1_61' title="bbox 208 4267 1781 4342">
     <span class='ocr_line' id='line_1_61' title="bbox 208 4267 1781 4342; baseline -0.005 -13"><span class='ocrx_word' id='word_1_450' title='bbox 208 4288 564 4342; x_wconf 87' lang='lat' dir='ltr'><strong>moveamur,</strong></span> <span class='ocrx_word' id='word_1_451' title='bbox 598 4273 692 4329; x_wconf 90' lang='lat' dir='ltr'><strong>sed</strong></span> <span class='ocrx_word' id='word_1_452' title='bbox 734 4272 1007 4325; x_wconf 80' lang='lat' dir='ltr'><strong>maxillam</strong></span> <span class='ocrx_word' id='word_1_453' title='bbox 1058 4278 1304 4324; x_wconf 86' lang='lat' dir='ltr'><strong>nostram</strong></span> <span class='ocrx_word' id='word_1_454' title='bbox 1354 4267 1781 4337; x_wconf 85' lang='lat' dir='ltr'><strong>percutientibus</strong></span> 
     </span>
    </p>
   </div>
   <div class='ocr_carea' id='block_1_62' title="bbox 203 4358 1775 4439">
    <p class='ocr_par' dir='ltr' id='par_1_62' title="bbox 203 4358 1775 4439">
     <span class='ocr_line' id='line_1_62' title="bbox 203 4358 1775 4439; baseline -0.005 -19"><span class='ocrx_word' id='word_1_455' title='bbox 203 4368 551 4439; x_wconf 53' lang='lat' dir='ltr'><strong>praebeamus</strong></span> <span class='ocrx_word' id='word_1_456' title='bbox 574 4406 589 4431; x_wconf 92' lang='lat'><strong>,</strong></span> <span class='ocrx_word' id='word_1_457' title='bbox 640 4367 804 4421; x_wconf 87' lang='lat' dir='ltr'><strong>simul</strong></span> <span class='ocrx_word' id='word_1_458' title='bbox 850 4365 1135 4417; x_wconf 87' lang='lat' dir='ltr'><strong>humerum</strong></span> <span class='ocrx_word' id='word_1_459' title='bbox 1161 4369 1406 4414; x_wconf 88' lang='lat' dir='ltr'><strong>nostrum</strong></span> <span class='ocrx_word' id='word_1_460' title='bbox 1435 4358 1775 4413; x_wconf 85' lang='lat' dir='ltr'><strong>inclinantes.</strong></span> 
     </span>
    </p>
   </div>
   <div class='ocr_carea' id='block_1_63' title="bbox 202 4540 1777 4617">
    <p class='ocr_par' dir='ltr' id='par_1_63' title="bbox 202 4540 1777 4617">
     <span class='ocr_line' id='line_1_63' title="bbox 202 4540 1777 4617; baseline -0.009 -11"><span class='ocrx_word' id='word_1_461' title='bbox 202 4563 320 4617; x_wconf 80' lang='lat' dir='ltr'><strong>tur,</strong></span> <span class='ocrx_word' id='word_1_462' title='bbox 349 4560 409 4605; x_wconf 89' lang='lat' dir='ltr'><strong>ut</strong></span> <span class='ocrx_word' id='word_1_463' title='bbox 430 4550 620 4605; x_wconf 83' lang='lat' dir='ltr'><strong>beatus</strong></span> <span class='ocrx_word' id='word_1_464' title='bbox 650 4547 887 4603; x_wconf 72' lang='lat' dir='ltr'><strong>Iacobus</strong></span> <span class='ocrx_word' id='word_1_465' title='bbox 912 4546 1192 4616; x_wconf 84' lang='lat' dir='ltr'><strong>apostolus</strong></span> <span class='ocrx_word' id='word_1_466' title='bbox 1226 4543 1307 4598; x_wconf 86' lang='lat' dir='ltr'><strong>ait</strong></span> <span class='ocrx_word' id='word_1_467' title='bbox 1327 4543 1405 4594; x_wconf 64' lang='lat'><strong>‘3:</strong></span> <span class='ocrx_word' id='word_1_468' title='bbox 1451 4560 1469 4591; x_wconf 86' lang='grc' dir='ltr'><strong>ι</strong></span> <span class='ocrx_word' id='word_1_469' title='bbox 1505 4540 1777 4596; x_wconf 83' lang='lat' dir='ltr'><strong>Abstracti</strong></span> 
     </span>
    </p>
   </div>
   <div class='ocr_carea' id='block_1_64' title="bbox 201 4633 1778 4709">
    <p class='ocr_par' dir='ltr' id='par_1_64' title="bbox 201 4633 1778 4709">
     <span class='ocr_line' id='line_1_64' title="bbox 201 4633 1778 4709; baseline -0.008 -9"><span class='ocrx_word' id='word_1_470' title='bbox 201 4652 262 4700; x_wconf 83' lang='lat' dir='ltr'><strong>ot</strong></span> <span class='ocrx_word' id='word_1_471' title='bbox 286 4642 449 4697; x_wconf 85' lang='lat' dir='ltr'><strong>illecti</strong></span> <span class='ocrx_word' id='word_1_472' title='bbox 486 4658 516 4696; x_wconf 89' lang='lat' dir='ltr'><strong>a</strong></span> <span class='ocrx_word' id='word_1_473' title='bbox 548 4639 988 4709; x_wconf 87' lang='lat' dir='ltr'><strong>concupiscentia</strong></span> <span class='ocrx_word' id='word_1_474' title='bbox 1016 4652 1146 4702; x_wconf 88' lang='lat' dir='ltr'><strong>sua;</strong></span> <span class='ocrx_word' id='word_1_475' title='bbox 1178 4655 1196 4686; x_wconf 77' lang='grc' dir='ltr'><strong>ι</strong></span> <span class='ocrx_word' id='word_1_476' title='bbox 1230 4650 1332 4690; x_wconf 86' lang='lat' dir='ltr'><strong>nos</strong></span> <span class='ocrx_word' id='word_1_477' title='bbox 1359 4642 1538 4688; x_wconf 82' lang='lat' dir='ltr'><strong>tamen</strong></span> <span class='ocrx_word' id='word_1_478' title='bbox 1573 4633 1778 4688; x_wconf 83' lang='lat' dir='ltr'><strong>scimus</strong></span> 
     </span>
    </p>
   </div>
   <div class='ocr_carea' id='block_1_65' title="bbox 205 4722 1779 4809">
    <p class='ocr_par' dir='ltr' id='par_1_65' title="bbox 205 4722 1779 4809">
     <span class='ocr_line' id='line_1_65' title="bbox 205 4722 1779 4809; baseline -0.008 -18"><span class='ocrx_word' id='word_1_479' title='bbox 205 4752 310 4809; x_wconf 89' lang='lat' dir='ltr'><strong>pro</strong></span> <span class='ocrx_word' id='word_1_480' title='bbox 354 4735 579 4789; x_wconf 88' lang='lat' dir='ltr'><strong>verit-ate</strong></span> <span class='ocrx_word' id='word_1_481' title='bbox 628 4749 728 4787; x_wconf 88' lang='lat' dir='ltr'><strong>nos</strong></span> <span class='ocrx_word' id='word_1_482' title='bbox 777 4731 920 4801; x_wconf 91' lang='lat' dir='ltr'><strong>pati,</strong></span> <span class='ocrx_word' id='word_1_483' title='bbox 962 4743 1060 4783; x_wconf 86' lang='lat' dir='ltr'><strong>nec</strong></span> <span class='ocrx_word' id='word_1_484' title='bbox 1089 4729 1192 4782; x_wconf 92' lang='lat' dir='ltr'><strong>nisi</strong></span> <span class='ocrx_word' id='word_1_485' title='bbox 1218 4742 1253 4781; x_wconf 86' lang='lat' dir='ltr'><strong>a</strong></span> <span class='ocrx_word' id='word_1_486' title='bbox 1286 4725 1638 4794; x_wconf 74' lang='lat' dir='ltr'><strong>negatorihus</strong></span> <span class='ocrx_word' id='word_1_487' title='bbox 1683 4722 1779 4779; x_wconf 90' lang='lat' dir='ltr'><strong>Dei</strong></span> 
     </span>
    </p>
   </div>
   <div class='ocr_carea' id='block_1_66' title="bbox 207 4817 1780 4899">
    <p class='ocr_par' dir='ltr' id='par_1_66' title="bbox 207 4817 1780 4899">
     <span class='ocr_line' id='line_1_66' title="bbox 207 4817 1780 4899; baseline -0.01 -13"><span class='ocrx_word' id='word_1_488' title='bbox 207 4829 418 4899; x_wconf 88' lang='lat' dir='ltr'><strong>percuti</strong></span> <span class='ocrx_word' id='word_1_489' title='bbox 445 4837 500 4883; x_wconf 91' lang='lat' dir='ltr'><strong>ct</strong></span> <span class='ocrx_word' id='word_1_490' title='bbox 533 4824 779 4881; x_wconf 81' lang='lat' dir='ltr'><strong>infestari</strong></span> <span class='ocrx_word' id='word_1_491' title='bbox 807 4843 824 4879; x_wconf 79' lang='grc' dir='ltr'>ς</span> <span class='ocrx_word' id='word_1_492' title='bbox 859 4836 1252 4895; x_wconf 83' lang='lat' dir='ltr'><strong>speramusque</strong></span> <span class='ocrx_word' id='word_1_493' title='bbox 1274 4820 1491 4891; x_wconf 88' lang='lat' dir='ltr'><strong>plenum</strong></span> <span class='ocrx_word' id='word_1_494' title='bbox 1520 4817 1780 4889; x_wconf 76' lang='lat' dir='ltr'><strong>gaudium</strong></span> 
     </span>
    </p>
   </div>
   <div class='ocr_carea' id='block_1_67' title="bbox 128 4908 1780 4988">
    <p class='ocr_par' dir='ltr' id='par_1_67' title="bbox 128 4908 1780 4988">
     <span class='ocr_line' id='line_1_67' title="bbox 128 4908 1780 4988; baseline -0.01 -11"><span class='ocrx_word' id='word_1_495' title='bbox 128 4914 133 4919; x_wconf 70' lang='grc'><em>’</em></span> <span class='ocrx_word' id='word_1_496' title='bbox 205 4922 455 4978; x_wconf 88' lang='lat' dir='ltr'><strong>obtinere</strong></span> <span class='ocrx_word' id='word_1_497' title='bbox 477 4957 493 4986; x_wconf 88' lang='lat'><strong>,</strong></span> <span class='ocrx_word' id='word_1_498' title='bbox 539 4920 693 4988; x_wconf 82' lang='lat' dir='ltr'><strong>juxta</strong></span> <span class='ocrx_word' id='word_1_499' title='bbox 718 4915 910 4971; x_wconf 83' lang='lat' dir='ltr'><strong>Jacobi</strong></span> <span class='ocrx_word' id='word_1_500' title='bbox 937 4916 1139 4970; x_wconf 87' lang='lat' dir='ltr'><strong>dictum</strong></span> <span class='ocrx_word' id='word_1_501' title='bbox 1163 4912 1208 4943; x_wconf 69' lang='grc'><strong>⁸⁵</strong></span> <span class='ocrx_word' id='word_1_502' title='bbox 1241 4931 1255 4967; x_wconf 91' lang='lat'>:</span> <span class='ocrx_word' id='word_1_503' title='bbox 1294 4930 1313 4963; x_wconf 82' lang='grc' dir='ltr'><strong>ι</strong></span> <span class='ocrx_word' id='word_1_504' title='bbox 1344 4910 1479 4968; x_wconf 88' lang='lat' dir='ltr'><strong>Cum</strong></span> <span class='ocrx_word' id='word_1_505' title='bbox 1514 4911 1568 4963; x_wconf 93' lang='lat' dir='ltr'><strong>in</strong></span> <span class='ocrx_word' id='word_1_506' title='bbox 1599 4908 1780 4962; x_wconf 84' lang='lat' dir='ltr'><strong>varias</strong></span> 
     </span>
    </p>
   </div>
   <div class='ocr_carea' id='block_1_68' title="bbox 206 4999 1780 5087">
    <p class='ocr_par' dir='ltr' id='par_1_68' title="bbox 206 4999 1780 5087">
     <span class='ocr_line' id='line_1_68' title="bbox 206 4999 1780 5087; baseline -0.01 -18"><span class='ocrx_word' id='word_1_507' title='bbox 206 5013 591 5087; x_wconf 86' lang='lat' dir='ltr'><strong>probationum</strong></span> <span class='ocrx_word' id='word_1_508' title='bbox 625 5008 949 5065; x_wconf 87' lang='lat' dir='ltr'><strong>tentationes</strong></span> <span class='ocrx_word' id='word_1_509' title='bbox 981 5005 1364 5069; x_wconf 88' lang='lat' dir='ltr'><strong>inciderimus,</strong></span> <span class='ocrx_word' id='word_1_510' title='bbox 1392 5004 1596 5058; x_wconf 77' lang='lat' dir='ltr'><strong>scimus</strong></span> <span class='ocrx_word' id='word_1_511' title='bbox 1633 4999 1780 5070; x_wconf 88' lang='lat' dir='ltr'><strong>quod</strong></span> 
     </span>
    </p>
   </div>
   <div class='ocr_carea' id='block_1_69' title="bbox 204 5090 1777 5178">
    <p class='ocr_par' dir='ltr' id='par_1_69' title="bbox 204 5090 1777 5178">
     <span class='ocr_line' id='line_1_69' title="bbox 204 5090 1777 5178; baseline -0.011 -17"><span class='ocrx_word' id='word_1_512' title='bbox 204 5105 458 5178; x_wconf 84' lang='lat' dir='ltr'><strong>probatio</strong></span> <span class='ocrx_word' id='word_1_513' title='bbox 486 5102 607 5158; x_wconf 80' lang='lat' dir='ltr'><strong>fidei</strong></span> <span class='ocrx_word' id='word_1_514' title='bbox 639 5108 837 5156; x_wconf 66' lang='lat' dir='ltr'><strong>nostra:</strong></span> <span class='ocrx_word' id='word_1_515' title='bbox 860 5098 1177 5169; x_wconf 85' lang='lat' dir='ltr'><strong>patientiam</strong></span> <span class='ocrx_word' id='word_1_516' title='bbox 1203 5103 1480 5166; x_wconf 87' lang='lat' dir='ltr'><strong>operatur.</strong></span> <span class='ocrx_word' id='word_1_517' title='bbox 1511 5111 1530 5144; x_wconf 74' lang='grc' dir='ltr'><strong>ι</strong></span> <span class='ocrx_word' id='word_1_518' title='bbox 1564 5090 1628 5146; x_wconf 85' lang='lat' dir='ltr'><strong>Et</strong></span> <span class='ocrx_word' id='word_1_519' title='bbox 1647 5093 1777 5146; x_wconf 91' lang='lat' dir='ltr'><strong>dum</strong></span> 
     </span>
    </p>
   </div>
   <div class='ocr_carea' id='block_1_70' title="bbox 208 5183 1779 5264">
    <p class='ocr_par' dir='ltr' id='par_1_70' title="bbox 208 5183 1779 5264">
     <span class='ocr_line' id='line_1_70' title="bbox 208 5183 1779 5264; baseline -0.011 -12"><span class='ocrx_word' id='word_1_520' title='bbox 208 5198 410 5252; x_wconf 81' lang='lat' dir='ltr'><strong>festum</strong></span> <span class='ocrx_word' id='word_1_521' title='bbox 427 5193 660 5264; x_wconf 83' lang='lat' dir='ltr'><strong>agimus,</strong></span> <span class='ocrx_word' id='word_1_522' title='bbox 679 5190 877 5245; x_wconf 82' lang='lat' dir='ltr'><strong>fratres</strong></span> <span class='ocrx_word' id='word_1_523' title='bbox 899 5189 1026 5256; x_wconf 90' lang='lat' dir='ltr'><strong>mei,</strong></span> <span class='ocrx_word' id='word_1_524' title='bbox 1049 5189 1169 5242; x_wconf 83' lang='lat' dir='ltr'><strong>laeto</strong></span> <span class='ocrx_word' id='word_1_525' title='bbox 1190 5186 1374 5241; x_wconf 90' lang='lat' dir='ltr'><strong>animo</strong></span> <span class='ocrx_word' id='word_1_526' title='bbox 1397 5183 1592 5249; x_wconf 88' lang='lat' dir='ltr'><strong>simus,</strong></span> <span class='ocrx_word' id='word_1_527' title='bbox 1610 5184 1779 5251; x_wconf 87' lang='lat' dir='ltr'><strong>probe</strong></span> 
     </span>
    </p>
   </div>
   <div class='ocr_carea' id='block_1_71' title="bbox 288 5442 771 5510">
    <p class='ocr_par' dir='ltr' id='par_1_71' title="bbox 288 5442 771 5510">
     <span class='ocr_line' id='line_1_71' title="bbox 288 5442 771 5510; baseline -0.012 -8"><span class='ocrx_word' id='word_1_528' title='bbox 288 5447 331 5481; x_wconf 85' lang='grc'><strong><em>⁸⁸</em></strong></span> <span class='ocrx_word' id='word_1_529' title='bbox 351 5446 511 5501; x_wconf 83' lang='lat' dir='ltr'><strong>Rom.</strong></span> <span class='ocrx_word' id='word_1_530' title='bbox 535 5459 659 5510; x_wconf 83' lang='lat' dir='ltr'><strong>vnl,</strong></span> <span class='ocrx_word' id='word_1_531' title='bbox 684 5442 771 5498; x_wconf 75' lang='grc'>18.</span> 
     </span>
    </p>
   </div>
   <div class='ocr_carea' id='block_1_72' title="bbox 205 5514 749 5582">
    <p class='ocr_par' dir='ltr' id='par_1_72' title="bbox 205 5514 749 5582">
     <span class='ocr_line' id='line_1_72' title="bbox 205 5514 749 5582; baseline -0.007 -11"><span class='ocrx_word' id='word_1_532' title='bbox 205 5521 253 5554; x_wconf 72' lang='grc'>⁸⁸</span> <span class='ocrx_word' id='word_1_533' title='bbox 293 5518 449 5574; x_wconf 89' lang='lat' dir='ltr'><strong>Deut.</strong></span> <span class='ocrx_word' id='word_1_534' title='bbox 482 5530 600 5582; x_wconf 80' lang='lat' dir='ltr'><strong>xm,</strong></span> <span class='ocrx_word' id='word_1_535' title='bbox 631 5514 749 5569; x_wconf 67' lang='grc'><strong>1-3.</strong></span> 
     </span>
    </p>
   </div>
   <div class='ocr_carea' id='block_1_73' title="bbox 842 5439 1488 5509">
    <p class='ocr_par' dir='ltr' id='par_1_73' title="bbox 842 5439 1488 5509">
     <span class='ocr_line' id='line_1_73' title="bbox 842 5439 1488 5509; baseline -0.015 -5"><span class='ocrx_word' id='word_1_536' title='bbox 842 5444 901 5504; x_wconf 10' lang='grc' dir='ltr'><strong>ή⁶¹</strong></span> <span class='ocrx_word' id='word_1_537' title='bbox 934 5442 1069 5500; x_wconf 86' lang='lat' dir='ltr'><strong>Gen.</strong></span> <span class='ocrx_word' id='word_1_538' title='bbox 1103 5440 1371 5509; x_wconf 70' lang='lat' dir='ltr'><strong>xux,14,</strong></span> <span class='ocrx_word' id='word_1_539' title='bbox 1403 5439 1488 5496; x_wconf 83' lang='lat' dir='ltr'><strong>l5.</strong></span> 
     </span>
    </p>
   </div>
   <div class='ocr_carea' id='block_1_74' title="bbox 1577 5422 1968 5501">
    <p class='ocr_par' dir='ltr' id='par_1_74' title="bbox 1577 5422 1968 5501">
     <span class='ocr_line' id='line_1_74' title="bbox 1577 5422 1968 5501; baseline -0.003 -9"><span class='ocrx_word' id='word_1_540' title='bbox 1577 5438 1622 5470; x_wconf 79' lang='lat'><strong>&quot;</strong></span> <span class='ocrx_word' id='word_1_541' title='bbox 1639 5437 1795 5492; x_wconf 86' lang='lat' dir='ltr'><strong>Cant.</strong></span> <span class='ocrx_word' id='word_1_542' title='bbox 1822 5422 1895 5501; x_wconf 82' lang='lat' dir='ltr'><strong>1v,</strong></span> <span class='ocrx_word' id='word_1_543' title='bbox 1914 5435 1968 5491; x_wconf 92' lang='lat'><strong>9.</strong></span> 
     </span>
    </p>
   </div>
   <div class='ocr_carea' id='block_1_75' title="bbox 1880 1895 3547 1968">
    <p class='ocr_par' dir='ltr' id='par_1_75' title="bbox 1880 1895 3547 1968">
     <span class='ocr_line' id='line_1_75' title="bbox 1880 1895 3547 1968; baseline -0.002 -15"><span class='ocrx_word' id='word_1_544' title='bbox 1880 1900 2100 1955; x_wconf 86' lang='lat' dir='ltr'><strong>tiamur.</strong></span> <span class='ocrx_word' id='word_1_545' title='bbox 2150 1897 2243 1954; x_wconf 90' lang='lat' dir='ltr'><strong>Sic</strong></span> <span class='ocrx_word' id='word_1_546' title='bbox 2268 1900 2414 1953; x_wconf 89' lang='lat' dir='ltr'><strong>enim</strong></span> <span class='ocrx_word' id='word_1_547' title='bbox 2443 1898 2799 1954; x_wconf 85' lang='lat' dir='ltr'><strong>lsraeliticum</strong></span> <span class='ocrx_word' id='word_1_548' title='bbox 2835 1897 3094 1968; x_wconf 84' lang='lat' dir='ltr'><strong>populum</strong></span> <span class='ocrx_word' id='word_1_549' title='bbox 3127 1910 3224 1953; x_wconf 91' lang='lat' dir='ltr'><strong>ore</strong></span> <span class='ocrx_word' id='word_1_550' title='bbox 3248 1895 3452 1968; x_wconf 83' lang='lat' dir='ltr'><strong>Moysis</strong></span> <span class='ocrx_word' id='word_1_551' title='bbox 3542 1954 3547 1959; x_wconf 89' lang='lat'>_</span> 
     </span>
    </p>
   </div>
   <div class='ocr_carea' id='block_1_76' title="bbox 1880 1987 3450 2046">
    <p class='ocr_par' dir='ltr' id='par_1_76' title="bbox 1880 1987 3450 2046">
     <span class='ocr_line' id='line_1_76' title="bbox 1880 1987 3450 2046; baseline -0.001 -4"><span class='ocrx_word' id='word_1_552' title='bbox 1880 1989 2023 2045; x_wconf 87' lang='lat' dir='ltr'><strong>Deus</strong></span> <span class='ocrx_word' id='word_1_553' title='bbox 2077 1990 2467 2046; x_wconf 79' lang='lat' dir='ltr'><strong>admonebat“</strong></span> <span class='ocrx_word' id='word_1_554' title='bbox 2499 2008 2512 2045; x_wconf 91' lang='lat'>:</span> <span class='ocrx_word' id='word_1_555' title='bbox 2546 1988 2660 2044; x_wconf 65' lang='lat' dir='ltr'><strong>t&#39;Si</strong></span> <span class='ocrx_word' id='word_1_556' title='bbox 2712 1988 3012 2045; x_wconf 83' lang='lat' dir='ltr'><strong>surrexerit</strong></span> <span class='ocrx_word' id='word_1_557' title='bbox 3048 1989 3104 2042; x_wconf 90' lang='lat' dir='ltr'><strong>in</strong></span> <span class='ocrx_word' id='word_1_558' title='bbox 3153 1988 3334 2043; x_wconf 89' lang='lat' dir='ltr'><strong>medio</strong></span> <span class='ocrx_word' id='word_1_559' title='bbox 3373 1987 3450 2043; x_wconf 93' lang='lat' dir='ltr'><strong>tui</strong></span> 
     </span>
    </p>
   </div>
   <div class='ocr_carea' id='block_1_77' title="bbox 1880 2079 3453 2152">
    <p class='ocr_par' dir='ltr' id='par_1_77' title="bbox 1880 2079 3453 2152">
     <span class='ocr_line' id='line_1_77' title="bbox 1880 2079 3453 2152; baseline -0.001 -17"><span class='ocrx_word' id='word_1_560' title='bbox 1880 2083 2176 2152; x_wconf 87' lang='lat' dir='ltr'><strong>propheta,</strong></span> <span class='ocrx_word' id='word_1_561' title='bbox 2210 2092 2303 2137; x_wconf 92' lang='lat' dir='ltr'><strong>aut</strong></span> <span class='ocrx_word' id='word_1_562' title='bbox 2349 2083 2686 2139; x_wconf 89' lang='lat' dir='ltr'><strong>somniorum</strong></span> <span class='ocrx_word' id='word_1_563' title='bbox 2740 2081 3077 2147; x_wconf 89' lang='lat' dir='ltr'><strong>somniator,</strong></span> <span class='ocrx_word' id='word_1_564' title='bbox 3111 2079 3453 2149; x_wconf 85' lang='lat' dir='ltr'><strong>edideritque</strong></span> 
     </span>
    </p>
   </div>
   <div class='ocr_carea' id='block_1_78' title="bbox 1883 2173 3452 2245">
    <p class='ocr_par' dir='ltr' id='par_1_78' title="bbox 1883 2173 3452 2245">
     <span class='ocr_line' id='line_1_78' title="bbox 1883 2173 3452 2245; baseline -0.003 -17"><span class='ocrx_word' id='word_1_565' title='bbox 1883 2174 2034 2244; x_wconf 85' lang='lat' dir='ltr'><strong>signa</strong></span> <span class='ocrx_word' id='word_1_566' title='bbox 2067 2182 2163 2229; x_wconf 89' lang='lat' dir='ltr'><strong>aut</strong></span> <span class='ocrx_word' id='word_1_567' title='bbox 2190 2175 2439 2245; x_wconf 70' lang='lat' dir='ltr'><strong>portenta</strong></span> <span class='ocrx_word' id='word_1_568' title='bbox 2465 2215 2480 2241; x_wconf 91' lang='lat'><strong>,</strong></span> <span class='ocrx_word' id='word_1_569' title='bbox 2538 2183 2592 2230; x_wconf 89' lang='lat' dir='ltr'><strong>et</strong></span> <span class='ocrx_word' id='word_1_570' title='bbox 2620 2175 2900 2229; x_wconf 87' lang='lat' dir='ltr'><strong>evenerint</strong></span> <span class='ocrx_word' id='word_1_571' title='bbox 2946 2189 3011 2227; x_wconf 91' lang='lat' dir='ltr'><strong>ea</strong></span> <span class='ocrx_word' id='word_1_572' title='bbox 3043 2173 3197 2241; x_wconf 87' lang='lat' dir='ltr'><strong>signa</strong></span> <span class='ocrx_word' id='word_1_573' title='bbox 3225 2184 3290 2226; x_wconf 91' lang='lat' dir='ltr'><strong>ac</strong></span> <span class='ocrx_word' id='word_1_574' title='bbox 3322 2186 3452 2242; x_wconf 84' lang='lat' dir='ltr'><strong>por-</strong></span> 
     </span>
    </p>
   </div>
   <div class='ocr_carea' id='block_1_79' title="bbox 1881 2263 3451 2338">
    <p class='ocr_par' dir='ltr' id='par_1_79' title="bbox 1881 2263 3451 2338">
     <span class='ocr_line' id='line_1_79' title="bbox 1881 2263 3451 2338; baseline -0.002 -18"><span class='ocrx_word' id='word_1_575' title='bbox 1881 2274 2029 2320; x_wconf 88' lang='lat' dir='ltr'><strong>tenta</strong></span> <span class='ocrx_word' id='word_1_576' title='bbox 2067 2281 2188 2337; x_wconf 85' lang='lat' dir='ltr'><strong>quae</strong></span> <span class='ocrx_word' id='word_1_577' title='bbox 2215 2266 2569 2338; x_wconf 62' lang='lat' dir='ltr'><strong>praedixerat;</strong></span> <span class='ocrx_word' id='word_1_578' title='bbox 2622 2265 2926 2336; x_wconf 82' lang='lat' dir='ltr'><strong>dixeritque</strong></span> <span class='ocrx_word' id='word_1_579' title='bbox 2952 2281 2970 2319; x_wconf 84' lang='lat'><strong>:</strong></span> <span class='ocrx_word' id='word_1_580' title='bbox 3000 2263 3203 2320; x_wconf 89' lang='lat' dir='ltr'><strong>Eamus</strong></span> <span class='ocrx_word' id='word_1_581' title='bbox 3231 2263 3299 2319; x_wconf 88' lang='lat' dir='ltr'><strong>ad</strong></span> <span class='ocrx_word' id='word_1_582' title='bbox 3332 2277 3451 2319; x_wconf 81' lang='lat' dir='ltr'><strong>ser-</strong></span> 
     </span>
    </p>
   </div>
   <div class='ocr_carea' id='block_1_80' title="bbox 1881 2356 3452 2429">
    <p class='ocr_par' dir='ltr' id='par_1_80' title="bbox 1881 2356 3452 2429">
     <span class='ocr_line' id='line_1_80' title="bbox 1881 2356 3452 2429; baseline -0.001 -17"><span class='ocrx_word' id='word_1_583' title='bbox 1881 2358 2135 2414; x_wconf 88' lang='lat' dir='ltr'><strong>viendum</strong></span> <span class='ocrx_word' id='word_1_584' title='bbox 2176 2359 2280 2414; x_wconf 89' lang='lat' dir='ltr'><strong>diis</strong></span> <span class='ocrx_word' id='word_1_585' title='bbox 2313 2358 2505 2414; x_wconf 87' lang='lat' dir='ltr'><strong>alienis</strong></span> <span class='ocrx_word' id='word_1_586' title='bbox 2524 2373 2665 2429; x_wconf 85' lang='lat' dir='ltr'><strong>quos</strong></span> <span class='ocrx_word' id='word_1_587' title='bbox 2692 2370 2792 2413; x_wconf 84' lang='lat' dir='ltr'><strong>vos</strong></span> <span class='ocrx_word' id='word_1_588' title='bbox 2826 2356 3132 2428; x_wconf 86' lang='lat' dir='ltr'><strong>ignoratis;</strong></span> <span class='ocrx_word' id='word_1_589' title='bbox 3163 2363 3351 2411; x_wconf 80' lang='lat' dir='ltr'><strong>cavete</strong></span> <span class='ocrx_word' id='word_1_590' title='bbox 3380 2370 3452 2410; x_wconf 91' lang='lat' dir='ltr'><strong>ne</strong></span> 
     </span>
    </p>
   </div>
   <div class='ocr_carea' id='block_1_81' title="bbox 1880 2448 3449 2522">
    <p class='ocr_par' dir='ltr' id='par_1_81' title="bbox 1880 2448 3449 2522">
     <span class='ocr_line' id='line_1_81' title="bbox 1880 2448 3449 2522; baseline -0.003 -16"><span class='ocrx_word' id='word_1_591' title='bbox 1880 2451 2114 2507; x_wconf 84' lang='lat' dir='ltr'><strong>audiatis</strong></span> <span class='ocrx_word' id='word_1_592' title='bbox 2137 2452 2300 2506; x_wconf 89' lang='lat' dir='ltr'><strong>verba</strong></span> <span class='ocrx_word' id='word_1_593' title='bbox 2325 2451 2601 2522; x_wconf 73' lang='lat' dir='ltr'><strong>propheta:</strong></span> <span class='ocrx_word' id='word_1_594' title='bbox 2630 2450 2775 2505; x_wconf 91' lang='lat' dir='ltr'><strong>illius</strong></span> <span class='ocrx_word' id='word_1_595' title='bbox 2804 2457 2899 2504; x_wconf 90' lang='lat' dir='ltr'><strong>aut</strong></span> <span class='ocrx_word' id='word_1_596' title='bbox 2924 2448 3299 2513; x_wconf 87' lang='lat' dir='ltr'><strong>somniatoris,</strong></span> <span class='ocrx_word' id='word_1_597' title='bbox 3321 2448 3449 2517; x_wconf 87' lang='lat' dir='ltr'><strong>quia</strong></span> 
     </span>
    </p>
   </div>
   <div class='ocr_carea' id='block_1_82' title="bbox 1881 2541 3447 2611">
    <p class='ocr_par' dir='ltr' id='par_1_82' title="bbox 1881 2541 3447 2611">
     <span class='ocr_line' id='line_1_82' title="bbox 1881 2541 3447 2611; baseline -0.003 -14"><span class='ocrx_word' id='word_1_598' title='bbox 1881 2551 2053 2597; x_wconf 89' lang='lat' dir='ltr'><strong>tentat</strong></span> <span class='ocrx_word' id='word_1_599' title='bbox 2071 2557 2165 2598; x_wconf 87' lang='lat' dir='ltr'><strong>vos</strong></span> <span class='ocrx_word' id='word_1_600' title='bbox 2190 2542 2452 2598; x_wconf 92' lang='lat' dir='ltr'><strong>Dominus</strong></span> <span class='ocrx_word' id='word_1_601' title='bbox 2475 2541 2617 2597; x_wconf 90' lang='lat' dir='ltr'><strong>Deus</strong></span> <span class='ocrx_word' id='word_1_602' title='bbox 2639 2551 2837 2609; x_wconf 90' lang='lat' dir='ltr'><strong>vester,</strong></span> <span class='ocrx_word' id='word_1_603' title='bbox 2861 2541 3236 2611; x_wconf 83' lang='lat' dir='ltr'><strong>utdignoscat,</strong></span> <span class='ocrx_word' id='word_1_604' title='bbox 3259 2545 3447 2594; x_wconf 84' lang='lat' dir='ltr'><strong>utrum</strong></span> 
     </span>
    </p>
   </div>
   <div class='ocr_carea' id='block_1_83' title="bbox 1877 2632 3446 2704">
    <p class='ocr_par' dir='ltr' id='par_1_83' title="bbox 1877 2632 3446 2704">
     <span class='ocr_line' id='line_1_83' title="bbox 1877 2632 3446 2704; baseline -0.003 -14"><span class='ocrx_word' id='word_1_605' title='bbox 1877 2644 1993 2691; x_wconf 90' lang='lat' dir='ltr'><strong>toto</strong></span> <span class='ocrx_word' id='word_1_606' title='bbox 2013 2635 2176 2690; x_wconf 92' lang='lat' dir='ltr'><strong>corde</strong></span> <span class='ocrx_word' id='word_1_607' title='bbox 2198 2642 2381 2690; x_wconf 82' lang='lat' dir='ltr'><strong>vestro</strong></span> <span class='ocrx_word' id='word_1_608' title='bbox 2403 2634 2690 2689; x_wconf 90' lang='lat' dir='ltr'><strong>Dominum</strong></span> <span class='ocrx_word' id='word_1_609' title='bbox 2708 2633 2879 2688; x_wconf 89' lang='lat' dir='ltr'><strong>Deum</strong></span> <span class='ocrx_word' id='word_1_610' title='bbox 2895 2642 3135 2689; x_wconf 88' lang='lat' dir='ltr'><strong>vestrum</strong></span> <span class='ocrx_word' id='word_1_611' title='bbox 3153 2632 3408 2704; x_wconf 87' lang='lat' dir='ltr'><strong>diligatis.</strong></span> <span class='ocrx_word' id='word_1_612' title='bbox 3424 2649 3446 2684; x_wconf 77' lang='grc' dir='ltr'><strong>ι</strong></span> 
     </span>
    </p>
   </div>
   <div class='ocr_carea' id='block_1_84' title="bbox 1877 2724 3453 2794">
    <p class='ocr_par' dir='ltr' id='par_1_84' title="bbox 1877 2724 3453 2794">
     <span class='ocr_line' id='line_1_84' title="bbox 1877 2724 3453 2794; baseline -0.001 -12"><span class='ocrx_word' id='word_1_613' title='bbox 1877 2727 2241 2794; x_wconf 86' lang='lat' dir='ltr'><strong>Quamobrem</strong></span> <span class='ocrx_word' id='word_1_614' title='bbox 2276 2726 2321 2781; x_wconf 92' lang='lat' dir='ltr'><strong>si</strong></span> <span class='ocrx_word' id='word_1_615' title='bbox 2344 2727 2397 2781; x_wconf 93' lang='lat' dir='ltr'><strong>in</strong></span> <span class='ocrx_word' id='word_1_616' title='bbox 2419 2726 2569 2782; x_wconf 89' lang='lat' dir='ltr'><strong>hisce</strong></span> <span class='ocrx_word' id='word_1_617' title='bbox 2588 2726 2751 2783; x_wconf 83' lang='lat' dir='ltr'><strong>rebus</strong></span> <span class='ocrx_word' id='word_1_618' title='bbox 2767 2725 2954 2781; x_wconf 88' lang='lat' dir='ltr'><strong>tentati</strong></span> <span class='ocrx_word' id='word_1_619' title='bbox 2974 2724 3301 2790; x_wconf 82' lang='lat' dir='ltr'><strong>fuerimus,a</strong></span> <span class='ocrx_word' id='word_1_620' title='bbox 3319 2726 3453 2782; x_wconf 89' lang='lat' dir='ltr'><strong>cha-</strong></span> 
     </span>
    </p>
   </div>
   <div class='ocr_carea' id='block_1_85' title="bbox 1876 2816 3453 2889">
    <p class='ocr_par' dir='ltr' id='par_1_85' title="bbox 1876 2816 3453 2889">
     <span class='ocr_line' id='line_1_85' title="bbox 1876 2816 3453 2889; baseline 0.001 -16"><span class='ocrx_word' id='word_1_621' title='bbox 1876 2819 2041 2874; x_wconf 89' lang='lat' dir='ltr'><strong>ritate</strong></span> <span class='ocrx_word' id='word_1_622' title='bbox 2064 2817 2159 2874; x_wconf 87' lang='lat' dir='ltr'><strong>Dei</strong></span> <span class='ocrx_word' id='word_1_623' title='bbox 2193 2818 2432 2889; x_wconf 83' lang='lat' dir='ltr'><strong>separari</strong></span> <span class='ocrx_word' id='word_1_624' title='bbox 2468 2832 2577 2874; x_wconf 88' lang='lat' dir='ltr'><strong>non</strong></span> <span class='ocrx_word' id='word_1_625' title='bbox 2605 2818 2887 2874; x_wconf 87' lang='lat' dir='ltr'><strong>debemus.</strong></span> <span class='ocrx_word' id='word_1_626' title='bbox 2915 2816 3027 2873; x_wconf 86' lang='lat' dir='ltr'><strong>Sed</strong></span> <span class='ocrx_word' id='word_1_627' title='bbox 3056 2834 3203 2874; x_wconf 89' lang='lat' dir='ltr'><strong>nunc</strong></span> <span class='ocrx_word' id='word_1_628' title='bbox 3231 2832 3453 2889; x_wconf 85' lang='lat' dir='ltr'><strong>quoque</strong></span> 
     </span>
    </p>
   </div>
   <div class='ocr_carea' id='block_1_86' title="bbox 1881 2906 3452 2978">
    <p class='ocr_par' dir='ltr' id='par_1_86' title="bbox 1881 2906 3452 2978">
     <span class='ocr_line' id='line_1_86' title="bbox 1881 2906 3452 2978; baseline 0.001 -15"><span class='ocrx_word' id='word_1_629' title='bbox 1881 2907 2078 2963; x_wconf 86' lang='lat' dir='ltr'><strong>festum</strong></span> <span class='ocrx_word' id='word_1_630' title='bbox 2114 2921 2371 2977; x_wconf 84' lang='lat' dir='ltr'><strong>agamus,</strong></span> <span class='ocrx_word' id='word_1_631' title='bbox 2415 2907 2598 2963; x_wconf 86' lang='lat' dir='ltr'><strong>dilecti</strong></span> <span class='ocrx_word' id='word_1_632' title='bbox 2630 2908 2772 2975; x_wconf 90' lang='lat' dir='ltr'><strong>mei;</strong></span> <span class='ocrx_word' id='word_1_633' title='bbox 2828 2906 2897 2963; x_wconf 83' lang='lat' dir='ltr'><strong>ad</strong></span> <span class='ocrx_word' id='word_1_634' title='bbox 2929 2907 3092 2978; x_wconf 88' lang='lat' dir='ltr'><strong>idque</strong></span> <span class='ocrx_word' id='word_1_635' title='bbox 3128 2907 3452 2964; x_wconf 87' lang='lat' dir='ltr'><strong>accedamus</strong></span> 
     </span>
    </p>
   </div>
   <div class='ocr_carea' id='block_1_87' title="bbox 1876 2998 3454 3070">
    <p class='ocr_par' dir='ltr' id='par_1_87' title="bbox 1876 2998 3454 3070">
     <span class='ocr_line' id='line_1_87' title="bbox 1876 2998 3454 3070; baseline 0.001 -17"><span class='ocrx_word' id='word_1_636' title='bbox 1876 3013 1990 3054; x_wconf 91' lang='lat' dir='ltr'><strong>non</strong></span> <span class='ocrx_word' id='word_1_637' title='bbox 2016 3006 2279 3070; x_wconf 82' lang='lat' dir='ltr'><strong>tanquam</strong></span> <span class='ocrx_word' id='word_1_638' title='bbox 2322 2999 2389 3055; x_wconf 90' lang='lat' dir='ltr'><strong>ad</strong></span> <span class='ocrx_word' id='word_1_639' title='bbox 2421 2999 2563 3054; x_wconf 83' lang='lat' dir='ltr'><strong>diem</strong></span> <span class='ocrx_word' id='word_1_640' title='bbox 2591 2999 2873 3067; x_wconf 69' lang='lat' dir='ltr'><strong>maeroris,</strong></span> <span class='ocrx_word' id='word_1_641' title='bbox 2920 2998 3016 3054; x_wconf 88' lang='lat' dir='ltr'><strong>sed</strong></span> <span class='ocrx_word' id='word_1_642' title='bbox 3045 2998 3242 3055; x_wconf 68' lang='lat' dir='ltr'><strong>laetitia:</strong></span> <span class='ocrx_word' id='word_1_643' title='bbox 3267 3001 3454 3070; x_wconf 90' lang='lat' dir='ltr'><strong>potius</strong></span> 
     </span>
    </p>
   </div>
   <div class='ocr_carea' id='block_1_88' title="bbox 1881 3089 3456 3164">
    <p class='ocr_par' dir='ltr' id='par_1_88' title="bbox 1881 3089 3456 3164">
     <span class='ocr_line' id='line_1_88' title="bbox 1881 3089 3456 3164; baseline 0.002 -20"><span class='ocrx_word' id='word_1_644' title='bbox 1881 3091 1936 3145; x_wconf 92' lang='lat' dir='ltr'><strong>in</strong></span> <span class='ocrx_word' id='word_1_645' title='bbox 1958 3089 2202 3159; x_wconf 87' lang='lat' dir='ltr'><strong>Christo,</strong></span> <span class='ocrx_word' id='word_1_646' title='bbox 2232 3107 2342 3162; x_wconf 79' lang='lat' dir='ltr'><strong>qua</strong></span> <span class='ocrx_word' id='word_1_647' title='bbox 2364 3093 2606 3163; x_wconf 89' lang='lat' dir='ltr'><strong>quotidie</strong></span> <span class='ocrx_word' id='word_1_648' title='bbox 2627 3092 2899 3148; x_wconf 87' lang='lat' dir='ltr'><strong>vescimur</strong></span> <span class='ocrx_word' id='word_1_649' title='bbox 2922 3091 3057 3164; x_wconf 87' lang='lat'><strong>(85).</strong></span> <span class='ocrx_word' id='word_1_650' title='bbox 3084 3090 3224 3148; x_wconf 84' lang='lat' dir='ltr'><strong>Tum</strong></span> <span class='ocrx_word' id='word_1_651' title='bbox 3245 3107 3456 3147; x_wconf 88' lang='lat' dir='ltr'><strong>memo-</strong></span> 
     </span>
    </p>
   </div>
   <div class='ocr_carea' id='block_1_89' title="bbox 1884 3182 3450 3254">
    <p class='ocr_par' dir='ltr' id='par_1_89' title="bbox 1884 3182 3450 3254">
     <span class='ocr_line' id='line_1_89' title="bbox 1884 3182 3450 3254; baseline 0 -18"><span class='ocrx_word' id='word_1_652' title='bbox 1884 3197 1973 3239; x_wconf 89' lang='lat' dir='ltr'><strong>res</strong></span> <span class='ocrx_word' id='word_1_653' title='bbox 2001 3184 2121 3253; x_wconf 88' lang='lat' dir='ltr'><strong>ejus</strong></span> <span class='ocrx_word' id='word_1_654' title='bbox 2153 3183 2343 3254; x_wconf 87' lang='lat' dir='ltr'><strong>(agni),</strong></span> <span class='ocrx_word' id='word_1_655' title='bbox 2372 3185 2468 3253; x_wconf 86' lang='lat' dir='ltr'><strong>qui</strong></span> <span class='ocrx_word' id='word_1_656' title='bbox 2492 3184 2683 3240; x_wconf 89' lang='lat' dir='ltr'><strong>diebus</strong></span> <span class='ocrx_word' id='word_1_657' title='bbox 2707 3183 3060 3241; x_wconf 85' lang='lat' dir='ltr'><strong>Paschalibus</strong></span> <span class='ocrx_word' id='word_1_658' title='bbox 3083 3182 3450 3249; x_wconf 88' lang='lat' dir='ltr'><strong>occidebatur,</strong></span> 
     </span>
    </p>
   </div>
   <div class='ocr_carea' id='block_1_90' title="bbox 1882 3272 3449 3344">
    <p class='ocr_par' dir='ltr' id='par_1_90' title="bbox 1882 3272 3449 3344">
     <span class='ocr_line' id='line_1_90' title="bbox 1882 3272 3449 3344; baseline 0.003 -18"><span class='ocrx_word' id='word_1_659' title='bbox 1882 3273 2089 3329; x_wconf 89' lang='lat' dir='ltr'><strong>Pascha</strong></span> <span class='ocrx_word' id='word_1_660' title='bbox 2143 3274 2480 3330; x_wconf 89' lang='lat' dir='ltr'><strong>celebremus</strong></span> <span class='ocrx_word' id='word_1_661' title='bbox 2537 3274 2589 3328; x_wconf 92' lang='lat' dir='ltr'><strong>in</strong></span> <span class='ocrx_word' id='word_1_662' title='bbox 2650 3290 2760 3344; x_wconf 87' lang='lat' dir='ltr'><strong>quo</strong></span> <span class='ocrx_word' id='word_1_663' title='bbox 2787 3272 3041 3330; x_wconf 82' lang='lat' dir='ltr'><strong>Christus</strong></span> <span class='ocrx_word' id='word_1_664' title='bbox 3070 3274 3175 3329; x_wconf 87' lang='lat' dir='ltr'><strong>fuit</strong></span> <span class='ocrx_word' id='word_1_665' title='bbox 3210 3274 3449 3332; x_wconf 89' lang='lat' dir='ltr'><strong>occisus.</strong></span> 
     </span>
    </p>
   </div>
   <div class='ocr_carea' id='block_1_91' title="bbox 1882 3364 3452 3437">
    <p class='ocr_par' dir='ltr' id='par_1_91' title="bbox 1882 3364 3452 3437">
     <span class='ocr_line' id='line_1_91' title="bbox 1882 3364 3452 3437; baseline 0.003 -19"><span class='ocrx_word' id='word_1_666' title='bbox 1882 3364 1978 3419; x_wconf 77' lang='lat' dir='ltr'><strong>ille</strong></span> <span class='ocrx_word' id='word_1_667' title='bbox 2023 3366 2243 3436; x_wconf 89' lang='lat' dir='ltr'><strong>(agnus)</strong></span> <span class='ocrx_word' id='word_1_668' title='bbox 2295 3366 2553 3436; x_wconf 89' lang='lat' dir='ltr'><strong>populum</strong></span> <span class='ocrx_word' id='word_1_669' title='bbox 2586 3381 2649 3421; x_wconf 85' lang='lat' dir='ltr'><strong>ex</strong></span> <span class='ocrx_word' id='word_1_670' title='bbox 2684 3365 2918 3437; x_wconf 68' lang='lat' dir='ltr'><strong>Egypto</strong></span> <span class='ocrx_word' id='word_1_671' title='bbox 2949 3366 3165 3433; x_wconf 87' lang='lat' dir='ltr'><strong>eduxit;</strong></span> <span class='ocrx_word' id='word_1_672' title='bbox 3197 3365 3452 3423; x_wconf 90' lang='lat' dir='ltr'><strong>Christus</strong></span> 
     </span>
    </p>
   </div>
   <div class='ocr_carea' id='block_1_92' title="bbox 1884 3455 3453 3527">
    <p class='ocr_par' dir='ltr' id='par_1_92' title="bbox 1884 3455 3453 3527">
     <span class='ocr_line' id='line_1_92' title="bbox 1884 3455 3453 3527; baseline 0.001 -17"><span class='ocrx_word' id='word_1_673' title='bbox 1884 3464 2110 3511; x_wconf 85' lang='lat' dir='ltr'><strong>mortem</strong></span> <span class='ocrx_word' id='word_1_674' title='bbox 2129 3457 2413 3523; x_wconf 82' lang='lat' dir='ltr'><strong>destruxit,</strong></span> <span class='ocrx_word' id='word_1_675' title='bbox 2446 3455 2715 3521; x_wconf 79' lang='lat' dir='ltr'><strong>simulque</strong></span> <span class='ocrx_word' id='word_1_676' title='bbox 2738 3471 2862 3511; x_wconf 90' lang='lat' dir='ltr'><strong>eum</strong></span> <span class='ocrx_word' id='word_1_677' title='bbox 2884 3456 2974 3527; x_wconf 89' lang='lat' dir='ltr'><strong>qui</strong></span> <span class='ocrx_word' id='word_1_678' title='bbox 2998 3455 3285 3526; x_wconf 90' lang='lat' dir='ltr'><strong>imperium</strong></span> <span class='ocrx_word' id='word_1_679' title='bbox 3301 3470 3453 3512; x_wconf 82' lang='lat' dir='ltr'><strong>mor-</strong></span> 
     </span>
    </p>
   </div>
   <div class='ocr_carea' id='block_1_93' title="bbox 1882 3544 3455 3617">
    <p class='ocr_par' dir='ltr' id='par_1_93' title="bbox 1882 3544 3455 3617">
     <span class='ocr_line' id='line_1_93' title="bbox 1882 3544 3455 3617; baseline -0.001 -15"><span class='ocrx_word' id='word_1_680' title='bbox 1882 3547 1952 3603; x_wconf 90' lang='lat' dir='ltr'><strong>tis</strong></span> <span class='ocrx_word' id='word_1_681' title='bbox 1974 3547 2223 3612; x_wconf 87' lang='lat' dir='ltr'><strong>habebat,</strong></span> <span class='ocrx_word' id='word_1_682' title='bbox 2257 3547 2311 3602; x_wconf 88' lang='lat' dir='ltr'><strong>id</strong></span> <span class='ocrx_word' id='word_1_683' title='bbox 2343 3556 2427 3602; x_wconf 88' lang='lat' dir='ltr'><strong>cst</strong></span> <span class='ocrx_word' id='word_1_684' title='bbox 2447 3546 2743 3614; x_wconf 87' lang='lat' dir='ltr'><strong>diabolum,</strong></span> <span class='ocrx_word' id='word_1_685' title='bbox 2768 3561 2929 3617; x_wconf 90' lang='lat' dir='ltr'><strong>quem</strong></span> <span class='ocrx_word' id='word_1_686' title='bbox 2957 3561 3102 3601; x_wconf 90' lang='lat' dir='ltr'><strong>nunc</strong></span> <span class='ocrx_word' id='word_1_687' title='bbox 3128 3544 3455 3617; x_wconf 85' lang='lat' dir='ltr'><strong>pudefacere</strong></span> 
     </span>
    </p>
   </div>
   <div class='ocr_carea' id='block_1_94' title="bbox 1876 3634 3452 3708">
    <p class='ocr_par' dir='ltr' id='par_1_94' title="bbox 1876 3634 3452 3708">
     <span class='ocr_line' id='line_1_94' title="bbox 1876 3634 3452 3708; baseline -0.003 -15"><span class='ocrx_word' id='word_1_688' title='bbox 1876 3652 2213 3708; x_wconf 89' lang='lat' dir='ltr'><strong>possumus;</strong></span> <span class='ocrx_word' id='word_1_689' title='bbox 2247 3651 2515 3706; x_wconf 87' lang='lat' dir='ltr'><strong>opemque</strong></span> <span class='ocrx_word' id='word_1_690' title='bbox 2544 3637 2611 3693; x_wconf 92' lang='lat' dir='ltr'><strong>iis</strong></span> <span class='ocrx_word' id='word_1_691' title='bbox 2638 3634 2922 3699; x_wconf 82' lang='lat' dir='ltr'><strong>conferre.</strong></span> <span class='ocrx_word' id='word_1_692' title='bbox 2970 3637 3064 3707; x_wconf 91' lang='lat' dir='ltr'><strong>qui</strong></span> <span class='ocrx_word' id='word_1_693' title='bbox 3104 3637 3156 3689; x_wconf 90' lang='lat' dir='ltr'><strong>in</strong></span> <span class='ocrx_word' id='word_1_694' title='bbox 3187 3634 3452 3706; x_wconf 89' lang='lat' dir='ltr'><strong>angustiis</strong></span> 
     </span>
    </p>
   </div>
   <div class='ocr_carea' id='block_1_95' title="bbox 1882 3727 3226 3800">
    <p class='ocr_par' dir='ltr' id='par_1_95' title="bbox 1882 3727 3226 3800">
     <span class='ocr_line' id='line_1_95' title="bbox 1882 3727 3226 3800; baseline -0.002 -15"><span class='ocrx_word' id='word_1_695' title='bbox 1882 3739 2030 3795; x_wconf 87' lang='lat' dir='ltr'><strong>sunt,</strong></span> <span class='ocrx_word' id='word_1_696' title='bbox 2066 3739 2228 3800; x_wconf 90' lang='lat' dir='ltr'><strong>atque</strong></span> <span class='ocrx_word' id='word_1_697' title='bbox 2252 3731 2316 3784; x_wconf 91' lang='lat' dir='ltr'><strong>ad</strong></span> <span class='ocrx_word' id='word_1_698' title='bbox 2344 3728 2516 3785; x_wconf 87' lang='lat' dir='ltr'><strong>Deum</strong></span> <span class='ocrx_word' id='word_1_699' title='bbox 2547 3737 2710 3784; x_wconf 91' lang='lat' dir='ltr'><strong>noctu</strong></span> <span class='ocrx_word' id='word_1_700' title='bbox 2742 3727 2947 3800; x_wconf 90' lang='lat' dir='ltr'><strong>diuque</strong></span> <span class='ocrx_word' id='word_1_701' title='bbox 2963 3731 3226 3786; x_wconf 84' lang='lat' dir='ltr'><strong>clamant.</strong></span> 
     </span>
    </p>
   </div>
   <div class='ocr_carea' id='block_1_96' title="bbox 1956 3819 3453 3895">
    <p class='ocr_par' dir='ltr' id='par_1_96' title="bbox 1956 3819 3453 3895">
     <span class='ocr_line' id='line_1_96' title="bbox 1956 3819 3453 3895; baseline -0.005 -15"><span class='ocrx_word' id='word_1_702' title='bbox 1956 3822 2115 3895; x_wconf 62' lang='grc'>124</span> <span class='ocrx_word' id='word_1_703' title='bbox 2130 3822 2182 3877; x_wconf 92' lang='grc'><strong>8.</strong></span> <span class='ocrx_word' id='word_1_704' title='bbox 2204 3823 2345 3892; x_wconf 88' lang='lat' dir='ltr'><strong>Ergo</strong></span> <span class='ocrx_word' id='word_1_705' title='bbox 2360 3820 2826 3892; x_wconf 89' lang='lat' dir='ltr'><strong>quadragesimale</strong></span> <span class='ocrx_word' id='word_1_706' title='bbox 2844 3820 3109 3891; x_wconf 89' lang='lat' dir='ltr'><strong>jejunium</strong></span> <span class='ocrx_word' id='word_1_707' title='bbox 3132 3819 3453 3891; x_wconf 87' lang='lat' dir='ltr'><strong>incipiemus</strong></span> 
     </span>
    </p>
   </div>
   <div class='ocr_carea' id='block_1_97' title="bbox 1881 3910 3458 3980">
    <p class='ocr_par' dir='ltr' id='par_1_97' title="bbox 1881 3910 3458 3980">
     <span class='ocr_line' id='line_1_97' title="bbox 1881 3910 3458 3980; baseline -0.003 -10"><span class='ocrx_word' id='word_1_708' title='bbox 1881 3916 1969 3970; x_wconf 90' lang='lat' dir='ltr'><strong>die</strong></span> <span class='ocrx_word' id='word_1_709' title='bbox 1992 3931 2087 3970; x_wconf 85' lang='lat' dir='ltr'><strong>xm</strong></span> <span class='ocrx_word' id='word_1_710' title='bbox 2104 3914 2472 3980; x_wconf 76' lang='lat' dir='ltr'><strong>l’hamenoth;</strong></span> <span class='ocrx_word' id='word_1_711' title='bbox 2505 3923 2691 3967; x_wconf 85' lang='lat' dir='ltr'><strong>sancta</strong></span> <span class='ocrx_word' id='word_1_712' title='bbox 2707 3926 2836 3967; x_wconf 83' lang='lat' dir='ltr'><strong>vero</strong></span> <span class='ocrx_word' id='word_1_713' title='bbox 2850 3910 3135 3967; x_wconf 86' lang='lat' dir='ltr'><strong>Paschatis</strong></span> <span class='ocrx_word' id='word_1_714' title='bbox 3160 3911 3458 3967; x_wconf 70' lang='lat' dir='ltr'><strong>hebdoma~</strong></span> 
     </span>
    </p>
   </div>
   <div class='ocr_carea' id='block_1_98' title="bbox 1881 4001 3453 4061">
    <p class='ocr_par' dir='ltr' id='par_1_98' title="bbox 1881 4001 3453 4061">
     <span class='ocr_line' id='line_1_98' title="bbox 1881 4001 3453 4061; baseline -0.003 0"><span class='ocrx_word' id='word_1_715' title='bbox 1881 4008 1949 4061; x_wconf 86' lang='lat' dir='ltr'><strong>da</strong></span> <span class='ocrx_word' id='word_1_716' title='bbox 1979 4005 2220 4059; x_wconf 84' lang='lat' dir='ltr'><strong>hrdietur</strong></span> <span class='ocrx_word' id='word_1_717' title='bbox 2252 4004 2339 4058; x_wconf 88' lang='lat' dir='ltr'><strong>die</strong></span> <span class='ocrx_word' id='word_1_718' title='bbox 2372 4018 2506 4057; x_wconf 84' lang='lat' dir='ltr'><strong>xvm</strong></span> <span class='ocrx_word' id='word_1_719' title='bbox 2535 4002 2874 4058; x_wconf 84' lang='lat' dir='ltr'><strong>Pharmuthi.</strong></span> <span class='ocrx_word' id='word_1_720' title='bbox 2924 4001 3204 4058; x_wconf 86' lang='lat' dir='ltr'><strong>Finiemus</strong></span> <span class='ocrx_word' id='word_1_721' title='bbox 3233 4002 3453 4057; x_wconf 89' lang='lat' dir='ltr'><strong>demum</strong></span> 
     </span>
    </p>
   </div>
   <div class='ocr_carea' id='block_1_99' title="bbox 1876 4091 3453 4167">
    <p class='ocr_par' dir='ltr' id='par_1_99' title="bbox 1876 4091 3453 4167">
     <span class='ocr_line' id='line_1_99' title="bbox 1876 4091 3453 4167; baseline -0.003 -16"><span class='ocrx_word' id='word_1_722' title='bbox 1876 4097 2083 4167; x_wconf 88' lang='lat' dir='ltr'><strong>jejunia</strong></span> <span class='ocrx_word' id='word_1_723' title='bbox 2108 4094 2368 4160; x_wconf 89' lang='lat' dir='ltr'><strong>Sabbato,</strong></span> <span class='ocrx_word' id='word_1_724' title='bbox 2397 4094 2486 4149; x_wconf 92' lang='lat' dir='ltr'><strong>die</strong></span> <span class='ocrx_word' id='word_1_725' title='bbox 2506 4093 2920 4162; x_wconf 80' lang='lat' dir='ltr'><strong>xxm.Denique</strong></span> <span class='ocrx_word' id='word_1_726' title='bbox 2950 4108 3145 4163; x_wconf 87' lang='lat' dir='ltr'><strong>magna</strong></span> <span class='ocrx_word' id='word_1_727' title='bbox 3169 4091 3453 4147; x_wconf 89' lang='lat' dir='ltr'><strong>Dominica</strong></span> 
     </span>
    </p>
   </div>
   <div class='ocr_carea' id='block_1_100' title="bbox 1879 4183 3452 4259">
    <p class='ocr_par' dir='ltr' id='par_1_100' title="bbox 1879 4183 3452 4259">
     <span class='ocr_line' id='line_1_100' title="bbox 1879 4183 3452 4259; baseline -0.005 -14"><span class='ocrx_word' id='word_1_728' title='bbox 1879 4190 1985 4245; x_wconf 89' lang='lat' dir='ltr'><strong>erit</strong></span> <span class='ocrx_word' id='word_1_729' title='bbox 2012 4189 2100 4244; x_wconf 88' lang='lat' dir='ltr'><strong>die</strong></span> <span class='ocrx_word' id='word_1_730' title='bbox 2133 4204 2260 4243; x_wconf 72' lang='lat' dir='ltr'><strong>xxiv</strong></span> <span class='ocrx_word' id='word_1_731' title='bbox 2288 4188 2530 4259; x_wconf 88' lang='lat' dir='ltr'><strong>ejusdem</strong></span> <span class='ocrx_word' id='word_1_732' title='bbox 2572 4186 2776 4241; x_wconf 84' lang='lat' dir='ltr'><strong>mensis</strong></span> <span class='ocrx_word' id='word_1_733' title='bbox 2815 4184 3156 4240; x_wconf 90' lang='lat' dir='ltr'><strong>Pharmuthi.</strong></span> <span class='ocrx_word' id='word_1_734' title='bbox 3214 4183 3293 4238; x_wconf 87' lang='lat' dir='ltr'><strong>Ex</strong></span> <span class='ocrx_word' id='word_1_735' title='bbox 3342 4197 3452 4254; x_wconf 91' lang='lat' dir='ltr'><strong>quo</strong></span> 
     </span>
    </p>
   </div>
   <div class='ocr_carea' id='block_1_101' title="bbox 1880 4272 3454 4350">
    <p class='ocr_par' dir='ltr' id='par_1_101' title="bbox 1880 4272 3454 4350">
     <span class='ocr_line' id='line_1_101' title="bbox 1880 4272 3454 4350; baseline -0.006 -14"><span class='ocrx_word' id='word_1_736' title='bbox 1880 4279 2297 4350; x_wconf 83' lang='lat' dir='ltr'><strong>supputabimus</strong></span> <span class='ocrx_word' id='word_1_737' title='bbox 2326 4287 2540 4347; x_wconf 89' lang='lat' dir='ltr'><strong>tempus</strong></span> <span class='ocrx_word' id='word_1_738' title='bbox 2568 4290 2741 4346; x_wconf 88' lang='lat' dir='ltr'><strong>usque</strong></span> <span class='ocrx_word' id='word_1_739' title='bbox 2764 4277 2830 4329; x_wconf 86' lang='lat' dir='ltr'><strong>ad</strong></span> <span class='ocrx_word' id='word_1_740' title='bbox 2860 4273 3251 4330; x_wconf 86' lang='lat' dir='ltr'><strong>Pentecostem.</strong></span> <span class='ocrx_word' id='word_1_741' title='bbox 3282 4272 3454 4329; x_wconf 89' lang='lat' dir='ltr'><strong>Porro</strong></span> 
     </span>
    </p>
   </div>
   <div class='ocr_carea' id='block_1_102' title="bbox 1881 4366 3453 4438">
    <p class='ocr_par' dir='ltr' id='par_1_102' title="bbox 1881 4366 3453 4438">
     <span class='ocr_line' id='line_1_102' title="bbox 1881 4366 3453 4438; baseline -0.003 -12"><span class='ocrx_word' id='word_1_742' title='bbox 1881 4374 1936 4426; x_wconf 91' lang='lat' dir='ltr'><strong>in</strong></span> <span class='ocrx_word' id='word_1_743' title='bbox 1977 4371 2189 4427; x_wconf 88' lang='lat' dir='ltr'><strong>cunctis</strong></span> <span class='ocrx_word' id='word_1_744' title='bbox 2233 4372 2510 4429; x_wconf 84' lang='lat' dir='ltr'><strong>Christum</strong></span> <span class='ocrx_word' id='word_1_745' title='bbox 2561 4370 2880 4434; x_wconf 83' lang='lat' dir='ltr'><strong>laudemus,</strong></span> <span class='ocrx_word' id='word_1_746' title='bbox 2933 4368 3028 4438; x_wconf 91' lang='lat' dir='ltr'><strong>qui</strong></span> <span class='ocrx_word' id='word_1_747' title='bbox 3066 4382 3165 4423; x_wconf 90' lang='lat' dir='ltr'><strong>nos</strong></span> <span class='ocrx_word' id='word_1_748' title='bbox 3204 4366 3453 4433; x_wconf 89' lang='lat' dir='ltr'><strong>vocavit;</strong></span> 
     </span>
    </p>
   </div>
   <div class='ocr_carea' id='block_1_103' title="bbox 104 4454 1779 4536">
    <p class='ocr_par' dir='ltr' id='par_1_103' title="bbox 104 4454 1779 4527">
     <span class='ocr_line' id='line_1_103' title="bbox 104 4454 1779 4527; baseline -0.008 -12"><span class='ocrx_word' id='word_1_749' title='bbox 104 4497 112 4503; x_wconf 85' lang='lat'><em>-</em></span> <span class='ocrx_word' id='word_1_750' title='bbox 204 4460 539 4525; x_wconf 65' lang='lat' dir='ltr'><strong>Deliciarum</strong></span> <span class='ocrx_word' id='word_1_751' title='bbox 576 4458 793 4527; x_wconf 89' lang='lat' dir='ltr'><strong>quidem</strong></span> <span class='ocrx_word' id='word_1_752' title='bbox 821 4465 875 4510; x_wconf 89' lang='lat' dir='ltr'><strong>et</strong></span> <span class='ocrx_word' id='word_1_753' title='bbox 898 4454 1205 4525; x_wconf 82' lang='lat' dir='ltr'><strong>jurgiorum</strong></span> <span class='ocrx_word' id='word_1_754' title='bbox 1253 4460 1524 4505; x_wconf 80' lang='lat' dir='ltr'><strong>amatores</strong></span> <span class='ocrx_word' id='word_1_755' title='bbox 1567 4458 1779 4503; x_wconf 88' lang='lat' dir='ltr'><strong>tentan-</strong></span> 
     </span>
    </p>
   </div>
   <div class='ocr_carea' id='block_1_104' title="bbox 1888 4454 3455 4536">
    <p class='ocr_par' dir='ltr' id='par_1_104' title="bbox 1888 4456 3455 4536">
     <span class='ocr_line' id='line_1_104' title="bbox 1888 4456 3455 4536; baseline -0.006 -15"><span class='ocrx_word' id='word_1_756' title='bbox 1888 4474 2045 4536; x_wconf 85' lang='lat' dir='ltr'><strong>atque</strong></span> <span class='ocrx_word' id='word_1_757' title='bbox 2076 4465 2152 4519; x_wconf 89' lang='lat' dir='ltr'><strong>ita</strong></span> <span class='ocrx_word' id='word_1_758' title='bbox 2173 4480 2238 4518; x_wconf 87' lang='lat' dir='ltr'><strong>ex</strong></span> <span class='ocrx_word' id='word_1_759' title='bbox 2272 4463 2526 4519; x_wconf 90' lang='lat' dir='ltr'><strong>hostibus</strong></span> <span class='ocrx_word' id='word_1_760' title='bbox 2552 4461 2923 4522; x_wconf 87' lang='lat' dir='ltr'><strong>hberahimur,</strong></span> <span class='ocrx_word' id='word_1_761' title='bbox 2949 4474 3046 4527; x_wconf 87' lang='lat' dir='ltr'><strong>per</strong></span> <span class='ocrx_word' id='word_1_762' title='bbox 3072 4456 3259 4514; x_wconf 76' lang='lat' dir='ltr'><strong>Iesum</strong></span> <span class='ocrx_word' id='word_1_763' title='bbox 3292 4456 3455 4514; x_wconf 91' lang='lat' dir='ltr'><strong>Chri-</strong></span> 
     </span>
    </p>
   </div>
   <div class='ocr_carea' id='block_1_105' title="bbox 1882 4550 3461 4622">
    <p class='ocr_par' dir='ltr' id='par_1_105' title="bbox 1882 4550 3461 4622">
     <span class='ocr_line' id='line_1_105' title="bbox 1882 4550 3461 4622; baseline -0.006 -9"><span class='ocrx_word' id='word_1_764' title='bbox 1882 4567 2025 4613; x_wconf 91' lang='lat' dir='ltr'><strong>stum</strong></span> <span class='ocrx_word' id='word_1_765' title='bbox 2073 4555 2366 4610; x_wconf 83' lang='lat' dir='ltr'><strong>Dominum</strong></span> <span class='ocrx_word' id='word_1_766' title='bbox 2414 4563 2693 4620; x_wconf 68' lang='lat' dir='ltr'><strong>nostrum;</strong></span> <span class='ocrx_word' id='word_1_767' title='bbox 2742 4566 2835 4622; x_wconf 91' lang='lat' dir='ltr'><strong>per</strong></span> <span class='ocrx_word' id='word_1_768' title='bbox 2873 4566 3035 4622; x_wconf 90' lang='lat' dir='ltr'><strong>quem</strong></span> <span class='ocrx_word' id='word_1_769' title='bbox 3072 4550 3242 4622; x_wconf 89' lang='lat' dir='ltr'><strong>gloria</strong></span> <span class='ocrx_word' id='word_1_770' title='bbox 3284 4550 3356 4606; x_wconf 88' lang='lat' dir='ltr'><strong>sit</strong></span> <span class='ocrx_word' id='word_1_771' title='bbox 3400 4557 3461 4604; x_wconf 89' lang='lat' dir='ltr'><strong>et</strong></span> 
     </span>
    </p>
   </div>
   <div class='ocr_carea' id='block_1_106' title="bbox 1880 4640 3453 4719">
    <p class='ocr_par' dir='ltr' id='par_1_106' title="bbox 1880 4640 3453 4719">
     <span class='ocr_line' id='line_1_106' title="bbox 1880 4640 3453 4719; baseline -0.006 -16"><span class='ocrx_word' id='word_1_772' title='bbox 1880 4648 2169 4719; x_wconf 87' lang='lat' dir='ltr'><strong>imperium</strong></span> <span class='ocrx_word' id='word_1_773' title='bbox 2201 4646 2348 4702; x_wconf 81' lang='lat' dir='ltr'><strong>Patri</strong></span> <span class='ocrx_word' id='word_1_774' title='bbox 2383 4647 2555 4716; x_wconf 88' lang='lat' dir='ltr'><strong>ipsius</strong></span> <span class='ocrx_word' id='word_1_775' title='bbox 2578 4645 2631 4700; x_wconf 92' lang='lat' dir='ltr'><strong>in</strong></span> <span class='ocrx_word' id='word_1_776' title='bbox 2651 4644 2848 4700; x_wconf 66' lang='lat' dir='ltr'><strong>saecula</strong></span> <span class='ocrx_word' id='word_1_777' title='bbox 2882 4642 3227 4698; x_wconf 66' lang='lat' dir='ltr'><strong>saeculorum.</strong></span> <span class='ocrx_word' id='word_1_778' title='bbox 3256 4640 3453 4696; x_wconf 84' lang='lat' dir='ltr'><strong>Amen.</strong></span> 
     </span>
    </p>
   </div>
   <div class='ocr_carea' id='block_1_107' title="bbox 1953 4732 3454 4799">
    <p class='ocr_par' dir='ltr' id='par_1_107' title="bbox 1953 4732 3454 4799">
     <span class='ocr_line' id='line_1_107' title="bbox 1953 4732 3454 4799; baseline -0.006 -3"><span class='ocrx_word' id='word_1_779' title='bbox 1953 4741 2196 4796; x_wconf 80' lang='lat' dir='ltr'><strong>Salutate</strong></span> <span class='ocrx_word' id='word_1_780' title='bbox 2227 4754 2419 4794; x_wconf 87' lang='lat' dir='ltr'><strong>omnes</strong></span> <span class='ocrx_word' id='word_1_781' title='bbox 2447 4752 2572 4793; x_wconf 91' lang='lat' dir='ltr'><strong>cum</strong></span> <span class='ocrx_word' id='word_1_782' title='bbox 2602 4736 2791 4793; x_wconf 89' lang='lat' dir='ltr'><strong>osculo</strong></span> <span class='ocrx_word' id='word_1_783' title='bbox 2818 4744 3027 4791; x_wconf 89' lang='lat' dir='ltr'><strong>sancto.</strong></span> <span class='ocrx_word' id='word_1_784' title='bbox 3062 4732 3314 4789; x_wconf 89' lang='lat' dir='ltr'><strong>Salutant</strong></span> <span class='ocrx_word' id='word_1_785' title='bbox 3333 4746 3454 4799; x_wconf 85' lang='lat' dir='ltr'><strong>vos,</strong></span> 
     </span>
    </p>
   </div>
   <div class='ocr_carea' id='block_1_108' title="bbox 1881 4824 3459 4903">
    <p class='ocr_par' dir='ltr' id='par_1_108' title="bbox 1881 4824 3459 4903">
     <span class='ocr_line' id='line_1_108' title="bbox 1881 4824 3459 4903; baseline -0.006 -15"><span class='ocrx_word' id='word_1_786' title='bbox 1881 4832 1979 4903; x_wconf 91' lang='lat' dir='ltr'><strong>qui</strong></span> <span class='ocrx_word' id='word_1_787' title='bbox 2018 4847 2229 4887; x_wconf 90' lang='lat' dir='ltr'><strong>mecum</strong></span> <span class='ocrx_word' id='word_1_788' title='bbox 2263 4830 2351 4886; x_wconf 90' lang='lat' dir='ltr'><strong>hic</strong></span> <span class='ocrx_word' id='word_1_789' title='bbox 2373 4839 2521 4896; x_wconf 90' lang='lat' dir='ltr'><strong>sunt,</strong></span> <span class='ocrx_word' id='word_1_790' title='bbox 2550 4827 2751 4883; x_wconf 88' lang='lat' dir='ltr'><strong>cuncti.</strong></span> <span class='ocrx_word' id='word_1_791' title='bbox 2784 4825 2928 4893; x_wconf 87' lang='lat' dir='ltr'><strong>Oro,</strong></span> <span class='ocrx_word' id='word_1_792' title='bbox 2963 4824 3158 4881; x_wconf 87' lang='lat' dir='ltr'><strong>fratres</strong></span> <span class='ocrx_word' id='word_1_793' title='bbox 3187 4833 3351 4895; x_wconf 87' lang='lat' dir='ltr'><strong>atque</strong></span> <span class='ocrx_word' id='word_1_794' title='bbox 3374 4824 3459 4879; x_wconf 89' lang='lat' dir='ltr'><strong>di-</strong></span> 
     </span>
    </p>
   </div>
   <div class='ocr_carea' id='block_1_109' title="bbox 1882 4917 3112 4993">
    <p class='ocr_par' dir='ltr' id='par_1_109' title="bbox 1882 4917 3112 4993">
     <span class='ocr_line' id='line_1_109' title="bbox 1882 4917 3112 4993; baseline -0.007 -15"><span class='ocrx_word' id='word_1_795' title='bbox 1882 4924 2025 4987; x_wconf 90' lang='lat' dir='ltr'><strong>lecti,</strong></span> <span class='ocrx_word' id='word_1_796' title='bbox 2060 4932 2119 4978; x_wconf 90' lang='lat' dir='ltr'><strong>ut</strong></span> <span class='ocrx_word' id='word_1_797' title='bbox 2147 4938 2244 4993; x_wconf 86' lang='lat' dir='ltr'><strong>per</strong></span> <span class='ocrx_word' id='word_1_798' title='bbox 2267 4919 2558 4976; x_wconf 89' lang='lat' dir='ltr'><strong>Dominum</strong></span> <span class='ocrx_word' id='word_1_799' title='bbox 2593 4927 2839 4975; x_wconf 88' lang='lat' dir='ltr'><strong>nostrum</strong></span> <span class='ocrx_word' id='word_1_800' title='bbox 2867 4917 3112 4972; x_wconf 89' lang='lat' dir='ltr'><strong>valeatis.</strong></span> 
     </span>
    </p>
   </div>
   <div class='ocr_carea' id='block_1_110' title="bbox 1951 5006 3458 5086">
    <p class='ocr_par' dir='ltr' id='par_1_110' title="bbox 1951 5006 3458 5086">
     <span class='ocr_line' id='line_1_110' title="bbox 1951 5006 3458 5086; baseline -0.007 -16"><span class='ocrx_word' id='word_1_801' title='bbox 1951 5015 2103 5072; x_wconf 74' lang='lat' dir='ltr'><strong>lianc</strong></span> <span class='ocrx_word' id='word_1_802' title='bbox 2135 5029 2352 5086; x_wconf 89' lang='lat' dir='ltr'><strong>quoque</strong></span> <span class='ocrx_word' id='word_1_803' title='bbox 2380 5012 2689 5084; x_wconf 86' lang='lat' dir='ltr'><strong>(epistolam</strong></span> <span class='ocrx_word' id='word_1_804' title='bbox 2713 5009 3068 5078; x_wconf 87' lang='lat' dir='ltr'><strong>Athanasius)</strong></span> <span class='ocrx_word' id='word_1_805' title='bbox 3101 5007 3273 5062; x_wconf 83' lang='lat' dir='ltr'><strong>Roma</strong></span> <span class='ocrx_word' id='word_1_806' title='bbox 3313 5006 3458 5062; x_wconf 89' lang='lat' dir='ltr'><strong>scri-</strong></span> 
     </span>
    </p>
   </div>
   <div class='ocr_carea' id='block_1_111' title="bbox 1881 5109 2004 5180">
    <p class='ocr_par' dir='ltr' id='par_1_111' title="bbox 1881 5109 2004 5180">
     <span class='ocr_line' id='line_1_111' title="bbox 1881 5109 2004 5180; baseline -0.024 -14"><span class='ocrx_word' id='word_1_807' title='bbox 1881 5109 2004 5180; x_wconf 85' lang='lat' dir='ltr'><strong>psit.</strong></span> 
     </span>
    </p>
   </div>
   <div class='ocr_carea' id='block_1_112' title="bbox 2197 5189 3134 5268">
    <p class='ocr_par' dir='ltr' id='par_1_112' title="bbox 2197 5189 3134 5268">
     <span class='ocr_line' id='line_1_112' title="bbox 2197 5189 3134 5268; baseline -0.006 -17"><span class='ocrx_word' id='word_1_808' title='bbox 2197 5196 2428 5268; x_wconf 81' lang='lat' dir='ltr'><strong>Explicit</strong></span> <span class='ocrx_word' id='word_1_809' title='bbox 2455 5195 2666 5252; x_wconf 88' lang='lat' dir='ltr'><strong>decima</strong></span> <span class='ocrx_word' id='word_1_810' title='bbox 2695 5193 2864 5249; x_wconf 82' lang='lat' dir='ltr'><strong>tertia</strong></span> <span class='ocrx_word' id='word_1_811' title='bbox 2885 5189 3134 5264; x_wconf 85' lang='lat' dir='ltr'><strong>epistola.</strong></span> 
     </span>
    </p>
   </div>
   <div class='ocr_carea' id='block_1_113' title="bbox 2065 5416 3459 5496">
    <p class='ocr_par' dir='ltr' id='par_1_113' title="bbox 2065 5416 3459 5496">
     <span class='ocr_line' id='line_1_113' title="bbox 2065 5416 3459 5496; baseline -0.009 -9"><span class='ocrx_word' id='word_1_812' title='bbox 2065 5432 2109 5465; x_wconf 76' lang='grc'>⁸³</span> <span class='ocrx_word' id='word_1_813' title='bbox 2133 5428 2250 5486; x_wconf 82' lang='lat' dir='ltr'><strong>Jac.</strong></span> <span class='ocrx_word' id='word_1_814' title='bbox 2270 5446 2312 5496; x_wconf 88' lang='grc' dir='ltr'><strong>ι,</strong></span> <span class='ocrx_word' id='word_1_815' title='bbox 2356 5429 2444 5484; x_wconf 71' lang='grc'><strong>14.</strong></span> <span class='ocrx_word' id='word_1_816' title='bbox 2525 5424 2874 5490; x_wconf 73' lang='grc' dir='ltr'><strong>⁶⁵ἰι›ἰ‹1.2,5.</strong></span> <span class='ocrx_word' id='word_1_817' title='bbox 2954 5416 3183 5475; x_wconf 77' lang='lat' dir='ltr'><strong>“Joan.</strong></span> <span class='ocrx_word' id='word_1_818' title='bbox 3222 5430 3334 5482; x_wconf 74' lang='lat' dir='ltr'><strong>xvi,</strong></span> <span class='ocrx_word' id='word_1_819' title='bbox 3366 5416 3459 5474; x_wconf 80' lang='lat'><strong>53.</strong></span> 
     </span>
    </p>
   </div>
   <div class='ocr_carea' id='block_1_114' title="bbox 284 5681 3389 5774">
    <p class='ocr_par' dir='ltr' id='par_1_114' title="bbox 284 5681 3389 5774">
     <span class='ocr_line' id='line_1_114' title="bbox 284 5681 3389 5774; baseline -0.005 -21"><span class='ocrx_word' id='word_1_820' title='bbox 284 5700 390 5774; x_wconf 73' lang='lat'><strong>(85)</strong></span> <span class='ocrx_word' id='word_1_821' title='bbox 412 5695 622 5754; x_wconf 78' lang='lat' dir='ltr'><strong>Videsis</strong></span> <span class='ocrx_word' id='word_1_822' title='bbox 650 5697 1023 5754; x_wconf 66' lang='lat' dir='ltr'><strong>eucharisticae</strong></span> <span class='ocrx_word' id='word_1_823' title='bbox 1049 5693 1471 5762; x_wconf 85' lang='lat' dir='ltr'><strong>communionis,</strong></span> <span class='ocrx_word' id='word_1_824' title='bbox 1506 5691 1588 5747; x_wconf 86' lang='lat' dir='ltr'><strong>vel</strong></span> <span class='ocrx_word' id='word_1_825' title='bbox 1621 5695 1767 5745; x_wconf 76' lang='lat' dir='ltr'><strong>certe</strong></span> <span class='ocrx_word' id='word_1_826' title='bbox 1813 5685 2163 5745; x_wconf 82' lang='lat' dir='ltr'><strong>sacerdotalis</strong></span> <span class='ocrx_word' id='word_1_827' title='bbox 2194 5686 2429 5756; x_wconf 77' lang='lat' dir='ltr'><strong>liturgia:</strong></span> <span class='ocrx_word' id='word_1_828' title='bbox 2451 5700 2547 5742; x_wconf 89' lang='lat' dir='ltr'><strong>seu</strong></span> <span class='ocrx_word' id='word_1_829' title='bbox 2569 5684 2770 5754; x_wconf 64' lang='lat' dir='ltr'><strong>missae,</strong></span> <span class='ocrx_word' id='word_1_830' title='bbox 2797 5698 2955 5740; x_wconf 87' lang='lat' dir='ltr'><strong>usum</strong></span> <span class='ocrx_word' id='word_1_831' title='bbox 2984 5681 3389 5756; x_wconf 83' lang='lat' dir='ltr'><strong>quotidianum.</strong></span> 
     </span>
    </p>
   </div>
   <div class='ocr_carea' id='block_1_115' title="bbox 521 5790 1279 5857">
    <p class='ocr_par' dir='ltr' id='par_1_115' title="bbox 521 5790 1279 5857">
     <span class='ocr_line' id='line_1_115' title="bbox 521 5790 1279 5857; baseline -0.008 -3"><span class='ocrx_word' id='word_1_832' title='bbox 521 5796 791 5857; x_wconf 70' lang='grc' dir='ltr'><strong>ΡΑτιιοι..</strong></span> <span class='ocrx_word' id='word_1_833' title='bbox 824 5795 939 5857; x_wconf 75' lang='lat' dir='ltr'><strong>(in.</strong></span> <span class='ocrx_word' id='word_1_834' title='bbox 962 5790 1196 5853; x_wconf 74' lang='lat' dir='ltr'><strong>XXVI.</strong></span> <span class='ocrx_word' id='word_1_835' title='bbox 1273 5819 1279 5825; x_wconf 62' lang='grc' dir='ltr'><strong>ν</strong></span> 
     </span>
    </p>
   </div>
   <div class='ocr_carea' id='block_1_116' title="bbox 3101 5777 3184 5840">
    <p class='ocr_par' dir='ltr' id='par_1_116' title="bbox 3101 5777 3184 5840">
     <span class='ocr_line' id='line_1_116' title="bbox 3101 5777 3184 5840; baseline 0.024 -2"><span class='ocrx_word' id='word_1_836' title='bbox 3101 5777 3184 5840; x_wconf 73' lang='grc' dir='ltr'><strong>1ιὸ</strong></span> 
     </span>
    </p>
   </div>
  </div>
