3812 6224
345 358 522 422 ’⁸1Ᾰί9

912 477 1248 535 EPISTOLA
1277 478 1434 548 puv.

945 593 1080 656 (Chr.
1104 605 1233 644 anno
1255 593 1394 657 542.)

382 693 499 735 ΠΕΟ.
518 692 625 733 EST
651 691 743 731 ιιν
765 692 1048 733 Δτιωυειι
1078 692 1339 732 EPISTOLA
1383 691 1434 731 IN

455 783 546 824 τιο
575 782 898 825 CONSTAN'I‘II
923 810 938 834 ,
978 784 1048 824 ΕΤ
1092 783 1328 824 SECUNDO
1356 783 1717 834 CONS'I'ANTIS,
1755 781 1956 820 CUBER-

449 877 626 916 NAN'I'E
651 876 826 916 EODEI
875 874 1121 930 LONCINO,
1158 875 1462 916 INDICTIONE
1487 876 1576 924 XV,
1619 875 1789 914 ιυιτλ
1816 873 1960 921 ρυΑιι

450 969 740 1009 ΡΑεοιιΑτιε
762 967 1012 1007 DOIIINICA
1039 967 1183 1005 ERAT
1225 967 1285 1005 111
1339 966 1460 1006 IDUS
1499 966 1738 1016 APRILIS,
1776 965 1827 1004 ID
1858 965 1955 1004 EST

449 1059 538 1099 DIE
578 1059 667 1098 XIV
704 1057 1031 1110 PHARIIUTHI,
1057 1057 1194 1098 ANNO
1225 1057 1566 1098 DIOCLETIANI
1590 1057 1738 1097 LVIII.

449 1135 502 1189 i.
535 1133 908 1190 Solemnitatis
939 1143 1136 1190 nostrae
1164 1133 1366 1200 laetitia,
1401 1133 1594 1188 fratres
1619 1131 1723 1186 mei
1750 1171 1766 1193 ,
1810 1147 1959 1186 sem-

377 1236 476 1294 per
500 1227 685 1290 instat,
717 1241 891 1295 neque
923 1240 1162 1294 unquam
1192 1226 1392 1280 recedit
1415 1225 1483 1280 ab
1509 1225 1615 1280 illis
1644 1223 1736 1293 qui
1763 1222 1959 1277 festum

378 1332 536 1386 agere
561 1327 740 1372 avent.
763 1317 1076 1372 Proximum
1100 1317 1256 1373 nobis
1279 1327 1362 1372 est
1379 1315 1608 1374 Verbum
1629 1316 1785 1386 125
1804 1315 1954 1381 illud,

381 1408 527 1478 quod
558 1423 657 1478 pro
691 1409 851 1465 nobis
879 1409 1065 1465 omnia
1108 1408 1312 1464 factum
1362 1418 1480 1472 est,
1529 1407 1824 1472 Dominus,
1874 1409 1959 1462 in-

379 1517 545 1572 quam
566 1542 582 1565 ,
609 1511 796 1556 noster
822 1500 982 1558 Jesus
1009 1500 1262 1557 Christus
1283 1543 1297 1567 ,
1325 1501 1416 1572 qui
1447 1501 1589 1571 apud
1619 1516 1720 1555 nos
1754 1500 1956 1555 indesi-

380 1601 571 1647 nenter
600 1592 828 1661 spondet
847 1607 907 1647 se
936 1607 1056 1647 esse
1084 1608 1426 1646 mansurum.
1455 1591 1819 1658 Quamobrem
1847 1592 1959 1646 cla-

379 1687 493 1735 mat
537 1681 724 1736 dicens
751 1681 794 1713 ⁶⁷
828 1699 842 1736 :
879 1699 898 1733 ς
929 1680 1067 1737 Ecce
1099 1697 1198 1752 ego
1231 1682 1512 1737 vobiscum
1544 1697 1665 1736 sum
1701 1681 1958 1737 omnibus

378 1772 570 1827 diebus
594 1772 800 1828 saeculi.
835 1792 854 1824 ι
890 1771 1361 1839 Quemadmodum
1401 1783 1581 1828 autem
1625 1772 1742 1842 ipse
1774 1780 1959 1841 pastor

1490 691 1799 733 CONSULATU
1827 689 1957 727 TER-

979 359 1036 416 S.
1088 355 1464 415 ATHANASII
1501 351 1651 415 OPP.
1688 347 1866 412 PARS
1902 353 1962 410 Il.
1995 385 2064 394 —
2096 343 2460 408 EPISTOLIE
2497 345 3032 404 HEORTASTICIE.

3511 344 3650 400 ΝΞΟ

1991 483 2034 538 Α
2065 474 2208 531 sicut
2241 474 2404 529 etiam
2438 471 2585 528 beati
2618 469 2875 542 apostoli,
2901 469 2998 538 qui
3027 467 3220 522 ducem
3253 465 3648 521 suum‘Salx-a—

2057 576 2230 622 torem
2265 565 2652 635 sequebantur,
2682 573 2736 618 et
2767 571 2895 616 tunc
2923 567 3101 624 erant,
3125 567 3178 614 et
3207 558 3389 613 adhuc
3421 557 3478 612 in
3509 572 3649 627 prae-

2060 657 2198 712 senti
2225 665 2350 710 sunt
2373 654 2688 724 huiusmodi
2718 652 2906 723 gratiae
2955 651 3235 721 magistri;
3265 663 3510 718 namque
3537 648 3652 700 aie-

2058 748 2191 803 bant
2214 748 2260 778 ⁷⁸
2293 764 2308 801 :
2345 765 2363 796 ‹
2399 745 2539 800 Ecce
2568 760 2667 799 nos
2689 743 3011 813 reliquimus
3027 741 3234 805 omnia,
3264 751 3318 794 et
3347 737 3524 794 secuti
3551 752 3649 791 su-

2061 854 2183 893 mus
2234 846 2305 893 te.
2337 854 2357 890 ι
2429 833 2694 890 Videlicet
2730 849 2831 888 nos
2882 829 3167 902 sequimur
3198 828 3536 895 Dominum;
3590 833 3651 881 et

2059 930 2257 986 festum
2281 927 2518 992 Domini,
2543 941 2653 980 non
2684 925 2866 980 verbis
2892 933 3102 984 tantum
3135 923 3229 979 sed
3257 921 3521 992 operibus
3547 920 3652 973 ad-

2060 1022 2370 1088 implemus.
2397 1018 2517 1075 Iam
2543 1017 2799 1088 quaelibet
2819 1014 2952 1085 legis
2984 1014 3338 1082 mandatique
3358 1010 3652 1066 exsecutio

2059 1111 2256 1182 duplici
2282 1121 2406 1166 actu
2434 1109 2512 1180 (id
2548 1115 2635 1164 est
2674 1122 2735 1162 re
2785 1104 3082 1175 verboque)
3111 1109 3328 1158 constat
3350 1119 3362 1155 :
3385 1109 3551 1170 atque
3572 1100 3648 1153 ita

2059 1219 2292 1274 magnus
2339 1203 2428 1258 ille
2459 1201 2674 1274 Moyses
2695 1241 2710 1266 ,
2741 1213 2864 1254 cum
2905 1195 3196 1251 hieraticas
3225 1193 3370 1263 leges
3413 1192 3646 1252 ferebat.

2061 1295 2318 1365 sponderi
2347 1293 2452 1349 sibi
2506 1309 2539 1347 a
2571 1291 2774 1363 populo
2821 1288 3229 1345 exsecutionem
3274 1285 3544 1348 volebat;
3579 1300 3652 1336 ne

2059 1396 2346 1456 postquam
2373 1383 2741 1441 obedientiam
2767 1380 3215 1452 spopondissem,
3241 1377 3514 1431 mendacii
3539 1375 3652 1429 cri-

2060 1478 2415 1534 minationem
2440 1476 2638 1532 vellent
2668 1475 2980 1537 incurrere,
3006 1474 3050 1527 si
3082 1471 3221 1526 forte
3251 1470 3419 1523 verba
3445 1470 3498 1522 in
3531 1484 3650 1521 rem

2061 1570 2284 1624 minime
2307 1567 2689 1623 contulissent.
2712 1565 2802 1620 Sic
2832 1580 2960 1632 ergo
2987 1562 3110 1618 festi
3137 1572 3190 1615 et
3215 1555 3503 1616 Paschatis
3529 1575 3654 1629 per-

2061 1662 2204 1718 actio
2244 1677 2368 1733 que:
2397 1662 2498 1724 sit,
2539 1668 2694 1714 extra
2727 1659 3087 1728 quaestionem
3127 1664 3211 1709 est
3235 1696 3249 1718 ,
3283 1669 3382 1708 nec
3407 1652 3524 1707 ullo
3559 1666 3654 1704 re-

2060 1767 2262 1824 sponso
2314 1762 2470 1822 eget;
2521 1752 2618 1806 sed
2651 1751 2777 1807 t'acti
2813 1764 2936 1805 cum
2970 1748 3117 1802 dicto
3147 1746 3345 1815 cOpula
3388 1743 3650 1802 edicitur.

377 1873 482 1930 est,
507 1877 756 1918 summus
785 1863 1061 1926 sacerdos,
1093 1863 1200 1930 via,
1229 1871 1281 1916 et
1301 1861 1493 1931 janua,
1525 1863 1794 1932 simulque
1827 1876 1949 1915 om-

2131 1853 2271 1902 :ente
2309 1844 2466 1914 127
2516 1839 2765 1913 Moyse"
2801 1859 2814 1894 :
2855 1857 2873 1889 ι
2903 1837 2969 1893 Ει
3011 1847 3270 1908 peragant
3306 1835 3404 1890 ﬁlii
3427 1834 3654 1890 lsraelis

377 1956 471 2011 nia
502 1971 598 2027 pro
640 1957 800 2011 nobis
837 1957 1011 2013 t'actus
1053 1965 1178 2020 est,
1229 1954 1302 2010 ita
1347 1955 1509 2008 etiam
1541 1952 1737 2009 festum
1789 1961 1953 2022 atque

378 2047 695 2105 solemuitas
723 2047 883 2103 nobis
916 2047 1206 2118 apparuit,
1241 2063 1337 2102 ceu
1376 2045 1564 2100 beatus
1596 2046 1670 2099 ait
1716 2043 1952 2114 Aposto-

380 2139 466 2196 lus
485 2137 536 2173 "
568 2156 583 2193 :
619 2157 640 2194 ι
667 2137 877 2195 Pascha
907 2147 1155 2194 nostrum
1182 2137 1498 2192 immolatus
1520 2145 1604 2190 est
1629 2135 1903 2198 Christus,
1927 2151 1947 2186 ι

377 2232 474 2304 qui
506 2233 944 2303 exspectabatur.
981 2218 1088 2286 Sed
1131 2231 1198 2285 ad
1243 2228 1546 2284 Psalmistae
1576 2242 1795 2299 quoque
1827 2242 1955 2298 pre-

375 2336 474 2380 ces
504 2323 685 2379 illuxit
719 2323 950 2378 dicentis
977 2321 1023 2355 "
1057 2340 1073 2378 ;
1111 2339 1130 2372 ι
1162 2319 1466 2376 Exsultatio
1495 2335 1612 2377 mea
1633 2359 1648 2385 ,
1700 2333 1832 2375 erue
1870 2332 1956 2374 me

377 2429 410 2470 a
438 2413 904 2471 circumdantibus
936 2429 1045 2470 me.
1075 2432 1096 2468 ι
1157 2411 1285 2468 Htec
1322 2421 1408 2467 est
1461 2427 1590 2467 vera
1640 2409 1953 2474 exsultatio,

377 2506 494 2566 hac
520 2517 606 2566 est
641 2523 902 2579 germana
946 2505 1267 2563 solemnitas
1291 2547 1306 2570 ,
1335 2504 1604 2560 malorum
1639 2517 1829 2572 nempe
1856 2501 1957 2556 de-

374 2601 592 2672 pulsio;
626 2601 696 2656 ad
727 2615 892 2672 quam
921 2608 982 2654 ut
1031 2597 1410 2668 unusquisque
1438 2595 1755 2668 perveniat,
1791 2593 1957 2649 rectis

376 2694 600 2750 omnino
646 2692 892 2749 moribus
937 2692 1047 2758 sit,
1084 2705 1300 2764 suaque
1348 2700 1529 2743 mente
1560 2686 1853 2742 meditetur
1892 2684 1958 2739 in

376 2785 560 2855 quiete
586 2785 800 2841 timoris
826 2782 944 2839 Dei.
1003 2781 1095 2840 Sic
1126 2783 1290 2841 etiam
1320 2781 1494 2838 sancti
1536 2780 1666 2835 dum
1693 2778 1956 2845 viverent,

375 2877 528 2933 omni
560 2885 719 2933 aetate
745 2890 845 2932 sua
867 2874 1213 2938 ltetabantur,
1246 2882 1507 2943 tanquam
1535 2872 1589 2926 in
1623 2870 1797 2936 festo»;
1822 2884 1960 2940 quo-

374 2984 511 3024 rum
531 2983 710 3034 unus,
741 2980 938 3038 nempe
968 2965 1160 3021 beatus
1193 2965 1364 3023 David
1385 2965 1432 2997 ’°
1456 3005 1474 3032 ,
1508 2975 1673 3020 noctu
1704 2964 1962 3035 surgebat

377 3058 523 3115 haud
575 3061 742 3116 semel
781 3059 874 3114 sed
903 3059 1104 3128 septies
1131 3101 1145 3126 ,
1193 3066 1249 3113 et
1285 3056 1459 3112 Deum
1492 3056 1750 3127 precibus
1777 3055 1962 3126 υτορί-

376 3151 566 3210 tiabat.
597 3151 764 3218 Alter,
793 3166 1025 3222 magnus
1053 3151 1306 3208 videlicet
1337 3144 1578 3220 Moyses,
1609 3148 1826 3219 hymnis
1858 3163 1957 3202 ex-

377 3243 638 3313 sultabat,
663 3243 959 3314 laudesque
977 3242 1280 3300 canebat"
1312 3243 1382 3299 ob
1412 3241 1698 3297 victoriam
1721 3241 1790 3296 de
1819 3239 1962 3294 Pha-

379 3347 548 3388 raone
591 3333 817 3389 relatam
843 3371 862 3398 ,
911 3341 965 3388 et
997 3333 1064 3388 de
1094 3333 1162 3388 iis
1196 3333 1290 3403 qui
1338 3332 1620 3388 laboribus
1657 3331 1960 3402 (Hebraeos)

382 3432 784 3496 oppresserant.
826 3422 1120 3480 Postremo
1148 3425 1242 3480 alii
1275 3425 1500 3479 assidua
1528 3440 1654 3479 cum
1689 3423 1962 3478 hilaritate

382 3531 544 3576 sacro
571 3517 721 3571 cultu
742 3516 1228 3589 perfungcbantur,
1254 3518 1422 3574 veluti
1453 3531 1688 3588 magnus
1715 3515 1960 3580 Samuel,

379 3617 436 3662 et
486 3607 674 3662 beatus
723 3605 814 3661 ille
861 3605 1048 3672 Elias;
1102 3607 1196 3678 qui
1233 3622 1449 3662 morum
1485 3622 1713 3662 suorum
1762 3605 1962 3660 merito

383 3699 683 3755 libertatem
707 3706 835 3753 sunt
859 3697 1059 3768 adepti,
1088 3708 1143 3753 et
1167 3713 1310 3754 nunc
1345 3697 1543 3754 festum
1578 3707 1745 3768 agunt
1772 3699 1824 3752 in
1858 3711 1965 3754 coe-

379 3792 468 3862 lo,
495 3800 550 3846 et
591 3790 659 3846 de
687 3805 788 3846 sua
833 3793 890 3845 in
923 3792 1118 3847 umbra
1146 3791 1275 3846 olim
1304 3790 1742 3862 peregrinatione
1776 3792 1962 3844 laetan-

381 3897 493 3952 tur,
525 3894 578 3942 et
602 3887 716 3957 jam
743 3886 1025 3942 veritatem
1054 3902 1084 3940 a
1120 3886 1290 3956 figura
1324 3885 1662 3942 discernunt.

449 3977 509 4033 2.
535 3975 646 4032 Nos
692 3984 880 4033 autem
931 3992 1079 4033 nunc
1107 3977 1506 4032 solemnitatem
1531 3986 1790 4047 agentes,
1824 3990 1962 4047 quas

381 4068 498 4123 vias
528 4068 891 4138 corripimus?
947 4067 1013 4122 Et
1041 4068 1178 4123 festo
1214 4069 1374 4140 126
1427 4069 1552 4124 huic
1582 4070 1961 4139 propinquan-

386 4172 468 4218 tes
488 4201 505 4226 ,
543 4178 704 4233 quem
735 4163 928 4218 ducem
958 4162 1324 4218 habebimus?
1367 4160 1648 4218 Neminem
1694 4161 1960 4232 profecto,

385 4254 567 4309 dilecti
596 4254 723 4320 mei,
751 4254 856 4310 nisi
882 4269 1044 4325 quem
1073 4270 1170 4309 vos
1197 4253 1298 4323 ipsi
1318 4269 1531 4308 mecum
1560 4253 1752 4308 dicetis
1785 4251 1962 4308 Domi-

384 4355 518 4401 num
568 4355 816 4400 nostrum
857 4343 1043 4401 Iesum
1071 4343 1384 4412 Christum,
1424 4346 1520 4415 qui
1560 4346 1701 4400 ait"
1737 4364 1751 4400 :
1790 4363 1810 4397 ι
1848 4343 1962 4415 Ego

384 4451 508 4492 sum
529 4435 636 4490 via.
663 4454 684 4488 ι
722 4434 841 4506 Ipse
871 4447 955 4491 est
983 4437 1102 4506 qui,
1127 4446 1185 4490 ut
1209 4437 1399 4494 beatus
1423 4435 1602 4507 inquit
1626 4435 1926 4492 Joannes"
1944 4477 1962 4504 ,

386 4529 524 4584 tollit
553 4539 836 4599 peccatum
864 4528 1052 4583 mundi
1079 4547 1097 4584 :
1126 4529 1243 4600 ipse
1274 4529 1486 4584 animas
1522 4539 1736 4585 nostras
1764 4529 1960 4600 purifi-

383 4634 492 4692 eat,
527 4638 627 4679 ceu
662 4622 795 4678 dicit
825 4623 1024 4679 alicubi
1059 4621 1324 4679 Jeremias
1357 4625 1683 4694 propheta"
1712 4643 1728 4681 :
1761 4642 1780 4676 ι
1811 4624 1963 4679 State

385 4729 551 4786 super
593 4716 744 4780 vias,
778 4726 834 4771 et
860 4717 1071 4783 videte,
1105 4727 1160 4772 et
1192 4717 1442 4786 dispicitc
1470 4731 1720 4787 quaenam
1772 4716 1843 4772 sit
1874 4717 1962 4771 via

385 4811 550 4877 bona,
567 4821 621 4865 et
643 4810 697 4864 in
729 4825 793 4864 ea
827 4811 1115 4866 invenietis
1135 4811 1446 4865 animarum
1467 4818 1771 4864 vestrarum
1786 4824 1967 4863 emen-

385 4902 682 4957 dationem.
714 4920 733 4952 ι
785 4891 1080 4956 Οιίω’νει·ο
1115 4901 1392 4958 hircorum
1424 4902 1648 4971 sanguis
1669 4941 1686 4964 .
1741 4910 1796 4957 et
1821 4902 1965 4958 cinis

315 5007 321 5030 ι
384 4993 541 5048 vituli
567 5005 732 5062 super
768 4992 1083 5046 immundos
1118 5008 1375 5062 aspersus
1400 5033 1416 5057 ,
1470 4993 1812 5062 purilicando
1843 5002 1966 5048 tan-

386 5095 500 5140 tum
528 5084 746 5154 corpori
776 5093 936 5154 aptus
958 5076 1075 5139 erat
1100 5103 1114 5139 :
1143 5101 1288 5140 nunc
1317 5100 1411 5156 per
1432 5083 1596 5139 Verbi
1618 5082 1711 5140 Dei
1733 5085 1964 5156 gratiam

385 5179 771 5247 unusquisque
797 5177 1012 5233 abunde
1039 5179 1332 5233 inundatur
1359 5197 1372 5232 :
1399 5176 1546 5247 quod
1571 5178 1618 5233 si
1645 5193 1768 5231 mox
1791 5185 1967 5232 secta-

387 5267 820 5334 bimur,.|ieebit
845 5268 1006 5322 nobis
1035 5269 1122 5323 hic
1155 5279 1412 5338 tanquam
1449 5270 1502 5322 in
1536 5268 1821 5325 vestibulis
1849 5284 1962 5323 cce-

390 5360 544 5418 lestis
565 5358 865 5415 Jerusalem
891 5352 1088 5417 festum
1113 5360 1246 5415 illud
1269 5370 1530 5416 esternqu
1556 5359 1922 5430 praemeditari
1947 5379 1961 5416 :

489 5625 532 5656 "’
580 5623 768 5680 Matth.
807 5643 997 5687 xxvm.
1025 5626 1116 5680 20.
1233 5625 1278 5658 ⁸⁸
1328 5625 1506 5681 lCor.
1551 5642 1604 5692 v,
1653 5625 1704 5677 7.

392 5692 610 5751 "Joan.
636 5711 746 5757 xiv,
770 5700 823 5752 6.
899 5697 944 5728 ⁷³
967 5697 1123 5752 Joan.
1151 5711 1188 5758 ι,
1216 5695 1308 5750 29.
1379 5695 1546 5750 7‘Jer.
1577 5695 1754 5762 vi,16.

399 5766 486 5820 11.
562 5767 607 5799 ⁷³
636 5765 766 5822 Luc.
797 5784 930 5835 χιιι,
968 5769 1056 5821 15.
1134 5765 1356 5822 “Joan.
1395 5781 1509 5832 xvu,
1543 5768 1634 5823 35.

1781 5628 1823 5658 ”
1849 5625 1990 5683 Psal.
2025 5643 2175 5691 xm,
2207 5628 2257 5680 7.

1833 5697 1877 5728 ⁷³
1899 5696 2090 5753 Matth.
2128 5697 2343 5768 mx,‘.’7.

2061 1934 2318 1990 Pascha:
2358 1953 2376 1986 ι
2437 1932 2699 1987 nimirum
2741 1930 2807 1984 ad
2854 1937 3185 2000 praeceptum
3234 1926 3380 1996 quod
3427 1925 3653 1993 attinet,

2060 2040 2214 2084 actus
2248 2043 2279 2084 a
2307 2027 2453 2082 dicto
2506 2040 2615 2081 non
2665 2024 2844 2089 absit;
2905 2037 3144 2092 namque
3191 2021 3312 2090 ipsa
3360 2020 3654 2074 exsecutio

2060 2137 2280 2194 operam
2313 2121 2476 2177 levat.

2131 2237 2185 2294 3.
2223 2236 2298 2290 De
2327 2236 2412 2290 his
2448 2234 2611 2290 rebus
2641 2233 2935 2304 prudenter
2966 2247 3054 2289 me
3083 2231 3266 2287 facere
3293 2232 3566 2295 arbitror,
3602 2231 3650 2286 si

2061 2345 2162 2386 vos
2189 2328 2467 2385 erudiero.
2502 2327 2647 2382 Sane
2677 2326 2822 2382 haud
2867 2325 3036 2382 semel
3059 2335 3114 2381 et
3149 2324 3204 2380 in
3238 2325 3361 2379 aliis
3399 2324 3656 2394 epistolis

2063 2432 2304 2490 spartam
2333 2417 2478 2473 hanc
2527 2417 2959 2484 adornavimus;
3005 2430 3153 2472 nunc
3182 2430 3313 2470 vero
3361 2414 3649 2485 praecipue

2063 2511 2434 2567 necessarium
2481 2518 2600 2578 est,
2653 2519 2714 2564 ut
2768 2508 3056 2564 vobiscum
3107 2521 3208 2578 ego
3263 2505 3651 2568 meminerim,

2065 2603 2402 2676 Scripturam
2426 2618 2638 2659 sacram
2666 2602 2812 2658 nolle
2833 2615 2936 2656 nos
2958 2599 3281 2672 simpliciter
3307 2601 3373 2655 ad
3403 2597 3653 2653 Pascha.

2063 2699 2134 2754 tis
2162 2697 2359 2753 festum
2389 2695 2674 2762 accedere,
2709 2695 2806 2751 sed
2840 2708 2948 2749 non
2976 2692 3096 2750 sine
3133 2691 3436 2764 allegoriis,
3472 2691 3654 2745 tradi-

2067 2791 2334 2856 tionibus,
2383 2788 2626 2858 legisque
2662 2784 3041 2851 observantia,
3075 2782 3539 2855 quemadmodum
3585 2797 3654 2835 ex

2063 2882 2292 2938 historia
2318 2879 2702 2936 didicimus":
2735 2895 2753 2928 ι
2786 2876 3103 2947 Alienigena
3119 2885 3326 2939 autem,
3355 2884 3410 2929 et
3443 2874 3650 2943 empti-

2067 2973 2185 3029 cius
2209 3012 2224 3038 ,
2267 2980 2365 3027 aut
2408 2967 2854 3036 incircumcisus,
2896 2965 3109 3023 Pascha
3149 2980 3263 3021 non
3296 2963 3589 3020 comedat.
3617 2981 3650 3015 τ

2069 3063 2178 3122 Nec
2205 3079 2336 3119 vero
2370 3063 2423 3118 id
2463 3062 2615 3118 omni
2647 3063 2701 3115 in
2742 3060 2908 3116 domo
2929 3056 3331 3116 comedendum
3357 3067 3518 3122 erat;
3557 3056 3658 3112 sed

2070 3155 2390 3211 festinanter
2426 3154 2725 3225 jubebatur
2767 3151 2996 3208 ﬁeri":
3042 3149 3172 3220 quia
3219 3149 3527 3220 antiquitus
3572 3147 3660 3200 af-

2066 3247 2195 3302 flicti
2232 3245 2438 3301 fuimus
2464 3253 2519 3300 et
2554 3242 2867 3298 contristati
2902 3242 3005 3298 sub
3047 3239 3354 3294 Pharaonis
3399 3238 3662 3303 servitio,

2064 3346 2233 3408 atque
2265 3349 2454 3390 eorum
2482 3333 2729 3402 jussibus
2759 3330 2854 3402 qui
2885 3329 2952 3383 ad
2974 3328 3196 3383 labores
3221 3325 3658 3396 compellebant.

2058 3425 2139 3481 Ita
2189 3441 2246 3482 se
2285 3424 2588 3494 antiquitus
2629 3431 2920 3494 gesserunt
2961 3418 3182 3474 lsraelis
3219 3417 3356 3480 lilii,
3407 3424 3460 3470 et
3508 3416 3663 3473 hanc

2063 3519 2298 3574 habendi
2326 3519 2560 3589 ﬁguram
2593 3515 2742 3584 digni
2775 3512 2947 3568 habiti
3002 3520 3150 3566 sunt.
3200 3509 3364 3580 Atqui
3401 3508 3490 3562 illa
3523 3524 3661 3579 pro-

2065 3622 2180 3680 pter
2212 3611 2326 3664 haec
2364 3618 2551 3664 nostra
2592 3605 2835 3673 fuerunt,
2868 3614 2924 3660 et
2955 3604 3023 3658 ad
3060 3605 3164 3658 hoc
3191 3619 3290 3657 nos
3318 3601 3518 3656 festum
3554 3612 3662 3670 per

2063 3699 2195 3755 illud
2225 3699 2466 3770 priscum
2494 3698 2840 3753 adducimur.
2876 3694 3030 3749 Sicut
3062 3695 3229 3750 etiam
3253 3692 3349 3747 Dei
3373 3691 3659 3758 Verbum,

2063 3809 2190 3848 cum
2257 3793 2361 3846 hoc
2430 3792 2610 3861 ipsum
2669 3800 2930 3859 optaret,
2995 3788 3176 3842 aiebat
3245 3787 3536 3858 discipulis
3560 3788 3654 3840 "z

2067 3906 2087 3937 ι
2130 3884 2412 3940 Desiderio
2439 3881 2748 3937 desideravi
2797 3882 2901 3936 hoc
2927 3879 3142 3936 Pascha
3173 3881 3509 3937 manducare
3549 3895 3653 3934 vo-

2062 3977 2305 4046 biscum.
2339 3993 2359 4028 ι
2387 3974 2567 4045 Atque
2594 3974 2686 4029 illa
2717 3975 2936 4045 quidem
2985 3974 3212 4030 historia
3237 3985 3320 4028 est
3339 3973 3658 4029 admirabi-

2066 4071 2134 4124 lis
2163 4087 2176 4123 :
2207 4067 2410 4123 etenim
2441 4083 2566 4123 cum
2602 4068 2656 4122 id
2693 4054 2842 4137 'opus
2875 4068 3047 4132 fieret,
3079 4081 3530 4138 unumquemque
3567 4069 3657 4121 vi-

2063 4160 2241 4214 disses
2269 4159 2428 4228 quasi
2456 4159 2523 4212 ad
2556 4173 2812 4228 pompam
2859 4157 3225 4228 chorealuque
3279 4166 3601 4227 pergentem
3639 4177 3658 4223 ;

2063 4251 2267 4320 quippe
2303 4249 2529 4304 ealceati
2565 4249 2858 4318 prodibant
2899 4263 3031 4303 cum
3065 4247 3274 4304 baculis
3325 4257 3492 4317 atque
3519 4264 3657 4320 azy-

2065 4357 2194 4410 me;
2232 4357 2353 4412 quae
2378 4342 2564 4397 omnia
2587 4357 2714 4396 cum
2751 4342 2804 4395 in
2836 4342 3032 4396 umbra
3081 4343 3484 4410 praecederent,
3541 4359 3659 4398 non

2065 4436 2182 4490 sine
2210 4434 2471 4504 allegoria
2494 4444 2644 4491 sunt.
2673 4431 2935 4490 Proxima
2954 4449 3100 4488 nunc
3124 4434 3285 4489 nobis
3303 4446 3389 4488 est
3423 4435 3656 4498 veritas,

2067 4525 2250 4596 imago
2297 4525 2390 4580 illa
2423 4525 2523 4582 Dei
2583 4526 2895 4588 invisibilis,
2939 4525 3205 4582 Dominus
3258 4536 3445 4580 uoster
3491 4525 3660 4583 Jesus

2068 4617 2348 4683 Christus,
2384 4618 2477 4673 lux
2514 4633 2666 4674 vera.
2716 4618 2836 4689 Ipse
2881 4618 3044 4691 128
3093 4619 3216 4673 loco
3273 4619 3477 4682 baculi,
3528 4635 3659 4674 sce-

2065 4723 2254 4780 pirum
2292 4710 2453 4766 nobis
2486 4720 2619 4777 est;
2655 4725 2756 4780 pro
2811 4724 3027 4780 azymo,
3076 4709 3232 4779 panis
3256 4709 3351 4779 qui
3400 4710 3471 4764 de
3511 4713 3660 4766 carlu

2070 4801 2395 4866 descendit;
2430 4816 2529 4873 pro
2560 4803 2970 4870 calceamentis,
3012 4801 3288 4872 Evangelii
3328 4811 3657 4873 apparatum

2071 4895 2294 4951 instruit
2324 4911 2338 4962 ;
2369 4903 2535 4964 atque
2566 4903 2627 4948 ut
2670 4893 2986 4948 summatim
3015 4893 3216 4956 dicam,
3263 4893 3378 4962 ipse
3409 4896 3562 4946 omni
3601 4897 3662 4949 iu

2066 4999 2128 5040 re
2159 4984 2225 5038 ad
2261 4983 2473 5038 Patrem
2513 4999 2676 5036 suum
2715 4999 2816 5038 nos
2866 4981 3076 5052 dirigit.
3111 4981 3268 5048 Quod
3303 4983 3350 5036 si
3407 4998 3512 5038 nos
3545 4985 3658 5037 ini-

2069 5077 2196 5131 tnici
2231 5069 2701 5145 persecutiOnibus
2744 5085 3072 5146 premerent,
3120 5077 3168 5130 is
3221 5073 3404 5145 Moyse
3455 5076 3658 5130 melius

2069 5170 2299 5240 ejusque
2344 5168 2548 5232 verbis,
2581 5169 2740 5221 nobis
2771 5168 2987 5222 animos
3035 5167 3258 5222 adderet
3308 5165 3539 5222 dicendo
3562 5169 3610 5199 “
3642 5189 3657 5222 ;

2076 5278 2093 5311 ι
2125 5259 2416 5326 (ἰοηῆάὶιθ,
2443 5274 2543 5328 ego
2562 5260 2666 5313 vici
2687 5261 3011 5329 malignum.
3045 5277 3067 5314 ι
3095 5257 3158 5313 Et
3188 5258 3260 5321 si,
3289 5256 3483 5312 Rubro
3513 5263 3659 5314 mani

2074 5353 2421 5418 transmisso,
2446 5362 2613 5406 aestus
2643 5351 2826 5408 fervor
2854 5367 2956 5408 nos
2984 5351 3338 5421 opprimeret,
3386 5360 3439 5404 et
3469 5352 3658 5421 aliqua

2361 5631 2406 5661 το
2449 5627 2594 5683 Psal.
2625 5642 2817 5688 cxvm,
2861 5626 2951 5688 ϐῆ,
2988 5625 3106 5682 164.
3212 5626 3255 5656 ⁷⁸
3286 5623 3457 5680 Exod.
3485 5640 3576 5686 xv,
3601 5625 3654 5680 l.

2423 5698 2736 5766 “Nemus,
2763 5697 2818 5753 2.
2895 5698 2937 5728 ⁷⁷
2963 5695 3133 5754 Exod.
3177 5711 3277 5763 xu,
3314 5695 3404 5749 45.
3449 5695 3495 5726 ⁷⁸
3521 5696 3651 5751 ibid.
