3812 6224
139 352 279 407 “id

1488 354 1821 414 EPISTOLA
1859 346 2039 414 xvu.’

3249 362 3392 420 M9?

141 488 305 544 aqua
333 474 640 529 amaritudo
670 485 1000 540 occurreret,
1044 474 1156 531 illic
1192 475 1454 532 Dominus
1483 492 1707 547 appare-
1747 490 1783 542 Α
1814 477 2009 532 festum
2044 489 2229 548 agunt,
2278 478 2597 548 perditionis
2650 490 2813 549 Opera
2863 485 3101 548 patrant.
3147 476 3216 535 At
3248 479 3384 535 festa

141 574 250 632 ret,
279 580 547 634 suamque
582 566 742 621 nobis
766 565 1109 621 dulcedinem
1146 567 1538 637 impertiretur,
1590 584 1715 626 cum

145 671 253 712 suo
285 656 499 711 viviflcn
530 656 705 723 fonte,
733 657 921 713 dicens
945 657 989 689 “
1025 677 1038 711 :
1072 676 1095 709 ί
1132 657 1191 712 Si
1220 660 1342 729 quis
1372 660 1506 724 sitit,
1536 660 1717 714 veniat

146 750 215 803 ad
256 765 344 803 me
376 759 429 803 et
463 749 632 804 bibat.
673 768 695 803 ι

217 838 272 891 4.
304 838 413 893 Cur
441 854 571 906 ergo
612 836 916 895 differimus
960 847 1054 893 aut
1081 838 1453 901 demoramur,
1505 835 1719 907 quomi-

147 941 255 980 nus
283 927 352 979 ad
382 926 780 982 solemnitatem
813 942 938 983 cum
974 928 1122 983 omni
1156 928 1427 983 hilaritate
1458 944 1523 983 ac
1553 932 1717 984 sedu-

146 1019 301 1070 litate
328 1018 633 1080 veniamus,
678 1017 808 1073 Jesu
837 1019 1065 1074 fidentes
1093 1020 1187 1090 qui
1220 1019 1414 1074 invitat
1440 1034 1573 1085 nos;
1626 1020 1717 1088 qui

1823 575 2013 621 nostra
2058 568 2281 623 virtutis
2331 570 2753 626 exercitationes
2799 581 2966 633 sunt,
3024 570 3385 631 abstinentiae.

1820 659 2198 729 castitatisque
2227 679 2243 727 ;
2275 677 2371 716 ceu
2418 657 2732 731 prephetica
2764 674 2985 730 quoque
3018 658 3183 715 dictio
3216 668 3386 715 testa-

1821 759 1910 802 tur
1930 750 2127 805 alicubi
2176 752 2364 807 dicens
2386 752 2473 805 ":
2529 769 2548 802 ‹
2607 749 2879 819 Jejunium
2914 750 3117 819 quarti,
3164 758 3217 802 et
3241 747 3386 817 jeju-

1821 840 1969 892 nium
1998 840 2196 908 quinti,
2226 853 2280 895 et
2304 839 2575 909 jejunium
2625 838 2867 909 septimi,
2893 848 2949 892 et
2989 838 3259 908 jejunium
3291 838 3386 891 de-

1821 928 1969 991 cimi,
1997 938 2160 983 erunt
2189 929 2373 983 domui
2406 928 2545 984 Juda
2594 931 2647 984 in
2682 929 2962 1000 gaudium,
3014 939 3067 982 et
3119 926 3379 991 laetitiam,

1818 1024 1871 1069 et
1902 1017 1955 1071 in
1989 1018 2365 1073 solemnitates
2401 1020 2710 1088 praeclaras.
2750 1039 2768 1071 ι
2806 1017 2943 1073 Cum
2980 1018 3032 1072 id
3061 1032 3189 1089 ergo
3218 1018 3383 1072 veluti

144 1108 417 1177 pronobis
439 1109 620 1163 omnia
643 1108 815 1164 factus
835 1119 939 1175 est,
966 1112 1156 1166 salutis
1182 1120 1381 1166 nostrae
1396 1126 1581 1166 curam
1604 1126 1725 1164 mo—
1820 1111 2064 1179 quaedam
2100 1110 2285 1165 schola
2336 1110 2495 1165 nobis
2536 1111 2873 1181 propositum
2906 1110 2997 1176 sit,
3031 1109 3251 1179 diesque
3281 1110 3383 1163 hu-

142 1199 231 1253 dis
254 1199 501 1268 plurimis
517 1201 853 1269 gerens?Qni
870 1202 1038 1256 nostri
1056 1218 1218 1259 causa
1238 1203 1597 1273 esuriitatque
1613 1204 1721 1257 siti-

142 1292 243 1354 vit,
262 1291 309 1343 is
322 1289 413 1343 alit
428 1298 679 1359 potatque
691 1306 784 1358 per
806 1307 902 1346 sua
920 1292 1179 1348 salutaria
1200 1291 1490 1348 dona.Haec
1504 1301 1586 1348 est
1601 1294 1719 1362 ejus

142 1382 339 1450 gloria,
364 1382 465 1436 hoc
489 1382 608 1450 ejus
638 1382 939 1438 divinitatis
977 1385 1317 1452 miraculum,
1354 1387 1446 1457 qui
1468 1386 1716 1443 dolorum

143 1482 461 1527 nostrorum
514 1483 761 1527 naturam
796 1491 895 1529 sua
924 1477 1165 1531 bonitate
1189 1476 1515 1535 immutavit.
1554 1478 1719 1535 Cum-

142 1580 251 1632 que
282 1565 395 1634 ipse
422 1566 527 1620 vita
546 1576 708 1633 esset,
740 1576 798 1622 ut
819 1582 918 1622 nos
936 1567 1231 1624 vivificaret
1248 1579 1330 1624 est
1351 1580 1600 1626 mortuus
1624 1590 1639 1638 ;
1665 1580 1720 1627 et

149 1654 387 1710 Verbum
424 1672 549 1711 cum
582 1668 748 1724 esset,
793 1657 848 1712 in
900 1673 1064 1713 carne
1112 1661 1341 1725 exstitit,
1385 1670 1444 1715 ut
1478 1660 1717 1719 Verbum

142 1761 366 1801 carnem
400 1749 645 1804 erudiret
670 1768 685 1814 ;
710 1760 763 1804 et
789 1750 913 1805 vita:
942 1749 1065 1805 fons
1094 1766 1217 1805 cum
1244 1759 1407 1819 esset,
1440 1753 1585 1808 sitim
1619 1771 1714 1808 no-

144 1849 317 1892 stram
349 1839 644 1909 adoptavit,
676 1850 736 1894 ut
771 1857 871 1896 nos
922 1841 1127 1897 idcirco
1167 1842 1234 1895 ad
1268 1841 1467 1897 festum
1514 1845 1713 1898 cohor-
1744 1820 1785 1875 Β

144 1940 356 1984 taretur
390 1932 618 1988 dicens:
660 1950 680 1984 ‹
737 1931 794 1986 Si
832 1933 957 2003 quis
1002 1933 1138 1997 sitit,
1188 1936 1368 1989 veniat
1404 1937 1469 1989 ad
1520 1951 1630 2001 me,
1662 1947 1715 1993 et

142 2021 317 2076 bibat.
353 2040 372 2072 ι
412 2020 624 2092 Moyses
653 2024 787 2078 olim
822 2025 941 2079 festi
981 2026 1198 2081 initium
1230 2026 1496 2081 intimavit
1525 2028 1713 2083 dicen-

138 2111 215 2167 do
237 2113 325 2167 ἐξ
375 2131 395 2165 ‹
445 2112 647 2170 Mensis
700 2115 1032 2179 iste,.vobis
1078 2117 1404 2187 principium
1443 2118 1712 2174 mensium

140 2202 269 2267 erit,
312 2221 330 2254 ι
372 2201 635 2259 Dominus
670 2216 874 2268 autem,
908 2206 1000 2274 qui
1034 2206 1088 2259 in
1138 2206 1243 2261 fine
1271 2207 1592 2262 saeculorum
1621 2208 1713 2262 de-

140 2292 377 2359 scendit,
414 2294 581 2347 alium
627 2295 770 2348 diem
815 2295 1135 2365 proclamat,
1176 2310 1283 2351 non
1318 2305 1377 2351 ut
1414 2298 1584 2368 legem
1621 2299 1713 2351 de-

138 2395 342 2453 struat,
372 2386 515 2440 absit
540 2387 552 2438 !
577 2387 671 2442 sed
703 2396 762 2441 ut
800 2386 960 2456 129
1000 2388 1085 2441 lex
1111 2395 1403 2453 statuatur,
1455 2400 1617 2458 atque
1657 2400 1715 2443 ut

136 2478 361 2533 culmen
402 2478 506 2548 legi
533 2479 864 2549 imponatur.
902 2496 922 2530 ‹
958 2479 1109 2536 Finis
1132 2481 1278 2535 enim
1303 2480 1438 2552 legis
1461 2480 1713 2537 Christus

137 2580 246 2637 est,
278 2569 343 2624 ad
367 2570 637 2640 justitiam
663 2569 814 2626 omni
843 2570 1107 2631 credenti.
1144 2590 1163 2624 ι
1203 2584 1260 2626 ιιι
1288 2572 1481 2628 beatus
1509 2571 1713 2628 Paulus

143 2663 222 2716 ait
244 2661 292 2693 ⁸⁸
326 2680 339 2715 :
383 2679 402 2711 ι
434 2659 573 2715 Num
624 2661 793 2731 legem
840 2661 944 2716 fide
982 2662 1358 2717 destruimus‘l
1401 2663 1584 2719 absit!
1619 2664 1713 2719 sed

140 2751 319 2822 legem
347 2750 641 2806 statuimus
661 2750 730 2805 “.
770 2771 789 2804 ι
822 2748 950 2805 Haec
983 2751 1239 2806 nimirum
1268 2759 1490 2823 stupore
1518 2752 1711 2809 affece-

136 2852 275 2898 runt
304 2843 591 2900 ministros
623 2844 748 2901 illos
776 2845 873 2901 abs
918 2844 1124 2899 Iudaeis
1160 2846 1381 2911 missos,
1413 2846 1507 2917 qui
1540 2848 1714 2901 demi.

138 2942 327 2990 rantes
348 2932 635 2990 Pharisaeis
668 2933 925 2991 dixerunt
945 2935 989 2966 ⁸³
1015 2953 1031 2988 :
1068 2954 1086 2986 ε
1116 2934 1408 3006 Nunquam
1440 2937 1519 2992 sic
1563 2936 1713 2991 locu-

138 3037 229 3081 tus
256 3034 340 3080 est
365 3027 547 3081 homo.
600 3045 619 3077 ι
647 3024 788 3092 Quid
820 3041 981 3097 porro
1017 3027 1227 3096 stupori
1260 3027 1525 3083 ministris
1564 3027 1703 3082 fuit?

1815 1199 2053 1268 jusmodi
2110 1203 2321 1268 instet,
2376 1211 2431 1256 et
2494 1203 2866 1272 propheticum
2922 1201 3125 1256 dictum
3182 1199 3381 1255 festum

1819 1306 1978 1363 agere
2009 1291 2219 1363 jubcat,
2276 1295 2665 1349 conveniamus
2712 1308 2845 1349 sane
2879 1307 3067 1346 omnes
3124 1290 3191 1346 ad
3242 1291 3382 1346 hanc

1818 1382 2089 1454 egregiam
2125 1382 2564 1453 praedicationem
2595 1402 2607 1437 :
2643 1393 2698 1437 et
2731 1398 2884 1437 more
2937 1383 3153 1437 illorum
3203 1383 3296 1453 qui
3326 1383 3382 1435 in

1819 1473 2068 1543 palaestra
2115 1475 2461 1541 aemulantur,
2514 1476 2568 1531 in
2613 1490 2780 1530 unum
2820 1489 3210 1544 congregemur
3255 1489 3381 1530 cum

1820 1564 2075 1631 puritate,
2104 1562 2335 1632 jejunio,
2371 1578 2593 1633 precum
2635 1564 2857 1634 vigiliis,
2905 1573 2959 1619 et
3012 1564 3272 1619 librorum
3303 1564 3383 1618 le-

1818 1652 2112 1718 ctionibus,
2141 1667 2267 1708 cum
2308 1654 2593 1723 largitione
2622 1655 2691 1711 ad
2737 1670 3029 1726 pauperes,
3081 1671 3212 1726 pace
3254 1671 3380 1709 cum

1819 1743 2057 1801 inimicis
2097 1745 2322 1809 nostris,
2354 1745 2633 1802 discordes
2678 1747 3042 1812 conciliando,
3071 1748 3381 1816 superbiam

1814 1834 2132 1899 omittendo,
2182 1836 2541 1891 humilitatem
2597 1839 3005 1908 temperando,
3046 1839 3258 1910 pacifici
3311 1841 3381 1893 ad

1814 1924 2027 1991 omnes,
2053 1926 2358 1997 fratresque
2383 1937 2603 1985 nostros
2636 1930 2703 1985 ad
2739 1930 3059 1986 charitatem
3090 1932 3379 1987 hortando.

1816 2016 1909 2072 Sic
1934 2018 2100 2074 etiam
2131 2018 2320 2075 beatus
2347 2018 2553 2076 Paulus
2582 2020 2635 2076 in
2656 2023 2879 2094 jejuniis
2905 2038 3045 2095 saepe
3074 2025 3382 2095 vigiliisque

1816 2111 2024 2175 erat",
2058 2120 2114 2164 et
2140 2112 2433 2169 anathema
2478 2129 2578 2184 pro
2612 2114 2872 2171 fratribus
2908 2131 3029 2171 esse
3079 2117 3377 2175 volebat“.

1815 2198 2013 2257 Beatus
2052 2216 2273 2270 quoque
2329 2201 2497 2257 David
2539 2203 2765 2274 jejuniis
2813 2213 2984 2264 semet
3042 2206 3380 2272 bumilians.

1816 2292 2134 2347 versabatur
2180 2293 2236 2346 in
2280 2292 2476 2351 fiducia
2529 2296 2715 2351 dicens
2735 2297 2823 2352 ":
2872 2314 2892 2348 ι
2959 2294 3185 2357 Domine
3233 2297 3380 2355 Deus

1814 2400 1990 2449 meus,
2024 2385 2069 2439 si
2118 2383 2221 2441 feci
2273 2386 2443 2453 istud,
2488 2387 2535 2443 si
2578 2397 2661 2443 est
2710 2388 2972 2459 iniquitas
3022 2389 3075 2443 in
3127 2390 3381 2446 manibus

1815 2477 1971 2546 meis,
1998 2477 2044 2533 si
2073 2478 2277 2534 reddidi
2312 2480 2736 2536 retribueutibus
2776 2480 2911 2535 mihi
2936 2479 3110 2547 mala;
3133 2481 3377 2538 decidant

1814 2569 2008 2625 merito
2043 2569 2110 2624 ab
2147 2571 2385 2628 inimicis
2446 2573 2583 2628 meis
2638 2572 2838 2628 inanis.
2878 2593 2899 2628 υ
2958 2572 3083 2629 Haec
3109 2574 3155 2629 si
3200 2576 3378 2657 egeri.

1813 2676 1956 2726 mus,
1978 2670 2316 2733 mortemque
2342 2664 2801 2735 superaverimus,
2824 2664 2978 2736 regni
3001 2665 3261 2722 caelorum
3285 2683 3378 2721 ar-

1815 2751 1973 2808 rham
2007 2753 2357 2823 recipiemus.

1886 2843 2040 2914 131
2097 2843 2151 2900 6.
2204 2842 2561 2901 Exordiemur
2601 2846 2785 2917 itaque
2826 2859 3071 2904 sanctum
3100 2847 3382 2906 Paschatis

1813 2929 2007 2989 festum
2038 2932 2125 2987 die
2151 2949 2187 2988 ι
2216 2932 2558 2998 Pharmuthi,
2584 2945 2638 2990 et
2674 2936 2881 3006 jejunis
2905 2946 3092 2993 sancta
3127 2936 3381 2992 finiemus

1811 3022 1899 3079 die
1916 3040 1983 3079 xv
2011 3023 2256 3095 ejusdem
2286 3028 2487 3081 mensis
2515 3024 2857 3093 Pharmuthi,
2877 3042 3099 3099 vespere
3123 3027 3341 3084 Sabbati
3362 3067 3382 3091 ,

140 3118 225 3171 vel
256 3117 387 3189 quid
434 3118 515 3173 sic
547 3118 798 3173 homines
837 3118 1105 3174 miracqu
1148 3120 1410 3175 interesse
1442 3119 1656 3189 impulit
1688 3121 1781 3213 *ΞΩ
1815 3124 2167 3187 sanctamque
2214 3118 2612 3173 celebrabimus
2682 3119 3083 3175 solemnitatem
3142 3120 3232 3175 die
3288 3136 3378 3174 xvt

136 3207 289 3264 Nihil
316 3209 562 3280 profecto
592 3209 739 3265 aliud
790 3211 896 3265 nisi
931 3210 1130 3266 fiducia
1179 3210 1268 3266 illa
1314 3220 1369 3267 et
1410 3211 1710 3267 auctoritas

137 3299 451 3356 Salvatoris
499 3302 700 3360 nostri.
750 3300 895 3357 Olim
945 3318 1073 3357 vero
1117 3304 1551 3373 quotiescunque
1587 3319 1711 3374 pro-

139 3394 302 3462 pheta
337 3405 432 3448 aut
459 3394 753 3464 Iegisperiti
784 3409 969 3450 sacras
998 3394 1312 3465 Scripturas
1338 3396 1603 3466 legerunt,
1626 3388 1712 3450 ca-

137 3484 338 3538 vebant
369 3499 596 3555 prorsus
630 3500 694 3539 ne
721 3486 851 3555 quid
883 3486 949 3539 ad
980 3501 1041 3540 se
1068 3486 1364 3551 traherent,
1401 3488 1495 3542 sed
1530 3487 1710 3557 potius

136 3576 206 3630 ad
243 3577 382 3632 alios
412 3576 758 3632 referendum
791 3578 1076 3642 curabant,
1105 3578 1251 3649 quod
1276 3578 1544 3649 legebant.
1572 3577 1709 3633 Nam

138 3664 351 3736 Moyses
386 3667 650 3736 propheta
671 3667 720 3697 “
750 3709 763 3733 ,
805 3684 825 3718 ‹
868 3666 1154 3733 Dominus,
1184 3667 1381 3737 inquit,
1412 3668 1711 3723 constituet

138 3759 293 3812 vobis
331 3758 649 3828 prophetam
686 3775 750 3814 ex
782 3759 1042 3815 fratribus
1070 3760 1266 3815 vestris
1295 3775 1311 3824 ;
1353 3759 1457 3830 ipsi
1489 3760 1711 3815 auscul-

137 3858 251 3904 tate
299 3851 352 3903 in
386 3851 660 3915 omnibus,
720 3866 842 3921 quae
895 3852 1165 3921 pra-cipiet
1228 3850 1485 3919 vobis.”
1541 3850 1710 3907 Isaias

137 3949 319 3995 autem
338 3940 423 3993 ’τε
459 3958 477 3991 ι
522 3939 657 3995 Ecce
699 3942 849 4011 virgo
878 3941 1155 4013 concipiet
1200 3943 1255 3996 in
1304 3951 1621 4006 utero-suo,
1652 3953 1709 3998 et

133 4033 315 4103 pariet
347 4034 537 4101 filium,
560 4045 612 4089 et
634 4035 903 4090 vocabitis
934 4050 1132 4090 nomen
1163 4036 1281 4105 ejus
1308 4034 1645 4091 Emmanuel.
1680 4054 1699 4088 ι

137 4126 293 4181 Alius
339 4127 443 4180 alia
477 4128 544 4183 de
580 4125 810 4181 Domino
859 4126 1277 4184 vaticinabatur.
1318 4125 1487 4183 Secus
1524 4136 1705 4183 tamen

137 4217 424 4283 Dominus,
474 4218 568 4290 qui
617 4234 725 4272 non
758 4218 824 4272 ad
860 4217 1027 4271 alium
1080 4217 1242 4272 verba
1278 4216 1567 4284 referebat,
1610 4221 1707 4274 sed

132 4312 203 4366 de
248 4310 430 4380 seipso
491 4310 675 4365 omnia
730 4310 1013 4373 recitabat,
1069 4309 1257 4365 dicens
1280 4310 1367 4367 ⁸⁸ε
1404 4328 1422 4363 ι
1478 4310 1535 4366 Si
1582 4312 1707 4383 quis

134 4405 274 4467 sitit,
325 4404 507 4457 veniat
541 4404 607 4457 ad
641 4418 762 4456 me:
803 4423 822 4454 ι
855 4402 1063 4457 nonad
1091 4402 1281 4467 alium,
1318 4403 1567 4471 inquam,
1610 4404 1705 4459 sed

1814 3207 2022 3263 mensis
2055 3208 2340 3279 (ejusdem
2373 3210 2390 3277 )
2421 3209 2738 3264 Pharmutlii
2772 3229 2786 3275 ;
2821 3218 2982 3282 atque
3006 3210 3133 3266 hinc
3162 3220 3383 3268 necten-

1813 3306 1894 3353 tes
1932 3313 1998 3355 ex
2054 3299 2245 3354 ordine
2299 3310 2544 3355 sanctam
2591 3298 2969 3367 Pentecosten,
3019 3314 3181 3369 quam
3233 3300 3383 3357 velut

1813 3389 1960 3444 aliud
1987 3404 2053 3444 ex
2086 3388 2193 3444 alio
2224 3388 2420 3445 festum
2452 3389 2765 3454 indicimus,
2799 3389 3035 3460 Spiritus
3064 3390 3380 3447 solemnita-

1814 3490 1920 3532 tem
1948 3478 2340 3535 celebrabimus
2370 3480 2460 3550 qni
2490 3481 2603 3550 jam
2642 3481 2927 3550 prosimus
2958 3480 3119 3537 nobis
3150 3489 3252 3545 est,
3284 3495 3382 3551 per

1813 3570 2086 3625 Christum
2114 3568 2319 3635 Iesum,
2354 3582 2452 3640 per
2478 3585 2642 3640 quem
2671 3580 2726 3624 et
2754 3585 2877 3627 cum
2926 3585 3040 3640 quo
3080 3571 3150 3626 sit
3207 3571 3380 3641 gloria

1812 3670 1866 3715 et
1894 3659 2179 3730 imperium
2210 3659 2440 3733 (Patri)
2470 3661 2525 3715 in
2574 3660 2771 3716 saecula
2803 3662 3151 3717 saeculorum.
3183 3662 3375 3716 Amen.

1882 3750 2098 3807 Decima
2127 3752 2314 3821 quinta
2340 3760 2394 3807 et
2425 3751 2631 3807 decima
2663 3761 2814 3807 sexta
2845 3751 3242 3807 desiderantur.

2332 3859 2662 3917 EPISTOLA
2691 3859 2853 3917 XVII.

2359 3951 2491 4015 (Chr.
2525 3964 2653 4001 anno
2681 3952 2817 4015 345.)

1810 4050 1924 4092 HEC
1952 4050 2048 4089 EST
2095 4050 2203 4089 XVII
2236 4048 2520 4089 ATIIANASII
2551 4049 2833 4102 ΕΡιεΤοιΑ,
2864 4048 3181 4091 οοκευιωυε
3211 4051 3381 4091 διυ-

1882 4142 1974 4182 ἰΊΟ
2009 4143 2077 4181 ΕΤ
2098 4141 2311 4189 ALBINO,
2349 4140 2639 4180 PREFECTO
2684 4140 2945 4181 NESTORIO
2988 4142 3194 4192 GAZEO,
3242 4140 3381 4180 INDI-

1878 4233 2073 4273 CTIONB
2105 4233 2186 4283 III,
2219 4234 2325 4274 (ΞοΜ
2361 4233 2646 4273 ΡΔ8011ΑΤ18
2670 4232 2921 4273 DOIINICA
2958 4234 3121 4273 ESSET
3152 4234 3226 4272 VII
3258 4232 3381 4273 IDUS

1878 4323 2105 4374 Λριιιιιε,
2179 4324 2231 4363 ID
2291 4325 2390 4364 EST
2435 4324 2523 4363 DIE
2566 4323 2642 4362 XII
2684 4324 3015 4375 PHABMUTIII,
3065 4325 3213 4364 LUN£
3264 4324 3376 4374 XIX,

1877 4416 2217 4455 DIOCLETIANI
2250 4414 2387 4455 ANNO
2418 4414 2529 4453 LXI.

139 4515 159 4547 ι
196 4495 265 4549 ad
305 4510 413 4549 me.
452 4513 471 4545 ι
524 4491 823 4548 Nonnullos
849 4493 1071 4563 quidem
1118 4510 1183 4549 ex
1241 4494 1307 4549 iis
1351 4494 1419 4549 de
1462 4509 1583 4550 meo
1610 4494 1707 4550 ad-
1740 4491 1785 4547 ο
1885 4491 2213 4546 Athanasius
2257 4488 2629 4561 presbyteris,
2676 4489 2919 4544 diaconis
2945 4529 2960 4555 ,
3012 4488 3380 4559 fratribusque

134 4597 303 4641 ventu
334 4595 618 4642 narrantes
647 4585 833 4640 audiet
864 4602 879 4652 ;
909 4600 974 4642 ex
1006 4600 1091 4641 me
1118 4593 1320 4652 tamen,
1345 4601 1461 4641 non
1488 4602 1554 4642 ex
1579 4585 1702 4641 aliis

136 4679 312 4733 bibat.
1692 4736 1693 4741 η

206 4767 261 4825 5.
300 4768 468 4839 Igitur
518 4770 680 4824 etiam
720 4785 819 4825 nos
855 4786 979 4826 cum
1028 4770 1094 4825 ad
1141 4767 1340 4825 festum
1401 4770 1704 4836 veniemus,

136 4861 285 4915 haud
321 4871 579 4930 tanquam
611 4863 675 4916 ad
708 4861 921 4933 priscas
949 4862 1169 4917 umbras
1197 4859 1585 4932 (veniamus);
1625 4860 1711 4916 ha:

134 4952 339 5019 quippe
368 4950 530 5006 finem
558 4961 729 5007 nacta:
754 4962 924 5021 sunt;
958 4968 1135 5022 neque
1171 4952 1341 5008 veluti
1376 4952 1443 5008 ad
1472 4950 1702 5021 simplex

135 5041 339 5095 festum
367 5060 381 5107 ;
409 5041 504 5097 sed
530 5042 595 5095 ad
626 5043 938 5110 Dominum,
969 5044 1065 5114 qui
1101 5042 1333 5115 ipsemet
1367 5041 1565 5097 festum
1597 5051 1704 5108 est,

136 5129 500 5188 festinemus:
534 5132 691 5203 13o
741 5149 918 5204 neque
967 5134 1297 5188 arbitremur
1342 5131 1541 5187 festum
1582 5146 1706 5186 esse

136 5222 465 5291 voluptatem
514 5224 808 5294 quamdam
854 5234 910 5280 et
961 5226 1163 5281 ventris
1210 5224 1697 5287 oblectamentum,

133 5314 231 5385 sed
257 5315 477 5373 virtutis
517 5317 697 5386 potius
742 5317 1134 5373 ostensionem.
1179 5317 1251 5375 At
1283 5332 1413 5372 vero
1451 5317 1701 5372 ethnico-

140 5422 261 5461 rum
292 5408 663 5465 solemnitates
688 5410 927 5481 ingluvie
950 5419 1004 5465 et
1031 5411 1178 5465 omni
1207 5410 1421 5481 pigritia
1460 5419 1695 5465 scatent.

140 5496 204 5551 Ili
227 5498 544 5555 solemniter
566 5516 724 5571 agere
746 5510 957 5574 putant,
992 5502 1036 5557 si
1068 5501 1267 5557 inertes
1298 5503 1443 5567 sint;
1477 5510 1532 5558 et
1558 5502 1689 5556 dum

205 5613 251 5642 ⁸¹
305 5610 460 5667 Joan.
508 5628 603 5676 vn,
642 5614 728 5667 37.
808 5614 851 5644 ⁸¹
879 5612 1043 5668 Exod.
1075 5630 1173 5674 xn.
1213 5613 1266 5668 2.
1343 5614 1387 5647 ⁸³
1412 5612 1567 5667 Rom.
1602 5630 1653 5674 ι,
1690 5612 1709 5665 I

1822 5611 1863 5642 “
1895 5608 2061 5664 Rom.
2118 5621 2209 5670 tu,
2240 5605 2329 5660 5f.

1378 5684 1421 5715 ”
1448 5682 1611 5739 Zaclt.
1649 5699 1766 5750 vut,
1796 5681 1882 5737 I9.
1960 5677 2067 5731 "II
2133 5677 2259 5733 Cor.
2299 5691 2374 5737 Vl.
2432 5675 2485 5731 5.

140 5682 225 5734 15.
293 5681 336 5711 ⁸⁷
381 5681 483 5738 Isa.
525 5699 620 5748 vu,
655 5684 740 5737 Il.
815 5682 860 5714 ³⁸
883 5684 1040 5739 .loan.
1073 5700 1166 5749 vtt,
1196 5684 1286 5738 '57.

138 5765 233 5815 vn,
274 5750 327 5812 4.
355 5751 407 5807 5.

1807 4583 2019 4638 dilectis
2054 4584 2106 4636 in
2136 4581 2379 4646 Christo,
2416 4580 2695 4651 gaudium.

1880 4672 2031 4728 More
2061 4673 2222 4727 solito
2248 4673 2404 4727 vobis
2435 4672 2648 4727 Pascha
2690 4671 2976 4735 annuntio,
3024 4670 3205 4725 dilecti
3249 4671 3376 4737 mei,

1807 4774 1865 4822 ut
1896 4780 1995 4820 vos
2028 4764 2237 4833 pariter
2284 4760 2592 4834 longinquis
2630 4762 2929 4832 provinciis
2960 4761 3116 4830 juxta
3145 4775 3380 4814 consue-

1807 4857 2050 4912 tudinem
2089 4855 2395 4922 nuntietis;
2443 4868 2636 4923 nempe
2663 4852 2806 4925 quod
2838 4867 3075 4922 praesens
3119 4852 3375 4907 solemni-

1808 4958 1893 5003 tas
1926 4946 2017 5003 fiet
2037 4946 2128 5002 die
2162 4962 2234 4999 xx
2263 4944 2469 5000 mensis
2498 4943 2845 5010 Pharmuthi,
2880 4959 2952 4997 vu
2980 4942 3106 4999 ldus
3147 4943 3373 5013 Aprilis,

1808 5040 1863 5095 id
1888 5047 1992 5105 est,
2031 5037 2331 5096 secundum
2369 5036 2787 5098 Alexandrinos,
2820 5036 2908 5091 die
2935 5052 3011 5091 ιιι
3034 5034 3377 5090 Pliarmutbi.

1810 5131 1925 5189 Hoc
1952 5133 2138 5202 itaque
2169 5130 2466 5201 provinciis
2490 5130 2599 5185 illis
2628 5128 2951 5199 significate.
2989 5128 3146 5199 132
3189 5142 3382 5196 nempe

1809 5223 2092 5281 Paschatis
2142 5221 2486 5277 Dominicam
2541 5220 2782 5274 incidere
2838 5219 2892 5273 in
2945 5217 3088 5274 diem
3142 5232 3216 5273 νη
3252 5214 3380 5271 Idus

1809 5316 2033 5387 Aprilis,
2087 5328 2283 5384 nempe
2351 5312 2651 5371 secundum
2716 5310 3109 5366 Alexandrinos
3168 5309 3258 5365 die
3305 5323 3378 5362 xu

1810 5407 2152 5464 Pharmuthl.

1881 5496 2013 5563 Oro,
2054 5496 2254 5552 fratres
2281 5494 2387 5549 mei
2414 5492 2613 5561 dilecti,
2646 5502 2704 5548 ut
2730 5493 2952 5549 valeatis
2978 5492 3032 5551 in
3064 5491 3303 5549 Christo.

2409 5603 2454 5636 ⁸³
2477 5603 2633 5661 .Ioan.
2670 5619 2766 5666 vn,
2796 5603 2885 5658 ισ.
2962 5603 3009 5635 ⁸⁸
3034 5602 3189 5659 Deut.
3217 5617 3376 5669 xvtn,

2596 5677 2639 5708 "
2666 5671 2826 5732 Rom.
2905 5691 2991 5742 ιχ,
3028 5674 3082 5728 5.
3159 5673 3206 5705 ”
3231 5671 3376 5729 Psal.
