3812 6224
135 326 267 386 ιιεε

1458 296 1829 383 ἘΡιδτοιΑ
1869 319 2012 378 xix.

3245 316 3382 372 1426

135 441 398 500 increduli
428 419 648 508 fuerint,
679 439 852 511 legem
891 457 1037 497 nunc
1066 442 1295 513 ejerant,
1327 443 1457 500 dum
1497 459 1608 514 pro
1638 443 1705 496 lio
1736 447 1783 500 Α
1813 454 1967 511 aequa
1997 444 2125 494 sunt
2156 444 2301 493 recte
2335 434 2823 499 considerantibus,
2852 441 2905 489 et
2933 449 3053 491 cum
3099 433 3202 489 ﬁde
3230 434 3379 490 Seri-

134 535 245 590 bito
291 532 589 595 bla'terant,
622 533 758 587 nihil
788 547 979 587 eorum
1012 533 1389 606 intelligentes,
1428 551 1550 605 quae
1574 533 1710 591 scri-

133 637 219 698 pta
249 633 401 682 sunt.
446 624 573 680 Ideo
608 625 735 680 dum
770 626 1103 697 hypocrisim
1151 626 1207 681 in
1246 628 1391 682 nuda
1430 627 1710 693 Scriptura

136 717 419 783 simulant,
453 724 507 770 et
533 716 587 769 in
620 716 721 771 hac
746 717 1070 771 credulitate
1096 728 1403 784 versantur,
1431 717 1572 774 Deus
1602 720 1709 774 illis

138 809 381 866 irascens
412 825 512 878 per
538 808 699 879 136
725 807 915 864 Isaiam
950 810 1023 863 ait
1047 810 1101 864 'z
1141 829 1158 861 ι
1192 809 1326 877 Quis
1352 812 1466 867 hmo
1496 811 1562 865 de
1590 827 1709 864 ma-

136 902 292 957 nibus
323 901 533 956 vestris
578 900 909 970 exquisivit?
953 922 969 952 ι
1015 899 1081 954 Et
1113 901 1219 971 iam
1265 902 1580 955 audaciores
1631 900 1709 954 fa-

135 1005 267 1056 ctos,
317 1008 422 1062 per
476 990 767 1047 Jeremiam
820 992 1140 1064 increpat‘:
1186 1011 1205 1045 t
1261 991 1484 1048 Vestras
1524 993 1709 1060 utique

134 1084 388 1140 victimas
415 1098 545 1138 eum
575 1079 908 1139 holocaustis
934 1085 1131 1140 vestris
1156 1092 1493 1149 coaeervate,
1517 1098 1709 1137 carnes

132 1176 441 1232 eomedite:
486 1190 662 1246 neque
704 1176 850 1230 enim
891 1191 992 1247 ego
1040 1176 1166 1231 talia
1218 1175 1467 1246 patribus
1514 1175 1709 1230 vestris

132 1262 331 1329 indixi;
363 1277 546 1333 neque
578 1277 645 1318 eo
670 1262 778 1328 die,
812 1278 925 1334 quo
954 1264 1020 1318 de
1043 1263 1275 1335 Egypto
1296 1264 1480 1330 eduxi,
1513 1264 1579 1318 de
1610 1263 1708 1316 ho-

131 1353 393 1408 locaustis
436 1362 533 1409 aut
565 1354 821 1408 victimis-
843 1356 1096 1410 mandata
1133 1356 1254 1410 tuli.
1296 1375 1315 1408 ι
1355 1354 1698 1425 Nequaquam

132 1443 185 1497 hi
217 1455 383 1512 prout
415 1442 499 1499 fas
536 1452 653 1497 erat
690 1445 943 1515 agebant,
988 1460 1164 1515 neque
1199 1446 1330 1518 legis
1360 1447 1704 1501 observantia

132 1535 227 1588 rite
257 1534 428 1588 ﬁebat
456 1551 472 1599 ;
501 1535 595 1589 sed
616 1535 683 1590 iis
709 1536 887 1604 potius
919 1536 1131 1599 diebus,
1171 1547 1331 1602 prout
1378 1539 1460 1593 eis
1498 1538 1704 1607 impro-

131 1635 278 1695 perat
316 1626 652 1696 propheta",
683 1629 1050 1684 voluntatibus
1085 1630 1197 1684 suis
1237 1628 1553 1686 satisfacere
1586 1639 1702 1685 stu-

131 1717 347 1784 debant,
383 1732 582 1774 servos
636 1735 766 1774 suos
793 1720 1191 1789 opprimebant,
1230 1721 1433 1790 judicia
1484 1737 1701 1777 exerce—

132 1809 258 1865 bant
323 1817 381 1863 et
432 1809 621 1873 rixas,
657 1810 894 1865 humiles
938 1812 1134 1880 pugnis
1191 1812 1588 1875 verberabant,
1652 1822 1705 1866 ct

130 1902 310 1956 omnia
348 1901 770 1972 ad‘voluptates
807 1900 1132 1957 referebant.
1165 1903 1290 1958 Ideo
1324 1903 1380 1957 in
1422 1902 1703 1972 sempiter-

130 2008 257 2047 num
292 1993 572 2049 solemnes
604 2008 710 2048 non
740 2003 920 2057 erunt,
957 2009 1267 2065 quanquam
1313 1994 1366 2049 id
1399 1995 1562 2050 modo
1594 1988 1703 2066 pra?

132 2097 190 2137 se
220 2080 407 2138 ferunt
440 2099 456 2138 :
498 2086 725 2138 "carnem
761 2083 908 2137 enim
944 2093 1095 2138 extra
1148 2084 1327 2139 locum
1385 2093 1702 2154 tempusque

130 2174 449 2239 comedunt,
483 2183 535 2229 et
585 2188 682 2243 pro
708 2174 863 2244 legali
896 2190 1056 2243 agno,
1092 2176 1398 2231 sacriﬁcare
1435 2175 1583 2230 Baali
1615 2177 1700 2231 di-

132 2265 396 2321 dicerunt.
440 2285 462 2319 (
497 2266 563 2321 Et
588 2266 682 2337 qui
710 2282 898 2323 verum
923 2283 1172 2338 azymum
1203 2268 1468 2323 conﬁcere
1490 2269 1703 2323 debuis-

133 2366 266 2423 sent,
298 2373 452 2413 nunc
482 2357 502 2430 [
529 2358 624 2413 ﬁlii
656 2374 844 2414 eorum
871 2358 890 2431 ]
921 2360 1061 2430 ligna
1098 2360 1377 2430 colligunt,
1404 2375 1701 2430 eorumque

132 2459 321 2519 patres.
364 2451 549 2522 ignem
602 2451 895 2516 suscitant,
957 2452 1172 2509 femina:
1218 2468 1408 2508 eorum
1467 2452 1698 2506 farinam

132 2544 385 2617 subigunt
416 2554 476 2600 ut
508 2544 642 2602 offas
675 2545 880 2600 militire
910 2546 1032 2601 caeli
1062 2545 1374 2612 conﬁciant,
1430 2555 1592 2616 atque
1632 2546 1702 2599 li-

133 2637 373 2693 bationcs
408 2637 515 2692 diis
543 2638 818 2692 extraneis
869 2638 1177 2701 immolant,
1214 2648 1274 2693 ut
1326 2653 1410 2694 me
1444 2637 1512 2693 ad
1560 2641 1697 2692 iram

130 2725 425 2789 concitent,
456 2725 585 2780 dicit
635 2726 898 2781 Dominus
922 2727 965 2779 ⁸.
1005 2745 1024 2778 ι
1080 2725 1188 2782 Sed
1226 2727 1415 2781 talium
1471 2742 1696 2798 operum

133 2816 437 2872 mercedem
472 2818 757 2873 referent:
799 2819 1050 2887 quamvis
1087 2819 1232 2873 enim
1285 2817 1492 2875 Pascha
1542 2835 1700 2891 agere

133 2904 410 2973 simulant,
446 2916 686 2962 attamen
725 2906 970 2963 ablatum
1004 2919 1089 2962 est
1125 2909 1195 2963 ab
1222 2924 1319 2963 ore
1349 2925 1535 2965 eorum
1567 2926 1698 2981 gau-

130 2997 272 3051 dium
310 3010 365 3055 et
392 2999 711 3063 exsultatio,
743 3008 907 3069 prout
954 2998 1219 3055 Jeremias
1256 3001 1416 3056 ait':
1453 3020 1473 3052 ι
1530 3001 1701 3057 Desiit

134 3087 360 3144 inJudze
399 3090 738 3155 civitatibus,
789 3100 843 3145 et
892 3090 944 3144 in
976 3090 1078 3145 viis
1110 3089 1407 3146 Jerusalem
1454 3106 1563 3146 vox
1609 3092 1698 3147 lae-
1724 3131 1765 3188 ϐ

128 3183 356 3237 tantium
421 3194 475 3237 et
524 3199 627 3238 vox
672 3183 1046 3252 jubilantium,
1095 3200 1199 3239 vox
1257 3184 1440 3254 sponsi
1494 3194 1547 3241 et
1592 3200 1696 3240 vox

134 3288 364 3343 sponsae.
413 3294 431 3326 ι
465 3272 619 3329 Nunc
666 3276 868 3343 igitur,
901 3275 1152 3344 quisquis
1208 3290 1396 3330 eorum
1455 3275 1699 3330 immolat

130 3366 378 3428 vitulum,
423 3367 564 3421 idem
607 3364 739 3421 facit
772 3366 1048 3421 hominem
1098 3368 1463 3437 percutienti:
1513 3377 1565 3423 et
1603 3370 1695 3440 qui

135 3456 199 3512 de
226 3474 390 3528 grege
420 3458 712 3523 sacriﬁcat,
750 3458 924 3513 instar
966 3458 1114 3513 illius
1156 3469 1239 3513 est
1281 3459 1434 3531 137
1467 3461 1560 3531 qui
1608 3477 1698 3517 ca-

134 3564 249 3604 nem
283 3552 571 3606 victimet:
603 3560 659 3606 et
692 3550 787 3621 qui
812 3549 1047 3604 similam
1078 3548 1256 3611 oll‘ert,
1280 3553 1500 3621 perinde
1527 3562 1610 3608 est
1635 3569 1700 3609 ac

132 3640 174 3695 si
209 3644 435 3699 suillum
463 3644 783 3715 sanguinem
818 3642 1046 3700 oll'erat:
1087 3651 1141 3698 et
1162 3643 1256 3713 qui
1293 3644 1420 3700 thus
1455 3645 1695 3712 exhibet,

134 3744 190 3789 ut
239 3751 297 3793 se
343 3734 459 3790 Deo
518 3735 879 3801 commendet,
934 3749 1032 3805 par
1081 3734 1396 3805 blasphemo
1450 3736 1695 3792 habetur.

133 3822 251 3881 Haec
286 3843 572 3897 nunquam
626 3825 736 3881 Deo
774 3826 1112 3896 placuerunt,
1167 3840 1346 3896 neque
1394 3826 1514 3896 ejus
1547 3843 1699 3882 man-

133 3914 309 3971 datum
344 3917 475 3971 talia
509 3916 709 3987 exegit,
748 3931 936 3972 verum
1003 3915 1219 3986 ipsimet
1283 3916 1399 3971 vias
1432 3931 1561 3972 suas
1590 3918 1700 3974 ele-

134 4017 340 4075 gerunt,
384 4018 438 4066 et
499 4024 617 4064 eam
670 4023 833 4079 quam
900 4006 1082 4062 anima
1125 4007 1369 4079 ipsorum
1426 4010 1700 4064 adamavit

135 4099 608 4155 abominationem.

197 4191 248 4246 5.
291 4191 677 4247 Verumtamen
713 4192 841 4262 quid
871 4200 953 4247 est
984 4192 1109 4256 hoc,
1140 4191 1337 4250 fratres
1367 4195 1513 4249 mei?
1556 4193 1700 4250 Sane

135 4292 339 4351 Oportet
386 4284 661 4353 propheta:
714 4282 875 4336 verba
924 4297 956 4336 a
1006 4284 1163 4337 nobis
1197 4285 1476 4354 perpendi,
1511 4288 1700 4355 praeci-

136 4388 339 4444 pueque
366 4389 631 4443 quasnam
659 4373 747 4428 isti
774 4374 1008 4429 haereses
1035 4374 1297 4430 adversus
1324 4364 1498 4446 legem
1525 4377 1699 4431 medi-

1816 541 2004 602 pturas
2031 530 2164 601 legis
2204 528 2646 597 suscipientibus.
2679 525 2856 581 Credo
2881 527 3062 597 itaque
3088 524 3255 581 Deum
3285 541 3381 596 per

1807 633 2018 682 vestras
2046 623 2320 679 orationes
2343 635 2754 686 concessurum,
2786 631 2846 673 ut
2891 634 3012 688 qua:
3048 633 3148 689 ego
3179 619 3375 685 dicam,

1809 732 1841 771 a
1872 716 2115 772 veritatis
2146 715 2368 769 tramite
2414 727 2763 784 nequaquam
2795 713 3029 768 devient.
3066 710 3375 768 Mandatum

1809 825 1874 865 ae
1903 808 2008 863 ’lex
2055 808 2125 863 de
2176 805 2481 872 sacriﬁciis,
2520 804 2742 874 antiqua
2770 819 2876 859 non
2914 802 3152 867 fuerunt,
3203 819 3379 875 neque

1811 899 2125 954 holocausta
2157 907 2403 951 erant‘ex
2434 904 2613 950 mente
2650 894 2744 948 Dei
2793 895 2886 964 qui
2929 894 3097 964 legem
3147 897 3373 960 statuit;

1811 990 1907 1048 sed
1934 992 2053 1062 ejus
2082 992 2263 1061 potius
2292 988 2370 1044 rei
2401 987 2562 1059 138
2588 989 2758 1058 gratia
2804 986 3130 1041 exstiterunt
3169 1000 3292 1055 qua:
3320 986 3374 1039 in

1812 1084 2000 1157 ﬁguris
2029 1081 2382 1139 antecedebat
2414 1100 2427 1135 :
2457 1081 2537 1135 lex
2566 1088 2745 1134 autem
2778 1079 2918 1132 bona
2966 1076 3054 1131 illa
3085 1077 3377 1136 adumbra-

1809 1178 1923 1241 bat,
1958 1190 2081 1246 quae
2113 1172 2342 1244 depositi
2391 1172 2510 1227 loco
2538 1179 2694 1227 erant
2719 1184 2889 1240 usque
2919 1168 2986 1224 ad
3015 1179 3258 1238 tempora
3292 1184 3378 1223 rc-

1810 1268 2126 1342 parationis.

1881 1364 1931 1418 4.
1974 1360 2091 1417 Non
2120 1376 2249 1431 ergo
2274 1360 2362 1415 lex
2389 1356 2645 1413 universa
2670 1364 2889 1426 propter
2930 1352 3196 1409 sacriﬁcia
3237 1360 3374 1415 erat,

1808 1454 1903 1511 sed
1933 1454 1987 1507 in
2017 1453 2134 1521 lege
2178 1458 2504 1520 praeceptum
2540 1446 2920 1502 continebatur
2956 1441 3372 1503 sacriﬁciorum,

1807 1557 2041 1611 quorum
2076 1556 2177 1612 ope
2210 1540 2353 1595 Deus
2378 1537 2634 1593 Hebraeos
2665 1534 3077 1606 praemuniebat,
3107 1542 3271 1603 atque
3307 1533 3375 1586 ab

1806 1635 2073 1690 idolorum
2102 1632 2249 1687 cultu
2284 1629 2522 1690 arcebat,
2552 1637 2607 1682 et
2635 1627 2699 1681 ad
2734 1640 2795 1682 se
2824 1625 3093 1689 trahebat,
3134 1638 3374 1692 przesen-

1806 1727 1881 1780 tia
1928 1725 2088 1781 simul
2138 1732 2378 1792 tempora
2426 1718 2776 1790 portendens.
2810 1717 3101 1786 Propterea
3131 1714 3273 1769 Deus
3306 1729 3375 1767 ne

1739 1791 1777 1846 Β
1810 1817 1963 1873 initio
1993 1815 2211 1887 quidem
2239 1791 2362 1869 eum
2399 1810 2657 1883 populum
2696 1807 2929 1878 Egypto
2954 1806 3161 1870 eduxit,
3197 1805 3371 1858 sacri-

1807 1909 1929 1964 ﬁcia
1954 1908 2080 1963 huic
2102 1906 2295 1961 indixit
2321 1912 2415 1959 aut
2444 1903 2779 1965 holocausta,
2804 1913 2977 1967 neque
3003 1906 3116 1951 tum
3150 1896 3369 1965 quidem

1804 2015 1929 2055 cum
1979 2000 2045 2054 ad
2097 1996 2248 2053 Sinai
2281 2005 2519 2052 montem
2550 1998 2934 2064 pervenerunt.
2968 1988 3080 2045 Non
3116 1998 3201 2043 est
3229 1986 3370 2042 Deus

1804 2089 2011 2145 homini
2042 2086 2256 2150 similis,
2290 2094 2350 2139 ut
2377 2085 2571 2139 barum
2609 2097 2789 2137 rerum
2826 2095 3011 2135 curam
3041 2079 3095 2133 in
3129 2087 3372 2132 anteces-

1804 2198 1922 2238 sum
1959 2191 2136 2252 gerat;
2162 2177 2258 2234 sed
2305 2177 2493 2246 utique
2539 2182 2863 2245 praeceptum
2909 2171 3027 2241 ejus
3055 2179 3194 2235 erat,
3223 2181 3283 2222 ut
3310 2183 3372 2223 se

1802 2286 1988 2325 verum
2042 2269 2211 2324 Deum
2259 2275 2645 2338 agnoscerent;
2676 2262 2835 2332 idque
2861 2261 2929 2314 ob
2953 2274 3078 2314 eum
3111 2258 3270 2313 ﬁnem
3310 2263 3368 2310 ut

1803 2362 1972 2415 falsos
2020 2360 2149 2414 deos
2198 2363 2608 2413 contemnerent
2655 2353 2746 2423 qui
2778 2351 2912 2406 nihil
2939 2357 3085 2405 sunt.
3129 2347 3220 2401 Sic
3252 2362 3365 2400 rem

1801 2453 1909 2507 illis
1942 2452 2282 2506 innotescere
2317 2447 2507 2512 voluit,
2538 2455 2592 2499 et
2616 2446 2855 2514 ipsorum
2889 2441 3230 2513 phantasiam
3263 2439 3368 2493 im-

1798 2547 1938 2609 bait,
1970 2561 2064 2616 per
2092 2543 2437 2600 eductionem
2467 2557 2533 2595 ex
2573 2538 2823 2610 iEgypto,
2851 2550 2904 2591 et
2940 2537 3226 2590 transitum
3254 2547 3371 2586 ma-

1799 2641 1876 2695 ris
1906 2636 2099 2692 Rubri.
2118 2634 2414 2703 Postquam
2442 2645 2571 2686 vero
2603 2629 2809 2685 socium
2840 2626 2949 2681 Deo
2972 2639 3157 2681 creare
3182 2624 3370 2676 volue-

1799 2738 1949 2796 runt,
1985 2737 2038 2783 et
2069 2727 2135 2780 iis
2170 2725 2479 2780 sacriﬁcare
2507 2730 2635 2777 sunt
2660 2719 2778 2774 ausi
2809 2718 2903 2787 qui
2931 2715 3064 2770 nulli
3095 2725 3241 2778 sunt,
3269 2711 3371 2765 mi-

1799 2821 2108 2877 raculorum
2153 2818 2206 2870 in
2242 2813 2472 2885 Egypto
2507 2820 2726 2882 propter
2766 2825 2862 2865 eos
2898 2815 3235 2879 patratorum
3270 2806 3372 2859 im-

1799 2924 2089 2972 memores,
2118 2918 2172 2964 et
2200 2907 2328 2962 illuc
2358 2905 2550 2960 reverti
2597 2902 2892 2958 machinati
2922 2908 3087 2966 sunt,
3115 2908 3244 2953 tunc
3273 2898 3368 2951 de~

1800 3019 1949 3057 mum
2000 3001 2082 3057 lex
2136 3001 2243 3054 lata
2273 2997 2393 3063 fuit,
2424 3006 2477 3050 et
2511 2996 2773 3066 imperata
2803 2991 2954 3048 fuere
2989 2991 3276 3055 sacriﬁcia,
3313 2999 3373 3043 ut

1802 3095 1875 3148 illi
1902 3102 2134 3149 mentem
2169 3106 2323 3147 suam
2361 3095 2653 3143 avocarent
2678 3100 2708 3139 a
2738 3084 2921 3156 priore
2946 3098 3210 3138 vanorum
3251 3083 3370 3136 ido-

1799 3185 1975 3240 lorum
1999 3183 2348 3254 cogitatione,
2372 3193 2539 3249 seque
2565 3191 2753 3231 verum
2778 3173 2948 3231 Deum
2976 3183 3366 3244 agnoscerent;

1797 3286 1851 3331 et
1899 3275 2097 3330 nedum
2146 3272 2413 3329 sacriﬁcia
2465 3284 2653 3325 coram
2704 3267 2920 3332 oll'erre,
2952 3267 3044 3321 sed
3077 3265 3270 3320 faciem
3301 3266 3371 3319 ab

1799 3369 1957 3423 idolis
1983 3375 2226 3421 avertere
2253 3364 2542 3441 discerent,
2571 3368 2735 3430 atque
2767 3358 2832 3414 ad
2864 3357 2996 3412 illud
3028 3358 3368 3420 accederent,

1799 3460 1941 3529 quod
1976 3458 2120 3514 Deus
2152 3456 2452 3526 imperabat
2481 3454 2706 3509 dicens“
2735 3471 2747 3507 :
2782 3470 2800 3502 ι
2830 3449 2974 3505 Nihil
2989 3451 3061 3504 de
3086 3450 3370 3504 sacriﬁciis

1798 3552 1992 3607 t-ﬁ‘atus
2019 3564 2167 3614 sum,
2194 3548 2515 3602 holocausta
2546 3558 2656 3598 non
2686 3541 2970 3613 imperavi.
3004 3561 3022 3593 ι
3058 3539 3216 3610 139
3241 3537 3369 3593 Sta-

1800 3645 2008 3712 timque
2051 3638 2351 3695 addidit“:
2388 3657 2406 3687 ι
2440 3635 2824 3690 Verumtamen
2876 3632 2981 3694 hoc
3033 3630 3257 3684 verbum
3288 3631 3369 3682 eis

1801 3733 2045 3789 intimavi
2072 3750 2086 3786 :
2112 3729 2312 3785 Audite
2357 3742 2545 3782 vocem
2599 3739 2798 3788 meam,
2833 3732 2885 3777 et
2911 3738 3005 3777 ero
3028 3720 3181 3774 vobis
3202 3717 3366 3781 Deus,

1797 3840 2003 3897 vosque
2050 3822 2284 3894 populus
2324 3836 2480 3875 meus
2508 3818 2696 3883 eritis;
2731 3826 2893 3886 atque
2925 3815 2978 3868 in
3028 3812 3238 3886 cunctis
3265 3811 3379 3866 viis.

1799 3921 1935 3974 meis
1956 3915 2250 3978 ambulate,
2287 3927 2426 3983 quas
2455 3911 2608 3965 vobis
2636 3908 2984 3963 mandavero.
3003 3925 3036 3989 ⁸ι
3082 3903 3287 3974 Nempe
3310 3912 3384 3958 ιιιί

1798 4014 1877 4068 sic
1925 4008 2113 4065 imbuti
2159 4014 2212 4061 ct
2257 4004 2452 4065 edocti,
2486 4001 2687 4056 nemini
2744 4007 3105 4069 praeterquam
3139 3995 3379 4049 Domino.

1800 4101 2123 4171 obsequium
2156 4096 2413 4153 exhibere
2440 4091 2837 4155 condiscerent,
2856 4097 2911 4143 et
2937 4086 3177 4156 quandiu
3206 4085 3371 4140 dura-

1803 4208 1923 4249 tura
1970 4191 2163 4246 umbra
2217 4186 2356 4243 foret
2401 4184 2626 4244 scirent,
2661 4193 2836 4249 neque
2868 4177 3181 4233 fallerentur
3225 4175 3368 4230 circa

1800 4299 2014 4355 tempus
2035 4284 2146 4353 jam
2173 4280 2619 4345 adventans,quo
2642 4273 2751 4327 Deo
2777 4271 3013 4341 amplius
3038 4283 3146 4323 non
3174 4268 3363 4323 immo-

1802 4384 2006 4435 laretur
2028 4376 2234 4430 vitulus
2257 4381 2561 4433 taurorum,
2592 4381 2769 4435 neque
2796 4365 2939 4420 aries
2970 4362 3176 4425 ovium,
3195 4374 3373 4429 neque

135 4472 224 4519 tati
242 4467 371 4521 sint.
393 4465 532 4519 Deus
557 4480 651 4535 per
672 4464 911 4536 Moysem
935 4465 1201 4522 sacriﬁcia
1223 4468 1539 4537 imperavit;
1569 4486 1695 4524 nam
1731 4469 1773 4523 D
1807 4475 1990 4527 hircus
2022 4480 2341 4538 caprarum;
2375 4461 2481 4516 sed.
2506 4460 2625 4515 haec
2650 4457 2837 4512 omnia
2861 4453 3179 4523 spiritaliter
3210 4465 3370 4507 exse-

135 4552 265 4609 liber
322 4554 596 4610 Leviticus
628 4555 896 4612 mandatis
950 4557 1260 4627 hujusmodi
1308 4560 1700 4615 redundatzut

140 4645 540 4719 (cognoscatur)
567 4647 841 4716 quomodo
865 4657 1052 4717 gratus
1088 4649 1182 4703 ﬁat
1207 4651 1299 4719 qui
1329 4650 1506 4718 ollert,
1537 4653 1699 4714 vicise

139 4737 344 4808 simque
372 4739 732 4794 contumacia:
757 4753 882 4793 reus
902 4747 1093 4810 agatur
1117 4741 1210 4810 qui
1241 4741 1355 4795 haec
1376 4746 1694 4799 contemnit.

138 4827 292 4897 Atqui
329 4830 376 4884 is
424 4844 518 4883 ore
567 4808 957 4898 prophetarum
981 4808 1163 4897 dicit;
1192 4830 1318 4887 Haec
1347 4832 1415 4888 de
1444 4835 1697 4891 manibus

138 4922 326 4977 vestris
358 4937 467 4976 non
501 4922 793 4992 exquisivi,
823 4938 1000 4993 neque
1025 4924 1092 4978 de
1118 4925 1402 4981 sacriﬁciis
1434 4928 1597 4982 verba
1630 4931 1695 4984 ad

138 5021 310 5075 patres
341 5023 555 5068 vestros
584 5013 708 5078 feci,
728 5029 905 5084 neque
942 5014 1045 5068 illis
1076 5015 1393 5071 holocausta
1413 5017 1694 5088 imperavi.

140 5097 359 5156 Videtur
389 5104 594 5172 itaque,
625 5105 893 5173 siquidem
929 5103 1205 5175 Scriptura
1237 5107 1340 5163 sibi
1372 5124 1477 5164 non
1503 5125 1701 5166 consu-

141 5201 248 5258 nat,
276 5193 418 5250 Deus
456 5195 673 5250 mentiri
716 5196 812 5266 qui
845 5197 1108 5267 praecipit,
1142 5202 1580 5270 quandoquidem
1612 5205 1698 5260 di-

141 5289 343 5339 ctorum
375 5286 666 5341 concordia
695 5286 842 5341 nulla
867 5295 970 5342 est.
1000 5288 1158 5345 Absit
1196 5300 1373 5348 tamen
1402 5296 1414 5348 ι
1446 5311 1571 5350 nam
1615 5313 1701 5353 ve—

142 5372 307 5430 ritatis
336 5391 534 5447 parens
556 5391 663 5430 non
688 5377 969 5451 mentitur,
991 5381 1119 5450 quia
1148 5382 1484 5453 impossibile
1512 5374 1613 5455 est,
1642 5399 1702 5444 ut

143 5457 334 5523 Paulus
362 5466 643 5535 allirmat',
678 5469 896 5526 mentiri
928 5470 1116 5529 Deum.
1144 5472 1353 5547 Quippe
1380 5456 1492 5534 haec
1514 5483 1695 5538 omnia

1806 4563 2019 4635 quenda
2045 4560 2239 4623 forent,
2257 4570 2352 4625 per
2375 4550 2651 4608 assiduam
2667 4546 3006 4611 .orationem,
3036 4551 3237 4599 rectam
3259 4557 3376 4597 mo-

1808 4674 1927 4712 rum
1978 4653 2245 4723 regulam,
2286 4662 2411 4704 cum
2456 4645 2661 4699 verbis-
2692 4640 2928 4711 pietatis,
2981 4638 3146 4695 veluti
3192 4635 3375 4707 psallit

1808 4749 2031 4805 David“
2059 4765 2072 4801 :
2101 4765 2123 4798 ι
2146 4743 2392 4801 Jucunda
2439 4739 2510 4795 sit
2541 4737 2593 4791 ei
2628 4735 2867 4793 laudatio
2904 4747 3045 4788 mea.
3099 4729 3375 4800 Dirigatur

1805 4844 1980 4899 oratio
2009 4856 2129 4895 mea
2153 4839 2294 4893 sicut
2321 4836 2603 4890 incensum
2631 4831 2687 4884 iu
2716 4835 3009 4897 conspectu
3038 4835 3151 4880 tuo.
3179 4822 3376 4878 Eleva-

1807 4939 1880 4992 tio
1933 4946 2192 4989 manuum
2249 4941 2527 4991 mearum,
2584 4939 2684 4978 ceu
2732 4918 3058 4977 sacriﬁcium
3112 4915 3373 4985 vesperti-

1811 5042 1939 5084 num
1969 5027 2031 5078 ιιι
2070 5041 2088 5074 ι
2127 5021 2361 5092 Spiritus
2416 5026 2595 5071 autem
2642 5029 2738 5083 per
2770 5026 2833 5066 os
2857 5010 2978 5080 ejus
3006 5008 3248 5079 praecipit
3292 5007 3377 5060 di-

1807 5137 1986 5177 cens:
2020 5137 2038 5171 ι
2071 5114 2384 5172 Sacriﬁeate
2436 5108 2547 5163 Deo
2588 5103 2914 5161 sacriﬁcium
2961 5101 3157 5155 laudis.
3193 5097 3376 5153 Redde

1810 5209 2040 5266 Domino
2066 5214 2193 5261 vota
2214 5200 2389 5258 tua".
2423 5196 2739 5253 Sacriﬁcate
2772 5190 3098 5249 sacriﬁcium
3123 5188 3370 5259 justitize,

1806 5310 1861 5354 et
1893 5304 2108 5366 sperato
2138 5295 2194 5348 in
2216 5286 2608 5346 Domino‘h”.
2631 5304 2649 5336 ι
2688 5282 2781 5338 llle
2800 5281 3002 5352 pariter
3026 5294 3253 5365 magnus
3276 5273 3377 5332 Sa—

1809 5387 1974 5452 muel,
2011 5383 2155 5438 haud
2201 5375 2587 5450 perfunctorie,
2620 5372 2712 5428 sed
2747 5370 3001 5426 districte
3036 5366 3254 5424 Saulem
3288 5370 3374 5419 in-

1808 5478 2064 5550 crepabat
2086 5475 2295 5534 .dicens
2317 5470 2359 5500 ¹⁶
2391 5488 2403 5523 :
2436 5488 2454 5520 ι
2477 5466 2674 5528 Nonne
2718 5463 2942 5519 verbum
2984 5460 3177 5515 melius
3229 5459 3376 5541 dono

211 5597 350 5685 ’ἔξιθ’
389 5616 429 5685 ἰ
470 5600 559 5685 32-
632 5602 653 5634 ⁸
680 5601 793 5685 ’9';-
848 5620 947 5685 νεῑτ
974 5606 1204 5685 .9199;
1273 5611 1294 5643 ⁸
1321 5610 1437 5685 ¹ε³;
1464 5630 1614 5680 LVI".
1657 5617 1723 5685 5.
1750 5618 1807 5671 4-
1883 5612 2034 5685 Ue".-
2074 5625 2169 5685 νει»
2206 5604 2403 5685 ‘8".9-
2464 5602 2507 5685 ,ἶ
2525 5597 2724 5685 ³Ξ⁹θῐηο
2757 5612 2958 5685 *κιιιξι
2986 5595 3104 5685 ¹¹;.
3148 5591 3373 5685 Ἦρξε-

145 5680 212 5724 vr.
244 5669 327 5724 18.
401 5671 422 5699 ⁹
449 5669 569 5727 .Jer.
600 5689 695 5737 vn,
719 5675 811 5728 ‘22.

890 5676 932 5708 ¹⁰
972 5678 1102 5735 ibid.
1137 5678 1225 5739 25.

143 5750 212 5800 ιν.
246 5739 295 5794 6.
372 5742 415 5773 ¹⁶
451 5740 473 5796 l
508 5741 635 5809 Reg.
668 5760 753 5811 xv,
782 5744 870 5802 ⁵ὶὲ.

1327 5685 1366 5714 ¹¹
1408 5683 1552 5745 Psal.
1584 5683 1706 5759 cur,
1732 5690 1819 5751 '55,

1924 5662 2303 5745 i’Arli‘salatzxti,
2331 5675 2383 5729 ‘2.
2464 5672 2523 5705 ιι
2546 5669 2689 5726 Psal.
2722 5683 2865 5739 ιιιι,
2904 5667 2985 5723 14.
3066 5665 3191 5704 “-”
3226 5662 3373 5719 Psal.
