3812 6224
399 286 424 346 1
435 286 537 344 4ἱῖ

1005 283 1066 339 S.
1104 279 1475 337 ATHANASII
1513 278 1664 337 OPP.
1731 277 1912 335 PARS
1941 276 2008 334 Ιῐ.
2045 306 2116 318 -—
2152 275 2514 335 EPISTOLE
2553 273 3086 333 HEORTASTICE.

3519 277 3664 337 N28

398 408 523 464 est?
552 425 570 460 ι
605 404 702 462 His
723 404 948 479 agendis
981 404 1146 460 rebus
1193 404 1360 458 homo
1406 403 1580 474 legem
1623 401 1965 473 exsequitur,
1993 399 2042 462 Δ
2070 406 2195 467 tur;
2225 394 2322 454 sed
2365 396 2462 470 qui
2503 398 2598 454 tali
2627 396 2896 469 regimine
2920 405 3134 465 carent,
3167 409 3267 454 ceu
3309 395 3533 455 frondes
3563 399 3665 454 de-

340 553 346 560 ,
403 498 620 569 Deoque
650 499 824 568 placet
851 495 1048 551 dicenti
1068 496 1110 528 "
1138 513 1152 550 :
1181 514 1200 547 ι
1227 493 1566 552 Sacriﬁcium
1601 493 1781 550 laudis
1802 493 1977 549 hono-

403 589 634 643 riﬂcabit
688 602 795 643 me.
827 605 847 638 ι
901 585 1290 657 Unusquisque
1343 596 1521 642 autem
1571 586 1735 656 quale
1779 585 1834 640 id
1880 584 1972 650 sit,

401 686 735 749 compertum
784 676 1024 738 habebit,
1077 676 1326 732 videlicet
1345 677 1388 708 ¹⁸
1427 694 1442 731 :
1489 697 1506 723 ι
1549 674 1974 730 Misericordiam

403 770 543 831 volo,
571 779 625 823 et
669 785 776 823 non
821 768 1222 824 sacriﬁcium-»
1254 767 1440 839 Neque
1490 769 1633 824 Deus
1683 766 1976 825 contrariis

400 860 720 916 delectatur.

473 949 527 1004 5.
569 951 638 1003 At
664 951 717 1003 hi
756 950 1112 1007 nihilominus
1139 950 1440 1022 intelligere
1457 950 1600 1006 haud
1624 959 1972 1022 sategerunt:

407 1061 426 1091 ι
455 1039 512 1095 Si
545 1043 688 1096 enim
727 1042 1131 1111 cognovissent,
1164 1058 1444 1112 nunquam
1473 1041 1760 1096 Dominum
1794 1040 1978 1113 glorise

400 1133 886 1188 crucitixisscnt".
919 1153 938 1184 ι
965 1132 1030 1187 Ει
1051 1133 1358 1202 cujusmodi
1392 1133 1584 1187 horum
1623 1131 1780 1204 ιω
1797 1133 1977 1186 exitus

403 1220 623 1277 futurus
657 1231 825 1288 esset,
859 1223 1119 1293 prepbeta
1152 1223 1551 1278 vaticinabatur
1580 1225 1860 1278 clamans:
1885 1222 1979 1278 Vae

401 1313 619 1368 illorum
650 1314 959 1379 animabus,
991 1315 1084 1384 qui
1117 1331 1369 1385 perversa
1411 1316 1742 1385 cogitatione
1768 1315 1976 1370 machi-

402 1405 516 1459 nati
583 1415 710 1460 sunt
751 1406 994 1462 dicentes
1008 1407 1053 1439 ὀ
1081 1425 1096 1461 :
1128 1427 1147 1458 ‹
1176 1406 1679 1468 Circumveniamus
1726 1407 1932 1477 justum
1960 1449 1976 1472 ,

404 1495 533 1563 quia
568 1511 675 1548 non
700 1506 780 1550 est
813 1497 970 1551 nobis
990 1496 1284 1566 iucundus.
1314 1514 1332 1549 ι
1363 1495 1639 1549 Exitiosus
1663 1495 1976 1561 huiusmodi

405 1588 586 1643 exitus
607 1588 744 1640 nihil
773 1589 920 1642 aliud
953 1603 1116 1658 quam
1150 1603 1306 1641 error
1333 1596 1438 1649 est,
1470 1596 1603 1642 teste
1633 1586 1861 1642 Domino
1884 1586 1978 1656 qui

402 1693 501 1734 eos
524 1679 868 1748 reprehendit
889 1679 1131 1736 dicens“
1158 1698 1172 1735 :
1206 1699 1226 1732 ι
1255 1679 1484 1744 Erratis,
1513 1680 1816 1735 nescientes
1841 1678 1980 1734 Scri-

2075 489 2280 546 cident.
2312 487 2504 546 Nonne
2531 488 2622 546 hic
2642 505 2871 562 prorsus
2897 490 3131 558 corruit,
3159 498 3220 546 ut
3246 489 3574 562 Hymenaus
3605 500 3668 546 et

2077 581 2321 639 Pbiletus
2357 581 2768 648 corruerunt”,
2803 580 2935 652 quia
2967 580 3110 636 male
3139 579 3207 636 de
3251 581 3668 637 resurrectione

2077 679 2388 736 senserunt.
2425 681 2592 744 atque
2639 672 2744 729 hac
2794 672 3021 727 omnino
3051 671 3310 742 opinione
3347 680 3524 728 semet
3550 671 3667 726 im-

2077 763 2356 820 bucrunt?
2382 761 2575 818 Nonne
2602 770 2660 819 et
2681 763 2850 819 Judas
2878 763 3123 832 proditor
3172 777 3203 818 a
3246 763 3405 818 ducis
3449 761 3536 816 sui
3578 761 3668 815 la-

2077 861 2192 910 tere
2222 855 2444 920 excidit,
2477 862 2531 909 et.
2562 870 2685 910 cum
2719 853 2923 910 Judaeis
2952 854 3237 924 disperiit?
3259 857 3326 909 At
3367 869 3501 909 vero
3533 868 3666 908 cor-

2075 947 2188 1002 dati
2229 945 2502 1017 discipuli,
2542 945 2774 1002 Domino
2805 962 2909 1001 suo
2948 947 3309 1009 adhaerentes,
3337 960 3492 1001 mare
3532 945 3667 998 licet

2077 1037 2483 1103 intumesceret,
2513 1053 2577 1092 ac
2603 1038 2760 1092 navis
2786 1037 3043 1093 fluctibus
3069 1037 3183 1107 jam
3219 1045 3576 1107 mergeretur,
3603 1044 3666 1090 et

2077 1130 2316 1202 procella
2355 1130 2520 1187 simul
2550 1139 2853 1199 ventusque
2885 1129 3195 1184 contrarius
3219 1127 3434 1195 ﬂarent,
3471 1128 3673 1182 animo

2079 1237 2186 1276 non
2249 1221 2643 1286 conciderunt,
2703 1221 2796 1276 sed
2862 1219 3096 1275 Verbum
3151 1234 3336 1276 secum
3391 1219 3672 1291 navigans

2079 1328 2272 1366 somno
2297 1312 2701 1377 excitaverunt;
2739 1325 2975 1380 moxque
3003 1325 3154 1364 mare
3182 1308 3415 1364 Domino
3441 1324 3545 1364 suo
3568 1311 3668 1380 ju-

2078 1404 2236 1459 bente
2263 1402 2626 1466 deferbuit“;
2663 1402 2873 1472 ipsique
2899 1401 3197 1457 incolumes
3221 1400 3343 1456 lacti
3369 1408 3500 1456 sunt
3520 1417 3672 1471 prae-

2079 1496 2369 1555 dicatores,
2421 1493 2532 1548 imo
2577 1501 2634 1546 et
2681 1493 2954 1557 doctores,
3001 1492 3388 1547 miraculorum
3449 1493 3671 1548 scilicet

2083 1585 2382 1641 Salvatoris
2409 1585 2582 1639 nostri
2621 1594 2966 1651 narratores;
2994 1599 3096 1638 nos
3132 1583 3292 1656 142
3326 1584 3533 1654 pariter
3565 1585 3673 1640 ad-

2081 1687 2384 1743 monentes,
2413 1687 2473 1732 ut
2498 1678 2740 1744 ipsorum
2773 1677 3022 1746 exempla
3053 1676 3347 1732 imitemur.
3371 1679 3507 1743 Quae
3535 1676 3671 1746 qui-

404 1778 612 1838 pturas.
647 1787 667 1822 ι
707 1769 1070 1837 Quamobrem
1125 1771 1228 1826 hac
1274 1771 1647 1840 increpatione
1697 1771 1974 1835 commoti,
2014 1751 2054 1809 Β
2084 1771 2204 1826 dem
2225 1779 2443 1841 propter
2462 1784 2563 1824 nos
2590 1779 2898 1839 nostraeque
2924 1767 3247 1824 eruditionis
3266 1783 3431 1823 causa
3455 1769 3675 1838 scripta

404 1859 612 1930 majore
637 1863 817 1917 adhuc
843 1863 1069 1917 audacia
1094 1863 1350 1917 dicebant
1372 1864 1415 1894 υ
1442 1881 1455 1918 :
1490 1882 1509 1914 ‹
1541 1860 1650 1918 Nos
1679 1861 1877 1933 Moysis
1899 1862 1982 1916 di-

403 1953 599 2022 scipuli
632 1967 825 2008 sumus
855 1971 868 2007 :
903 1968 1000 2007 nos
1032 1951 1236 2009 scimus
1274 1954 1400 2024 quia
1442 1951 1611 2024 Moysi
1657 1952 1873 2007 locutus
1901 1961 1986 2008 est

406 2039 551 2096 Deus
578 2059 590 2095 :
629 2059 647 2094 ι
678 2041 759 2096 sic
799 2040 1068 2112 (Christi)
1103 2042 1282 2098 verbis
1309 2041 1682 2097 vehementius
1710 2041 1986 2096 contradi-

401 2144 611 2199 centes,
645 2149 709 2190 ac
747 2143 918 2189 semet
950 2145 1310 2199 accusantes;
1357 2149 1482 2189 nam
1519 2133 1564 2188 si
1623 2134 1709 2188 his
1742 2149 1863 2204 qua:
1888 2148 1984 2188 au-

402 2229 618 2284 dierant
666 2227 824 2282 tidem
872 2227 1273 2291 adhibuissent,
1302 2226 1594 2281 Dominum
1646 2240 1755 2281 non
1789 2240 1985 2297 negas-

403 2327 548 2383 sent,
578 2317 672 2388 qui
702 2317 1118 2388 praasentialiter
1159 2333 1282 2374 cum
1333 2317 1516 2388 Moyse
1547 2316 1849 2374 collocutus
1878 2324 1980 2371 est.

403 2407 474 2462 At
505 2421 615 2461 non
653 2407 728 2462 ita
756 2421 816 2462 se
843 2406 1010 2478 gessit
1031 2405 1260 2462 credens
1287 2407 1396 2471 ille,
1423 2421 1586 2476 quem
1609 2405 1982 2476 apostolorum

402 2498 572 2555 Actus
621 2499 1020 2564 memorant”;
1079 2498 1310 2554 audiens
1360 2499 1504 2553 enim
1562 2497 1666 2552 sibi
1723 2498 1981 2552 dictum:

407 2605 429 2638 ι
463 2587 697 2644 Putasne
743 2589 1000 2660 intelligis
1048 2604 1171 2660 qua:
1212 2589 1385 2660 legis?
1415 2609 1432 2640 ι
1475 2604 1584 2643 non
1630 2588 1824 2659 puduit
1854 2603 1982 2642 eum

401 2680 653 2734 conﬁteri
682 2681 1048 2752 ignorantiam
1082 2696 1260 2745 suam,
1293 2696 1460 2751 seque
1489 2681 1707 2736 edoceri
1749 2682 1980 2750 rogavit.

403 2769 530 2825 Ideo
565 2769 803 2841 Spiritus
829 2772 1003 2842 gratia
1030 2772 1188 2828 datur
1221 2773 1288 2826 iis
1321 2773 1412 2843 qui
1441 2787 1500 2828 se
1532 2772 1712 2828 doceri
1740 2781 1937 2828 curant
1965 2789 1981 2826 :

402 2869 463 2916 at
487 2862 523 2915 ii
551 2861 648 2932 qui
674 2871 995 2931 permanent
1019 2862 1373 2928 inemendati,
1411 2872 1641 2917 mortem
1668 2864 1978 2927 incurrunt,

409 2964 469 3007 ut
493 2954 573 3009 alt
598 2951 950 3010 Proverbium
970 2955 1018 2987 “
1043 2973 1058 3011 :
1099 2974 1120 3008 ι
1152 2952 1418 3009 Morietur
1446 2954 1643 3011 stultus
1670 2954 1726 3008 in
1748 2954 1987 3025 peccatis

405 3045 544 3100 suis.
575 3065 596 3100 ι

479 3159 532 3214 6.
573 3157 650 3214 Ita
677 3174 736 3214 se
759 3159 955 3215 habent
994 3156 1091 3229 qui
1125 3165 1406 3213 sectantur
1438 3157 1712 3224 haereses;
1744 3171 1980 3228 namque

403 3267 439 3306 ει
467 3267 594 3307 vera
624 3251 981 3322 intelligentia
1014 3249 1349 3314 excidentes,
1380 3249 1574 3306 callide
1601 3249 1707 3306 sibi
1733 3249 1981 3320 impieta-

406 3355 515 3402 tem
550 3347 824 3402 asciscere
849 3344 1070 3412 audent,
1101 3355 1155 3400 et
1189 3363 1207 3395 ς
1240 3343 1382 3400 Dicit
1420 3341 1685 3412 insipiens
1727 3341 1781 3397 in
1817 3342 1982 3397 corde

405 3451 510 3492 suo
546 3456 560 3492 :
594 3435 712 3491 Non
741 3447 825 3492 est
851 3435 1011 3492 Deus.
1042 3433 1296 3504 Corrupti
1347 3444 1475 3490 sunt
1519 3442 1684 3504 atque
1711 3430 1981 3503 inquinati

395 3530 461 3582 ιη
494 3529 752 3599 operibus
781 3529 898 3584 suis
913 3529 980 3580 ".
1011 3545 1030 3580 ι
1072 3525 1316 3593 Quorum
1349 3543 1502 3582 mens
1533 3526 1759 3593 insanit,
1789 3541 1983 3583 eorum

407 3628 538 3673 sunt
589 3633 757 3689 opera
808 3630 1028 3688 quoque
1074 3617 1332 3688 pessima,
1361 3615 1823 3686 quemadmodum
1867 3613 1985 3686 ipse

407 3711 749 3784 (Christus)
797 3711 1081 3767 aiebat“:
1121 3729 1138 3761 ι
1176 3709 1314 3764 Num
1350 3710 1491 3764 bona
1529 3709 1677 3780 loqui
1723 3709 1980 3782 possetis,

409 3820 538 3858 cum
576 3803 698 3859 sitis
749 3803 915 3860 mali?
940 3821 960 3854 ι
995 3801 1242 3859 Pcrversi
1278 3812 1426 3868 sunt,
1451 3803 1583 3872 quia
1634 3801 1798 3874 impie
1835 3802 1985 3873 cogi-

409 3906 547 3952 tant.
583 3894 872 3963 Quomodo
897 3904 1079 3950 autem
1108 3894 1255 3965 iuste
1286 3903 1471 3965 agant,
1497 3895 1594 3968 qui
1621 3895 1862 3951 studium
1887 3908 1986 3965 op-

409 3988 678 4058 primendi
716 3987 869 4060 151
900 3987 1128 4042 fovent?
1162 3987 1266 4052 Qui
1302 3986 1416 4041 ﬁeri
1449 3996 1623 4056 potest
1671 3994 1733 4042 ut
1777 3985 1984 4057 diligat,

408 4082 502 4152 qui
529 4098 587 4138 se
617 4091 774 4138 antea
811 4082 940 4136 odio
971 4080 1204 4136 imbuit?
1244 4078 1376 4146 Qua:
1409 4081 1481 4134 sit
1523 4081 1577 4136 in
1622 4095 1689 4134 eo
1720 4079 1982 4144 charitas,

409 4177 504 4244 qui
535 4174 781 4245 pecunia:
811 4189 997 4229 amore
1026 4170 1578 4238 tenetur‘lQuomodo
1608 4170 1982 4227 castimoniam

411 4276 668 4331 sectetur,
689 4265 782 4338 qui
814 4268 881 4321 ad
915 4265 1196 4320 mulierem
1222 4264 1413 4320 oculos
1437 4264 1755 4334 cupiditatis
1777 4263 1991 4333 injicit?

412 4360 488 4414 De
515 4359 678 4414 corde
702 4359 846 4414 enim
885 4359 1154 4429 prodeunt
1183 4372 1363 4426 prava:
1393 4357 1775 4428 cogitationes,
1819 4355 1987 4410 forni-

2088 1861 2327 1928 fuerunt,
2357 1870 2417 1916 ut
2459 1876 2523 1915 ex
2565 1861 2846 1917 miraculis
2893 1861 3157 1917 Dominus
3201 1860 3420 1914 illorum
3467 1869 3676 1916 auctor

2087 1953 2408 2010 innotescat.

2158 2069 2213 2124 7.
2253 2066 2425 2124 Porro
2459 2083 2558 2121 nos
2585 2081 2710 2120 cum
2747 2065 3010 2136 Magistro
3044 2081 3139 2135 per
3164 2065 3565 2136 discipulorum
3603 2065 3671 2118 ﬁ-

2085 2160 2206 2215 dem
2243 2175 2652 2215 conversamur.
2704 2157 2939 2221 Etenim,
2988 2157 3185 2212 fratres
3226 2157 3366 2223 mei,
3421 2157 3675 2211 mundus

2085 2253 2175 2306 hic
2205 2250 2366 2307 nobis
2397 2260 2480 2307 est
2503 2250 2668 2306 veluti
2699 2264 2870 2315 mare,
2911 2249 2978 2302 de
3026 2263 3138 2318 quo
3166 2247 3430 2317 scriptum
3458 2255 3545 2302 est
3569 2247 3617 2279 “
3649 2263 3671 2297 :

2092 2365 2110 2398 ι
2141 2344 2255 2400 Hoc
2279 2359 2429 2399 mare
2463 2358 2722 2415 magnum
2755 2352 2812 2397 et
2841 2341 3143 2412 spatiosum
3174 2357 3189 2395 :
3222 2339 3334 2395 illic
3354 2355 3525 2395 naves
3549 2355 3676 2409 per.

2085 2437 2414 2492 transibunt.
2452 2435 2627 2491 Draco
2657 2435 2746 2489 hic
2787 2448 2950 2504 quem
2996 2432 3194 2488 creasti
3219 2431 3287 2487 ad
3323 2431 3673 2488 illudendum

2083 2530 2157 2586 oi.
2189 2548 2210 2582 ι
2262 2527 2375 2586 Hoc
2418 2528 2472 2585 in
2505 2527 2642 2582 mari
2680 2539 2782 2596 pro
2814 2525 2956 2578 venti
3002 2522 3403 2593 opportunitate
3438 2523 3674 2594 navigas

2085 2636 2242 2677 mus:
2268 2619 2646 2689 unusquisque
2677 2626 2856 2672 autem
2884 2630 2980 2687 pro
3009 2615 3238 2670 arbitrio
3263 2630 3386 2679 suo,
3408 2629 3522 2684 quo
3546 2629 3670 2670 ma-

2084 2713 2201 2768 vult
2226 2712 2434 2776 tendit;
2467 2720 2520 2766 et
2553 2711 2606 2764 in
2639 2709 2884 2778 requiem
2909 2705 3229 2778 ingreditur,
3263 2705 3310 2761 si
3341 2706 3504 2760 modo
3532 2703 3668 2760 Ver-

2083 2806 2214 2860 bum
2238 2807 2309 2861 sit
2335 2805 2386 2859 ei
2410 2805 2519 2859 dux
2543 2821 2558 2869 ;
2588 2817 2749 2857 secus
2780 2811 2960 2854 autem
2991 2799 3334 2870 naufragium
3357 2799 3594 2869 patitur,
3615 2797 3668 2854 si

2083 2895 2335 2965 voluptas
2353 2894 2657 2964 praevaleat.
2679 2890 2989 2946 Periculum
3025 2889 3243 2960 quidem
3275 2903 3306 2942 a
3339 2896 3670 2957 tempestate

2084 2995 2171 3042 est
2200 3005 2214 3040 :
2251 2997 2306 3042 et
2358 2985 2634 3057 quomodo
2667 2983 2721 3038 in
2754 2983 2894 3038 mari
2938 2981 3284 3037 concitantur
3315 2981 3577 3050 procella:
3613 2987 3674 3035 et

2010 3098 2053 3157 ο
2089 3079 2316 3144 ﬂuctus,
2352 3078 2432 3134 sic
2463 3077 2518 3131 in
2553 3075 2756 3131 mundo
2783 3075 3050 3146 angustia:
3095 3075 3280 3128 multa
3318 3087 3386 3128 ac
3419 3071 3676 3142 pericula

2084 3183 2234 3229 sunt.
2255 3171 2429 3228 Homo
2456 3169 2673 3226 interim
2702 3166 3037 3233 incredulus,
3065 3165 3484 3236 superveniente
3510 3177 3675 3233 pres-

2084 3282 2214 3324 sura
2235 3265 2320 3320 vel
2351 3261 2752 3334 persecutione,
2771 3257 3112 3321 scandalum,
3128 3263 3189 3310 ut
3212 3254 3288 3308 ait
3309 3253 3584 3310 Dominus
3602 3255 3677 3318 ”,

2083 3358 2287 3430 patitur
2315 3355 2443 3427 quia
2481 3353 2672 3409 ﬁrmus
2701 3353 2754 3408 in
2793 3352 2900 3406 ﬁde
2931 3365 3040 3405 non
3067 3357 3152 3405 est
3180 3365 3193 3402 :
3223 3346 3492 3418 siquidem
3528 3357 3674 3403 tem-

2082 3448 2289 3520 poralia
2320 3455 2575 3517 spectans
2598 3483 2614 3508 ,
2654 3443 2894 3498 laborem
2944 3440 3012 3495 de
3056 3438 3330 3511 pressuris
3363 3447 3678 3492 scatentem

2083 3557 2193 3598 non
2225 3539 2458 3612 perferet
2498 3553 2512 3590 :
2551 3538 2712 3606 vique
2740 3547 3023 3590 ventorum
3053 3533 3250 3586 domus
3276 3530 3366 3584 illa
3405 3541 3674 3594 corruet,

2083 3649 2251 3704 quam
2274 3631 2474 3689 stultus
2503 3629 2556 3684 in
2580 3643 2746 3683 arena
2769 3623 3074 3682 aediﬁcavit.
3103 3621 3180 3677 Ita
3211 3622 3302 3677 hic
3323 3636 3449 3676 cum
3479 3621 3558 3676 sit
3581 3637 3676 3676 ve-

2085 3742 2233 3791 cors,
2263 3721 2620 3778 tentationum
2654 3719 2860 3788 impetu
2896 3716 3073 3770 victus
3106 3712 3449 3784 procumbet.
3490 3709 3674 3766 Secus

2086 3829 2214 3870 vero
2261 3810 2436 3868 sancti
2485 3824 2610 3864 cum
2657 3822 2853 3862 sensus
2904 3820 3034 3860 suos
3079 3802 3475 3859 consuetudine
3519 3800 3677 3856 bona

2085 3901 2355 3960 exercitos
2376 3898 2631 3964 habeant,
2650 3896 2889 3966 atquein
2928 3894 3034 3950 ﬁde
3063 3891 3277 3948 solidati
3302 3892 3440 3956 sint,
3465 3891 3672 3946 Verbi-

2086 4009 2194 4065 que
2219 3992 2325 4046 vim
2361 3997 2718 4060 cognoscant,
2745 3986 2998 4057 quamvis
3027 3984 3672 4040 tentationumcommo-

2086 4087 2164 4142 tio
2213 4081 2503 4138 identidem
2575 4078 2839 4132 adversus
2889 4091 2989 4131 eos
3041 4074 3268 4128 validior
3333 4085 3672 4142 consurgat,

2089 4175 2444 4232 nihilominus
2494 4171 2678 4226 ﬁdeles
2719 4167 3053 4236 persistent,
3105 4167 3396 4220 Dominum
3451 4166 3674 4220 itineris

2087 4270 2340 4324 comitem
2371 4265 2735 4329 suscitabunt,
2780 4270 2836 4317 et
2865 4261 3097 4318 salutem
3135 4258 3291 4331 15.3
3323 4273 3671 4327 consequen-

2089 4368 2212 4424 tur;
2245 4371 2447 4429 perque
2485 4355 2664 4426 ignem
2711 4361 2764 4406 et
2809 4366 3004 4421 aquam
3037 4358 3402 4413 transeuntes,
3434 4347 3673 4403 recreati

410 4453 677 4516 rationes,
712 4452 1002 4515 adulteria,
1035 4450 1326 4507 homicidia
1351 4468 1367 4518 ;
1395 4450 1596 4521 quibus
1622 4448 1986 4520 perturbatio-
2017 4462 2062 4519 ι)
2092 4451 2255 4507 simul
2291 4450 2486 4504 festum
2521 4455 2702 4517 agent,
2729 4446 3026 4516 gratiarum
3051 4442 3318 4497 actionem
3344 4442 3676 4496 extollentes

411 4542 575 4599 nibus
598 4544 796 4600 stultus
822 4552 1078 4614 tanquam
1103 4541 1360 4598 ﬂuctibus
1388 4541 1644 4612 agitatur,
1672 4540 1855 4596 carnis
1877 4556 1990 4596 suae

411 4632 624 4687 deliciis
677 4631 985 4687 abstractus
1029 4643 1086 4688 ct
1133 4631 1364 4687 illectus.
1397 4629 1474 4686 De
1501 4631 1606 4687 hoc
1632 4631 1833 4700 pariter
1854 4629 1991 4686 scri-

411 4735 564 4796 ptum
593 4732 677 4780 cst
697 4726 739 4756 ³⁷
765 4745 779 4779 :
809 4743 827 4775 ι
843 4723 1006 4780 Valde
1029 4723 1266 4797 agitatur
1284 4726 1462 4779 omnis
1481 4739 1611 4779 caro
1637 4723 1947 4779 stultorum.
1965 4741 1986 4773 ι

410 4817 614 4888 Nempe
646 4831 771 4872 cum
799 4833 858 4872 se
891 4816 1480 4888 insania.implicuerit,
1504 4825 1635 4870 tunc
1667 4822 1990 4885 tempestate

410 4913 706 4984 iactabitur
737 4920 901 4982 atque
929 4911 1144 4980 peribit,
1177 4920 1237 4965 ut
1257 4910 1434 4981 inquit
1458 4909 1512 4963 in
1545 4907 1852 4962 Proverbiis
1884 4905 1989 4964 Sa-

414 5003 656 5060 lomon”
682 5022 694 5057 :
726 5022 742 5052 ι
775 5002 950 5057 Simul
997 5003 1262 5072 insipiens
1289 5011 1344 5056 et
1373 5001 1571 5055 stultus
1631 5001 1905 5068 peribunt,
1937 5009 1991 5056 et

412 5098 722 5165 relinquent
749 5095 944 5149 alienis
971 5094 1192 5149 divitias
1223 5096 1434 5148 suas”.
1469 5113 1486 5145 ι
1542 5091 1678 5146 Male
1709 5091 1796 5148 isti
1828 5091 1988 5147 habe-

409 5186 568 5250 bunt,
599 5183 730 5254 quia
784 5198 931 5238 same
983 5184 1183 5238 mentis
1216 5184 1417 5237 ducatu
1460 5183 1724 5238 carebunt
1755 5202 1769 5238 :
1805 5192 1860 5236 at
1892 5181 1984 5237 ubi

410 5276 676 5348 sapientia
723 5284 824 5339 est,
860 5276 970 5330 illic
1018 5275 1324 5329 animarum
1372 5273 1479 5327 dux
1527 5271 1763 5328 Verbum
1815 5281 1982 5328 ratem

413 5366 757 5433 gubernabit.
791 5363 965 5421 Homo
1004 5363 1306 5435 intelligens
1367 5372 1516 5419 recto
1564 5364 1826 5434 regimine
1865 5372 1988 5420 ute-

2093 4541 2384 4610 liberatori,
2403 4539 2532 4594 Deo.
2559 4537 2620 4592 lli
2652 4537 2695 4592 si
2731 4538 2870 4592 forte
2893 4543 3254 4599 tentarentur,
3284 4543 3461 4590 semet
3492 4533 3671 4587 instar

2091 4632 2384 4689 Abrahami
2419 4630 2721 4702 praeberent
2755 4646 2771 4695 ;
2803 4628 2850 4682 si
2901 4627 3062 4681 malis
3091 4632 3435 4687 vexarentur,
3466 4622 3668 4680 Jobum

2091 4732 2550 4798 repraesentarent
2577 4739 2591 4790 ;
2623 4721 2668 4775 si
2693 4719 2940 4792 Oppressi
2973 4728 3026 4773 et
3047 4716 3353 4788 proditione
3381 4716 3667 4779 divenditi,

2094 4829 2352 4888 tanquam
2383 4814 2580 4886 Ioseph
2613 4815 2699 4872 ille
2732 4812 2996 4883 patienter
3026 4811 3263 4877 ferrent;
3285 4811 3671 4878 persecutione

2093 4909 2347 4972 instante,
2377 4906 2519 4960 baud
2550 4921 2609 4960 se
2643 4901 3012 4973 pt'teoccupari
3057 4901 3331 4962 sinerent,
3363 4899 3456 4952 sed
3495 4899 3668 4952 vel-ui

2094 4999 2357 5068 scriptum
2390 5004 2474 5050 est
2488 4994 2552 5056 “,
2579 4992 2684 5048 Deo
2711 4992 2828 5045 freti
2859 4990 3326 5060 transgredientur
3354 4989 3668 5057 iniquitatis

2094 5104 2311 5146 murum
2340 5104 2357 5155 ;
2385 5086 2476 5158 qui
2510 5085 2706 5140 fratres
2729 5091 2964 5152 separat,
2999 5092 3164 5150 atque
3187 5087 3333 5132 arcet
3361 5094 3391 5131 a
3415 5077 3666 5132 veritate.

2091 5181 2170 5237 Ita
2215 5181 2379 5236 etiam
2425 5179 2616 5232 beatus
2688 5174 2892 5230 Paulus
2947 5173 3215 5243 gaudebat
3257 5169 3666 5226 inﬁrmitatibus

2091 5274 2227 5332 suis,
2258 5270 2625 5326 delectabatur
2658 5264 2956 5338 ignominia
2984 5273 3200 5333 propter
3225 5261 3530 5325 Christum,
3572 5275 3667 5313 nec

2093 5381 2202 5421 non
2255 5359 2667 5424 tcntationibus,
2702 5355 3198 5427 persecutionibus,
3226 5363 3390 5423 atque
3432 5352 3664 5407 carceri-

493 5509 533 5540 "
573 5507 718 5562 Psal.
749 5521 895 5572 XLIX,
927 5505 1021 5562 23.
1099 5504 1142 5538 ¹⁸
1180 5505 1367 5559 Matth.
1409 5519 1507 5570 xu,
1545 5504 1600 5558 7.
1677 5503 1721 5537 ”
1746 5506 1767 5557 l
1796 5505 1921 5559 Cor.
1957 5518 2022 5573 tt,
2049 5506 2103 5560 8.
2137 5571 2152 5573 _
2176 5502 2224 5535 ’θ
2261 5501 2395 5570 Sap.
2421 5515 2484 5573 tl,
2517 5495 2740 5573 12.__'_‘_
2762 5493 2928 5573 Matth
2978 5508 3118 5573 uti,
3150 5489 3288 5573 29."
3313 5491 3364 5573 ’.ξ
3399 5486 3558 5542 Joan.
3591 5502 3660 5547 tr,

415 5578 508 5632 28.
583 5578 630 5609 ’⁸
667 5580 787 5632 Act.
817 5571 933 5633 vut.
966 5577 1054 5630 50.
1131 5576 1176 5610 ³⁵
1214 5574 1370 5629 Prov.
1403 5591 1552 5640 χειν,
1580 5575 1631 5639 9,
1664 5591 1766 5628 ssc.
1800 5575 1971 5632 Graec.

2133 5571 2275 5627 Psal.
2311 5588 2429 5639 xm,
2460 5571 2508 5624 Ι.

419 5645 508 5708 i0,
534 5659 644 5702 sec.
675 5646 848 5702 Grazc.
920 5647 967 5679 "
1003 5643 1164 5700 Prov.
1195 5661 1232 5708 ι,
1261 5645 1352 5700 27.
1427 5647 1472 5679 ³⁸
1510 5644 1650 5700 Psal.
1683 5661 1871 5704 ιιινιιι.
1908 5647 1994 5700 Η.

413 5717 660 5788 ςιιι,25,
687 5716 779 5776 26.
852 5715 899 5748 ³⁸
939 5715 1130 5775 Matth.
1169 5729 1300 5783 aut,
1330 5715 1421 5770 2i.
1497 5715 1541 5746 ³³
1580 5713 1719 5773 Psal.
1749 5729 1879 5779 xvu,
1909 5715 1995 5772 50.

3244 5559 3288 5591 ²⁷
3326 5557 3487 5612 Prov.
3521 5573 3662 5616 xxw.

3435 5629 3479 5660 ³³
3521 5627 3658 5684 I'sal.

2611 5569 2655 5602 ³⁸
2693 5563 2881 5618 Matth.
2917 5579 3014 5627 xu,
3046 5565 3136 5616 54.

2071 5645 2115 5678 ³⁸
2153 5643 2191 5699 ll
2220 5641 2362 5697 Tim.
2399 5629 2456 5708 ti,
2497 5637 2578 5695 l7.
2679 5638 2726 5667 “
2762 5634 2948 5691 Matth.
2985 5650 3100 5698 rm,
3127 5632 3218 5696 “.5,
3249 5629 3339 5685 26.
