3812 6224
383 294 514 356 1431

879 417 1298 476 EPISTOLA
1350 421 1481 478 XX.

947 581 1078 644 (Chr.
1108 593 1236 634 anno
1257 579 1397 644 348.“)

379 747 495 787 HEC
528 749 627 788 EST
676 748 956 788 ATHANASII
993 748 1254 790 ZPISTOLA
1290 750 1362 788 XX
1406 749 1458 789 IN
1501 747 1809 802 CONSULATU
1845 748 1955 788 Pill-

451 809 588 879 Ltppt
620 840 690 879 ετ
723 839 889 879 sum
916 866 935 892 ,
965 840 1139 888 sensu
1169 841 1436 884 ausromo
1475 841 1786 892 raucam,
1817 841 1955 881 mm-

447 932 644 972 CTIONE
675 932 746 980 Vl,
767 932 934 972 JUXTA
965 933 1105 981 QUAM
1131 932 1418 975 PASCIIATIS
1439 933 1696 973 DOMINICA
1721 917 1951 972 ERAT-Ill

447 1021 614 1062 nouas
646 1021 894 1072 APRILIS,
942 999 1248 1063 ruxnuurut
1293 1021 1384 1062 DIE
1433 1023 1565 1075 vui,
1613 1022 1951 1063 DIOCLBTIAM

449 1113 585 1155 ANNO
616 1114 760 1165 LXIV,
793 1114 944 1154 LUNAE
982 1115 1134 1154 XVlll.

448 1254 498 1307 1.
540 1251 695 1308 Nunc
744 1268 983 1322 quoque,
1033 1253 1232 1307 l'ratres
1265 1251 1401 1317 mei,
1435 1251 1705 1307 solemnes
1735 1266 1947 1308 sumus.

375 1344 664 1412 Quomodo
710 1354 891 1399 autem
936 1354 1066 1399 tunc
1136 1343 1395 1399 Dominus
1439 1355 1623 1400 noster
1669 1345 1951 1415 discipulis

379 1438 494 1494 suis
527 1437 886 1509 signiﬁcavit,
935 1438 1014 1492 sic
1059 1438 1214 1492 nobis
1263 1438 1468 1508 pariter
1517 1453 1659 1492 nunc
1711 1437 1952 1508 praedicit

379 1540 502 1601 post
539 1529 655 1585 dies
683 1530 989 1598 aliquantos
1020 1527 1228 1584 Pascha
1261 1528 1395 1594 fore,
1427 1546 1535 1600 quo
1563 1540 1806 1599 tempore
1852 1527 1951 1581 Ju-

379 1623 480 1678 daei
502 1621 789 1678 Dominum
825 1620 1196 1690 prodiderunt.
1238 1619 1347 1675 Nos
1381 1621 1524 1674 illius
1555 1629 1780 1675 mortem
1823 1634 1947 1672 cum

379 1715 578 1783 gaudio
611 1713 968 1778 celebramus,
1000 1713 1123 1780 quia
1159 1720 1345 1781 postea
1379 1713 1582 1766 tristari
1611 1711 1942 1765 desinemus.

1012 297 1071 358 s.
1109 297 1481 356 ATllANASll
1514 301 1666 360 ore.
1707 301 1889 360 rans
1935 303 1999 360 η.
2034 288 2108 344 ‘—
2146 300 2506 360 erts'rom
2542 288 3070 360 usoans'rtcm.

3501 302 3655 362 1452

1989 428 2036 486 Α
2063 438 2275 495 semper
2303 423 2627 479 concedens.
2677 422 2850 488 Quem
2884 439 3014 478 vero
3042 423 3262 478 denotet
3307 422 3652 478 vocabulum

2059 515 2189 570 illud
2219 514 2439 582 sitient,
2494 516 2607 584 ipse
2639 515 2830 569 statim
2869 515 3049 570 dicere
3090 514 3304 586 pergit:
3338 513 3440 583 qui
3468 516 3521 568 in
3556 529 3656 568 me

2055 607 2245 663 credit.
2299 607 2454 663 Sicut
2505 614 2684 662 autem
2729 605 2940 676 frigidm
3001 621 3157 677 aqua:
3208 605 3420 662 sitienti
3472 617 3656 678 grata:

2053 707 2184 754 sunt
2207 741 2222 766 ,
2255 707 2312 754 ut
2343 699 2419 754 ait
2447 696 2798 753 Proverbium
2821 697 2891 765 ⁸⁸,
2926 697 2998 754 ita
3035 697 3142 753 erit
3171 681 3412 768 Spiritus
3461 699 3653 753 sancti

2055 789 2320 856 adventus
2349 789 2699 846 credentibus
2730 787 2982 857 Domino,
3009 789 3162 844 omni
3194 790 3383 861 requie
3418 791 3652 862 gaudio-

2052 894 2160 951 que
2187 881 2388 950 potior.

2123 970 2178 1024 2.
2220 968 2330 1025 Nos
2353 985 2569 1041 quoque
2607 979 2823 1039 eportet
2851 970 2934 1024 his
2973 969 3257 1026 Paschatis
3283 971 3479 1025 diebus
3507 986 3646 1025 cum

2054 1063 2257 1118 sanctis
2289 1063 2531 1133 vigilare,
2583 1070 2748 1130 atque
2782 1062 2846 1117 ad
2892 1061 3178 1117 Dominum
3206 1063 3468 1118 accedere
3504 1079 3641 1118 eum

2052 1154 2366 1209 omnimoda
2403 1153 2596 1207 anima:
2631 1154 2988 1223 corporisque
3016 1155 3300 1219 munditie,
3345 1171 3472 1210 cum
3507 1171 3645 1226 gra-

2054 1246 2249 1298 tiarum
2285 1245 2519 1308 actione,
2547 1255 2600 1299 et
2629 1260 2753 1299 cum
2790 1246 3048 1316 religiosa
3081 1261 3207 1316 erga
3244 1262 3370 1301 eum
3400 1247 3530 1313 ﬁde,
3576 1259 3642 1303 ut

2054 1340 2142 1393 hie
2176 1339 2349 1408 primo
2381 1338 2656 1404 bibentes,
2690 1339 2996 1410 divinisque
3029 1341 3176 1395 illius
3209 1343 3366 1412 aquis
3399 1342 3640 1412 perfusi,

2052 1431 2239 1485 sedere
2272 1430 2325 1484 in
2352 1431 2490 1485 emlo
2515 1432 2787 1500 possimus
2820 1447 2945 1487 cum
3003 1433 3230 1497 sanctis,
3281 1433 3473 1504 ibique
3512 1433 3643 1488 ﬁeri

2051 1522 2342 1591 participes
2369 1521 2564 1578 cantici
2593 1523 2838 1592 ejusdem
2871 1533 2926 1580 et
2970 1524 3174 1593 gaudii,
3219 1541 3250 1579 a
3277 1541 3390 1595 quo
3431 1525 3642 1580 merito

2051 1623 2361 1681 peccatores
2385 1617 2762 1682 excludentur,
2809 1617 2936 1686 quia
2976 1626 3181 1671 tantam
3229 1632 3344 1672 rem
3373 1619 3641 1689 neglexe-

2051 1715 2194 1770 runt,
2225 1706 2435 1775 sibique
2460 1708 2664 1762 dictum
2693 1707 2916 1763 audient
2937 1709 2982 1739 ⁵⁸
3007 1724 3019 1759 :
3057 1727 3074 1760 ι
3103 1709 3310 1774 Amice,
3343 1710 3638 1778 quomodo

380 1803 536 1860 Nunc
562 1802 750 1859 sedulo
778 1818 1194 1872 congregantur,
1224 1802 1352 1871 quia
1391 1803 1620 1872 dispersi
1656 1809 1817 1870 atque
1862 1817 1947 1854 er-
1983 1783 2022 1838 Β
2055 1798 2159 1851 huc
2218 1797 2461 1864 intrasti,
2529 1815 2638 1854 non
2690 1799 2897 1855 habens
2945 1809 3150 1855 vestem
3196 1801 3583 1855 convivalem?
3611 1821 3633 1853 ι

381 1905 565 1952 rantes
587 1905 766 1960 antea,
792 1897 1010 1950 demum
1036 1894 1391 1948 convenimus
1421 1909 1434 1943 :
1471 1893 1684 1956 remoti,
1716 1891 1944 1945 invicem

378 1990 808 2060 propinquamus
836 2006 849 2040 :
880 1987 1122 2042 extranei
1163 1985 1395 2056 pridem,
1433 1984 1587 2056 147
1626 2001 1769 2038 nunc
1801 1985 1945 2038 illius

377 2080 674 2134 familiares
720 2078 844 2134 facti
878 2095 1091 2142 sumus,
1120 2079 1211 2147 qui
1245 2093 1342 2147 pro
1377 2078 1535 2131 nobis
1569 2092 1762 2146 passus
1789 2088 1867 2130 est
1895 2087 1948 2131 et

379 2172 701 2236 cruciﬁxus,
737 2182 789 2228 et
836 2183 1057 2242 peccata
1105 2182 1292 2226 nostra
1325 2171 1581 2241 portavit,
1616 2180 1674 2224 ut
1703 2171 1778 2224 ait
1815 2185 1945 2240 pro-

378 2269 539 2339 pheta
559 2265 638 2334 ³⁶;
689 2275 743 2321 et
772 2265 942 2322 nostri
977 2280 1143 2320 causa
1181 2272 1411 2318 moestus
1444 2262 1565 2328 fuit,
1603 2272 1660 2316 ut
1699 2273 1946 2316 nostrum

376 2361 623 2416 omnium
655 2359 816 2414 ﬁnem
848 2359 1149 2428 imponeret
1172 2356 1474 2422 alliictioni,
1509 2355 1742 2410 miseria:
1786 2364 1948 2424 atque

378 2453 572 2511 dolori.
623 2451 680 2506 Si
731 2468 831 2506 nos
871 2451 992 2505 sitis
1023 2449 1273 2513 vexabit,
1323 2448 1440 2517 ipse
1470 2455 1668 2502 nostra:
1699 2455 1949 2501 occurret

380 2547 711 2612 necessitati,
743 2545 1054 2600 exclamans
1089 2543 1141 2595 iu
1174 2542 1262 2596 die
1309 2540 1447 2595 festo
1479 2559 1492 2594 :
1524 2557 1542 2590 α
1575 2537 1632 2593 Si
1662 2539 1786 2610 quis
1812 2539 1944 2604 sitit,

379 2642 558 2696 veniat
583 2642 648 2696 ad
681 2629 768 2694 me
814 2648 868 2693 et
911 2637 1061 2690 bibat
1078 2636 1142 2686 ³⁷.
1178 2654 1194 2685 ι
1229 2632 1322 2688 Est
1358 2633 1445 2687 hic
1485 2647 1696 2701 semper
1726 2640 1944 2685 sancto-

376 2747 497 2785 rum
527 2729 775 2792 all'ectus,
807 2742 1001 2796 nempe
1053 2733 1110 2778 ut
1154 2724 1302 2778 nullo
1354 2722 1614 2792 temporis
1663 2722 1948 2775 intervallo

377 2821 699 2884 subsistant,
743 2819 837 2875 sed
887 2817 1192 2871 necessaria
1237 2815 1472 2884 quadam
1523 2812 1841 2867 assiduitate
1880 2813 1946 2866 ad

377 2914 668 2968 Dominum
711 2913 954 2975 tendant,
1001 2924 1124 2962 eum
1176 2922 1389 2975 semper
1421 2906 1628 2969 sitiant,
1665 2906 1733 2959 ab
1771 2921 1947 2973 eoque

377 3016 563 3075 potum
596 3003 925 3072 exquirant,
957 2998 1414 3070 quemadmodum
1464 2996 1628 3049 David
1659 2997 1899 3065 psallit”
1930 3013 1941 3048 :

2048 1884 2366 1940 Peccatores
2409 1887 2611 1952 sitient,
2657 1887 2844 1957 gratia:
2893 1887 3102 1942 scilicet
3145 1886 3406 1956 spiritalis
3455 1902 3639 1956 penu-

2048 1976 2182 2029 riam
2233 1977 2526 2046 patientur,
2569 1992 2690 2032 cum
2737 1977 2848 2032 sint
2890 1977 3129 2047 nequitia
3179 1977 3530 2041 inﬂammati,
3579 1986 3637 2032 et

2049 2069 2415 2138 voluptatibus
2439 2084 2662 2138 prorsus
2688 2069 2892 2134 exusti,
2927 2079 2985 2124 ut
3013 2079 3097 2123 est
3125 2068 3177 2122 in
3202 2068 3518 2124 Proverbiis
3539 2069 3588 2101 "
3618 2086 3630 2120 :

2053 2179 2070 2210 ι
2099 2159 2231 2214 Tota
2268 2160 2357 2214 die
2383 2161 2652 2215 desiderat
2683 2161 2950 2216 desideria
2979 2161 3244 2229 improba.
3281 2180 3299 2212 ι
3348 2161 3637 2231 Pr0pheta

2048 2269 2175 2309 vero
2205 2262 2394 2309 contra
2442 2269 2536 2308 eos
2569 2253 2835 2308 exclamat
2880 2253 3162 2308 dicens“:
3202 2272 3220 2303 ‹
3253 2252 3345 2307 Vae
3378 2253 3489 2307 illis
3533 2254 3634 2322 qui

2049 2354 2384 2416 consurgunt
2413 2361 2571 2401 mane
2589 2346 2655 2400 ad
2674 2347 2986 2400 ebrietatem
3015 2346 3349 2412 sectandam,
3368 2346 3424 2399 in
3452 2361 3634 2415 eaque

2049 2456 2105 2495 se
2135 2447 2420 2494 conterunt
2443 2453 2616 2508 usque
2645 2438 2712 2492 ad
2737 2446 3109 2507 vesperam,et
3131 2438 3257 2492 vino
3283 2446 3525 2490 aestuant
3553 2455 3567 2489 :
3607 2456 3628 2486 ι

2049 2544 2210 2604 atque
2253 2533 2324 2588 ita
2356 2533 2625 2602 crapulati
2673 2532 3077 2586 circumeuntes
3100 2574 3113 2595 ,
3146 2531 3266 2584 aliis
3295 2544 3521 2599 quoque
3553 2530 3632 2583 si-

2049 2629 2141 2682 tim
2185 2641 2526 2681 commovere
2568 2624 2768 2678 audent
2814 2624 2882 2677 ad
2928 2623 3245 2692 perniciem.
3288 2619 3506 2674 Priores
3551 2618 3634 2671 illi

2049 2720 2313 2775 mendacii
2359 2729 2412 2774 et
2454 2717 2848 2799 incredulitatis
2893 2731 3062 2785 aquas
3109 2715 3333 2779 bibunt;
3386 2713 3558 2782 hique
3596 2725 3630 2765 a

2047 2813 2310 2883 propheta
2357 2812 2688 2865 denotamur
2721 2809 3035 2865 dicente":
3075 2829 3092 2858 ε
3123 2807 3284 2876 Plaga
3322 2822 3440 2859 mea
3482 2805 3629 2860 dura

2047 2916 2162 2971 est;
2196 2905 2469 2976 quomodo
2503 2902 2774 2958 sanabor?
2801 2901 2960 2956 Facta
2991 2909 3074 2954 est
3105 2899 3236 2952 mihi
3271 2899 3427 2968 quasi
3465 2913 3594 2951 men
3618 2933 3630 2938 -

2047 2999 2208 3053 daces
2255 3013 2411 3068 aquae
2457 2997 2720 3051 inﬁdeles.
2756 3015 2774 3046 ι
2809 2995 2983 3048 Alteri
3010 3009 3140 3047 vero
3168 3008 3290 3046 cum
3337 2991 3632 3046 sodalibus

380 3117 400 3150 ι
432 3097 595 3162 Deus,
632 3095 776 3150 Deus
809 3109 984 3156 meus,
1021 3093 1087 3146 ad
1113 3101 1168 3146 te
1200 3092 1459 3160 antlcipo,
1486 3100 1536 3144 te
1565 3089 1734 3143 sitivit
1763 3089 1943 3142 anima
1973 3119 2014 3177 α
2050 3092 2338 3160 potitantes
2388 3091 2651 3146 seducent
2695 3099 2931 3143 mentem
2981 3101 3173 3140 sanam
3193 3096 3355 3154 atque
3394 3099 3630 3153 perver-

379 3202 495 3241 mea
519 3227 532 3252 ,
567 3185 660 3240 tibi
700 3183 975 3238 multaties
1011 3197 1139 3240 caro
1183 3197 1325 3235 mea.
1362 3178 1419 3232 lu
1462 3189 1604 3233 terra
1637 3180 1850 3234 deserta
1891 3189 1946 3233 et

377 3281 522 3334 invia
566 3287 621 3334 et
663 3278 964 3346 inaquosa,
1017 3276 1098 3332 sic
1140 3276 1194 3329 in
1250 3284 1441 3330 sancto
1491 3275 1716 3344 apparui
1766 3274 1882 3330 tibi.
1921 3294 1938 3326 ι

377 3374 646 3443 Propheta
699 3386 827 3425 vero
873 3369 1040 3424 Isaias
1083 3369 1220 3424 ait"
1257 3385 1270 3420 :
1315 3387 1334 3418 ‹
1366 3367 1533 3422 Nocte
1583 3367 1843 3436 anticipat
1891 3367 1942 3419 in

376 3464 648 3518 matutino
679 3462 743 3516 ad
792 3469 843 3516 te
883 3460 1107 3530 spiritus
1138 3474 1314 3520 meus,
1342 3460 1469 3528 quia
1499 3450 1587 3512 Iu'x
1623 3468 1750 3513 sunt
1776 3475 1946 3513 man-

373 3557 499 3610 data
527 3563 636 3609 tua.
688 3572 708 3604 ι
753 3552 906 3606 Alius
941 3566 1069 3605 vero
1095 3550 1273 3604 ait":
1314 3569 1332 3600 ‹
1378 3549 1570 3604 Dilcxit
1599 3552 1777 3604 anima
1827 3566 1945 3604 mea

373 3645 687 3700 desiderare
727 3643 932 3712 judicia
975 3652 1065 3696 tua
1115 3655 1347 3709 semper.
1386 3659 1405 3691 ›
1443 3639 1508 3694 Ει
1546 3640 1684 3693 idem
1729 3657 1945 3710 quoque

377 3736 677 3807 inquit‘°‘:
712 3754 730 3785 ι
760 3734 816 3788 In
851 3732 1067 3803 judieiis
1095 3732 1203 3786 tuis
1246 3732 1477 3800 speravi,
1510 3741 1564 3786 et
1585 3731 1753 3802 legem
1794 3743 1942 3785 tuam

375 3839 589 3894 semper
618 3824 942 3879 custodiam.
975 3841 995 3874 ι
1037 3821 1179 3876 ldem
1214 3823 1394 3877 adhuc
1436 3837 1562 3876 cum
1595 3821 1790 3877 ﬁducia
1843 3823 1947 3877 cla-

376 3916 561 3970 mabat
591 3914 875 3970 dicens“:
913 3931 930 3965 ι
960 3911 1166 3968 Oculus
1212 3928 1367 3968 meus
1398 3929 1614 3983 semper
1653 3915 1718 3968 ad
1758 3913 1943 3968 Domi-

375 4023 528 4063 num.
567 4027 585 4058 ι
635 4005 777 4061 idem
821 4006 955 4060 ait“I
989 4021 1004 4056 ι
1041 4024 1059 4056 ε
1087 4004 1364 4060 Meditatio
1399 4005 1581 4060 cordis
1616 4006 1720 4060 mei
1757 4021 1941 4061 coram

375 4112 426 4155 te
476 4115 708 4169 semper.
743 4118 760 4149 ι
811 4097 938 4152 Item
986 4096 1188 4153 Paulus
1240 4101 1488 4152 hortatur
1508 4099 1552 4128 "
1605 4114 1616 4150 :
1671 4116 1689 4148 ι
1719 4097 1945 4169 Semper

371 4195 513 4263 agite
566 4192 768 4262 gratias
813 4189 957 4256 Deo,
1009 4191 1127 4246 sine
1171 4189 1574 4246 intermissione
1622 4200 1791 4245 orate.
1824 4210 1841 4243 ι
1877 4190 1944 4247 Hi

373 4286 465 4356 qui
501 4286 573 4339 ita
620 4293 791 4339 semet
839 4298 1053 4352 semper
1084 4291 1360 4347 exercent,
1411 4283 1530 4338 sine
1560 4281 1726 4338 dubio
1762 4282 1946 4337 Domi-

372 4393 502 4433 num
561 4376 956 4446 exspectabunt
999 4374 1298 4430 dicentes“
1329 4393 1341 4428 :
1377 4374 1701 4444 Sequemur,
1753 4385 1813 4429 ut
1855 4391 1944 4432 co—

2049 3193 2182 3250 tent,
2229 3199 2260 3239 a
2297 3200 2403 3253 qua
2441 3183 2590 3238 stulti
2639 3181 2797 3252 1&9
2842 3180 3125 3244 recedent,
3162 3185 3324 3247 prout
3365 3175 3638 3231 Habacuc

2045 3277 2372 3332 exclamat”
2411 3293 2422 3328 :
2469 3295 2487 3327 ‹
2535 3274 2628 3329 Vae
2677 3275 2770 3345 qui
2823 3273 3008 3343 polum
3059 3273 3151 3325 dat
3210 3270 3462 3340 proximo
3526 3285 3636 3324 suo

2045 3384 2273 3438 vappam
2303 3368 2596 3433 turbidam,
2620 3377 2672 3422 et
2701 3365 2934 3421 inebriat
2969 3371 3028 3417 ut
3054 3363 3285 3434 aspiciat
3313 3363 3632 3418 nuditatem

2045 3461 2195 3530 ejus!
2232 3479 2250 3513 ι
2291 3458 2356 3513 Hi
2385 3475 2514 3516 vero
2548 3474 2675 3514 cum
2725 3459 2987 3514 simulant
3024 3466 3078 3512 et
3124 3459 3404 3511 veritatem
3442 3457 3630 3511 sulfu-

2047 3561 2257 3616 rantur,
2291 3552 2627 3606 conscientia
2651 3567 2749 3606 sua
2772 3551 3057 3615 excidunt,
3088 3550 3251 3606 rebus
3277 3551 3388 3620 jam
3417 3550 3633 3619 hujus-

2048 3644 2192 3697 modi
2216 3643 2372 3721 ebrii,
2411 3652 2464 3697 et
2488 3644 2631 3697 illius
2663 3642 3084 3699 Proverbiorum
3118 3642 3425 3701 fornicarim
3453 3644 3637 3699 verba

2046 3735 2408 3802 usurpant":
2451 3753 2469 3785 ί
2503 3733 2752 3790 Suaviter
2782 3736 3031 3808 attingite
3085 3751 3278 3806 panem
3327 3737 3632 3791 abscondi-

2046 3836 2180 3881 tum.
2218 3845 2237 3880 ι
2265 3826 2328 3881 Et
2361 3828 2412 3880 in
2456 3827 2739 3883 dulcedine
2769 3828 3095 3890 furtivarum
3126 3845 3407 3906 aquarum,
3428 3831 3634 3891 delite-
3684 3823 3689 3826 ’

2046 3927 2236 3984 scunt;
2271 3920 2398 3988 quia
2428 3920 2646 3974 virtutis
2678 3922 2925 3976 libertate
2960 3933 3169 3987 carent,
3201 3933 3254 3978 et
3285 3922 3484 3977 ﬁducia
3531 3940 3628 3978 sa-

2045 4009 2261 4078 pientiae
2306 4025 2428 4078 quae
2474 4013 2689 4082 publica
2725 4014 2846 4068 luce
2890 4015 3182 4084 gloriatur,
3231 4026 3285 4071 et
3324 4016 3378 4070 in
3425 4018 3628 4086 plateis

2045 4103 2374 4158 conﬁdenter
2424 4117 2702 4172 versatur,
2755 4117 2808 4162 et
2858 4107 2912 4161 in
2967 4108 3228 4164 moenium
3279 4109 3637 4165 sublimitate

2046 4195 2387 4265 prmdicatur.
2421 4195 2712 4268 Propterea
2741 4209 3034 4255 monentur
3064 4210 3124 4255 ut
3165 4201 3403 4257 suaviter
3452 4203 3628 4256 attin-

2045 4298 2192 4359 gant,
2225 4290 2350 4359 quia
2383 4293 2434 4345 in
2484 4294 2779 4347 securitate
2825 4303 2986 4364 atque
3028 4295 3237 4350 deliciis
3278 4285 3629 4350 emolumen-

2047 4393 2159 4437 tum
2193 4383 2412 4450 habent,
2435 4385 2678 4441 veritatis
2700 4385 3042 4440 dulcedinem
3072 4387 3424 4451 suﬁ‘urantes,
3456 4396 3627 4458 atque

371 4483 699 4540 ignoscamus
716 4466 1038 4521 θοῖηίηυιηε
1063 4475 1393 4535 “tanquam
1421 4476 1665 4534 Parmam
1686 4481 1940 4520 auroram
1975 4461 2020 4516 Ῑ)
2049 4479 2103 4532 in
2133 4478 2334 4533 amaris
2354 4477 2512 4548 aquis
2533 4478 2648 4533 suis
2677 4477 2928 4533 simulate
2959 4489 3261 4542 versantes,
3300 4487 3358 4533 ut
3382 4478 3624 4548 propriae

367 4575 492 4616 eum
528 4559 897 4622 inveniemus,
943 4565 998 4611 et
1030 4557 1094 4610 ad
1125 4570 1226 4611 nos
1255 4555 1432 4612 veniet
1462 4564 1724 4626 tanquam
1767 4557 1941 4611 imber

369 4650 704 4709 autumnalis
750 4657 805 4703 et
844 4663 1044 4703 vernus
1088 4648 1286 4703 telluri.
1343 4646 1528 4719 Neque
1575 4649 1628 4702 in
1671 4650 1940 4703 matutino

368 4742 751 4800 tantummodo
795 4741 994 4796 tribuet
1037 4743 1118 4796 eis
1173 4740 1500 4797 sufﬁcienter
1539 4761 1551 4796 :
1610 4757 1786 4813 neque
1842 4758 1940 4811 pro

369 4834 659 4906 postulatis
688 4835 863 4889 solum
897 4833 1124 4904 potabit,
1161 4833 1255 4888 sed
1286 4834 1507 4904 copiose
1533 4835 1794 4905 largietur
1841 4852 1938 4904 pro

365 4943 564 4999 magna
615 4927 948 4996 benignitate
993 4941 1125 4991 sua,
1187 4925 1348 4998 148
1406 4925 1643 4996 Spiritus
1705 4930 1933 4998 gratiam

609 5021 859 5092 Ejusdem
886 5037 949 5076 ea:
977 5023 1222 5076 vicesima
1254 5023 1482 5076 secunda
1506 5023 1707 5093 festah’.

441 5114 509 5170 Ut
557 5114 817 5170 Dominus
850 5125 1034 5170 noster
1076 5114 1235 5170 Jesus
1279 5115 1552 5180 Christus,
1578 5117 1673 5187 qui
1708 5126 1934 5171 mortem

364 5223 465 5279 pro
497 5209 754 5264 omnibus
779 5209 1042 5279 suscepit,
1077 5224 1184 5264 non
1220 5209 1274 5263 in
1305 5211 1538 5279 quodam
1570 5211 1756 5265 inﬁmo
1784 5219 1942 5266 terra:

438 5327 482 5359 "
519 5324 622 5382 lsa.
656 5343 774 5390 Lm,
798 5326 853 5381 4.
945 5325 988 5358 ³⁷
1024 5325 1184 5382 Joan.
1207 5341 1314 5394 vn,
1339 5327 1428 5383 57.

365 5395 434 5429 ιο·
474 5396 604 5452 ibid.
632 5398 720 5451 45.
797 5397 841 5428 ιι
880 5394 1026 5454 Psal.
1055 5413 1201 5461 xxiv,
1233 5398 1318 5452 15.
1395 5397 1438 5428 ι’
1477 5395 1621 5455 Psal.
1651 5415 1814 5461 xvuu.
1848 5402 1934 5455 15.

1539 5328 1584 5358 ³⁸
1623 5327 1765 5383 Psal.
1801 5344 1945 5393 Lxu,
1981 5331 2038 5395 2,
2062 5332 2114 5385 5.

2050 4568 2303 4637 nequitiae
2365 4569 2801 4624 criminationem
2868 4571 3074 4634 vitent,
3131 4587 3254 4641 quae
3306 4572 3386 4625 eis
3459 4571 3628 4626 facile

2049 4669 2338 4730 aperteque
2378 4669 2562 4729 posset
2595 4660 2800 4716 inferri.
2847 4660 2971 4716 Ideo
3022 4663 3182 4732 lupus
3216 4663 3472 4733 agninam
3510 4663 3622 4732 pel-

2047 4749 2151 4804 lem
2195 4751 2296 4805 sibi
2340 4751 2548 4818 induit,
2594 4761 2648 4806 et
2687 4752 2936 4807 dealbata
2993 4761 3331 4807 mortuorum
3365 4755 3626 4823 sepulcra

2045 4840 2314 4895 exteriore
2356 4841 2494 4897 facie
2542 4843 2753 4896 fallunt.
2817 4843 3069 4899 Diabolus
3100 4853 3347 4899 autem...
3390 4842 3622 4913 Reliqua

2044 4932 2428 4986 desiderantur.

2197 5027 2311 5084 Τοῦ
2339 5028 2526 5083 αὑτοῦ
2555 5029 2622 5083 ἐκ
2657 5029 2766 5097 τῆς
2814 5031 2907 5094 φιβ’
2937 5027 3328 5099 ἐορταστικῆς
3356 5028 3455 5100 (8).

2114 5121 2208 5173 ’ἶν’
2225 5123 2252 5172 ὁ
2269 5121 2472 5193 Κύριος
2499 5121 2654 5192 ἡμῶν
2685 5121 2884 5192 Ἰησοῦς
2907 5124 2934 5174 ὀ
2952 5122 3026 5190 (9)
3044 5120 3292 5188 Χριστὸς,
3309 5122 3337 5173 ὁ
3362 5121 3453 5172 τὸν
3476 5120 3623 5191 ὑπὲρ

2049 5215 2263 5268 πάντων
2297 5216 2407 5287 (10)
2441 5200 2831 5286 ἀναδεξάμενος
2873 5214 3121 5276 θάνατον,
3181 5214 3280 5266 οὐκ
3310 5215 3370 5266 ἐν
3407 5217 3480 5285 γῇ
3512 5232 3614 5267 τινι

2226 5332 2268 5365 ³³
2309 5333 2416 5387 lsa.
2444 5348 2599 5395 XXVI,
2623 5331 2677 5394 9,
2716 5348 2821 5386 sec.
2852 5332 2945 5386 Gr.
3057 5331 3101 5361 ⁸⁰
3139 5329 3281 5384 Psal.
3303 5345 3496 5393 cxvrtt,
3522 5329 3612 5382 20.

2013 5401 2058 5432 ⁸³
2096 5401 2113 5454 l
2146 5401 2337 5458 Thess.
2370 5419 2425 5464 v,
2459 5403 2544 5465 17,
2577 5402 2662 5456 18.
2740 5401 2786 5434 ’⁵⁸
2811 5402 2935 5457 Ose.
2965 5419 3037 5462 Vl.
3075 5401 3126 5454 5.
3201 5400 3247 5431 ⁸⁵
3285 5399 3447 5456 Prov.
3487 5416 3613 5458 xxv.

365 5467 458 5523 95.
498 5466 544 5498 “
583 5465 774 5522 Matth.
812 5482 946 5531 xxn,
975 5467 1063 5524 12.
1098 5458 1146 5498 ’⁸⁷
1186 5458 1346 5522 Prov.
1368 5483 1481 5535 xxi,
1511 5468 1602 5522 26.
1679 5469 1722 5500 ⁸⁸
1762 5458 1866 5524 lsa.
1906 5487 1944 5523 v.

2061 5512 2078 5526 .
2115 5473 2159 5502 ’δ’
2198 5471 2308 5528 Jer.
2343 5458 2434 5538 xv,
2467 5458 2554 5526 18.
2605 5473 2653 5504 ⁸ο
2685 5471 2886 5527 llabac.
2924 5489 2985 5538 ll,
3027 5458 3114 5528 15.
3151 5473 3195 5504 ⁵⁸
3225 5470 3382 5526 Prov.
3419 5487 3498 5538 Ix,
3525 5471 3611 5525 17.

443 5581 517 5651 (8)
547 5583 664 5659 Hoc
690 5594 745 5640 et
773 5600 1008 5659 sequens
1040 5585 1290 5643 Graecum
1333 5589 1691 5659 fragmentum
1729 5591 1933 5659 episto-

368 5667 545 5728 mrum
587 5652 658 5706 ‘22
691 5664 746 5709 et
773 5652 867 5722 24,-
894 5655 1164 5728 awCosma
1211 5652 1606 5728 ludicopleuste
1646 5652 1934 5724 sumimus,

369 5722 568 5798 collato
606 5733 788 5781 tamen
832 5727 1016 5784 codice
1051 5722 1435 5801 antiquissimo
1472 5729 1644 5787 Vatic.
1683 5730 1806 5800 699,
1843 5722 1935 5803 qui

2048 5592 2357 5664 complures
2383 5592 2789 5664 emendationes
2812 5593 2971 5650 nobis
3001 5590 3384 5664 suppeditavit.

2120 5664 2192 5734 (9)
2232 5662 2389 5720 Deest
2417 5665 2444 5716 ὁ
2480 5663 2534 5718 in
2573 5663 2828 5720 editione.
