1952 3040
761 166 1172 231 ELENCHUS

229 374 481 408 Αυοτοιιωι
499 373 560 406 ΕΤ
581 373 778 405 οιηςιιωι
798 373 879 413 QUI
900 373 952 404 IN
971 374 1000 405 Η

933 373 952 404 Ι
971 373 1069 405 H00
1088 372 1218 404 TOMO
1237 373 1353 405 XXVI
1369 373 1704 405 CONTINENTUR

473 501 532 530 Qua
541 499 638 526 uetula
650 502 814 532 praenotantur
825 506 887 525 nunc
895 499 1003 532 primum
1014 499 1076 525 inter
1088 497 1217 524 Athanasii
1229 505 1304 531 opera
1315 501 1464 530 comparent.

827 635 1091 649 -—<¢.——

464 786 494 817 S.
514 783 767 815 ATHANASIUS
784 782 1102 814 ALEXANDRINUS
1117 782 1463 816 ARCHIEPISCOPUS.

154 884 265 915 OPIRA
278 889 447 912 HISTORICA
463 889 503 909 ET
517 886 715 910 DOGMATICA.

156 933 328 964 Orationes
343 932 497 962 adversus
517 929 668 960 Arianos.
1581 931 1640 962 col.
1746 934 1783 964 12

154 982 306 1022 Epistolis
320 981 360 1012 ad
376 980 598 1020 Serapionem.
1723 983 1783 1014 525

156 1031 300 1071 Epistola
314 1033 353 1063 de
371 1029 506 1072 synodis
521 1028 660 1060 Arimini
677 1028 710 1059 in
729 1027 818 1059 Italia
832 1031 863 1058 et
877 1026 1032 1058 Seleucia)
1047 1027 1081 1058 in
1096 1027 1218 1059 Isauria
1235 1028 1418 1061 celebratis.
1722 1035 1780 1064 681

155 1082 275 1112 Tomns
295 1081 333 1112 ad
350 1079 582 1112 Antiochenos.
1723 1084 1781 1114 793

153 1129 296 1170 Epistola
309 1129 348 1160 ad
363 1128 536 1159 Jovianum
552 1127 630 1166 imp.
1721 1135 1781 1165 813

151 1180 225 1210 Vita
243 1180 273 1210 S.
290 1178 436 1209 Antonii.
1723 1184 1783 1216 835

150 1231 303 1270 Epistolaa
317 1230 389 1260 duae
399 1230 437 1260 ad
453 1228 627 1260 Orsisium.
1724 1235 1783 1266 978

151 1282 294 1312 Narratio
313 1281 478 1313 Athanasii
495 1280 534 1311 ad
550 1279 756 1310 Ammonium
772 1279 870 1318 episc.
888 1283 919 1310 et
931 1279 1013 1310 alios
1028 1279 1068 1310 de
1082 1279 1158 1320 fuga
1174 1288 1232 1312 sua
1248 1280 1308 1312 sub
1322 1281 1462 1313 Iuliano.
1723 1287 1781 1316 989

152 1331 248 1363 Liber
262 1332 302 1362 de
318 1331 541 1362 incarnatione
560 1330 655 1362 Verbi
670 1330 729 1361 Dei
747 1334 778 1361 et
795 1333 903 1361 contra
919 1331 1069 1362 Arianos.
1723 1339 1781 1370 935

151 1381 294 1422 Epistola
307 1381 346 1412 ad
361 1381 466 1412 Afros.
1704 1388 1782 1418 1029

150 1430 294 1470 Epistola
309 1431 348 1461 ad
363 1431 556 1470 Epictetum.
1675 1443 1680 1448 '
1705 1438 1781 1468 101:9

151 1481 294 1521 Epistola
309 1481 347 1512 ad
361 1481 568 1520 Adelphium.

1548 1494 1564 1505 ι’
1704 1489 1779 1518 1071

151 1530 294 1570 Epistola
308 1531 347 1562 ad
363 1531 537 1561 Maximum
557 1530 798 1571 philos0phum.
1705 1539 1782 1570 1085

149 1583 196 1613 De
209 1582 427 1613 incarnatione
444 1581 574 1613 Domini
593 1582 694 1613 nostri
710 1583 788 1613 Jesu
807 1582 927 1614 Christi
942 1587 1050 1614 contra
1064 1583 1324 1623 Apollinarium-
1704 1589 1781 1619 1093

150 1632 302 1672 Epistolaa
315 1632 387 1663 duas
400 1631 439 1662 ad
455 1633 615 1663 Amunem
627 1632 829 1665 monachum.
1239 1634 1243 1639 ’
1705 1639 1782 1670 1169

151 1682 293 1722 Epistola
308 1683 345 1713 ad
362 1683 580 1714 Ruﬁnianum.
1705 1692 1783 1722 1179

151 1733 304 1772 Epistolas
317 1733 389 1764 duaa
407 1733 445 1764 ad
462 1733 656 1764 Luciferum.
1425 1777 1427 1780 ⁴
1627 1739 1644 1752 ’
1705 1742 1781 1772 1181

151 1783 295 1822 Epistola
310 1783 348 1814 ad
365 1783 551 1815 monachos.

1398 1784 1405 1787 ’
1700 1792 1776 1823 1185

150 1832 246 1863 Liber
257 1833 297 1863 de
312 1833 466 1864 Trinitate
479 1837 509 1863 et
524 1833 645 1872 Spiritu
659 1836 779 1864 sancto.
1705 1844 1780 1875 1191

151 1885 340 1925 Fragmenta
356 1885 453 1916 varia.
1699 1897 1778 1928 1217

152 1936 263 1967 Sermo
279 1936 378 1976 major
392 1937 431 1968 de
443 1936 516 1968 ﬁde.
1703 1948 1782 1977 1262

151 1987 340 2026 Fragmenta
356 1991 387 2019 et
404 1996 582 2020 sermones.
1697 1997 1774 2028 1293

151 2036 170 2052 ’⁸
185 2036 385 2076 Opusculum
403 2038 442 2069 de
458 2039 591 2078 azymis.
1703 2051 1781 2080 1327

152 2086 171 2106 *
190 2087 341 2126 Epistolaa
354 2087 564 2121 heortasticaa.
1697 2100 1775 2132 1339

1217 2802 1774 2853 mm.
