1952 3040
227 122 262 150 25
527 122 555 150 S.
576 120 760 150 ATHANASII
778 120 852 150 OPP.
873 120 964 150 PARS
983 120 1004 150 Ι.
1024 137 1058 142 -
1075 118 1260 150 IIISTOBICA
1281 120 1324 149 ΕΤ
1345 119 1555 149 DOGMATICA.
1806 122 1839 150 24

228 185 322 208 veram
350 177 446 208 Deum.
460 180 527 209 Nam
545 181 651 210 tametsi
676 181 775 210 dicitur
802 181 883 214 Deus,
912 181 1001 217 inquit

1063 181 1135 214 Θινός
1151 164 1225 208 ἐστιν
1236 183 1249 208 6
1263 181 1356 216 Λόγος.
1375 181 1406 208 EI
1415 181 1443 208 δὲ
1456 181 1503 208 καὶ
1518 181 1624 215 λέγεται
1641 180 1716 212 Θεὸς,
1725 179 1782 207 ἀλλ’
1793 182 1840 208 οὐγ

229 234 283 254 non
299 232 388 254 tamen
406 235 487 255 verus
502 231 543 254 est
561 226 648 260 Deus;
667 227 714 255 sed
732 228 825 262 gratia:
840 227 928 255 Iactus
949 235 1010 262 par-

229 273 314 307 ticeps
342 280 395 299 non
422 272 501 299 aliter
530 279 612 307 quam
635 272 681 299 alii
705 279 811 305 omnes,
824 273 881 307 ipse
901 279 1009 307 quoque

229 320 339 346 nomine
371 318 503 345 duntaxat
529 318 630 346 dicitur
662 317 744 346 Deus.
773 317 1008 351 Quemadmodum

227 363 303 396 item,
321 363 407 398 pergit
434 362 487 396 ille,
514 370 557 390 res
586 370 682 390 omnes
710 363 858 391 secundum
883 368 1007 390 naturam

226 409 340 436 diversae
364 414 391 436 et
413 408 561 436 dissimiles
584 408 631 436 Dei
660 413 725 436 sunt
748 417 755 436 :
782 409 818 436 ita
842 413 868 436 et
890 408 1007 436 Verbum

226 456 338 483 omnino
356 455 473 483 alienum
490 459 516 483 et
535 455 667 482 dissimile
679 459 721 484 est
735 459 839 483 naturte
857 456 1007 491 proprieta-

226 501 294 529 tisve
315 501 361 529 Dei
375 501 474 534 Patris,
491 502 537 529 scd
553 501 586 529 ad
600 509 643 529 res
657 501 744 530 factas
763 507 790 529 et
802 506 907 529 creatas
923 501 1006 536 perti<

225 553 280 579 net,
298 555 414 583 quarum
427 555 479 575 una
492 548 580 583 ipsum
592 553 644 576 est.
654 549 768 583 Insuper
781 548 942 575 temeritatis
953 548 1007 575 dia-

225 593 279 620 boli
295 594 381 621 haeres
401 593 483 620 veluti
499 591 587 621 factus
605 593 716 628 scripsit
732 593 759 620 in
776 592 882 626 Thalia,
897 593 1005 620 Patrem

223 646 239 665 a
256 638 326 666 Filio
336 638 420 666 videri
433 646 487 666 non
506 646 596 673 posse,
615 646 701 674 neque
719 638 835 667 Verbum
851 639 968 674 perfecte
979 644 1007 666 et

223 684 302 718 plene
322 691 401 711 suum
425 683 533 711 Patrem
555 691 635 718 posse
658 684 756 712 inlueri
773 685 814 712 vel
828 692 1003 720 cognoscere,

223 729 271 757 sed
286 730 417 765 quidquid
432 729 573 765 cognoscit
590 734 618 757 et
631 731 728 762 cernit,
743 730 937 758 convenienter
954 737 1005 765 pro

223 776 281 804 suis
296 775 399 804 viribus
413 783 579 810 cognoscere
594 781 622 803 et
637 784 759 809 cernere,
774 776 1004 811 quemadmodum

221 825 249 849 et
266 828 317 849 nos
328 829 377 856 pro
392 827 484 849 nostra
495 821 622 849 facultate
636 822 838 857 cognoscimus.
848 821 1003 854 Enimvero,

1063 228 1188 263 ἀληθινός
1202 229 1288 254 ἐστιν·
1304 227 1371 254 ἀλλὰ
1390 228 1488 262 μετοχῇ
1504 227 1623 262 χάριτος,
1646 226 1740 262 ὥσπερ
1759 226 1806 253 καὶ
1817 227 1841 253 οι

1062 274 1136 301 ἄλλοι
1150 274 1263 306 πάντες,
1286 272 1356 300 οὕτω
1377 273 1424 299 καὶ
1438 273 1518 304 αὐτὸς
1536 273 1644 307 λέγεται
1667 272 1777 307 ὀνόματι
1796 272 1835 308 μό-

1061 328 1106 346 νον
1119 319 1174 355 (59)
1189 319 1264 351 Θεός.
1279 320 1334 346 Καὶ
1345 319 1452 346 πάντων
1461 319 1542 352 ξένων
1557 319 1603 346 καὶ
1614 318 1745 354 ἀνομοίων
1760 318 1841 344 ὄντων

1061 365 1107 391 τοῦ
1126 364 1192 391 Θεοῦ
1215 365 1273 391 κατ’
1296 365 1400 396 οὐσίαν,
1426 363 1495 390 οὕτω
1509 365 1554 390 καὶ
1567 366 1580 391 6
1598 364 1682 398 Λόγος
1706 363 1841 397 ἀλλότριος

1062 411 1111 445 μὲν
1127 411 1174 437 καὶ
1197 411 1320 446 ἀνόμοιος
1333 411 1403 438 κατὰ
1425 410 1512 437 πάντα
1524 411 1572 446 τῆς
1584 410 1630 436 τοῦ
1657 409 1763 445 Πατρὺς
1786 408 1839 443 (60)

1060 456 1153 488 οὐσίας
1166 457 1213 484 καὶ
1231 456 1358 492 ἰδιότητάς
1370 458 1427 484 ἐστι
1436 465 1444 472 ⁸
1458 457 1512 484 τῶν
1525 457 1554 483 δὲ
1568 455 1689 490 γενητῶν
1712 455 1758 482 καί
1784 463 1841 481 κτι-

1061 503 1171 537 σμάτων
1186 503 1250 534 ῐδιος
1261 502 1307 530 καὶ
1316 502 1355 535 εἷς
1362 503 1451 530 αὐτῶν
1464 503 1601 538 τυγχάνει.
1610 502 1686 529 Μετὰ
1701 500 1803 528 τούτων
1812 500 1841 527 δὲ

1060 547 1153 584 ὥσπερ
1162 549 1210 576 καὶ
1221 548 1341 584 διάδοχος
1353 549 1404 583 τῆς
1412 549 1576 584 προπετείας
1589 547 1635 574 τοῦ
1654 546 1775 574 διαϐόλου
1792 554 1840 580 γε-

1059 593 1250 629 νόμενος(ϐί),
1267 594 1364 630 ἔθηκεν
1385 595 1414 621 ὲν
1430 595 1462 629 τῇ
1482 594 1599 627 Θαλείᾳ,
1616 593 1653 624 ὡς
1668 592 1722 628 ἄρα
1738 591 1784 619 καὶ
1802 589 1840 626 τῷ

1059 639 1116 675 Υἰῷ
1126 641 1140 666 6
1157 640 1249 676 Πατὴρ
1263 640 1379 676 ἀόρατος
1395 641 1511 676 ὑπάρχει
1530 639 1597 675 (62),
1613 639 1660 666 καὶ
1683 638 1745 665 οὔτε
1762 638 1838 673 ὸρᾷν,

1058 684 1119 712 οὗτε
1133 685 1275 719 γινώσκειν
1290 686 1397 717 τελείως
1411 686 1456 713 καὶ
1472 685 1592 721 ἀκριϐῶς
1607 685 1716 712 δύναται
1726 685 1740 711 6
1755 683 1838 718 Λόγος

1057 731 1103 757 τὸν
1119 731 1214 758 ἑαυτοῦ
1231 732 1353 768 Πατέρα·
1368 732 1434 759 ἀλλὰ
1452 730 1497 759 καὶ
1513 732 1527 758 ὃ
1539 731 1667 766 γινώσκει
1684 731 1731 757 καὶ
1751 730 1765 756 ὃ
1781 730 1839 764 βλέ-

1058 783 1114 807 πει,
1132 774 1270 809 ἀναλόγως
1285 778 1342 808 τοῖς
1359 776 1433 808 ἰδίοις
1451 777 1560 812 μέτροις
1573 776 1628 811 (65)
1646 773 1699 803 οἵδε
1722 775 1768 801 καὶ
1785 774 1840 810 βλέ-

1058 829 1114 854 πει,
1127 820 1222 857 ὥσπερ
1230 821 1275 848 καὶ
1290 823 1371 857 ἡμεῖς
1382 822 1550 857 γινώσκομεν
1566 822 1636 850 κατὰ
1650 822 1698 857 τὴν
1719 821 1784 847 ἰδίαν
1795 820 1839 847 δύ-

222 867 320 902 inquit,
339 875 394 894 non
415 868 503 895 solum
519 867 605 895 Filius
626 867 733 895 Patrem
746 875 800 895 non
816 873 942 895 accurate
957 875 1002 895 eo-

1057 874 1147 901 ναμιν.
1166 866 1220 893 Καὶ
1229 866 1283 902 γὰρ
1297 867 1343 893 Καὶ
1355 868 1370 894 6
1384 864 1457 900 Υἱδς,
1473 868 1565 904 φησὶν.
1577 868 1608 894 οὐ
1626 864 1704 902 μόνον
1724 867 1770 893 τὸν
1782 866 1838 892 Πα-

221 913 338 948 gnoscit,
353 917 446 948 utpote
464 913 507 941 cui
528 913 770 948 comprehendendi
790 912 904 941 facultas
924 913 1004 945 desit,

220 967 315 986 verum
331 966 382 987 nec
405 967 483 987 suam
499 959 557 994 ipse
572 964 696 987 naturam
716 963 807 986 notam
823 958 913 986 habet.
925 958 1007 986 Addit

220 1005 346 1033 similiter
365 1010 462 1033 natura
480 1006 593 1038 divisas,
619 1005 752 1038 diversas,
768 1005 918 1040 disiunctas
940 1005 1006 1032 alie-

220 1058 325 1086 nasque
339 1059 389 1079 nec
410 1052 526 1079 invicem
548 1051 692 1086 participes
705 1058 766 1078 esse
782 1050 880 1084 Patris,
897 1050 968 1084 Filii,
979 1056 1006 1078 et

220 1098 307 1125 sancti
321 1096 441 1132 Spiritus
459 1096 626 1125 substantias
640 1105 647 1123 :
662 1096 727 1132 quin
738 1096 831 1129 etiam,
844 1101 873 1124 ut
885 1097 942 1132 ipse
956 1097 1004 1129 ait,

219 1142 327 1177 penitus
340 1142 413 1170 inter
425 1150 455 1171 se
469 1148 497 1170 et
508 1143 662 1171 substantia
678 1147 705 1171 et
719 1143 804 1178 gloria
820 1148 885 1171 sunt
900 1143 1005 1171 infinite

218 1188 375 1217 dissimiles.
389 1188 483 1224 Itaque
494 1189 566 1224 quod
579 1189 612 1217 ad
632 1193 736 1217 naturae
752 1193 779 1216 et
800 1189 892 1224 gloriae
908 1189 1005 1217 simili-

218 1235 338 1262 tudinem
365 1234 471 1266 attinet,
490 1234 609 1262 Verbum
633 1234 668 1262 ab
684 1234 819 1270 utrisque,
834 1233 914 1261 Patre
930 1234 1004 1262 vide-

218 1281 281 1308 licet
294 1287 322 1309 et
335 1281 439 1316 Spiritu
453 1285 559 1313 sancto,
571 1281 690 1309 alienum
702 1281 816 1309 omnino
827 1288 888 1309 esse
903 1281 981 1308 docet
995 1290 1002 1308 :

218 1327 277 1355 haec
296 1327 369 1355 enim
384 1327 442 1362 ipsa
457 1332 521 1355 sunt
536 1327 611 1363 impii
628 1327 700 1355 illius
716 1327 809 1359 verba,
824 1327 871 1362 qui
889 1327 953 1355 item
964 1327 1003 1354 ait

217 1372 317 1401 Filium
333 1382 367 1401 ex
380 1381 410 1401 se
431 1381 447 1400 a
470 1372 550 1401 Patre
564 1381 625 1401 esse
638 1373 767 1407 divisum,
783 1373 911 1408 nullaque
925 1373 952 1400 in
973 1381 1003 1400 re

217 1419 375 1454 participem
398 1419 458 1454 ejus
475 1426 546 1446 esse.
566 1428 575 1444 ι
593 1418 626 1445 Et
642 1419 700 1446 haec
716 1419 825 1452 quidem
839 1424 903 1446 sunt
918 1420 1003 1454 parti-

216 1465 286 1492 culae
300 1464 459 1493 fabellarum
478 1472 538 1500 quae
562 1464 589 1492 in
612 1464 725 1492 ridicqu
735 1464 793 1492 Arii
807 1469 916 1493 exstant
926 1465 1002 1492 volu-

216 1511 300 1538 mine.

250 1557 278 1585 7.
307 1556 374 1590 Quis
399 1563 465 1592 ergo
493 1557 536 1585 liis
558 1561 585 1585 et
612 1557 734 1585 carmine
762 1557 864 1585 Thalia
887 1557 1000 1592 auditis,

218 1602 311 1630 Arium
334 1602 414 1636 quasi
440 1602 467 1628 in
485 1610 566 1630 scena
583 1602 616 1629 de
631 1602 787 1638 hujusmodi
801 1603 882 1631 rebus
904 1604 1000 1639 iocan-

217 1653 270 1675 tem
282 1648 344 1683 jure
361 1654 415 1674 non
431 1648 537 1675 oderit?
551 1647 618 1681 Quis
631 1656 684 1676 non
699 1649 821 1684 agnoscit
836 1649 923 1683 illum,
938 1658 999 1678 cum

218 1694 264 1721 Dei
280 1701 379 1721 nomen
399 1694 520 1728 proferre
532 1699 559 1721 et
573 1695 605 1722 de
621 1695 675 1722 Deo
689 1695 764 1731 loqui
782 1696 898 1729 videtur,
915 1697 1001 1725 simil-

216 1740 310 1766 limum
322 1747 384 1767 esse
403 1740 536 1774 serpentis
552 1741 658 1768 mulieri
671 1741 760 1769 dantis
777 1743 940 1770 consilium?
953 1743 1001 1770 Era

215 1786 278 1821 quis
290 1793 354 1812 vero
366 1785 426 1813 aliis
434 1793 494 1820 quae
505 1785 603 1813 ibidem
622 1791 773 1821 sequuntur
787 1789 912 1822 perlectis
921 1807 928 1821 ,
945 1796 998 1816 non

215 1836 270 1859 tam
287 1831 360 1859 clare
375 1831 435 1867 ejus
449 1832 578 1867 perspicit
590 1832 767 1867 impietatem,
779 1841 860 1868 quam
876 1833 999 1862 fraudem

215 1878 242 1904 in
268 1885 349 1912 quam
372 1885 483 1912 serpens
512 1877 652 1905 mulierem
669 1878 762 1906 dolose
782 1879 906 1906 induxit?
921 1879 998 1914 Quis,

214 1931 317 1958 quaeso,
333 1924 367 1951 ad
387 1923 436 1951 luas
450 1924 602 1958 impietales
617 1931 672 1951 non
686 1924 879 1959 Obstupescat?
894 1926 999 1954 Coalum

214 1968 335 2002 quidem,
352 1968 434 2004 324
450 1973 479 1996 ut
497 1969 534 1995 ait
549 1969 707 2004 propheta',
721 1971 870 2006 obstupuit,
885 1977 913 1999 et
929 1976 999 2000 terra

215 2015 327 2042 tremuit
349 2016 385 2042 ob
409 2016 537 2044 violatam
559 2017 656 2052 legem.
684 2017 729 2044 Sol
750 2021 840 2045 autem
855 2018 999 2046 vehemen-

213 2062 268 2090 tius
281 2062 448 2097 indignatus,
461 2070 510 2090 nec
526 2063 616 2090 l‘ercns
632 2063 746 2098 injurias
759 2071 829 2098 quas
844 2065 998 2092 communis

213 2108 336 2136 omnium
361 2113 486 2136 nostrum
514 2108 645 2138 Dominus
663 2114 758 2144 sponte
773 2117 822 2146 pro
842 2110 922 2137 nobis
935 2119 998 2139 cor-

213 2164 280 2192 pore
296 2155 431 2187 toleravit,
455 2155 589 2190 scseiipse
606 2156 713 2190 avertit,
730 2157 931 2192 contractisque
955 2164 998 2185 ra-

212 2202 266 2230 diis
294 2202 366 2229 diem
391 2201 466 2229 illum
496 2201 611 2236 privavit
633 2202 705 2230 luce.
723 2201 774 2235 Qui
787 2210 852 2230 vero
866 2204 900 2230 ad
916 2203 998 2238 impia

250 2259 348 2288 larem.
373 2267 403 2292 ιι,
430 2260 473 2287 12.

248 2305 312 2342 (59)
325 2305 370 2333 Sic
385 2305 497 2342 Seguer.
522 2305 556 2332 At
563 2305 614 2342 alii
626 2310 656 2342 et
670 2305 734 2342 editi
751 2306 881 2333 omittunt
905 2305 996 2342 μόνον,
1012 2309 1035 2339 D

212 2340 272 2368 Mox
294 2339 407 2374 Seguer.
423 2339 540 2368 ’Gobler.
562 2340 681 2368 Fclckm.
708 2340 719 2366 I
743 2345 770 2368 et
793 2341 819 2374 5,
845 2339 929 2368 ὄντων
949 2342 996 2369 τοῦ

211 2376 289 2403 θεοῦ.
304 2375 375 2411 Editi
391 2380 418 2403 el
435 2376 492 2408 alii,
510 2375 593 2411 ὄντων
608 2375 646 2411 τῷ
658 2375 728 2411 Θεῷ.

247 2411 303 2446 (60)
323 2410 389 2446 Reg.
406 2412 511 2445 Anglic.
527 2410 691 2442 Βεείιητοΰ
708 2410 776 2438 Θεοῦ
796 2411 911 2446 Πατρός.
929 2411 1000 2439 Editi

211 2445 307 2482 etralii',
320 2445 498 2482 τοῦίΙΙατρός.
512 2445 580 2472 Ibid.
598 2446 709 2482 Seguer.
723 2451 750 2473 et
765 2445 998 2482 Βθςυνῐδιὸτητος.

190 2481 194 2484 ’
213 2478 322 2517 Editiet
336 2481 392 2513 alii,
419 2478 580 2517 ὰῗδιὸτητος,
604 2478 673 2508 υΓοι
689 2478 819 2516 Ινεθιιιιιῖ
831 2478 954 2510 Nannius
973 2488 1001 2510 ct

212 2515 391 2551 Omnibonus.
407 2515 526 2544 Felckm'.
539 2516 565 2545 5.
583 2516 646 2543 ibid.
662 2517 808 2551 γεννητῶν.

248 2550 303 2586 (61)
323 2551 430 2587 Gobler.
448 2558 475 2580 et
495 2551 612 2579 Fcickm.
635 2553 678 2587 1,7
691 2552 840 2587 γινόμενος.
866 2551 947 2579 Iidem
968 2557 1000 2580 ‘ct

213 2586 339 2622 δῆμον),
353 2586 462 2622 Θαλείᾳ,
483 2587 545 2619 Alii,
563 2587 658 2622 Θαλίᾳ.
671 2586 732 2613 Mox
754 2586 867 2622 Seguer.
889 2587 998 2616 Gobler.

212 2627 238 2659 et
247 2615 380 2659 Felck'm:
393 2622 418 2652 1,
435 2615 561 2659 ὅγΠιετὴρ
578 2615 696 2659 ἂρῤἧτος
711 2615 837 2658 ὑπάρξει.
861 2623 942 2655 lbid.,
956 2631 999 2650 τε·

211 2656 291 2692 λείως
305 2656 352 2692 καί
365 2656 440 2692 deest
456 2658 481 2683 in
494 2656 559 2692 Reg.

249 2691 306 2726 (62)
328 2690 396 2728 Vide
411 2691 440 2719 S.
453 2689 599 2728 Alexandri
612 2691 787 2720 Alexandrini
803 2689 949 2728 Epistulam
964 2693 997 2720 ad

213 2727 315 2754 clerum
339 2727 570 2758 Alexandrinum,
589 2734 682 2754 contra
705 2728 762 2755 Arii
787 2727 996 2761 fautores.n.2’t.

213 2770 274 2797 quae
287 2767 375 2790 exstat
390 2761 472 2797 Patr.
489 2761 547 2795 Gn,
565 2767 583 2789 t.
600 2762 694 2789 XVIII.

248 2797 304 2836 ((55)
325 2795 564 2836 Segucr._GobleI'.
579 2801 607 2836 _et
628 2797 746 2825 Fclckm.
767 2798 792 2831 I,
817 2797 864 2825 uati.
886 2797 996 2834 βλέπει,

213 2832 351 2866 ἀναλόγως
368 2834 423 2864 τοῖς
438 2832 533 2858 ἑαυτοῦ
552 2833 668 2867 μέτωις.

1055 911 1124 947 τέρα
1141 911 1263 947 ἁκριΰῶς
1274 913 1304 940 οὐ
1317 913 1463 947 γινώσκεμ
1479 914 1566 940 λείπει
1587 914 1641 950 γὰρ
1654 913 1728 947 αὐτῷ
1747 913 1786 944 εἰς
1808 911 1839 938 τὸ

1056 957 1234 984 καταλαϐεῖν
1253 958 1322 984 ἀλλὰ
1337 959 1384 985 καὶ
1401 958 1481 991 αὐτὸς
1498 958 1552 995 (64)
1564 960 1579 985 6
1593 959 1656 988 Υἱὸς
1671 958 1721 994 τὴν
1742 955 1837 984 ἑαυτοῦ

1055 1002 1148 1030 οὐσίαν
1160 1003 1210 1030 οὐκ
1225 1001 1278 1030 οἶδε
1289 1013 1295 1019 ·
1313 1005 1359 1031 καὶ
1373 1005 1413 1032 ὅτι
1430 1004 1628 1040 μεμερισμέναι
1640 1004 1672 1040 τῇ
1685 1004 1774 1038 φύσει,
1791 1002 1839 1030 καὶ

1055 1049 1260 1084 ἁπεξενωμέναι
1284 1051 1331 1076 καὶ
1345 1050 1595 1086 άπεσχοινισμέναι,
1622 1051 1668 1077 καὶ
1691 1047 1837 1085 ἀλλότριοι,

1055 1095 1102 1122 καὶ⁸
1120 1096 1246 1132 ἀμέτοχοί
1258 1097 1327 1123 εἰσιν
1342 1097 1462 1133 ἀλλήλων
1475 1099 1502 1124 αι
1515 1097 1602 1124 οὐσίαι
1618 1097 1664 1124 τοῦ
1678 1097 1781 1132 Πατρδς
1791 1097 1837 1123 καὶ

1054 1141 1100 1167 τοῦ
1126 1141 1191 1169 Υἱοῦ
1212 1142 1258 1169 καὶ
1278 1140 1324 1169 τοῦ
1345 1143 1421 1177 ἁγίου
1436 1139 1614 1179 Ἠνεύματος,
1631 1144 1688 1175 καὶ,
1704 1139 1742 1174 ὡς
1758 1143 1838 1174 αὐτὸς

1054 1186 1212 1221 ἐφθέγξατο,
1225 1188 1347 1222 ἀνόμοιοι
1359 1189 1473 1224 πάμπαν
1486 1188 1607 1225 ἀλλήλων
1622 1190 1681 1220 ταῖς
1693 1197 1722 1215 τε
1735 1188 1838 1222 οὐσίαις

1054 1232 1100 1259 καὶ
1114 1232 1204 1266 δόξαις
1217 1234 1285 1261 εἰσὶν
1305 1235 1349 1261 ἐπ’
1360 1235 1481 1271 ἄπειρον.
1502 1236 1554 1262 Τὸν
1571 1235 1638 1270 γοῦν
1649 1236 1733 1269 Λόγον
1755 1236 1838 1271 φησιν

1053 1279 1093 1309 είς
1107 1278 1251 1314 ὁμοιότητα
1263 1278 1341 1314 δόξης
1355 1281 1401 1307 καὶ
1415 1280 1508 1312 οὐσίας
1521 1280 1660 1316 ἀλλότριον
1680 1279 1749 1306 εἶναι
1770 1288 1837 1307 παν-

1052 1321 1137 1354 τελῶς
1153 1322 1291 1358 ἑκατέρων
1305 1324 1351 1350 τοῦ
1365 1332 1395 1350 τε
1405 1325 1512 1360 Πατρὸς
1523 1325 1570 1352 καὶ
1596 1325 1642 1351 τοῦ
1656 1325 1732 1360 ἁγίου
1752 1324 1837 1351 Ilvati-

1054 1377 1153 1403 ματος·
1167 1369 1270 1401 τούτοις
1283 1370 1336 1405 γὰρ
1353 1369 1501 1404 ἐφθέγξατο
1524 1372 1579 1402 τοῖς
1605 1370 1723 1406 ῥήμασιν
1742 1371 1756 1397 6
1773 1370 1836 1396 ἀσε-

1052 1414 1116 1450 ϐής·
1131 1415 1178 1442 καὶ
1189 1415 1350 1452 διῃρημένον
1365 1416 1393 1443 δὲ
1409 1414 1477 1444 εἶναι
1493 1416 1553 1443 καθ’
1565 1416 1676 1449 ἑαυτὸν,
1692 1416 1740 1443 καὶ
1756 1416 1837 1452 aper

1051 1469 1112 1495 οχον
1132 1461 1201 1488 κατὰ
1228 1461 1315 1489 πάντα
1338 1462 1384 1488 τοῦ
1409 1462 1515 1499 Πατρὺς
1538 1462 1583 1489 τὸν
1615 1462 1677 1488 Υἱὸν
1711 1462 1805 1498 ἔψησε.
1823 1471 1834 1488 ι

1052 1506 1143 1534 Ταῦτα
1157 1507 1226 1543 μέρη
1241 1507 1295 1534 τῶν
1308 1508 1342 1534 ὲν
1355 1508 1393 1543 τῷ
1408 1508 1503 1544 γελοίῳ
1527 1509 1720 1544 συγγράμματι
1741 1508 1835 1543 κειμέ-

1052 1561 1104 1579 νων
1123 1546 1250 1588 μυθιδίων
1262 1553 1335 1581 ἐστὶν
1353 1554 1467 1590 Ἀρείου.

1088 1608 1115 1635 7.
1135 1608 1184 1640 Τίς
1198 1609 1306 1642 τοίνυν,
1321 1609 1375 1636 τῶν
1397 1609 1522 1636 τοιούτων
1539 1610 1586 1636 καὶ
1601 1609 1648 1636 τοῦ
1673 1608 1769 1644 μέλους
1787 1608 1836 1643 τῆς

1054 1655 1179 1687 Θαλείας
1191 1654 1419 1691 (65)ἀκούσας,οὐ
1432 1656 1573 1691 μισήσειεν
1584 1656 1612 1681 ὲν
1626 1655 1687 1691 δίκῃ
1706 1654 1836 1686 παίζοντα

1052 1700 1098 1727 τὸν
1118 1701 1224 1735 Ἀρειον
1243 1702 1281 1732 ὡς
1302 1702 1348 1728 ἐπὶ
1366 1702 1465 1737 σκηνῆς
1489 1701 1552 1737 περὶ
1574 1701 1716 1734 τοιούτων;
1742 1701 1789 1732 Τίς
1804 1701 1834 1727 οὐ

1054 1745 1150 1781 θεωρεῖ
1161 1746 1254 1773 τοῦτον
1265 1747 1309 1773 διὰ
1321 1747 1368 1773 τοῦ
1382 1747 1469 1774 δοκεῖν
1479 1747 1621 1782 ὀνομάζειν
1635 1747 1700 1774 Θεὸν
1714 1748 1761 1774 καὶ
1771 1748 1836 1783 περὶ

1052 1790 1119 1817 Θεοῦ
1139 1791 1237 1826 λέγειν,
1253 1792 1291 1822 ὡς
1305 1792 1351 1819 τὸν
1365 1792 1426 1826 ὅφιν
1442 1791 1657 1827 συμΰουλεύοντα
1667 1793 1698 1827 τῇ
1709 1792 1834 1827 γυναικί;

1053 1835 1100 1868 Τίς
1121 1836 1159 1869 δὲ,
1175 1839 1230 1869 τοῖς
1257 1837 1320 1873 ἑξῆς
1348 1837 1517 1873 ἐντυγχάνων
1538 1837 1611 1873 (66),
1630 1838 1662 1864 οὐ
1679 1838 1770 1873 βλέπει
1785 1838 1836 1874 τὴν

1052 1880 1177 1908 ἀσέϐειαν
1188 1882 1281 1915 αὑτοῦ,
1294 1882 1389 1920 ὥσπερ
1403 1885 1504 1911 καὶτοῦ
1515 1885 1602 1920 ὄφεως
1609 1885 1658 1921 τὴν
1672 1884 1740 1920 μετὰ
1750 1884 1836 1911 ταῦτα

1052 1926 1165 1963 πλάνην,
1180 1929 1220 1960 εἰς
1234 1928 1267 1964 ἣν
1280 1930 1424 1966 παρήγαγε
1449 1931 1626 1966 σοφισάμενος
1641 1931 1691 1967 τὴν
1713 1931 1768 1966 (67)
1792 1939 1837 1965 ίυιι

1051 1974 1132 2000 ναῖκα
1145 1983 1152 2007 ;
1170 1975 1216 2006 Τίς
1233 1975 1278 2002 ἐπὶ
1294 1978 1353 2008 ταῖς
1368 1975 1505 2009 τοιαύταις
1517 1977 1700 2013 βλασφημίαις
1713 1977 1762 2004 οὐκ
1790 1977 1835 2010 ἐξ·

1053 2019 1158 2047 ἵσταται
1168 2029 1175 2053 ;
1185 2022 1213 2048 '0
1226 2022 1274 2057 μὲν
1285 2020 1331 2049 οὖν
1344 2023 1467 2059 οὐρανὸς,
1484 2024 1521 2056 ὡς
1532 2025 1545 2050 6
1560 2024 1702 2059 προφήτης
1716 2023 1772 2059 (68)
1786 2032 1836 2058 φη-

1052 2066 1104 2099 σιν,
1121 2066 1226 2102 ἐξέστη,
1241 2069 1288 2095 καὶ
1303 2069 1319 2104 ἡ
1334 2069 1368 2104 γῆ
1384 2069 1492 2105 ἔφριξεν
1505 2070 1550 2096 ἐπὶ
1561 2071 1593 2104 τῇ
1615 2069 1768 2105 παραϐάσει
1787 2069 1834 2095 τοῦ

1051 2112 1132 2147 νόμου
1145 2121 1152 2128 ·
1166 2114 1180 2140 ὁ
1195 2113 1222 2140 δὲ
1234 2114 1309 2149 ἥλιος
1323 2115 1403 2142 πλέον
1417 2115 1577 2149 ἀγανακτῶν
1588 2135 1595 2147 ,
1621 2116 1667 2142 καὶ
1692 2115 1728 2151 μὴ
1745 2115 1835 2150 φέρων

1051 2158 1112 2185 τότε
1130 2158 1179 2190 τὰς
1195 2160 1265 2186 κατὰ
1272 2153 1319 2187 τοῦ
1331 2160 1419 2187 κοινοῦ
1434 2161 1542 2187 πάντων
1553 2160 1630 2196 ἡμῶν
1641 2161 1776 2186 Δεσπότου
1789 2168 1836 2193 γε-

1051 2205 1165 2240 νομένας
1185 2206 1240 2242 (69)
1258 2206 1415 2241 σωματικὰς
1429 2206 1532 2242 ὕϐρεις,
1550 2207 1660 2239 ἅςὲκὼν
1673 2206 1753 2238 αὐτὸς
1764 2206 1835 2243 ὑπὲρ

1094 2307 1140 2343 64)
1161 2306 1284 2343 §eguer.,
1299 2307 1368 2334 ἀλλὰ
1383 2307 1438 2343 γὰρ
1455 2308 1498 2335 καὶ
1511 2308 1591 2339 αὑτός
1602 2328 1608 2339 ,
1622 2312 1674 2343 etc.

1095 2342 1140 2377 65)
1162 2341 1397 2378 Seglter.qGobIer.
1414 2341 1440 2370 et
1455 2343 1574 2370 Felckm.
1592 2344 1602 2370 I
1616 2365 1622 2374 .
1642 2342 1692 2378 τῆς
1705 2343 1832 2375 Θαλείας.

1048 2376 1142 2413 Βειὲίίη
1155 2376 1208 2413 τῆξ
1218 2376 1328 2410 Θαλίας.
1345 2379 1397 2405 Alii
1410 2383 1436 2406 et
1449 2379 1526 2411 editi,
1542 2378 1651 2410 Θαλίας.

1083 2412 1138 2448 (66)
1159 2413 1283 2448 Seguer.,
1299 2413 1427 2448 ἐντυχών.

1083 2448 1138 2483 (67)
1159 2447 1204 2475 Sic
1223 2447 1334 2483 Seguer.
1353 2447 1437 2476 Dasil.
1451 2448 1562 2476 Gobler.
1579 2453 1604 2475 et
1617 2447 1736 2476 Felclun.
1755 2449 1780 2475 I.
1799 2447 1835 2476 At

1047 2484 1092 2510 alii
1107 2488 1133 2510 ct
1147 2483 1212 2510 editi
1226 2484 1276 2518 τήν
1289 2484 1425 2510 omittunt.

1083 2518 1139 2553 (68)
1162 2517 1273 2553 Seguer.
1293 2518 1377 2546 Basil.
1399 2518 1501 2553 Anglic.
1517 2518 1626 2546 Gobler.
1641 2517 1762 2546 Felckm.
1782 2519 1833 2545 let

1048 2552 1075 2590 ξ,
1091 2554 1128 2585 ὡς
1144 2555 1157 2580 6
1170 2552 1319 2590 προφήτης.
1335 2553 1403 2590 Editi
1423 2552 1452 2590 et
1467 2553 1529 2590 alii,
1543 2553 1580 2590 ὡς
1593 2555 1744 2590 προφήτης.
1765 2553 1832 2590 Ibid.

1048 2588 1155 2616 Gobler.
1172 2594 1198 2615 et
1209 2588 1328 2615 Felckin.
1347 2589 1372 2619 I,
1391 2590 1407 2623 ὴ
1420 2588 1447 2615 δὲ
1461 2588 1497 2623 γῆ
1509 2588 1627 2623 ἔφριξεν.
1643 2588 1724 2616 Iidem
1740 2593 1766 2615 et
1783 2588 1832 2614 Se-

1048 2633 1140 2659 gner.,
1156 2625 1202 2650 ἐπὶ
1217 2623 1255 2658 τῷ
1268 2623 1451 2659 παραδαθὲντι
1472 2624 1555 2659 νόμῳ.
1573 2624 1642 2651 Εαίιί
1662 2629 1689 2651 et
1711 2623 1771 2655 alii,
1787 2623 1833 2649 ἐπὶ

1046 2661 1080 2695 τῇ
1089 2659 1248 2695 παραϐάσει
1258 2659 1304 2685 τοῦ
1315 2659 1406 2695 νόμου.

1067 2688 1143 2729 ”(69)’
1159 2694 1283 2734 δοκιμὴν...
1300 2688 1455 2734 γινομένας.
1483 2693 1561 2734 Reg"
1583 2694 1752 2734 ystvopévag.
1771 2693 1831 2720 Mox

1050 2728 1174 2770 §eguer.,
1247 2729 1296 2770 τᾲς
1310 2730 1420 2770 ἀκτῖνας
1436 2728 1586 2770 συστείλας,
1595 2729 1644 2764 τὴν
1653 2729 1769 2770 ἡμέραν,
1779 2734 1830 2770 etc:

1050 2763 1128 2826 E‘dit;
1138 2770 1166 2826 ei
1178 2765 1223 2792 alii
1234 2784 1240 2796 ,
1254 2764 1416 2800 ἀπεστράφη
1429 2765 1477 2796 τὰς
1492 2766 1601 2796 ἀκτῖνας
1615 2763 1770 2797 συστείλας,
1787 2763 1831 2790 καὶ

1050 2808 1097 2826 τῆν
1125 2809 1153 2826 Διι
1171 2808 1218 2826 οαν

1049 2808 1097 2834 την
1114 2808 1218 2835 ημεραν
