1952 3040
140 119 174 146 35
701 112 830 142 ORATIO
849 114 856 140 Ι
876 112 1017 140 CONTRA
1037 111 1196 140 ARIANOS.
1731 116 1765 142 δι

139 178 224 204 ἐστιν
235 177 252 202 ό
270 175 336 208 Υιός
347 182 406 209 μου
418 174 434 200 ό
447 172 613 208 ἀγαπητὸς,
623 172 746 207 φάσκων,
759 173 799 199 ὅτι
811 171 866 207 (Η)
879 172 923 198 οὖν

979 177 1056 198 meus
1068 170 1183 198 dilectus
1199 171 1209 185 '
1227 190 1232 200 .
1258 179 1266 195 ι
1288 177 1405 205 eumque
1421 178 1472 198 non
1499 170 1614 203 Filium,
1639 170 1686 198 sed
1708 178 1765 197 rem

140 223 211 250 ἔστιν
228 222 294 253 υίὸς,
311 221 379 247 ἀλλὰ
395 219 514 255 ποίημα;
533 219 616 245 Πλέον
632 219 687 255 γὰρ
705 219 925 254 ἀγανακτήσουπι

141 269 237 300 πάντες
249 268 308 294 κατ’
326 266 414 293 αὐτῶν
431 265 544 293 τοιαῦτα
568 266 749 301 μαινομένων.
776 264 846 291 Ἀλλ’
865 265 926 291 οὐδὲ

141 314 172 340 ἐκ
187 312 238 339 τῶν
253 311 369 348 Γραφῶν
383 311 472 346 ἔχουσι
484 311 532 342 τὰς
549 311 710 346 προφάσεις.
737 310 856 346 Ἐδείχθη
872 310 926 346 γὰρ

139 359 277 391 πολλάκις,
288 357 459 393 δειχθήσεται
470 357 498 383 δὲ
513 356 559 383 καὶ
573 355 619 382 νῦν
631 355 758 392 ἀλλότρια
771 356 825 391 (li)
841 355 927 382 ταῦτα

140 406 191 432 τῶν
207 405 288 431 θείων
302 405 410 438 λογίων.
429 402 532 430 Οὐκοῦν
553 402 646 438 ἐπειδὴ
663 402 751 428 λείπει
775 401 867 428 λοιπὸν
889 403 927 428 εἰ-

139 454 209 483 πεῖν,
231 452 272 477 ὅτι
295 450 371 486 παρὰ
396 449 442 476 τοῦ
463 449 586 476 διαϐόλου
614 448 742 480 λαϐόντες
769 448 924 484 ἐμάνησαν·

140 499 258 535 (τούτων
283 498 337 533 γὰρ
363 498 466 528 ἐκεῖνος
481 496 561 531 μόνος
589 496 648 522 ἐστὶ
671 494 824 531 σπορεύςτ)
848 494 925 530 φέρε,

139 546 205 582 πρὸς
222 545 302 572 αὐτὸν
321 544 490 579 ἀντιστῶμεν
499 551 505 558 ’
519 543 587 579 πρὸς
600 543 702 569 ἐκεῖνον
716 542 770 578 γάρ
782 542 855 568 ἐστιν
871 541 925 576 (15)

137 593 202 627 ἡμῖν
216 591 261 617 διὰ
275 590 377 616 τούτων
391 590 407 624 ἡ
424 589 495 623 πάλη
505 597 512 604 ·
533 588 587 619 ἵνα,
601 587 649 613 τοῦ
671 587 773 623 Κυρίου
799 586 927 621 βοηθοῦν-

138 647 202 671 τος,
233 637 360 664 κάκείνου
387 635 508 671 συνήθως
536 635 681 665 πίπτοντος
705 635 760 665 τοῖς
794 633 925 668 ἐλέγχοις,

138 683 317 719 αἱσιυνθῶσιν
329 680 410 711 οὗτοι,
425 681 569 716 βλέποντες
578 680 732 716 ἀποροῦντα
744 680 789 706 τὸν
800 680 927 715 (mem-

140 731 289 767 σπείραντα
304 729 352 765 τὴν
369 728 473 764 αἵρεσιν
491 728 591 759 αὐτοῖς,
607 727 654 754 καὶ
670 726 776 763 μάθωσι
795 726 848 753 κᾶν
865 726 927 761 utt-

139 784 212 807 ποτε,
229 775 281 806 ὅτι,
305 774 436 810 ’Ᾱρειανοὶ
453 773 540 805 ὄντες,
552 773 605 800 οὐκ
620 772 673 799 εἰσὶ
687 771 855 808 Χριστιανοί.

173 857 215 884 Η.
238 856 374 892 Είρήκατε
399 856 444 882 καὶ
472 857 593 890 φρονεῖτε
607 875 614 886 ,

138 903 252 935 ἐκείνου,
270 904 310 929 ὁτι
325 900 360 939 ἧν
375 910 451 933 ποτε,
469 902 513 928 ὅτε
528 902 577 928 οὐκ
589 899 622 936 ἦν
643 902 657 926 ὁ
679 901 742 932 Υἱός
753 909 759 915 ·
777 900 856 927 τοῦτο
872 899 926 935 γὰρ

137 949 245 986 πρῶτον
255 949 331 984 ὑμῶν
350 949 399 984 τῆς
412 949 533 980 ἐπινοίας
547 948 601 983 (15)
625 947 757 975 ἀποδῦσαι
775 947 805 974 τὸ
824 947 926 982 ἔνδυμα

136 995 183 1022 δεῖ.
204 995 238 1022 Τί
252 996 340 1022 τοίνυν
357 993 391 1031 ἦν
404 1004 468 1022 ποτε
481 995 525 1022 ὅτε
546 996 560 1022 ὁ
577 995 640 1026 Υίὸς
651 995 701 1020 οὐκ
715 992 759 1030 ἦν,
777 993 883 1026 εἴπατε,
903 990 926 1020 ὦ

135 1041 272 1076 δύσφημοι
286 1041 332 1067 καὶ
348 1041 498 1072 δυσσεϐεῖς.
517 1041 547 1066 Εἰ
563 1040 611 1075 μὲν
625 1038 671 1066 οὖν
686 1039 731 1066 τὸν
754 1039 863 1074 Πατέρα
883 1039 926 1065 λέ-

136 1096 209 1121 γετε,
231 1087 332 1122 μείζων
345 1087 422 1123 ὑμῶν
441 1088 457 1122 ή
472 1086 630 1122 βλασφημία
641 1086 713 1120 (16)·
730 1085 760 1112 οὐ
781 1085 834 1120 γὰρ
847 1085 925 1120 θέμις

137 1134 233 1163 εἰπεῖν.
251 1133 292 1159 ὅτι
305 1132 371 1159 ποτὲ
385 1130 430 1168 ἦν,
444 1132 460 1167 ἢ
480 1133 508 1158 ἐν
522 1131 561 1167 τῷ
578 1131 642 1158 ποτὲ
658 1130 799 1166 σημαίνειν
823 1131 904 1157 αὐτόν
916 1139 923 1146 ·

136 1178 192 1205 ἐστι
216 1178 272 1214 γὰρ
287 1179 340 1209 ἀεὶ,
368 1179 414 1204 καὶ
427 1177 472 1204 νῦν
488 1179 571 1210 ἐστιν,
585 1177 661 1208 ὄντος
685 1185 714 1203 τε
735 1177 780 1203 καὶ
797 1176 843 1203 τοῦ
861 1176 924 1202 Υίοῦ

136 1226 203 1257 ἐστι,
221 1226 270 1253 καὶ
284 1225 366 1256 αὑτός
377 1226 451 1251 ἐστιν
463 1224 476 1250 ὁ
496 1224 533 1250 ὢν
550 1224 606 1259 (l7)
619 1224 666 1251 καὶ
679 1223 726 1250 τοῦ
739 1222 804 1250 Υἱοῦ
819 1223 922 1259 Πατήρ.

135 1272 167 1299 Et
181 1272 209 1298 δὲ
220 1271 314 1305 λέγετε
330 1271 371 1297 ὅτι
387 1271 402 1296 ὀ
417 1270 480 1302 Υἱὸς
495 1268 530 1306 ἦν
550 1278 625 1301 ποτε,
643 1270 687 1296 ὅτε
706 1269 786 1300 αὐτὸς
803 1269 852 1295 οὐκ
874 1267 922 1304 ἧν·

139 1318 215 1354 μωρὰ
231 1317 279 1344 χαὶ
290 1317 407 1353 ,ἀνόητός
423 1317 496 1343 ἐστιν
513 1316 596 1352 (18)ὴ
613 1315 768 1352 ἀπόκρισις.
787 1315 848 1347 Πῶς
871 1315 925 1351 γὰρ

135 1363 169 1400 ἦν
182 1364 274 1396 αὐτὸς,
287 1364 334 1390 καὶ
347 1364 397 1390 οὐκ
410 1360 444 1398 ἦν
454 1361 535 1394 αὑτός
547 1371 553 1395 ;
575 1361 678 1389 Οὐκοῦν
693 1363 721 1388 ὲν
737 1361 843 1393 τούτοις
856 1361 925 1388 ἀπο-

138 1409 252 1444 ροῦντας
268 1409 340 1444 ὑμᾶς
351 1408 457 1444 ἀνάγκη
475 1407 567 1434 λοιπον
583 1407 682 1442 λέγειν,
700 1405 754 1433 Ἦν
776 1415 841 1433 ποτε
861 1407 926 1442 χρόα

136 1463 192 1487 νος,
205 1455 250 1481 ὅτε
264 1454 313 1481 οὑκ
329 1451 364 1489 ἦν
377 1455 392 1480 ὁ
404 1453 506 1487 Λόγος·
535 1452 614 1480 τοῦτο
631 1453 684 1488 γὰρ
704 1452 783 1487 φύσει
806 1452 861 1488 (19)
880 1461 927 1488 σητ

138 1501 228 1535 μαίνει
243 1501 290 1527 καὶ
302 1500 366 1526 αὐτὸ
379 1500 410 1526 τὸ
421 1499 494 1526 ποτέ
515 1499 592 1535 ὑμῶν
609 1499 762 1535 ἐπίρρημα.
785 1499 839 1525 Καὶ
855 1499 928 1535 ὅπερ,

133 1547 164 1574 δὲ
188 1546 269 1573 πάλιν
291 1546 442 1581 γράφοντες
463 1547 603 1582 εἰρήκατε,
619 1546 674 1573 Οὐκ
687 1543 722 1581 ἦν
746 1545 760 1571 6
773 1545 837 1577 Υἱὸς
858 1546 922 1580 πρὶν

136 1592 254 1628 γεννηθῇ
274 1592 341 1627 (20),
368 1591 465 1619 ταυτόν
485 1593 543 1618 ἐστι
562 1592 652 1627 λέγειν
673 1592 763 1627 ὑμᾶς,
778 1589 832 1618 Ἦν
856 1601 925 1619 ποτε

133 1638 179 1666 ὅτε
192 1639 243 1665 οὐκ
260 1636 293 1674 ἦν
303 1648 309 1654 -
325 1638 420 1674 χρόνον
433 1638 487 1674 γὰρ
501 1636 569 1665 εἶναι
586 1639 696 1672 κάκεῖνο
713 1638 760 1665 καὶ
773 1638 851 1665 τοῦτο
862 1639 923 1673 πρὸ

134 1684 180 1711 τοῦ
192 1684 281 1719 Λόγου
297 1685 434 1719 σημαίνει.
453 1683 538 1711 Πόθεν
552 1682 599 1711 οὖν
621 1685 684 1720 ὑμῖν
702 1684 845 1720 ἐξεύρηται
866 1684 923 1720 (21)

133 1730 235 1762 ταῦτα;
259 1730 317 1756 Ἴνα
333 1730 360 1756 τί
382 1730 428 1757 καὶ
446 1730 524 1766 ὑμεῖς
535 1750 542 1762 ,
560 1729 597 1762 ὡς
614 1730 648 1757 τὰ
664 1730 739 1766 ἔθνη,
761 1730 927 1767 ὲφρυάξατεν

134 1778 180 1804 καὶ
206 1776 339 1813 μελετᾶτε
365 1776 431 1803 κενὰ
457 1776 572 1810 λεξείδια
590 1777 661 1804 κατὰ
681 1778 728 1804 τοῦ
749 1777 850 1814 Κυρίου
877 1779 926 1804 καὶ

134 1823 202 1850 κατὰ
229 1823 278 1850 τοῦ
293 1822 412 1859 Χριστοῦ
438 1823 538 1856 αὐτοῦ;
554 1823 674 1858 Οὐδεμία
694 1824 747 1860 γὰρ
770 1825 824 1852 τῶν
839 1826 923 1860 ἁγίων

134 1869 250 1905 Γραφῶν
263 1868 382 1895 τοιοῦτόν
396 1877 422 1895 τι
439 1869 502 1904 περὶ
517 1869 562 1896 τοῦ
579 1868 705 1906 Σωτῆρος
719 1869 839 1906 εἴρηκεν,
856 1871 924 1898 ἀλλὰ

135 1913 234 1950 μᾶλλον
250 1913 282 1939 τὸ
293 1913 347 1944 ἀεὶ,
363 1913 393 1939 τὸ
410 1913 492 1940 ἀΐδιον
509 1913 574 1949 (22),
590 1915 636 1941 καὶ
651 1915 680 1941 τὸ
698 1917 815 1943 συνεῖναι
829 1917 873 1943 ἀεὶ
885 1917 924 1953 τῷ

133 1959 231 1995 Ila-:95.
267 1960 318 1986 Ἐν
341 1958 420 1994 ἀρχῇ
441 1960 495 1995 γὰρ
513 1958 553 1995 ἦν
568 1962 585 1987 ό
602 1961 714 1996 Λόγος,
732 1961 782 1988 καὶ
797 1964 814 1989 ό
828 1963 924 1998 Λόγος

131 2004 172 2041 ἦν
189 2007 268 2041 πρὸς
284 2006 338 2033 τὸν
355 2006 438 2038 Θεὸν,
453 2007 502 2034 καὶ
521 2007 594 2041 Θεὸς
606 2005 645 2044 ἦν
657 2010 673 2035 ό
697 2009 800 2044 Λόγος.
823 2010 876 2036 Καὶ
895 2011 924 2037 ὲν

132 2054 164 2088 τῇ
192 2052 380 2087 Ἀποκαλύψει
395 2053 456 2079 τάδε
475 2053 566 2087 λέγει’
590 2054 615 2080 '0
633 2053 676 2081 ὢν
688 2055 737 2081 καὶ
751 2057 767 2082 d
784 2053 823 2090 ἦν
841 2055 890 2082 καὶ
907 2057 924 2082 ό

132 2098 308 2133 ἐρχόμενος.
322 2097 375 2124 Τοῦ
388 2098 416 2124 δὲ
426 2099 440 2124 ὁ
456 2097 494 2125 ὢν
503 2099 549 2125 καὶ
562 2099 608 2126 τοῦ
622 2097 676 2135 όῆν
694 2100 735 2132 τίς
751 2100 784 2126 ἂν
799 2100 924 2135 ἀφέλοιτο

132 2145 176 2171 τὸν
188 2146 278 2172 αἲδιον
298 2144 371 2179 (23};
389 2145 472 2171 Τοῦτο
481 2145 536 2181 γὰρ
551 2146 599 2172 καὶ
614 2147 628 2172 ὁ
645 2146 750 2178 Παῦλος
766 2149 794 2174 ἐν
807 2149 840 2183 τῇ
856 2149 924 2184 πρὸς

137 2189 294 2226 Ῥωμαίους
314 2190 455 2221 Ἰουδαίους
471 2190 521 2226 μὲν
538 2190 635 2227 ῆλεγχε
658 2191 786 2227 γράφων
811 2192 858 2225 Ἐξ
879 2190 924 2221 ὧν·

133 2238 149 2262 ὁ
161 2236 292 2271 Χριστὸς
304 2236 337 2263 τὸ
351 2238 425 2263 κατὰ
434 2237 541 2270 σάρκα,
561 2239 577 2264 ό
593 2236 635 2264 ῶν
649 2238 698 2264 ἐπὶ
718 2238 837 2265 πάντων
852 2239 924 2272 Θεὸς

133 2281 301 2316 εὐλογητὸς
316 2283 360 2314 εις
369 2282 438 2314 τοὺς
452 2281 560 2316 αἰῶνας
570 2291 576 2297 ·
592 2282 726 2318 Ἕλληνας
741 2284 770 2311 δὲ
786 2284 924 2320 ἐντρέπων

133 2328 208 2364 ἔλεγε
218 2337 224 2343 ·
243 2329 284 2357 Τὰ
296 2329 352 2363 τὰρ
367 2329 477 2363 ἀόρατα
487 2329 579 2356 αὑτοῦ
594 2329 653 2357 ἀπὸ
668 2330 794 2364 κτίσεως
808 2332 924 2366 κόσμου

132 2375 194 2408 τοῖς
205 2374 355 2409 ποιήμασι
374 2376 522 2410 νοούμενα
540 2375 717 2410 καθορᾶται,
743 2377 762 2411 ἧ
781 2386 812 2404 τε
829 2378 923 2412 ἀΐδιος

978 216 1076 243 fat-tam
1089 224 1149 244 esse
1163 216 1246 243 velit?
1262 215 1362 251 Nempe
1384 216 1440 243 lleri
1462 224 1514 243 non
1528 220 1616 251 potest
1627 216 1693 250 quin
1709 223 1766 244 om-

978 271 1026 290 nes
1039 262 1169 290 adversus
1185 262 1245 290 illos
1256 262 1325 289 adeo
1340 263 1507 290 insanientes
1519 263 1610 291 acrius
1624 262 1766 295 indignen-

977 313 1031 336 tur.
1044 307 1144 335 Verum
1167 316 1217 335 nec
1236 308 1317 335 etiam
1337 308 1370 335 ad
1388 308 1543 343 Scripturas
1554 307 1699 343 confugere
1713 308 1766 335 illis

978 353 1113 388 integrum
1131 352 1232 380 fuerit:
1257 353 1313 388 jam
1336 354 1410 380 enim
1434 354 1534 388 saepius
1556 358 1697 381 ostensum
1724 359 1765 381 est

977 407 1096 435 moxque
1108 399 1266 427 ostendetur
1283 408 1363 428 voces
1381 400 1538 436 huiusmodi
1551 410 1567 428 a
1585 401 1684 430 divinis
1702 409 1765 429 ora—

977 445 1047 473 culis
1060 452 1120 473 esse
1133 445 1241 480 penitus
1254 445 1367 473 alienas.
1384 445 1476 480 Itaque
1487 446 1598 481 quando
1611 446 1664 474 illis
1679 452 1765 474 restat

977 491 1122 519 dicendum
1139 498 1169 518 sc
1195 491 1237 518 his
1256 498 1271 518 a
1288 491 1396 519 diabolo
1420 494 1540 527 acceptis
1569 493 1703 522 insanisse
1721 494 1765 529 (si

977 537 1086 572 quidem
1099 541 1236 565 tantorum
1250 538 1383 565 malorum
1397 539 1473 566 solus
1487 539 1531 566 ille
1545 545 1619 566 sator
1629 541 1692 574 est).
1705 548 1765 575 age.

977 582 1001 609 ei
1014 582 1180 609 obsistamus
1197 582 1326 617 (namque
1341 590 1405 610 cum
1426 583 1472 610 illo
1485 584 1564 611 nobis
1577 592 1623 618 per
1636 585 1698 612 illos
1707 593 1767 612 cer-

977 633 1068 655 tamen
1082 629 1134 661 est)
1148 633 1186 660 ut,
1201 628 1317 656 Domino
1328 629 1483 664 adjuvante,
1496 637 1522 658 et
1535 631 1592 663 illo,
1605 637 1634 659 ut
1645 632 1726 664 solet,
1740 633 1766 660 vi

978 679 1200 709 argumentorum
1214 679 1350 710 prostrato
1362 696 1369 707 ,
1391 675 1443 710 ipsi
1457 677 1564 704 tandem
1587 678 1765 709 erubescant.

978 721 1124 748 haerentem
1139 721 1261 749 videntes
1274 722 1321 757 qui
1345 722 1468 750 haeresim
1490 723 1557 758 ipsis
1575 723 1765 756 inseminavit,

977 766 1129 802 saltemque
1142 767 1183 794 vel
1197 775 1258 795 sero
1272 767 1380 795 discant
1401 776 1464 801 eos,
1491 769 1557 804 quia
1575 770 1668 797 Ariani
1691 770 1745 798 sint
1759 790 1766 802 .

977 812 1147 840 Christianos
1160 821 1213 841 non
1227 821 1298 842 esse.

642 854 836 885 ὑποϐάλλοντος
862 853 923 888 ὑμῖν

1012 859 1056 886 Η.
1079 859 1190 887 Dixistis
1211 860 1293 895 igitur
1314 866 1341 889 et
1362 861 1469 889 sentitis
1483 881 1490 893 ,
1511 861 1557 889 illo
1570 862 1647 890 vobis
1669 869 1766 898 sugge-

977 909 1053 932 rente
1066 925 1074 938 ,
1104 904 1189 932 fuisse
1209 906 1370 941 aliquando,
1388 915 1450 934 cum
1471 915 1525 934 non
1553 912 1626 935 esset
1653 907 1740 935 Filius
1758 917 1765 935 :

978 960 1039 980 nam
1058 953 1109 980 hoc
1121 953 1238 987 primum
1251 955 1334 981 vestri
1347 955 1494 982 commenti
1509 955 1600 982 velum
1616 955 1764 982 detrahen-

976 999 1040 1026 dum
1054 1003 1104 1026 est.
1123 998 1192 1032 Quid
1206 1007 1270 1034 ergo
1289 999 1341 1027 fuit
1357 1000 1514 1035 aliquando,
1529 1008 1592 1028 cum
1610 1001 1694 1028 Filius
1707 1007 1761 1028 non

975 1046 1066 1072 esset?
1079 1053 1141 1072 nam
1160 1046 1217 1073 haec
1234 1050 1323 1073 vestra
1348 1051 1412 1073 sunt
1435 1046 1527 1078 verba,
1545 1054 1561 1073 ο
1578 1047 1713 1074 maledicti
1738 1051 1765 1073 et

976 1091 1061 1125 impii.
1085 1090 1112 1117 Si
1127 1090 1234 1118 Patrem
1247 1099 1307 1118 esse
1327 1092 1507 1126 respondetis,
1520 1091 1608 1126 major
1621 1095 1710 1119 vestra
1723 1097 1765 1118 est

977 1136 1102 1170 impietas
1116 1145 1123 1163 :
1136 1136 1214 1164 nefas
1231 1137 1330 1171 quippe
1344 1142 1384 1164 est
1395 1137 1428 1164 de
1441 1138 1487 1164 illo
1506 1137 1606 1169 dicere,
1617 1137 1764 1173 aliquando

976 1181 1037 1213 I‘uit,
1053 1183 1095 1209 vel
1109 1183 1233 1209 eumdem
1245 1191 1322 1214 voce,
1334 1183 1491 1217 aliquando,
1506 1183 1670 1219 signiﬁcare.
1683 1182 1765 1211 Nam-

976 1236 1029 1263 que
1045 1233 1072 1256 et
1085 1237 1192 1263 semper
1212 1235 1238 1256 et
1252 1237 1324 1256 nunc
1341 1234 1392 1261 est,
1407 1235 1434 1257 et
1451 1229 1522 1257 Filio
1540 1230 1688 1268 exsistente
1701 1234 1743 1257 est
1757 1239 1764 1257 :

976 1275 1033 1309 ipse
1049 1279 1090 1302 est
1102 1275 1148 1309 qui
1165 1281 1218 1307 est,
1235 1280 1262 1303 et
1280 1275 1341 1303 Filii
1361 1275 1452 1305 Pater.
1469 1276 1497 1303 Si
1513 1284 1578 1304 vero
1595 1276 1766 1311 respondetis

975 1321 1073 1349 Filium
1088 1321 1172 1350 fuisse
1191 1322 1337 1358 aliquando
1355 1330 1415 1350 eum
1430 1323 1487 1357 ipse
1506 1330 1558 1349 non
1571 1326 1663 1356 esset,
1681 1323 1766 1350 stulta

975 1366 1096 1401 profecto
1108 1371 1134 1394 et
1151 1365 1224 1394 fatua
1236 1372 1279 1394 est
1290 1368 1445 1402 responsio.
1473 1367 1540 1395 Nam
1560 1368 1607 1403 qui
1628 1368 1685 1395 fieri
1709 1375 1761 1403 po-

976 1417 1029 1440 test
1045 1417 1076 1440 ut
1092 1417 1119 1440 et
1132 1413 1189 1447 ipse
1201 1417 1283 1445 esset,
1295 1418 1321 1440 et
1336 1414 1407 1441 idem
1422 1414 1479 1450 ipse
1493 1421 1547 1441 non
1560 1414 1652 1442 esset?
1672 1413 1766 1450 itaque

975 1459 1129 1486 necessario
1155 1463 1239 1486 restat
1271 1464 1300 1486 ut
1326 1459 1370 1487 hic
1392 1460 1550 1488 haesitantes
1574 1461 1765 1496 respondeatis

976 1504 1059 1533 fuisse
1083 1505 1230 1540 aliquando
1253 1510 1358 1541 tempus
1381 1514 1442 1534 cum
1466 1515 1520 1534 non
1543 1513 1615 1535 esset
1632 1507 1763 1534 Verbum.

976 1551 1033 1580 Hoc
1044 1552 1117 1580 enim
1129 1558 1249 1580 vestrum
1263 1553 1422 1580 adverbium
1433 1574 1440 1586 ,
1460 1554 1614 1588 aliquando,
1629 1555 1654 1581 id
1681 1562 1713 1581 ex
1736 1562 1766 1581 se

976 1597 1119 1633 signiﬁcat.
1138 1597 1214 1632 Quod
1240 1598 1304 1626 item
1319 1606 1416 1626 rursus
1432 1599 1599 1634 scripsistis:
1618 1598 1677 1626 Non
1704 1605 1765 1627 erat

975 1642 1061 1670 Filius
1077 1643 1235 1678 priusquam
1252 1650 1412 1672 nasceretur
1423 1665 1431 1678 ,
1452 1644 1522 1672 idem
1541 1645 1653 1672 omnino
1676 1649 1718 1672 est
1733 1653 1765 1673 ac

976 1689 1041 1717 illud
1054 1689 1125 1724 quod
1139 1689 1229 1717 dicitis
1243 1698 1249 1716 :
1263 1689 1325 1718 Fuit
1339 1690 1496 1725 aliquando,
1515 1698 1578 1718 cum
1596 1698 1651 1718 non
1666 1695 1739 1718 esset
1756 1701 1763 1719 :

977 1735 1109 1769 siquidem
1123 1739 1236 1770 uterque
1255 1736 1381 1771 loquendi
1394 1737 1492 1764 modus
1504 1743 1611 1772 tempus
1622 1742 1685 1764 ante
1698 1737 1765 1764 Ver-

977 1781 1041 1808 bum
1056 1789 1117 1809 esse
1128 1781 1239 1809 indicat.
1254 1781 1395 1810 Undenam
1415 1783 1496 1819 igitur
1508 1784 1565 1811 haec
1576 1791 1591 1811 a
1604 1784 1682 1812 vobis
1701 1789 1766 1811 sunt

976 1829 1144 1863 excogitata?
1163 1827 1198 1856 Ut
1213 1829 1278 1864 quid
1301 1834 1327 1857 et
1347 1837 1406 1862 vos,
1424 1834 1553 1865 tauquam
1576 1835 1686 1866 gentes,
1710 1829 1766 1857 fre-

977 1875 1095 1909 muistis,
1115 1880 1142 1903 et
1162 1875 1256 1903 inanes
1279 1876 1391 1904 voculas
1416 1876 1547 1904 adversus
1572 1875 1717 1903 Dominum
1737 1880 1765 1902 et

977 1921 1120 1949 adversum
1131 1921 1271 1950 Christum
1289 1923 1349 1958 ejus
1363 1922 1532 1950 meditamini
1544 1922 1586 1949 “il
1598 1921 1676 1949 Nulla
1690 1922 1764 1950 enim

977 1965 1004 1993 in
1018 1970 1095 2001 parte
1109 1971 1265 1994 sanctarum
1293 1966 1498 2002 Scripturarum
1527 1967 1579 1994 tale
1605 1967 1708 2002 aliquid
1729 1967 1764 1995 de

978 2011 1119 2040 Salvatore
1134 2017 1234 2047 exstat,
1248 2013 1293 2041 sed
1307 2014 1398 2048 potius
1410 2022 1441 2040 ex
1461 2014 1515 2041 illis
1530 2013 1704 2049 perspicuum
1721 2019 1764 2042 est

977 2058 1172 2094 sempiternum
1183 2066 1245 2086 eum
1257 2064 1284 2086 ct
1294 2064 1423 2087 aeternum
1436 2067 1506 2092 esse,
1524 2067 1685 2095 semperque
1699 2068 1762 2088 eum

978 2104 1056 2133 Patre
1068 2106 1215 2134 exstitisse.
1235 2105 1302 2133 Nam
1320 2105 1353 2133 In
1374 2107 1504 2142 principia
1521 2112 1577 2134 erat
1610 2107 1723 2134 Verbum
1738 2112 1763 2134 et

983 2150 1093 2178 Verbum
1112 2155 1170 2178 erat
1187 2152 1256 2186 apud
1272 2152 1356 2179 Deum
1373 2158 1395 2180 et
1421 2152 1489 2180 Deus
1517 2158 1574 2180 erat
1601 2152 1712 2180 Verbum
1728 2153 1763 2180 ³⁸.

940 2207 963 2236 D
979 2197 1009 2224 Et
1023 2197 1049 2224 in
1066 2198 1227 2233 Apocalypsi
1243 2199 1301 2226 haec
1313 2199 1463 2227 habentur:
1479 2199 1588 2232 ρυὶεει,
1600 2200 1724 2234 quierat,
1737 2204 1762 2226 οι

974 2244 1019 2279 qui
1029 2249 1150 2271 venturus
1163 2250 1202 2271 est
1218 2245 1251 2273 ".
1268 2245 1335 2278 Quis
1349 2251 1438 2274 autem
1453 2247 1630 2274 aeternitatem
1646 2246 1669 2273 ei
1681 2266 1689 2278 .
1714 2246 1761 2280 qui

976 2295 1026 2322 est,
1041 2295 1067 2317 et
1081 2291 1127 2325 qui
1149 2295 1217 2324 erat,
1232 2292 1319 2327 possit
1334 2293 1494 2321 detrahere?
1513 2293 1559 2320 Sic
1575 2293 1646 2320 enim
1662 2297 1689 2319 ct
1704 2292 1762 2326 ipse

975 2333 1087 2368 Paulus,
1097 2335 1241 2364 utJudaeos
1254 2337 1437 2369 convinceret,
1447 2337 1474 2364 in
1485 2337 1604 2373 Epistula
1614 2336 1647 2363 ad
1658 2337 1759 2363 Roma-

975 2387 1026 2407 nos
1039 2382 1147 2415 scripsit
1161 2391 1167 2409 :
1189 2381 1231 2409 Ea:
1245 2383 1340 2418 quibus
1355 2383 1476 2411 Christus
1488 2384 1630 2411 secundum
1643 2391 1758 2415 carnem,

165 2446 306 2483 "Matth.
323 2454 391 2480 xvu,
408 2446 435 2474 5.
473 2446 496 2467 ’³
514 2445 587 2475 Psal.
601 2447 671 2480 ",1.
709 2447 732 2464 ³³
751 2446 830 2474 Joan.
855 2456 875 2479 ι,
896 2449 921 2474 l.

978 2450 984 2465 '
1003 2450 1089 2486 Apoc.
1112 2459 1132 2484 ι,
1149 2451 1176 2479 4.

167 2525 190 2558 (l
198 2524 223 2558 Ι)
245 2525 309 2552 Ὀτι
317 2524 392 2552 deest
401 2525 428 2551 in
440 2524 552 2559 Seguer.
564 2525 672 2554 Gobler.
685 2531 712 2554 et
726 2526 880 2555 Felckman.
891 2528 917 2555 1.

167 2561 224 2597 (lg)
246 2559 409 2597 Seguerian.
422 2560 459 2597 ᾡς
470 2560 606 2597 ἀλλότρια.

165 2595 220 2630 (l5)
243 2594 292 2623 Sic
307 2594 419 2630 S:-guer.
435 2596 461 2622 In
480 2597 540 2624 aliis
553 2594 631 2624 deest
644 2598 727 2624 ἐστιν.

131 2631 222 2692 vi”)
245 2630 360 2665 Segucr.
373 2632 576 2667 ὲπισπείροντα,
592 2631 619 2660 ιῖι
634 2633 716 2667 paulo
730 2637 800 2668 post,
818 2632 920 2660 ὑποϐα-

146 2675 231 2697 Ντος.

148 2701 222 2740 ’(15)
244 2701 332 2728 Basil.
350 2701 488 2734 ἀπονοίας,
505 2707 535 2730 ut
548 2708 575 2730 et
593 2703 674 2730 hahet
688 2702 793 2738 Anglic.
806 2704 832 2730 in
847 2712 920 2731 mar-

131 2743 220 2809 Βηίῗρ)
243 2771 358 2809 Seguer.
375 2771 483 2809 Gybler.
500 2779 527 2800 et
539 2772 628 2800 Felek.
649 2773 674 2805 1,
688 2775 704 2809 ή
720 2774 870 2809 δυσφημία.

165 2807 221 2841 (l7)
245 2807 361 2844 Seguer.
379 2808 457 2844 Ἐστι
469 2809 522 2844 γὰρ
539 2809 582 2844 ἀεὶ
594 2811 640 2835 καὶ
654 2807 704 2837 νῦν
719 2807 787 2841 tam,
803 2807 858 2836 uel.
870 2811 919 2837 αὐ-

129 2842 173 2874 τὸς
193 2844 269 2869 ἐστιν
285 2843 299 2869 ό
322 2842 369 2870 ὧν.
387 2842 538 2872 Gubler.et
558 2843 648 2872 Felck.
673 2845 698 2878 1,
718 2845 860 2881 σημαίνειν
872 2847 920 2873 αὺ-

972 2527 1028 2560 τδν,
1041 2529 1088 2555 καὶ
1104 2529 1150 2556 νῦν
1167 2530 1250 2558 ἐστιν.
1268 2530 1315 2557 καὶ
1331 2531 1411 2563 αὑτός
1425 2532 1497 2558 ἐστιν
1511 2531 1525 2556 ὁ
1535 2529 1583 2558 ὥν.

1024 2563 1064 2600 l8)
1086 2563 1131 2600 Sic
1149 2563 1263 2600 Seguer.
1278 2566 1306 2592 In
1326 2566 1407 2593 editis
1422 2571 1448 2593 et
1463 2567 1535 2598 aliis,
1551 2566 1626 2594 deest
1640 2567 1722 2594 ἐστιν.

1022 2599 1063 2636 19)
1085 2599 1197 2636 Seguer.
1212 2600 1323 2636 Gobler.
1339 2606 1365 2628 et
1378 2601 1498 2629 Felckm.
1517 2602 1543 2632 i,
1561 2601 1652 2636 φύσιν.

1019 2634 1065 2673 ἓρ)
1087 2634 1164 2673 με..
1178 2635 1290 2673 γενῃθνῇ,
1308 2635 1432 2673 Segue_r.,
1447 2634 1605 2673 γενηθῆναι.

1088 2669 1200 2709 Seguer.
1217 2669 1517 2709 G'ob‘let-Let(Faciet,
1536 2669 1706 2709 ἓξεύρηνται.

1010 2705 1072 2744 (ἓξ).
1088 2706 1258 2744 SjcSeguer.
1275 2711 1302 2734 et
1322 2706 1422 2742 Regius
1440 2708 1535 2736 codex.
1551 2705 1585 2735 At
1600 2705 1676 2740 editi,
1694 2708 1761 2744 μᾶλ-

976 2739 1022 2767 λον
1036 2741 1078 2767 ἀεὶ
1089 2741 1119 2767 τὸ
1133 2741 1226 2768 ἀΐδιον.

1011 2776 1245 2813 (25)_Seguerian.
1258 2781 1283 2803 et
1298 2777 1363 2811 Reg.
1378 2778 1471 2813 ἀφέλοι
1484 2779 1513 2805 τδ
1524 2779 1617 2806 ἀΐδιον.
1636 2778 1697 2806 Mox
1712 2778 1763 2806 Sav

974 2819 1049 2846 guer.
1066 2811 1175 2839 Gohler.
1193 2817 1219 2840 et
1235 2813 1351 2840 Felckm.
1372 2811 1521 2846 ΙξΤοὺτοις
1534 2814 1588 2850 γὰρ
1601 2814 1657 2841 καί.
