1952 3040
238 151 272 178 «Π
513 152 541 178 S.
563 150 748 179 ATHANASH
768 150 841 178 OPP.
862 150 951 178 PARS
972 151 991 179 l.
1012 168 1043 173 ——

1063 151 1245 178 lHSTORlCA
1267 150 1311 178 ET
1333 151 1540 181 DOGMATICA.
1806 152 1839 179 ιε

238 209 398 244 perspicere.
411 208 445 236 ‘Si
462 209 531 236 Deus
553 209 663 236 cﬂ‘ector
679 215 705 235 et
721 213 826 236 creator
841 214 897 241 est;
913 210 934 236 si
951 210 1009 236 item

1067 217 1131 242 στης
1146 209 1219 235 ἐστὶν
1230 210 1244 235 ὁ
1256 209 1330 240 Θεὸς,
1345 209 1387 235 διὰ
1403 208 1465 234 Υἱοῦ
1493 208 1520 234 δὲ
1541 208 1574 234 τὰ
1588 208 1725 243 ποιήματα
1747 209 1842 241 κτίζει,

238 263 282 283 res
308 255 393 283 factas
408 255 508 282 creavit
524 262 570 288 per
586 253 696 287 Filium,
721 255 847 289 nullaque
874 262 917 281 res
943 255 1013 281 facta

236 306 288 332 est.
304 308 364 335 quae
376 308 423 335 per
442 299 538 326 Filium
554 307 606 326 non
621 300 656 326 sit
674 299 743 327 facta
757 309 763 326 :
783 307 872 326 annon
898 301 1014 327 maxime

238 345 348 380 impium
366 349 415 375 est.
432 352 492 371 cum
513 343 582 371 Deus
601 344 636 371 sit
653 351 743 370 rerum
762 343 883 375 cﬂ‘ector,
900 349 1012 371 conten-

236 390 300 417 dere
318 389 407 424 opifex
432 390 490 424 ejus
507 388 624 416 Verbum
640 394 666 416 et
687 389 851 423 Sapientiam
867 389 1013 424 aliquando

237 443 290 462 non
316 434 415 462 fuisse?
439 435 510 462 ldem
533 435 605 462 enim
626 435 704 469 plane
727 440 768 462 est
786 443 817 462 ac
833 435 856 462 si
878 435 1013 462 diceretur

236 480 319 508 Deum
339 488 429 508 rerum
447 480 598 508 eﬂ‘ectorem
615 482 726 507 omnino
748 488 801 508 non
828 488 898 513 esse,
913 481 1013 515 quippe

234 533 296 553 cum
315 526 451 561 propriam
480 535 510 553 ex
539 526 629 560 seipso
652 526 775 561 opiticem
801 525 944 552 Rationem
963 533 1011 553 seu

234 570 351 599 Verbum
366 580 419 599 non
443 572 551 604 habeat,
568 572 614 599 sed
638 572 815 599 adventitium
833 576 915 606 atque
928 572 962 598 ab
980 580 1012 599 eo

234 618 364 651 alienum,
379 622 530 653 naturaque
547 618 679 645 dissimile
699 618 734 645 sit
758 616 874 645 Verbum
893 618 968 650 illud,
985 617 1012 644 in

233 672 288 700 quo
303 673 347 691 res
363 669 445 692 creat.
468 664 568 691 Deinde
589 664 665 692 nobis
682 664 831 699 explicent,
860 663 914 690 imo
933 671 1011 690 suam

233 709 297 737 inde
309 714 458 744 agnoscant
474 709 652 743 impietatem,
679 716 732 743 qua
757 708 851 735 dicunt
863 729 870 741 ,
886 707 948 734 Fuit
961 708 1012 734 ali-

231 755 353 791 quando.
368 762 429 782 cum
444 763 497 781 non
512 760 593 787 esset,
606 760 642 786 et,
660 754 719 781 Non
738 753 788 781 fuit
806 759 949 789 antequam
963 762 1012 780 na-

234 804 277 827 tus
291 804 341 827 est.
354 799 486 826 Nimirum
502 800 524 826 si
551 800 666 827 Verbum
682 808 744 827 cum
763 800 843 827 Patre
854 808 906 827 non
919 804 960 827 cst
978 800 1011 826 ab

233 846 306 872 omni
321 846 480 876 aeternitate.
497 854 550 872 non
567 851 608 873 est
623 845 743 880 profecto
757 851 856 873 aeterna
874 845 1008 878 Trinitas;

233 892 279 919 sed
295 892 382 926 primo
394 891 502 926 quidem
517 891 568 918 fuit
583 892 683 924 unitas,
695 898 786 926 postea
797 899 859 920 vero
871 899 901 919 ex
919 900 1010 919 acces-
1026 883 1046 909 Β

232 938 309 965 sione
333 936 403 964 facta
426 937 546 964 Trinitas
563 941 615 970 est,
640 945 672 964 ac
694 945 840 972 progressu
862 938 1009 972 temporis,

232 983 318 1010 crevit
330 991 363 1011 cx
377 984 485 1010 illorum
502 984 636 1011 sententia
657 985 859 1018 constitutaque
878 987 920 1011 est
934 984 1009 1011 theo-

231 1027 309 1062 logiaa
319 1030 447 1063 cognitio.
470 1028 591 1063 Insuper,
608 1029 630 1056 si
649 1028 732 1056 Filius
754 1037 806 1056 uou
823 1034 864 1056 est
884 1029 1010 1064 proprius

231 1080 334 1102 natura:
342 1074 429 1102 Patris
442 1075 522 1106 fetus,
532 1075 578 1102 sed
588 1083 603 1102 e
612 1075 695 1102 nihilo
708 1081 750 1102 est
767 1075 863 1107 factus,
877 1083 910 1102 ex
925 1075 1009 1102 nihilo

230 1118 313 1153 igitur
326 1118 462 1146 constabit
471 1126 578 1153 quoque
589 1118 719 1151 Trinitas,
737 1119 839 1154 fuitque
852 1119 1008 1155 aliquando,

230 1171 292 1191 cum
311 1172 363 1191 non
379 1169 450 1191 esset
462 1163 591 1196 Trinitas,
606 1166 653 1192 sed
666 1166 755 1192 unitas
772 1175 779 1192 :
799 1165 849 1192 fuit
864 1166 927 1193 item
946 1165 1009 1192 Tri-

230 1209 302 1237 nitas
316 1210 461 1244 aliquando
481 1210 647 1245 imperfecta,
661 1215 687 1238 et
708 1210 854 1245 aliquando
867 1211 983 1246 perfecta
1001 1220 1007 1238 :

231 1254 385 1289 imperfecta
404 1255 510 1289 quidem
524 1260 667 1290 antequam
683 1256 758 1283 ﬁeret
774 1256 868 1288 Filius,
888 1257 1005 1291 perfecta

230 1305 320 1327 autem
334 1305 476 1335 postquam
489 1301 558 1327 idem
575 1300 662 1328 factus
675 1305 717 1328 est
730 1308 737 1327 :
757 1306 839 1335 atque
853 1302 950 1329 exinde
965 1310 1009 1329 res

230 1345 300 1374 facta
314 1346 396 1380 ccepit
423 1347 539 1374 creatori
566 1346 753 1379 annumerari,
778 1352 806 1374 et
830 1348 863 1377 is.
887 1348 932 1382 qui
960 1348 1009 1375 ali-

231 1392 340 1427 quando
364 1400 417 1420 non
434 1391 495 1423 fuit.
514 1400 576 1419 cum
600 1400 644 1424 eo,
661 1393 707 1427 qui
725 1400 833 1427 semper
855 1392 916 1426 fuit,
939 1393 1009 1420 Deus

230 1438 340 1472 agnosci
361 1442 386 1464 et
405 1438 468 1465 coli.
480 1437 644 1470 Quinetiam,
663 1439 735 1472 quod
759 1439 868 1473 gravius
880 1443 931 1470 est,
950 1439 1007 1473 ipsa

230 1482 349 1510 Trinitas
368 1483 409 1510 sui
426 1484 510 1519 ipsius
527 1484 579 1511 erit
602 1484 761 1517 dissimilis,
787 1484 886 1520 quippe
902 1492 963 1521 qua:
975 1492 1008 1512 ex

229 1530 348 1568 externis
364 1531 514 1566 alienisque
529 1531 634 1558 naturis
645 1537 672 1558 et
686 1531 844 1559 substantiis
856 1532 890 1558 sit
907 1533 1008 1559 consti-
1023 1550 1044 1579 Ο

229 1581 303 1609 tuta;
320 1578 392 1610 quod
408 1584 473 1604 sane
487 1577 553 1604 nihil
565 1577 636 1604 aliud
662 1582 704 1604 est
717 1585 799 1612 quam
825 1577 924 1604 factam
950 1578 1008 1605 sive

229 1628 346 1650 creatam
363 1622 504 1650 Trinitatis
518 1624 735 1650 constitutionem
752 1623 831 1658 333
843 1623 942 1651 dicere.
952 1623 1007 1650 Cu-

227 1668 347 1702 jusmodi
365 1669 445 1703 igitur
460 1670 505 1696 illa
529 1670 664 1697 censenda
687 1673 727 1697 est
747 1669 859 1704 religio,
884 1676 945 1704 qua:
959 1677 1009 1696 nec

229 1713 272 1739 sui
287 1713 384 1740 similis
397 1719 448 1745 est,
463 1715 509 1741 sed
527 1719 678 1749 temporum
693 1723 838 1749 progressu
856 1715 1007 1749 perﬁcitur,

229 1765 344 1792 quaeque
359 1759 438 1785 modo
451 1766 503 1785 non
516 1758 563 1790 ita,
580 1759 659 1786 modo
675 1759 711 1785 ita
723 1759 766 1786 sit.
786 1759 924 1794 Siquidem
939 1760 1008 1787 veri-

230 1803 318 1830 simile
336 1808 376 1831 est
399 1804 470 1830 illam
489 1804 586 1831 iterum
603 1805 798 1832 incrementum
823 1810 1006 1840 accepturam.

230 1849 310 1884 idque
322 1849 434 1881 inlinile,
443 1850 668 1883 quemadmodum
680 1851 797 1885 primum
809 1859 840 1878 ex
853 1851 1037 1879 additamento

1065 254 1112 279 καὶ
1127 254 1176 280 οὐκ
1193 254 1265 280 ἔστιν
1275 253 1360 285 ἄλλως
1381 253 1444 280 [δεῖν
1460 253 1493 280 τὰ
1509 253 1662 288 γινόμεναῆ
1677 253 1720 279 διὰ
1737 253 1783 279 τοῦ
1795 253 1844 280 Λό-

1062 308 1112 333 γου
1128 300 1265 334 γινόμενα·
1280 300 1337 331 πῶς
1354 300 1383 325 οὐ
1397 298 1564 334 βλάσφημον,
1585 298 1694 334 ποιητοῦ
1708 299 1783 330 ὄντος
1797 299 1843 326 τοῦ

1063 344 1140 375 Θεοῦ,
1155 344 1242 378 λέγειν
1256 344 1301 371 τὸν
1316 343 1507 379 δημιουργικὸν
1523 343 1577 378 (80)
1593 343 1673 370 αὑτοῦ
1699 344 1783 377 Λόγον
1797 343 1843 370 καὶ

1062 388 1111 424 τὴν
1124 390 1222 422 Σοσίαν
1237 389 1273 424 μὴ
1288 385 1355 415 εἷναί
1376 396 1458 420 ποτε;
1476 389 1547 414 Ἴσον
1569 387 1623 423 γάρ
1649 388 1722 414 ἐστιν
1747 389 1843 418 εἰπεῖν,

1063 435 1103 461 ὅτι
1117 435 1181 470 μηδὲ
1198 436 1311 470 ποιητής
1340 436 1412 461 ἐστιν
1431 435 1445 461 ὁ
1459 433 1534 465 Θεὸς.
1562 434 1611 460 οὐκ
1632 434 1700 469 ἔχων
1730 434 1795 460 ἴδιον
1816 433 1845 464 ἐξ

1063 481 1144 507 αὑτοῦ
1158 481 1350 516 δημιουργικὸν
1364 481 1458 514 Λόγον,
1474 480 1529 507 ἀλλ’
1544 479 1641 512 ἔξωθεν
1665 479 1844 514 ἐπεισαγόμε-

1062 526 1105 557 νός
1117 526 1233 551 ἐστικαὶ
1257 525 1331 558 ξένος
1345 525 1435 557 αὑτοῦ,
1464 526 1511 551 καὶ
1538 524 1662 559 ἀνόμοιος
1685 523 1743 550 κατ’
1753 523 1845 550 οὐσίαν

1061 571 1211 605 τυγχάνων,
1227 571 1255 595 ἐν
1266 567 1288 603 ᾧ
1305 570 1360 605 (81)
1374 570 1541 606 δημιουργεῖ.
1560 571 1673 596 Ἔπειτα
1692 570 1844 603 λεγέτωσαν

1061 618 1136 651 ἡμῖν,
1150 616 1247 652 μᾶλλον
1263 616 1290 642 δὲ
1304 616 1355 642 κᾶν
1370 617 1401 642 ὲκ
1428 616 1522 642 τούτου
1537 615 1706 650 βλεπέτωσαν
1722 616 1770 650 τὴν
1784 615 1845 641 δυσ-

1062 663 1166 689 σέϐειαν
1181 663 1283 689 ἐαυτῶε
1298 664 1329 689 ἐκ
1355 662 1401 689 τοῦ
1417 661 1575 697 λέγειν,”Ην
1591 670 1664 693 ποτε,
1681 662 1725 688 ὅτε
1738 662 1787 688 οὐκ
1800 660 1842 697 ἦν,

1061 710 1117 740 καὶ,
1131 710 1186 735 Οὐκ
1201 707 1234 744 ἦν
1253 708 1309 744 (Si)
1326 709 1389 744 πρὶν
1406 708 1531 744 γεννηθῇ.
1556 708 1586 734 Et
1609 708 1662 742 γὰρ
1686 708 1735 734 οὐκ
1752 707 1844 739 ὰῑδίως

1062 754 1183 781 σύνεστιν
1196 755 1209 780 ὁ
1222 755 1306 788 Λόγος
1318 754 1355 788 τῷ
1370 754 1467 789 Πατρ),
1478 755 1526 780 οὐχ
1541 754 1612 780 ἔστιν
1627 755 1736 790 ἡΤριὰς
1749 755 1841 787 ἀΐδιος·

1060 800 1127 827 ἀλλὰ
1146 800 1227 835 μονὰς
1242 801 1289 835 μὲν
1302 798 1335 835 ἦν
1353 800 1493 836 πρότερον,
1507 801 1539 826 ἐκ
1555 800 1713 835 προσθήκης
1727 800 1755 827 δὲ
1768 800 1845 834 γέγο-

1060 855 1104 873 νεν
1121 846 1232 881 ὕστερον
1245 845 1339 882 Τριὰς,
1367 846 1414 872 καὶ
1433 846 1571 881 προϊόντος
1589 845 1643 880 (85)
1675 845 1721 872 τοῦ
1748 846 1842 881 χρόνου

1061 893 1120 919 κατ’
1134 892 1230 923 αὐτοὺς
1259 891 1358 927 ηὔξησε
1385 891 1431 918 καὶ
1461 891 1573 926 συνέστη
1597 891 1648 926 τῆς
1663 891 1800 924 θεολογίας
1824 892 1841 927 ἠ

1061 936 1169 970 γνῶσις.
1190 937 1272 962 Πάλιν
1288 944 1329 968 τε,
1345 937 1369 962 εί
1383 936 1433 963 οὐκ
1447 936 1519 962 ἐστιν
1542 937 1555 962 ὁ
1570 936 1633 967 Υἱὺς
1644 936 1708 962 ἴδιον
1722 936 1771 970 τῆς
1795 935 1841 962 τοῦ

1061 981 1165 1016 Πατρὸς
1179 981 1270 1012 οὐσίας
1285 981 1365 1016 γέννη
1371 989 1418 1016 μα,
1439 981 1495 1007 ἀλλ’
1514 980 1543 1013 ἐξ
1564 981 1613 1007 οὐκ
1625 981 1708 1007 ὅντων
1721 982 1840 1015 γέγονεν,

1060 1026 1089 1058 ἐξ
1104 1028 1153 1053 οὐκ
1166 1027 1248 1053 ὄντων
1261 1026 1313 1062 (84)
1326 1026 1479 1053 συνίσταται
1492 1026 1586 1061 Τριὰς.
1603 1027 1649 1053 καὶ
1661 1025 1694 1062 ἦν
1720 1036 1783 1054 ποτε
1797 1028 1841 1054 ὅτε

1059 1074 1109 1099 οὐκ
1121 1071 1154 1108 ἦν
1171 1073 1265 1108 Τριὰς,
1289 1073 1355 1099 ἀλλὰ
1383 1073 1476 1108 μονάς·
1500 1073 1546 1099 καὶ
1561 1073 1626 1099 ποτὲ
1655 1073 1703 1108 μὲν
1718 1073 1842 1109 ἐλλειπὴς

1060 1119 1153 1154 Τριὰς,
1169 1119 1232 1145 ποτὲ
1241 1119 1269 1145 δὲ
1283 1118 1396 1154 πλήρης·
1408 1118 1531 1153 ὲλλειπὴς
1548 1119 1596 1153 μὲν
1620 1119 1684 1153 πρὶν
1697 1119 1806 1154 γένηται
1826 1119 1841 1145 ὁ

1061 1164 1133 1195 Υἱός*
1152 1164 1256 1199 πλήρης
1269 1163 1306 1195 δὲ,
1325 1164 1368 1189 ὅτε
1384 1163 1487 1197 γέγονε·
1501 1164 1547 1190 καὶ
1558 1164 1649 1189 λοιπὸν
1664 1165 1710 1190 καὶ
1724 1164 1754 1190 τὸ
1767 1173 1843 1200 γενη-

1059 1211 1104 1237 τὸν
1116 1210 1155 1245 τῷ
1166 1210 1261 1247 κτίστῃ
1276 1210 1330 1245 (85)
1347 1209 1560 1245 συναριθμεῖται,
1576 1210 1621 1236 καὶ
1635 1210 1665 1235 τό
1680 1219 1742 1236 ποτε
1762 1210 1798 1246 μὴ
1811 1210 1840 1237 ὃν

1059 1257 1098 1291 τῷ
1109 1258 1151 1283 ἀεὶ
1166 1257 1222 1283 ὄντι
1233 1256 1444 1290 συνθεολογεῖται
1453 1255 1508 1291 (86)
1516 1256 1562 1282 καὶ
1579 1256 1779 1288 συνδοξάζεται·
1794 1257 1841 1283 καὶ

1059 1303 1088 1329 τό
1104 1311 1134 1336 γε
1150 1303 1252 1337 μεῖζον.
1267 1302 1392 1337 ἀνόμοιος
1403 1301 1502 1336 ἑαυτῆς
1523 1302 1539 1336 ὴ
1571 1302 1654 1337 Τριὰς
1674 1302 1839 1337 εὑρίσκεται,

1060 1346 1148 1379 ξέναις
1161 1347 1207 1373 καί
1222 1346 1371 1382 ἀλλοτρίαις
1388 1345 1484 1380 φύσεσι
1493 1354 1522 1371 τε
1539 1346 1585 1371 καὶ
1596 1347 1655 1377 ταῖς
1668 1346 1770 1378 οὐσίαις
1779 1355 1841 1373 συν-

1062 1391 1200 1426 ισταμένη.
1218 1391 1302 1417 Τοῦτο
1316 1391 1343 1417 δὲ
1377 1391 1452 1417 οὐδὲν
1468 1391 1560 1426 ἕτερόν
1579 1392 1652 1417 ἐστιν
1666 1393 1751 1418 εἰπεῖν
1766 1393 1781 1428 ἢ
1797 1401 1841 1426 γε-

1059 1437 1142 1471 νητὴν
1157 1437 1206 1472 τὴν
1227 1436 1279 1471 (87)
1293 1437 1342 1471 τῆς
1356 1437 1469 1471 Τριὰδος
1499 1437 1635 1464 σύστασιν.
1665 1438 1775 1473 Ποταπὴ
1796 1436 1841 1465 οὖν

1059 1483 1128 1519 αὕτη
1141 1483 1278 1510 Θεοσέϐεια
1295 1484 1311 1518 ἡ
1327 1483 1394 1519 μηδὲ
1409 1483 1490 1519 ἑαυτῇ
1503 1483 1583 1519 ὁμοία
1594 1484 1773 1520 τυγχάνουσα,
1785 1484 1840 1513 ἀλλ’

1060 1532 1092 1557 ὲκ
1103 1531 1259 1565 προσθήκης
1275 1530 1375 1566 χρόνων
1390 1531 1574 1566 πληρουμένη,
1588 1532 1634 1557 καὶ
1660 1532 1725 1558 ποτὲ
1740 1532 1788 1567 μὲν
1805 1533 1840 1567 μὴ

1061 1577 1156 1608 οὕτως,
1172 1577 1236 1603 ποτὲ
1250 1577 1278 1603 δὲ
1291 1577 1345 1612 (88)
1375 1576 1461 1609 οὕτως
1482 1575 1566 1610 οὗσα;
1588 1578 1667 1609 Εἰκὸς
1690 1579 1744 1614 γὰρ
1758 1579 1841 1615 αὐτὴν

1060 1624 1107 1649 καὶ
1119 1623 1197 1649 πάλιν
1214 1623 1345 1658 λήψεσθαι
1373 1623 1539 1659 προσθήκην,
1565 1624 1610 1650 καὶ
1625 1623 1704 1650 τοῦτο
1715 1626 1753 1656 εἰς
1765 1626 1841 1652 ἄπει-

1061 1678 1116 1705 ρον,
1134 1669 1170 1700 ὡς
1187 1668 1260 1700 ἆπαξ
1272 1668 1326 1704 (89)
1341 1669 1387 1695 καὶ
1398 1669 1467 1696 κατὰ
1476 1669 1525 1704 τὴν
1543 1669 1628 1705 ἀρχὴν
1640 1671 1671 1696 ὲκ
1686 1670 1840 1706 προσθήκης

1060 1715 1121 1750 ἔσχε
1137 1716 1186 1750 τὴν
1201 1715 1337 1741 σύστασιν.
1353 1715 1409 1741 Οὐκ
1428 1715 1577 1750 ἀμφίϐολον
1590 1715 1628 1747 δὲ,
1644 1717 1684 1742 ὅτι
1709 1717 1755 1743 καὶ
1765 1716 1842 1743 δυνα-

1059 1760 1103 1786 τὸν
1119 1761 1202 1795 αὐτὴν
1216 1760 1365 1795 μειοῦσθαι.
1381 1760 1420 1787 Τὰ
1430 1761 1483 1796 γὰρ
1498 1761 1703 1796 προστιθέμενα,
1716 1762 1840 1798 φανερὸν,

1058 1805 1099 1831 ὃτι
1113 1805 1158 1831 καὶ
1176 1804 1347 1841 ἀφαιρεῖσθαι
1361 1805 1481 1831 δύναται.

1057 1852 1204 1878 constituta
1225 1855 1277 1878 est.
1311 1850 1364 1877 Nec
1380 1859 1442 1878 vero
1465 1852 1576 1878 dubium
1602 1857 1643 1880 est
1665 1853 1729 1887 quin
1748 1854 1840 1880 eadem

229 1895 315 1931 possit
337 1895 492 1923 deeresrerc
511 1905 517 1922 :
533 1900 638 1922 constat
658 1896 730 1922 cnim
744 1904 775 1923 ea
799 1904 859 1931 qum
872 1897 1008 1924 adduntur
1028 1897 1085 1924 tolli
1104 1896 1228 1923 similiter
1241 1904 1335 1931 posse.

264 1942 308 1969 18.
325 1941 423 1969 Verum
441 1943 475 1968 ita
495 1951 547 1969 non
567 1949 627 1970 cst:
646 1943 724 1970 absit.
742 1942 800 1970 Non
819 1949 870 1975 est,
884 1945 1006 1979 inquam,

229 1986 299 2015 facta
314 1988 451 2020 Trinitas;
468 1988 513 2015 sed
524 1993 623 2015 aeterna
639 1994 720 2023 atque
740 1997 793 2016 una
806 1994 848 2017 est
871 1990 897 2017 in
918 1990 1007 2017 Trini-

225 2038 283 2060 tate
296 2034 432 2065 divinitas.
451 2042 502 2061 una
520 2034 620 2068 pariter
636 2040 787 2062 estsanctae
800 2035 940 2063 Trinitatis
951 2037 1007 2071 glo-

229 2079 269 2106 ria
287 2087 293 2105 :
311 2086 360 2106 vos
375 2084 462 2106 tamen
483 2088 542 2106 eam
559 2081 584 2106 in
600 2081 721 2107 diversas
737 2084 849 2108 naturas
868 2081 1007 2109 diﬂiudere

227 2123 334 2151 audetis
350 2133 355 2151 :
371 2133 486 2160 cumque
503 2124 608 2152 Patrem
626 2130 755 2152 aeternum
767 2134 828 2154 esse
840 2128 1007 2161 concedatis,

229 2170 279 2206 ipsi
306 2170 339 2197 de
355 2169 444 2198 Verbo
467 2171 539 2205 quod
565 2171 603 2197 illi
627 2171 729 2198 assidet
748 2171 848 2204 dicitis,
868 2172 929 2200 Fuit
954 2173 1004 2200 ali-

1094 1944 1136 1970 18.
1155 1944 1210 1970 Οὐκ
1223 1944 1317 1970 ἔστιδὲ
1332 1944 1426 1977 οὕτως·
1437 1945 1473 1981 μὴ
1486 1946 1596 1980 γένοιτοί
1609 1946 1664 1972 οὐκ
1675 1945 1731 1972 ἔστι
1743 1947 1840 1981 γενητὴ

1059 1988 1173 2024 ἡΤριάς
1189 1987 1252 2024 (90)·
1270 1988 1327 2015 ἀλλ’
1352 1990 1435 2022 ἀΐδιος
1463 1990 1509 2017 καὶ
1540 1991 1587 2025 μία
1607 1991 1700 2026 θεότης
1715 1991 1787 2017 ἐστὶν
1813 1992 1841 2017 ὲν

1060 2034 1162 2068 Τριάδι,
1181 2034 1227 2060 καὶ
1246 2035 1294 2069 μία
1309 2034 1372 2067 δόξα
1383 2035 1432 2070 τῆς
1455 2036 1534 2069 ἁγίας
1547 2035 1669 2071 Τριάδος⁴
1683 2036 1729 2062 καὶ
1741 2036 1841 2070 σχίζειν

1059 2080 1142 2115 αὐτὴν
1174 2081 1213 2112 είς
1229 2080 1370 2116 διαφόρους
1399 2081 1493 2114 φύσεις
1517 2081 1642 2116 τολμᾶτε·
1670 2081 1716 2107 τοῦ
1737 2082 1842 2118 Πατρὸς

1059 2125 1144 2151 ἀϊδίου
1154 2125 1239 2157 ὄντος,
1253 2126 1298 2152 τὸν
1320 2126 1524 2162 συγκαθήμενον
1542 2126 1617 2161 αὐτῷ
1633 2126 1717 2161 Λόγον
1738 2127 1840 2161 λέγετε,

1058 2173 1099 2200 ὃτι
1115 2171 1182 2206 (9|),
1194 2169 1248 2199 Ἦν
1264 2181 1327 2199 ποτε
1344 2173 1386 2199 ὅτε
1406 2173 1455 2199 οὐκ
1469 2171 1512 2208 ἦν·
1530 2173 1576 2200 τοῦ
1586 2173 1614 2199 δὲ
1630 2172 1693 2199 Υἱοῦ
1708 2173 1843 2210 συγκαθη-

263 2273 319 2313 (80)
328 2273 420 2304 Basi|.,
438 2272 609 2308 δημιουργόν.
625 2273 754 2306 Felckln.,
771 2275 797 2306 5,
813 2275 1009 2310 δημιουργικὸν

1097 2277 1150 2310 (86)
1173 2277 1294 2313 διξειιοικ,
1309 2279 1356 2303 σὺν
1369 2277 1407 2313 τῷ
1420 2278 1463 2305 ἀεὶ
1476 2278 1530 2304 ὄντι
1544 2278 1717 2313 θεολογεῖται.

227 2309 317 2337 αὐτόν.

264 2344 318 2379 (81)
340 2344 463 2378 Seguer.,
477 2344 628 2380 τυγχάνειο
642 2344 737 2378 Λόγος.
754 2346 782 2370 ὲν
798 2341 829 2377 ᾧ.
850 2344 934 2372 Paulo
949 2351 1010 2380 post

227 2378 308 2411 idem,
327 2379 377 2405 κᾶν
390 2381 422 2405 ἐκ
438 2378 547 2405 τούτων.
562 2378 690 2411 ιδειςιηι..
704 2381 720 2406 2
735 2385 760 2406 et
774 2380 856 2407 editio
865 2378 1007 2412 ComnieL,

227 2415 255 2441 δὲ
267 2416 298 2441 ὲκ
311 2414 414 2440 τούτου.

262 2449 318 2484 (82)
328 2450 372 2476 Sic
384 2449 507 2479 Segucn,
523 2447 646 2484 Basil._ct
658 2448 741 2481 Folc.,
759 2449 785 2480 5,
796 2457 855 2483 qua.-
863 2455 890 2476 et
902 2454 1009 2477 vertunt

227 2482 349 2545 N‘anpius
368 2490 395 2511 et
412 2484 591 2510 Omnibonus.
608 2482 635 2510 lu
654 2484 714 2511 aliis
728 2489 754 2510 et
773 2482 852 2511 editis
867 2484 943 2511 deest
960 2485 1007 2511 καὶ

227 2528 278 2545 ουκ
303 2528 333 2545 .‘l.

227 2528 278 2545 ουκ
289 2528 333 2545 τυ.

263 2541 320 2588 (83‘)
346 2553 469 2588 ὅρμοι-η
496 2553 633 2588 προίόντος
659 2553 704 2579 τοῦ
732 2553 825 2588 χρόνου
848 2553 894 2579 τοῦ
918 2553 1002 2585 ὄντος.

227 2588 299 2624 Idem
319 2589 399 2624 paulo
413 2594 479 2622 post,
495 2588 623 2624 takwﬁ’a,
637 2589 660 2614 εἰ
675 2589 723 2614 οὐκ
739 2589 820 2614 ἔστιν.

263 2622 327 2659 (84)
340 2623 384 2659 Sic
397 2624 506 2657 Seguer.
523 2628 550 2650 ct
571 2622 649 2659 Reg,
665 2628 693 2650 ut
704 2628 730 2650 et
741 2623 858 2659 legerant
871 2622 1003 2659 Omnibo-

228 2658 280 2687 nus
296 2664 323 2686 et
344 2658 474 2685 Nannius.
492 2659 519 2684 lu
540 2658 619 2685 editis
635 2658 733 2685 desunt
763 2658 883 2692 γέγονεν,
904 2658 934 2689 ἐξ
955 2659 1005 2684 οὐκ

225 2694 321 2721 ὄντων.

264 2729 319 2764 (85)
340 2728 508 2764 Sicjegngr.
521 2727 591 2764 Editi
602 2735 666 2764 vero
684 2732 710 2754 et
721 2727 847 2764 alii,_1:pb
863 2727 909 2764 τοῦ
923 2728 1005 2764 1(qu-

227 2761 274 2791 ταί
288 2761 359 2796 Υἱός.
384 2761 446 2790 Mei
461 2762 629 2797 Goblerian.,
640 2762 704 2797 Heg.
721 2761 850 2794 Felckm.,
866 2763 877 2789 1
896 2767 921 2789 et
937 2763 963 2794 5,
977 2761 1007 2789 τὸ

227 2800 352 2861 γεννᾘὺν
374 2798 412 2833 τῷ
428 2797 524 2833 κτίστῃ
545 2802 571 2824 et
590 2796 670 2830 intra,
684 2796 707 2832 ⁷η
729 2798 860 2832 γεννητὴν
885 2797 934 2832 τὴν
958 2797 1007 2833 τῆς

251 2843 296 2861 οια
326 2843 348 2861 :.

228 2835 348 2871 Τριάδος.

1097 2312 1151 2345 (87)
1172 2311 1296 2346 Seguer.,
1318 2311 1486 2346 τήνοιιιίιιὶι.
1510 2313 1570 2340 Mox
1587 2311 1668 2345 idem,
1686 2315 1794 2342 Goliler.
1815 2321 1842 2343 et

1061 2347 1162 2385 fideli...
1181 2348 1203 2377 l,
1213 2345 1405 2385 γποτα-πὴνοῦνὲ
1413 2348 1482 2385 Editi
1497 2353 1523 2375 et
1535 2349 1595 2385 alii.
1610 2351 1717 2385 ποταπὴ
1731 2350 1770 2377 δέ.
1791 2350 1842 2377 lbi-

1061 2383 1361 2421 dcxii_SegucI'.,“Go_bl.,
1380 2382 1556 2421 felcklnqni,
1570 2382 1717 2421 θεοσέϐειᾷ
1729 2387 1745 2420 ἡ
1774 2386 1841 2421 μηδὲ

1060 2418 1140 2452 ἑαυτῇ
1153 2417 1240 2451 ὁμοία.
1260 2417 1354 2449 Basii.,
1379 2417 1443 2451 Reg.
1468 2424 1493 2444 et
1512 2418 1665 2446 Felrkman.
1689 2420 1717 2449 5.
1740 2417 1843 2447 Ῑιοῖκέιιι

1060 2452 1134 2490 item,
1151 2451 1314 2490 θεοσέϐειαή
1334 2452 1409 2486 μπδέ.
1427 2452 1495 2479 Editi
1512 2459 1538 2480 et
1554 2454 1609 2486 alii,
1624 2454 1761 2481 θεοσέϐεια
1774 2455 1842 2490 μηδὲ

1089 2461 1134 2482 ξηι,
1151 2461 1286 2478 οεοσευεια
1299 2461 1314 2486 η
1334 2461 1409 2486 pros.
1427 2461 1495 2479 nutu
1512 2461 1538 2480 et
1554 2461 1609 2486 alii,

1059 2495 1142 2520 αυτ-ης
1155 2495 1244 2521 ομοια.

1095 2522 1292 2563 (ξδλὸιιςυριη
1312 2521 1418 2549 Gobler.
1442 2527 1468 2548 et
1489 2522 1621 2555 Felckm.,
1635 2524 1646 2550 1
1660 2543 1666 2555 ,
1696 2523 1733 2559 μὴ
1756 2532 1840 2556 auem,

1063 2564 1122 2582 πντε
1153 2565 1163 2582 Ξ
1231 2566 1245 2581 ‘.

1082 2565 1149 2625 λίψ)
1169 2562 1293 2623 ἒὲἑὶιργη
1314 2591 1430 2625 Anglia.
1451 2591 1559 2619 Gobler.
1572 2598 1598 2621 et
1621 2592 1752 2624 Felckm.,
1767 2593 1842 2625 1,ὡς

1060 2626 1141 2657 ἅπαξ.
1161 2626 1230 2652 Editi
1244 2631 1269 2652 et
1286 2626 1341 2657 alii,
1358 2626 1409 2657 ἕως
1425 2626 1505 2659 ἅπαξ.

1095 2661 1152 2699 (90)
1162 2661 1291 2691 Felrkui.,
1300 2661 1318 2699 ἓ
1327 2666 1353 2687 et
1366 2662 1449 2699 editio
1459 2661 1602 2699 Columen,
1613 2663 1708 2699 γενετὴ
1718 2665 1734 2699 ἡ
1745 2664 1839 2699 Τριάς.

1060 2695 1121 2735 Mox
1137 2695 1247 2735 seguer.
1264 2702 1289 2722 et
1301 2695 1439 2735 Regulxaav
1453 2696 1565 2735 σχίζειν.
1582 2695 1633 2725 Alii
1647 2695 1711 2726 vero
1723 2695 1750 2726 et
1764 2695 1840 2730 éditi,

1060 2731 1107 2756 καὶ
1124 2732 1235 2765 σχίζειν,
1249 2735 1277 2757 υι
1292 2736 1318 2757 et
1330 2731 1394 2765 legit
1409 2730 1586 2759 Omnibonus.

1096 2766 1151 2800 (9t)
1173 2766 1216 2792 Sic
1234 2765 1344 2800 Seguer.
1361 2765 1392 2793 ln
1408 2766 1467 2794 aliis
1481 2771 1508 2794 et
1521 2767 1601 2795 editis
1619 2767 1695 2795 deest
1711 2768 1764 2795 ὅτι.
