1952 3040
179 92 218 122 ’15
469 93 496 120 S.
518 92 705 120 ATiiANASii
724 92 800 120 OPP.
821 93 910 121 PARS
931 95 952 120 i.
1028 93 1215 122 iiiSTORiCA
1233 93 1276 121 ET
1297 93 1508 122 DOGMATICA.
1779 93 1813 122 76

182 152 255 188 quod
267 151 375 187 quidem
391 151 508 184 exsistit,
521 151 566 178 sed
581 159 613 178 ex
629 151 704 178 nullo
716 156 757 178 est
768 155 873 184 natum,
886 152 966 179 nemi-

1024 153 1138 188 γενηθὲν
1148 153 1176 179 δὲ
1189 153 1221 179 ἐκ
1235 161 1317 184 τινος,
1338 152 1404 188 μηδὲ
1417 152 1486 183 ὅλως
1496 151 1557 186 ἕχον
1573 151 1670 178 ἑαυτοῦ
1687 159 1749 179 τινα
1761 160 1815 179 πα-

183 207 299 234 nemque
314 206 428 233 prorsus
448 198 490 226 sui
506 202 609 233 patrem
637 198 728 225 habet.
751 198 875 225 Asterius
901 205 969 233 quo-

183 253 248 280 quc,
264 245 385 279 sophista
411 244 574 272 vaferrimus
589 248 616 270 et
640 243 751 271 haeresis
776 249 917 278 patronus,
942 244 970 271 in

184 290 294 325 proprio
308 289 439 324 opusculo
455 289 558 316 addidit
575 296 628 316 non
644 288 746 317 factum
770 297 830 317 esse
855 290 881 317 id
897 290 971 325 quod

183 343 238 363 non
254 335 421 368 estfactum,
440 335 486 362 sed
502 335 575 370 quod
594 343 701 369 semper
714 340 766 362 est.
791 335 883 370 itaque
902 344 971 371 quo-

183 389 245 408 nam
270 389 352 408 sensu
373 388 468 408 vocem
485 389 538 408 non
563 381 627 408 facti
656 382 836 417 intelligerent
859 390 971 410 necesse

181 431 239 453 crat
263 434 321 459 eos,
340 426 544 461 interrogando,
569 427 723 461 explicare,
748 432 777 454 ut
795 427 921 456 videlicet
946 430 969 456 is

182 472 229 506 qui
250 472 478 507 interrogabatur,
491 473 541 500 rite
552 478 643 507 posset
656 474 828 508 respondere.

218 563 262 590 3i.
272 563 350 596 Quod
363 564 423 591 sise
434 568 504 591 recte
513 568 608 599 putant
622 564 788 599 interrogare
798 572 860 592 cum
873 565 968 592 aiunt:

185 609 310 638 Unumne
324 615 366 638 est
381 619 434 638 non
451 610 563 643 factum,
577 619 610 639 an
623 611 696 639 duo?
716 613 834 646 primum
849 612 970 646 quidem,

181 661 212 684 ut
226 657 343 693 imperiti
357 678 365 689 ,
385 658 504 685 audituri
523 663 587 686 sunt
611 663 639 685 ct
661 659 745 686 multa
767 662 793 685 et
808 659 876 685 nihil
885 666 946 686 esse
962 668 968 685 :

180 703 298 738 plurima
311 724 319 737 ,
345 704 475 738 inquam,
500 712 561 738 quae
579 712 644 732 esse
665 708 800 738 possunt;
820 704 890 731 nihil
906 711 970 731 vero

181 749 255 784 quod
272 749 331 776 licri
354 757 407 776 non
429 754 527 784 queat,
543 750 775 784 quemadmodum
789 749 892 777 dictum
916 755 968 778 est.

182 795 235 823 Sed
255 796 290 828 si,
305 797 449 824 utAsterio
465 797 575 832 placuit,
595 804 648 823 non
668 797 693 824 id
707 797 780 832 quod
798 796 899 824 factum
917 790 968 829 est,

181 841 228 868 sed
249 841 320 876 quod
337 830 508 876 semperest,
524 849 578 868 non
596 841 697 869 factum
716 830 792 875 esse,
808 841 848 869 sic
863 841 900 873 illi
919 843 970 868 hoc
985 830 1007 858 Β

181 894 263 914 sensu
282 887 466 922 interrogant;
484 888 595 915 audiant
608 895 657 915 nec
678 888 762 915 semel
786 888 833 915 sed
858 887 968 922 saepius,

180 932 278 960 Filium
295 933 444 960 secundum
461 933 531 960 hanc
554 933 780 968 signiﬁcationem
795 941 848 959 non
866 932 968 960 factum

179 985 259 1013 posse
278 977 343 1005 dici.
361 977 484 1013 Namque
511 986 561 1006 nec
585 982 628 1006 est
645 986 679 1005 ex
698 978 780 1005 rebus
790 977 871 1005 factis
883 998 891 1011 ,
920 985 970 1005 nec

179 1032 259 1059 opus,
277 1025 324 1051 sed
349 1031 456 1058 semper
472 1032 526 1050 una
546 1031 608 1051 cum
631 1023 711 1051 Patre
731 1028 782 1057 est,
798 1024 903 1059 utijam
919 1023 971 1051 fuit

179 1070 334 1105 probatum,
345 1071 453 1097 etiamsi
467 1071 557 1097 varias
569 1070 605 1097 illi
622 1070 725 1098 formas
738 1070 863 1104 induant,
877 1075 906 1098 ut
919 1071 969 1098 im-

178 1116 223 1150 pia
238 1115 294 1143 haec
306 1116 437 1143 adversus
453 1116 598 1144 Dominum
610 1118 715 1151 possint
730 1115 851 1151 proferre
865 1116 945 1144 verba
960 1125 967 1144 :

179 1161 220 1189 Ex
244 1162 329 1190 nihilo
345 1167 407 1190 est:
425 1167 462 1192 et.
479 1161 538 1190 Non
563 1168 622 1190 erat
637 1168 782 1197 antequam
800 1167 967 1190 nasceretur.

182 1207 261 1242 Quod
277 1209 300 1235 si
315 1209 389 1235 omni
412 1216 445 1236 ex
468 1214 544 1243 parte
556 1209 671 1244 explosi,
687 1209 796 1236 demum
816 1209 902 1236 velint
923 1209 968 1236 illa

177 1262 246 1281 voce
269 1255 417 1290 signiﬁcari
443 1254 469 1282 id
480 1275 488 1287 ,
504 1255 575 1289 quod
599 1255 712 1282 exsistat
727 1254 849 1289 quidem,
866 1263 920 1281 non
934 1255 969 1282 sit

179 1304 270 1327 autem
286 1308 319 1327 ex
333 1301 426 1335 aliquo
439 1305 540 1334 ortum,
553 1308 640 1335 neque
655 1300 698 1328 sui
715 1300 801 1334 ipsius
813 1300 910 1327 habeat
922 1308 970 1335 pa-

180 1351 268 1379 trem;
284 1347 510 1381 rcspondchimus
524 1355 587 1374 cum
606 1354 688 1381 quem
706 1347 758 1373 hoc
778 1347 859 1374 modo
884 1347 970 1381 signi-

178 1394 271 1425 ticant,
287 1401 371 1420 unum
388 1401 420 1420 ac
442 1393 531 1421 solum
558 1401 619 1420 esse
641 1400 696 1420 non
714 1392 816 1420 factum
838 1392 944 1420 Patrem
960 1401 966 1419 :

178 1447 233 1474 quo
248 1439 358 1474 quidem
379 1447 512 1474 responso
529 1440 615 1466 nihilo
631 1439 718 1475 magis
731 1444 795 1466 sunt
809 1438 966 1473 profecturi.

176 1484 233 1513 Nec
255 1486 326 1513 enim
351 1494 384 1513 ex
407 1493 459 1518 eo,
490 1486 562 1521 quod
595 1485 666 1513 Deus
696 1486 747 1513 hac
778 1486 887 1514 ratione
912 1494 965 1513 non
982 1500 1004 1529 ρ

171 1531 266 1559 .factus
280 1532 396 1564 dicatur,
422 1533 545 1567 sequitur
564 1532 666 1560 factum
683 1540 745 1560 esse
770 1531 881 1566 Filium,
904 1540 967 1560 cum

170 1585 212 1604 ex
234 1577 421 1612 superioribus
447 1578 615 1612 argumentis
645 1578 750 1605 ciarum
775 1578 811 1605 sit
835 1578 890 1604 tale
905 1585 966 1605 esse

177 1622 310 1656 Verbum,
323 1623 414 1658 qualis
439 1628 482 1651 est
508 1624 555 1659 qui
581 1625 671 1658 ipsum
697 1623 801 1659 genuit.
833 1623 966 1656 Quocirca

177 1670 284 1697 etiamsi
307 1669 379 1696 Deus
392 1669 427 1696 sit
446 1677 500 1696 non
518 1670 619 1702 factus,
636 1677 691 1697 non
708 1670 810 1698 ideirco
833 1670 904 1697 facta
919 1670 966 1698 sed

178 1723 241 1743 vere
259 1715 347 1751 genita
364 1720 405 1742 est
426 1716 488 1750 ejus
508 1717 610 1751 imago,
639 1724 700 1751 qua:
723 1717 782 1751 ejus
800 1721 827 1744 et
848 1716 967 1744 Verbum

187 1766 216 1789 et
231 1761 370 1796 Sapientia
391 1767 442 1788 cst.
460 1760 551 1797 Ecqua
564 1762 637 1789 enim
654 1762 797 1790 intercedit
819 1763 968 1790 similitudo

181 1808 252 1836 inter
274 1816 332 1836 rem
347 1808 453 1835 iactam
469 1813 496 1836 et
517 1815 571 1835 non
583 1807 702 1835 factam?
717 1806 784 1835 Nam
797 1808 891 1835 eadem
919 1816 970 1835 sa:-

178 1855 240 1889 pius
257 1854 348 1882 dicere
365 1854 402 1881 nil
414 1861 496 1889 grave
511 1854 645 1881 videatur.
664 1853 692 1880 Si
705 1854 779 1880 enim
793 1854 820 1881 id
831 1853 905 1888 quod
924 1853 967 1881 ia-

179 1906 254 1928 ctum
272 1905 324 1934 est,
336 1901 421 1927 velint
446 1899 535 1928 simile
549 1907 610 1927 esse
622 1900 683 1935 ejus
700 1899 772 1935 quod
794 1907 849 1926 non
865 1899 966 1927 factum

176 1951 230 1979 est,
246 1947 314 1974 adeo
327 1951 355 1972 ut
365 1946 413 1981 qui
432 1954 516 1972 unum
529 1946 635 1978 viderit,
648 1946 723 1973 aliud
738 1952 847 1980 quoque
860 1945 965 1979 videat;

178 1999 275 2026 parum
299 1995 410 2020 omnino
433 1992 550 2020 abfuerit
572 1992 638 2028 quin
654 1993 746 2020 dicant
771 1992 797 2019 id
814 1992 888 2027 quod
911 2000 965 2020 non

217 2103 273 2140 (35)
291 2103 461 2138 Seguerian.,
475 2104 676 2139 συνταγματίῳ.
693 2104 763 2131 Editi
780 2109 806 2131 et
829 2104 885 2140 alii,
904 2112 964 2130 συν-

178 2139 308 2175 τάγματι.
326 2140 394 2166 ibid.
419 2140 614 2175 Seguerinnus,
630 2140 784 2167 Goblerian.
803 2143 830 2166 et
845 2139 917 2175 Fele.
937 2142 964 2172 1,

1020 198 1097 234 τέρα.
1107 198 1263 233 Προσέϐηκε
1281 198 1309 224 δὲ
1327 198 1372 224 καὶ
1386 199 1400 224 6
1416 196 1568 232 πανοῦργος
1585 197 1714 233 σοφιστὴς
1727 198 1816 225 Ἀστέ-

1023 252 1088 278 ριος,
1104 245 1117 269 6
1135 243 1240 278 καὶτῆς
1258 243 1389 278 αἱρέσεως
1409 243 1568 277 συνήγορος,
1585 242 1614 268 ὲν
1627 242 1665 277 τῷ
1683 243 1739 278 ιδίῳ
1748 252 1814 271 συν.

1022 289 1167 324 ταγματίῳ
1185 289 1241 320 (55)
1258 289 1354 323 λέγων,
1367 288 1499 323 ἀγένητον
1517 285 1587 314 εἶναι
1596 288 1630 314 τὸ⁹
1637 288 1674 324 μὴ
1691 289 1814 324 ποιηθὲν,

1021 335 1076 362 ἀλλ’
1094 336 1137 362 ἀεὶ
1150 335 1190 361 ὃν.
1208 335 1285 361 Κατὰ
1295 337 1369 362 ποῖον
1384 332 1430 361 οὖν
1442 334 1640 371 σημαινόμενον
1666 335 1755 361 νοοῦσι
1786 335 1817 361 τὸ

1021 382 1162 417 ἀγένητον,
1179 381 1231 407 ἔδει
1243 381 1437 416 προστιθέντας
1455 381 1555 412 αὐτούς
1579 381 1694 416 ἐρωτᾷν,
1708 381 1751 408 ἵνα
1768 383 1815 407 καὶ
1867 414 1870 417 _

1021 429 1034 455 6
1047 428 1221 463 ἐρωτώμενος
1236 428 1322 463 ὀρθῶς
1339 428 1528 464 ἀποκρίνηται.

1056 567 1099 594 3i.
1120 567 1149 593 Εἰ
1162 567 1190 592 δὲ
1205 567 1344 602 νομίζουσι
1360 565 1448 596 καλῶς
1470 565 1586 600 ἐρωτᾷν,
1599 565 1628 590 ὲν
1645 563 1684 599 τῷ
1713 563 1813 597 λέγειν,

1025 614 1072 640 Ἐν
1082 614 1110 640 τὸ
1128 613 1258 648 ἀγένητον
1269 612 1337 648 (56),
1351 612 1367 647 ἦ
1379 612 1441 643 δυο;
1454 611 1615 638 ἀκούσονται
1630 610 1736 646 πρῶτον
1753 610 1812 645 μὲν,

1022 661 1058 692 ὡς
1075 660 1200 695 ἀμαθεῖς,
1212 658 1298 685 πολλά
1308 661 1340 684 τέ
1349 656 1418 684 εἶναι
1433 657 1480 684 καὶ
1489 657 1576 688 οὐδὲν,
1591 656 1705 682 πλεῖστα
1719 656 1769 691 μὲν
1779 655 1816 683 τὰ

1021 707 1155 742 δυνάμενα
1168 705 1303 740 γενέσθαι,
1323 704 1398 731 οὐδὲν
1413 704 1479 730 δὲτὸ
1498 703 1534 739 μὴ
1549 703 1706 738 δυνάμενον,
1719 702 1815 739 ὥσπερ

1021 753 1138 789 εἴρηται.
1150 753 1181 778 Εἰ
1192 752 1229 784 δὲ,
1241 751 1417 785 ὡς’Λστερίῳ
1431 749 1589 785 ἧρεσε(57),
1599 750 1629 776 τὸ
1639 749 1676 785 μὴ
1695 750 1812 784 ποίημα,

1021 799 1129 825 ἀλλ’ἁεὶ
1143 798 1172 824 ὃν
1188 798 1320 832 ἀγένητον
1332 795 1411 827 εἶναι,
1421 796 1506 826 οὕτως
1520 796 1667 832 ἐρωτῶσιν·
1678 795 1815 823 ἀκουέτω-

1022 851 1070 869 σαν
1085 842 1134 877 οὐχ
1147 842 1229 874 ἅπαξ,
1246 841 1313 868 ἀλλὰ
1338 841 1477 872 πολλάκις,
1495 841 1535 867 ὅτι
1559 841 1606 867 καὶ
1633 842 1647 867 6
1663 841 1728 872 Υἱὸς
1742 841 1815 867 οὕτω

1021 887 1091 915 κατὰ
1102 887 1203 922 ταύτην
1216 886 1264 922 τὴν
1289 886 1401 922 ἐκδοχὴν
1415 886 1546 921 ἀγένητος
1575 886 1630 921 (58)
1645 886 1678 913 ἂν
1693 886 1811 921 λεχθείη.

1021 933 1087 960 Οῠτε
1106 938 1161 969 γὰρ
1174 933 1228 960 τῶν
1240 933 1373 968 γενητῶν,
1389 932 1451 958 οὒτε
1470 932 1575 968 ποίημά
1590 933 1673 964 ἐστιν,
1684 932 1753 959 ἀλλὰ
1767 933 1814 958 καὶ

1020 980 1113 1011 ὰϊδίως
1129 980 1236 1006 σύνεστι
1248 979 1288 1014 τῷ
1300 979 1399 1014 Πατρὶ,
1411 978 1505 1014 ὥσπερ
1535 978 1582 1005 καὶ⁹
1598 978 1649 1014 ἥδη
1665 978 1811 1009 δέδεικται,

1019 1026 1072 1053 κᾶν
1087 1026 1216 1057 πολλάκις
1233 1024 1465 1060 μεταϐάλλων-ται,
1491 1024 1535 1050 ἵνα
1567 1024 1648 1059 μόνον
1678 1023 1748 1050 κατὰ
1764 1023 1814 1050 τοῦ

1020 1073 1122 1108 Κυρίου
1136 1072 1262 1106 λέγωσιν,
1298 1070 1342 1103 Ἐξ
1364 1071 1415 1097 οὐκ
1429 1070 1514 1097 ὄντων
1538 1069 1607 1102 ἐστὶ,
1621 1070 1678 1102 καὶ,
1698 1070 1755 1096 Οὐκ
1767 1067 1812 1105 ἦν,

1020 1120 1085 1156 πρὶν
1097 1120 1222 1155 γεννηθῇ.
1243 1119 1356 1146 Πάντων
1381 1119 1412 1154 δὴ
1428 1117 1474 1145 οὖν
1489 1117 1679 1149 ἐκπίπτοντες,
1699 1116 1746 1143 ἐὰν
1766 1116 1813 1143 καὶ

1020 1168 1107 1194 ἐκεῖνο
1125 1167 1179 1202 (59)
1195 1165 1329 1201 Θελήσωσι
1345 1164 1437 1191 λοιπὸν
1459 1164 1563 1199 ἐρωτᾷν
1587 1163 1658 1190 κατὰ
1675 1163 1707 1189 τὸ
1722 1162 1813 1197 ὑπάρ-

1020 1222 1066 1249 χον
1084 1213 1145 1248 μὲν,
1163 1213 1231 1248 μήτε
1245 1212 1274 1239 δὲ
1295 1211 1425 1247 γεννηθὲν
1445 1211 1476 1237 ἐκ
1492 1219 1574 1243 τινος,
1593 1210 1660 1246 μήτε
1676 1209 1737 1245 ἔχον
1750 1210 1811 1236 ἑαυ-

1019 1259 1066 1286 τοῦ
1083 1259 1203 1295 πατέρα·
1219 1258 1379 1285 ἀκούσονται
1392 1257 1441 1293 μὲν
1454 1257 1500 1284 καὶ
1518 1257 1581 1291 παρ’
1596 1255 1675 1292 ἡμῶν
1687 1255 1732 1282 τὸν
1741 1254 1814 1282 οὕτω

1020 1305 1218 1340 σημαινόμενον
1231 1304 1278 1330 ἕνα
1290 1303 1337 1330 καὶ
1354 1303 1434 1338 μόνον
1450 1302 1581 1337 ἀγένητον
1609 1301 1663 1337 (40)
1677 1298 1747 1327 εἶναι
1766 1300 1813 1327 τὸν

1020 1351 1139 1386 Πατέρα,
1155 1350 1230 1376 οὐδὲν
1248 1350 1275 1376 δὲ
1289 1349 1369 1376 πλέον
1384 1349 1489 1381 ἕξουσιν
1504 1349 1536 1375 ὲκ
1544 1348 1592 1375 τοῦ
1603 1348 1715 1375 τοιαῦτα
1730 1347 1810 1374 ἀκού-

1020 1406 1059 1424 ειν
1071 1396 1178 1428 αὑτούς.
1196 1396 1263 1422 Οὐδὲ
1279 1395 1332 1432 γὰρ
1361 1395 1391 1422 τὸ
1420 1395 1506 1426 οὕτως
1534 1394 1665 1429 ἀγένητον
1687 1393 1812 1428 λέγεσθαι

1020 1442 1065 1469 τὸν
1078 1442 1144 1468 Θεὸν
1155 1442 1275 1469 δείκνυσι
1287 1440 1400 1475 γενητὸν
1418 1440 1472 1475 (41)
1494 1437 1562 1466 εἶναι
1584 1439 1630 1466 τὸν
1647 1439 1720 1472 Υίὺν,
1731 1439 1811 1474 δήλου

1019 1489 1094 1520 ὄντος
1109 1487 1179 1515 κατὰ
1205 1487 1255 1519 τὰς
1281 1487 1485 1524 προειρημένας
1517 1485 1668 1517 ἀποδείξεις
1691 1484 1812 1511 τοιοῦτον

1022 1529 1091 1559 εἶναι
1107 1531 1152 1558 τὸν
1169 1531 1264 1565 Λόγον,
1282 1529 1337 1563 οἷός
1350 1532 1423 1557 ἐστιν
1438 1531 1453 1557 6
1480 1531 1613 1565 γεννήσας
1639 1530 1729 1556 αὐτόν.
1742 1530 1807 1556 οὐκ·

1021 1578 1068 1605 οὖν
1094 1578 1118 1604 εἰ
1133 1578 1266 1612 ἀγένητος
1281 1576 1339 1612 (42)
1354 1578 1367 1603 6
1387 1576 1462 1608 Θεὸς,
1483 1576 1513 1603 οὐ
1530 1575 1640 1611 γενητὴ,
1670 1575 1739 1602 ἀλλὰ
1751 1575 1807 1609 γέν-

1021 1633 1052 1660 νη
1057 1624 1095 1660 μά
1108 1625 1181 1651 ἐστιν
1194 1625 1210 1658 ή
1223 1623 1318 1650 τούτου
1330 1622 1422 1656 εἰκὼν,
1439 1623 1500 1657 ἥτις
1516 1622 1588 1649 ἐστὶν
1601 1623 1616 1648 6
1632 1621 1717 1657 Λόγος
1727 1621 1810 1648 αὑτοξ

1020 1671 1067 1697 καὶ
1082 1671 1099 1705 ἡ
1116 1669 1210 1704 Σοφία.
1223 1669 1290 1696 Ποία
1304 1669 1358 1704 γὰρ
1367 1669 1499 1704 ὲμφέρεια
1513 1668 1552 1703 τῷ
1566 1668 1672 1703 γενητῷ
1681 1667 1811 1704 (45)πρὸς

1020 1716 1051 1742 τὸ
1065 1716 1195 1751 ἀγένητον
1204 1724 1211 1748 ;
1221 1715 1304 1742 Πάλιν
1317 1715 1372 1750 γὰρ
1379 1714 1413 1740 τὰ
1426 1714 1496 1741 αὐτὰ
1508 1714 1597 1748 λέγειν
1609 1714 1658 1740 οὐκ
1671 1713 1809 1749 ὀκνητέον·

1021 1762 1082 1788 ἐπεὶ
1095 1763 1119 1788 εἰ
1129 1762 1221 1797 ὅμοιον
1236 1761 1266 1787 τὺ
1282 1761 1396 1797 γενητὸν
1418 1760 1457 1796 τῷ
1473 1760 1599 1796 ἀγενήτῳ
1615 1759 1747 1790 θέλουσιν,
1772 1759 1809 1791 ὼς

1021 1808 1067 1835 τὸν
1081 1807 1187 1843 ὁρῶντα
1202 1806 1281 1833 τοῦτο
1311 1807 1421 1842 βλέπειν
1448 1808 1545 1839 ἐκεῖνο,
1563 1807 1593 1833 οὺ
1621 1807 1729 1843 μακράν
1741 1807 1810 1834 εἰσιν

1021 1853 1117 1885 εἰπεῖν,
1127 1853 1168 1879 ὄτι
1185 1853 1231 1878 καὶ
1242 1852 1272 1879 τδ
1287 1852 1419 1888 ἀγένητον
1432 1852 1488 1887 (44)
1501 1853 1548 1879 καὶ
1564 1852 1722 1888 κτισμάτων
1736 1852 1809 1878 ἐστὶν

1020 1900 1110 1933 εἰκὼν,
1124 1901 1172 1927 καὶ
1186 1900 1278 1927 λοιπὸν
1295 1900 1433 1936 πέφυρται
1450 1901 1539 1927 πάντα
1564 1901 1629 1936 παρ’
1645 1900 1747 1932 αὐτοῖς,
1763 1907 1807 1933 γε-

1020 1945 1107 1981 νητῶν
1121 1946 1175 1981 (45)
1191 1947 1239 1981 μὲν
1253 1946 1377 1979 ὲξίσωσις
1394 1949 1462 1980 πρὸς
1476 1946 1506 1972 τὺ
1519 1945 1659 1981 ἀγένητον,
1675 1945 1808 1980 ἀγενήτου

1018 1992 1046 2018 δὲ
1078 1991 1236 2027 καθαίρεσις
1271 1991 1453 2027 μετρουμένου
1486 1992 1553 2027 πρὸς
1583 1992 1617 2018 τὰ
1651 1992 1808 2027 ποιήματα,

1019 2112 1109 2138 νητον,
1125 2104 1169 2132 hic
1184 2107 1211 2131 et
1225 2111 1300 2131 mox.
1314 2103 1367 2131 Alii
1383 2111 1448 2131 vero
1464 2108 1490 2131 et
1504 2103 1580 2135 editi,
1596 2103 1753 2138 ἀγέννητον.

1055 2140 1111 2181 4:4!)
1121 2138 1212 2181 ,βεεν
1228 2139 1450 2181 Tovem-"Eat"
1462 2143 1492 2181 ει
1503 2139 1562 2181 alii,
1577 2139 1699 2181 γειητέν-

288 2175 418 2214 ἀγένητον
441 2165 511 2214 εἶναι
534 2175 564 2201 τὸ
652 2174 773 2214 ποιηθὲν,
791 2165 965 2214 ἀλλίλὰἲδιονξ

1053 2165 1109 2210 (4'2)
1121 2165 1292 2214 basiliensis,
1303 2165 1444 2214 'A-ng‘lican.
1460 2165 1691 2214 (iobl‘erzit'i‘ielc.
1708 2174 1734 2214 l_,
1747 2173 1806 2209 ἀγέ-

179 2209 284 2238 Editiet
293 2210 442 2246 tilli,;kéj(toV
449 2211 595 2246 ἀγέννητον
605 2211 712 2237 εἶναιτὸ
724 2210 760 2245 μὴ
771 2210 892 2245 ποιηθὲν,
901 2209 966 2246 γάλλ*

178 2247 222 2274 ἀεὶ
239 2245 278 2273 ὅν.
296 2245 361 2272 lhid.
378 2245 537 2280 Seguerlan.
555 2251 581 2272 et
594 2246 671 2280 Reg.,
687 2245 758 2271 κατὰ
777 2247 851 2271 ποῖον
864 2245 964 2272 τοίνυν.

178 2281 262 2314 Editi,
278 2280 349 2308 κατὰ
364 2282 439 2306 ποῖον
453 2279 509 2307 οὖν.
526 2281 590 2307 item
605 2279 763 2315 Se'guerian.
784 2281 861 2310 ibid.,
876 2280 965 2307 νοοῦσι

178 2317 209 2343 τὸ
234 2317 377 2352 ἀγένητον.
402 2316 481 2344 Editi.
505 2316 594 2342 νοοῦσι
619 2317 648 2343 τὸ
673 2315 829 2350 ἀγέννητον.
853 2315 925 2342 Felc.

178 2352 257 2383 ibid.,
271 2352 324 2378 ἔδει
339 2351 581 2386 προσποιηθέντας.

226 2387 270 2422 36)
293 2387 464 2422 Seguelian.,
482 2387 622 2422 ἀγένητον.
638 2386 707 2414 Editi
720 2387 874 2421 ἀγέννητον.

225 2422 270 2456 57)
291 2423 336 2450 Sic
355 2429 422 2449 mss.
439 2427 534 2456 praeter
546 2422 618 2449 Felc.
630 2422 658 2452 ἢ,
674 2423 731 2456 qui.
746 2427 776 2448 ut
791 2422 867 2452 editi,
885 2429 963 2448 men-

177 2456 244 2485 doée
262 2458 343 2485 habet
365 2457 462 2493 ἦρησε.
484 2457 544 2484 Mox
573 2456 962 2493 Sguerianus,VBasiliensis,

176 2493 355 2527 Anglicanus,
376 2489 533 2519 Cohlerian.
550 2497 577 2527 et
596 2491 668 2519 Felc.
686 2493 710 2522 Ι,
736 2492 867 2527 ἀγένητον
882 2489 962 2517 εἶναι.

177 2525 247 2554 Ειιῆἰ
263 2532 289 2553 et
302 2528 359 2558 alii,
374 2527 522 2563 ἀγέννητον
535 2525 616 2554 εἶναι.
635 2527 720 2554 Paulo
733 2525 794 2562 νόει
805 2525 962 2562 Anglican,

175 2562 243 2589 ἀλλὰ
256 2562 302 2588 καὶ
318 2562 455 2595 πολλάκις.

213 2598 275 2633 (58)
290 2597 484 2632 Seguerianus,
507 2597 618 2632 Regius,
643 2597 813 2628 Basiliensis,
835 2597 962 2633 Anglica—

175 2641 238 2665 nus,
262 2632 418 2661 Goblerian.
438 2639 464 2660 ct
487 2633 643 2662 Felckman.
671 2636 695 2664 l,
713 2633 854 2667 ἀγένητος.
880 2632 961 2664 Eliti,

175 2668 332 2704 ἁγέννητος.
350 2667 411 2695 Mox
424 2668 498 2696 Felc.
517 2669 542 2701 5,
562 2669 616 2695 τῶν
631 2669 777 2704 γεννητῶν.
795 2668 847 2694 Alii
862 2673 888 2694 et
904 2667 962 2694 etii-

175 2705 213 2731 tio
225 2703 369 2739 Coum-el.,
383 2704 512 2739 γενητῶν.

209 2739 267 2775 (59)
288 2738 413 2775 δεδυειίη
428 2737 489 2775 κατ’
504 2740 601 2766 ἐκεῖνο.
615 2738 700 2775 Paulo
711 2743 773 2774 post
788 2737 866 2772 Bcg.,
885 2746 962 2773 γενη-

173 2773 220 2801 θεν
233 2774 264 2800 ἐκ
280 2782 361 2810 τινος.
383 2774 434 2810 Alii
448 2779 475 2800 et
488 2775 564 2802 editi.
581 2773 721 2810 γεννηθένζ

209 2809 263 2842 (ιο)
279 2809 391 2843 Segucr.
402 2808 483 2837 Basil.
499 2807 603 2845 Anglic.
615 2807 724 2837 Gobler.
736 2813 762 2836 et
777 2807 847 2836 Felc.
863 2808 888 2842 1,
902 2807 962 2842 ἀγέ-

1017 2218 1106 2245 νητος.
1117 2209 1172 2245 Alii
1188 2214 1214 2236 et
1229 2210 1306 2241 editi,
1320 2210 1476 2244 ὰγέννητος.
1492 2209 1559 2236 ibid.
1575 2209 1647 2236 Feic.
1660 2209 1687 2241 5,
1700 2210 1729 2235 οὐ
1744 2217 1806 2244 γεν-

1017 2245 1094 2280 νητή.
1111 2244 1206 2272 Caeteri
1222 2249 1249 2272 et
1261 2245 1336 2276 editi,
1354 2245 1384 2271 οὺ
1399 2245 1511 2280 γενητή.

1054 2279 1202 2322 (ἱὸλιῖριοι.
1220 2279 1246 2312 5,
1260 2279 1299 2315 τῷ
1316 2280 1448 2322 γεννητῷ.
1466 2279 1537 2306 Idem
1554 2279 1671 2322 ibidhet
1691 2279 1806 2322 Regius,

1017 2316 1085 2351 πρὸς
1101 2316 1131 2341 τὸ
1147 2315 1305 2351 ἀγέννητον.
1320 2315 1418 2351 Cameri
1431 2323 1500 2351 mss,
1513 2323 1575 2341 cum
1588 2315 1708 2351 editione
1723 2315 1806 2343 Gom-

1017 2349 1091 2382 In'el.,
1117 2351 1155 2384 τῷ
1172 2349 1278 2385 γενητῷ
1304 2350 1372 2385 πρὸς
1397 2350 1427 2376 τὸ
1453 2350 1593 2385 ἀγένητον.
1614 2349 1677 2376 Mox
1700 2350 1805 2385 Segue-

1016 2386 1099 2418 rian.,
1122 2386 1305 2422 helopem.
1328 2385 1394 2413 ibid.
1417 2385 1538 2422 Felc._5,
1558 2385 1588 2411 τὸ
1615 2385 1742 2422 γεννητὸν
1766 2387 1806 2422 τῷ

1015 2422 1166 2456 ἀγεννήτῳ.
1182 2419 1261 2455 Reg”
1278 2421 1308 2447 τὸ
1332 2421 1444 2456 γενητὸν
1468 2419 1507 2456 τῷ
1528 2420 1678 2456 ἀγεννήτῳ.
1703 2420 1754 2447 Alii
1780 2419 1804 2448 ei

1015 2454 1098 2484 editio
1111 2454 1258 2487 Commel.,
1274 2456 1304 2482 τὸ
1320 2454 1434 2491 γενητὸν
1449 2454 1487 2490 τῷ
1503 2454 1637 2490 ἀγενήτῳ.
1654 2454 1726 2482 Ἰίθιιι
1755 2456 1806 2483 ibi-

1015 2492 1076 2531 dem
1095 2492 1207 2531 Seguer.
1232 2491 1387 2531 Gohlerian.
1408 2496 1438 2531 ft
1461 2491 1533 2531 if‘elc.
1559 2491 1585 2523 i,
1601 2491 1805 2531 6Bth-caﬂ'roﬁ-ro

1015 2527 1124 2587 ξλέπειν
1138 2528 1234 2553 ἐκεῖνο.
1258 2527 1330 2554 Editi
1345 2531 1372 2553 et
1391 2527 1446 2558 alii,
1462 2526 1568 2562 ὁρῶντα
1582 2526 1678 2553 τοῦτον
1695 2526 1804 2561 βλέπειν

1031 2570 1128 2587 κεινον.

1031 2570 1060 2588 κε
1064 2570 1117 2588 ινον
1122 2582 1128 2588 .

1051 2597 1106 2632 (44)
1122 2596 1228 2633 Βοςὶυε
1251 2597 1335 2633 codex
1352 2600 1380 2623 et
1395 2595 1467 2633 [τοις.
1489 2597 1516 2629 5,
1530 2597 1687 2633 ἀγέννητον.
1704 2596 1757 2623 Alii
1777 2601 1804 2633 et

1014 2632 1098 2660 editio
1113 2631 1258 2663 ConimeL,
1282 2632 1510 2667 ἀγένητονζιὺὶᾱ.
1531 2633 1578 2659 καί
1601 2631 1664 2660 ante
1688 2631 1803 2666 κτισμὶντ

1013 2676 1067 2693 των
1083 2668 1159 2694 deest
1170 2668 1196 2693 in
1210 2666 1368 2702 Seguerian.
1384 2672 1411 2694 et
1423 2666 1489 2702 Reg.

1051 2702 1106 2738 (45)
1127 2701 1283 2738 Εειοιίηιιιιι.
1312 2702 1338 2738 5,
1367 2701 1507 2738 γεννητοῦ.
1536 2702 1688 2738 Οιξῑθτὶηθι
1717 2701 1803 2738 editio

1012 2735 1158 2770 Coinmcl.,
1178 2737 1307 2772 γενητῶν.
1329 2737 1396 2765 ibid.
1421 2735 1487 2773 R'eg.
1508 2743 1535 2765 et
1556 2737 1627 2773 Fele.
1645 2737 1672 2769 5,
1689 2736 1756 2772 πρὸς
1767 2735 1805 2773 ’τὸ

1013 2773 1171 2809 ἀγέννητον,
1185 2771 1336 2808 ἀγεννήτου
1357 2773 1385 2799 δὲ
1402 2771 1569 2809 καθαίρεσις.
1590 2772 1641 2809 ΑΙῇὶ
1660 2771 1721 2809 cum
1741 2771 1802 2798 edi-

1014 2809 1086 2836 tione
1100 2806 1244 2842 Co:nmel.,
1262 2806 1330 2844 πρὸς
1345 2808 1375 2834 τὸ
1395 2806 1536 2844 ἀγένητον,
1551 2807 1683 2842 ἀγενῆτου
1695 2806 1735 2838 δέ,
1747 2811 1803 2836 etc.
