1952 3040
231 109 265 135 87
514 109 542 135 S.
563 108 746 136 ATilANASlI
763 108 835 137 OPP.
860 109 948 136 PARS
967 109 986 137 Ι.

1065 109 1245 140 HISTORICA
1264 111 1308 138 ET
1330 111 1536 139 ΒΟΟΜΑΤΙεέ..
1810 109 1843 138 88

232 169 309 197 factae
322 174 395 202 sunt,
412 177 523 204 prorsus
538 169 601 202 quia
620 169 686 203 ipsa:
701 169 768 197 liunt
783 177 844 197 cum
858 174 936 198 antea
958 178 1010 197 non

1065 171 1104 197 Σὺ
1115 171 1148 198 δὲ
1162 174 1178 198 ὀ
1191 172 1280 205 αὐτὸς
1289 170 1326 203 εἶ,
1338 171 1387 198 καί
1402 171 1439 198 τὰ
1452 171 1505 204 ἔτη
1518 178 1576 197 σου
1590 170 1644 196 οὐκ
1659 168 1842 202 talem-ovat.

232 220 334 248 essent,
353 215 415 242 binc
441 215 562 241 mutabili
580 220 644 242 sunt
671 219 779 242 natura.
802 215 836 242 At
857 215 943 243 Filius
964 216 1011 250 qui

233 266 274 289 est
286 269 318 289 ex
331 260 420 293 Patre,
431 260 543 295 ejusque
556 265 658 288 natura:
672 261 800 296 proprius
812 266 864 293 est,
884 262 1014 289 mutatio-

235 307 276 334 nis
289 311 316 334 et
330 305 515 334 conversionis
530 310 571 333 est
584 313 691 340 expers,
703 313 758 333 non
773 306 852 333 aliter
863 314 944 341 quam
956 307 1012 342 ipse

235 353 321 380 Pater.
339 352 394 379 Nec
405 351 476 379 enim
493 351 535 379 fas
554 356 595 380 est
614 352 706 380 dicere
731 360 762 380 ex
779 357 876 380 natura
890 353 1013 380 immuta-

234 399 279 426 bili
293 398 421 426 mutabile
439 397 558 426 Verbum
578 402 605 426 et
624 399 782 426 mutabilem
798 399 957 434 sapientiam
972 399 1011 434 gi-

233 446 287 481 gni.
305 445 448 478 Quomodo
464 444 537 472 enim
553 444 672 472 Verbum
689 451 749 472 esse
769 445 866 480 possit,
881 444 904 472 si
922 449 1012 472 muta-

233 492 285 520 bile
297 491 356 518 est?
370 491 410 518 vel
427 490 565 526 quomodo
589 490 615 517 id
630 491 704 525 quod
728 495 858 522 mutatur,
879 491 1012 526 sapientia

233 544 292 565 esse
302 535 471 571 queatYNisi
484 535 554 563 forte
572 535 653 563 velint
673 537 713 563 sic
735 543 791 563 rem
807 544 836 563 se
858 536 966 570 habere,
982 540 1013 564 ut

232 582 357 610 accidens
370 586 411 610 est
433 582 460 609 in
484 582 651 614 substantia,
677 582 714 609 ita
732 582 836 610 scilicet
861 587 889 610 ut
909 582 936 609 in
956 583 1012 618 pri-

233 633 293 655 vata
309 628 399 663 aliqua
410 627 561 655 substantia
577 627 700 661 quaedam
713 628 798 662 gratia
811 627 941 655 acciderit
959 629 1012 655 vir-

233 674 352 709 tutisque
366 674 485 707 babitus,
497 674 544 709 qui
569 673 619 701 hac
644 674 749 701 ratione
765 673 883 701 Verbum
896 695 904 707 ,
925 674 1011 702 Filius

231 725 258 748 et
272 719 409 754 Sapientia
423 719 460 747 sit
474 719 638 754 appellatus,
652 719 700 754 qui
722 719 836 754 proinde
855 720 1012 748 decrescere

232 765 317 801 possit
330 769 357 792 et
370 772 503 793 crescere.
519 764 603 800 348
617 765 670 792 ista
683 765 766 798 enim,
780 769 860 800 prout
879 766 1010 799 sentiunt,

232 811 331 846 saepius
346 810 517 846 respondere.
541 810 640 838 Verum
654 818 686 838 ea
703 818 757 838 non
775 815 818 839 est
842 811 1011 839 Christiano-

231 865 291 884 rum
307 856 381 884 iides.
401 855 467 884 Nam
484 856 510 883 id
528 863 581 883 non
602 856 720 883 ostendit
737 864 798 884 vere
813 864 873 884 esse
892 856 1010 885 Verbum

230 907 259 930 et
268 902 366 930 Filium
381 901 443 934 Dei,
463 902 505 929 vel
529 902 689 937 sapientiam
708 909 799 930 veram
820 910 880 930 esse
904 904 1012 938 sapien-

231 948 308 976 tiam.
320 947 387 975 Nam
399 947 471 982 quod
485 952 605 975 mutatur
616 951 642 974 et
655 948 830 981 convertitur,
846 955 896 975 nec
912 948 939 975 in
957 956 1011 989 uno

230 999 258 1021 PI.
274 994 368 1021 eodem
397 998 552 1028 perseverat
574 998 656 1027 statu,
676 994 812 1029 quomodo
830 1002 924 1022 verum
950 1003 1011 1023 esse

231 1039 339 1074 potest?
357 1039 439 1074 Atqui
452 1039 583 1067 Dominus
597 1041 678 1072 dicit,
703 1040 759 1075 Ego
779 1049 836 1068 sum
853 1041 949 1068 veritas
966 1042 988 1058 ⁸⁸
1002 1051 1009 1068 :

231 1089 296 1117 ergo
312 1082 336 1109 si
350 1083 405 1116 ipse
419 1081 550 1110 Dominus
564 1083 591 1110 id
605 1083 638 1111 de
652 1091 682 1112 se
696 1089 841 1117 asseverat.
866 1089 894 1112 et
909 1093 938 1113 se
953 1086 1011 1121 ipse

231 1127 427 1155 immutabilem
453 1133 567 1156 testatur
590 1137 660 1161 esse,
683 1130 808 1166 idemque
822 1131 976 1160 didicerunt
985 1137 1012 1160 et

231 1174 392 1202 conﬁrmant
407 1175 562 1207 sancti,imo
580 1176 638 1211 ipsa
647 1176 692 1204 Dei
701 1178 775 1204 notio
783 1178 833 1205 hoc
841 1179 932 1213 pietati
946 1187 1012 1207 con-

232 1227 329 1247 sonum
352 1227 413 1247 esse
431 1220 532 1252 innuit,
548 1221 630 1254 unde,
654 1229 764 1256 quaeso,
788 1223 839 1250 ista
864 1225 1010 1252 commenti

231 1269 297 1292 sunt
311 1264 403 1299 impii?
416 1264 542 1293 Profecto
559 1265 604 1293 illa
615 1273 649 1294 ex
661 1266 743 1295 corde
755 1271 885 1302 tanquam
903 1276 935 1296 ex
947 1277 1011 1297 cor-

231 1310 357 1346 ruptione
368 1305 544 1339 vomuerunt.

265 1400 310 1428 57.
321 1400 434 1433 Quando
453 1409 518 1429 vero
534 1401 633 1429 divinis
648 1403 768 1431 oraculis
783 1403 941 1437 abutuntur,
965 1413 1010 1432 ea-

231 1451 284 1479 que
296 1444 330 1472 ad
345 1453 422 1472 suam
435 1451 551 1474 mentem
567 1446 720 1474 adulterare
731 1447 795 1476 totis
810 1449 959 1476 moliuntur
970 1450 1011 1476 vi-

1063 218 1117 243 Καὶ
1130 218 1241 249 εἰκότως
1252 226 1293 251 γε·
1309 217 1344 244 τὰ
1358 217 1406 253 μὲν
1421 217 1475 252 γὰρ
1497 215 1598 250 γενητὰ
1697 214 1725 247 ἐξ
1736 214 1785 240 οὐκ
1803 213 1844 239 δν-

1061 270 1115 288 των
1130 261 1203 293 ὄντα,
1220 262 1267 288 καὶ
1278 261 1328 288 οὐκ
1341 261 1405 288 ὄντα
1421 261 1484 296 πρὶν
1500 260 1621 295 γένηται,
1646 259 1713 290 ὅλως
1737 259 1777 285 ὅτι
1797 258 1844 284 οὐκ

1062 306 1125 333 ὅντα
1137 307 1251 340 γίνεται,
1262 307 1454 342 ἀλλοιουμένην
1465 305 1521 341 ἔχει
1536 305 1584 341 τὴν
1599 305 1711 340 φύσιν-ὁ
1726 305 1754 332 δὲ
1770 303 1841 336 Υίὺς,

1061 353 1094 378 ὲκ
1108 351 1154 378 τοῦ
1168 352 1272 385 nam;
1284 351 1331 383 ὢν,
1347 352 1394 379 καὶ
1408 352 1457 387 τῆς
1468 352 1560 383 οὐσίας
1585 351 1666 379 αὐτοῦ
1680 351 1753 383 ἴδιος,
1766 351 1844 377 ἀναλ-

1061 399 1170 430 λοίωτος
1182 399 1228 425 καὶ
1244 399 1378 434 ἄτρεπτός
1393 400 1475 430 ἐστιν,
1499 399 1537 430 ὼς
1553 398 1633 430 αὐτὸς
1647 399 1661 425 ὁ
1687 398 1791 433 Πατήρ.
1807 397 1842 424 Οὐ

1062 444 1117 480 γὰρ
1133 444 1211 480 θέμις
1227 445 1313 471 εἰπεῖν
1326 445 1357 471 ὲκ
1383 445 1432 480 τῆς
1461 444 1552 475 οὐσίας
1577 445 1626 480 τῆς
1641 443 1774 480 ἁτρέπτου
1790 442 1844 478 (97)

1061 490 1176 525 τρεπτδν
1189 490 1334 524 γεννᾶσθαι
1351 490 1436 525 Λόγον
1453 491 1499 517 καὶ
1522 489 1713 525 ἀλλοιουμένην
1740 489 1843 524 σοφίαν.

1062 536 1125 567 Πῶς
1138 535 1193 571 γὰρ
1204 535 1244 562 ἔτι
1257 536 1353 570 Λόγος,
1368 536 1392 562 εἰ
1407 537 1522 571 τρεπτός
1539 537 1611 562 ἐστιν
1622 544 1629 567 ;
1644 535 1660 570 ἢ
1671 535 1729 566 πῶς
1741 535 1779 561 ἔτι
1802 543 1846 561 σο-

1062 582 1110 616 φία
1126 581 1156 608 τὸ
1170 581 1373 617 ἀλλοιούμενονς
1386 583 1409 608 ει
1425 581 1461 617 μὴ
1490 581 1544 617 ἄρα
1558 581 1595 612 ὡς
1612 581 1640 607 ἐν
1653 581 1731 616 οὐσίᾳ
1746 581 1845 616 συμϐε-

1062 627 1155 663 ϐηκὸς,
1179 626 1264 658 οὕτως
1290 625 1359 654 εἶναι
1375 627 1505 660 θέλουσιν,
1524 628 1561 658 ὡς
1587 628 1615 653 ἐν
1646 627 1781 662 ίδιαζούσῃ
1793 627 1844 653 τινὶ

1061 672 1139 708 οὐσίᾳ
1153 673 1352 708 συμϐεϐηκέναι
1366 673 1425 700 τινὰ
1445 673 1525 708 χάριν
1540 673 1594 708 (98)
1608 673 1654 700 καὶ
1669 673 1724 705 ἕξιν
1737 673 1844 708 ἀρετῆς,

1062 719 1108 744 καὶ
1127 718 1274 754 κεκλῆσθαι
1301 718 1403 754 ταύτην
1419 718 1503 751 οὕτως
1533 719 1628 753 Λόγον,
1647 716 1695 745 καὶ
1723 719 1785 745 Υἰὸν
1800 719 1844 745 καὶ

1062 764 1170 799 Σοφίαν,
1181 764 1250 790 ὥστε
1267 765 1313 791 καὶ
1327 765 1500 801 ἀφαιρεῖσθαι
1515 766 1561 792 καὶ
1574 765 1765 801 προστίθεσθαι
1778 765 1843 800 αὐτῇ

1061 809 1199 838 δύνασθαι.
1213 810 1331 837 Τοιαῦτα
1345 811 1398 847 γὰρ
1414 811 1573 847 φρονοῦντες
1595 811 1724 842 πολλάκις
1737 811 1845 846 εἰρήκα-

1064 863 1115 881 σιν.
1137 855 1204 881 Ἀλλ’
1215 856 1264 882 οὐκ
1288 855 1346 882 ἔστι
1363 856 1532 892 Χριστιανῶν
1549 857 1565 891 ἡ
1583 856 1672 888 πίστις
1699 855 1778 891 αῦτη.
1796 856 1845 882 Οὑ-

1061 901 1090 926 δὲ
1105 900 1159 935 (99)
1173 901 1226 937 γὰρ
1240 901 1318 927 τοῦτο
1328 901 1461 928 δείκνυσιν
1472 900 1630 936 εἷναιΛόγον
1645 902 1691 928 καὶ
1703 901 1765 928 Υίὸν
1780 901 1845 936 ἁλη-

1062 946 1115 978 θῶς
1132 946 1209 978 θεοῦ,
1229 946 1290 973 οὔτε
1303 947 1351 982 τὴν
1380 947 1475 981 σοφίαν
1488 947 1574 983 ἀληθῆ
1601 947 1704 982 σοφίαν.
1733 947 1769 973 Τὸ
1792 947 1845 983 γὰρ

1061 992 1225 1028 τρεπόμενον
1239 993 1285 1019 καὶ
1308 992 1505 1028 ἀλλοιούμενον,
1534 994 1583 1028 οὐχ
1607 993 1749 1028 ἱστάμενον
1763 993 1791 1020 δὲ
1808 993 1845 1029 (ί)

1062 1038 1090 1063 ἐν
1104 1038 1144 1064 ἐνὶ
1159 1038 1205 1064 καὶ
1217 1037 1255 1073 τῷ
1268 1037 1352 1073 αὐτῷ,
1370 1038 1427 1070 πῶς
1443 1039 1552 1066 δύναται
1576 1037 1644 1066 εἶναι
1672 1039 1785 1074 ἀληθές;
1817 1040 1844 1066 '0

1061 1084 1089 1110 δέ
1107 1092 1138 1118 γε
1154 1084 1255 1119 Κύριος
1269 1084 1352 1119 λέγει·
1373 1085 1445 1120 Ἐγώ
1465 1087 1523 1121 ειμι
1538 1086 1557 1120 ἡ
1572 1086 1705 1120 ἀλήθεια·
1719 1087 1742 1112 εἰ
1758 1086 1845 1112 τοίνυν

1061 1131 1075 1157 ὸ
1100 1130 1200 1166 Κύριος
1230 1131 1311 1162 αὐτὸς
1341 1131 1405 1167 περὶ
1432 1131 1528 1158 ἑωυτοῦ
1549 1132 1627 1159 τοῦτο
1652 1132 1736 1166 λέγει,
1760 1132 1806 1166 καὶ
1816 1132 1845 1158 τὸ

1061 1176 1193 1212 ἄτρεπτον
1209 1176 1306 1203 ἑαυτοῦ
1317 1177 1451 1203 δείκνυσιν
1467 1176 1515 1211 (Ξ)⁷
1529 1177 1554 1203 οῖ
1570 1185 1599 1203 τε
1625 1177 1696 1211 ἆγιοι
1717 1176 1844 1212 μαθόντες

1061 1222 1139 1248 τοῦτο
1154 1222 1346 1258 μαρτυροῦσιν,
1373 1221 1440 1248 ἀλλὰ
1454 1222 1508 1257 γὰρ
1525 1222 1570 1249 καὶ
1596 1222 1623 1248 αι
1646 1222 1709 1258 περὶ
1724 1221 1790 1248 Θεοῦ
1805 1221 1844 1248 ἔν-

1061 1277 1130 1295 νοιαι
1142 1268 1221 1294 τοῦτο
1234 1269 1321 1295 ἴσασιν
1338 1268 1458 1300 εὐσεϐὲς,
1473 1268 1555 1295 πόθεν
1567 1268 1643 1295 ταῦτ’
1654 1268 1802 1303 ἐπενόησαν
1820 1268 1844 1294 oi

1061 1314 1214 1347 δυσσεϐεἴς;
1235 1314 1300 1341 Ἀπὸ
1315 1314 1364 1349 μὲν
1375 1312 1420 1341 οὖν
1432 1314 1482 1349 τῆς
1495 1315 1609 1350 καρδίας
1628 1314 1665 1346 ὡς
1681 1315 1734 1341 ἀπὸ
1746 1314 1844 1350 φθορᾶς

1062 1359 1131 1386 αὐτὰ
1149 1359 1292 1395 ἐξήμεσαν.

1095 1404 1139 1431 57.
1160 1405 1268 1441 Ἐπειδὴ
1282 1405 1320 1440 (3)
1333 1405 1362 1432 δὲ
1379 1405 1590 1442 προφασίζονται
1617 1405 1651 1432 τὰ
1679 1405 1737 1432 θεῖα
1757 1405 1843 1439 λόγια,

1061 1451 1108 1477 καὶ
1122 1450 1259 1486 βιάζονται
1287 1452 1499 1488 παρεεηγεῖσθαι
1531 1451 1615 1479 ταῦτα
1641 1451 1709 1478 κατὰ
1720 1452 1765 1478 τὸν
1782 1451 1844 1478 ἴδιον

230 1489 322 1522 ribus;
335 1497 446 1518 necesse
460 1495 501 1518 est
514 1491 567 1518 illis
580 1491 616 1518 ita
632 1492 807 1526 respondere,
823 1497 854 1521 ut
864 1493 1010 1530 Scripturae

1065 1496 1132 1528 νοῦν,
1146 1497 1290 1531 ἀναγκαῖον
1305 1497 1430 1524 τοσοῦτον
1445 1497 1643 1534 ἀποκρίνασθαι
1657 1497 1771 1529 τούτοις,
1785 1497 1844 1523 ὅσον

238 1534 399 1563 tindicemus
416 1536 508 1570 verba,
531 1536 675 1571 palamque
693 1537 825 1567 iaciamus
847 1547 880 1567 ea
901 1541 1009 1576 quidem

236 1585 303 1608 recte
318 1588 398 1616 posse
412 1581 594 1617 intelligi,_sed
617 1583 677 1610 illos
694 1591 777 1618 prave
797 1585 905 1613 sentire.
928 1586 1012 1614 Aiunt

231 1626 313 1661 igitur
327 1626 360 1654 ab
376 1627 508 1662 Apostolo
531 1629 661 1663 scriptum
677 1637 736 1657 esse
751 1640 757 1657 :
774 1630 883 1666 Propter
898 1632 968 1667 quod
986 1638 1011 1659 et

231 1672 301 1699 Deus
317 1673 442 1700 exultavit
453 1673 539 1706 illum,
552 1678 576 1701 et
592 1674 699 1702 donavit
720 1675 761 1702 illi
778 1685 869 1704 nomen
889 1678 958 1712 quod
972 1683 1010 1705 est

230 1726 309 1753 super
322 1727 396 1745 omne
409 1727 512 1752 nomen,
521 1725 549 1746 ut
561 1721 587 1746 in
600 1722 702 1748 nomine
715 1721 778 1748 Jesu
795 1731 868 1750 omne
880 1732 945 1758 grnu
963 1724 1011 1757 ﬂe-

231 1765 321 1788 ctatur
337 1761 494 1795 caelestium,
512 1763 675 1789 terrestrium
699 1768 723 1790 et
741 1764 904 1798 infernarum
918 1766 940 1782 '°
954 1775 961 1798 ;
985 1771 1012 1793 et

231 1805 300 1839 apud
317 1804 416 1832 David:
427 1805 569 1840 Propterea
584 1807 659 1834 unxit
673 1812 696 1833 te
713 1807 793 1841 Deus,
803 1808 872 1835 Deus
885 1814 944 1837 tuus
955 1810 1010 1837 oleo

231 1849 332 1877 lwtitiw
345 1858 399 1884 pne
417 1851 579 1879 consortibus
594 1853 646 1879 tuis
665 1853 698 1880 “.
726 1852 826 1881 Deinde
853 1860 882 1882 ut
901 1860 1009 1884 acutum

230 1895 333 1930 aliquid
352 1900 518 1924 assumunt:
543 1895 572 1923 Si
596 1898 697 1924 idcirco
721 1899 856 1927 exaltatus
880 1906 931 1932 est,
949 1910 1011 1936 gra-

231 1941 352 1975 tiamque
367 1941 470 1975 accepit
497 1946 524 1968 et
553 1946 652 1970 unctus
674 1947 735 1975 est,
761 1945 911 1972 mercedem
928 1947 1010 1981 igitur

230 1987 330 2020 recepit
344 1995 399 2014 suae
412 1987 570 2015 voluntatis.
587 1987 664 2020 Quod
681 1988 703 2016 si
720 1990 856 2018 voluntate
868 1992 932 2027 egit,
945 2000 1010 2020 sane

230 2032 369 2059 mutabilis
384 2037 425 2059 est
452 2038 565 2060 naturae.
583 2033 645 2061 Hinc
673 2042 726 2061 non
750 2035 836 2063 solum
852 2037 942 2065 dicere
963 2039 1010 2066 sed

229 2076 311 2104 etiam
327 2078 446 2106 scribere
461 2080 520 2106 ausi
531 2085 595 2107 sunt
611 2079 744 2109 Eusebius
757 2086 784 2110 et
800 2082 891 2116 Arius,
903 2084 1011 2111 eadem-

230 2130 282 2158 que
295 2131 343 2158 per
357 2125 474 2151 medimn
494 2124 583 2152 forum
604 2126 742 2162 divulgare
754 2136 809 2156 non
822 2134 950 2156 verentur
963 2137 1011 2157 eo-

1061 1541 1200 1578 ἐκδικῆσαι
1212 1542 1246 1569 τὰ
1260 1543 1329 1578 ῥητὰ
1342 1544 1390 1570 καὶ
1416 1543 1500 1576 δεῖξαι
1525 1542 1611 1569 ταῦτα
1635 1543 1685 1578 μὲν
1708 1542 1746 1578 (4)
1764 1542 1849 1577 ὀρθὴνι

1061 1586 1154 1622 ἔχοντα
1167 1588 1216 1623 τὴν
1229 1588 1358 1621 διάνοιαν,
1375 1589 1495 1620 ἐκείνους
1520 1588 1547 1615 δὲ
1562 1587 1654 1619 κακῶς
1670 1587 1842 1624 φρονοῦντας.

1060 1633 1128 1659 Φασὶ
1153 1634 1252 1666 τοίνυν,
1278 1635 1318 1661 ὅτι
1347 1634 1500 1670 γέγραπται
1530 1635 1606 1672 παρὰ
1635 1634 1684 1670 μὲν
1708 1635 1746 1670 τῷ
1768 1635 1843 1662 Ἀπο-

1061 1679 1145 1714 στόλῳ
1160 1679 1208 1715 (5)’
1226 1680 1273 1706 Διὸ
1292 1681 1340 1707 καὶ
1361 1682 1377 1708 ὀ
1398 1680 1470 1713 Θεὸς
1487 1681 1581 1707 αὑτὸν
1597 1680 1844 1715 ὑπερύψωσε,καὶ

1060 1724 1221 1759 ἐχαρίσατο
1239 1725 1320 1758 αὐτῷ
1339 1725 1433 1760 ὄνομα
1444 1726 1476 1753 τὸ
1488 1726 1564 1760 ὑπὲρ
1588 1726 1649 1754 πᾶν
1676 1727 1779 1762 ὄνομα,
1796 1728 1844 1754 ἵνα

1060 1770 1094 1796 ἐν
1105 1770 1144 1803 τῷ
1156 1771 1277 1805 ὀνόματι
1298 1771 1394 1805 Ἰησοῦ
1412 1771 1449 1807 (6)
1462 1770 1523 1799 πᾶν
1546 1773 1619 1807 γόνυ
1643 1772 1746 1807 κάμψῃ
1756 1773 1843 1799 ἐπου-

1057 1815 1169 1848 ρανίων
1184 1816 1231 1842 καὶ
1245 1816 1392 1850 ἐπιγείων,
1418 1818 1467 1844 καὶ
1491 1818 1702 1852 καταχθονίων’
1729 1818 1803 1853 παρὰ
1817 1818 1844 1844 δὲ

1060 1860 1098 1895 τῷ
1111 1861 1200 1887 Δαυῖδ·
1216 1862 1266 1888 Διὰ
1280 1862 1366 1889 τοῦτο
1381 1862 1484 1897 ἐχρισέ
1500 1871 1536 1890 σε
1550 1865 1566 1890 ὀ
1580 1863 1661 1897 Θεὸς,
1676 1865 1693 1891 ό
1706 1864 1777 1896 Θεός
1788 1872 1844 1890 σου

1060 1904 1164 1931 ἔλαιον
1185 1905 1389 1940 ἀγαλλιάσεως
1413 1908 1492 1941 παρὰ
1517 1907 1588 1941 τοὺς
1611 1909 1757 1943 μετόχους
1775 1915 1844 1935 σου.

1061 1949 1127 1978 Εἶτα
1139 1952 1313 1987 ἐπιφέρουσιν
1323 1952 1360 1984 ὡς
1376 1953 1456 1987 σοφόν
1470 1962 1495 1980 τι
1510 1953 1644 1988 λέγοντες·
1660 1955 1691 1980 Εἰ
1702 1954 1745 1981 διὰ
1768 1953 1845 1980 τοῦτο

1060 1996 1164 2032 ὑψώθη,
1182 1997 1229 2023 καὶ
1243 1997 1321 2033 χάριν
1338 1997 1427 2030 ἔλαϐε,
1445 1999 1492 2025 καὶ
1516 1999 1561 2025 διὰ
1590 1999 1667 2026 τοῦτο
1693 2000 1844 2034 κέχρισται,

1062 2042 1155 2077 μισθὸν
1167 2043 1216 2078 τῆς
1231 2043 1415 2079 προαιρέσεως
1437 2044 1526 2072 ἔλαϐε.
1547 2045 1707 2081 Προαιρέσει
1728 2045 1756 2072 δὲ
1773 2045 1844 2081 πρά-

1061 2088 1119 2121 ξας,
1136 2088 1256 2124 τρεπτῆς
1272 2089 1329 2116 ἐστι
1345 2089 1452 2121 πάντως
1480 2090 1518 2124 (7)
1547 2090 1663 2125 φύσεως.
1691 2090 1790 2123 Ταῦτα,
1813 2091 1844 2117 οὺ

1062 2132 1141 2167 μόνον
1157 2133 1252 2165 εἰπεῖν,
1268 2133 1336 2160 ἀλλὰ
1361 2134 1408 2160 καὶ
1424 2134 1526 2170 γράψαι
1548 2136 1743 2172 τετολμήκασιν
1758 2136 1845 2162 Ebosi-

263 2203 287 2220 "
305 2203 384 2231 Joan.
406 2213 461 2237 xtv,
481 2205 508 2232 6.
544 2207 567 2222 '°
587 2205 685 2241 Philip.
706 2216 737 2240 ιι,
757 2208 842 2242 9,10.
881 2209 903 2225 ἰ
921 2209 994 2238 Psal.
1016 2219 1086 2244 λων,
1108 2211 1133 2239 8.

263 2294 318 2333 (ἓξὲξ)
333 2293 404 2333 licio.
420 2295 447 2327 5,
463 2295 588 2333 γεννητα.
603 2296 665 2333 Alii_
669 2301 696 2323 et
706 2296 781 2328 editi,
795 2298 906 2333 γενητὰ.

263 2329 321 2365 (⁷97)
335 2329 455 2364 Gobler.,
474 2329 546 2358 Felc'.
572 2331 585 2358 1
601 2335 629 2358 et
649 2331 727 2367 Reg.,
751 2329 844 2364 οὐσίας
853 2329 906 2360 τῶν
928 2333 1009 2369 ἀτρέ-

228 2374 319 2436 πτῗίῗέ)
333 2399 378 2428 Sic
391 2408 457 2429 mss.
473 2408 579 2431 omnes,
595 2405 690 2436 praeter
704 2400 775 2428 Fele.
790 2402 816 2431 Ξ..
832 2402 859 2428 in
874 2410 928 2436 quo
942 2409 968 2429 et
983 2403 1009 2430 in

227 2436 306 2478 editis
326 2436 368 2478 sic
388 2436 494 2478 legitur,
509 2436 534 2478 ei
552 2436 592 2478 ph
606 2436 658 2478 ᾷρα
675 2436 714 2478 ὡς
733 2437 762 2463 ὲν
776 2436 855 2478 οὐσία
874 2437 1009 2478 συμϐεϐη-

227 2470 302 2516 κέναι
314 2470 375 2497 τινὰ
390 2470 480 2507 χάριν,
491 2475 542 2498 etc.
556 2470 790 2516 Ιὺὶιίζέξιιειὶεθη..
803 2470 849 2498 καῖ
861 2470 1008 2507 κεκλῆσθαι

344 2539 513 2573 Segnerian.,
533 2540 604 2567 οὔτε.
623 2540 683 2567 Mox
706 2541 774 2568 idem
786 2561 793 2572 .
809 2541 964 2569 Goblerian.
981 2547 1008 2569 et

228 2573 417 2611 Ὲθνιοημϊὶὺν
431 2575 539 2611 ᾴληθῶς
558 2575 634 2603 Θεοῦ.
652 2576 703 2602 Alii
722 2584 785 2603 vero
801 2581 828 2603 et
847 2576 926 2611 editi,
944 2577 1007 2604 Υἱὸν

227 2609 500 2647 καὶ-ἀληθῶς-Θεόν,
522 2611 586 2647 Ibid.
610 2611 720 2645 Seguer.
738 2615 766 2638 et
783 2611 859 2645 Reg.,
874 2610 935 2647 οῆτε
957 2612 1006 2647 τῂν

227 2644 321 2681 σοφίαν
338 2643 424 2681 ᾁληθῇ
440 2646 544 2679 σοφίαν.
561 2646 628 2673 Editi
647 2643 671 2673 et
684 2647 774 2673 caeteri
792 2643 868 2675 mss.
885 2645 945 2672 οὔτε
960 2643 1008 2681 τῆν

226 2679 382 2715 σοφίανῗτὴν
400 2679 486 2715 ἁληθῆ
498 2681 596 2714 σοφίαν,

231 2714 298 2757 “(ibi
320 2714 490 2757 _S'e’guerian.,
508 2716 649 2751 ἱστάμενον
663 2725 703 2744 τε.
718 2715 778 2743 Mox
799 2715 868 2742 idem
881 2720 909 2743 et
929 2715 1006 2752 Reg.,

239 2749 260 2775 0
274 2749 302 2776 δὲ
319 2749 428 2784 Κύριος.
572 2749 577 2751 ⁷
970 2749 982 2752 ⁷

262 2784 362 2821 (Ξλβίε
378 2784 548 2821 Seguerian..
565 2784 673 2821 Gobler.
688 2789 715 2812 et
728 2784 817 2812 Feb-lt.
832 2786 1005 2821 LAnglit‘an.

226 2820 454 2855 vcro,”A-.pemov
467 2819 520 2854 γὰρ
534 2820 610 2846 τοῦτο
624 2820 767 2848 δείκνυσιν.
782 2821 876 2849 Cmteri
893 2819 919 2849 et
931 2823 1005 2853 editi,

1026 2302 1047 2329 D
1061 2301 1192 2340 ᾅτρξπτον
1206 2300 1634 2340 abradere-deoﬁetuvpmmfaulo
1649 2309 1708 2338 post
1718 2303 1844 2340 Seguer.,

1061 2335 1128 2362 ἀλλὰ
1142 2336 1195 2371 γὰρ
1210 2336 1256 2362 καὶ
1271 2336 1309 2371 αἱ.
1326 2336 1395 2363 Editi
1409 2341 1435 2364 et
1451 2337 1506 2369 alii,
1519 2337 1586 2364 ἀλλὰ
1601 2335 1654 2364 καὶ]
1664 2339 1703 2365 αἱ.

1097 2370 1134 2404 (3)
1147 2370 1251 2408 Anglic.
1263 2370 1371 2408 Gobler.
1386 2376 1412 2398 et
1425 2371 1496 2408 Fe_|c.
1512 2372 1537 2404 1,
1551 2373 1620 2406 ἐπείη.
1638 2373 1703 2400 lbid.
1718 2373 1845 2408 Seguer.,

1061 2405 1273 2444 προφασίζονται
1295 2406 1331 2432 τὰ
1355 2406 1424 2434 θεῖα.
1445 2406 1516 2434 Editi
1539 2415 1599 2434 cum
1619 2408 1691 2441 aliis,
1712 2405 1846 2444 προφασί-

1061 2440 1151 2471 ζονται
1168 2440 1214 2466 καὶ
1228 2440 1297 2467 θεῖα.

1098 2475 1135 2513 gi)
1150 2475 1260 2513 Seguer.
1276 2475 1383 2513 Gobler.
1398 2481 1424 2503 et
1438 2476 1509 2513 Eelc.
1525 2477 1549 2505 l.
1565 2476 1600 2503 τὰ
1613 2477 1683 2513 ῥητὰ
1698 2479 1745 2505 καὶ
1758 2478 1846 2511 δεῖξαι

1061 2509 1146 2551 ταῦτα
1166 2510 1226 2550 μένζ
1242 2515 1295 2537 etc.
1313 2510 1365 2537 Alii
1381 2516 1408 2538 et
1425 2512 1501 2544 editi,
1518 2512 1552 2538 τὰ
1574 2509 1682 2547 ῥήματα
1698 2514 1745 2540 καὶ
1760 2509 1846 2545 δεῖξαι

1061 2553 1164 2576 τουτοις
1176 2554 1270 2572 ταυτα.

1092 2580 1133 2640 ἐξ)
1151 2579 1196 2607 Sic
1211 2580 1369 2616 Seguerian.
1382 2582 1417 2608 At
1430 2580 1475 2608 alii
1487 2586 1515 2609 et
1531 2581 1606 2615 editi,
1622 2583 1696 2618 παρὰ
1709 2583 1747 2611 τῶ
1766 2583 1846 2609 Ἀπο-

1122 2624 1153 2640 (υ.

1060 2622 1153 2640 στολω.

1152 2649 1223 2691 ξ’θξςἔ
1291 2650 1377 2691 Ἰησοῦ
1396 2651 1636 2691 5915705.-Pattlo
1656 2656 1717 2679 nost
1730 2651 1832 2680 Gobler

1058 2683 1131 2710 Felt'.
1149 2685 1174 2715 1,
1185 2685 1228 2712 διὰ
1241 2685 1268 2711 δὲ
1282 2683 1327 2711 τοῦ
1341 2683 1433 2717 Δαυῖδ,
1448 2687 1490 2713 διὰ
1509 2686 1595 2713 τοῦτο.

1094 2719 1132 2754 (7)
1149 2719 1338 2755 Seguerianus,
1350 2720 1505 2748 Goblerian.
1522 2727 1548 2749 et
1570 2721 1640 2748 Felc.
1655 2721 1679 2751 1,
1695 2722 1753 2748 ἐστι
1770 2722 1845 2748 πάν-

1058 2750 1125 2802 pws,
1143 2759 1170 2802 et
1184 2750 1271 2802 Vmor,
1370 2757 1419 2802 καὶ
1436 2757 1548 2802 γρόιιὲαι.
1567 2754 1637 2783 Editi
1657 2764 1720 2783 vero
1738 2761 1764 2784 et
1781 2757 1844 2791 alii,

1059 2790 1131 2815 ἐστιν
1143 2789 1234 2822 ὅντως,
1247 2795 1282 2822 et,
1296 2789 1362 2817 ἀλλὰ
1376 2791 1422 2818 καὶ
1437 2789 1547 2827 πρᾶξαι.
