1952 3040
196 125 229 152 99
496 124 524 151 S.
548 122 729 151 ATHANASII
749 121 826 150 OPP.
847 120 937 148 PARS
956 122 975 148 Ι.
994 137 1028 141 —
1045 120 1230 148 HISTORICA
1250 121 1293 148 ET
1316 121 1508 149 DOGMATIC.‘

1767 120 1820 148 100

195 187 321 210 mortuus
337 186 378 209 est
394 186 420 209 et
434 181 571 208 exaltatus
588 190 594 207 :
611 181 650 208 sic
663 185 798 215 quatenus
812 180 894 207 homo
911 179 979 207 acci-

1033 180 1098 215 γὰρ,
1114 180 1151 211 ὼς
1166 180 1316 215 ἄνθρωπος,
1335 181 1349 206 6
1371 180 1488 216 Χριστὸς
1500 179 1617 206 ἀπέθανε
1636 180 1682 206 καὶ
1703 179 1796 215 ὑψώθη
1810 190 1817 196 ι

194 237 257 264 pere
274 229 374 256 dicitur
387 228 460 263 quod
481 235 599 262 semper,
613 233 642 254 ut
655 226 736 259 Deus,
759 226 866 259 habuit,
883 230 912 252 ut
929 225 981 253 sci-

195 274 256 300 licet
277 273 431 307 hujusmodi
456 273 537 299 etiam
560 272 623 298 data
649 272 736 306 gratia
760 271 792 298 ad
818 279 868 298 nos
894 278 982 305 usque

193 319 367 354 pertingerct.
385 317 439 346 Nec
452 318 525 345 enim
548 316 667 344 Verbum
687 325 769 344 carne
787 323 928 352 assumpta
941 317 982 344 di-

194 366 328 392 minutum
350 368 401 396 est,
425 369 453 391 nt
471 368 605 399 quaereret
631 363 816 398 accipiendam
836 363 954 398 gratiam
974 372 980 388 :

195 411 241 438 sed
268 411 358 444 potius
387 410 508 437 divinum
535 409 653 436 reddidit
674 409 748 444 quod
775 409 873 440 induit,
895 416 983 443 eoque

194 458 344 484 humanum
375 463 459 491 genus
489 456 616 482 munilice
646 455 828 489 locupletavit.
850 454 886 481 Ut
910 455 981 482 enim

193 508 328 537 quatenus
344 501 390 529 Dei
402 501 532 535 Verbum,
547 506 574 528 et
592 502 617 528 in
631 501 718 528 forma
729 501 775 528 Dei
791 505 861 533 erat,
876 508 982 535 semper

195 547 245 575 fuit
259 549 401 575 adoratum
418 557 424 575 :
441 548 478 574 ita
495 547 566 574 idem
582 548 665 575 etiam
684 552 820 582 quatenus
839 548 922 575 homo
941 547 982 575 fa-

197 598 258 620 ctus
274 597 300 620 et
326 599 439 620 vocatus
460 591 554 624 Iesus,
577 593 718 620 universas
735 600 779 620 res
805 598 910 620 creatas
931 593 982 620 sub

197 639 312 674 pedibus
328 639 466 674 subjectus
482 639 578 671 habet,
602 646 751 673 omnesque
766 640 792 666 in
806 639 857 666 hoc
872 639 981 666 nomine

195 685 245 720 ipsi
255 685 469 719 ﬂectuntgenua,
478 685 692 719 contitenturque
702 693 754 713 non
769 685 979 721 ignominiosum

133 743 138 749 -
194 731 254 766 ejus
267 731 420 764 divinitati,
437 731 482 758 sed
499 731 649 766 gloriosum
666 730 722 758 Deo
734 731 808 758 Patri
822 739 892 763 esse,
908 731 981 766 quod

195 775 314 803 Verbum
326 782 389 802 caro
404 775 506 802 factum
522 776 568 808 sit,
581 780 608 802 et
625 781 738 803 mortem
756 784 839 803 carne
855 776 979 804 subierit.

194 821 283 848 Patris
297 821 401 848 scilicet
416 821 501 856 gloria
517 826 569 854 est,
581 821 683 848 factum
699 826 726 849 et
739 826 831 855 postea
846 822 979 856 perditum

194 868 308 902 reperiri
328 868 464 895 hominem
480 874 673 904 mortuumque
691 868 812 895 revocari
827 869 860 896 ad
877 869 960 895 vitam
971 889 979 901 ,

195 921 228 941 ac
249 914 378 947 templum
401 913 448 940 Dei
468 914 536 941 ﬁeri.
554 913 621 940 Cum
645 914 716 941 enim
733 914 794 942 caeli
813 918 980 948 potestates,

195 960 283 994 angeli
308 966 332 987 et
351 961 506 996 archangeli
530 961 577 995 qui
594 960 737 987 Dominum
754 969 860 996 semper
885 961 982 988 adora-

195 1012 269 1038 vere,
299 1013 372 1032 nunc
395 1013 456 1032 eum
483 1006 509 1032 in
526 1006 636 1033 nomine
659 1005 722 1033 Jesu
740 1006 864 1038 adorent,
888 1010 980 1033 nostra

195 1049 317 1083 profecto
333 1050 419 1083 gratia
434 1055 459 1076 et
483 1050 567 1084 gloria
587 1055 638 1081 cst,
651 1051 723 1085 quod
740 1051 822 1078 etiam
843 1052 926 1078 homo
942 1051 981 1078 fa-

195 1095 256 1118 etus
270 1091 316 1118 Dei
331 1091 418 1119 Filius
435 1092 564 1121 adoretur
580 1103 586 1120 ε
605 1101 654 1121 nec
668 1095 813 1122 virtutibus
824 1095 980 1123 coelestibus

195 1137 295 1164 mirum
316 1137 460 1171 videbitur,
477 1147 539 1166 cum
558 1147 607 1167 nos
624 1147 719 1168 omnes
730 1161 737 1173 ,
753 1141 799 1175 qui
814 1141 935 1176 ejusdem
950 1149 981 1168 ac

195 1182 239 1209 ille
254 1187 357 1210 natura
380 1191 494 1218 corpora
522 1184 666 1216 habemus,
683 1185 711 1212 in
740 1194 818 1213 suam
842 1187 980 1222 regionem

194 1227 313 1254 viderint
326 1228 474 1256 introduci.
488 1228 567 1262 Quod
582 1231 675 1266 utique
688 1231 767 1258 aliter
780 1239 834 1259 non
850 1233 980 1268 contigis-

195 1276 246 1304 set,
264 1273 315 1300 nisi
331 1273 376 1301 ille
391 1273 437 1309 qui
455 1275 482 1301 in
508 1274 596 1302 l'orma
620 1275 668 1303 Dei
689 1280 758 1309 erat,
775 1275 892 1304 formam
908 1278 979 1305 servi

193 1319 399 1354 assumpsisset,
424 1327 508 1355 seque
529 1321 598 1348 adeo
621 1320 804 1357 humiliasset,
829 1327 859 1350 ut
880 1331 980 1359 corpus

194 1370 276 1391 suum
294 1369 410 1393 mortem
425 1365 482 1400 pati
498 1366 665 1401 permiserit.

230 1493 275 1521 63.
295 1492 334 1520 En
345 1501 409 1530 ergo
425 1495 498 1530 quod
522 1503 571 1531 per
594 1503 703 1525 crucem
718 1497 832 1526 stultitia
857 1497 905 1527 Dei
919 1506 980 1527 esse

195 1539 352 1567 hominibus
368 1541 522 1575 videbatur,
537 1543 668 1571 omnibus
682 1543 783 1571 factum
800 1549 842 1573 est
860 1545 980 1574 honora-
993 1532 1014 1562 ο

196 1585 260 1612 tius.
274 1585 304 1612 In
317 1586 376 1620 ipsa
388 1587 523 1621 siquidem
535 1588 623 1622 posita
634 1594 676 1617 est
687 1594 783 1618 nostra
796 1592 959 1619 resurrectio
971 1601 977 1618 :

196 1639 246 1658 nec
262 1631 346 1659 Israel
361 1633 450 1660 solum
465 1634 511 1660 sed
528 1634 611 1661 etiam
627 1642 722 1663 omnes
738 1640 831 1671 gentes
845 1636 901 1671 jam
913 1657 920 1669 ,
940 1637 979 1664 uti

195 1679 326 1713 propheta
349 1680 511 1707 vaticinatus
530 1686 581 1712 est,
609 1689 657 1708 sua
681 1682 812 1709 deserunt
834 1683 917 1715 idola,
933 1691 980 1710 ve-

194 1732 310 1760 rumque
329 1725 415 1753 Deum
436 1725 539 1753 Christi
555 1726 663 1754 Patrem
687 1734 848 1762 agnoscunt.
874 1728 980 1756 Daemo-

194 1779 260 1798 num
285 1779 394 1806 quoque
418 1772 558 1800 dissoluta:
584 1774 727 1809 praestigiae
752 1779 827 1808 sunt,
851 1774 980 1810 solusque

194 1824 278 1845 verus
300 1817 370 1845 Deus
394 1818 421 1845 in
438 1819 548 1847 nomine
565 1818 673 1846 Domini
698 1821 785 1848 nestri
800 1819 865 1849 Iesu
878 1821 978 1849 Christi

195 1862 335 1890 adoratur.
363 1863 440 1896 Quod
464 1869 554 1892 autem
577 1864 711 1893 Dominus
732 1867 816 1893 etiam
838 1873 979 1902 assumpto

195 1916 311 1944 corpore
322 1914 350 1937 et
375 1915 488 1938 vocatus
501 1910 581 1939 Jesus
601 1912 732 1939 adorator
748 1912 828 1948 353
844 1914 978 1941 creditur-

195 1962 248 1989 que
262 1955 348 1984 Filius
364 1956 421 1990 Dei,
436 1965 468 1985 ac
484 1966 532 1993 per
550 1958 639 1993 ipsum
654 1957 734 1986 Pater
746 1960 935 1995 cognoscitur;
952 1961 978 1988 id

195 2006 286 2035 aperte
299 2002 410 2036 indicat,
428 2004 467 2030 uti
477 2004 607 2037 diximus,
624 2011 679 2032 non
696 2004 826 2038 Verbum,
845 2011 979 2041 quatenus

196 2044 323 2080 Verbum,
338 2048 384 2074 sed
396 2055 445 2075 nos
456 2048 612 2082 hujusmodi
623 2049 737 2084 gratiam
749 2052 897 2086 accepisse.
911 2051 977 2079 Nam

195 2096 305 2125 propter
324 2097 455 2120 nostram
479 2101 541 2121 cum
563 2095 623 2130 ejus
648 2103 763 2130 corpore
787 2098 978 2132 cognationem

195 2144 247 2164 nos
260 2145 368 2173 quoque
390 2139 437 2166 Dei
455 2141 584 2175 templum
600 2141 687 2169 ell‘ecli
705 2151 801 2170 sumus
816 2143 927 2178 jamque
947 2145 978 2171 [i-

1033 224 1129 259 οῦτως,
1147 226 1185 257 ὡς
1201 225 1352 261 ἄνθρωπος,
1372 225 1479 260 λέγεται
1500 225 1647 260 λαμϐάνειν
1664 226 1731 261 ὅπερ
1747 224 1819 262 εἶχεν

1034 272 1077 298 ὰελ.
1097 272 1135 303 ὡς
1151 271 1225 304 Θεὸς,
1244 273 1287 298 ἴνα
1302 273 1342 303 εἰς
1359 273 1434 307 ἡμᾶς
1450 271 1540 308 φθάσῃ
1558 271 1604 299 καὶ
1619 272 1636 307 ὴ
1651 272 1763 307 τοιαύτη
1776 272 1819 298 δοε-

1035 317 1110 344 θεϊσα
1124 319 1211 354 χάρις.
1228 318 1265 345 Οὐ
1280 318 1334 354 γὰρ
1349 317 1490 353 ἠλαττώθη
1504 319 1518 344 6
1530 317 1614 352 Λόγος
1628 317 1707 353 σῶμα
1718 316 1819 351 λαϐὼν,

1034 363 1076 389 ἵνα
1091 363 1138 389 καὶ
1151 363 1230 398 χάριν
1251 362 1355 398 ζητήσῃ
1373 362 1475 393 λαϐεῖν,
1491 362 1558 389 ἀλλὰ
1574 362 1672 398 μᾶλλον
1687 363 1733 389 καὶ
1745 363 1819 389 ἔθεο-

1034 408 1144 442 ποίησεν
1170 408 1238 443 ὅπερ
1263 406 1414 438 ἐνεδύσατο,
1436 407 1484 434 καὶ
1506 407 1585 434 πλέον
1610 403 1755 442 ἐχαρίσατο
1779 407 1818 443 τῷ

1033 453 1104 487 γένει
1117 453 1171 479 τῶν
1190 453 1338 489 ἀνθρώπων
1348 452 1437 481 τοῦτο.
1451 452 1678 489 Ὤσπερ(57)γὰρ
1686 455 1728 480 ἀεὶ
1740 461 1820 489 προσο

1033 500 1153 525 εκυνεῖτο
1180 499 1265 533 Λόγος
1282 498 1320 526 ὢν
1346 498 1393 525 καὶ
1407 500 1436 526 ὲν
1459 500 1548 535 μορφῇ
1572 499 1638 526 Θεοῦ
1663 500 1792 535 ὑπάρχων
1809 505 1818 517 ⁴

1033 545 1119 577 οὕτως
1133 545 1147 570 ὁ
1163 545 1244 577 αὐτὸς
1258 545 1295 572 ὢν
1311 546 1359 572 καὶ
1374 545 1516 581 ἄνθρωπος
1533 546 1692 582 γενόμενος,
1710 547 1819 582 κληθείς

1033 599 1062 617 τε
1083 591 1197 626 Ἰησοῦς,
1219 592 1295 619 οὐδὲν
1319 589 1400 629 ἦττον
1422 592 1478 628 ἔχει
1500 594 1590 620 πᾶσαν
1608 593 1660 620 ὑπὸ
1675 594 1743 620 πόδα
1761 593 1818 629 (58)

1032 635 1080 671 τὴν
1096 637 1193 670 κτίσιν,
1211 637 1300 676 καὶσὲν
1312 638 1351 673 τῷ
1363 638 1474 674 ὀνόματι
1489 639 1575 674 τούτῳ
1584 638 1618 665 τὰ
1633 639 1732 673 γόνατα
1747 640 1816 674 καμ-

1033 688 1152 708 πτουσαν
1167 681 1252 717 αὐτῷ,
1269 682 1315 709 καὶ
1333 682 1578 719 ὲξομολογουμένην
1594 684 1634 710 ὅτι
1666 684 1711 711 καὶ
1727 684 1758 711 τὸ
1773 693 1818 719 γει

1032 727 1123 754 νέσθαι
1136 728 1224 762 σάρκα
1235 728 1279 754 τὸν
1289 729 1385 762 Λόγον,
1393 729 1440 755 καὶ
1450 729 1563 756 θάνατον
1572 730 1714 765 ὑπομεῖναι
1724 730 1816 766 σαρκὶ,

1031 773 1081 799 οὐκ
1089 773 1131 799 ἐπ’
1140 773 1231 808 ἀδοξίαι⁴
1238 774 1286 809 τῆς
1295 773 1419 809 θεότητος
1429 774 1509 801 αὑτοῦ
1520 775 1630 810 γέγονεν
1637 775 1703 811 (59),
1710 775 1767 802 ἀλλ’
1777 777 1818 808 είς

1031 818 1107 850 δόξαν
1128 818 1195 845 Θεοῦ
1212 819 1327 854 Πατρός.
1353 820 1421 853 Δόξα
1440 820 1468 846 δὲ
1485 821 1590 856 Πατρός
1606 822 1663 847 ἐστι
1679 822 1724 848 τὸν
1740 821 1817 856 γενό-

1033 872 1112 899 μενον
1134 863 1275 900 ἄνθρωπον
1296 865 1342 891 καὶ
1361 865 1525 900 ἀπολόμενον
1546 866 1698 901 εὑρεθῆναι,
1713 866 1760 892 καὶ
1774 875 1818 893 νεα

1032 912 1172 947 κρωθέντα
1195 911 1392 948 ζωποιηθῆναι
1409 933 1417 945 ,
1441 913 1488 939 καὶ
1509 913 1571 939 ναὸν
1593 910 1717 947 γενέσθαι
1736 913 1814 940 Θεοῦ.

1031 958 1086 984 Καὶ
1103 958 1156 993 γὰρ
1172 958 1219 984 καὶ
1237 957 1291 984 τῶν
1307 959 1336 984 ἐν
1353 958 1478 994 οὐρανοῖς
1498 959 1553 995 (60)
1571 959 1721 994 δυνάμεων,
1733 959 1816 993 ἀγγέ-

1031 1004 1083 1030 λων
1101 1012 1130 1030 τε
1148 1004 1193 1030 καὶ
1207 1004 1383 1040 ἁρχαγγέλων
1408 1005 1450 1031 ἀεὶ
1465 1005 1513 1040 μὲν
1530 1005 1753 1040 προσκυνούντων
1768 1006 1816 1032 αύ-

1030 1048 1085 1080 τον,
1100 1049 1323 1083 προσκυνούντων
1336 1050 1364 1076 δὲ
1377 1050 1424 1076 καὶ
1437 1049 1484 1076 νῦν
1496 1051 1524 1076 ὲν
1540 1049 1577 1085 τῷ
1591 1050 1704 1085 ὀνόματι
1728 1050 1816 1085 Ἰησοῦ

1031 1095 1075 1122 τὸν
1092 1094 1203 1130 Κύριον,
1219 1095 1296 1131 ἡμῶν
1313 1096 1385 1122 ἐστιν
1399 1095 1467 1132 αὕτη
1482 1096 1586 1132 ἡχάρις
1598 1095 1652 1131 (61)
1677 1096 1723 1122 καὶ
1734 1096 1817 1131 ὑπερυ

1031 1140 1144 1176 ύψωσις,
1156 1142 1196 1168 ὅτι
1204 1150 1233 1167 τε
1246 1142 1293 1168 καὶ
1302 1141 1443 1177 ἄνθρωπος
1457 1142 1610 1177 γενόμενος,
1625 1142 1817 1177 προσκυνεῖται

1030 1188 1044 1214 6
1060 1187 1107 1213 τοῦ
1119 1187 1185 1214 Θεοῦ
1196 1187 1269 1220 Υἱὸς,
1279 1188 1325 1214 καὶ
1339 1187 1368 1213 οὺ
1381 1187 1581 1223 ξενισθήσονται
1594 1189 1621 1214 αἱ
1631 1187 1750 1223 οὐράνιοι
1761 1186 1817 1222 (69.)

1029 1233 1157 1269 δυνάμεις
1176 1233 1322 1268 βλέπουσαι
1338 1234 1400 1264 τοὺς
1420 1232 1578 1268 συσσώμους
1595 1233 1698 1259 ἐκείνου
1713 1232 1816 1264 πάντας

1030 1279 1103 1314 ἡμᾶς
1126 1278 1319 1315 εἰσαγομένους
1335 1279 1375 1310 είς
1393 1277 1442 1310 τὰς
1454 1278 1545 1315 χώρας
1560 1278 1658 1304 αὐτῶν.
1676 1278 1817 1310 Ἀλλωςδὲ

1029 1325 1080 1351 οὐκ
1092 1325 1125 1352 ἂν
1140 1324 1260 1359 ἐγεγόνει
1274 1324 1399 1358 τοῦτορεῐ
1413 1324 1450 1360 μὴ
1466 1325 1480 1350 6
1495 1325 1523 1351 ἐν
1538 1323 1628 1360 μορφῇ
1641 1323 1709 1350 Θεοῦ
1726 1324 1815 1360 ὑπάρ-

1030 1379 1085 1406 χων
1109 1370 1215 1406 εἰλήφει
1239 1370 1332 1397 δούλου
1368 1369 1494 1406 μορφὴν,
1522 1370 1568 1397 καὶ
1588 1369 1758 1402 ταπεινώσας
1780 1368 1816 1406 ἦν

1030 1416 1125 1443 ιαυτδν
1140 1437 1148 1450 ,
1180 1417 1260 1453 μέχρι
1293 1417 1411 1445 θανάτου
1440 1416 1622 1452 συγχωρήσας
1657 1416 1757 1451 φθάσαι
1785 1415 1818 1443 τδ

1031 1471 1121 1499 σωμα.

1065 1498 1110 1537 715.
1131 1507 1196 1535 Ἰδοὺ
1212 1507 1279 1543 γοῦν
1302 1507 1332 1535 τὸ
1358 1498 1534 1544 νομιζόμενον
1563 1507 1638 1544 παρὰ
1663 1507 1816 1544 ἀνθρώποις

1031 1553 1121 1590 μωρὸν
1134 1553 1180 1580 τοῦ
1195 1553 1263 1580 Θεοῦ
1280 1553 1323 1580 διὰ
1331 1553 1377 1580 τὸν
1392 1551 1508 1589 σταυρὸν
1518 1553 1614 1588 γέγονε
1627 1553 1734 1580 πάντων
1746 1553 1815 1579 ὲντι-

1032 1599 1143 1635 μότερον
1168 1599 1232 1635 (65).
1256 1599 1288 1625 Ἦ
1301 1599 1350 1634 μὲν
1373 1598 1426 1635 γὰρ
1442 1599 1589 1630 ἀνάστασις
1601 1598 1680 1634 ἡμῶν
1699 1598 1727 1624 ὲν
1742 1597 1816 1632 αὐτῷ

1029 1646 1170 1672 ἀπόκειται
1183 1654 1189 1660 ·
1201 1645 1292 1672 οὐκέτι
1305 1646 1332 1672 δὲ
1345 1646 1422 1680 μόνος
1431 1645 1444 1671 6
1459 1645 1577 1680 Ἰσραὴλ,
1590 1644 1657 1671 ἀλλὰ
1667 1644 1712 1671 καὶ
1727 1643 1814 1670 πάντα

1029 1692 1063 1719 τὰ
1075 1692 1137 1728 ἔθνη
1154 1692 1257 1724 λοιπὸν,
1274 1692 1311 1724 ὡς
1327 1691 1490 1728 προείρηκεν
1504 1692 1517 1718 ὁ
1530 1691 1671 1727 προφήτης
1682 1710 1689 1722 ,
1709 1690 1744 1717 τὰ
1766 1690 1814 1725 μὲν

1029 1738 1126 1766 εἴδωλα
1141 1739 1244 1766 ἑαυτῶν
1261 1739 1316 1774 (64)
1329 1739 1575 1773 καταλιμπάνουσι,
1586 1737 1631 1764 τὸν
1647 1737 1676 1763 δὲ
1689 1736 1815 1771 ἀληθινὸν

1029 1783 1095 1810 Θεὸν
1110 1783 1156 1811 τὸν
1169 1783 1215 1810 τοῦ
1229 1782 1347 1819 Χριστοῦ
1363 1782 1473 1819 Πατέρα
1485 1782 1694 1817 ὲπιγινώσκουσι
1704 1789 1711 1796 ·
1738 1781 1784 1807 καὶ
1797 1779 1815 1812 ἡ

1031 1829 1080 1866 μὲν
1091 1831 1145 1857 τῶν
1158 1830 1292 1865 δαιμόνων
1306 1829 1440 1864 φαντασία
1456 1829 1626 1865 κατήργηται
1636 1848 1642 1860 ,
1666 1827 1745 1863 μόνος
1758 1826 1787 1853 δὲ
1800 1825 1820 1853 δ’

1029 1876 1113 1909 ὅντως
1129 1875 1195 1908 Θεὸς
1214 1877 1244 1902 ὲν
1263 1875 1301 1910 τῷ
1315 1875 1428 1910 ὀνόματι
1448 1874 1495 1901 τοῦ
1509 1874 1612 1910 Κυρίου
1627 1873 1705 1909 ἡμῶν
1727 1870 1814 1908 Ἰησοῦ

1029 1921 1148 1958 Χριστοῦ
1161 1922 1362 1958 προσκυνεῖται.
1374 1920 1410 1947 Τὸ
1421 1920 1449 1947 δὲ
1465 1921 1512 1947 καὶ
1527 1920 1556 1946 ὲν
1578 1919 1684 1955 σώματι
1700 1918 1811 1953 γενόμε-

1029 1977 1074 1994 νον
1086 1966 1140 2003 (65)
1156 1967 1201 1994 τὸν
1214 1966 1316 2002 Κύριον
1329 1965 1376 1993 καὶ
1391 1965 1524 2001 κληθέντα
1541 1965 1644 2002 Ἰησοῦν
1655 1964 1807 2000 προσκυνεῖ-

1030 2014 1101 2046 σθαι,
1119 2012 1294 2040 πιστεύεσθαι
1311 2021 1341 2039 τε
1355 2013 1436 2039 αὐτὸν
1449 2013 1512 2040 Υἱδν
1527 2012 1604 2045 Θεοῦ,
1620 2011 1667 2038 καὶ
1681 2011 1715 2038 δι’
1730 2010 1812 2037 αὐτοῦ

1029 2057 1256 2094 ἑπιγινώσκεσθαι
1273 2057 1318 2084 τὸν
1332 2057 1442 2093 Πατέρα
1455 2077 1463 2090 ,
1487 2057 1564 2093 δῆλον
1578 2057 1611 2084 ἂν
1622 2056 1675 2091 εἴη,
1689 2055 1812 2091 καθάπερ

1029 2106 1144 2141 εἴρηται,
1162 2105 1203 2131 ὅτι
1214 2104 1263 2139 οὐχ
1275 2105 1289 2130 6
1301 2103 1396 2137 Λόγος,
1446 2103 1531 2136 Λόγος
1547 2103 1620 2129 ἐστὶν
1632 2123 1640 2136 ,
1665 2101 1744 2128 ελαόε
1763 2100 1813 2136 τὴν

1028 2151 1154 2185 τοιαύτην
1166 2149 1256 2185 χάριν,
1271 2149 1329 2176 ἀλλ’
1345 2149 1434 2184 ἡμεῖς.
1450 2147 1500 2175 Διὰ
1508 2147 1562 2183 γὰρ
1575 2147 1623 2183 τὴν
1635 2147 1702 2182 πρὸς
1717 2146 1772 2183 (66)
1783 2146 1815 2173 τὺ

196 2183 296 2211 liorum
319 2184 366 2212 Dei
380 2186 548 2215 obtinuimus
566 2188 723 2224 dignitatem
743 2199 749 2217 :
769 2191 837 2218 adeo
853 2197 881 2218 ut
894 2193 975 2219 etiam

1033 2196 1108 2231 ςῶμα
1132 2183 1213 2222 αὑτοῦ
1230 2194 1387 2228 συγγένειαν
1409 2194 1473 2225 ναὸς
1494 2193 1561 2219 Θεοῦ
1587 2192 1736 2228 γεγόναμεν
1765 2192 1813 2218 καὶ

196 2231 223 2257 in
239 2230 316 2257 nobis
326 2231 382 2265 jam
399 2231 532 2260 Dominus
545 2234 684 2267 adoretur,
702 2240 728 2262 et
743 2242 896 2271 spectantes
912 2246 977 2272 pro-

196 2276 330 2308 nuntient,
344 2281 372 2304 ut
384 2278 423 2304 ait
434 2278 579 2313 Apostolus
591 2279 623 2313 ",
638 2282 710 2315 quod
727 2289 788 2308 vere
799 2281 870 2310 Deus
884 2283 909 2310 in
924 2283 978 2312 illis

196 2321 240 2347 sit.
263 2321 382 2356 ltlipsum
406 2330 515 2358 quoque
530 2323 648 2353 Joannes
670 2326 697 2353 in
714 2325 859 2362 Evangelio
875 2328 912 2355 ita
929 2329 977 2356 de-

233 2379 254 2394 ⁸³
275 2379 282 2405 Ι
303 2380 366 2407 Cor.
388 2388 443 2413 xtv,
463 2381 511 2408 25.

231 2445 285 2485 ςῖἓῖ)
307 2447 430 2485 ἓθμυονυ
449 2447 495 2485 ξας
516 2449 579 2485 γάρ·

307 2481 417 2513 Seguer.
442 2481 559 2512 Goble'r.‘
575 2489 602 2512 et
627 2485 699 2514 Felc.
729 2486 740 2513 1
770 2488 898 2515 omittunt
925 2487 977 2515 ὑπὸ

195 2523 262 2540 ποοα
267 2535 272 2541 .

231 2550 284 2590 (ᾖξ’)
306 2550 428 2590 Segn_er.,
448 2552 573 2590 θεότητος
590 2555 666 2582 τοῦτο
684 2556 803 2590 γέγονεν.
821 2557 880 2584 Mox
906 2558 975 2584 idem

195 2590 221 2610 et
239 2584 303 2620 Heg.
320 2584 462 2621 γενόμενον
477 2584 628 2625 ἄνθρωπον.
647 2584 761 2619 Ab'aliis
774 2598 800 2619 et
822 2593 886 2619 edit.
902 2594 977 2620 abest

195 2619 347 2645 ἄνθρωπον.

214 2628 242 2645 νυ
248 2628 336 2647 οωπον
341 2640 347 2646 ι

231 2628 431 2715 Egi???”
446 2658 599 2701 ξνούμανῷ.
616 2660 683 2688 lbid.
699 2661 809 2690 Gobler.
823 2669 849 2689 et
860 2662 932 2690 Felc.
949 2664 976 2695 ι,

389 2700 417 2715 αν
430 2700 460 2715 ου
465 2701 552 2715 Munu-

196 2692 378 2727 καιηγᾲρκτῶν
389 2692 417 2717 ἐν
430 2692 562 2727 οὐρανοῖς.

231 2724 430 2766 (ριγβςευετη
452 2724 520 2766 αὕτη
536 2724 625 2766 χάρις.
646 2731 708 2758 Mox
728 2732 836 2760 Gobler.
853 2737 880 2760 et
901 2732 974 2762 Felc.

195 2759 221 2790 1,
299 2759 440 2798 ᾅνθρωπος
453 2759 606 2798 γενόμὲνόςέ

232 2794 472 2839 (ϐἓὶὶδοιζιιοτηΔ
488 2794 701 2839 οὐράνιέιηΕάἰιὶ
721 2806 762 2839 et_
772 2801 828 2839 alii,
847 2804 873 2830 αι
897 2804 974 2839 οὐρά-

195 2837 258 2856 νιαι.
277 2830 361 2858 Paulo
380 2837 441 2866 post
453 2830 562 2867 δομὴν.
578 2835 686 2864 (ἔδοιεν.
703 2842 729 2864 et
742 2830 855 2871 Felcll,
871 2840 909 2870 εὶς
925 2830 974 2871 τὰς

1030 2242 1119 2277 ἡμεῖς,
1135 2241 1182 2266 καὶ
1194 2240 1247 2266 υἱοὶ
1258 2239 1325 2266 Θεοῦ
1338 2239 1430 2266 λοιπὸν
1447 2238 1627 2274 πεποιήμεθα,
1639 2237 1709 2264 ὥστε
1725 2238 1771 2264 καὶ
1783 2234 1812 2263 ἐν
1858 2250 1861 2253 ι

1031 2288 1095 2323 ἡμῖν
1107 2286 1155 2322 ἤδη
1169 2285 1378 2322 προσκυνεῖσθαι
1390 2286 1434 2313 τὸν
1451 2285 1562 2321 Κύριον,
1582 2285 1629 2312 καὶ
1651 2285 1714 2316 τοὺς
1729 2284 1814 2320 ὁρῶν-

1030 2342 1078 2365 τας
1091 2332 1282 2367 ἁπαγγέλλειν,
1296 2332 1333 2364 ὡς
1343 2333 1357 2358 6
1375 2331 1532 2363 Ἀπόστολος
1545 2331 1664 2368 εἴρηκεν,
1674 2331 1714 2358 ὅτι
1728 2331 1813 2364 ὅντως

1029 2454 1120 2490 χώρας
1133 2455 1232 2482 αὐτῶν.
1247 2456 1300 2483 Alii
1314 2460 1341 2483 et
1354 2455 1436 2484 editio
1451 2455 1593 2486 Commel.,
1607 2455 1646 2486 εἰς
1660 2454 1709 2487 τὰς
1721 2454 1813 2490 χώρας

1030 2489 1141 2516 ἑαύτῶν.

1065 2526 1119 2560 (ϋό)
1142 2524 1254 2558 Seguer.
1267 2526 1374 2553 Goblcr.
1390 2530 1417 2552 et
1431 2524 1503 2551 Felc.
1519 2525 1544 2556 1,
1559 2525 1741 2560 ἐντιμότερον.
1759 2525 1809 2550 Alii

1029 2566 1058 2596 et
1070 2560 1146 2592 editi,
1162 2561 1366 2596 προτιμότερον.
1390 2560 1581 2596 Ιῦίᾲιϐοωοῃ
1601 2565 1627 2586 et
1640 2559 1710 2596 Fele.
1732 2561 1757 2596 1,
1781 2560 1810 2584 ’ὶΙ

1029 2594 1084 2630 γὰρ
1100 2593 1255 2627 ἀνάστασις.
1275 2593 1388 2630 Seguer.
1407 2595 1485 2626 ibid.,
1502 2595 1538 2630 9'5
1556 2595 1605 2630 μὲν
1625 2595 1678 2629 γὰρ
1694 2593 1811 2621 ἀνάστα-

1029 2629 1074 2661 σις
1090 2631 1165 2691 ἲμῖν,
1183 2635 1209 2657 et
1221 2631 1301 2665 paulo
1316 2629 1385 2671 post,
1399 2630 1489 2656 οὐκέτι
1501 2629 1529 2656 δὲ
1546 2629 1634 2671 μόνον.
1652 2664 1667 2670 η
1762 2663 1766 2668 _
1784 2663 1787 2667 Ι

1063 2664 1090 2691 (6
1112 2669 1119 2691 l
1140 2664 1263 2691 Sequar”
1277 2666 1390 2691 ὲαυτων.
1407 2664 1484 2691 Rem.
1498 2666 1598 2691 αὑτων.
1617 2664 1668 2691 Aln
1683 2668 1710 2691 et
1727 2663 1787 2690 editi

1063 2663 1119 2699 (64)
1140 2663 1263 2700 Seguér.,
1277 2663 1390 2693 ὲαῦτῶν.
1407 2664 1484 2700 Reg,
1498 2663 1598 2692 αὐτῶν.
1617 2664 1668 2691 Alii
1683 2668 1710 2691 et
1727 2663 1810 2690 editio

1027 2699 1170 2731 Cotntnel.,
1180 2699 1287 2727 ίαυτῶν.

1063 2734 1118 2769 (65)
1139 2735 1185 2762 Sic
1201 2735 1314 2770 Seguer.
1330 2739 1356 2762 et
1367 2734 1434 2769 Reg.
1447 2734 1677 2770 Goblerianjlenl
1691 2737 1718 2760 et
1733 2732 1807 2760 Felc.

1028 2769 1040 2795 1
1060 2767 1159 2805 habent
1173 2767 1327 2805 γενόμενον.
1342 2770 1394 2797 Alii
1407 2767 1435 2798 et
1449 2770 1525 2804 editi,
1543 2771 1572 2796 ὲν
1586 2769 1625 2804 τῷ
1642 2767 1745 2803 σώματι
1762 2776 1810 2802 γε·

1027 2804 1118 2831 νὲσοαι
1130 2805 1174 2831 τὸν
1188 2804 1297 2840 Κύριον.

1062 2841 1117 2873 (66)
1133 2839 1240 2868 Gobier.
1256 2845 1283 2868 ct
1296 2839 1368 2868 Fclc.
1385 2840 1410 2873 1,
1427 2839 1470 2867 διὰ
1482 2839 1530 2875 τὴν
1544 2839 1621 2875 πρός,
1635 2843 1687 2866 etc.
