  <div class='ocr_page' id='page_1' title='image "/cluster/home/n/w/nwhite01/storage/ocr_20150623/26/njp.32101077772521/059.png"; bbox 0 0 1952 3040; ppageno 0'>
   <div class='ocr_carea' id='block_1_1' title="bbox 216 147 266 175">
    <p class='ocr_par' dir='ltr' id='par_1_1' title="bbox 216 147 266 175">
     <span class='ocr_line' id='line_1_1' title="bbox 216 147 266 175; baseline -0.02 0"><span class='ocrx_word' id='word_1_1' title='bbox 216 147 266 175; x_wconf 70' lang='grc'><strong>407</strong></span> 
     </span>
    </p>
   </div>
   <div class='ocr_carea' id='block_1_2' title="bbox 532 128 1549 174">
    <p class='ocr_par' dir='ltr' id='par_1_2' title="bbox 532 128 1549 174">
     <span class='ocr_line' id='line_1_2' title="bbox 532 128 1549 174; baseline -0.003 -1"><span class='ocrx_word' id='word_1_2' title='bbox 532 145 561 174; x_wconf 91' lang='lat' dir='ltr'><strong>S.</strong></span> <span class='ocrx_word' id='word_1_3' title='bbox 578 144 855 174; x_wconf 78' lang='lat' dir='ltr'><strong>ATIIANASII-OPP.</strong></span> <span class='ocrx_word' id='word_1_4' title='bbox 876 144 965 172; x_wconf 83' lang='lat' dir='ltr'><strong>PARS</strong></span> <span class='ocrx_word' id='word_1_5' title='bbox 984 144 1004 172; x_wconf 91' lang='lat' dir='ltr'><strong>I.</strong></span> <span class='ocrx_word' id='word_1_6' title='bbox 1024 160 1059 165; x_wconf 91' lang='lat'><strong>—</strong></span> <span class='ocrx_word' id='word_1_7' title='bbox 1077 142 1261 172; x_wconf 79' lang='lat' dir='ltr'><strong>IIISTORICA</strong></span> <span class='ocrx_word' id='word_1_8' title='bbox 1280 142 1324 170; x_wconf 84' lang='lat' dir='ltr'><strong>ET</strong></span> <span class='ocrx_word' id='word_1_9' title='bbox 1340 128 1549 172; x_wconf 78' lang='lat' dir='ltr'><strong>DOGMATICA.</strong></span> 
     </span>
    </p>
   </div>
   <div class='ocr_carea' id='block_1_3' title="bbox 1782 144 1833 172">
    <p class='ocr_par' dir='ltr' id='par_1_3' title="bbox 1782 144 1833 172">
     <span class='ocr_line' id='line_1_3' title="bbox 1782 144 1833 172; baseline 0 0"><span class='ocrx_word' id='word_1_10' title='bbox 1782 144 1833 172; x_wconf 87' lang='lat' dir='ltr'><strong>I08</strong></span> 
     </span>
    </p>
   </div>
   <div class='ocr_carea' id='block_1_4' title="bbox 216 201 995 241">
    <p class='ocr_par' dir='ltr' id='par_1_4' title="bbox 216 202 995 241">
     <span class='ocr_line' id='line_1_4' title="bbox 216 202 995 241; baseline -0.003 -9"><span class='ocrx_word' id='word_1_11' title='bbox 216 211 298 241; x_wconf 90' lang='lat' dir='ltr'><strong>quam</strong></span> <span class='ocrx_word' id='word_1_12' title='bbox 323 211 384 232; x_wconf 90' lang='lat' dir='ltr'><strong>eum</strong></span> <span class='ocrx_word' id='word_1_13' title='bbox 409 211 424 231; x_wconf 88' lang='lat' dir='ltr'><strong>a</strong></span> <span class='ocrx_word' id='word_1_14' title='bbox 449 203 530 231; x_wconf 67' lang='lat' dir='ltr'><strong>rebus</strong></span> <span class='ocrx_word' id='word_1_15' title='bbox 549 202 629 231; x_wconf 81' lang='lat' dir='ltr'><strong>factis</strong></span> <span class='ocrx_word' id='word_1_16' title='bbox 656 203 738 231; x_wconf 86' lang='lat' dir='ltr'><strong>alium</strong></span> <span class='ocrx_word' id='word_1_17' title='bbox 766 211 836 237; x_wconf 89' lang='lat' dir='ltr'><strong>esse,</strong></span> <span class='ocrx_word' id='word_1_18' title='bbox 855 203 995 238; x_wconf 66' lang='lat' dir='ltr'><strong>&#39;solumquc</strong></span> 
     </span>
    </p>
   </div>
   <div class='ocr_carea' id='block_1_5' title="bbox 1051 201 1834 241">
    <p class='ocr_par' dir='ltr' id='par_1_5' title="bbox 1051 201 1834 238">
     <span class='ocr_line' id='line_1_5' title="bbox 1051 201 1834 238; baseline 0.003 -10"><span class='ocrx_word' id='word_1_19' title='bbox 1051 202 1148 238; x_wconf 81' lang='grc' dir='ltr'>νοεῖνῆ</span> <span class='ocrx_word' id='word_1_20' title='bbox 1163 202 1271 229; x_wconf 77' lang='grc' dir='ltr'>ὅτιτῶν</span> <span class='ocrx_word' id='word_1_21' title='bbox 1285 202 1335 237; x_wconf 87' lang='grc' dir='ltr'>μὲν</span> <span class='ocrx_word' id='word_1_22' title='bbox 1351 201 1472 238; x_wconf 84' lang='grc' dir='ltr'>γενητῶν</span> <span class='ocrx_word' id='word_1_23' title='bbox 1487 201 1542 237; x_wconf 62' lang='grc'>(94)</span> <span class='ocrx_word' id='word_1_24' title='bbox 1555 201 1632 233; x_wconf 76' lang='grc' dir='ltr'>ἄλλος</span> <span class='ocrx_word' id='word_1_25' title='bbox 1650 202 1724 234; x_wconf 77' lang='grc' dir='ltr'>ἐστὶ,</span> <span class='ocrx_word' id='word_1_26' title='bbox 1745 202 1792 229; x_wconf 82' lang='grc' dir='ltr'>τοῦ</span> <span class='ocrx_word' id='word_1_27' title='bbox 1805 203 1834 230; x_wconf 76' lang='grc' dir='ltr'><strong>δὲ</strong></span> 
     </span>
    </p>
   </div>
   <div class='ocr_carea' id='block_1_6' title="bbox 214 248 996 284">
    <p class='ocr_par' dir='ltr' id='par_1_6' title="bbox 214 248 996 284">
     <span class='ocr_line' id='line_1_6' title="bbox 214 248 996 284; baseline -0.003 -6"><span class='ocrx_word' id='word_1_28' title='bbox 214 258 278 278; x_wconf 85' lang='lat' dir='ltr'><strong>esse</strong></span> <span class='ocrx_word' id='word_1_29' title='bbox 305 249 393 277; x_wconf 77' lang='lat' dir='ltr'><strong>Patris</strong></span> <span class='ocrx_word' id='word_1_30' title='bbox 408 248 536 281; x_wconf 82' lang='lat' dir='ltr'><strong>Verbum,</strong></span> <span class='ocrx_word' id='word_1_31' title='bbox 564 248 736 284; x_wconf 81' lang='lat' dir='ltr'><strong>splendorem</strong></span> <span class='ocrx_word' id='word_1_32' title='bbox 767 253 794 276; x_wconf 88' lang='lat' dir='ltr'><strong>et</strong></span> <span class='ocrx_word' id='word_1_33' title='bbox 825 249 996 284; x_wconf 73' lang='lat' dir='ltr'><strong>sapientiam.</strong></span> 
     </span>
    </p>
   </div>
   <div class='ocr_carea' id='block_1_7' title="bbox 217 294 998 331">
    <p class='ocr_par' dir='ltr' id='par_1_7' title="bbox 217 294 998 331">
     <span class='ocr_line' id='line_1_7' title="bbox 217 294 998 331; baseline 0 -8"><span class='ocrx_word' id='word_1_34' title='bbox 217 297 295 331; x_wconf 82' lang='lat' dir='ltr'><strong>cujus</strong></span> <span class='ocrx_word' id='word_1_35' title='bbox 315 303 358 323; x_wconf 89' lang='lat' dir='ltr'><strong>res</strong></span> <span class='ocrx_word' id='word_1_36' title='bbox 367 302 467 322; x_wconf 77' lang='lat' dir='ltr'><strong>omnes</strong></span> <span class='ocrx_word' id='word_1_37' title='bbox 486 298 583 322; x_wconf 70' lang='lat' dir='ltr'><strong>creatae</strong></span> <span class='ocrx_word' id='word_1_38' title='bbox 599 294 665 322; x_wconf 88' lang='lat' dir='ltr'><strong>ﬁant</strong></span> <span class='ocrx_word' id='word_1_39' title='bbox 680 295 837 330; x_wconf 76' lang='lat' dir='ltr'><strong>participes,</strong></span> <span class='ocrx_word' id='word_1_40' title='bbox 854 299 881 322; x_wconf 88' lang='lat' dir='ltr'><strong>et</strong></span> <span class='ocrx_word' id='word_1_41' title='bbox 897 299 998 323; x_wconf 61' lang='lat' dir='ltr'><strong>sanctae</strong></span> 
     </span>
    </p>
   </div>
   <div class='ocr_carea' id='block_1_8' title="bbox 216 341 997 377">
    <p class='ocr_par' dir='ltr' id='par_1_8' title="bbox 216 341 997 377">
     <span class='ocr_line' id='line_1_8' title="bbox 216 341 997 377; baseline -0.001 -7"><span class='ocrx_word' id='word_1_42' title='bbox 216 343 251 370; x_wconf 87' lang='lat' dir='ltr'><strong>ab</strong></span> <span class='ocrx_word' id='word_1_43' title='bbox 273 341 366 369; x_wconf 89' lang='lat' dir='ltr'><strong>eodem</strong></span> <span class='ocrx_word' id='word_1_44' title='bbox 392 341 494 376; x_wconf 88' lang='lat' dir='ltr'><strong>Spirittt</strong></span> <span class='ocrx_word' id='word_1_45' title='bbox 520 341 679 369; x_wconf 74' lang='lat' dir='ltr'><strong>reddantur.</strong></span> <span class='ocrx_word' id='word_1_46' title='bbox 704 341 838 374; x_wconf 86' lang='lat' dir='ltr'><strong>Quocirca</strong></span> <span class='ocrx_word' id='word_1_47' title='bbox 864 341 908 369; x_wconf 92' lang='lat' dir='ltr'><strong>hic</strong></span> <span class='ocrx_word' id='word_1_48' title='bbox 933 342 997 377; x_wconf 73' lang='lat' dir='ltr'><strong>ungi</strong></span> 
     </span>
    </p>
   </div>
   <div class='ocr_carea' id='block_1_9' title="bbox 215 387 998 422">
    <p class='ocr_par' dir='ltr' id='par_1_9' title="bbox 215 387 998 422">
     <span class='ocr_line' id='line_1_9' title="bbox 215 387 998 422; baseline -0.003 -5"><span class='ocrx_word' id='word_1_49' title='bbox 215 389 450 422; x_wconf 84' lang='lat' dir='ltr'><strong>dicitur,non-ut</strong></span> <span class='ocrx_word' id='word_1_50' title='bbox 473 387 543 414; x_wconf 83' lang='lat' dir='ltr'><strong>Deus</strong></span> <span class='ocrx_word' id='word_1_51' title='bbox 567 387 628 419; x_wconf 83' lang='lat' dir='ltr'><strong>ﬁat;</strong></span> <span class='ocrx_word' id='word_1_52' title='bbox 653 395 715 414; x_wconf 89' lang='lat' dir='ltr'><strong>nam</strong></span> <span class='ocrx_word' id='word_1_53' title='bbox 744 387 816 414; x_wconf 88' lang='lat' dir='ltr'><strong>Deus</strong></span> <span class='ocrx_word' id='word_1_54' title='bbox 842 392 920 414; x_wconf 87' lang='lat' dir='ltr'><strong>antea</strong></span> <span class='ocrx_word' id='word_1_55' title='bbox 940 387 998 422; x_wconf 88' lang='lat' dir='ltr'><strong>ipse</strong></span> 
     </span>
    </p>
   </div>
   <div class='ocr_carea' id='block_1_10' title="bbox 214 433 996 466">
    <p class='ocr_par' dir='ltr' id='par_1_10' title="bbox 214 433 996 466">
     <span class='ocr_line' id='line_1_10' title="bbox 214 433 996 466; baseline -0.003 -4"><span class='ocrx_word' id='word_1_56' title='bbox 214 440 298 462; x_wconf 85' lang='lat' dir='ltr'><strong>erat:</strong></span> <span class='ocrx_word' id='word_1_57' title='bbox 317 442 367 462; x_wconf 81' lang='lat' dir='ltr'><strong>nec</strong></span> <span class='ocrx_word' id='word_1_58' title='bbox 393 439 423 461; x_wconf 90' lang='lat' dir='ltr'><strong>ut</strong></span> <span class='ocrx_word' id='word_1_59' title='bbox 447 442 494 461; x_wconf 86' lang='lat' dir='ltr'><strong>rex</strong></span> <span class='ocrx_word' id='word_1_60' title='bbox 520 434 571 466; x_wconf 86' lang='lat' dir='ltr'><strong>sit;</strong></span> <span class='ocrx_word' id='word_1_61' title='bbox 595 433 629 460; x_wconf 90' lang='lat' dir='ltr'><strong>ab</strong></span> <span class='ocrx_word' id='word_1_62' title='bbox 652 433 802 461; x_wconf 68' lang='lat' dir='ltr'><strong>aeternitate</strong></span> <span class='ocrx_word' id='word_1_63' title='bbox 826 434 898 460; x_wconf 86' lang='lat' dir='ltr'><strong>enim</strong></span> <span class='ocrx_word' id='word_1_64' title='bbox 925 433 996 461; x_wconf 89' lang='lat' dir='ltr'><strong>idem</strong></span> 
     </span>
    </p>
   </div>
   <div class='ocr_carea' id='block_1_11' title="bbox 216 478 996 515">
    <p class='ocr_par' dir='ltr' id='par_1_11' title="bbox 216 478 996 515">
     <span class='ocr_line' id='line_1_11' title="bbox 216 478 996 515; baseline -0.001 -8"><span class='ocrx_word' id='word_1_65' title='bbox 216 481 347 515; x_wconf 76' lang='lat' dir='ltr'><strong>regnavit,</strong></span> <span class='ocrx_word' id='word_1_66' title='bbox 363 485 456 515; x_wconf 73' lang='lat' dir='ltr'><strong>utpote</strong></span> <span class='ocrx_word' id='word_1_67' title='bbox 475 479 521 514; x_wconf 88' lang='lat' dir='ltr'><strong>qui</strong></span> <span class='ocrx_word' id='word_1_68' title='bbox 538 478 586 506; x_wconf 93' lang='lat' dir='ltr'><strong>Dei</strong></span> <span class='ocrx_word' id='word_1_69' title='bbox 607 479 643 506; x_wconf 90' lang='lat' dir='ltr'><strong>sit</strong></span> <span class='ocrx_word' id='word_1_70' title='bbox 663 479 752 514; x_wconf 82' lang='lat' dir='ltr'><strong>imago</strong></span> <span class='ocrx_word' id='word_1_71' title='bbox 768 480 801 512; x_wconf 76' lang='lat'><strong>“,</strong></span> <span class='ocrx_word' id='word_1_72' title='bbox 819 479 996 514; x_wconf 85' lang='lat' dir='ltr'><strong>quemadmo-</strong></span> 
     </span>
    </p>
   </div>
   <div class='ocr_carea' id='block_1_12' title="bbox 214 525 996 561">
    <p class='ocr_par' dir='ltr' id='par_1_12' title="bbox 214 525 996 561">
     <span class='ocr_line' id='line_1_12' title="bbox 214 525 996 561; baseline -0.004 -7"><span class='ocrx_word' id='word_1_73' title='bbox 214 527 278 554; x_wconf 91' lang='lat' dir='ltr'><strong>dum</strong></span> <span class='ocrx_word' id='word_1_74' title='bbox 297 526 438 561; x_wconf 71' lang='lat' dir='ltr'><strong>Scriptura</strong></span> <span class='ocrx_word' id='word_1_75' title='bbox 459 530 582 553; x_wconf 77' lang='lat' dir='ltr'><strong>testatur.</strong></span> <span class='ocrx_word' id='word_1_76' title='bbox 601 525 702 552; x_wconf 77' lang='lat' dir='ltr'><strong>Verum</strong></span> <span class='ocrx_word' id='word_1_77' title='bbox 716 525 741 552; x_wconf 90' lang='lat' dir='ltr'><strong>id</strong></span> <span class='ocrx_word' id='word_1_78' title='bbox 757 533 865 559; x_wconf 75' lang='lat' dir='ltr'><strong>quoque</strong></span> <span class='ocrx_word' id='word_1_79' title='bbox 881 533 930 560; x_wconf 89' lang='lat' dir='ltr'><strong>pro</strong></span> <span class='ocrx_word' id='word_1_80' title='bbox 947 532 996 552; x_wconf 94' lang='lat' dir='ltr'><strong>no-</strong></span> 
     </span>
    </p>
   </div>
   <div class='ocr_carea' id='block_1_13' title="bbox 214 571 995 607">
    <p class='ocr_par' dir='ltr' id='par_1_13' title="bbox 214 571 995 607">
     <span class='ocr_line' id='line_1_13' title="bbox 214 571 995 607; baseline -0.001 -8"><span class='ocrx_word' id='word_1_81' title='bbox 214 573 256 600; x_wconf 87' lang='lat' dir='ltr'><strong>bis</strong></span> <span class='ocrx_word' id='word_1_82' title='bbox 273 572 404 607; x_wconf 76' lang='lat' dir='ltr'><strong>scriptum</strong></span> <span class='ocrx_word' id='word_1_83' title='bbox 420 577 472 599; x_wconf 87' lang='lat' dir='ltr'><strong>est.</strong></span> <span class='ocrx_word' id='word_1_84' title='bbox 493 571 561 598; x_wconf 82' lang='lat' dir='ltr'><strong>Nam</strong></span> <span class='ocrx_word' id='word_1_85' title='bbox 579 579 656 606; x_wconf 77' lang='lat' dir='ltr'><strong>reges</strong></span> <span class='ocrx_word' id='word_1_86' title='bbox 677 571 814 604; x_wconf 64' lang='lat' dir='ltr'><strong>Israelitze,</strong></span> <span class='ocrx_word' id='word_1_87' title='bbox 831 579 892 598; x_wconf 89' lang='lat' dir='ltr'><strong>cum</strong></span> <span class='ocrx_word' id='word_1_88' title='bbox 910 579 995 606; x_wconf 79' lang='lat' dir='ltr'><strong>unge-</strong></span> 
     </span>
    </p>
   </div>
   <div class='ocr_carea' id='block_1_14' title="bbox 213 619 995 654">
    <p class='ocr_par' dir='ltr' id='par_1_14' title="bbox 213 619 995 654">
     <span class='ocr_line' id='line_1_14' title="bbox 213 619 995 654; baseline 0 -8"><span class='ocrx_word' id='word_1_89' title='bbox 213 619 324 652; x_wconf 75' lang='lat' dir='ltr'><strong>bantur,</strong></span> <span class='ocrx_word' id='word_1_90' title='bbox 336 623 403 646; x_wconf 79' lang='lat' dir='ltr'><strong>tunc</strong></span> <span class='ocrx_word' id='word_1_91' title='bbox 430 627 507 654; x_wconf 80' lang='lat' dir='ltr'><strong>reges</strong></span> <span class='ocrx_word' id='word_1_92' title='bbox 531 619 642 651; x_wconf 84' lang='lat' dir='ltr'><strong>ﬁebant,</strong></span> <span class='ocrx_word' id='word_1_93' title='bbox 663 619 710 654; x_wconf 89' lang='lat' dir='ltr'><strong>qui</strong></span> <span class='ocrx_word' id='word_1_94' title='bbox 739 625 817 646; x_wconf 81' lang='lat' dir='ltr'><strong>antea</strong></span> <span class='ocrx_word' id='word_1_95' title='bbox 844 627 920 654; x_wconf 82' lang='lat' dir='ltr'><strong>rcges</strong></span> <span class='ocrx_word' id='word_1_96' title='bbox 943 627 995 646; x_wconf 91' lang='lat' dir='ltr'><strong>non</strong></span> 
     </span>
    </p>
   </div>
   <div class='ocr_carea' id='block_1_15' title="bbox 212 665 996 700">
    <p class='ocr_par' dir='ltr' id='par_1_15' title="bbox 212 665 996 700">
     <span class='ocr_line' id='line_1_15' title="bbox 212 665 996 700; baseline 0.001 -8"><span class='ocrx_word' id='word_1_97' title='bbox 212 671 301 698; x_wconf 77' lang='lat' dir='ltr'><strong>erant,</strong></span> <span class='ocrx_word' id='word_1_98' title='bbox 320 670 350 692; x_wconf 86' lang='lat' dir='ltr'><strong>ut</strong></span> <span class='ocrx_word' id='word_1_99' title='bbox 364 665 460 698; x_wconf 80' lang='lat' dir='ltr'><strong>David,</strong></span> <span class='ocrx_word' id='word_1_100' title='bbox 476 665 723 698; x_wconf 72' lang='lat' dir='ltr'><strong>Ezechias,‘losias</strong></span> <span class='ocrx_word' id='word_1_101' title='bbox 744 665 854 700; x_wconf 85' lang='lat' dir='ltr'><strong>aliique.</strong></span> <span class='ocrx_word' id='word_1_102' title='bbox 877 666 911 694; x_wconf 84' lang='lat' dir='ltr'><strong>At</strong></span> <span class='ocrx_word' id='word_1_103' title='bbox 931 673 996 693; x_wconf 88' lang='lat' dir='ltr'><strong>vero</strong></span> 
     </span>
    </p>
   </div>
   <div class='ocr_carea' id='block_1_16' title="bbox 214 711 996 747">
    <p class='ocr_par' dir='ltr' id='par_1_16' title="bbox 214 711 996 747">
     <span class='ocr_line' id='line_1_16' title="bbox 214 711 996 747; baseline 0.001 -8"><span class='ocrx_word' id='word_1_104' title='bbox 214 711 350 744; x_wconf 81' lang='lat' dir='ltr'><strong>Salvator,</strong></span> <span class='ocrx_word' id='word_1_105' title='bbox 373 712 482 739; x_wconf 84' lang='lat' dir='ltr'><strong>tametsi</strong></span> <span class='ocrx_word' id='word_1_106' title='bbox 510 716 588 739; x_wconf 87' lang='lat' dir='ltr'><strong>antea</strong></span> <span class='ocrx_word' id='word_1_107' title='bbox 613 711 693 743; x_wconf 84' lang='lat' dir='ltr'><strong>Deus,</strong></span> <span class='ocrx_word' id='word_1_108' title='bbox 724 719 884 747; x_wconf 73' lang='lat' dir='ltr'><strong>semperque</strong></span> <span class='ocrx_word' id='word_1_109' title='bbox 909 712 996 740; x_wconf 84' lang='lat' dir='ltr'><strong>Patris</strong></span> 
     </span>
    </p>
   </div>
   <div class='ocr_carea' id='block_1_17' title="bbox 213 757 997 794">
    <p class='ocr_par' dir='ltr' id='par_1_17' title="bbox 213 757 997 794">
     <span class='ocr_line' id='line_1_17' title="bbox 213 757 997 794; baseline 0.003 -10"><span class='ocrx_word' id='word_1_110' title='bbox 213 764 297 792; x_wconf 75' lang='lat' dir='ltr'><strong>regno</strong></span> <span class='ocrx_word' id='word_1_111' title='bbox 314 757 427 792; x_wconf 84' lang='lat' dir='ltr'><strong>potitus,</strong></span> <span class='ocrx_word' id='word_1_112' title='bbox 444 761 525 792; x_wconf 86' lang='lat' dir='ltr'><strong>atque</strong></span> <span class='ocrx_word' id='word_1_113' title='bbox 541 757 671 792; x_wconf 90' lang='lat' dir='ltr'><strong>Spiritum</strong></span> <span class='ocrx_word' id='word_1_114' title='bbox 686 763 810 784; x_wconf 87' lang='lat' dir='ltr'><strong>sanctum</strong></span> <span class='ocrx_word' id='word_1_115' title='bbox 822 758 880 792; x_wconf 89' lang='lat' dir='ltr'><strong>ipse</strong></span> <span class='ocrx_word' id='word_1_116' title='bbox 897 758 997 794; x_wconf 74' lang='lat' dir='ltr'><strong>imper-</strong></span> 
     </span>
    </p>
   </div>
   <div class='ocr_carea' id='block_1_18' title="bbox 214 803 995 839">
    <p class='ocr_par' dir='ltr' id='par_1_18' title="bbox 214 803 995 839">
     <span class='ocr_line' id='line_1_18' title="bbox 214 803 995 839; baseline 0.004 -10"><span class='ocrx_word' id='word_1_117' title='bbox 214 803 295 834; x_wconf 86' lang='lat' dir='ltr'><strong>tiens,</strong></span> <span class='ocrx_word' id='word_1_118' title='bbox 313 807 402 830; x_wconf 85' lang='lat' dir='ltr'><strong>tamen</strong></span> <span class='ocrx_word' id='word_1_119' title='bbox 421 811 492 830; x_wconf 88' lang='lat' dir='ltr'><strong>nunc</strong></span> <span class='ocrx_word' id='word_1_120' title='bbox 509 803 572 838; x_wconf 67' lang='lat' dir='ltr'><strong>ungi</strong></span> <span class='ocrx_word' id='word_1_121' title='bbox 593 803 703 835; x_wconf 91' lang='lat' dir='ltr'><strong>dicitur,</strong></span> <span class='ocrx_word' id='word_1_122' title='bbox 720 811 760 836; x_wconf 88' lang='lat' dir='ltr'><strong>ut,</strong></span> <span class='ocrx_word' id='word_1_123' title='bbox 777 812 838 831; x_wconf 89' lang='lat' dir='ltr'><strong>cum</strong></span> <span class='ocrx_word' id='word_1_124' title='bbox 861 810 995 839; x_wconf 79' lang='lat' dir='ltr'><strong>quatenus</strong></span> 
     </span>
    </p>
   </div>
   <div class='ocr_carea' id='block_1_19' title="bbox 214 849 995 885">
    <p class='ocr_par' dir='ltr' id='par_1_19' title="bbox 214 849 995 885">
     <span class='ocr_line' id='line_1_19' title="bbox 214 849 995 885; baseline 0.001 -9"><span class='ocrx_word' id='word_1_125' title='bbox 214 849 296 876; x_wconf 91' lang='lat' dir='ltr'><strong>homo</strong></span> <span class='ocrx_word' id='word_1_126' title='bbox 308 849 411 884; x_wconf 89' lang='lat' dir='ltr'><strong>Spiritu</strong></span> <span class='ocrx_word' id='word_1_127' title='bbox 426 849 488 884; x_wconf 77' lang='lat' dir='ltr'><strong>ungi</strong></span> <span class='ocrx_word' id='word_1_128' title='bbox 504 849 684 884; x_wconf 78' lang='lat' dir='ltr'><strong>signiﬁcatur,</strong></span> <span class='ocrx_word' id='word_1_129' title='bbox 698 851 926 885; x_wconf 84' lang='lat' dir='ltr'><strong>quemadmodum</strong></span> <span class='ocrx_word' id='word_1_130' title='bbox 943 858 995 877; x_wconf 90' lang='lat' dir='ltr'><strong>no-</strong></span> 
     </span>
    </p>
   </div>
   <div class='ocr_carea' id='block_1_20' title="bbox 213 895 994 930">
    <p class='ocr_par' dir='ltr' id='par_1_20' title="bbox 213 895 994 930">
     <span class='ocr_line' id='line_1_20' title="bbox 213 895 994 930; baseline 0.001 -8"><span class='ocrx_word' id='word_1_131' title='bbox 213 895 256 923; x_wconf 87' lang='lat' dir='ltr'><strong>bis</strong></span> <span class='ocrx_word' id='word_1_132' title='bbox 274 895 429 923; x_wconf 86' lang='lat' dir='ltr'><strong>hominibtts</strong></span> <span class='ocrx_word' id='word_1_133' title='bbox 446 895 519 923; x_wconf 85' lang='lat' dir='ltr'><strong>dedit</strong></span> <span class='ocrx_word' id='word_1_134' title='bbox 539 899 570 922; x_wconf 88' lang='lat' dir='ltr'><strong>ut</strong></span> <span class='ocrx_word' id='word_1_135' title='bbox 587 895 769 923; x_wconf 81' lang='lat' dir='ltr'><strong>exaltarcmur</strong></span> <span class='ocrx_word' id='word_1_136' title='bbox 791 901 818 923; x_wconf 91' lang='lat' dir='ltr'><strong>et</strong></span> <span class='ocrx_word' id='word_1_137' title='bbox 840 903 994 930; x_wconf 81' lang='lat' dir='ltr'><strong>resurgere-</strong></span> 
     </span>
    </p>
   </div>
   <div class='ocr_carea' id='block_1_21' title="bbox 214 941 995 976">
    <p class='ocr_par' dir='ltr' id='par_1_21' title="bbox 214 941 995 976">
     <span class='ocr_line' id='line_1_21' title="bbox 214 941 995 976; baseline 0.001 -8"><span class='ocrx_word' id='word_1_138' title='bbox 214 949 287 972; x_wconf 83' lang='lat' dir='ltr'><strong>mus,</strong></span> <span class='ocrx_word' id='word_1_139' title='bbox 303 941 343 968; x_wconf 91' lang='lat' dir='ltr'><strong>sic</strong></span> <span class='ocrx_word' id='word_1_140' title='bbox 358 949 408 968; x_wconf 91' lang='lat' dir='ltr'><strong>nos</strong></span> <span class='ocrx_word' id='word_1_141' title='bbox 424 941 504 968; x_wconf 85' lang='lat' dir='ltr'><strong>etiam</strong></span> <span class='ocrx_word' id='word_1_142' title='bbox 523 941 642 976; x_wconf 88' lang='lat' dir='ltr'><strong>Spiritus</strong></span> <span class='ocrx_word' id='word_1_143' title='bbox 661 942 854 969; x_wconf 81' lang='lat' dir='ltr'><strong>habitationem</strong></span> <span class='ocrx_word' id='word_1_144' title='bbox 878 942 995 969; x_wconf 81' lang='lat' dir='ltr'><strong>amicos-</strong></span> 
     </span>
    </p>
   </div>
   <div class='ocr_carea' id='block_1_22' title="bbox 213 986 995 1022">
    <p class='ocr_par' dir='ltr' id='par_1_22' title="bbox 213 986 995 1022">
     <span class='ocr_line' id='line_1_22' title="bbox 213 986 995 1022; baseline 0 -8"><span class='ocrx_word' id='word_1_145' title='bbox 213 995 268 1022; x_wconf 85' lang='lat' dir='ltr'><strong>que</strong></span> <span class='ocrx_word' id='word_1_146' title='bbox 283 987 409 1014; x_wconf 81' lang='lat' dir='ltr'><strong>eiliceret.</strong></span> <span class='ocrx_word' id='word_1_147' title='bbox 427 986 455 1014; x_wconf 91' lang='lat' dir='ltr'><strong>Id</strong></span> <span class='ocrx_word' id='word_1_148' title='bbox 478 988 535 1022; x_wconf 86' lang='lat' dir='ltr'><strong>ipse</strong></span> <span class='ocrx_word' id='word_1_149' title='bbox 553 987 683 1015; x_wconf 90' lang='lat' dir='ltr'><strong>Dominus</strong></span> <span class='ocrx_word' id='word_1_150' title='bbox 698 988 741 1015; x_wconf 94' lang='lat' dir='ltr'><strong>his</strong></span> <span class='ocrx_word' id='word_1_151' title='bbox 757 988 816 1015; x_wconf 87' lang='lat' dir='ltr'><strong>suis</strong></span> <span class='ocrx_word' id='word_1_152' title='bbox 842 987 930 1014; x_wconf 79' lang='lat' dir='ltr'><strong>verbis</strong></span> <span class='ocrx_word' id='word_1_153' title='bbox 953 987 995 1014; x_wconf 94' lang='lat' dir='ltr'><strong>in-</strong></span> 
     </span>
    </p>
   </div>
   <div class='ocr_carea' id='block_1_23' title="bbox 212 1032 995 1068">
    <p class='ocr_par' dir='ltr' id='par_1_23' title="bbox 212 1032 995 1068">
     <span class='ocr_line' id='line_1_23' title="bbox 212 1032 995 1068; baseline -0.001 -8"><span class='ocrx_word' id='word_1_154' title='bbox 212 1033 330 1066; x_wconf 82' lang='lat' dir='ltr'><strong>dicabat,</strong></span> <span class='ocrx_word' id='word_1_155' title='bbox 345 1038 375 1060; x_wconf 92' lang='lat' dir='ltr'><strong>ut</strong></span> <span class='ocrx_word' id='word_1_156' title='bbox 392 1033 489 1068; x_wconf 78' lang='lat' dir='ltr'><strong>legitur</strong></span> <span class='ocrx_word' id='word_1_157' title='bbox 508 1033 535 1060; x_wconf 89' lang='lat' dir='ltr'><strong>in</strong></span> <span class='ocrx_word' id='word_1_158' title='bbox 553 1032 665 1061; x_wconf 84' lang='lat' dir='ltr'><strong>Joannis</strong></span> <span class='ocrx_word' id='word_1_159' title='bbox 681 1032 826 1068; x_wconf 79' lang='lat' dir='ltr'><strong>Evangelia</strong></span> <span class='ocrx_word' id='word_1_160' title='bbox 842 1042 848 1060; x_wconf 91' lang='lat'>:</span> <span class='ocrx_word' id='word_1_161' title='bbox 864 1032 918 1068; x_wconf 87' lang='lat' dir='ltr'><strong>Ego</strong></span> <span class='ocrx_word' id='word_1_162' title='bbox 933 1033 995 1060; x_wconf 80' lang='lat' dir='ltr'><strong>misi</strong></span> 
     </span>
    </p>
   </div>
   <div class='ocr_carea' id='block_1_24' title="bbox 211 1079 994 1114">
    <p class='ocr_par' dir='ltr' id='par_1_24' title="bbox 211 1079 994 1114">
     <span class='ocr_line' id='line_1_24' title="bbox 211 1079 994 1114; baseline -0.001 -8"><span class='ocrx_word' id='word_1_163' title='bbox 211 1087 255 1106; x_wconf 81' lang='lat' dir='ltr'><strong>eos</strong></span> <span class='ocrx_word' id='word_1_164' title='bbox 273 1079 300 1106; x_wconf 82' lang='lat' dir='ltr'><strong>in</strong></span> <span class='ocrx_word' id='word_1_165' title='bbox 318 1079 455 1110; x_wconf 81' lang='lat' dir='ltr'><strong>mundum.</strong></span> <span class='ocrx_word' id='word_1_166' title='bbox 471 1084 558 1114; x_wconf 73' lang='lat' dir='ltr'><strong>etpro</strong></span> <span class='ocrx_word' id='word_1_167' title='bbox 577 1079 614 1106; x_wconf 80' lang='lat' dir='ltr'><strong>eis</strong></span> <span class='ocrx_word' id='word_1_168' title='bbox 632 1087 677 1114; x_wconf 83' lang='lat' dir='ltr'><strong>ego</strong></span> <span class='ocrx_word' id='word_1_169' title='bbox 700 1079 837 1113; x_wconf 78' lang='lat' dir='ltr'><strong>sancti/ica</strong></span> <span class='ocrx_word' id='word_1_170' title='bbox 856 1079 994 1113; x_wconf 79' lang='lat' dir='ltr'><strong>meipsum,</strong></span> 
     </span>
    </p>
   </div>
   <div class='ocr_carea' id='block_1_25' title="bbox 211 1123 995 1159">
    <p class='ocr_par' dir='ltr' id='par_1_25' title="bbox 211 1123 995 1159">
     <span class='ocr_line' id='line_1_25' title="bbox 211 1123 995 1159; baseline 0.001 -8"><span class='ocrx_word' id='word_1_171' title='bbox 211 1130 241 1152; x_wconf 78' lang='lat' dir='ltr'><strong>ut</strong></span> <span class='ocrx_word' id='word_1_172' title='bbox 254 1125 306 1151; x_wconf 84' lang='lat' dir='ltr'><strong>sint</strong></span> <span class='ocrx_word' id='word_1_173' title='bbox 321 1130 345 1152; x_wconf 85' lang='lat' dir='ltr'><strong>et</strong></span> <span class='ocrx_word' id='word_1_174' title='bbox 362 1125 414 1159; x_wconf 82' lang='lat' dir='ltr'><strong>ipsi</strong></span> <span class='ocrx_word' id='word_1_175' title='bbox 429 1123 587 1159; x_wconf 80' lang='lat' dir='ltr'><strong>sairctiﬁcati</strong></span> <span class='ocrx_word' id='word_1_176' title='bbox 603 1125 631 1151; x_wconf 84' lang='lat' dir='ltr'><strong>in</strong></span> <span class='ocrx_word' id='word_1_177' title='bbox 650 1125 806 1152; x_wconf 69' lang='lat' dir='ltr'><strong>veritate“.</strong></span> <span class='ocrx_word' id='word_1_178' title='bbox 823 1124 928 1158; x_wconf 85' lang='lat' dir='ltr'><strong>Quibus</strong></span> <span class='ocrx_word' id='word_1_179' title='bbox 941 1125 995 1152; x_wconf 87' lang='lat' dir='ltr'><strong>uti-</strong></span> 
     </span>
    </p>
   </div>
   <div class='ocr_carea' id='block_1_26' title="bbox 212 1170 995 1207">
    <p class='ocr_par' dir='ltr' id='par_1_26' title="bbox 212 1170 995 1207">
     <span class='ocr_line' id='line_1_26' title="bbox 212 1170 995 1207; baseline 0 -9"><span class='ocrx_word' id='word_1_180' title='bbox 212 1179 265 1207; x_wconf 89' lang='lat' dir='ltr'><strong>que</strong></span> <span class='ocrx_word' id='word_1_181' title='bbox 279 1171 370 1199; x_wconf 86' lang='lat' dir='ltr'><strong>verbis</strong></span> <span class='ocrx_word' id='word_1_182' title='bbox 387 1170 514 1206; x_wconf 79' lang='lat' dir='ltr'><strong>patefecit</strong></span> <span class='ocrx_word' id='word_1_183' title='bbox 531 1178 560 1198; x_wconf 91' lang='lat' dir='ltr'><strong>se</strong></span> <span class='ocrx_word' id='word_1_184' title='bbox 578 1178 632 1197; x_wconf 90' lang='lat' dir='ltr'><strong>non</strong></span> <span class='ocrx_word' id='word_1_185' title='bbox 651 1178 713 1198; x_wconf 83' lang='lat' dir='ltr'><strong>esse</strong></span> <span class='ocrx_word' id='word_1_186' title='bbox 730 1171 776 1206; x_wconf 89' lang='lat' dir='ltr'><strong>qui</strong></span> <span class='ocrx_word' id='word_1_187' title='bbox 801 1171 995 1205; x_wconf 85' lang='lat' dir='ltr'><strong>sanctiticelur,</strong></span> 
     </span>
    </p>
   </div>
   <div class='ocr_carea' id='block_1_27' title="bbox 212 1215 995 1252">
    <p class='ocr_par' dir='ltr' id='par_1_27' title="bbox 212 1215 995 1252">
     <span class='ocr_line' id='line_1_27' title="bbox 212 1215 995 1252; baseline -0.003 -8"><span class='ocrx_word' id='word_1_188' title='bbox 212 1217 258 1244; x_wconf 87' lang='lat' dir='ltr'><strong>sed</strong></span> <span class='ocrx_word' id='word_1_189' title='bbox 278 1217 325 1252; x_wconf 86' lang='lat' dir='ltr'><strong>qui</strong></span> <span class='ocrx_word' id='word_1_190' title='bbox 346 1216 505 1244; x_wconf 87' lang='lat' dir='ltr'><strong>sanctiﬁcet.</strong></span> <span class='ocrx_word' id='word_1_191' title='bbox 526 1215 580 1242; x_wconf 87' lang='lat' dir='ltr'><strong>Nec</strong></span> <span class='ocrx_word' id='word_1_192' title='bbox 604 1215 676 1242; x_wconf 89' lang='lat' dir='ltr'><strong>enirn</strong></span> <span class='ocrx_word' id='word_1_193' title='bbox 705 1216 740 1243; x_wconf 87' lang='lat' dir='ltr'><strong>ab</strong></span> <span class='ocrx_word' id='word_1_194' title='bbox 768 1215 822 1243; x_wconf 84' lang='lat' dir='ltr'><strong>alio</strong></span> <span class='ocrx_word' id='word_1_195' title='bbox 843 1217 995 1243; x_wconf 85' lang='lat' dir='ltr'><strong>sanctiﬁca-</strong></span> 
     </span>
    </p>
   </div>
   <div class='ocr_carea' id='block_1_28' title="bbox 212 1260 996 1296">
    <p class='ocr_par' dir='ltr' id='par_1_28' title="bbox 212 1260 996 1296">
     <span class='ocr_line' id='line_1_28' title="bbox 212 1260 996 1296; baseline -0.001 -7"><span class='ocrx_word' id='word_1_196' title='bbox 212 1267 267 1294; x_wconf 82' lang='lat' dir='ltr'><strong>tur,</strong></span> <span class='ocrx_word' id='word_1_197' title='bbox 280 1262 325 1289; x_wconf 85' lang='lat' dir='ltr'><strong>sed</strong></span> <span class='ocrx_word' id='word_1_198' title='bbox 338 1270 367 1289; x_wconf 77' lang='lat' dir='ltr'><strong>se</strong></span> <span class='ocrx_word' id='word_1_199' title='bbox 380 1263 436 1296; x_wconf 89' lang='lat' dir='ltr'><strong>ipse</strong></span> <span class='ocrx_word' id='word_1_200' title='bbox 450 1261 613 1292; x_wconf 83' lang='lat' dir='ltr'><strong>sanctiﬁcat,</strong></span> <span class='ocrx_word' id='word_1_201' title='bbox 631 1265 658 1287; x_wconf 92' lang='lat' dir='ltr'><strong>ut</strong></span> <span class='ocrx_word' id='word_1_202' title='bbox 672 1268 722 1288; x_wconf 91' lang='lat' dir='ltr'><strong>nos</strong></span> <span class='ocrx_word' id='word_1_203' title='bbox 734 1260 760 1287; x_wconf 90' lang='lat' dir='ltr'><strong>in</strong></span> <span class='ocrx_word' id='word_1_204' title='bbox 772 1260 884 1288; x_wconf 84' lang='lat' dir='ltr'><strong>veritate</strong></span> <span class='ocrx_word' id='word_1_205' title='bbox 895 1261 996 1288; x_wconf 90' lang='lat' dir='ltr'><strong>sancti-</strong></span> 
     </span>
    </p>
   </div>
   <div class='ocr_carea' id='block_1_29' title="bbox 213 1305 996 1342">
    <p class='ocr_par' dir='ltr' id='par_1_29' title="bbox 213 1305 996 1342">
     <span class='ocr_line' id='line_1_29' title="bbox 213 1305 996 1342; baseline -0.003 -8"><span class='ocrx_word' id='word_1_206' title='bbox 213 1308 336 1335; x_wconf 86' lang='lat' dir='ltr'><strong>ﬁcemur.</strong></span> <span class='ocrx_word' id='word_1_207' title='bbox 359 1306 412 1339; x_wconf 84' lang='lat' dir='ltr'><strong>Qui</strong></span> <span class='ocrx_word' id='word_1_208' title='bbox 436 1311 525 1333; x_wconf 89' lang='lat' dir='ltr'><strong>autem</strong></span> <span class='ocrx_word' id='word_1_209' title='bbox 550 1306 669 1342; x_wconf 72' lang='lat' dir='ltr'><strong>seipsum</strong></span> <span class='ocrx_word' id='word_1_210' title='bbox 696 1305 857 1338; x_wconf 84' lang='lat' dir='ltr'><strong>sanctiﬁcat,</strong></span> <span class='ocrx_word' id='word_1_211' title='bbox 876 1306 996 1333; x_wconf 87' lang='lat' dir='ltr'><strong>sanctiﬁ-</strong></span> 
     </span>
    </p>
   </div>
   <div class='ocr_carea' id='block_1_30' title="bbox 211 1349 996 1386">
    <p class='ocr_par' dir='ltr' id='par_1_30' title="bbox 211 1349 996 1386">
     <span class='ocr_line' id='line_1_30' title="bbox 211 1349 996 1386; baseline -0.004 -6"><span class='ocrx_word' id='word_1_212' title='bbox 211 1353 291 1380; x_wconf 87' lang='lat' dir='ltr'><strong>candi</strong></span> <span class='ocrx_word' id='word_1_213' title='bbox 310 1352 443 1379; x_wconf 86' lang='lat' dir='ltr'><strong>Dominus</strong></span> <span class='ocrx_word' id='word_1_214' title='bbox 455 1356 506 1379; x_wconf 90' lang='lat' dir='ltr'><strong>est.</strong></span> <span class='ocrx_word' id='word_1_215' title='bbox 520 1351 571 1384; x_wconf 85' lang='lat' dir='ltr'><strong>Qui</strong></span> <span class='ocrx_word' id='word_1_216' title='bbox 588 1359 670 1386; x_wconf 85' lang='lat' dir='ltr'><strong>porro</strong></span> <span class='ocrx_word' id='word_1_217' title='bbox 689 1350 762 1378; x_wconf 89' lang='lat' dir='ltr'><strong>istud</strong></span> <span class='ocrx_word' id='word_1_218' title='bbox 776 1349 900 1382; x_wconf 76' lang='lat' dir='ltr'><strong>eﬁicitur,</strong></span> <span class='ocrx_word' id='word_1_219' title='bbox 916 1351 996 1385; x_wconf 83' lang='lat' dir='ltr'><strong>quid-</strong></span> 
     </span>
    </p>
   </div>
   <div class='ocr_carea' id='block_1_31' title="bbox 214 1395 995 1432">
    <p class='ocr_par' dir='ltr' id='par_1_31' title="bbox 214 1395 995 1432">
     <span class='ocr_line' id='line_1_31' title="bbox 214 1395 995 1432; baseline -0.001 -7"><span class='ocrx_word' id='word_1_220' title='bbox 214 1406 247 1426; x_wconf 91' lang='lat' dir='ltr'><strong>ve</strong></span> <span class='ocrx_word' id='word_1_221' title='bbox 269 1398 341 1425; x_wconf 79' lang='lat' dir='ltr'><strong>aliud</strong></span> <span class='ocrx_word' id='word_1_222' title='bbox 373 1398 438 1425; x_wconf 91' lang='lat' dir='ltr'><strong>dicit</strong></span> <span class='ocrx_word' id='word_1_223' title='bbox 459 1405 540 1432; x_wconf 94' lang='lat' dir='ltr'><strong>quam</strong></span> <span class='ocrx_word' id='word_1_224' title='bbox 560 1396 641 1424; x_wconf 88' lang='lat' dir='ltr'><strong>verba</strong></span> <span class='ocrx_word' id='word_1_225' title='bbox 665 1395 843 1430; x_wconf 75' lang='lat' dir='ltr'><strong>huiusmodi:</strong></span> <span class='ocrx_word' id='word_1_226' title='bbox 865 1396 921 1431; x_wconf 67' lang='lat' dir='ltr'><strong>Ego</strong></span> <span class='ocrx_word' id='word_1_227' title='bbox 948 1397 995 1431; x_wconf 88' lang='lat' dir='ltr'><strong>qui</strong></span> 
     </span>
    </p>
   </div>
   <div class='ocr_carea' id='block_1_32' title="bbox 211 1441 995 1478">
    <p class='ocr_par' dir='ltr' id='par_1_32' title="bbox 211 1441 995 1478">
     <span class='ocr_line' id='line_1_32' title="bbox 211 1441 995 1478; baseline -0.003 -7"><span class='ocrx_word' id='word_1_228' title='bbox 211 1444 301 1474; x_wconf 83' lang='lat' dir='ltr'><strong>Patris</strong></span> <span class='ocrx_word' id='word_1_229' title='bbox 319 1443 442 1471; x_wconf 89' lang='lat' dir='ltr'><strong>Verbum</strong></span> <span class='ocrx_word' id='word_1_230' title='bbox 458 1451 530 1476; x_wconf 89' lang='lat' dir='ltr'><strong>sum,</strong></span> <span class='ocrx_word' id='word_1_231' title='bbox 545 1442 602 1478; x_wconf 81' lang='lat' dir='ltr'><strong>ipse</strong></span> <span class='ocrx_word' id='word_1_232' title='bbox 626 1441 692 1469; x_wconf 88' lang='lat' dir='ltr'><strong>mihi</strong></span> <span class='ocrx_word' id='word_1_233' title='bbox 710 1441 781 1469; x_wconf 81' lang='lat' dir='ltr'><strong>facto</strong></span> <span class='ocrx_word' id='word_1_234' title='bbox 801 1442 904 1469; x_wconf 85' lang='lat' dir='ltr'><strong>homini</strong></span> <span class='ocrx_word' id='word_1_235' title='bbox 923 1443 995 1469; x_wconf 91' lang='lat' dir='ltr'><strong>dono</strong></span> 
     </span>
    </p>
   </div>
   <div class='ocr_carea' id='block_1_33' title="bbox 213 1488 995 1526">
    <p class='ocr_par' dir='ltr' id='par_1_33' title="bbox 213 1488 995 1526">
     <span class='ocr_line' id='line_1_33' title="bbox 213 1488 995 1526; baseline -0.003 -8"><span class='ocrx_word' id='word_1_236' title='bbox 213 1490 358 1526; x_wconf 86' lang='lat' dir='ltr'><strong>Spiritum,</strong></span> <span class='ocrx_word' id='word_1_237' title='bbox 374 1496 471 1524; x_wconf 88' lang='lat' dir='ltr'><strong>meque</strong></span> <span class='ocrx_word' id='word_1_238' title='bbox 497 1489 597 1516; x_wconf 76' lang='lat' dir='ltr'><strong>tactum</strong></span> <span class='ocrx_word' id='word_1_239' title='bbox 617 1488 754 1515; x_wconf 88' lang='lat' dir='ltr'><strong>hominem</strong></span> <span class='ocrx_word' id='word_1_240' title='bbox 777 1488 804 1514; x_wconf 90' lang='lat' dir='ltr'><strong>in</strong></span> <span class='ocrx_word' id='word_1_241' title='bbox 830 1488 876 1515; x_wconf 93' lang='lat' dir='ltr'><strong>illo</strong></span> <span class='ocrx_word' id='word_1_242' title='bbox 892 1489 995 1516; x_wconf 85' lang='lat' dir='ltr'><strong>sancti-</strong></span> 
     </span>
    </p>
   </div>
   <div class='ocr_carea' id='block_1_34' title="bbox 212 1534 1030 1574">
    <p class='ocr_par' dir='ltr' id='par_1_34' title="bbox 212 1534 1030 1574">
     <span class='ocr_line' id='line_1_34' title="bbox 212 1534 1030 1574; baseline -0.001 -11"><span class='ocrx_word' id='word_1_243' title='bbox 212 1536 274 1568; x_wconf 79' lang='lat' dir='ltr'><strong>tico,</strong></span> <span class='ocrx_word' id='word_1_244' title='bbox 298 1539 328 1563; x_wconf 91' lang='lat' dir='ltr'><strong>ut</strong></span> <span class='ocrx_word' id='word_1_245' title='bbox 351 1534 478 1570; x_wconf 85' lang='lat' dir='ltr'><strong>deinceps</strong></span> <span class='ocrx_word' id='word_1_246' title='bbox 502 1534 531 1562; x_wconf 84' lang='lat' dir='ltr'><strong>in</strong></span> <span class='ocrx_word' id='word_1_247' title='bbox 554 1542 610 1567; x_wconf 89' lang='lat' dir='ltr'><strong>me,</strong></span> <span class='ocrx_word' id='word_1_248' title='bbox 629 1535 677 1569; x_wconf 90' lang='lat' dir='ltr'><strong>qui</strong></span> <span class='ocrx_word' id='word_1_249' title='bbox 703 1534 803 1562; x_wconf 90' lang='lat' dir='ltr'><strong>veritas</strong></span> <span class='ocrx_word' id='word_1_250' title='bbox 833 1542 894 1562; x_wconf 90' lang='lat' dir='ltr'><strong>sum</strong></span> <span class='ocrx_word' id='word_1_251' title='bbox 921 1535 994 1569; x_wconf 86' lang='lat' dir='ltr'><strong>(nam</strong></span> <span class='ocrx_word' id='word_1_252' title='bbox 1009 1545 1030 1574; x_wconf 71' lang='grc' dir='ltr'>ο</span> 
     </span>
    </p>
   </div>
   <div class='ocr_carea' id='block_1_35' title="bbox 217 1581 993 1615">
    <p class='ocr_par' dir='ltr' id='par_1_35' title="bbox 217 1581 993 1615">
     <span class='ocr_line' id='line_1_35' title="bbox 217 1581 993 1615; baseline 0 -7"><span class='ocrx_word' id='word_1_253' title='bbox 217 1581 329 1608; x_wconf 81' lang='lat' dir='ltr'><strong>Verbum</strong></span> <span class='ocrx_word' id='word_1_254' title='bbox 344 1587 418 1608; x_wconf 86' lang='lat' dir='ltr'><strong>tuum</strong></span> <span class='ocrx_word' id='word_1_255' title='bbox 432 1581 527 1608; x_wconf 81' lang='lat' dir='ltr'><strong>veritas</strong></span> <span class='ocrx_word' id='word_1_256' title='bbox 544 1585 582 1608; x_wconf 81' lang='lat' dir='ltr'><strong>est</strong></span> <span class='ocrx_word' id='word_1_257' title='bbox 596 1581 641 1615; x_wconf 78' lang='lat'><strong>&quot;’),</strong></span> <span class='ocrx_word' id='word_1_258' title='bbox 656 1587 750 1609; x_wconf 85' lang='lat' dir='ltr'><strong>omnes</strong></span> <span class='ocrx_word' id='word_1_259' title='bbox 769 1581 993 1608; x_wconf 86' lang='lat' dir='ltr'><strong>sanctiﬁcentur?</strong></span> 
     </span>
    </p>
   </div>
   <div class='ocr_carea' id='block_1_36' title="bbox 247 1666 994 1702">
    <p class='ocr_par' dir='ltr' id='par_1_36' title="bbox 247 1666 994 1702">
     <span class='ocr_line' id='line_1_36' title="bbox 247 1666 994 1702; baseline -0.001 -8"><span class='ocrx_word' id='word_1_260' title='bbox 247 1668 290 1695; x_wconf 67' lang='grc'><strong>47.</strong></span> <span class='ocrx_word' id='word_1_261' title='bbox 310 1667 388 1700; x_wconf 86' lang='lat' dir='ltr'><strong>Quod</strong></span> <span class='ocrx_word' id='word_1_262' title='bbox 404 1667 427 1694; x_wconf 88' lang='lat' dir='ltr'><strong>si</strong></span> <span class='ocrx_word' id='word_1_263' title='bbox 443 1667 527 1695; x_wconf 88' lang='lat' dir='ltr'><strong>nostri</strong></span> <span class='ocrx_word' id='word_1_264' title='bbox 551 1667 636 1702; x_wconf 75' lang='lat' dir='ltr'><strong>gratia</strong></span> <span class='ocrx_word' id='word_1_265' title='bbox 650 1674 679 1694; x_wconf 90' lang='lat' dir='ltr'><strong>se</strong></span> <span class='ocrx_word' id='word_1_266' title='bbox 698 1666 754 1702; x_wconf 84' lang='lat' dir='ltr'><strong>ipse</strong></span> <span class='ocrx_word' id='word_1_267' title='bbox 775 1666 938 1699; x_wconf 86' lang='lat' dir='ltr'><strong>sanctiﬁcat,</strong></span> <span class='ocrx_word' id='word_1_268' title='bbox 953 1666 994 1694; x_wconf 82' lang='lat' dir='ltr'><strong>id-</strong></span> 
     </span>
    </p>
   </div>
   <div class='ocr_carea' id='block_1_37' title="bbox 211 1711 994 1747">
    <p class='ocr_par' dir='ltr' id='par_1_37' title="bbox 211 1711 994 1747">
     <span class='ocr_line' id='line_1_37' title="bbox 211 1711 994 1747; baseline -0.001 -7"><span class='ocrx_word' id='word_1_269' title='bbox 211 1721 265 1747; x_wconf 87' lang='lat' dir='ltr'><strong>que</strong></span> <span class='ocrx_word' id='word_1_270' title='bbox 281 1717 347 1739; x_wconf 90' lang='lat' dir='ltr'><strong>tunc</strong></span> <span class='ocrx_word' id='word_1_271' title='bbox 367 1712 431 1739; x_wconf 77' lang='lat' dir='ltr'><strong>facit</strong></span> <span class='ocrx_word' id='word_1_272' title='bbox 456 1720 517 1740; x_wconf 92' lang='lat' dir='ltr'><strong>cum</strong></span> <span class='ocrx_word' id='word_1_273' title='bbox 536 1712 618 1739; x_wconf 89' lang='lat' dir='ltr'><strong>homo</strong></span> <span class='ocrx_word' id='word_1_274' title='bbox 641 1717 684 1739; x_wconf 88' lang='lat' dir='ltr'><strong>est</strong></span> <span class='ocrx_word' id='word_1_275' title='bbox 708 1711 805 1743; x_wconf 81' lang='lat' dir='ltr'><strong>factus,</strong></span> <span class='ocrx_word' id='word_1_276' title='bbox 820 1715 893 1739; x_wconf 89' lang='lat' dir='ltr'><strong>certe</strong></span> <span class='ocrx_word' id='word_1_277' title='bbox 910 1712 994 1746; x_wconf 84' lang='lat' dir='ltr'><strong>liquet</strong></span> 
     </span>
    </p>
   </div>
   <div class='ocr_carea' id='block_1_38' title="bbox 213 1757 994 1793">
    <p class='ocr_par' dir='ltr' id='par_1_38' title="bbox 213 1757 994 1793">
     <span class='ocr_line' id='line_1_38' title="bbox 213 1757 994 1793; baseline -0.001 -8"><span class='ocrx_word' id='word_1_278' title='bbox 213 1759 354 1793; x_wconf 86' lang='lat' dir='ltr'><strong>Spiritum,</strong></span> <span class='ocrx_word' id='word_1_279' title='bbox 367 1765 426 1784; x_wconf 90' lang='lat' dir='ltr'><strong>cum</strong></span> <span class='ocrx_word' id='word_1_280' title='bbox 445 1758 471 1784; x_wconf 91' lang='lat' dir='ltr'><strong>in</strong></span> <span class='ocrx_word' id='word_1_281' title='bbox 483 1765 545 1785; x_wconf 89' lang='lat' dir='ltr'><strong>eum</strong></span> <span class='ocrx_word' id='word_1_282' title='bbox 557 1758 627 1793; x_wconf 87' lang='lat' dir='ltr'><strong>apud</strong></span> <span class='ocrx_word' id='word_1_283' title='bbox 643 1757 788 1786; x_wconf 84' lang='lat' dir='ltr'><strong>Jordanem</strong></span> <span class='ocrx_word' id='word_1_284' title='bbox 804 1758 952 1790; x_wconf 85' lang='lat' dir='ltr'><strong>descendit,</strong></span> <span class='ocrx_word' id='word_1_285' title='bbox 966 1758 994 1784; x_wconf 92' lang='lat' dir='ltr'><strong>in</strong></span> 
     </span>
    </p>
   </div>
   <div class='ocr_carea' id='block_1_39' title="bbox 211 1803 990 1840">
    <p class='ocr_par' dir='ltr' id='par_1_39' title="bbox 211 1803 990 1840">
     <span class='ocr_line' id='line_1_39' title="bbox 211 1803 990 1840; baseline 0.001 -10"><span class='ocrx_word' id='word_1_286' title='bbox 211 1804 292 1840; x_wconf 74' lang='lat'><strong>353</strong></span> <span class='ocrx_word' id='word_1_287' title='bbox 309 1811 357 1831; x_wconf 88' lang='lat' dir='ltr'><strong>nos</strong></span> <span class='ocrx_word' id='word_1_288' title='bbox 372 1803 459 1838; x_wconf 79' lang='lat' dir='ltr'><strong>ipsns,</strong></span> <span class='ocrx_word' id='word_1_289' title='bbox 471 1803 533 1838; x_wconf 87' lang='lat' dir='ltr'><strong>quia</strong></span> <span class='ocrx_word' id='word_1_290' title='bbox 545 1808 667 1831; x_wconf 89' lang='lat' dir='ltr'><strong>nostrum</strong></span> <span class='ocrx_word' id='word_1_291' title='bbox 685 1803 730 1831; x_wconf 86' lang='lat' dir='ltr'><strong>ille</strong></span> <span class='ocrx_word' id='word_1_292' title='bbox 750 1808 868 1839; x_wconf 77' lang='lat' dir='ltr'><strong>gestaret</strong></span> <span class='ocrx_word' id='word_1_293' title='bbox 878 1811 990 1838; x_wconf 90' lang='lat' dir='ltr'><strong>corpus,</strong></span> 
     </span>
    </p>
   </div>
   <div class='ocr_carea' id='block_1_40' title="bbox 211 1848 994 1883">
    <p class='ocr_par' dir='ltr' id='par_1_40' title="bbox 211 1848 994 1883">
     <span class='ocr_line' id='line_1_40' title="bbox 211 1848 994 1883; baseline -0.001 -6"><span class='ocrx_word' id='word_1_294' title='bbox 211 1849 394 1880; x_wconf 83' lang='lat' dir='ltr'><strong>descendisse,</strong></span> <span class='ocrx_word' id='word_1_295' title='bbox 410 1856 497 1883; x_wconf 86' lang='lat' dir='ltr'><strong>neque</strong></span> <span class='ocrx_word' id='word_1_296' title='bbox 512 1848 538 1876; x_wconf 88' lang='lat' dir='ltr'><strong>id</strong></span> <span class='ocrx_word' id='word_1_297' title='bbox 554 1848 700 1883; x_wconf 81' lang='lat' dir='ltr'><strong>contigisse</strong></span> <span class='ocrx_word' id='word_1_298' title='bbox 714 1853 744 1876; x_wconf 92' lang='lat' dir='ltr'><strong>ut</strong></span> <span class='ocrx_word' id='word_1_299' title='bbox 761 1849 877 1876; x_wconf 82' lang='lat' dir='ltr'><strong>Verbum</strong></span> <span class='ocrx_word' id='word_1_300' title='bbox 896 1849 994 1876; x_wconf 88' lang='lat' dir='ltr'><strong>melius</strong></span> 
     </span>
    </p>
   </div>
   <div class='ocr_carea' id='block_1_41' title="bbox 212 1894 995 1930">
    <p class='ocr_par' dir='ltr' id='par_1_41' title="bbox 212 1894 995 1930">
     <span class='ocr_line' id='line_1_41' title="bbox 212 1894 995 1930; baseline -0.001 -7"><span class='ocrx_word' id='word_1_301' title='bbox 212 1896 297 1927; x_wconf 86' lang='lat' dir='ltr'><strong>ﬁeret,</strong></span> <span class='ocrx_word' id='word_1_302' title='bbox 311 1895 357 1923; x_wconf 90' lang='lat' dir='ltr'><strong>sed</strong></span> <span class='ocrx_word' id='word_1_303' title='bbox 369 1899 399 1922; x_wconf 88' lang='lat' dir='ltr'><strong>ut</strong></span> <span class='ocrx_word' id='word_1_304' title='bbox 413 1902 463 1922; x_wconf 88' lang='lat' dir='ltr'><strong>nos</strong></span> <span class='ocrx_word' id='word_1_305' title='bbox 476 1895 562 1922; x_wconf 70' lang='lat' dir='ltr'><strong>sancti</strong></span> <span class='ocrx_word' id='word_1_306' title='bbox 573 1894 750 1928; x_wconf 80' lang='lat' dir='ltr'><strong>cﬂlceremur,</strong></span> <span class='ocrx_word' id='word_1_307' title='bbox 764 1894 878 1930; x_wconf 78' lang='lat' dir='ltr'><strong>ejusque</strong></span> <span class='ocrx_word' id='word_1_308' title='bbox 888 1895 995 1922; x_wconf 88' lang='lat' dir='ltr'><strong>unctio—</strong></span> 
     </span>
    </p>
   </div>
   <div class='ocr_carea' id='block_1_42' title="bbox 211 1940 993 1974">
    <p class='ocr_par' dir='ltr' id='par_1_42' title="bbox 211 1940 993 1974">
     <span class='ocr_line' id='line_1_42' title="bbox 211 1940 993 1974; baseline -0.001 -7"><span class='ocrx_word' id='word_1_309' title='bbox 211 1941 255 1968; x_wconf 88' lang='lat' dir='ltr'><strong>nis</strong></span> <span class='ocrx_word' id='word_1_310' title='bbox 267 1948 390 1968; x_wconf 83' lang='lat' dir='ltr'><strong>essetnus</strong></span> <span class='ocrx_word' id='word_1_311' title='bbox 406 1940 562 1974; x_wconf 85' lang='lat' dir='ltr'><strong>participes,</strong></span> <span class='ocrx_word' id='word_1_312' title='bbox 579 1947 610 1966; x_wconf 89' lang='lat' dir='ltr'><strong>ac</strong></span> <span class='ocrx_word' id='word_1_313' title='bbox 625 1940 658 1966; x_wconf 90' lang='lat' dir='ltr'><strong>de</strong></span> <span class='ocrx_word' id='word_1_314' title='bbox 676 1940 754 1967; x_wconf 90' lang='lat' dir='ltr'><strong>nobis</strong></span> <span class='ocrx_word' id='word_1_315' title='bbox 775 1940 912 1967; x_wconf 85' lang='lat' dir='ltr'><strong>diceretur</strong></span> <span class='ocrx_word' id='word_1_316' title='bbox 927 1950 934 1968; x_wconf 91' lang='lat'><strong>:</strong></span> <span class='ocrx_word' id='word_1_317' title='bbox 951 1940 993 1967; x_wconf 83' lang='lat' dir='ltr'><strong>An</strong></span> 
     </span>
    </p>
   </div>
   <div class='ocr_carea' id='block_1_43' title="bbox 211 1984 993 2020">
    <p class='ocr_par' dir='ltr' id='par_1_43' title="bbox 211 1984 993 2020">
     <span class='ocr_line' id='line_1_43' title="bbox 211 1984 993 2020; baseline 0 -8"><span class='ocrx_word' id='word_1_318' title='bbox 211 1986 318 2013; x_wconf 75' lang='lat' dir='ltr'><strong>nescitis</strong></span> <span class='ocrx_word' id='word_1_319' title='bbox 331 1986 393 2020; x_wconf 81' lang='lat' dir='ltr'><strong>quia</strong></span> <span class='ocrx_word' id='word_1_320' title='bbox 411 1985 534 2019; x_wconf 79' lang='lat' dir='ltr'><strong>templum</strong></span> <span class='ocrx_word' id='word_1_321' title='bbox 556 1985 601 2012; x_wconf 84' lang='lat' dir='ltr'><strong>Dei</strong></span> <span class='ocrx_word' id='word_1_322' title='bbox 616 1986 690 2018; x_wconf 81' lang='lat' dir='ltr'><strong>estis,</strong></span> <span class='ocrx_word' id='word_1_323' title='bbox 706 1991 730 2012; x_wconf 85' lang='lat' dir='ltr'><strong>et</strong></span> <span class='ocrx_word' id='word_1_324' title='bbox 749 1984 864 2020; x_wconf 73' lang='lat' dir='ltr'><strong>Spiritus</strong></span> <span class='ocrx_word' id='word_1_325' title='bbox 878 1985 927 2012; x_wconf 82' lang='lat' dir='ltr'><strong>Dei</strong></span> <span class='ocrx_word' id='word_1_326' title='bbox 942 1986 993 2013; x_wconf 85' lang='lat' dir='ltr'><strong>ha-</strong></span> 
     </span>
    </p>
   </div>
   <div class='ocr_carea' id='block_1_44' title="bbox 211 2030 994 2066">
    <p class='ocr_par' dir='ltr' id='par_1_44' title="bbox 211 2030 994 2066">
     <span class='ocr_line' id='line_1_44' title="bbox 211 2030 994 2066; baseline 0 -8"><span class='ocrx_word' id='word_1_327' title='bbox 211 2032 277 2058; x_wconf 84' lang='lat' dir='ltr'><strong>bitat</strong></span> <span class='ocrx_word' id='word_1_328' title='bbox 293 2032 318 2058; x_wconf 83' lang='lat' dir='ltr'><strong>in</strong></span> <span class='ocrx_word' id='word_1_329' title='bbox 332 2032 402 2059; x_wconf 82' lang='lat' dir='ltr'><strong>vobis</strong></span> <span class='ocrx_word' id='word_1_330' title='bbox 414 2032 457 2059; x_wconf 73' lang='lat' dir='ltr'><strong>“‘i</strong></span> <span class='ocrx_word' id='word_1_331' title='bbox 473 2030 541 2058; x_wconf 86' lang='lat' dir='ltr'><strong>Cum</strong></span> <span class='ocrx_word' id='word_1_332' title='bbox 553 2031 625 2058; x_wconf 87' lang='lat' dir='ltr'><strong>enim</strong></span> <span class='ocrx_word' id='word_1_333' title='bbox 643 2030 775 2058; x_wconf 87' lang='lat' dir='ltr'><strong>Dominus</strong></span> <span class='ocrx_word' id='word_1_334' title='bbox 795 2036 923 2066; x_wconf 86' lang='lat' dir='ltr'><strong>tanquam</strong></span> <span class='ocrx_word' id='word_1_335' title='bbox 944 2032 994 2058; x_wconf 92' lang='lat' dir='ltr'><strong>ho-</strong></span> 
     </span>
    </p>
   </div>
   <div class='ocr_carea' id='block_1_45' title="bbox 211 2077 993 2112">
    <p class='ocr_par' dir='ltr' id='par_1_45' title="bbox 211 2077 993 2112">
     <span class='ocr_line' id='line_1_45' title="bbox 211 2077 993 2112; baseline 0.001 -7"><span class='ocrx_word' id='word_1_336' title='bbox 211 2086 256 2106; x_wconf 91' lang='lat' dir='ltr'><strong>mo</strong></span> <span class='ocrx_word' id='word_1_337' title='bbox 271 2079 407 2107; x_wconf 79' lang='lat' dir='ltr'><strong>lavaretur</strong></span> <span class='ocrx_word' id='word_1_338' title='bbox 425 2079 452 2105; x_wconf 89' lang='lat' dir='ltr'><strong>in</strong></span> <span class='ocrx_word' id='word_1_339' title='bbox 469 2077 596 2110; x_wconf 70' lang='lat' dir='ltr'><strong>Iordane,</strong></span> <span class='ocrx_word' id='word_1_340' title='bbox 611 2085 661 2105; x_wconf 89' lang='lat' dir='ltr'><strong>nos</strong></span> <span class='ocrx_word' id='word_1_341' title='bbox 678 2077 728 2112; x_wconf 89' lang='lat' dir='ltr'><strong>ipsi</strong></span> <span class='ocrx_word' id='word_1_342' title='bbox 746 2078 772 2104; x_wconf 92' lang='lat' dir='ltr'><strong>in</strong></span> <span class='ocrx_word' id='word_1_343' title='bbox 793 2078 838 2104; x_wconf 91' lang='lat' dir='ltr'><strong>illo</strong></span> <span class='ocrx_word' id='word_1_344' title='bbox 853 2083 879 2105; x_wconf 87' lang='lat' dir='ltr'><strong>et</strong></span> <span class='ocrx_word' id='word_1_345' title='bbox 894 2078 928 2106; x_wconf 92' lang='lat' dir='ltr'><strong>ab</strong></span> <span class='ocrx_word' id='word_1_346' title='bbox 947 2078 993 2106; x_wconf 90' lang='lat' dir='ltr'><strong>illo</strong></span> 
     </span>
    </p>
   </div>
   <div class='ocr_carea' id='block_1_46' title="bbox 1050 246 1836 283">
    <p class='ocr_par' dir='ltr' id='par_1_46' title="bbox 1050 246 1836 283">
     <span class='ocr_line' id='line_1_46' title="bbox 1050 246 1836 283; baseline 0 -8"><span class='ocrx_word' id='word_1_347' title='bbox 1050 247 1155 283; x_wconf 82' lang='grc' dir='ltr'>Πατρὺς</span> <span class='ocrx_word' id='word_1_348' title='bbox 1170 247 1248 282; x_wconf 82' lang='grc' dir='ltr'>μόνος</span> <span class='ocrx_word' id='word_1_349' title='bbox 1265 247 1345 279; x_wconf 81' lang='grc' dir='ltr'>αὐτός</span> <span class='ocrx_word' id='word_1_350' title='bbox 1359 248 1416 273; x_wconf 80' lang='grc' dir='ltr'>ἐστι</span> <span class='ocrx_word' id='word_1_351' title='bbox 1437 246 1523 280; x_wconf 74' lang='grc' dir='ltr'>Λόγος</span> <span class='ocrx_word' id='word_1_352' title='bbox 1537 246 1680 282; x_wconf 81' lang='grc' dir='ltr'>ἀληθινὸς,</span> <span class='ocrx_word' id='word_1_353' title='bbox 1708 248 1836 282; x_wconf 84' lang='grc' dir='ltr'>ἀπαύγα--</span> 
     </span>
    </p>
   </div>
   <div class='ocr_carea' id='block_1_47' title="bbox 1050 290 1834 329">
    <p class='ocr_par' dir='ltr' id='par_1_47' title="bbox 1050 290 1834 329">
     <span class='ocr_line' id='line_1_47' title="bbox 1050 290 1834 329; baseline 0.001 -9"><span class='ocrx_word' id='word_1_354' title='bbox 1050 303 1105 329; x_wconf 88' lang='grc' dir='ltr'><strong>σμα</strong></span> <span class='ocrx_word' id='word_1_355' title='bbox 1122 293 1170 320; x_wconf 75' lang='grc' dir='ltr'><strong>καὶ</strong></span> <span class='ocrx_word' id='word_1_356' title='bbox 1187 293 1277 328; x_wconf 79' lang='grc' dir='ltr'>σοφία,</span> <span class='ocrx_word' id='word_1_357' title='bbox 1301 290 1334 328; x_wconf 80' lang='grc' dir='ltr'><strong>ἧς</strong></span> <span class='ocrx_word' id='word_1_358' title='bbox 1344 293 1379 319; x_wconf 81' lang='grc' dir='ltr'><strong>τὰ</strong></span> <span class='ocrx_word' id='word_1_359' title='bbox 1395 293 1497 328; x_wconf 82' lang='grc' dir='ltr'>γενητὰ</span> <span class='ocrx_word' id='word_1_360' title='bbox 1512 293 1567 328; x_wconf 78' lang='grc'>(95)</span> <span class='ocrx_word' id='word_1_361' title='bbox 1594 293 1683 320; x_wconf 82' lang='grc' dir='ltr'>πάντα</span> <span class='ocrx_word' id='word_1_362' title='bbox 1715 294 1834 329; x_wconf 82' lang='grc' dir='ltr'><strong>μετέχει,</strong></span> 
     </span>
    </p>
   </div>
   <div class='ocr_carea' id='block_1_48' title="bbox 1048 338 1834 375">
    <p class='ocr_par' dir='ltr' id='par_1_48' title="bbox 1048 338 1834 375">
     <span class='ocr_line' id='line_1_48' title="bbox 1048 338 1834 375; baseline 0.001 -8"><span class='ocrx_word' id='word_1_363' title='bbox 1048 341 1095 367; x_wconf 79' lang='grc' dir='ltr'><strong>καὶ</strong></span> <span class='ocrx_word' id='word_1_364' title='bbox 1107 338 1248 374; x_wconf 76' lang='grc' dir='ltr'><strong>ἁγιάζεται</strong></span> <span class='ocrx_word' id='word_1_365' title='bbox 1261 341 1325 375; x_wconf 76' lang='grc' dir='ltr'>παρ’</span> <span class='ocrx_word' id='word_1_366' title='bbox 1339 339 1422 366; x_wconf 75' lang='grc' dir='ltr'>αὐτοῦ</span> <span class='ocrx_word' id='word_1_367' title='bbox 1435 339 1474 374; x_wconf 77' lang='grc' dir='ltr'>τῷ</span> <span class='ocrx_word' id='word_1_368' title='bbox 1491 338 1640 374; x_wconf 75' lang='grc' dir='ltr'>Πνεύματι,</span> <span class='ocrx_word' id='word_1_369' title='bbox 1657 340 1711 366; x_wconf 79' lang='grc' dir='ltr'><strong>Καὶ</strong></span> <span class='ocrx_word' id='word_1_370' title='bbox 1719 340 1834 368; x_wconf 76' lang='grc' dir='ltr'>ἐνταῦθα</span> 
     </span>
    </p>
   </div>
   <div class='ocr_carea' id='block_1_49' title="bbox 1047 383 1834 423">
    <p class='ocr_par' dir='ltr' id='par_1_49' title="bbox 1047 383 1834 423">
     <span class='ocr_line' id='line_1_49' title="bbox 1047 383 1834 423; baseline 0.001 -11"><span class='ocrx_word' id='word_1_371' title='bbox 1047 386 1114 421; x_wconf 75' lang='grc' dir='ltr'>γοῦν</span> <span class='ocrx_word' id='word_1_372' title='bbox 1125 385 1240 422; x_wconf 85' lang='grc' dir='ltr'>χρίεται,</span> <span class='ocrx_word' id='word_1_373' title='bbox 1253 386 1302 420; x_wconf 88' lang='grc' dir='ltr'>οὑχ</span> <span class='ocrx_word' id='word_1_374' title='bbox 1321 385 1365 412; x_wconf 75' lang='grc' dir='ltr'>ἵνα</span> <span class='ocrx_word' id='word_1_375' title='bbox 1377 385 1442 417; x_wconf 86' lang='grc' dir='ltr'><strong>Θεὸς</strong></span> <span class='ocrx_word' id='word_1_376' title='bbox 1458 385 1587 420; x_wconf 79' lang='grc' dir='ltr'>γένηται·</span> <span class='ocrx_word' id='word_1_377' title='bbox 1602 383 1640 422; x_wconf 65' lang='grc' dir='ltr'>ἦν</span> <span class='ocrx_word' id='word_1_378' title='bbox 1652 386 1707 422; x_wconf 87' lang='grc' dir='ltr'><strong>γὰρ</strong></span> <span class='ocrx_word' id='word_1_379' title='bbox 1722 387 1768 413; x_wconf 77' lang='grc' dir='ltr'>καὶ</span> <span class='ocrx_word' id='word_1_380' title='bbox 1781 387 1834 423; x_wconf 76' lang='grc' dir='ltr'>πρὸ</span> 
     </span>
    </p>
   </div>
   <div class='ocr_carea' id='block_1_50' title="bbox 1048 429 1834 467">
    <p class='ocr_par' dir='ltr' id='par_1_50' title="bbox 1048 429 1834 467">
     <span class='ocr_line' id='line_1_50' title="bbox 1048 429 1834 467; baseline 0.003 -10"><span class='ocrx_word' id='word_1_381' title='bbox 1048 431 1140 457; x_wconf 75' lang='grc' dir='ltr'>τούτου</span> <span class='ocrx_word' id='word_1_382' title='bbox 1153 439 1159 444; x_wconf 94' lang='grc'><strong>·</strong></span> <span class='ocrx_word' id='word_1_383' title='bbox 1176 431 1230 457; x_wconf 78' lang='grc' dir='ltr'><strong>οὐδ’</strong></span> <span class='ocrx_word' id='word_1_384' title='bbox 1247 431 1290 457; x_wconf 82' lang='grc' dir='ltr'>ἵνα</span> <span class='ocrx_word' id='word_1_385' title='bbox 1311 430 1436 465; x_wconf 79' lang='grc' dir='ltr'>βασιλεὺς</span> <span class='ocrx_word' id='word_1_386' title='bbox 1451 430 1579 466; x_wconf 49' lang='grc' dir='ltr'>γένηταινυ</span> <span class='ocrx_word' id='word_1_387' title='bbox 1604 429 1639 467; x_wconf 79' lang='grc' dir='ltr'>ἦν</span> <span class='ocrx_word' id='word_1_388' title='bbox 1667 431 1722 467; x_wconf 83' lang='grc' dir='ltr'><strong>γὰρ</strong></span> <span class='ocrx_word' id='word_1_389' title='bbox 1740 432 1834 464; x_wconf 82' lang='grc' dir='ltr'>ἀῖδίως</span> 
     </span>
    </p>
   </div>
   <div class='ocr_carea' id='block_1_51' title="bbox 1049 476 1834 512">
    <p class='ocr_par' dir='ltr' id='par_1_51' title="bbox 1049 476 1834 512">
     <span class='ocr_line' id='line_1_51' title="bbox 1049 476 1834 512; baseline 0.004 -10"><span class='ocrx_word' id='word_1_390' title='bbox 1049 476 1207 511; x_wconf 77' lang='grc' dir='ltr'>βασιλεύων,</span> <span class='ocrx_word' id='word_1_391' title='bbox 1222 476 1302 503; x_wconf 81' lang='grc' dir='ltr'>εἰκὼν</span> <span class='ocrx_word' id='word_1_392' title='bbox 1318 476 1448 512; x_wconf 81' lang='grc' dir='ltr'><strong>ὑπάρχων</strong></span> <span class='ocrx_word' id='word_1_393' title='bbox 1467 477 1515 503; x_wconf 83' lang='grc' dir='ltr'>τοῦ</span> <span class='ocrx_word' id='word_1_394' title='bbox 1539 477 1618 509; x_wconf 80' lang='grc' dir='ltr'>Θεοῦ,</span> <span class='ocrx_word' id='word_1_395' title='bbox 1643 477 1681 509; x_wconf 85' lang='grc' dir='ltr'>ὡς</span> <span class='ocrx_word' id='word_1_396' title='bbox 1695 478 1724 504; x_wconf 87' lang='grc' dir='ltr'>τὸ</span> <span class='ocrx_word' id='word_1_397' title='bbox 1743 478 1834 512; x_wconf 85' lang='grc' dir='ltr'>λόγιον</span> 
     </span>
    </p>
   </div>
   <div class='ocr_carea' id='block_1_52' title="bbox 1047 522 1833 560">
    <p class='ocr_par' dir='ltr' id='par_1_52' title="bbox 1047 522 1833 560">
     <span class='ocr_line' id='line_1_52' title="bbox 1047 522 1833 560; baseline 0.004 -12"><span class='ocrx_word' id='word_1_398' title='bbox 1047 522 1196 549; x_wconf 84' lang='grc' dir='ltr'>δείκνυσιν·</span> <span class='ocrx_word' id='word_1_399' title='bbox 1213 522 1269 549; x_wconf 85' lang='grc' dir='ltr'>ἀλλ’</span> <span class='ocrx_word' id='word_1_400' title='bbox 1286 522 1357 558; x_wconf 82' lang='grc' dir='ltr'><strong>ὑπὲρ</strong></span> <span class='ocrx_word' id='word_1_401' title='bbox 1369 524 1385 558; x_wconf 84' lang='grc' dir='ltr'>ἡ</span> <span class='ocrx_word' id='word_1_402' title='bbox 1391 522 1449 558; x_wconf 88' lang='grc' dir='ltr'><strong>μῶν</strong></span> <span class='ocrx_word' id='word_1_403' title='bbox 1467 523 1547 550; x_wconf 87' lang='grc' dir='ltr'>πάλιν</span> <span class='ocrx_word' id='word_1_404' title='bbox 1568 523 1615 550; x_wconf 76' lang='grc' dir='ltr'><strong>καὶ</strong></span> <span class='ocrx_word' id='word_1_405' title='bbox 1631 523 1709 550; x_wconf 81' lang='grc' dir='ltr'>τοῦτο</span> <span class='ocrx_word' id='word_1_406' title='bbox 1730 524 1833 560; x_wconf 85' lang='grc' dir='ltr'>γέγρα-</span> 
     </span>
    </p>
   </div>
   <div class='ocr_carea' id='block_1_53' title="bbox 1048 568 1833 604">
    <p class='ocr_par' dir='ltr' id='par_1_53' title="bbox 1048 568 1833 604">
     <span class='ocr_line' id='line_1_53' title="bbox 1048 568 1833 604; baseline 0.003 -10"><span class='ocrx_word' id='word_1_407' title='bbox 1048 577 1122 595; x_wconf 87' lang='grc' dir='ltr'>πται.</span> <span class='ocrx_word' id='word_1_408' title='bbox 1149 569 1180 594; x_wconf 86' lang='grc' dir='ltr'><strong>Οἱ</strong></span> <span class='ocrx_word' id='word_1_409' title='bbox 1207 569 1255 603; x_wconf 86' lang='grc' dir='ltr'>μὲν</span> <span class='ocrx_word' id='word_1_410' title='bbox 1270 568 1324 604; x_wconf 77' lang='grc' dir='ltr'>γὰρ</span> <span class='ocrx_word' id='word_1_411' title='bbox 1350 568 1421 595; x_wconf 84' lang='grc' dir='ltr'>κατά</span> <span class='ocrx_word' id='word_1_412' title='bbox 1435 568 1481 595; x_wconf 79' lang='grc' dir='ltr'>τὸν</span> <span class='ocrx_word' id='word_1_413' title='bbox 1513 569 1620 604; x_wconf 84' lang='grc' dir='ltr'>Ἰσραὴλ</span> <span class='ocrx_word' id='word_1_414' title='bbox 1637 569 1754 604; x_wconf 79' lang='grc' dir='ltr'><strong>βασιλεῖς</strong></span> <span class='ocrx_word' id='word_1_415' title='bbox 1766 590 1773 601; x_wconf 94' lang='grc'><strong>,</strong></span> <span class='ocrx_word' id='word_1_416' title='bbox 1787 570 1833 596; x_wconf 80' lang='grc' dir='ltr'>ὅτε</span> 
     </span>
    </p>
   </div>
   <div class='ocr_carea' id='block_1_54' title="bbox 1047 614 1834 652">
    <p class='ocr_par' dir='ltr' id='par_1_54' title="bbox 1047 614 1834 652">
     <span class='ocr_line' id='line_1_54' title="bbox 1047 614 1834 652; baseline 0.003 -12"><span class='ocrx_word' id='word_1_417' title='bbox 1047 614 1178 649; x_wconf 71' lang='grc' dir='ltr'>ἐχρίοντο,</span> <span class='ocrx_word' id='word_1_418' title='bbox 1192 614 1251 641; x_wconf 81' lang='grc' dir='ltr'>τότε</span> <span class='ocrx_word' id='word_1_419' title='bbox 1269 614 1388 650; x_wconf 81' lang='grc' dir='ltr'><strong>βασιλεῖς</strong></span> <span class='ocrx_word' id='word_1_420' title='bbox 1401 614 1530 649; x_wconf 79' lang='grc' dir='ltr'>ἐγίνοντο,</span> <span class='ocrx_word' id='word_1_421' title='bbox 1543 616 1593 641; x_wconf 74' lang='grc' dir='ltr'><strong>οὐκ</strong></span> <span class='ocrx_word' id='word_1_422' title='bbox 1607 615 1683 647; x_wconf 72' lang='grc' dir='ltr'>ὄντες</span> <span class='ocrx_word' id='word_1_423' title='bbox 1702 616 1834 652; x_wconf 76' lang='grc' dir='ltr'>πρότερον</span> 
     </span>
    </p>
   </div>
   <div class='ocr_carea' id='block_1_55' title="bbox 1048 660 1834 695">
    <p class='ocr_par' dir='ltr' id='par_1_55' title="bbox 1048 660 1834 695">
     <span class='ocr_line' id='line_1_55' title="bbox 1048 660 1834 695; baseline 0.003 -9"><span class='ocrx_word' id='word_1_424' title='bbox 1048 660 1177 695; x_wconf 81' lang='grc' dir='ltr'><strong>βασιλεῖς,</strong></span> <span class='ocrx_word' id='word_1_425' title='bbox 1189 660 1227 692; x_wconf 82' lang='grc' dir='ltr'><strong>ὡς</strong></span> <span class='ocrx_word' id='word_1_426' title='bbox 1237 660 1328 692; x_wconf 78' lang='grc' dir='ltr'>Δαϐὶδ,</span> <span class='ocrx_word' id='word_1_427' title='bbox 1341 660 1378 692; x_wconf 79' lang='grc' dir='ltr'><strong>ὡς</strong></span> <span class='ocrx_word' id='word_1_428' title='bbox 1399 660 1533 693; x_wconf 76' lang='grc' dir='ltr'>Ἐζεκίας,</span> <span class='ocrx_word' id='word_1_429' title='bbox 1549 661 1587 693; x_wconf 79' lang='grc' dir='ltr'>ὡς</span> <span class='ocrx_word' id='word_1_430' title='bbox 1616 661 1721 693; x_wconf 83' lang='grc' dir='ltr'>Ἰωσίας</span> <span class='ocrx_word' id='word_1_431' title='bbox 1742 662 1788 689; x_wconf 75' lang='grc' dir='ltr'><strong>καὶ</strong></span> <span class='ocrx_word' id='word_1_432' title='bbox 1809 663 1834 688; x_wconf 80' lang='grc' dir='ltr'>οἱ</span> 
     </span>
    </p>
   </div>
   <div class='ocr_carea' id='block_1_56' title="bbox 1046 706 1836 745">
    <p class='ocr_par' dir='ltr' id='par_1_56' title="bbox 1046 706 1836 745">
     <span class='ocr_line' id='line_1_56' title="bbox 1046 706 1836 745; baseline 0.001 -11"><span class='ocrx_word' id='word_1_433' title='bbox 1046 706 1119 734; x_wconf 75' lang='grc' dir='ltr'>ἄλλοι</span> <span class='ocrx_word' id='word_1_434' title='bbox 1136 707 1191 742; x_wconf 84' lang='grc'>(96)</span> <span class='ocrx_word' id='word_1_435' title='bbox 1203 715 1209 722; x_wconf 85' lang='lat'>&#39;</span> <span class='ocrx_word' id='word_1_436' title='bbox 1222 708 1236 733; x_wconf 85' lang='grc' dir='ltr'>ὁ</span> <span class='ocrx_word' id='word_1_437' title='bbox 1246 707 1274 733; x_wconf 85' lang='grc' dir='ltr'><strong>δὲ</strong></span> <span class='ocrx_word' id='word_1_438' title='bbox 1284 707 1379 742; x_wconf 84' lang='grc' dir='ltr'>Σωτὴρ</span> <span class='ocrx_word' id='word_1_439' title='bbox 1395 706 1425 733; x_wconf 79' lang='grc' dir='ltr'>τὸ</span> <span class='ocrx_word' id='word_1_440' title='bbox 1438 707 1554 742; x_wconf 77' lang='grc' dir='ltr'>ἔμπαλιν</span> <span class='ocrx_word' id='word_1_441' title='bbox 1567 707 1633 738; x_wconf 78' lang='grc' dir='ltr'><strong>Θεὸς</strong></span> <span class='ocrx_word' id='word_1_442' title='bbox 1655 707 1692 735; x_wconf 85' lang='grc' dir='ltr'>ὣν</span> <span class='ocrx_word' id='word_1_443' title='bbox 1716 709 1762 735; x_wconf 75' lang='grc' dir='ltr'>καὶ</span> <span class='ocrx_word' id='word_1_444' title='bbox 1785 709 1836 745; x_wconf 68' lang='grc' dir='ltr'>τὴν</span> 
     </span>
    </p>
   </div>
   <div class='ocr_carea' id='block_1_57' title="bbox 1049 752 1835 788">
    <p class='ocr_par' dir='ltr' id='par_1_57' title="bbox 1049 752 1835 788">
     <span class='ocr_line' id='line_1_57' title="bbox 1049 752 1835 788; baseline 0.003 -9"><span class='ocrx_word' id='word_1_445' title='bbox 1049 753 1186 788; x_wconf 82' lang='grc' dir='ltr'>βασιλείαν</span> <span class='ocrx_word' id='word_1_446' title='bbox 1203 752 1258 788; x_wconf 86' lang='grc'>(97)</span> <span class='ocrx_word' id='word_1_447' title='bbox 1286 752 1333 779; x_wconf 82' lang='grc' dir='ltr'>τοῦ</span> <span class='ocrx_word' id='word_1_448' title='bbox 1356 752 1461 788; x_wconf 84' lang='grc' dir='ltr'>Πατρὺς</span> <span class='ocrx_word' id='word_1_449' title='bbox 1476 753 1520 779; x_wconf 81' lang='grc' dir='ltr'>ἀεὶ</span> <span class='ocrx_word' id='word_1_450' title='bbox 1545 753 1704 788; x_wconf 81' lang='grc' dir='ltr'><strong>βασιλεύων,</strong></span> <span class='ocrx_word' id='word_1_451' title='bbox 1726 754 1776 781; x_wconf 81' lang='grc' dir='ltr'>τοῦ</span> <span class='ocrx_word' id='word_1_452' title='bbox 1804 763 1835 781; x_wconf 84' lang='grc' dir='ltr'><strong>τε</strong></span> 
     </span>
    </p>
   </div>
   <div class='ocr_carea' id='block_1_58' title="bbox 1047 798 1835 835">
    <p class='ocr_par' dir='ltr' id='par_1_58' title="bbox 1047 798 1835 835">
     <span class='ocr_line' id='line_1_58' title="bbox 1047 798 1835 835; baseline 0.004 -11"><span class='ocrx_word' id='word_1_453' title='bbox 1047 798 1204 834; x_wconf 82' lang='grc' dir='ltr'>Πνεύματος</span> <span class='ocrx_word' id='word_1_454' title='bbox 1218 799 1264 824; x_wconf 76' lang='grc' dir='ltr'>τοῦ</span> <span class='ocrx_word' id='word_1_455' title='bbox 1281 799 1357 833; x_wconf 80' lang='grc' dir='ltr'>ἁγίου</span> <span class='ocrx_word' id='word_1_456' title='bbox 1374 799 1491 834; x_wconf 81' lang='grc' dir='ltr'>χορηγὸς</span> <span class='ocrx_word' id='word_1_457' title='bbox 1503 798 1541 826; x_wconf 79' lang='grc' dir='ltr'>ὢν</span> <span class='ocrx_word' id='word_1_458' title='bbox 1555 799 1645 832; x_wconf 81' lang='grc' dir='ltr'>αὐτὸς,</span> <span class='ocrx_word' id='word_1_459' title='bbox 1658 800 1733 835; x_wconf 80' lang='grc' dir='ltr'>ὅμως</span> <span class='ocrx_word' id='word_1_460' title='bbox 1747 801 1775 827; x_wconf 78' lang='grc' dir='ltr'>δὲ</span> <span class='ocrx_word' id='word_1_461' title='bbox 1787 801 1835 827; x_wconf 79' lang='grc' dir='ltr'><strong>λέ-</strong></span> 
     </span>
    </p>
   </div>
   <div class='ocr_carea' id='block_1_59' title="bbox 1047 844 1836 882">
    <p class='ocr_par' dir='ltr' id='par_1_59' title="bbox 1047 844 1836 882">
     <span class='ocr_line' id='line_1_59' title="bbox 1047 844 1836 882; baseline 0.004 -12"><span class='ocrx_word' id='word_1_462' title='bbox 1047 844 1178 879; x_wconf 85' lang='grc' dir='ltr'>γεταινῦν</span> <span class='ocrx_word' id='word_1_463' title='bbox 1185 845 1317 881; x_wconf 77' lang='grc' dir='ltr'><strong>χρίεσθαι,</strong></span> <span class='ocrx_word' id='word_1_464' title='bbox 1328 846 1371 872; x_wconf 87' lang='grc' dir='ltr'>ἴνα</span> <span class='ocrx_word' id='word_1_465' title='bbox 1386 846 1476 879; x_wconf 81' lang='grc' dir='ltr'>πάλιν,</span> <span class='ocrx_word' id='word_1_466' title='bbox 1487 846 1525 877; x_wconf 78' lang='grc' dir='ltr'><strong>ὡς</strong></span> <span class='ocrx_word' id='word_1_467' title='bbox 1537 846 1678 881; x_wconf 82' lang='grc' dir='ltr'>ἄνθρωπος</span> <span class='ocrx_word' id='word_1_468' title='bbox 1691 846 1836 882; x_wconf 82' lang='grc' dir='ltr'>λεγόμενος</span> 
     </span>
    </p>
   </div>
   <div class='ocr_carea' id='block_1_60' title="bbox 1046 889 1836 929">
    <p class='ocr_par' dir='ltr' id='par_1_60' title="bbox 1046 889 1836 929">
     <span class='ocr_line' id='line_1_60' title="bbox 1046 889 1836 929; baseline 0.004 -13"><span class='ocrx_word' id='word_1_469' title='bbox 1046 889 1228 926; x_wconf 81' lang='grc' dir='ltr'>τῷΠνεύματι</span> <span class='ocrx_word' id='word_1_470' title='bbox 1241 891 1376 926; x_wconf 76' lang='grc' dir='ltr'>χρίεσθαι,</span> <span class='ocrx_word' id='word_1_471' title='bbox 1387 892 1454 927; x_wconf 82' lang='grc' dir='ltr'>ἡμῖν</span> <span class='ocrx_word' id='word_1_472' title='bbox 1467 893 1523 923; x_wconf 87' lang='grc' dir='ltr'>τοῖς</span> <span class='ocrx_word' id='word_1_473' title='bbox 1533 891 1697 927; x_wconf 81' lang='grc' dir='ltr'>ἀνθρώποις,</span> <span class='ocrx_word' id='word_1_474' title='bbox 1710 893 1836 929; x_wconf 80' lang='grc' dir='ltr'>καθάπερ</span> 
     </span>
    </p>
   </div>
   <div class='ocr_carea' id='block_1_61' title="bbox 1045 936 1836 973">
    <p class='ocr_par' dir='ltr' id='par_1_61' title="bbox 1045 936 1836 973">
     <span class='ocr_line' id='line_1_61' title="bbox 1045 936 1836 973; baseline 0.003 -11"><span class='ocrx_word' id='word_1_475' title='bbox 1045 936 1075 962; x_wconf 85' lang='grc' dir='ltr'><strong>τὺ</strong></span> <span class='ocrx_word' id='word_1_476' title='bbox 1085 936 1221 972; x_wconf 69' lang='grc' dir='ltr'>ὑψωθῆναι</span> <span class='ocrx_word' id='word_1_477' title='bbox 1239 937 1285 963; x_wconf 72' lang='grc' dir='ltr'><strong>καὶ</strong></span> <span class='ocrx_word' id='word_1_478' title='bbox 1295 937 1326 963; x_wconf 71' lang='grc' dir='ltr'><strong>τὸ</strong></span> <span class='ocrx_word' id='word_1_479' title='bbox 1336 937 1483 973; x_wconf 79' lang='grc' dir='ltr'>ἀναστῆναι</span> <span class='ocrx_word' id='word_1_480' title='bbox 1495 937 1561 973; x_wconf 86' lang='grc'>(98),</span> <span class='ocrx_word' id='word_1_481' title='bbox 1576 937 1661 968; x_wconf 74' lang='grc' dir='ltr'>οὕτως</span> <span class='ocrx_word' id='word_1_482' title='bbox 1676 938 1723 964; x_wconf 72' lang='grc' dir='ltr'><strong>καὶ</strong></span> <span class='ocrx_word' id='word_1_483' title='bbox 1732 938 1780 973; x_wconf 81' lang='grc' dir='ltr'>τὴν</span> <span class='ocrx_word' id='word_1_484' title='bbox 1787 937 1836 964; x_wconf 76' lang='grc' dir='ltr'>τοῦ</span> 
     </span>
    </p>
   </div>
   <div class='ocr_carea' id='block_1_62' title="bbox 1046 982 1831 1019">
    <p class='ocr_par' dir='ltr' id='par_1_62' title="bbox 1046 982 1831 1019">
     <span class='ocr_line' id='line_1_62' title="bbox 1046 982 1831 1019; baseline 0.001 -11"><span class='ocrx_word' id='word_1_485' title='bbox 1046 982 1202 1017; x_wconf 80' lang='grc' dir='ltr'>Πνεὺματος</span> <span class='ocrx_word' id='word_1_486' title='bbox 1227 983 1363 1018; x_wconf 73' lang='grc' dir='ltr'>ἐνοίκησιν</span> <span class='ocrx_word' id='word_1_487' title='bbox 1392 983 1439 1009; x_wconf 73' lang='grc' dir='ltr'><strong>καὶ</strong></span> <span class='ocrx_word' id='word_1_488' title='bbox 1451 983 1605 1018; x_wconf 71' lang='grc' dir='ltr'>οἰκειότητα</span> <span class='ocrx_word' id='word_1_489' title='bbox 1626 983 1831 1019; x_wconf 77' lang='grc' dir='ltr'>κατασκευάσῃ.</span> 
     </span>
    </p>
   </div>
   <div class='ocr_carea' id='block_1_63' title="bbox 1046 1028 1836 1066">
    <p class='ocr_par' dir='ltr' id='par_1_63' title="bbox 1046 1028 1836 1066">
     <span class='ocr_line' id='line_1_63' title="bbox 1046 1028 1836 1066; baseline 0.003 -12"><span class='ocrx_word' id='word_1_490' title='bbox 1046 1028 1130 1055; x_wconf 81' lang='grc' dir='ltr'>Τοῦτο</span> <span class='ocrx_word' id='word_1_491' title='bbox 1152 1028 1180 1054; x_wconf 80' lang='grc' dir='ltr'><strong>δὲ</strong></span> <span class='ocrx_word' id='word_1_492' title='bbox 1208 1029 1347 1064; x_wconf 82' lang='grc' dir='ltr'>σημαίνων</span> <span class='ocrx_word' id='word_1_493' title='bbox 1362 1029 1408 1056; x_wconf 72' lang='grc' dir='ltr'>καὶ</span> <span class='ocrx_word' id='word_1_494' title='bbox 1431 1029 1512 1061; x_wconf 77' lang='grc' dir='ltr'>αὐτὸς</span> <span class='ocrx_word' id='word_1_495' title='bbox 1535 1029 1568 1055; x_wconf 80' lang='grc' dir='ltr'>δι’</span> <span class='ocrx_word' id='word_1_496' title='bbox 1593 1029 1689 1056; x_wconf 74' lang='grc' dir='ltr'>ἑαυτοῦ</span> <span class='ocrx_word' id='word_1_497' title='bbox 1704 1031 1718 1056; x_wconf 87' lang='grc' dir='ltr'><strong>ὸ</strong></span> <span class='ocrx_word' id='word_1_498' title='bbox 1733 1029 1836 1066; x_wconf 83' lang='grc' dir='ltr'>Κύριος</span> 
     </span>
    </p>
   </div>
   <div class='ocr_carea' id='block_1_64' title="bbox 1046 1073 1837 1110">
    <p class='ocr_par' dir='ltr' id='par_1_64' title="bbox 1046 1073 1837 1110">
     <span class='ocr_line' id='line_1_64' title="bbox 1046 1073 1837 1110; baseline 0.001 -10"><span class='ocrx_word' id='word_1_499' title='bbox 1046 1074 1136 1107; x_wconf 75' lang='grc' dir='ltr'>ἔλεγεν</span> <span class='ocrx_word' id='word_1_500' title='bbox 1150 1073 1205 1108; x_wconf 86' lang='grc'>(99)</span> <span class='ocrx_word' id='word_1_501' title='bbox 1225 1075 1253 1100; x_wconf 78' lang='grc' dir='ltr'>ὲν</span> <span class='ocrx_word' id='word_1_502' title='bbox 1268 1074 1306 1109; x_wconf 85' lang='grc' dir='ltr'><strong>τῷ</strong></span> <span class='ocrx_word' id='word_1_503' title='bbox 1320 1074 1391 1100; x_wconf 82' lang='grc' dir='ltr'>κατά</span> <span class='ocrx_word' id='word_1_504' title='bbox 1411 1075 1537 1110; x_wconf 81' lang='grc' dir='ltr'>Ἰωάννην</span> <span class='ocrx_word' id='word_1_505' title='bbox 1554 1074 1713 1109; x_wconf 78' lang='grc' dir='ltr'>Εὑαγγελίῳ</span> <span class='ocrx_word' id='word_1_506' title='bbox 1725 1084 1732 1090; x_wconf 89' lang='grc'><strong>·</strong></span> <span class='ocrx_word' id='word_1_507' title='bbox 1763 1075 1837 1109; x_wconf 71' lang='grc' dir='ltr'><strong>Ἐγὼ</strong></span> 
     </span>
    </p>
   </div>
   <div class='ocr_carea' id='block_1_65' title="bbox 1045 1119 1836 1153">
    <p class='ocr_par' dir='ltr' id='par_1_65' title="bbox 1045 1119 1836 1153">
     <span class='ocr_line' id='line_1_65' title="bbox 1045 1119 1836 1153; baseline 0.001 -8"><span class='ocrx_word' id='word_1_508' title='bbox 1045 1119 1209 1146; x_wconf 74' lang='grc' dir='ltr'>ἀπέστειλα</span> <span class='ocrx_word' id='word_1_509' title='bbox 1220 1119 1330 1152; x_wconf 80' lang='grc' dir='ltr'>αὐτοὺς</span> <span class='ocrx_word' id='word_1_510' title='bbox 1338 1120 1382 1152; x_wconf 83' lang='grc' dir='ltr'><strong>εἱς</strong></span> <span class='ocrx_word' id='word_1_511' title='bbox 1389 1119 1443 1146; x_wconf 68' lang='grc' dir='ltr'>τᾶν</span> <span class='ocrx_word' id='word_1_512' title='bbox 1453 1120 1579 1153; x_wconf 77' lang='grc' dir='ltr'>κόσμον,</span> <span class='ocrx_word' id='word_1_513' title='bbox 1596 1119 1645 1146; x_wconf 77' lang='grc' dir='ltr'><strong>καὶ</strong></span> <span class='ocrx_word' id='word_1_514' title='bbox 1653 1120 1728 1153; x_wconf 78' lang='grc' dir='ltr'><strong>ὑπὲρ</strong></span> <span class='ocrx_word' id='word_1_515' title='bbox 1737 1119 1836 1146; x_wconf 81' lang='grc' dir='ltr'>αὐτῶν</span> 
     </span>
    </p>
   </div>
   <div class='ocr_carea' id='block_1_66' title="bbox 1045 1163 1834 1201">
    <p class='ocr_par' dir='ltr' id='par_1_66' title="bbox 1045 1163 1834 1201">
     <span class='ocr_line' id='line_1_66' title="bbox 1045 1163 1834 1201; baseline 0.001 -10"><span class='ocrx_word' id='word_1_516' title='bbox 1045 1165 1102 1199; x_wconf 72' lang='grc' dir='ltr'><strong>ἐγὼ</strong></span> <span class='ocrx_word' id='word_1_517' title='bbox 1112 1164 1150 1200; x_wconf 82' lang='grc'>(1)</span> <span class='ocrx_word' id='word_1_518' title='bbox 1165 1164 1270 1199; x_wconf 70' lang='grc' dir='ltr'>ἀγιάᾷ)</span> <span class='ocrx_word' id='word_1_519' title='bbox 1282 1165 1421 1199; x_wconf 74' lang='grc' dir='ltr'>ἐμαυτὸν,</span> <span class='ocrx_word' id='word_1_520' title='bbox 1434 1166 1483 1192; x_wconf 74' lang='grc' dir='ltr'><strong>ἵνα</strong></span> <span class='ocrx_word' id='word_1_521' title='bbox 1495 1163 1552 1192; x_wconf 79' lang='grc' dir='ltr'>ὦσι</span> <span class='ocrx_word' id='word_1_522' title='bbox 1566 1166 1615 1192; x_wconf 76' lang='grc' dir='ltr'>καί</span> <span class='ocrx_word' id='word_1_523' title='bbox 1646 1166 1730 1193; x_wconf 77' lang='grc' dir='ltr'>αὐτοὶ</span> <span class='ocrx_word' id='word_1_524' title='bbox 1751 1167 1834 1201; x_wconf 68' lang='grc' dir='ltr'>ἡγια-</span> 
     </span>
    </p>
   </div>
   <div class='ocr_carea' id='block_1_67' title="bbox 1046 1209 1836 1247">
    <p class='ocr_par' dir='ltr' id='par_1_67' title="bbox 1046 1209 1836 1247">
     <span class='ocr_line' id='line_1_67' title="bbox 1046 1209 1836 1247; baseline 0.001 -10"><span class='ocrx_word' id='word_1_525' title='bbox 1046 1210 1148 1244; x_wconf 79' lang='grc' dir='ltr'>σμένοι</span> <span class='ocrx_word' id='word_1_526' title='bbox 1161 1211 1196 1237; x_wconf 75' lang='grc' dir='ltr'>ἐν</span> <span class='ocrx_word' id='word_1_527' title='bbox 1215 1211 1350 1244; x_wconf 76' lang='grc' dir='ltr'>ἀληθείᾳ.</span> <span class='ocrx_word' id='word_1_528' title='bbox 1364 1209 1449 1237; x_wconf 78' lang='grc' dir='ltr'>Τοῦτο</span> <span class='ocrx_word' id='word_1_529' title='bbox 1462 1211 1490 1237; x_wconf 82' lang='grc' dir='ltr'><strong>δὲ</strong></span> <span class='ocrx_word' id='word_1_530' title='bbox 1509 1210 1595 1245; x_wconf 84' lang='grc' dir='ltr'>λέγων</span> <span class='ocrx_word' id='word_1_531' title='bbox 1618 1211 1726 1243; x_wconf 76' lang='grc' dir='ltr'>ἔδειξεν,</span> <span class='ocrx_word' id='word_1_532' title='bbox 1745 1212 1786 1238; x_wconf 78' lang='grc' dir='ltr'>ὅτι</span> <span class='ocrx_word' id='word_1_533' title='bbox 1798 1211 1836 1247; x_wconf 82' lang='grc' dir='ltr'><strong>μὴ</strong></span> 
     </span>
    </p>
   </div>
   <div class='ocr_carea' id='block_1_68' title="bbox 1046 1256 1837 1293">
    <p class='ocr_par' dir='ltr' id='par_1_68' title="bbox 1046 1256 1837 1293">
     <span class='ocr_line' id='line_1_68' title="bbox 1046 1256 1837 1293; baseline 0 -10"><span class='ocrx_word' id='word_1_534' title='bbox 1046 1257 1126 1288; x_wconf 78' lang='grc' dir='ltr'>αὐτός</span> <span class='ocrx_word' id='word_1_535' title='bbox 1141 1258 1214 1283; x_wconf 78' lang='grc' dir='ltr'>ἐστιν</span> <span class='ocrx_word' id='word_1_536' title='bbox 1229 1258 1242 1284; x_wconf 81' lang='grc' dir='ltr'>ὁ</span> <span class='ocrx_word' id='word_1_537' title='bbox 1255 1256 1445 1292; x_wconf 76' lang='grc' dir='ltr'>ἀγιαζόμενος,</span> <span class='ocrx_word' id='word_1_538' title='bbox 1461 1257 1517 1283; x_wconf 74' lang='grc' dir='ltr'>ἀλλ’</span> <span class='ocrx_word' id='word_1_539' title='bbox 1531 1258 1545 1283; x_wconf 83' lang='grc' dir='ltr'><strong>ὁ</strong></span> <span class='ocrx_word' id='word_1_540' title='bbox 1560 1256 1680 1291; x_wconf 77' lang='grc' dir='ltr'><strong>ἁγιάζων</strong></span> <span class='ocrx_word' id='word_1_541' title='bbox 1693 1266 1700 1273; x_wconf 90' lang='grc'><strong>·</strong></span> <span class='ocrx_word' id='word_1_542' title='bbox 1726 1257 1756 1283; x_wconf 83' lang='grc' dir='ltr'>οὐ</span> <span class='ocrx_word' id='word_1_543' title='bbox 1781 1257 1837 1293; x_wconf 80' lang='grc' dir='ltr'><strong>γὰρ</strong></span> 
     </span>
    </p>
   </div>
   <div class='ocr_carea' id='block_1_69' title="bbox 1047 1302 1835 1338">
    <p class='ocr_par' dir='ltr' id='par_1_69' title="bbox 1047 1302 1835 1338">
     <span class='ocr_line' id='line_1_69' title="bbox 1047 1302 1835 1338; baseline 0.001 -10"><span class='ocrx_word' id='word_1_544' title='bbox 1047 1303 1110 1338; x_wconf 76' lang='grc' dir='ltr'>παρ’</span> <span class='ocrx_word' id='word_1_545' title='bbox 1130 1302 1222 1337; x_wconf 77' lang='grc' dir='ltr'>ἑτέρου</span> <span class='ocrx_word' id='word_1_546' title='bbox 1245 1303 1387 1336; x_wconf 81' lang='grc' dir='ltr'>ἁγιάζεται</span> <span class='ocrx_word' id='word_1_547' title='bbox 1401 1322 1408 1333; x_wconf 92' lang='grc'><strong>,</strong></span> <span class='ocrx_word' id='word_1_548' title='bbox 1429 1302 1485 1328; x_wconf 83' lang='grc' dir='ltr'>ἀλλ’</span> <span class='ocrx_word' id='word_1_549' title='bbox 1503 1302 1583 1334; x_wconf 80' lang='grc' dir='ltr'>αὐτὸς</span> <span class='ocrx_word' id='word_1_550' title='bbox 1599 1303 1694 1329; x_wconf 76' lang='grc' dir='ltr'>ἑαυτὸν</span> <span class='ocrx_word' id='word_1_551' title='bbox 1717 1302 1835 1337; x_wconf 77' lang='grc' dir='ltr'>ἁγιάζει,</span> 
     </span>
    </p>
   </div>
   <div class='ocr_carea' id='block_1_70' title="bbox 1047 1347 1836 1383">
    <p class='ocr_par' dir='ltr' id='par_1_70' title="bbox 1047 1347 1836 1383">
     <span class='ocr_line' id='line_1_70' title="bbox 1047 1347 1836 1383; baseline 0.001 -9"><span class='ocrx_word' id='word_1_552' title='bbox 1047 1348 1090 1374; x_wconf 86' lang='grc' dir='ltr'><strong>ἴνα</strong></span> <span class='ocrx_word' id='word_1_553' title='bbox 1104 1348 1183 1382; x_wconf 83' lang='grc' dir='ltr'>ἡμεῖς</span> <span class='ocrx_word' id='word_1_554' title='bbox 1198 1349 1225 1374; x_wconf 80' lang='grc' dir='ltr'>ὲν</span> <span class='ocrx_word' id='word_1_555' title='bbox 1238 1349 1271 1383; x_wconf 84' lang='grc' dir='ltr'>τῇ</span> <span class='ocrx_word' id='word_1_556' title='bbox 1288 1347 1402 1383; x_wconf 75' lang='grc' dir='ltr'><strong>ἀληθείᾳ</strong></span> <span class='ocrx_word' id='word_1_557' title='bbox 1412 1348 1598 1383; x_wconf 82' lang='grc' dir='ltr'>ἁγιασοῶμεν.</span> <span class='ocrx_word' id='word_1_558' title='bbox 1631 1349 1660 1376; x_wconf 85' lang='lat'><strong>&#39;0</strong></span> <span class='ocrx_word' id='word_1_559' title='bbox 1686 1348 1714 1375; x_wconf 77' lang='grc' dir='ltr'><strong>δὲ</strong></span> <span class='ocrx_word' id='word_1_560' title='bbox 1742 1349 1836 1376; x_wconf 73' lang='grc' dir='ltr'>ἑαυτὸν</span> 
     </span>
    </p>
   </div>
   <div class='ocr_carea' id='block_1_71' title="bbox 1046 1392 1837 1429">
    <p class='ocr_par' dir='ltr' id='par_1_71' title="bbox 1046 1392 1837 1429">
     <span class='ocr_line' id='line_1_71' title="bbox 1046 1392 1837 1429; baseline 0.003 -10"><span class='ocrx_word' id='word_1_561' title='bbox 1046 1393 1167 1428; x_wconf 74' lang='grc' dir='ltr'>ἁγιάζων</span> <span class='ocrx_word' id='word_1_562' title='bbox 1181 1393 1282 1429; x_wconf 82' lang='grc' dir='ltr'>Κύριός</span> <span class='ocrx_word' id='word_1_563' title='bbox 1295 1394 1351 1420; x_wconf 75' lang='grc' dir='ltr'>ἐστι</span> <span class='ocrx_word' id='word_1_564' title='bbox 1367 1393 1414 1419; x_wconf 70' lang='grc' dir='ltr'>τοῦ</span> <span class='ocrx_word' id='word_1_565' title='bbox 1433 1393 1567 1428; x_wconf 77' lang='grc' dir='ltr'>ἁγιάζειν.</span> <span class='ocrx_word' id='word_1_566' title='bbox 1593 1394 1656 1426; x_wconf 80' lang='grc' dir='ltr'><strong>Πῶς</strong></span> <span class='ocrx_word' id='word_1_567' title='bbox 1682 1392 1728 1421; x_wconf 77' lang='grc' dir='ltr'>οὖν</span> <span class='ocrx_word' id='word_1_568' title='bbox 1756 1395 1837 1422; x_wconf 74' lang='grc' dir='ltr'>τοῦτο</span> 
     </span>
    </p>
   </div>
   <div class='ocr_carea' id='block_1_72' title="bbox 1046 1439 1836 1476">
    <p class='ocr_par' dir='ltr' id='par_1_72' title="bbox 1046 1439 1836 1476">
     <span class='ocr_line' id='line_1_72' title="bbox 1046 1439 1836 1476; baseline 0.003 -11"><span class='ocrx_word' id='word_1_569' title='bbox 1046 1439 1164 1474; x_wconf 88' lang='grc' dir='ltr'>γίνεται;</span> <span class='ocrx_word' id='word_1_570' title='bbox 1180 1439 1238 1471; x_wconf 81' lang='grc' dir='ltr'><strong>πῶς</strong></span> <span class='ocrx_word' id='word_1_571' title='bbox 1253 1439 1282 1466; x_wconf 77' lang='grc' dir='ltr'><strong>δὲ</strong></span> <span class='ocrx_word' id='word_1_572' title='bbox 1292 1439 1330 1474; x_wconf 76' lang='grc'>(2)</span> <span class='ocrx_word' id='word_1_573' title='bbox 1345 1439 1421 1466; x_wconf 77' lang='grc' dir='ltr'>τοῦτο</span> <span class='ocrx_word' id='word_1_574' title='bbox 1432 1439 1506 1474; x_wconf 80' lang='grc' dir='ltr'>λέγει</span> <span class='ocrx_word' id='word_1_575' title='bbox 1520 1440 1536 1476; x_wconf 81' lang='grc' dir='ltr'>ἢ</span> <span class='ocrx_word' id='word_1_576' title='bbox 1549 1441 1602 1472; x_wconf 71' lang='grc' dir='ltr'>ὅτι,</span> <span class='ocrx_word' id='word_1_577' title='bbox 1617 1440 1688 1474; x_wconf 83' lang='grc' dir='ltr'><strong>Ἐγὼ</strong></span> <span class='ocrx_word' id='word_1_578' title='bbox 1698 1441 1784 1475; x_wconf 77' lang='grc' dir='ltr'>Λόγος</span> <span class='ocrx_word' id='word_1_579' title='bbox 1797 1440 1836 1467; x_wconf 82' lang='grc' dir='ltr'>ὢν</span> 
     </span>
    </p>
   </div>
   <div class='ocr_carea' id='block_1_73' title="bbox 1047 1486 1836 1522">
    <p class='ocr_par' dir='ltr' id='par_1_73' title="bbox 1047 1486 1836 1522">
     <span class='ocr_line' id='line_1_73' title="bbox 1047 1486 1836 1522; baseline 0 -9"><span class='ocrx_word' id='word_1_580' title='bbox 1047 1486 1093 1514; x_wconf 82' lang='grc' dir='ltr'>τοῦ</span> <span class='ocrx_word' id='word_1_581' title='bbox 1106 1486 1222 1522; x_wconf 79' lang='grc' dir='ltr'>Πατρὸς,</span> <span class='ocrx_word' id='word_1_582' title='bbox 1236 1486 1317 1518; x_wconf 75' lang='grc' dir='ltr'>αὐτὸς</span> <span class='ocrx_word' id='word_1_583' title='bbox 1327 1486 1438 1522; x_wconf 75' lang='grc' dir='ltr'>ἐμαυτῷ</span> <span class='ocrx_word' id='word_1_584' title='bbox 1449 1486 1584 1522; x_wconf 82' lang='grc' dir='ltr'>ἀνθρώπῳ</span> <span class='ocrx_word' id='word_1_585' title='bbox 1592 1487 1729 1522; x_wconf 83' lang='grc' dir='ltr'>γενομένῳ</span> <span class='ocrx_word' id='word_1_586' title='bbox 1740 1487 1836 1522; x_wconf 78' lang='grc' dir='ltr'>δίδωμι</span> 
     </span>
    </p>
   </div>
   <div class='ocr_carea' id='block_1_74' title="bbox 1045 1531 1837 1567">
    <p class='ocr_par' dir='ltr' id='par_1_74' title="bbox 1045 1531 1837 1567">
     <span class='ocr_line' id='line_1_74' title="bbox 1045 1531 1837 1567; baseline -0.001 -8"><span class='ocrx_word' id='word_1_587' title='bbox 1045 1531 1076 1559; x_wconf 79' lang='grc' dir='ltr'>τὸ</span> <span class='ocrx_word' id='word_1_588' title='bbox 1090 1531 1210 1566; x_wconf 57' lang='grc' dir='ltr'>Πνεῦμα</span> <span class='ocrx_word' id='word_1_589' title='bbox 1222 1532 1270 1558; x_wconf 69' lang='grc' dir='ltr'>καὶ</span> <span class='ocrx_word' id='word_1_590' title='bbox 1281 1531 1397 1566; x_wconf 74' lang='grc' dir='ltr'>ἐμαυτὸν</span> <span class='ocrx_word' id='word_1_591' title='bbox 1407 1531 1549 1566; x_wconf 77' lang='grc' dir='ltr'>ἄνθρωπον</span> <span class='ocrx_word' id='word_1_592' title='bbox 1560 1531 1704 1566; x_wconf 86' lang='grc' dir='ltr'>γενόμενον</span> <span class='ocrx_word' id='word_1_593' title='bbox 1713 1532 1741 1558; x_wconf 80' lang='grc' dir='ltr'>ἐν</span> <span class='ocrx_word' id='word_1_594' title='bbox 1749 1531 1837 1567; x_wconf 77' lang='grc' dir='ltr'>τοὺτῳ</span> 
     </span>
    </p>
   </div>
   <div class='ocr_carea' id='block_1_75' title="bbox 1049 1577 1838 1612">
    <p class='ocr_par' dir='ltr' id='par_1_75' title="bbox 1049 1577 1838 1612">
     <span class='ocr_line' id='line_1_75' title="bbox 1049 1577 1838 1612; baseline 0 -8"><span class='ocrx_word' id='word_1_595' title='bbox 1049 1577 1164 1612; x_wconf 76' lang='grc' dir='ltr'>ἁγιάζω,</span> <span class='ocrx_word' id='word_1_596' title='bbox 1179 1578 1222 1604; x_wconf 81' lang='grc' dir='ltr'>ἵνα</span> <span class='ocrx_word' id='word_1_597' title='bbox 1231 1577 1322 1604; x_wconf 83' lang='grc' dir='ltr'>λοιπὸν</span> <span class='ocrx_word' id='word_1_598' title='bbox 1338 1577 1366 1603; x_wconf 79' lang='grc' dir='ltr'>ὲν</span> <span class='ocrx_word' id='word_1_599' title='bbox 1379 1577 1440 1612; x_wconf 79' lang='grc' dir='ltr'>ἐμοὶ</span> <span class='ocrx_word' id='word_1_600' title='bbox 1455 1577 1569 1612; x_wconf 81' lang='grc' dir='ltr'>ἀληθείᾳ</span> <span class='ocrx_word' id='word_1_601' title='bbox 1593 1577 1649 1603; x_wconf 80' lang='grc' dir='ltr'>ὖντι</span> <span class='ocrx_word' id='word_1_602' title='bbox 1669 1577 1679 1612; x_wconf 93' lang='grc'><strong>(</strong></span> <span class='ocrx_word' id='word_1_603' title='bbox 1695 1577 1726 1603; x_wconf 93' lang='lat'><strong>&#39;0</strong></span> <span class='ocrx_word' id='word_1_604' title='bbox 1737 1577 1764 1603; x_wconf 82' lang='grc' dir='ltr'><strong>δὲ</strong></span> <span class='ocrx_word' id='word_1_605' title='bbox 1780 1578 1838 1604; x_wconf 81' lang='grc' dir='ltr'><strong>Δό-</strong></span> 
     </span>
    </p>
   </div>
   <div class='ocr_carea' id='block_1_76' title="bbox 1045 1622 1834 1658">
    <p class='ocr_par' dir='ltr' id='par_1_76' title="bbox 1045 1622 1834 1658">
     <span class='ocr_line' id='line_1_76' title="bbox 1045 1622 1834 1658; baseline -0.001 -8"><span class='ocrx_word' id='word_1_606' title='bbox 1045 1632 1097 1658; x_wconf 72' lang='grc' dir='ltr'>γος</span> <span class='ocrx_word' id='word_1_607' title='bbox 1110 1623 1147 1658; x_wconf 77' lang='lat'><strong>(3)</strong></span> <span class='ocrx_word' id='word_1_608' title='bbox 1155 1625 1171 1650; x_wconf 85' lang='grc' dir='ltr'><strong><em>ό</em></strong></span> <span class='ocrx_word' id='word_1_609' title='bbox 1180 1623 1236 1656; x_wconf 78' lang='grc' dir='ltr'><strong>σὸς</strong></span> <span class='ocrx_word' id='word_1_610' title='bbox 1248 1622 1373 1655; x_wconf 69' lang='grc' dir='ltr'>ἀλήθειά</span> <span class='ocrx_word' id='word_1_611' title='bbox 1381 1622 1493 1657; x_wconf 73' lang='grc' dir='ltr'>ἐστινὴ</span> <span class='ocrx_word' id='word_1_612' title='bbox 1503 1623 1527 1648; x_wconf 85' lang='grc' dir='ltr'>οἱ</span> <span class='ocrx_word' id='word_1_613' title='bbox 1543 1622 1641 1654; x_wconf 78' lang='grc' dir='ltr'>πάντες</span> <span class='ocrx_word' id='word_1_614' title='bbox 1657 1622 1834 1657; x_wconf 75' lang='grc' dir='ltr'>ἀγιασθῶσιν;</span> 
     </span>
    </p>
   </div>
   <div class='ocr_carea' id='block_1_77' title="bbox 1081 1667 1835 1703">
    <p class='ocr_par' dir='ltr' id='par_1_77' title="bbox 1081 1667 1835 1703">
     <span class='ocr_line' id='line_1_77' title="bbox 1081 1667 1835 1703; baseline -0.001 -8"><span class='ocrx_word' id='word_1_615' title='bbox 1081 1668 1126 1696; x_wconf 70' lang='grc'><strong>47.</strong></span> <span class='ocrx_word' id='word_1_616' title='bbox 1145 1668 1176 1694; x_wconf 81' lang='lat' dir='ltr'><strong>Ei</strong></span> <span class='ocrx_word' id='word_1_617' title='bbox 1190 1667 1218 1694; x_wconf 80' lang='grc' dir='ltr'><strong>δὲ</strong></span> <span class='ocrx_word' id='word_1_618' title='bbox 1233 1667 1311 1703; x_wconf 79' lang='grc' dir='ltr'>ἡμῶν</span> <span class='ocrx_word' id='word_1_619' title='bbox 1323 1668 1402 1703; x_wconf 86' lang='grc' dir='ltr'>χάριν</span> <span class='ocrx_word' id='word_1_620' title='bbox 1415 1667 1511 1694; x_wconf 79' lang='grc' dir='ltr'>ἑαυτὸν</span> <span class='ocrx_word' id='word_1_621' title='bbox 1539 1667 1659 1702; x_wconf 77' lang='grc' dir='ltr'>ἁγιάζει,</span> <span class='ocrx_word' id='word_1_622' title='bbox 1682 1668 1730 1694; x_wconf 78' lang='grc' dir='ltr'><strong>καὶ</strong></span> <span class='ocrx_word' id='word_1_623' title='bbox 1755 1668 1835 1694; x_wconf 81' lang='grc' dir='ltr'>τοῦτο</span> 
     </span>
    </p>
   </div>
   <div class='ocr_carea' id='block_1_78' title="bbox 1047 1712 1834 1749">
    <p class='ocr_par' dir='ltr' id='par_1_78' title="bbox 1047 1712 1834 1749">
     <span class='ocr_line' id='line_1_78' title="bbox 1047 1712 1834 1749; baseline 0 -9"><span class='ocrx_word' id='word_1_624' title='bbox 1047 1715 1128 1745; x_wconf 84' lang='grc' dir='ltr'>ποιεῖ,</span> <span class='ocrx_word' id='word_1_625' title='bbox 1144 1714 1187 1740; x_wconf 82' lang='grc' dir='ltr'>ὅτε</span> <span class='ocrx_word' id='word_1_626' title='bbox 1198 1713 1308 1748; x_wconf 84' lang='grc' dir='ltr'>γέγονεν</span> <span class='ocrx_word' id='word_1_627' title='bbox 1321 1713 1473 1748; x_wconf 75' lang='grc' dir='ltr'>ἄνθρωπος,</span> <span class='ocrx_word' id='word_1_628' title='bbox 1489 1712 1599 1748; x_wconf 75' lang='grc' dir='ltr'>εὕδηλον</span> <span class='ocrx_word' id='word_1_629' title='bbox 1616 1713 1665 1747; x_wconf 62' lang='grc'>(4),</span> <span class='ocrx_word' id='word_1_630' title='bbox 1691 1713 1731 1740; x_wconf 82' lang='grc' dir='ltr'>ὅτι</span> <span class='ocrx_word' id='word_1_631' title='bbox 1746 1714 1794 1740; x_wconf 74' lang='grc' dir='ltr'><strong>καὶ</strong></span> <span class='ocrx_word' id='word_1_632' title='bbox 1817 1714 1834 1749; x_wconf 79' lang='grc' dir='ltr'>ἡ</span> 
     </span>
    </p>
   </div>
   <div class='ocr_carea' id='block_1_79' title="bbox 1047 1759 1835 1795">
    <p class='ocr_par' dir='ltr' id='par_1_79' title="bbox 1047 1759 1835 1795">
     <span class='ocr_line' id='line_1_79' title="bbox 1047 1759 1835 1795; baseline 0 -10"><span class='ocrx_word' id='word_1_633' title='bbox 1047 1760 1088 1791; x_wconf 83' lang='grc' dir='ltr'>είς</span> <span class='ocrx_word' id='word_1_634' title='bbox 1101 1759 1183 1786; x_wconf 76' lang='grc' dir='ltr'>αὑτὸν</span> <span class='ocrx_word' id='word_1_635' title='bbox 1205 1760 1234 1785; x_wconf 83' lang='grc' dir='ltr'>ὲν</span> <span class='ocrx_word' id='word_1_636' title='bbox 1255 1759 1294 1794; x_wconf 82' lang='grc' dir='ltr'>τῷ</span> <span class='ocrx_word' id='word_1_637' title='bbox 1322 1759 1439 1795; x_wconf 84' lang='grc' dir='ltr'>Ἰορδάνῃ</span> <span class='ocrx_word' id='word_1_638' title='bbox 1459 1759 1505 1786; x_wconf 81' lang='grc' dir='ltr'>τοῦ</span> <span class='ocrx_word' id='word_1_639' title='bbox 1526 1759 1682 1794; x_wconf 79' lang='grc' dir='ltr'>Πνεύματος</span> <span class='ocrx_word' id='word_1_640' title='bbox 1703 1759 1835 1795; x_wconf 82' lang='grc' dir='ltr'>γενομένη</span> 
     </span>
    </p>
   </div>
   <div class='ocr_carea' id='block_1_80' title="bbox 1048 1804 1836 1843">
    <p class='ocr_par' dir='ltr' id='par_1_80' title="bbox 1048 1804 1836 1843">
     <span class='ocr_line' id='line_1_80' title="bbox 1048 1804 1836 1843; baseline 0.001 -11"><span class='ocrx_word' id='word_1_641' title='bbox 1048 1806 1167 1838; x_wconf 84' lang='grc' dir='ltr'>κάθοδος,</span> <span class='ocrx_word' id='word_1_642' title='bbox 1181 1807 1220 1838; x_wconf 75' lang='grc' dir='ltr'><strong>εἰς</strong></span> <span class='ocrx_word' id='word_1_643' title='bbox 1233 1806 1306 1842; x_wconf 79' lang='grc' dir='ltr'>ἡμᾶς</span> <span class='ocrx_word' id='word_1_644' title='bbox 1319 1804 1353 1842; x_wconf 84' lang='grc' dir='ltr'>ἦν</span> <span class='ocrx_word' id='word_1_645' title='bbox 1368 1806 1508 1842; x_wconf 77' lang='grc' dir='ltr'>γινομένη,</span> <span class='ocrx_word' id='word_1_646' title='bbox 1522 1806 1566 1833; x_wconf 83' lang='grc' dir='ltr'>διὰ</span> <span class='ocrx_word' id='word_1_647' title='bbox 1581 1807 1611 1833; x_wconf 76' lang='grc' dir='ltr'><strong>τὸ</strong></span> <span class='ocrx_word' id='word_1_648' title='bbox 1638 1808 1730 1843; x_wconf 76' lang='grc' dir='ltr'>φορεῖν</span> <span class='ocrx_word' id='word_1_649' title='bbox 1754 1807 1836 1834; x_wconf 79' lang='grc' dir='ltr'>αὑτὸν</span> 
     </span>
    </p>
   </div>
   <div class='ocr_carea' id='block_1_81' title="bbox 1048 1851 1835 1888">
    <p class='ocr_par' dir='ltr' id='par_1_81' title="bbox 1048 1851 1835 1888">
     <span class='ocr_line' id='line_1_81' title="bbox 1048 1851 1835 1888; baseline 0.003 -11"><span class='ocrx_word' id='word_1_650' title='bbox 1048 1851 1078 1877; x_wconf 82' lang='grc' dir='ltr'><strong>τὺ</strong></span> <span class='ocrx_word' id='word_1_651' title='bbox 1092 1852 1225 1887; x_wconf 73' lang='grc' dir='ltr'>ἡμέτερον</span> <span class='ocrx_word' id='word_1_652' title='bbox 1237 1852 1276 1887; x_wconf 83' lang='grc'>(5)</span> <span class='ocrx_word' id='word_1_653' title='bbox 1294 1851 1384 1887; x_wconf 84' lang='grc' dir='ltr'>σῶμα.</span> <span class='ocrx_word' id='word_1_654' title='bbox 1410 1853 1465 1878; x_wconf 83' lang='grc' dir='ltr'><strong>Καὶ</strong></span> <span class='ocrx_word' id='word_1_655' title='bbox 1480 1853 1531 1879; x_wconf 80' lang='grc' dir='ltr'>οὐκ</span> <span class='ocrx_word' id='word_1_656' title='bbox 1553 1853 1599 1879; x_wconf 75' lang='grc' dir='ltr'><strong>ἐπὶ</strong></span> <span class='ocrx_word' id='word_1_657' title='bbox 1626 1852 1763 1888; x_wconf 85' lang='grc' dir='ltr'>βελτιώσει</span> <span class='ocrx_word' id='word_1_658' title='bbox 1787 1851 1835 1878; x_wconf 82' lang='grc' dir='ltr'>τοῦ</span> 
     </span>
    </p>
   </div>
   <div class='ocr_carea' id='block_1_82' title="bbox 1049 1897 1836 1934">
    <p class='ocr_par' dir='ltr' id='par_1_82' title="bbox 1049 1897 1836 1934">
     <span class='ocr_line' id='line_1_82' title="bbox 1049 1897 1836 1934; baseline 0.003 -11"><span class='ocrx_word' id='word_1_659' title='bbox 1049 1897 1135 1931; x_wconf 76' lang='grc' dir='ltr'>Λόγου</span> <span class='ocrx_word' id='word_1_660' title='bbox 1148 1897 1270 1931; x_wconf 85' lang='grc' dir='ltr'>γέγονεν,</span> <span class='ocrx_word' id='word_1_661' title='bbox 1282 1897 1340 1924; x_wconf 86' lang='grc' dir='ltr'>ἀλλ’</span> <span class='ocrx_word' id='word_1_662' title='bbox 1354 1898 1394 1929; x_wconf 89' lang='grc' dir='ltr'><strong>εἰς</strong></span> <span class='ocrx_word' id='word_1_663' title='bbox 1417 1899 1495 1933; x_wconf 78' lang='grc' dir='ltr'>ἡμῶν</span> <span class='ocrx_word' id='word_1_664' title='bbox 1518 1898 1598 1925; x_wconf 84' lang='grc' dir='ltr'>πάλιν</span> <span class='ocrx_word' id='word_1_665' title='bbox 1616 1898 1751 1934; x_wconf 78' lang='grc' dir='ltr'>ἀγιασμδν</span> <span class='ocrx_word' id='word_1_666' title='bbox 1764 1918 1771 1930; x_wconf 89' lang='grc'><strong>,</strong></span> <span class='ocrx_word' id='word_1_667' title='bbox 1792 1899 1836 1925; x_wconf 73' lang='grc' dir='ltr'>ἵνα</span> 
     </span>
    </p>
   </div>
   <div class='ocr_carea' id='block_1_83' title="bbox 1047 1942 1836 1979">
    <p class='ocr_par' dir='ltr' id='par_1_83' title="bbox 1047 1942 1836 1979">
     <span class='ocr_line' id='line_1_83' title="bbox 1047 1942 1836 1979; baseline 0.003 -11"><span class='ocrx_word' id='word_1_668' title='bbox 1047 1942 1095 1969; x_wconf 83' lang='grc' dir='ltr'>τοῦ</span> <span class='ocrx_word' id='word_1_669' title='bbox 1107 1942 1255 1978; x_wconf 80' lang='grc' dir='ltr'>χρίσματος</span> <span class='ocrx_word' id='word_1_670' title='bbox 1271 1942 1352 1969; x_wconf 78' lang='grc' dir='ltr'>αὑτοῦ</span> <span class='ocrx_word' id='word_1_671' title='bbox 1365 1943 1570 1978; x_wconf 79' lang='grc' dir='ltr'>μεταλάϐωμεν,</span> <span class='ocrx_word' id='word_1_672' title='bbox 1593 1944 1640 1970; x_wconf 75' lang='grc' dir='ltr'><strong>καὶ</strong></span> <span class='ocrx_word' id='word_1_673' title='bbox 1667 1944 1731 1979; x_wconf 76' lang='grc' dir='ltr'>περὶ</span> <span class='ocrx_word' id='word_1_674' title='bbox 1758 1943 1836 1979; x_wconf 80' lang='grc' dir='ltr'>ἡμῶν</span> 
     </span>
    </p>
   </div>
   <div class='ocr_carea' id='block_1_84' title="bbox 1047 1988 1836 2024">
    <p class='ocr_par' dir='ltr' id='par_1_84' title="bbox 1047 1988 1836 2024">
     <span class='ocr_line' id='line_1_84' title="bbox 1047 1988 1836 2024; baseline 0.001 -9"><span class='ocrx_word' id='word_1_675' title='bbox 1047 1988 1154 2024; x_wconf 88' lang='grc' dir='ltr'>λεχθείη</span> <span class='ocrx_word' id='word_1_676' title='bbox 1171 1988 1208 2024; x_wconf 83' lang='grc'><strong>(6)</strong></span> <span class='ocrx_word' id='word_1_677' title='bbox 1219 1998 1226 2005; x_wconf 92' lang='grc'><strong>·</strong></span> <span class='ocrx_word' id='word_1_678' title='bbox 1243 1990 1303 2015; x_wconf 80' lang='grc' dir='ltr'><strong>οὐκ</strong></span> <span class='ocrx_word' id='word_1_679' title='bbox 1317 1989 1426 2021; x_wconf 75' lang='grc' dir='ltr'>οἴδατε,</span> <span class='ocrx_word' id='word_1_680' title='bbox 1439 1990 1483 2016; x_wconf 78' lang='grc' dir='ltr'><strong>ὅτι</strong></span> <span class='ocrx_word' id='word_1_681' title='bbox 1497 1990 1570 2023; x_wconf 69' lang='grc' dir='ltr'>ναὸς</span> <span class='ocrx_word' id='word_1_682' title='bbox 1587 1991 1660 2017; x_wconf 85' lang='grc' dir='ltr'>Θεοῦ</span> <span class='ocrx_word' id='word_1_683' title='bbox 1678 1991 1748 2017; x_wconf 73' lang='grc' dir='ltr'>ἐστε</span> <span class='ocrx_word' id='word_1_684' title='bbox 1759 2010 1766 2021; x_wconf 90' lang='grc'><strong>,</strong></span> <span class='ocrx_word' id='word_1_685' title='bbox 1786 1990 1836 2016; x_wconf 75' lang='grc' dir='ltr'>καί</span> 
     </span>
    </p>
   </div>
   <div class='ocr_carea' id='block_1_85' title="bbox 1046 2035 1834 2071">
    <p class='ocr_par' dir='ltr' id='par_1_85' title="bbox 1046 2035 1834 2071">
     <span class='ocr_line' id='line_1_85' title="bbox 1046 2035 1834 2071; baseline 0.001 -10"><span class='ocrx_word' id='word_1_686' title='bbox 1046 2035 1079 2061; x_wconf 81' lang='grc' dir='ltr'>τὸ</span> <span class='ocrx_word' id='word_1_687' title='bbox 1093 2035 1214 2069; x_wconf 80' lang='grc' dir='ltr'>Πνεῦμα</span> <span class='ocrx_word' id='word_1_688' title='bbox 1232 2035 1284 2061; x_wconf 79' lang='grc' dir='ltr'><strong>τοῦ</strong></span> <span class='ocrx_word' id='word_1_689' title='bbox 1305 2035 1378 2062; x_wconf 84' lang='grc' dir='ltr'>Θεοῦ</span> <span class='ocrx_word' id='word_1_690' title='bbox 1393 2035 1468 2062; x_wconf 69' lang='grc' dir='ltr'>οἰκεῖ</span> <span class='ocrx_word' id='word_1_691' title='bbox 1485 2036 1519 2062; x_wconf 78' lang='grc' dir='ltr'>ἐν</span> <span class='ocrx_word' id='word_1_692' title='bbox 1537 2036 1626 2070; x_wconf 83' lang='grc' dir='ltr'>ὐμῑν;</span> <span class='ocrx_word' id='word_1_693' title='bbox 1639 2036 1692 2063; x_wconf 81' lang='grc' dir='ltr'>Τοῦ</span> <span class='ocrx_word' id='word_1_694' title='bbox 1708 2035 1762 2071; x_wconf 83' lang='grc' dir='ltr'><strong>γὰρ</strong></span> <span class='ocrx_word' id='word_1_695' title='bbox 1777 2036 1834 2062; x_wconf 82' lang='grc' dir='ltr'><strong>Κυ-</strong></span> 
     </span>
    </p>
   </div>
   <div class='ocr_carea' id='block_1_86' title="bbox 1049 2079 1833 2117">
    <p class='ocr_par' dir='ltr' id='par_1_86' title="bbox 1049 2079 1833 2117">
     <span class='ocr_line' id='line_1_86' title="bbox 1049 2079 1833 2117; baseline 0.003 -11"><span class='ocrx_word' id='word_1_696' title='bbox 1049 2081 1118 2116; x_wconf 84' lang='grc' dir='ltr'>ρίου,</span> <span class='ocrx_word' id='word_1_697' title='bbox 1144 2080 1182 2112; x_wconf 84' lang='grc' dir='ltr'>ὼς</span> <span class='ocrx_word' id='word_1_698' title='bbox 1212 2079 1365 2116; x_wconf 54' lang='grc' dir='ltr'>ἀνθρώπου,</span> <span class='ocrx_word' id='word_1_699' title='bbox 1391 2081 1537 2116; x_wconf 84' lang='grc' dir='ltr'>λουομένου</span> <span class='ocrx_word' id='word_1_700' title='bbox 1564 2084 1603 2114; x_wconf 81' lang='grc' dir='ltr'><strong>εἰς</strong></span> <span class='ocrx_word' id='word_1_701' title='bbox 1619 2082 1664 2109; x_wconf 75' lang='grc' dir='ltr'>τὸν</span> <span class='ocrx_word' id='word_1_702' title='bbox 1687 2082 1833 2117; x_wconf 75' lang='grc' dir='ltr'>Ἰορδάνην.</span> 
     </span>
    </p>
   </div>
   <div class='ocr_carea' id='block_1_87' title="bbox 247 2157 995 2194">
    <p class='ocr_par' dir='ltr' id='par_1_87' title="bbox 247 2157 992 2192">
     <span class='ocr_line' id='line_1_87' title="bbox 247 2157 992 2192; baseline 0.007 -9"><span class='ocrx_word' id='word_1_703' title='bbox 247 2158 270 2173; x_wconf 84' lang='grc'><strong>²¹</strong></span> <span class='ocrx_word' id='word_1_704' title='bbox 289 2157 311 2183; x_wconf 90' lang='lat' dir='ltr'><strong>ll</strong></span> <span class='ocrx_word' id='word_1_705' title='bbox 325 2157 387 2185; x_wconf 88' lang='lat' dir='ltr'><strong>Cor.</strong></span> <span class='ocrx_word' id='word_1_706' title='bbox 401 2165 436 2189; x_wconf 88' lang='lat' dir='ltr'><strong>iv,</strong></span> <span class='ocrx_word' id='word_1_707' title='bbox 451 2159 484 2188; x_wconf 64' lang='lat'><strong>4:</strong></span> <span class='ocrx_word' id='word_1_708' title='bbox 499 2157 604 2186; x_wconf 82' lang='lat' dir='ltr'><strong>Coloss.</strong></span> <span class='ocrx_word' id='word_1_709' title='bbox 624 2166 642 2190; x_wconf 87' lang='grc' dir='ltr'><strong>ι,</strong></span> <span class='ocrx_word' id='word_1_710' title='bbox 657 2159 699 2186; x_wconf 78' lang='grc'><strong>15.</strong></span> <span class='ocrx_word' id='word_1_711' title='bbox 739 2160 762 2174; x_wconf 75' lang='grc'><strong>⁸³</strong></span> <span class='ocrx_word' id='word_1_712' title='bbox 781 2158 858 2187; x_wconf 82' lang='lat' dir='ltr'><strong>Joan.</strong></span> <span class='ocrx_word' id='word_1_713' title='bbox 878 2166 945 2192; x_wconf 82' lang='lat' dir='ltr'><strong>xvu,</strong></span> <span class='ocrx_word' id='word_1_714' title='bbox 959 2160 992 2188; x_wconf 81' lang='grc'><strong>18</strong></span> 
     </span>
    </p>
   </div>
   <div class='ocr_carea' id='block_1_88' title="bbox 1051 2157 1571 2194">
    <p class='ocr_par' dir='ltr' id='par_1_88' title="bbox 1051 2160 1571 2194">
     <span class='ocr_line' id='line_1_88' title="bbox 1051 2160 1571 2194; baseline 0.002 -7"><span class='ocrx_word' id='word_1_715' title='bbox 1051 2160 1068 2187; x_wconf 82' lang='grc'>).</span> <span class='ocrx_word' id='word_1_716' title='bbox 1109 2161 1130 2176; x_wconf 79' lang='grc'><strong>’⁷</strong></span> <span class='ocrx_word' id='word_1_717' title='bbox 1152 2161 1216 2188; x_wconf 86' lang='lat' dir='ltr'><strong>ibid.</strong></span> <span class='ocrx_word' id='word_1_718' title='bbox 1240 2160 1283 2188; x_wconf 82' lang='grc'><strong>17.</strong></span> <span class='ocrx_word' id='word_1_719' title='bbox 1325 2161 1348 2176; x_wconf 76' lang='grc'><strong>’⁵</strong></span> <span class='ocrx_word' id='word_1_720' title='bbox 1368 2161 1376 2188; x_wconf 98' lang='grc' dir='ltr'><strong>Ι</strong></span> <span class='ocrx_word' id='word_1_721' title='bbox 1393 2161 1455 2188; x_wconf 91' lang='lat' dir='ltr'><strong>Cor.</strong></span> <span class='ocrx_word' id='word_1_722' title='bbox 1470 2169 1512 2194; x_wconf 85' lang='grc' dir='ltr'>ιιι,</span> <span class='ocrx_word' id='word_1_723' title='bbox 1532 2161 1571 2189; x_wconf 78' lang='grc'><strong>16.</strong></span> 
     </span>
    </p>
   </div>
   <div class='ocr_carea' id='block_1_89' title="bbox 247 2235 495 2272">
    <p class='ocr_par' dir='ltr' id='par_1_89' title="bbox 247 2235 495 2272">
     <span class='ocr_line' id='line_1_89' title="bbox 247 2235 495 2272; baseline 0.004 -9"><span class='ocrx_word' id='word_1_724' title='bbox 247 2236 302 2272; x_wconf 62' lang='grc'>(94)</span> <span class='ocrx_word' id='word_1_725' title='bbox 322 2235 440 2272; x_wconf 81' lang='lat' dir='ltr'><strong>Fclckm.</strong></span> <span class='ocrx_word' id='word_1_726' title='bbox 460 2237 495 2269; x_wconf 82' lang='lat'><strong>5,</strong></span> 
     </span>
    </p>
   </div>
   <div class='ocr_carea' id='block_1_90' title="bbox 209 2271 998 2308">
    <p class='ocr_par' dir='ltr' id='par_1_90' title="bbox 209 2271 998 2308">
     <span class='ocr_line' id='line_1_90' title="bbox 209 2271 998 2308; baseline 0 -10"><span class='ocrx_word' id='word_1_727' title='bbox 209 2271 292 2303; x_wconf 80' lang='grc' dir='ltr'>αὐτός</span> <span class='ocrx_word' id='word_1_728' title='bbox 314 2272 372 2308; x_wconf 67' lang='grc' dir='ltr'>εστι</span> <span class='ocrx_word' id='word_1_729' title='bbox 394 2271 488 2308; x_wconf 69' lang='grc' dir='ltr'>Λόγος.</span> <span class='ocrx_word' id='word_1_730' title='bbox 511 2271 638 2308; x_wconf 2' lang='lat' dir='ltr'><strong>poster.)</strong></span> <span class='ocrx_word' id='word_1_731' title='bbox 653 2275 680 2299; x_wconf 88' lang='lat' dir='ltr'><strong>et</strong></span> <span class='ocrx_word' id='word_1_732' title='bbox 707 2271 826 2308; x_wconf 80' lang='lat' dir='ltr'><strong>Felckm.</strong></span> <span class='ocrx_word' id='word_1_733' title='bbox 853 2273 886 2308; x_wconf 19' lang='lat' dir='ltr'><strong>IV,</strong></span> <span class='ocrx_word' id='word_1_734' title='bbox 920 2271 998 2308; x_wconf 73' lang='grc' dir='ltr'>μόνον</span> 
     </span>
    </p>
   </div>
   <div class='ocr_carea' id='block_1_91' title="bbox 210 2306 998 2368">
    <p class='ocr_par' dir='ltr' id='par_1_91' title="bbox 210 2306 998 2368">
     <span class='ocr_line' id='line_1_91' title="bbox 210 2306 998 2368; baseline -0.001 -34"><span class='ocrx_word' id='word_1_735' title='bbox 210 2308 284 2368; x_wconf 38' lang='lat' dir='ltr'><strong>iactv</strong></span> <span class='ocrx_word' id='word_1_736' title='bbox 299 2306 380 2339; x_wconf 76' lang='grc' dir='ltr'>αὐτὸς</span> <span class='ocrx_word' id='word_1_737' title='bbox 399 2307 493 2341; x_wconf 84' lang='grc' dir='ltr'>Λόγος.</span> <span class='ocrx_word' id='word_1_738' title='bbox 510 2306 579 2334; x_wconf 86' lang='lat' dir='ltr'><strong>Editi</strong></span> <span class='ocrx_word' id='word_1_739' title='bbox 594 2307 693 2342; x_wconf 87' lang='lat' dir='ltr'><strong>aliique</strong></span> <span class='ocrx_word' id='word_1_740' title='bbox 704 2327 711 2340; x_wconf 95' lang='lat'><strong>,</strong></span> <span class='ocrx_word' id='word_1_741' title='bbox 731 2307 810 2342; x_wconf 84' lang='grc' dir='ltr'>μόνος</span> <span class='ocrx_word' id='word_1_742' title='bbox 824 2307 898 2333; x_wconf 74' lang='grc' dir='ltr'>ἐστὶν</span> <span class='ocrx_word' id='word_1_743' title='bbox 916 2306 998 2333; x_wconf 80' lang='grc' dir='ltr'>αὑτοῦ</span> 
     </span>
     <span class='ocr_line' id='line_1_92' title="bbox 248 2351 305 2368; baseline 0 0"><span class='ocrx_word' id='word_1_744' title='bbox 248 2351 305 2368; x_wconf 73' lang='grc' dir='ltr'>γος.</span> 
     </span>
    </p>
   </div>
   <div class='ocr_carea' id='block_1_92' title="bbox 210 2343 305 2373">
    <p class='ocr_par' dir='ltr' id='par_1_92' title="bbox 210 2343 305 2373">
     <span class='ocr_line' id='line_1_93' title="bbox 210 2343 305 2373; baseline 0.011 -5"><span class='ocrx_word' id='word_1_745' title='bbox 210 2343 305 2373; x_wconf 81' lang='grc' dir='ltr'>Λόγος.</span> 
     </span>
    </p>
   </div>
   <div class='ocr_carea' id='block_1_93' title="bbox 247 2351 997 2413">
    <p class='ocr_par' dir='ltr' id='par_1_93' title="bbox 247 2351 997 2413">
     <span class='ocr_line' id='line_1_94' title="bbox 247 2351 997 2413; baseline -0.003 -8"><span class='ocrx_word' id='word_1_746' title='bbox 334 2376 454 2413; x_wconf 72' lang='lat' dir='ltr'><strong>Felcltm.</strong></span> <span class='ocrx_word' id='word_1_747' title='bbox 483 2376 669 2413; x_wconf 40' lang='grc' dir='ltr'>ᾃηγεννητά.</span> <span class='ocrx_word' id='word_1_748' title='bbox 695 2376 771 2413; x_wconf 67' lang='lat' dir='ltr'><strong>Mox_</strong></span> <span class='ocrx_word' id='word_1_749' title='bbox 782 2376 907 2413; x_wconf 60' lang='lat' dir='ltr'><strong>segnem,</strong></span> <span class='ocrx_word' id='word_1_750' title='bbox 933 2377 997 2413; x_wconf 81' lang='grc' dir='ltr'>παρ’</span> 
     </span>
    </p>
   </div>
   <div class='ocr_carea' id='block_1_94' title="bbox 210 2411 998 2474">
    <p class='ocr_par' dir='ltr' id='par_1_94' title="bbox 210 2411 998 2474">
     <span class='ocr_line' id='line_1_95' title="bbox 210 2411 998 2474; baseline 0.001 -36"><span class='ocrx_word' id='word_1_751' title='bbox 210 2411 304 2474; x_wconf 50' lang='lat' dir='ltr'><strong>uti-£86,</strong></span> <span class='ocrx_word' id='word_1_752' title='bbox 325 2411 473 2447; x_wconf 68' lang='grc' dir='ltr'>Πνεῦματι.</span> <span class='ocrx_word' id='word_1_753' title='bbox 496 2412 561 2440; x_wconf 86' lang='lat' dir='ltr'><strong>Ibid.</strong></span> <span class='ocrx_word' id='word_1_754' title='bbox 579 2411 689 2440; x_wconf 82' lang='lat' dir='ltr'><strong>anler.</strong></span> <span class='ocrx_word' id='word_1_755' title='bbox 710 2417 737 2439; x_wconf 92' lang='lat' dir='ltr'><strong>et</strong></span> <span class='ocrx_word' id='word_1_756' title='bbox 751 2411 871 2439; x_wconf 76' lang='lat' dir='ltr'><strong>Felckm.</strong></span> <span class='ocrx_word' id='word_1_757' title='bbox 888 2413 914 2443; x_wconf 80' lang='grc' dir='ltr'>Ι,</span> <span class='ocrx_word' id='word_1_758' title='bbox 935 2411 998 2439; x_wconf 79' lang='grc' dir='ltr'>κάν-</span> 
     </span>
     <span class='ocr_line' id='line_1_96' title="bbox 210 2456 306 2474; baseline 0 0"><span class='ocrx_word' id='word_1_759' title='bbox 210 2456 260 2474; x_wconf 82' lang='grc' dir='ltr'><strong>ταυ</strong></span> <span class='ocrx_word' id='word_1_760' title='bbox 279 2457 306 2474; x_wconf 88' lang='grc' dir='ltr'>α.</span> 
     </span>
    </p>
   </div>
   <div class='ocr_carea' id='block_1_95' title="bbox 210 2456 306 2474">
    <p class='ocr_par' dir='ltr' id='par_1_95' title="bbox 210 2456 306 2474">
     <span class='ocr_line' id='line_1_97' title="bbox 210 2456 306 2474; baseline 0 0"><span class='ocrx_word' id='word_1_761' title='bbox 210 2456 306 2474; x_wconf 81' lang='grc' dir='ltr'>ταυυα.</span> 
     </span>
    </p>
   </div>
   <div class='ocr_carea' id='block_1_96' title="bbox 247 2481 995 2517">
    <p class='ocr_par' dir='ltr' id='par_1_96' title="bbox 247 2481 995 2517">
     <span class='ocr_line' id='line_1_98' title="bbox 247 2481 995 2517; baseline 0 -9"><span class='ocrx_word' id='word_1_762' title='bbox 247 2483 304 2516; x_wconf 82' lang='grc'>(96)</span> <span class='ocrx_word' id='word_1_763' title='bbox 317 2482 362 2510; x_wconf 89' lang='lat' dir='ltr'><strong>Sic</strong></span> <span class='ocrx_word' id='word_1_764' title='bbox 376 2481 488 2517; x_wconf 78' lang='lat' dir='ltr'><strong>Seguer.</strong></span> <span class='ocrx_word' id='word_1_765' title='bbox 503 2481 586 2510; x_wconf 87' lang='lat' dir='ltr'><strong>Basil.</strong></span> <span class='ocrx_word' id='word_1_766' title='bbox 599 2482 704 2517; x_wconf 79' lang='lat' dir='ltr'><strong>Anglic.</strong></span> <span class='ocrx_word' id='word_1_767' title='bbox 718 2487 746 2509; x_wconf 89' lang='lat' dir='ltr'><strong>et</strong></span> <span class='ocrx_word' id='word_1_768' title='bbox 759 2481 826 2517; x_wconf 76' lang='lat' dir='ltr'><strong>Reg.</strong></span> <span class='ocrx_word' id='word_1_769' title='bbox 840 2482 873 2508; x_wconf 84' lang='lat' dir='ltr'><strong>At</strong></span> <span class='ocrx_word' id='word_1_770' title='bbox 885 2482 995 2509; x_wconf 83' lang='lat' dir='ltr'><strong>Gobler.</strong></span> 
     </span>
    </p>
   </div>
   <div class='ocr_carea' id='block_1_97' title="bbox 211 2517 997 2553">
    <p class='ocr_par' dir='ltr' id='par_1_97' title="bbox 211 2517 997 2553">
     <span class='ocr_line' id='line_1_99' title="bbox 211 2517 997 2553; baseline 0 -9"><span class='ocrx_word' id='word_1_771' title='bbox 211 2523 237 2544; x_wconf 81' lang='lat' dir='ltr'><strong>et</strong></span> <span class='ocrx_word' id='word_1_772' title='bbox 252 2517 342 2553; x_wconf 83' lang='lat' dir='ltr'><strong>Felck.</strong></span> <span class='ocrx_word' id='word_1_773' title='bbox 358 2518 384 2553; x_wconf 72' lang='lat' dir='ltr'><strong>i,</strong></span> <span class='ocrx_word' id='word_1_774' title='bbox 397 2517 488 2549; x_wconf 74' lang='grc' dir='ltr'><strong>Δαϐὶδ,</strong></span> <span class='ocrx_word' id='word_1_775' title='bbox 506 2517 634 2553; x_wconf 84' lang='grc' dir='ltr'>Σαλομὼν</span> <span class='ocrx_word' id='word_1_776' title='bbox 658 2518 705 2544; x_wconf 77' lang='grc' dir='ltr'><strong>καὶ</strong></span> <span class='ocrx_word' id='word_1_777' title='bbox 719 2519 743 2544; x_wconf 86' lang='lat' dir='ltr'><strong>oi</strong></span> <span class='ocrx_word' id='word_1_778' title='bbox 760 2517 952 2553; x_wconf 32' lang='lat' dir='ltr'><strong>ullataFelck.</strong></span> <span class='ocrx_word' id='word_1_779' title='bbox 968 2518 997 2548; x_wconf 82' lang='grc'>5,</span> 
     </span>
    </p>
   </div>
   <div class='ocr_carea' id='block_1_98' title="bbox 211 2552 998 2587">
    <p class='ocr_par' dir='ltr' id='par_1_98' title="bbox 211 2552 998 2587">
     <span class='ocr_line' id='line_1_100' title="bbox 211 2552 998 2587; baseline 0 -9"><span class='ocrx_word' id='word_1_780' title='bbox 211 2552 293 2578; x_wconf 59' lang='lat' dir='ltr'><strong>dum</strong></span> <span class='ocrx_word' id='word_1_781' title='bbox 304 2572 311 2583; x_wconf 95' lang='lat'><strong>,</strong></span> <span class='ocrx_word' id='word_1_782' title='bbox 322 2552 452 2587; x_wconf 23' lang='grc' dir='ltr'><strong>νῈςεκίας</strong></span> <span class='ocrx_word' id='word_1_783' title='bbox 463 2572 470 2584; x_wconf 91' lang='grc'><strong>,</strong></span> <span class='ocrx_word' id='word_1_784' title='bbox 484 2557 535 2580; x_wconf 87' lang='lat' dir='ltr'><strong>etc.</strong></span> <span class='ocrx_word' id='word_1_785' title='bbox 554 2552 620 2580; x_wconf 83' lang='lat' dir='ltr'><strong>Ibid.</strong></span> <span class='ocrx_word' id='word_1_786' title='bbox 638 2553 748 2587; x_wconf 78' lang='lat' dir='ltr'><strong>Seguer.</strong></span> <span class='ocrx_word' id='word_1_787' title='bbox 761 2571 769 2584; x_wconf 93' lang='lat'><strong>,</strong></span> <span class='ocrx_word' id='word_1_788' title='bbox 788 2552 892 2583; x_wconf 84' lang='grc' dir='ltr'>Ἰωσίας</span> <span class='ocrx_word' id='word_1_789' title='bbox 909 2553 956 2578; x_wconf 78' lang='grc' dir='ltr'>καὶ</span> <span class='ocrx_word' id='word_1_790' title='bbox 973 2552 998 2579; x_wconf 74' lang='grc' dir='ltr'>οἱ</span> 
     </span>
    </p>
   </div>
   <div class='ocr_carea' id='block_1_99' title="bbox 211 2586 995 2648">
    <p class='ocr_par' dir='ltr' id='par_1_99' title="bbox 211 2586 995 2648">
     <span class='ocr_line' id='line_1_101' title="bbox 211 2586 995 2648; baseline -0.001 -35"><span class='ocrx_word' id='word_1_791' title='bbox 211 2587 297 2630; x_wconf 59' lang='grc' dir='ltr'>ἁλλοι.</span> <span class='ocrx_word' id='word_1_792' title='bbox 306 2586 381 2648; x_wconf 61' lang='grc' dir='ltr'><strong>ξλΐὶιὶ</strong></span> <span class='ocrx_word' id='word_1_793' title='bbox 395 2592 423 2614; x_wconf 82' lang='lat' dir='ltr'><strong>et</strong></span> <span class='ocrx_word' id='word_1_794' title='bbox 433 2589 490 2620; x_wconf 83' lang='lat' dir='ltr'><strong>alii,</strong></span> <span class='ocrx_word' id='word_1_795' title='bbox 501 2588 538 2619; x_wconf 84' lang='grc' dir='ltr'><strong>ὡς</strong></span> <span class='ocrx_word' id='word_1_796' title='bbox 547 2588 628 2614; x_wconf 75' lang='grc' dir='ltr'><strong>Δαὸὶδ</strong></span> <span class='ocrx_word' id='word_1_797' title='bbox 640 2586 686 2614; x_wconf 63' lang='lat' dir='ltr'><strong>xui</strong></span> <span class='ocrx_word' id='word_1_798' title='bbox 694 2587 827 2619; x_wconf 78' lang='grc' dir='ltr'>Ἐζεκίας,</span> <span class='ocrx_word' id='word_1_799' title='bbox 836 2587 873 2619; x_wconf 77' lang='grc' dir='ltr'><strong>ὡς</strong></span> <span class='ocrx_word' id='word_1_800' title='bbox 881 2587 995 2619; x_wconf 80' lang='grc' dir='ltr'>Ἰωσίας,</span> 
     </span>
     <span class='ocr_line' id='line_1_102' title="bbox 212 2630 389 2648; baseline 0 0"><span class='ocrx_word' id='word_1_801' title='bbox 212 2631 249 2648; x_wconf 74' lang='grc' dir='ltr'>ωε</span> <span class='ocrx_word' id='word_1_802' title='bbox 265 2631 288 2648; x_wconf 86' lang='grc' dir='ltr'><strong>οι</strong></span> <span class='ocrx_word' id='word_1_803' title='bbox 349 2630 389 2648; x_wconf 70' lang='grc' dir='ltr'>ιοι.</span> 
     </span>
    </p>
   </div>
   <div class='ocr_carea' id='block_1_100' title="bbox 212 2630 389 2653">
    <p class='ocr_par' dir='ltr' id='par_1_100' title="bbox 212 2630 389 2653">
     <span class='ocr_line' id='line_1_103' title="bbox 212 2630 389 2653; baseline -0.006 -5"><span class='ocrx_word' id='word_1_804' title='bbox 212 2631 249 2653; x_wconf 79' lang='grc' dir='ltr'>ως</span> <span class='ocrx_word' id='word_1_805' title='bbox 265 2631 288 2648; x_wconf 87' lang='grc' dir='ltr'><strong>οι</strong></span> <span class='ocrx_word' id='word_1_806' title='bbox 306 2630 379 2648; x_wconf 67' lang='grc' dir='ltr'>αλνιοι</span> <span class='ocrx_word' id='word_1_807' title='bbox 383 2642 389 2648; x_wconf 88' lang='grc'>.</span> 
     </span>
    </p>
   </div>
   <div class='ocr_carea' id='block_1_101' title="bbox 249 2656 998 2692">
    <p class='ocr_par' dir='ltr' id='par_1_101' title="bbox 249 2656 998 2692">
     <span class='ocr_line' id='line_1_104' title="bbox 249 2656 998 2692; baseline 0 -8"><span class='ocrx_word' id='word_1_808' title='bbox 249 2657 304 2692; x_wconf 79' lang='grc'>(97)</span> <span class='ocrx_word' id='word_1_809' title='bbox 325 2656 371 2684; x_wconf 90' lang='lat' dir='ltr'><strong>Sic</strong></span> <span class='ocrx_word' id='word_1_810' title='bbox 387 2656 498 2691; x_wconf 77' lang='lat' dir='ltr'><strong>Seguer.</strong></span> <span class='ocrx_word' id='word_1_811' title='bbox 515 2658 624 2685; x_wconf 85' lang='lat' dir='ltr'><strong>Gobler.</strong></span> <span class='ocrx_word' id='word_1_812' title='bbox 641 2662 668 2685; x_wconf 91' lang='lat' dir='ltr'><strong>et</strong></span> <span class='ocrx_word' id='word_1_813' title='bbox 681 2657 801 2685; x_wconf 86' lang='lat' dir='ltr'><strong>Felckm.</strong></span> <span class='ocrx_word' id='word_1_814' title='bbox 823 2657 846 2682; x_wconf 94' lang='lat' dir='ltr'><strong>I.</strong></span> <span class='ocrx_word' id='word_1_815' title='bbox 869 2656 920 2684; x_wconf 87' lang='lat' dir='ltr'><strong>Alii</strong></span> <span class='ocrx_word' id='word_1_816' title='bbox 933 2665 998 2684; x_wconf 88' lang='lat' dir='ltr'><strong>vero</strong></span> 
     </span>
    </p>
   </div>
   <div class='ocr_carea' id='block_1_102' title="bbox 212 2691 998 2734">
    <p class='ocr_par' dir='ltr' id='par_1_102' title="bbox 212 2691 998 2734">
     <span class='ocr_line' id='line_1_105' title="bbox 212 2691 998 2734; baseline -0.001 -16"><span class='ocrx_word' id='word_1_817' title='bbox 212 2697 239 2734; x_wconf 64' lang='lat' dir='ltr'><strong>et</strong></span> <span class='ocrx_word' id='word_1_818' title='bbox 251 2693 332 2734; x_wconf 65' lang='lat' dir='ltr'><strong>editi,</strong></span> <span class='ocrx_word' id='word_1_819' title='bbox 347 2691 527 2734; x_wconf 48' lang='lat' dir='ltr'><strong>rﬂ‘ﬁuotleiu.</strong></span> <span class='ocrx_word' id='word_1_820' title='bbox 543 2693 604 2734; x_wconf 51' lang='lat' dir='ltr'><strong>litos</strong></span> <span class='ocrx_word' id='word_1_821' title='bbox 619 2693 731 2734; x_wconf 68' lang='lat' dir='ltr'><strong>chiter.</strong></span> <span class='ocrx_word' id='word_1_822' title='bbox 742 2714 750 2725; x_wconf 85' lang='grc'><strong>,</strong></span> <span class='ocrx_word' id='word_1_823' title='bbox 760 2692 879 2734; x_wconf 73' lang='grc' dir='ltr'>χορηγὸς</span> <span class='ocrx_word' id='word_1_824' title='bbox 897 2692 935 2718; x_wconf 84' lang='grc' dir='ltr'>ὢν</span> <span class='ocrx_word' id='word_1_825' title='bbox 951 2693 998 2734; x_wconf 60' lang='grc' dir='ltr'>αι)-</span> 
     </span>
    </p>
   </div>
   <div class='ocr_carea' id='block_1_103' title="bbox 212 2726 998 2763">
    <p class='ocr_par' dir='ltr' id='par_1_103' title="bbox 212 2726 998 2763">
     <span class='ocr_line' id='line_1_106' title="bbox 212 2726 998 2763; baseline 0.005 -11"><span class='ocrx_word' id='word_1_826' title='bbox 212 2727 267 2758; x_wconf 82' lang='grc' dir='ltr'>τδς,</span> <span class='ocrx_word' id='word_1_827' title='bbox 285 2727 359 2761; x_wconf 81' lang='grc' dir='ltr'>ὅμως</span> <span class='ocrx_word' id='word_1_828' title='bbox 370 2726 530 2763; x_wconf 39' lang='lat' dir='ltr'><strong>etiam}.</strong></span> <span class='ocrx_word' id='word_1_829' title='bbox 543 2729 595 2754; x_wconf 82' lang='lat' dir='ltr'><strong>Alii</strong></span> <span class='ocrx_word' id='word_1_830' title='bbox 609 2734 634 2755; x_wconf 87' lang='lat' dir='ltr'><strong>et</strong></span> <span class='ocrx_word' id='word_1_831' title='bbox 651 2726 726 2759; x_wconf 78' lang='lat' dir='ltr'><strong>editi,</strong></span> <span class='ocrx_word' id='word_1_832' title='bbox 737 2726 817 2759; x_wconf 56' lang='lat' dir='ltr'><strong>acet;</strong></span> <span class='ocrx_word' id='word_1_833' title='bbox 831 2726 867 2754; x_wconf 82' lang='grc' dir='ltr'>ὢν</span> <span class='ocrx_word' id='word_1_834' title='bbox 881 2728 998 2763; x_wconf 77' lang='grc' dir='ltr'>χορηγὸς</span> 
     </span>
    </p>
   </div>
   <div class='ocr_carea' id='block_1_104' title="bbox 214 2761 523 2796">
    <p class='ocr_par' dir='ltr' id='par_1_104' title="bbox 214 2761 523 2796">
     <span class='ocr_line' id='line_1_107' title="bbox 214 2761 523 2796; baseline 0 -8"><span class='ocrx_word' id='word_1_835' title='bbox 214 2762 302 2796; x_wconf 72' lang='grc' dir='ltr'>μόνος,</span> <span class='ocrx_word' id='word_1_836' title='bbox 317 2763 392 2796; x_wconf 80' lang='grc' dir='ltr'>ὅμως</span> <span class='ocrx_word' id='word_1_837' title='bbox 406 2761 523 2796; x_wconf 80' lang='grc' dir='ltr'>λέγεται.</span> 
     </span>
    </p>
   </div>
   <div class='ocr_carea' id='block_1_105' title="bbox 249 2797 685 2832">
    <p class='ocr_par' dir='ltr' id='par_1_105' title="bbox 249 2797 685 2832">
     <span class='ocr_line' id='line_1_108' title="bbox 249 2797 685 2832; baseline 0 -8"><span class='ocrx_word' id='word_1_838' title='bbox 249 2799 305 2831; x_wconf 80' lang='lat'><strong>(98)</strong></span> <span class='ocrx_word' id='word_1_839' title='bbox 326 2797 449 2832; x_wconf 78' lang='lat' dir='ltr'><strong>chtter..</strong></span> <span class='ocrx_word' id='word_1_840' title='bbox 467 2797 514 2823; x_wconf 75' lang='lat' dir='ltr'><strong>xui.</strong></span> <span class='ocrx_word' id='word_1_841' title='bbox 527 2798 685 2832; x_wconf 81' lang='grc' dir='ltr'>ἀναστῆναι.</span> 
     </span>
    </p>
   </div>
   <div class='ocr_carea' id='block_1_106' title="bbox 248 2831 994 2870">
    <p class='ocr_par' dir='ltr' id='par_1_106' title="bbox 248 2831 994 2870">
     <span class='ocr_line' id='line_1_109' title="bbox 248 2831 994 2870; baseline 0.001 -11"><span class='ocrx_word' id='word_1_842' title='bbox 248 2832 303 2870; x_wconf 76' lang='lat'><strong>(99)</strong></span> <span class='ocrx_word' id='word_1_843' title='bbox 324 2831 442 2859; x_wconf 77' lang='lat' dir='ltr'><strong>Fclt:km.</strong></span> <span class='ocrx_word' id='word_1_844' title='bbox 459 2831 475 2858; x_wconf 77' lang='lat'><strong>2</strong></span> <span class='ocrx_word' id='word_1_845' title='bbox 491 2837 518 2870; x_wconf 80' lang='lat' dir='ltr'><strong>et</strong></span> <span class='ocrx_word' id='word_1_846' title='bbox 531 2833 612 2870; x_wconf 71' lang='lat' dir='ltr'><strong>editi,</strong></span> <span class='ocrx_word' id='word_1_847' title='bbox 626 2831 719 2870; x_wconf 52' lang='lat' dir='ltr'><strong>uerbi</strong></span> <span class='ocrx_word' id='word_1_848' title='bbox 731 2834 746 2859; x_wconf 86' lang='grc' dir='ltr'>ὁ</span> <span class='ocrx_word' id='word_1_849' title='bbox 767 2833 869 2869; x_wconf 76' lang='grc' dir='ltr'>Κύριος</span> <span class='ocrx_word' id='word_1_850' title='bbox 892 2832 994 2870; x_wconf 75' lang='grc' dir='ltr'>ἔλεγεν.</span> 
     </span>
    </p>
   </div>
   <div class='ocr_carea' id='block_1_107' title="bbox 212 2867 798 2901">
    <p class='ocr_par' dir='ltr' id='par_1_107' title="bbox 212 2867 798 2901">
     <span class='ocr_line' id='line_1_110' title="bbox 212 2867 798 2901; baseline 0.002 -8"><span class='ocrx_word' id='word_1_851' title='bbox 212 2867 264 2894; x_wconf 90' lang='lat' dir='ltr'><strong>Alii</strong></span> <span class='ocrx_word' id='word_1_852' title='bbox 277 2875 371 2896; x_wconf 87' lang='lat' dir='ltr'><strong>omnes</strong></span> <span class='ocrx_word' id='word_1_853' title='bbox 388 2874 466 2899; x_wconf 88' lang='lat' dir='ltr'><strong>inss.,</strong></span> <span class='ocrx_word' id='word_1_854' title='bbox 483 2867 563 2899; x_wconf 75' lang='grc' dir='ltr'>αὐτὸς</span> <span class='ocrx_word' id='word_1_855' title='bbox 577 2868 610 2895; x_wconf 83' lang='grc' dir='ltr'><strong>δι’</strong></span> <span class='ocrx_word' id='word_1_856' title='bbox 625 2867 732 2901; x_wconf 77' lang='grc' dir='ltr'>ἑαυτοῦ,</span> <span class='ocrx_word' id='word_1_857' title='bbox 747 2872 798 2895; x_wconf 85' lang='lat' dir='ltr'><strong>etc.</strong></span> 
     </span>
    </p>
   </div>
   <div class='ocr_carea' id='block_1_108' title="bbox 540 2236 995 2273">
    <p class='ocr_par' dir='ltr' id='par_1_108' title="bbox 540 2236 995 2273">
     <span class='ocr_line' id='line_1_111' title="bbox 540 2236 995 2273; baseline 0.002 -10"><span class='ocrx_word' id='word_1_858' title='bbox 540 2237 666 2273; x_wconf 84' lang='grc' dir='ltr'>εννητῶν.</span> <span class='ocrx_word' id='word_1_859' title='bbox 693 2236 754 2273; x_wconf 53' lang='lat' dir='ltr'><strong>Dios</strong></span> <span class='ocrx_word' id='word_1_860' title='bbox 771 2237 900 2273; x_wconf 77' lang='lat' dir='ltr'><strong>Seguer.,</strong></span> <span class='ocrx_word' id='word_1_861' title='bbox 919 2237 995 2272; x_wconf 82' lang='grc' dir='ltr'>μόνος</span> 
     </span>
    </p>
   </div>
   <div class='ocr_carea' id='block_1_109' title="bbox 1051 2236 1835 2273">
    <p class='ocr_par' dir='ltr' id='par_1_109' title="bbox 1087 2237 1835 2273">
     <span class='ocr_line' id='line_1_112' title="bbox 1087 2237 1835 2273; baseline 0.001 -10"><span class='ocrx_word' id='word_1_862' title='bbox 1087 2237 1124 2272; x_wconf 87' lang='lat' dir='ltr'><strong>(i)</strong></span> <span class='ocrx_word' id='word_1_863' title='bbox 1145 2237 1190 2265; x_wconf 87' lang='lat' dir='ltr'><strong>Sic</strong></span> <span class='ocrx_word' id='word_1_864' title='bbox 1213 2237 1337 2273; x_wconf 82' lang='lat' dir='ltr'><strong>Seguer.,</strong></span> <span class='ocrx_word' id='word_1_865' title='bbox 1350 2242 1380 2264; x_wconf 87' lang='lat' dir='ltr'><strong>nt</strong></span> <span class='ocrx_word' id='word_1_866' title='bbox 1393 2242 1419 2265; x_wconf 81' lang='lat' dir='ltr'><strong>et</strong></span> <span class='ocrx_word' id='word_1_867' title='bbox 1432 2238 1530 2273; x_wconf 81' lang='lat' dir='ltr'><strong>legitur</strong></span> <span class='ocrx_word' id='word_1_868' title='bbox 1545 2237 1623 2265; x_wconf 79' lang='lat' dir='ltr'><strong>Ioan.</strong></span> <span class='ocrx_word' id='word_1_869' title='bbox 1639 2246 1705 2268; x_wconf 82' lang='lat' dir='ltr'><strong>xm.</strong></span> <span class='ocrx_word' id='word_1_870' title='bbox 1722 2238 1764 2265; x_wconf 86' lang='lat' dir='ltr'><strong>I9.</strong></span> <span class='ocrx_word' id='word_1_871' title='bbox 1782 2238 1835 2265; x_wconf 90' lang='lat' dir='ltr'><strong>Alii</strong></span> 
     </span>
    </p>
   </div>
   <div class='ocr_carea' id='block_1_110' title="bbox 1049 2273 1835 2333">
    <p class='ocr_par' dir='ltr' id='par_1_110' title="bbox 1049 2273 1835 2333">
     <span class='ocr_line' id='line_1_113' title="bbox 1049 2273 1835 2333; baseline 0.003 -35"><span class='ocrx_word' id='word_1_872' title='bbox 1049 2277 1155 2333; x_wconf 49' lang='lat' dir='ltr'><strong>x1138;</strong></span> <span class='ocrx_word' id='word_1_873' title='bbox 1170 2273 1234 2300; x_wconf 84' lang='lat' dir='ltr'><strong>editi</strong></span> <span class='ocrx_word' id='word_1_874' title='bbox 1249 2273 1377 2300; x_wconf 91' lang='lat' dir='ltr'><strong>omittunt</strong></span> <span class='ocrx_word' id='word_1_875' title='bbox 1401 2273 1466 2307; x_wconf 79' lang='grc' dir='ltr'>ἐγώ,</span> <span class='ocrx_word' id='word_1_876' title='bbox 1484 2278 1511 2300; x_wconf 89' lang='lat' dir='ltr'><strong>et</strong></span> <span class='ocrx_word' id='word_1_877' title='bbox 1525 2281 1587 2300; x_wconf 84' lang='lat' dir='ltr'><strong>mox</strong></span> <span class='ocrx_word' id='word_1_878' title='bbox 1612 2274 1730 2305; x_wconf 87' lang='lat' dir='ltr'><strong>habent,</strong></span> <span class='ocrx_word' id='word_1_879' title='bbox 1755 2274 1784 2299; x_wconf 84' lang='grc' dir='ltr'>ὲν</span> <span class='ocrx_word' id='word_1_880' title='bbox 1802 2274 1835 2309; x_wconf 78' lang='grc' dir='ltr'><strong>τῇ</strong></span> 
     </span>
     <span class='ocr_line' id='line_1_114' title="bbox 1084 2316 1173 2333; baseline 0 0"><span class='ocrx_word' id='word_1_881' title='bbox 1084 2316 1099 2333; x_wconf 75' lang='grc' dir='ltr'><strong>ἠ</strong></span> <span class='ocrx_word' id='word_1_882' title='bbox 1121 2316 1132 2333; x_wconf 93' lang='grc' dir='ltr'>ε</span> <span class='ocrx_word' id='word_1_883' title='bbox 1147 2316 1173 2333; x_wconf 92' lang='grc' dir='ltr'>α.</span> 
     </span>
    </p>
   </div>
   <div class='ocr_carea' id='block_1_111' title="bbox 1121 2316 1173 2334">
    <p class='ocr_par' dir='ltr' id='par_1_111' title="bbox 1121 2316 1173 2334">
     <span class='ocr_line' id='line_1_115' title="bbox 1121 2316 1173 2334; baseline 0 -1"><span class='ocrx_word' id='word_1_884' title='bbox 1121 2316 1173 2334; x_wconf 90' lang='grc' dir='ltr'>εια.</span> 
     </span>
    </p>
   </div>
   <div class='ocr_carea' id='block_1_112' title="bbox 1084 2316 1835 2376">
    <p class='ocr_par' dir='ltr' id='par_1_112' title="bbox 1084 2316 1835 2376">
     <span class='ocr_line' id='line_1_116' title="bbox 1084 2316 1835 2376; baseline 0.001 -7"><span class='ocrx_word' id='word_1_885' title='bbox 1084 2316 1254 2376; x_wconf 54' lang='grc' dir='ltr'><strong>(ἕξιὲὸιιιρν.</strong></span> <span class='ocrx_word' id='word_1_886' title='bbox 1274 2347 1300 2370; x_wconf 88' lang='lat' dir='ltr'><strong>et</strong></span> <span class='ocrx_word' id='word_1_887' title='bbox 1314 2342 1432 2370; x_wconf 77' lang='lat' dir='ltr'><strong>Fclckm.</strong></span> <span class='ocrx_word' id='word_1_888' title='bbox 1451 2343 1476 2376; x_wconf 84' lang='grc' dir='ltr'><strong>ι,</strong></span> <span class='ocrx_word' id='word_1_889' title='bbox 1495 2343 1529 2370; x_wconf 62' lang='grc' dir='ltr'>*ιι</span> <span class='ocrx_word' id='word_1_890' title='bbox 1550 2343 1609 2375; x_wconf 81' lang='grc' dir='ltr'><strong>πῶς</strong></span> <span class='ocrx_word' id='word_1_891' title='bbox 1629 2343 1677 2375; x_wconf 82' lang='grc' dir='ltr'><strong>δέ,</strong></span> <span class='ocrx_word' id='word_1_892' title='bbox 1693 2348 1745 2371; x_wconf 83' lang='lat' dir='ltr'><strong>etc.</strong></span> <span class='ocrx_word' id='word_1_893' title='bbox 1768 2342 1835 2370; x_wconf 93' lang='lat' dir='ltr'><strong>Ibid.</strong></span> 
     </span>
    </p>
   </div>
   <div class='ocr_carea' id='block_1_113' title="bbox 1050 2377 1836 2423">
    <p class='ocr_par' dir='ltr' id='par_1_113' title="bbox 1050 2377 1836 2423">
     <span class='ocr_line' id='line_1_117' title="bbox 1050 2377 1836 2423; baseline 0.003 -20"><span class='ocrx_word' id='word_1_894' title='bbox 1050 2385 1238 2423; x_wconf 43' lang='lat' dir='ltr'><strong>omnes‘mssq</strong></span> <span class='ocrx_word' id='word_1_895' title='bbox 1289 2378 1329 2423; x_wconf 59' lang='grc' dir='ltr'>ξτι</span> <span class='ocrx_word' id='word_1_896' title='bbox 1340 2398 1346 2409; x_wconf 86' lang='grc'><strong>,</strong></span> <span class='ocrx_word' id='word_1_897' title='bbox 1364 2380 1458 2423; x_wconf 47' lang='lat' dir='ltr'><strong>prayer</strong></span> <span class='ocrx_word' id='word_1_898' title='bbox 1479 2379 1596 2423; x_wconf 38' lang='lat' dir='ltr'><strong>I‘TciCIIun.</strong></span> <span class='ocrx_word' id='word_1_899' title='bbox 1613 2379 1641 2410; x_wconf 68' lang='grc' dir='ltr'>Ξ,</span> <span class='ocrx_word' id='word_1_900' title='bbox 1655 2379 1681 2405; x_wconf 91' lang='lat' dir='ltr'><strong>in</strong></span> <span class='ocrx_word' id='word_1_901' title='bbox 1699 2387 1754 2423; x_wconf 73' lang='lat' dir='ltr'><strong>qup</strong></span> <span class='ocrx_word' id='word_1_902' title='bbox 1766 2383 1796 2423; x_wconf 57' lang='lat' dir='ltr'><strong>et</strong></span> <span class='ocrx_word' id='word_1_903' title='bbox 1808 2378 1836 2405; x_wconf 91' lang='lat' dir='ltr'><strong>in</strong></span> 
     </span>
    </p>
   </div>
   <div class='ocr_carea' id='block_1_114' title="bbox 1049 2412 1837 2448">
    <p class='ocr_par' dir='ltr' id='par_1_114' title="bbox 1049 2412 1837 2448">
     <span class='ocr_line' id='line_1_118' title="bbox 1049 2412 1837 2448; baseline 0 -9"><span class='ocrx_word' id='word_1_904' title='bbox 1049 2412 1117 2448; x_wconf 60' lang='lat' dir='ltr'><strong>edit.</strong></span> <span class='ocrx_word' id='word_1_905' title='bbox 1134 2412 1356 2448; x_wconf 49' lang='lat' dir='ltr'><strong>ComriieIJdcest</strong></span> <span class='ocrx_word' id='word_1_906' title='bbox 1368 2413 1395 2448; x_wconf 71' lang='grc' dir='ltr'><strong>ἡ.</strong></span> <span class='ocrx_word' id='word_1_907' title='bbox 1409 2413 1472 2439; x_wconf 85' lang='lat' dir='ltr'><strong>Item</strong></span> <span class='ocrx_word' id='word_1_908' title='bbox 1492 2414 1556 2440; x_wconf 82' lang='lat' dir='ltr'><strong>ibid.</strong></span> <span class='ocrx_word' id='word_1_909' title='bbox 1581 2422 1658 2444; x_wconf 86' lang='lat' dir='ltr'><strong>mss.,</strong></span> <span class='ocrx_word' id='word_1_910' title='bbox 1685 2412 1766 2445; x_wconf 72' lang='grc' dir='ltr'>αὐτὸς</span> <span class='ocrx_word' id='word_1_911' title='bbox 1787 2414 1837 2448; x_wconf 74' lang='grc' dir='ltr'><strong>ἑμ-</strong></span> 
     </span>
    </p>
   </div>
   <div class='ocr_carea' id='block_1_115' title="bbox 1049 2447 1763 2484">
    <p class='ocr_par' dir='ltr' id='par_1_115' title="bbox 1049 2447 1763 2484">
     <span class='ocr_line' id='line_1_119' title="bbox 1049 2447 1763 2484; baseline 0.003 -11"><span class='ocrx_word' id='word_1_912' title='bbox 1049 2447 1123 2482; x_wconf 82' lang='grc' dir='ltr'>αυτῷ</span> <span class='ocrx_word' id='word_1_913' title='bbox 1135 2447 1279 2484; x_wconf 50' lang='grc' dir='ltr'>ὁινθρώτεῳ.</span> <span class='ocrx_word' id='word_1_914' title='bbox 1297 2447 1385 2484; x_wconf 19' lang='lat' dir='ltr'><strong>Editir,</strong></span> <span class='ocrx_word' id='word_1_915' title='bbox 1404 2449 1485 2484; x_wconf 73' lang='grc' dir='ltr'>αὐτὸς</span> <span class='ocrx_word' id='word_1_916' title='bbox 1496 2450 1556 2483; x_wconf 77' lang='grc' dir='ltr'>ἐμοὶ</span> <span class='ocrx_word' id='word_1_917' title='bbox 1567 2449 1606 2484; x_wconf 84' lang='grc' dir='ltr'>τῷ</span> <span class='ocrx_word' id='word_1_918' title='bbox 1619 2448 1763 2484; x_wconf 78' lang='grc' dir='ltr'>ἀνθρώπῳ.</span> 
     </span>
    </p>
   </div>
   <div class='ocr_carea' id='block_1_116' title="bbox 1085 2482 1835 2520">
    <p class='ocr_par' dir='ltr' id='par_1_116' title="bbox 1085 2482 1835 2520">
     <span class='ocr_line' id='line_1_120' title="bbox 1085 2482 1835 2520; baseline 0.003 -12"><span class='ocrx_word' id='word_1_919' title='bbox 1085 2483 1123 2520; x_wconf 75' lang='lat'><strong>(5)</strong></span> <span class='ocrx_word' id='word_1_920' title='bbox 1145 2482 1208 2516; x_wconf 81' lang='lat' dir='ltr'><strong>Reg.</strong></span> <span class='ocrx_word' id='word_1_921' title='bbox 1219 2482 1384 2520; x_wconf 60' lang='lat' dir='ltr'><strong>_I*‘t:l_t&#39;kttr._5</strong></span> <span class='ocrx_word' id='word_1_922' title='bbox 1397 2488 1423 2520; x_wconf 72' lang='lat' dir='ltr'><strong>et</strong></span> <span class='ocrx_word' id='word_1_923' title='bbox 1441 2483 1521 2520; x_wconf 65' lang='lat' dir='ltr'><strong>liasil.</strong></span> <span class='ocrx_word' id='word_1_924' title='bbox 1533 2485 1570 2520; x_wconf 52' lang='grc' dir='ltr'>,γὸ</span> <span class='ocrx_word' id='word_1_925' title='bbox 1585 2482 1640 2520; x_wconf 77' lang='grc' dir='ltr'><strong>γὰρ</strong></span> <span class='ocrx_word' id='word_1_926' title='bbox 1659 2482 1754 2518; x_wconf 70' lang='grc' dir='ltr'>Λὸγοέ.</span> <span class='ocrx_word' id='word_1_927' title='bbox 1773 2482 1835 2510; x_wconf 75' lang='lat' dir='ltr'><strong>Mox</strong></span> 
     </span>
    </p>
   </div>
   <div class='ocr_carea' id='block_1_117' title="bbox 1049 2515 1676 2555">
    <p class='ocr_par' dir='ltr' id='par_1_117' title="bbox 1049 2515 1676 2555">
     <span class='ocr_line' id='line_1_121' title="bbox 1049 2515 1676 2555; baseline 0 -11"><span class='ocrx_word' id='word_1_928' title='bbox 1049 2515 1204 2555; x_wconf 49' lang='lat' dir='ltr'><strong>Galiler:_ét</strong></span> <span class='ocrx_word' id='word_1_929' title='bbox 1219 2516 1336 2555; x_wconf 78' lang='lat' dir='ltr'><strong>Fclcknt.</strong></span> <span class='ocrx_word' id='word_1_930' title='bbox 1356 2518 1440 2555; x_wconf 38' lang='lat' dir='ltr'><strong>IL&#39;t&#39;yu</strong></span> <span class='ocrx_word' id='word_1_931' title='bbox 1453 2518 1480 2555; x_wconf 53' lang='lat' dir='ltr'><strong>es</strong></span> <span class='ocrx_word' id='word_1_932' title='bbox 1494 2519 1571 2555; x_wconf 78' lang='grc' dir='ltr'>ὴμῶν</span> <span class='ocrx_word' id='word_1_933' title='bbox 1588 2515 1676 2555; x_wconf 71' lang='grc' dir='ltr'>χάριν.</span> 
     </span>
    </p>
   </div>
   <div class='ocr_carea' id='block_1_118' title="bbox 1085 2551 1835 2589">
    <p class='ocr_par' dir='ltr' id='par_1_118' title="bbox 1085 2551 1835 2589">
     <span class='ocr_line' id='line_1_122' title="bbox 1085 2551 1835 2589; baseline 0.003 -11"><span class='ocrx_word' id='word_1_934' title='bbox 1085 2552 1122 2587; x_wconf 71' lang='grc'>(4)</span> <span class='ocrx_word' id='word_1_935' title='bbox 1143 2551 1275 2589; x_wconf 72' lang='lat' dir='ltr'><strong>Sietnss.</strong></span> <span class='ocrx_word' id='word_1_936' title='bbox 1302 2553 1335 2579; x_wconf 84' lang='lat' dir='ltr'><strong>At</strong></span> <span class='ocrx_word' id='word_1_937' title='bbox 1353 2553 1436 2581; x_wconf 84' lang='lat' dir='ltr'><strong>editio</strong></span> <span class='ocrx_word' id='word_1_938' title='bbox 1451 2551 1604 2586; x_wconf 48' lang='lat' dir='ltr'><strong>Cont&#39;mclf,‘</strong></span> <span class='ocrx_word' id='word_1_939' title='bbox 1626 2551 1732 2589; x_wconf 67' lang='grc' dir='ltr'>ἄδηλον,</span> <span class='ocrx_word' id='word_1_940' title='bbox 1757 2561 1835 2580; x_wconf 81' lang='lat' dir='ltr'><strong>men-</strong></span> 
     </span>
    </p>
   </div>
   <div class='ocr_carea' id='block_1_119' title="bbox 1049 2587 1836 2623">
    <p class='ocr_par' dir='ltr' id='par_1_119' title="bbox 1049 2587 1836 2623">
     <span class='ocr_line' id='line_1_123' title="bbox 1049 2587 1836 2623; baseline 0.003 -10"><span class='ocrx_word' id='word_1_941' title='bbox 1049 2587 1125 2623; x_wconf 49' lang='lat' dir='ltr'><strong>(ipse:</strong></span> <span class='ocrx_word' id='word_1_942' title='bbox 1142 2587 1210 2614; x_wconf 88' lang='lat' dir='ltr'><strong>Ibid.</strong></span> <span class='ocrx_word' id='word_1_943' title='bbox 1234 2587 1358 2622; x_wconf 76' lang='lat' dir='ltr'><strong>Segucr.,</strong></span> <span class='ocrx_word' id='word_1_944' title='bbox 1375 2589 1415 2614; x_wconf 80' lang='grc' dir='ltr'><strong>ὅτι</strong></span> <span class='ocrx_word' id='word_1_945' title='bbox 1428 2590 1475 2614; x_wconf 75' lang='grc' dir='ltr'><strong>καὶ</strong></span> <span class='ocrx_word' id='word_1_946' title='bbox 1494 2590 1510 2623; x_wconf 86' lang='grc' dir='ltr'>ὴ</span> <span class='ocrx_word' id='word_1_947' title='bbox 1527 2590 1566 2620; x_wconf 83' lang='grc' dir='ltr'>είς</span> <span class='ocrx_word' id='word_1_948' title='bbox 1583 2587 1676 2615; x_wconf 65' lang='grc' dir='ltr'>αὐτόνζ</span> <span class='ocrx_word' id='word_1_949' title='bbox 1693 2588 1794 2623; x_wconf 71' lang='lat' dir='ltr'><strong>Regius</strong></span> <span class='ocrx_word' id='word_1_950' title='bbox 1809 2592 1836 2615; x_wconf 80' lang='lat' dir='ltr'><strong>ct</strong></span> 
     </span>
    </p>
   </div>
   <div class='ocr_carea' id='block_1_120' title="bbox 1050 2621 1836 2682">
    <p class='ocr_par' dir='ltr' id='par_1_120' title="bbox 1050 2621 1836 2682">
     <span class='ocr_line' id='line_1_124' title="bbox 1050 2621 1836 2682; baseline 0.001 -34"><span class='ocrx_word' id='word_1_951' title='bbox 1050 2621 1170 2682; x_wconf 46' lang='lat' dir='ltr'><strong>It‘ielcltmé.</strong></span> <span class='ocrx_word' id='word_1_952' title='bbox 1191 2623 1225 2654; x_wconf 81' lang='grc'>5,</span> <span class='ocrx_word' id='word_1_953' title='bbox 1245 2623 1282 2654; x_wconf 79' lang='grc' dir='ltr'><strong>ὡς</strong></span> <span class='ocrx_word' id='word_1_954' title='bbox 1296 2623 1343 2649; x_wconf 69' lang='grc' dir='ltr'><strong>καὶ</strong></span> <span class='ocrx_word' id='word_1_955' title='bbox 1359 2624 1399 2654; x_wconf 83' lang='grc' dir='ltr'><strong>εἰς</strong></span> <span class='ocrx_word' id='word_1_956' title='bbox 1410 2621 1569 2651; x_wconf 39' lang='lat' dir='ltr'><strong>autem-Alli</strong></span> <span class='ocrx_word' id='word_1_957' title='bbox 1585 2629 1612 2651; x_wconf 84' lang='lat' dir='ltr'><strong>et</strong></span> <span class='ocrx_word' id='word_1_958' title='bbox 1624 2625 1704 2656; x_wconf 86' lang='lat' dir='ltr'><strong>editi,</strong></span> <span class='ocrx_word' id='word_1_959' title='bbox 1729 2621 1766 2654; x_wconf 85' lang='grc' dir='ltr'><strong>ὡς</strong></span> <span class='ocrx_word' id='word_1_960' title='bbox 1788 2623 1836 2649; x_wconf 86' lang='grc' dir='ltr'>καὶ</span> 
     </span>
     <span class='ocr_line' id='line_1_125' title="bbox 1050 2665 1192 2682; baseline 0 0"><span class='ocrx_word' id='word_1_961' title='bbox 1050 2665 1062 2682; x_wconf 82' lang='grc' dir='ltr'>ε</span> <span class='ocrx_word' id='word_1_962' title='bbox 1077 2666 1089 2682; x_wconf 67' lang='grc' dir='ltr'>ξ</span> <span class='ocrx_word' id='word_1_963' title='bbox 1104 2666 1153 2682; x_wconf 80' lang='grc' dir='ltr'>αυτ</span> <span class='ocrx_word' id='word_1_964' title='bbox 1170 2666 1192 2682; x_wconf 84' lang='grc' dir='ltr'>ν.</span> 
     </span>
    </p>
   </div>
   <div class='ocr_carea' id='block_1_121' title="bbox 1049 2658 1192 2688">
    <p class='ocr_par' dir='ltr' id='par_1_121' title="bbox 1049 2658 1192 2688">
     <span class='ocr_line' id='line_1_126' title="bbox 1049 2658 1192 2688; baseline 0.014 -6"><span class='ocrx_word' id='word_1_965' title='bbox 1049 2658 1089 2688; x_wconf 80' lang='grc' dir='ltr'><strong>εἰς</strong></span> <span class='ocrx_word' id='word_1_966' title='bbox 1104 2658 1192 2684; x_wconf 83' lang='grc' dir='ltr'>αὐτόν.</span> 
     </span>
    </p>
   </div>
   <div class='ocr_carea' id='block_1_122' title="bbox 1087 2692 1834 2729">
    <p class='ocr_par' dir='ltr' id='par_1_122' title="bbox 1087 2692 1834 2729">
     <span class='ocr_line' id='line_1_127' title="bbox 1087 2692 1834 2729; baseline 0 -10"><span class='ocrx_word' id='word_1_967' title='bbox 1087 2693 1125 2727; x_wconf 80' lang='grc'>(5)</span> <span class='ocrx_word' id='word_1_968' title='bbox 1147 2692 1193 2719; x_wconf 86' lang='lat' dir='ltr'><strong>Sic</strong></span> <span class='ocrx_word' id='word_1_969' title='bbox 1207 2693 1331 2729; x_wconf 51' lang='lat' dir='ltr'><strong>Segucp.</strong></span> <span class='ocrx_word' id='word_1_970' title='bbox 1344 2698 1414 2721; x_wconf 83' lang='lat' dir='ltr'><strong>utet</strong></span> <span class='ocrx_word' id='word_1_971' title='bbox 1433 2693 1556 2721; x_wconf 82' lang='lat' dir='ltr'><strong>Nannius</strong></span> <span class='ocrx_word' id='word_1_972' title='bbox 1569 2694 1641 2729; x_wconf 72' lang='lat' dir='ltr'><strong>legit.</strong></span> <span class='ocrx_word' id='word_1_973' title='bbox 1659 2693 1710 2720; x_wconf 91' lang='lat' dir='ltr'><strong>Alii</strong></span> <span class='ocrx_word' id='word_1_974' title='bbox 1722 2697 1748 2720; x_wconf 89' lang='lat' dir='ltr'><strong>et</strong></span> <span class='ocrx_word' id='word_1_975' title='bbox 1768 2693 1834 2720; x_wconf 91' lang='lat' dir='ltr'><strong>editi</strong></span> 
     </span>
    </p>
   </div>
   <div class='ocr_carea' id='block_1_123' title="bbox 1051 2728 1385 2764">
    <p class='ocr_par' dir='ltr' id='par_1_123' title="bbox 1051 2728 1385 2764">
     <span class='ocr_line' id='line_1_128' title="bbox 1051 2728 1385 2764; baseline 0 -10"><span class='ocrx_word' id='word_1_976' title='bbox 1051 2728 1179 2764; x_wconf 68' lang='lat' dir='ltr'><strong>oruittupt</strong></span> <span class='ocrx_word' id='word_1_977' title='bbox 1197 2728 1228 2754; x_wconf 82' lang='grc' dir='ltr'>τὸ</span> <span class='ocrx_word' id='word_1_978' title='bbox 1243 2728 1385 2764; x_wconf 79' lang='grc' dir='ltr'>ἡμέτερον.</span> 
     </span>
    </p>
   </div>
   <div class='ocr_carea' id='block_1_124' title="bbox 1087 2762 1834 2798">
    <p class='ocr_par' dir='ltr' id='par_1_124' title="bbox 1087 2762 1834 2798">
     <span class='ocr_line' id='line_1_129' title="bbox 1087 2762 1834 2798; baseline 0.003 -9"><span class='ocrx_word' id='word_1_979' title='bbox 1087 2763 1125 2797; x_wconf 83' lang='grc'><strong>(6)</strong></span> <span class='ocrx_word' id='word_1_980' title='bbox 1147 2762 1192 2790; x_wconf 90' lang='lat' dir='ltr'><strong>Sic</strong></span> <span class='ocrx_word' id='word_1_981' title='bbox 1209 2762 1445 2798; x_wconf 34' lang='lat' dir='ltr'><strong>Segucr.’Gobler.</strong></span> <span class='ocrx_word' id='word_1_982' title='bbox 1469 2770 1496 2792; x_wconf 89' lang='lat' dir='ltr'><strong>et</strong></span> <span class='ocrx_word' id='word_1_983' title='bbox 1517 2764 1635 2792; x_wconf 79' lang='lat' dir='ltr'><strong>Felckm.</strong></span> <span class='ocrx_word' id='word_1_984' title='bbox 1659 2764 1683 2790; x_wconf 79' lang='grc'><strong>1.</strong></span> <span class='ocrx_word' id='word_1_985' title='bbox 1702 2764 1753 2790; x_wconf 90' lang='lat' dir='ltr'><strong>Alii</strong></span> <span class='ocrx_word' id='word_1_986' title='bbox 1768 2771 1834 2791; x_wconf 90' lang='lat' dir='ltr'><strong>vero</strong></span> 
     </span>
    </p>
   </div>
   <div class='ocr_carea' id='block_1_125' title="bbox 1050 2798 1832 2835">
    <p class='ocr_par' dir='ltr' id='par_1_125' title="bbox 1050 2798 1832 2835">
     <span class='ocr_line' id='line_1_130' title="bbox 1050 2798 1832 2835; baseline 0.003 -12"><span class='ocrx_word' id='word_1_987' title='bbox 1050 2802 1076 2835; x_wconf 79' lang='lat' dir='ltr'><strong>et</strong></span> <span class='ocrx_word' id='word_1_988' title='bbox 1092 2798 1182 2835; x_wconf 82' lang='lat' dir='ltr'><strong>editio</strong></span> <span class='ocrx_word' id='word_1_989' title='bbox 1191 2798 1337 2835; x_wconf 75' lang='lat' dir='ltr'><strong>Gotntnel.,</strong></span> <span class='ocrx_word' id='word_1_990' title='bbox 1359 2799 1451 2835; x_wconf 83' lang='grc' dir='ltr'>λεχθῇ.</span> <span class='ocrx_word' id='word_1_991' title='bbox 1475 2800 1560 2828; x_wconf 82' lang='lat' dir='ltr'><strong>Paulo</strong></span> <span class='ocrx_word' id='word_1_992' title='bbox 1581 2805 1640 2835; x_wconf 86' lang='lat' dir='ltr'><strong>post</strong></span> <span class='ocrx_word' id='word_1_993' title='bbox 1663 2799 1782 2827; x_wconf 81' lang='lat' dir='ltr'><strong>Felcknr.</strong></span> <span class='ocrx_word' id='word_1_994' title='bbox 1805 2799 1832 2832; x_wconf 82' lang='lat'><strong>5,</strong></span> 
     </span>
    </p>
   </div>
   <div class='ocr_carea' id='block_1_126' title="bbox 1049 2834 1247 2868">
    <p class='ocr_par' dir='ltr' id='par_1_126' title="bbox 1049 2834 1247 2868">
     <span class='ocr_line' id='line_1_131' title="bbox 1049 2834 1247 2868; baseline 0 -9"><span class='ocrx_word' id='word_1_995' title='bbox 1049 2834 1118 2859; x_wconf 85' lang='grc' dir='ltr'>οἰκεῖ</span> <span class='ocrx_word' id='word_1_996' title='bbox 1129 2834 1156 2860; x_wconf 82' lang='grc' dir='ltr'>ὲν</span> <span class='ocrx_word' id='word_1_997' title='bbox 1172 2834 1247 2868; x_wconf 75' lang='grc' dir='ltr'>ἡμῖν.</span> 
     </span>
    </p>
   </div>
  </div>
