1952 3040
260 85 310 114 159

538 86 569 115 S.
590 86 777 114 ATHANASII
796 87 871 114 OPP.
892 87 981 114 PARS
999 87 1020 114 l.
1040 103 1073 108 —
1093 88 1277 117 lllSTORlCA
1296 89 1340 116 ΕΤ
1361 89 1570 119 DOGMATICA.

1821 91 1872 119 MO

257 147 433 183 judicabatur
455 158 462 176 :
482 157 555 177 nunc
581 156 646 177 vero
670 149 788 177 Verbum
813 150 840 177 in
869 158 898 178 se
923 152 1029 186 suscepi

1093 152 1200 184 ἐδέξατο
1212 153 1242 179 τὸ
1255 155 1349 189 κρῖμα,
1365 154 1412 180 καὶ
1424 154 1463 188 τῷ
1477 153 1582 189 σώματι
1606 153 1699 181 παθὼν
1718 153 1786 189 ὑπὲρ
1807 153 1872 180 πάν-

258 194 403 228 judicium,
426 199 453 222 et
473 202 587 229 corpore
605 202 654 229 pro
671 196 800 223 omnibus
816 196 953 230 patiendo,
969 197 1042 224 salu-

259 243 313 267 tem
330 239 440 267 donavit
453 241 590 267 omnibus.
605 240 682 274 Quod
695 248 756 268 cum
772 242 940 276 exploratum
956 242 1041 269 habe-

258 290 300 313 ret
310 285 440 318 Joannes,
453 287 625 314 exclamabat
638 297 644 314 :
658 287 712 314 Lex
721 295 767 321 per
780 288 894 323 Moysen:
912 288 976 315 data
991 294 1039 321 eu,

258 332 346 366 gratia
368 337 393 359 et
413 332 508 359 veritas
536 341 581 367 per
596 333 686 360 Iesum
704 334 839 362 Christum
862 335 936 369 facta
956 340 993 362 est
1008 335 1038 362 η.

257 378 435 405 Ρηθειιιιιιίοιι
450 383 540 406 autem
561 383 602 406 est
621 379 707 414 gratia
730 387 812 415 quam
829 380 882 414 lex,
899 385 926 408 et
939 381 1040 409 veritas

257 432 340 460 quam
357 424 464 452 umbra.

1091 208 1154 231 των,
1168 200 1304 235 σωτηρίαν
1319 202 1374 232 τοῖς
1391 202 1472 227 πᾶσιν
1495 201 1649 237 ἐχαρίσατο.
1669 201 1754 228 Τοῦτο
1769 201 1797 227 δὲ
1813 201 1872 235 βλέ-

1091 255 1149 272 πων
1158 246 1211 281 (67)
1221 246 1355 282 κέκραγεν
1371 247 1495 283 Ἰωάννης
1506 255 1512 262 ·
1529 248 1556 273 '0
1574 248 1664 281 νόμος
1677 247 1726 274 διὰ
1744 247 1871 280 Μωσέως

1090 291 1187 324 ἐδόθη,
1211 291 1229 325 ἡ
1254 291 1340 326 χάρις
1358 291 1406 318 καὶ
1432 292 1451 325 ὴ
1469 291 1594 324 ἀλήθεια
1612 290 1659 317 διὰ
1682 291 1778 325 Ἰησοῦ
1802 292 1868 324 Χρι-

1089 337 1164 365 στοῦ
1177 337 1303 372 ἐγένετο.
1323 338 1460 373 Κρείττων
1476 337 1503 364 δὲ
1519 338 1535 372 ἡ
1552 338 1631 372 χάρις
1648 337 1664 372 ἢ
1679 338 1693 364 6
1712 337 1803 372 νόμος,
1824 335 1870 363 καὶ

1089 385 1106 419 ὴ
1117 383 1230 420 ἀλήθεια
1245 384 1318 419 παρὰ
1329 383 1377 420 τὴν
1393 384 1481 411 σκιάν.

292 471 337 499 61.
352 471 409 499 Hoc
424 479 487 507 ergo
502 472 573 508 quod
588 473 781 507 praestantioris
796 474 926 502 vocabulo
946 474 1033 509 expri-

1086 487 1091 492 -
1125 474 1169 502 61.
1185 474 1221 501 Τὺ
1233 471 1290 505 οὖν,
1308 475 1448 508 κρείττων
1465 473 1529 509 (68),
1558 473 1652 509 ὥσπερ
1676 474 1793 510 εἴρηται,
1821 474 1870 510 οὐχ

257 517 351 550 mitur,
368 517 595 552 quemadmodum
615 518 717 546 dictum
736 523 794 552 est,
810 527 857 554 per
874 519 956 546 alium
979 519 1038 547 fieri

257 571 312 591 non
328 568 450 600 poterat,
469 564 522 591 nisi
539 572 586 599 per
599 563 696 592 Filium
711 565 758 600 qui
778 565 811 593 ad
828 566 967 593 dexteram
984 565 1034 593 Pa-

256 611 306 638 tris
325 611 408 638 sedet.
421 610 491 643 Quid
502 615 592 638 autem
612 611 683 638 istud
699 611 851 646 signiﬁcat;
874 612 926 639 nisi
943 619 1037 639 verum

256 657 332 684 illum
350 663 409 684 esse
427 655 542 689 Filium,
557 657 734 691 eamdemque
753 656 841 685 Patris
854 661 880 684 et
904 656 964 684 Filii
977 665 1037 685 esse

191 699 200 704 ’
255 702 444 730 divinitatem?
459 701 527 735 Quia
539 703 611 730 enim
627 703 720 730 eodem
735 702 822 731 Patris
839 711 922 739 regno
934 704 1037 738 potitur

254 749 341 777 Filius
352 770 358 782 ,
375 750 401 777 iu
419 750 513 777 eodem
529 749 655 777 similiter
666 749 766 776 throno
777 757 832 784 quo
845 749 925 776 Pater
939 749 1015 778 sedet
1027 759 1035 784 ;

256 804 371 832 cumque
383 797 440 830 ipse
453 795 541 823 Patris
562 795 701 823 divinitate
717 795 855 830 videatur,
881 796 945 824 hinc
969 804 1036 824 sane

1089 518 1143 548 οἷόν
1157 529 1185 547 τε
1200 518 1234 556 ἦν
1244 521 1276 547 δι’
1294 520 1385 556 ἑτέρου
1399 520 1470 552 τινὸς
1489 520 1612 554 γενέσθαι
1635 520 1651 555 ἢ
1679 520 1722 547 διὰ
1734 520 1781 547 τοῦ
1794 520 1869 552 Υὶοῦ,

1086 565 1134 592 τοῦ
1148 565 1300 600 καθημένου
1320 566 1349 592 ὲν
1363 564 1437 600 δεξιᾷ
1447 565 1493 592 τοῦ
1508 565 1622 600 Πατρός.
1645 565 1677 592 Τί
1694 565 1722 592 δὲ
1732 565 1809 592 τοῦτο
1822 574 1869 601 ση-

1090 611 1189 646 μαίνει,
1205 611 1222 646 ἢ
1239 611 1268 637 τὺ
1281 611 1390 646 γνήσιον
1404 610 1451 637 τοῦ
1466 610 1542 643 Υἱοῦ,
1557 612 1604 637 καὶ
1619 610 1668 646 τὴν
1695 610 1807 646 θεότητα
1821 611 1869 638 τοῦ

1087 658 1194 693 Πατρδς
1210 657 1310 693 ταύτην
1325 656 1393 684 εἶναι
1412 657 1458 684 τοῦ
1470 657 1534 683 Υἰοῦ
1551 657 1624 693 (69);
1636 657 1691 693 Τήν
1703 666 1731 683 τε
1744 657 1797 693 γὰρ
1820 657 1868 684 τοῦ

1088 703 1193 740 Πατρὺς
1204 703 1338 739 βασιλείαν
1362 703 1509 738 βασιλεύων
1532 705 1546 730 6
1574 703 1647 735 Υἱὸς,
1663 703 1709 729 ἐπὶ
1729 703 1776 730 τὸν
1788 703 1870 730 αὑτὸν

1087 749 1180 786 θρόνον
1195 749 1233 785 τῷ
1247 749 1334 784 Πατρὶ
1346 749 1472 784 κάθηται,
1490 749 1536 776 καὶ
1545 750 1576 784 τῇ
1590 748 1635 775 τοῦ
1645 748 1750 784 Πατρὸς
1764 749 1869 784 θεότητι

1088 795 1283 831 Θεωρούμενος,
1299 795 1365 827 Θεός
1378 796 1453 822 ἐστιν
1467 796 1480 822 6
1494 795 1589 830 Λόγος,
1606 794 1653 821 καὶ
1668 796 1682 821 ό
1697 794 1800 830 βλέπων
1811 795 1869 831 (70)

255 827 334 870 Deus.
346 847 386 870 est
394 827 517 870 -Verbum
528 862 535 874 ,
549 845 576 869 et
595 842 642 876 qui
659 842 731 869 videt
745 827 861 874 Filium,
875 840 982 869 Patrem
995 842 1033 869 vi-

1086 843 1132 869 τὸν
1143 827 1212 869 ’Υιδλο
1239 842 1330 877 βλέπει
1352 842 1397 868 τὸν
1411 827 1543 877 Πατέρα(
1559 842 1605 868 καὶ
1627 827 1712 873 οὕτως
1737 839 1777 873 εἷς

255 889 315 922 det,
330 893 411 923 atque
427 887 479 915 hoc
489 892 569 922 pacto
584 895 656 915 unus
669 892 710 915 est
726 887 808 916 Deus.
827 888 920 923 Itaque
934 896 950 916 a
969 888 1036 915 dex-

255 933 305 960 tris
331 933 442 965 sedens,
467 932 608 960 sinistrum
635 941 689 960 non
719 933 808 961 reddit
835 933 944 961 Patrem
963 943 969 961 2
988 934 1035 962 sed

254 979 327 1014 quod
336 979 460 1006 dextrum
474 983 499 1006 et
513 979 675 1007 honorabile
687 983 729 1006 est
741 980 766 1006 in
783 978 873 1013 Patre,
889 980 942 1008 hoc
954 981 1035 1008 etiam

253 1025 336 1053 habet
346 1024 441 1056 Filius,
457 1024 503 1060 qui
519 1024 576 1060 ipse
596 1025 634 1052 ait
651 1034 657 1052 :
673 1025 769 1053 Omnia
785 1033 945 1061 qumunque
958 1026 1034 1054 habet

254 1071 337 1099 Pater
349 1093 356 1106 ,
378 1080 435 1099 mea
449 1076 509 1099 sunt
527 1071 559 1099 ".
571 1070 704 1104 Quocirca
725 1071 812 1099 Filius
831 1079 847 1100 a
870 1073 974 1100 dextris
983 1072 1035 1100 Pa-

252 1118 303 1146 tris
316 1118 429 1152 sedens,
445 1118 517 1145 videt
545 1118 603 1153 ipse
626 1118 750 1146 similiter
768 1118 875 1146 Patrem
894 1127 908 1146 a
932 1119 1035 1148 dextris

252 1164 533 1199 sedentem,quamvis
542 1170 570 1192 ut
580 1165 661 1192 homo
670 1164 756 1193 factus
765 1164 837 1193 dicat
847 1165 1036 1193 :Providebam

253 1210 395 1238 Dominum
407 1212 434 1238 in
448 1216 586 1247 conspectu
605 1220 660 1239 meo
682 1221 798 1247 semper,
817 1213 879 1248 quia
896 1221 912 1239 a
933 1212 1033 1240 dextris

252 1260 291 1282 est
306 1256 382 1288 mihi,
400 1264 431 1283 ne
454 1264 616 1284 commovear
633 1258 663 1285 ".
676 1257 739 1285 lnde
760 1258 832 1285 enim
849 1258 930 1285 etiam
945 1258 1034 1293 palam

253 1302 283 1328 fit
294 1305 320 1328 et
337 1300 434 1328 Filium
445 1302 471 1329 in
484 1301 563 1330 Patre
572 1307 598 1330 et
614 1302 721 1330 Patrem
737 1302 764 1330 in
773 1302 842 1330 Filio
853 1310 922 1331 esse.
933 1303 1035 1336 Quam-

252 1347 294 1375 vis
308 1347 379 1374 enim
396 1347 491 1375 dexter
505 1352 547 1376 est
561 1348 656 1382 Pater,
672 1357 687 1376 a
709 1349 811 1376 dextris
839 1353 928 1377 tamen
951 1350 1033 1377 etiam

252 1398 293 1420 est
304 1393 445 1427 Filius;et
465 1393 533 1421 Filio
549 1402 564 1422 a
590 1394 693 1422 dextris
717 1394 843 1429 sedente,
865 1395 892 1422 in
909 1395 978 1423 Filio
992 1399 1035 1424 est

252 1440 310 1475 ipse
326 1440 416 1468 Pater.
430 1440 462 1467 Et
476 1441 563 1477 angeli
573 1441 682 1476 quidem
696 1441 868 1469 ascendendo
881 1445 909 1469 et
921 1442 1034 1469 descen-

1086 890 1169 917 ἐστιν.
1199 890 1246 916 Ἐκ
1271 889 1366 922 δεξιῶν
1391 889 1455 924 γοῦν
1482 889 1645 924 καθήμενος,
1668 888 1809 924 ἀριστερὸν
1835 887 1868 914 οὐ

1086 934 1157 960 ποιεῖ
1170 933 1216 960 τὸν
1230 933 1350 967 Πατέρα·
1361 932 1418 959 ἀλλ’
1434 933 1501 968 ὅπερ
1515 933 1573 959 ἐστὶ
1594 932 1679 965 δεξιὸν
1709 933 1756 959 καὶ
1779 933 1869 967 τίμιον

1085 980 1114 1006 ἐν
1130 979 1168 1015 τῷ
1180 979 1277 1015 Πατρὶ,
1292 978 1370 1005 τοῦτο
1382 978 1450 1005 καὶὸ
1464 978 1527 1010 Υ-εὺς
1544 978 1610 1013 ἔχει,
1620 979 1667 1005 καὶ
1680 978 1761 1013 λέγει·
1769 978 1870 1005 Πάντα

1085 1026 1144 1053 ὅσα
1159 1025 1221 1060 ἕχει
1231 1027 1246 1052 ό
1256 1025 1367 1059 Πατὴρ,
1378 1024 1432 1060 ἐμά
1440 1025 1516 1052 ἐστι.
1524 1024 1573 1050 Διὰ
1584 1024 1662 1050 τοῦτο
1670 1024 1723 1060 γὰρ
1740 1025 1787 1051 καὶ
1802 1024 1870 1052 καθ-

1084 1072 1185 1107 ήμενος
1201 1072 1233 1098 ὲκ
1257 1071 1351 1103 δεξιῶν
1365 1071 1379 1097 6
1406 1070 1469 1102 Υἱὸς
1485 1071 1537 1106 ὁρᾷ
1558 1070 1603 1096 τὸν
1627 1069 1735 1104 Πατέρα
1756 1069 1802 1096 καὶ
1819 1069 1869 1096 αὑ-

1084 1118 1129 1149 τὸς
1142 1117 1196 1153 (71)
1210 1118 1242 1144 ἐκ
1255 1116 1359 1149 δεξιῶν,
1372 1115 1423 1142 κᾶν
1437 1116 1474 1147 ὡς
1486 1115 1626 1151 ἄνθρωπος
1640 1114 1782 1150 γενόμενος
1791 1115 1868 1150 λέγῃ-

1084 1162 1268 1198 Προωρώμην
1286 1162 1340 1189 τὸν
1363 1162 1472 1196 Κύριόν
1491 1170 1550 1196 μου
1577 1160 1705 1188 ἐνώπιόν
1733 1169 1792 1196 μου
1819 1160 1869 1188 διὰ

1084 1209 1197 1242 παντὸς
1209 1209 1276 1244 (72),
1291 1208 1336 1235 ὅτι
1346 1208 1379 1235 ὲκ
1396 1207 1503 1241 δεξιῶν
1515 1217 1574 1242 μου
1585 1207 1681 1240 ἐστὶν,
1694 1208 1744 1234 ἵνα
1755 1207 1797 1243 μὴ
1811 1215 1868 1234 σα-

1083 1254 1190 1282 λευθῶ.
1207 1254 1347 1281 Δείκνυται
1376 1253 1431 1290 γὰρ
1454 1254 1533 1281 πάλιν
1564 1255 1611 1280 καὶ
1634 1254 1663 1280 ὲν
1689 1253 1785 1288 τούτῳ,
1803 1253 1868 1285 ὠςὸ

1084 1301 1148 1332 Υἱὸς
1163 1301 1193 1327 ὲν
1209 1300 1248 1335 τῷ
1264 1299 1352 1336 lla-cpi
1368 1299 1415 1326 καὶ
1429 1300 1443 1326 6
1456 1299 1549 1335 Πατὴρ
1565 1299 1620 1335 (75)
1640 1300 1669 1326 ὲν
1684 1299 1723 1334 τῷ
1739 1299 1806 1334 Υἱῷ.
1818 1301 1868 1326 Δε-

1081 1347 1140 1380 ξιοῦ
1155 1347 1209 1383 γὰρ
1232 1347 1308 1378 ὄντος
1331 1345 1378 1373 τοῦ
1407 1346 1523 1382 Πατρὺς,
1544 1347 1572 1373 ὲν
1597 1345 1635 1381 τῷ
1661 1345 1740 1381 δεξιῷ
1765 1346 1836 1372 ἐστιν
1852 1347 1868 1373 ὁ

1083 1393 1158 1425 Υἱός·
1175 1393 1222 1420 καὶ
1241 1393 1395 1429 καθημένου
1427 1392 1474 1419 τοῦ
1491 1392 1555 1419 Υἱοῦ
1581 1393 1612 1419 ὲκ
1628 1391 1731 1425 δεξιῶν,
1744 1393 1758 1418 6
1773 1392 1866 1427 Πατήρ

1083 1440 1157 1466 ἐστιν
1166 1440 1195 1466 ὲν
1204 1439 1244 1475 τῷ
1262 1439 1330 1474 Υἰῷ.
1357 1440 1412 1467 Καὶ
1434 1440 1459 1466 οε
1492 1439 1541 1475 μὲν
1569 1439 1679 1474 ἄγγελοι
1701 1439 1866 1466 διακονοῦσιν

252 1485 340 1513 dendo
351 1485 506 1512 ministrant
524 1485 576 1513 :de
591 1485 660 1513 Filio
673 1490 762 1513 autem
782 1486 858 1518 dicit,
876 1486 910 1513 Et
922 1488 1032 1514 adorent

1086 1487 1256 1523 ἀνερχόμενοι
1283 1487 1330 1513 καὶ
1356 1485 1560 1522 κατερχόμενον
1586 1485 1650 1521 περὶ
1681 1485 1709 1512 δὲ
1737 1485 1784 1512 τοῦ
1801 1485 1866 1512 Υῑοῦ

251 1539 310 1557 cum
323 1539 409 1557 omnes
425 1531 511 1566 angeli
523 1530 572 1558 Dei
586 1531 617 1558 ".
632 1531 745 1566 Insuper
758 1539 820 1559 cum
836 1532 924 1568 angeli
950 1532 1033 1560 mini-

251 1579 348 1607 strant,
358 1576 433 1602 aiunt
446 1585 452 1602 :
470 1575 571 1603 Missus
584 1584 643 1604 sum
661 1577 694 1604 ad
704 1581 731 1604 te
745 1586 751 1610 ;
766 1581 803 1610 et,
819 1576 950 1606 Dominus
963 1585 1032 1613 prae-

251 1621 331 1656 cepit.
345 1621 380 1647 At
389 1620 492 1653 Filius,
509 1621 572 1650 licet
597 1626 626 1649 ut
654 1622 736 1650 homo
758 1623 847 1656 dicat,
865 1630 894 1650 se
918 1623 1033 1651 missum

250 1674 313 1694 esse
327 1670 354 1693 et
370 1667 475 1694 venisse
502 1667 537 1694 ad
562 1675 630 1702 opus
653 1668 846 1702 perliciendum
867 1673 894 1696 et
918 1669 1034 1697 admini—

251 1712 390 1740 strandum
401 1732 409 1746 ,
427 1717 515 1740 tamen
530 1719 560 1740 ut
574 1712 693 1741 Verbum
708 1718 735 1742 et
753 1714 842 1750 imago
854 1715 892 1742 ait
913 1724 919 1742 :
933 1715 989 1750 Ego
1005 1715 1033 1742 in

251 1757 350 1790 Patre,
368 1762 392 1784 et
405 1757 485 1785 Pater
495 1758 521 1785 in
538 1767 577 1785 me
590 1763 628 1785 est
643 1758 682 1792 “3;
701 1763 739 1790 et,
752 1759 805 1791 Qui
820 1759 886 1785 vidit
900 1767 939 1786 me
951 1779 958 1793 ,
976 1758 1032 1786 Pa-

251 1807 316 1829 trem
349 1803 437 1835 vidit;
465 1808 510 1835 et,
539 1803 621 1831 Pater
644 1804 671 1830 in
698 1812 738 1831 me
767 1812 875 1831 manem
894 1805 948 1839 ipse
967 1805 1033 1839 facit

250 1857 329 1882 opera
339 1849 370 1877 ".
387 1849 454 1877 Nam
467 1857 527 1885 quae
541 1850 567 1877 in
584 1851 635 1878 ista
651 1850 775 1878 videntur
787 1850 918 1886 imagine,
933 1858 965 1878 ea
974 1850 1032 1885 ipsa

249 1900 314 1922 sunt
327 1894 412 1923 Patris
428 1903 519 1930 opera.
543 1895 605 1923 Ha'c
619 1896 701 1930 igitur
716 1896 783 1924 satis
800 1901 864 1924 sunt
877 1896 910 1923 ad
934 1897 1032 1923 verita-

251 1941 285 1968 tis
300 1941 392 1970 hostes
412 1942 513 1977 pudore
538 1941 703 1969 alliciendos.
725 1941 804 1974 Quod
830 1941 870 1974 si,
886 1942 950 1977 quia
962 1942 1031 1969 scri-

249 1992 324 2022 ptum
341 1994 398 2021 est,
413 1988 583 2023 prwstuntior
602 1988 688 2023 factus
699 2009 706 2021 ,
728 1989 822 2016 nolunt
835 1988 905 2015 hanc
924 1995 1030 2021 vocem,

252 2034 347 2066 factus,
360 2034 396 2062 ita
413 2035 525 2070 intelligi
539 2035 572 2063 de
583 2034 669 2068 Filio,
685 2040 715 2063 ut
729 2035 801 2062 idem
824 2035 901 2062 sitae
921 2034 943 2062 si
958 2035 1031 2062 dice-

248 2085 338 2112 retur,
370 2079 458 2107 factus
472 2085 530 2112 est,
550 2085 590 2112 et,
611 2084 668 2112 est;
690 2080 731 2107 vel
743 2080 816 2115 quod
836 2080 896 2114 ejus
913 2080 1031 2107 admini-

249 2128 347 2155 stratio
361 2127 533 2161 prastantior
549 2127 609 2154 aliis
623 2127 693 2155 facta
717 2127 813 2160 fuerit,
828 2127 866 2154 uti
881 2127 1000 2155 diximus
1020 2137 1027 2155 :

1085 1542 1151 1569 φησι
1171 1541 1178 1549 ·
1211 1533 1267 1560 Καὶ
1306 1532 1604 1567 προσκυνησάτωσαν
1639 1531 1719 1564 αὐτῷ
1757 1531 1867 1565 πάντες

1084 1579 1203 1614 ἄγγελοι
1228 1578 1311 1606 Θεοῦ·
1338 1580 1386 1606 καὶ
1422 1579 1466 1606 ὅτε
1494 1578 1543 1614 μὲν
1566 1578 1674 1613 ἄγγελοι
1704 1577 1864 1609 διακονοῦσι,

1083 1625 1205 1660 λέγουσιν
1236 1626 1275 1652 ὅτι
1292 1625 1359 1661 (74),
1380 1625 1546 1660 Ἀπεστάλην
1569 1624 1637 1659 πρὸς
1665 1624 1708 1650 σέ·
1722 1625 1778 1657 καὶ,
1808 1623 1866 1650 Κύ-

1085 1679 1141 1706 ριος
1157 1670 1316 1697 ἐνετείλατο’
1345 1671 1360 1696 ὁ
1383 1670 1412 1696 δὲ
1428 1670 1501 1702 Υἱὸς,
1533 1670 1584 1696 κᾶν
1600 1669 1665 1705 λέγῃ
1679 1669 1865 1705 ἀνθρωπίνως,

1083 1716 1134 1748 ὅτι,
1149 1715 1315 1751 Ἀπεστάλην
1329 1715 1395 1751 (75).
1407 1716 1454 1742 καὶ
1468 1715 1575 1752 ἔρχεται
1588 1715 1619 1742 τὸ
1633 1715 1712 1751 ἔργον
1726 1715 1867 1742 τελειῶσαι

1082 1763 1130 1789 καὶ
1139 1763 1306 1798 διακονῆσαι,
1325 1762 1398 1797 λέγει
1410 1763 1495 1798 ὅμως,
1506 1762 1543 1794 ὡς
1556 1762 1610 1798 (76)
1623 1762 1709 1796 Λόγος
1724 1763 1771 1789 καὶ
1785 1761 1867 1790 εἰκὼν

1083 1810 1222 1845 ὑπάρχωνι
1246 1810 1315 1845 Ἐγὼ
1344 1810 1379 1837 ἐν
1405 1810 1445 1843 τῷ
1471 1811 1573 1844 Πατρὶ,
1595 1810 1645 1838 καὶ
1670 1812 1687 1837 d
1715 1810 1814 1844 Πατὴρ
1831 1811 1868 1838 ὲν

1082 1856 1148 1890 ἐμοι
1162 1856 1237 1883 ἐστι’
1247 1856 1304 1889 καὶ,
1313 1856 1340 1882 '0
1354 1856 1488 1891 ἑωρακὼς
1497 1856 1549 1891 ἐμὲ
1560 1856 1671 1891 ἑώρακε
1678 1857 1731 1883 τὸν
1739 1857 1866 1891 Πατέραο

1082 1901 1139 1933 καὶ,
1161 1901 1192 1928 ⁸ο
1218 1901 1320 1936 Πατὴρ
1352 1901 1387 1928 ὲν
1412 1901 1477 1935 ἐμοὶ
1505 1901 1614 1936 μένων,
1644 1901 1734 1934 αὐτὸς
1747 1902 1782 1929 τὰ
1794 1902 1868 1936 ἔργα

1082 1946 1159 1973 ποιεῖ
1179 1946 1244 1982 (77)·
1263 1946 1281 1973 ἃ.
1307 1946 1362 1982 γὰρ
1375 1947 1403 1973 ἐν
1419 1947 1451 1982 τῇ
1475 1947 1558 1973 εικόνι
1584 1955 1626 1978 τις
1650 1946 1735 1982 ταύτῃ
1758 1946 1866 1983 θεωρεῖ,

1080 1992 1167 2019 ταῦτα
1179 1992 1224 2019 τοῦ
1241 1992 1347 2029 Πατρός
1368 1993 1442 2020 ἐστιν
1458 1993 1534 2028 ἔργα.
1560 1994 1637 2020 Ἐστι
1653 1993 1701 2028 μὲν
1714 1990 1760 2020 οὖν
1787 1993 1868 2020 ἱκανὰ

1080 2039 1166 2065 ταῦτα
1183 2038 1341 2074 δυσωπῆσαι
1358 2039 1420 2071 τοὺς
1446 2039 1613 2075 μαχομένους
1638 2039 1705 2074 πρὸς
1721 2038 1804 2075 αὐτὴν
1816 2039 1868 2075 τὴν

1080 2085 1217 2121 ἀλήθειαν·
1233 2086 1256 2112 ει
1270 2085 1292 2112 δ’
1307 2086 1348 2112 ὃτι
1358 2086 1521 2121 γέγραπται.
1536 2087 1694 2121 γενόμενος
1715 2086 1866 2120 κρείττων,

1081 2131 1120 2162 τὸ,
1136 2132 1304 2166 γενόμενος,
1316 2131 1346 2156 οὺ
1364 2131 1493 2162 θέλουσιν,
1512 2130 1549 2162 ὡς
1562 2131 1625 2166 περ)¹
1637 2130 1702 2157 Υἱοῦ
1718 2130 1773 2166 (78)
1788 2130 1868 2165 λεγό-

247 2171 295 2200 sed
310 2171 361 2200 hoc
374 2179 407 2200 ex
424 2170 555 2199 vocabulo
579 2173 743 2200 arbitrantur
766 2172 866 2200 factum
884 2172 937 2200 dici
964 2171 1029 2200 Ver-

1086 2185 1170 2212 μενον,
1189 2177 1245 2203 ῐσον
1256 2176 1380 2209 ἀκοῦσαι,
1392 2175 1567 2211 γεγενῆσθαι,
1581 2176 1636 2211 καὶ,
1653 2175 1763 2212 Eat-mil
1778 2175 1824 2202 διὰ
1833 2175 1867 2203 τὸ

283 2267 303 2282 ¹¹
318 2266 397 2294 Joan.
414 2274 434 2300 ι,
456 2266 499 2292 17.
538 2267 560 2282 ¹³
578 2266 656 2294 Joan.
679 2275 735 2298 3m,
756 2267 797 2294 15.
837 2267 859 2283 ’δ
877 2266 949 2294 Psal.
971 2275 1015 2301 xv,
1033 2269 1060 2295 ὅ.

281 2343 337 2379 (67)
359 2342 481 2379 Seguer.,
495 2343 572 2370 τοῦτο
585 2344 699 2378 βλέπων.

283 2378 338 2416 (68)
359 2378 414 2416 εἰς
428 2378 541 2416 Seguer.
564 2379 672 2407 Gobler.
689 2384 716 2407 et
737 2379 809 2408 Felc.
834 2379 860 2409 l.
882 2380 917 2408 At
935 2380 980 2408 alii
999 2384 1027 2409 et

244 2414 319 2447 editi,
343 2414 373 2440 τὸ
394 2414 431 2449 δὲ,
451 2414 592 2449 κρείττων.

281 2450 335 2486 (09)
357 2449 401 2476 Sic
417 2448 536 2486 Seguer.
553 2449 618 2486 Reg.
639 2449 723 2477 Basil.
737 2449 843 2486 Anglic.
863 2455 890 2478 et
909 2450 981 2479 Felc.
998 2451 1024 2478 5.

245 2484 350 2522 lnaliis
369 2490 475 2522 vero_et
495 2485 576 2522 editis
592 2484 690 2522 desunt
714 2486 771 2513 haec
780 2484 881 2522 :verba,
902 2486 948 2514 καὶ
977 2487 1026 2522 τὴν

245 2519 418 2555 θεότηταντοῦ
432 2519 538 2555 Πατρὸς
549 2520 650 2555 ταύτην
663 2519 731 2546 εἶναι
746 2520 793 2547 τοῦ
810 2521 885 2547 Υἱοῠ.

280 2554 335 2590 (70)
357 2554 474 2591 Seguer;
485 2554 594 2591 Goblgr.
609 2560 636 2583 et
651 2555 723 2583 Felc.
739 2555 764 2588 1,
779 2556 825 2582 καὶ
836 2556 953 2591 βλέπων.
966 2555 1027 2584 Mox

245 2587 370 2623 Segne-LL,
383 2587 431 2615 id).
447 2587 523 2622 οὗτος
540 2588 590 2622 εἷς.

279 2625 335 2659 (7i)
357 2624 402 2650 Sic
417 2623 529 2659 Seguer.
547 2626 581 2652 At
595 2625 642 2652 alii
660 2629 687 2652 et
702 2625 776 2658 editi,
793 2625 883 2652 αὐτόν.

278 2658 401 2696 (72)"Sie
417 2658 529 2696 seguer.
544 2660 616 2688 Editi
628 2667 701 2692 vero,
716 2660 889 2696 προωρώμην
903 2661 951 2687 τὸν
969 2662 1025 2687 Κύ-

244 2702 310 2729 ριον,
330 2695 376 2732 γὸτι
387 2694 605 2732 εκλδεξιῶνᾲμοο
618 2696 674 2722 ἐστὶ
694 2694 847 2732 omnes;
865 2694 955 2732 Paulo,
967 2701 1026 2730 post

243 2729 366 2763 Seguer.,
379 2729 416 2761 ὼς
426 2728 441 2754 6
453 2730 524 2761 Υἱός.
537 2728 608 2758 Editi
622 2735 649 2757 et
661 2732 717 2764 alii,
731 2733 768 2762 ὡς
783 2731 854 2762 Υἱός.
868 2731 929 2758 Mox
943 2728 1021 2759 com.

240 2771 266 2791 et
279 2764 390 2802 [qua],
405 2765 457 2802 καὶ
465 2765 485 2802 6V
496 2766 602 2802 llas-ﬁo;
616 2766 668 2793 Alii
681 2772 707 2793 et
717 2766 792 2797 editi,
807 2767 854 2792 καὶ
864 2767 967 2802 ῌατήρ.

278 2800 332 2831 (75)
353 2800 420 2836 Reg.
438 2799 516 2828 Gobl.
534 2799 655 2828 et"Felc.
676 2802 702 2835 1,
717 2802 730 2828 6
748 2801 850 2836 Πατήρ.
870 2801 899 2829 in
919 2799 979 2830 aliis
996 2806 1023 2830 et

1110 2268 1121 2284 ⁵
1135 2266 1217 2295 Hebr.
1233 2275 1254 2300 ι,
1269 2266 1296 2294 6.
1335 2267 1357 2283 ¹⁶
1374 2266 1453 2295 Joan.
1469 2275 1524 2300 xiv,
1540 2266 1584 2294 10.
1623 2267 1644 2282 ¹⁷
1661 2265 1728 2296 ibid.
1744 2266 1771 2300 9,
1791 2267 1837 2295 10.

1078 2346 1158 2374 editis
1172 2346 1187 2372 6
1199 2347 1282 2374 deest.

1128 2382 1171 2416 74)
1192 2381 1303 2416 Seguer.
1320 2381 1428 2409 Gobler.
1442 2385 1469 2408 et
1483 2380 1554 2409 Felc.
1570 2380 1583 2407 1
1598 2381 1727 2408 omittunt
1740 2380 1791 2407 ὅτι.

1128 2383 1160 2409 74
1192 2383 1303 2416 Seguer.
1320 2383 1428 2409 Gobler.
1442 2385 1469 2408 et
1483 2383 1554 2409 Felc.
1570 2383 1583 2407 1
1598 2383 1727 2408 omittunt
1740 2383 1791 2407 ὅτι.

1115 2383 1171 2462 ἃξῖ
1191 2416 1709 2462 92913;?.ffi?;‘s-§?9f’“’ffi‘t’fz
1734 2416 1866 2462 irainv-

1080 2450 1176 2484 BaSil.',
1196 2451 1345 2486 ἀπεστάλη.
1363 2450 1463 2478 Ibidem
1480 2450 1591 2486 Seguer.
1606 2451 1717 2478 Gohler.
1739 2455 1768 2478 et
1787 2450 1866 2482 Felc.

1081 2487 1108 2520 ίν
1118 2487 1169 2531 rei
1184 2487 1305 2531 εειετοειί
1318 2486 1495 2531 Ψάὲιὶηςεειίὶν
1508 2486 1691 2531 view:

1115 2522 1172 2558 (76)
1197 2521 1240 2553 Ὠς
1259 2523 1335 2558 abest
1353 2529 1368 2548 a
1385 2521 1496 2558 Seguer.
1514 2521 1662 2558 Gobleriet
1673 2521 1745 2558 Felc.
1759 2521 1865 2558 1.7310:

1080 2556 1172 2593 iidem,
1187 2558 1216 2593 ἐν
1235 2557 1295 2593 ἐμοὶ
1308 2558 1376 2584 ἐστι.
1393 2556 1421 2593 in
1442 2557 1503 2585 aliis
1512 2561 1539 2584 et
1553 2557 1634 2593 editis
1648 2557 1724 2593 deest
1737 2557 1806 2585 ἐστι.

1116 2592 1172 2628 (77)
1194 2592 1239 2620 Sic
1253 2591 1371 2626 ‘Seguer.
1389 2591 1497 2619 Gobler.
1514 2597 1540 2619 et
1554 2591 1626 2628 Felc.
1651 2592 1676 2619 1.
1699 2592 1799 2628 Caneri
1811 2600 1867 2620 au—

1079 2631 1134 2655 tem
1154 2627 1180 2655 et
1203 2628 1279 2660 editi,
1296 2628 1310 2654 6
1329 2628 1357 2653 ὲν
1377 2627 1439 2661 ἐμοὶ
1457 2628 1543 2662 μένων
1558 2627 1591 2654 τὰ
1612 2627 1680 2662 ἔργα
1697 2629 1776 2654 ποιεῖ.
1791 2627 1865 2656 Ibid.

1079 2662 1206 2699 sequor"
1223 2663 1255 2688 ’Ἀ
1269 2662 1322 2699 γᾴρ
1340 2663 1368 2688 ὲν
1382 2664 1415 2698 τῇ
1431 2663 1514 2689 εἰκόνι
1536 2671 1578 2694 τις
1594 2663 1691 2699 ταύτῃ.
1706 2662 1735 2689 in
1756 2663 1820 2690 aliis
1835 2668 1867 2691 et.

1077 2698 1156 2725 editis
1168 2698 1243 2733 deest
1257 2697 1352 2733 ταύτῃ.

1125 2732 1169 2768 78)
1189 2732 1315 2768 Seguer.,
1328 2731 1399 2768 ῖπερὶ
1415 2732 1511 2768 Ἰησοῦ.
1533 2732 1594 2760 Mox
1610 2732 1723 2768 Seguer.
1747 2731 1867 2768 Grobler.

1111 2741 1169 2794 qia)
1190 2741 1315 2768 aeguer.,
1334 2741 1399 2794 πὲρι
1418 2741 1511 2768 ἰησου.
1533 2741 1594 2760 mox
1610 2741 1723 2768 aeguer.
1747 2741 1867 2760 uomet.

1074 2771 1101 2794 et
1138 2768 1187 2796 elc.
1206 2769 1233 2799 1,
1249 2768 1349 2803 γεγενῆ
1385 2777 1413 2794 αι
1435 2768 1480 2794 τὸν
1497 2769 1649 2803 κρείττονα.
1667 2767 1741 2794 Felc.
1757 2767 1774 2794 5
1794 2772 1867 2796 Item

1073 2803 1246 2839 γεγενῆσθαι.
1262 2804 1316 2831 Alii
1333 2802 1360 2832 et
1376 2804 1452 2836 editi,
1470 2802 1594 2838 γενέσθαι
1610 2802 1656 2830 τὸν
1679 2803 1805 2838 κρείττω.
