1952 3040
109 144 164 172 HS

667 139 798 169 ORATIO
818 139 840 168 ιι
859 139 999 168 CONTRA.
1016 138 1178 167 ARIANOS.

1689 135 1740 163 Ηϐ

109 203 151 235 ὡς
162 204 178 229 ὁ
200 200 260 228 ’1ὼὸ
273 201 328 233 τοῖς
343 200 465 228 αἰτοῦσιν
481 200 571 228 αὐτόν.
591 200 696 236 Ὥσπερ
723 197 769 227 οὖν
790 200 898 231 ἕκαστος

955 197 1102 226 admodum
1131 198 1215 233 igitur
1240 196 1263 225 si
1290 197 1408 232 singuli,
1429 196 1475 232 qui
1498 196 1532 223 ab
1551 196 1612 223 aliis
1627 202 1740 230 accepe-

111 248 170 275 τῶν
183 245 213 274 εὖ
226 247 362 274 παθόντων
375 247 399 273 εί
410 247 494 281 λέγοι,
509 246 537 273 '0
545 246 618 273 δεῖνά
631 255 675 282 μοι
686 246 780 280 γέγονε
795 246 900 281 βοηθός·

116 293 165 319 καὶ
174 292 250 324 ἄλλος
265 294 289 318 εἰ
305 291 390 327 λέγοι,
411 293 504 327 Κὰμοὶ
523 292 678 327 καταφυγὴ,
695 292 742 319 καὶ
760 292 902 327 τούτῳχω

115 335 200 370 ρηγός
211 334 256 371 (6)·
270 335 395 369 λέγοντες
410 334 438 361 δὲ
452 335 548 366 ταῦτα,
565 335 595 361 οὐ
624 334 673 370 τὴν
688 335 775 370 ἀρχὴν
791 335 839 370 τῆς
856 343 902 368 γε-

113 380 223 413 νέσεως,
238 380 298 407 οὐδὲ
309 381 359 416 τὴν
376 381 468 407 οὐσίαν
487 380 541 407 τῶν
566 379 595 407 εὖ
614 382 784 416 ποιησάντων
804 381 903 417 σημαί-

111 435 213 460 νουσιν,
231 427 300 454 me:
309 427 359 463 τὴν
371 427 410 459 εἰς
427 427 525 459 αὐτοὺς
537 427 681 463 γινομένην
695 427 732 463 (7)
751 427 815 463 παρ’
832 428 901 454 ὲκεί-

110 481 166 500 νων
181 473 352 508 εὐεργεσίαν·
364 472 448 504 οὕτως
459 473 522 499 ὅταν
532 472 630 507 λέγωσι
650 472 712 508 περὶ
728 472 775 499 τοῦ
788 471 855 498 Θεοῦ
876 472 901 498 οί

110 519 183 553 ἅγιοι
198 518 239 551 τὸ,
260 518 390 553 ἐγένετο,
401 520 447 545 καί
459 519 498 552 τὺ,
510 518 610 554 γενοῦ,
619 519 668 546 οὐκ
680 519 767 554 ἀρχήν
779 527 840 545 τινα
854 527 901 552 γε-

109 565 212 596 νέσεως
230 565 417 600 σημαίνουσιν·
436 565 553 601 ἄναρχος
571 565 625 601 γὰρ
642 566 688 592 καὶ
701 566 731 592 οὺ
746 566 861 601 γενητὸς
887 566 901 592 ὁ

106 609 188 641 Θεός·
202 609 270 637 ἀλλὰ
285 610 335 646 τὴν
363 611 402 642 εἰς
418 610 577 647 ἀνθρώπους
595 612 658 646 παρ’
684 611 765 638 αὑτοῦ
786 611 901 648 γενομέ-

108 666 159 693 νην
172 656 211 693 (8)
228 657 372 693 σωτηρίαν.

149 703 194 730 64.
208 702 307 729 Τούτου
320 702 348 729 δὲ
361 702 446 734 οὕτως
463 703 618 738 νοουμένου,
644 702 788 730 ἀκόλουθον
808 702 841 730 ἂν
858 702 900 739 είη

110 747 160 774 καὶ
174 747 220 774 ἐπὶ
233 747 280 775 τοῦ
292 747 368 780 Υἰοῦ,
381 748 431 774 ὅσα
445 747 466 774 δ’
494 747 528 775 ἂν
543 749 591 774 καὶ
611 748 706 780 ὁσάκις
730 748 763 775 ἂν
778 748 899 785 λέγηται,

109 794 240 830 ἐγένετο,
265 795 322 827 καὶ,
348 794 447 830 γενοῦ,
472 794 522 829 τὴν
543 794 628 830 αὐτὴν
647 794 766 822 διάνοιαν
793 795 898 827 σώζειν·

108 841 181 868 ὥστε
204 841 252 868 καὶ
276 841 307 868 τὸ
335 841 480 877 λεγόμενον
507 841 556 876 (9),
582 841 742 876 γενόμενος
759 842 900 876 κρείττων

955 245 1009 272 rint
1026 244 1152 272 beneﬁcia
1166 264 1173 276 ,
1201 243 1340 271 dixerim:
1361 242 1408 269 Ille
1430 242 1494 269 mibi
1518 241 1605 269 l‘aclus
1632 245 1674 268 est
1696 239 1741 268 ad-

953 290 1027 325 jutor
1043 299 1048 317 :
1064 290 1122 322 vel,
1149 289 1214 316 Mihi
1240 290 1284 316 ille
1301 288 1455 323 refugium,
1480 292 1508 315 et
1534 287 1578 315 isti
1601 286 1740 314 beneﬁcus

955 335 1044 363 factus
1056 340 1098 363 est
1113 335 1291 367 distributor,
1304 341 1359 361 non
1374 334 1480 361 initium
1494 337 1569 360 ortus
1588 340 1675 367 neque
1691 339 1740 359 na-

955 385 1044 408 turam
1057 389 1150 408 corum
1161 401 1169 414 ,
1188 380 1236 416 qui
1252 381 1319 407 bene
1336 380 1368 407 de
1384 388 1412 407 sc
1432 383 1616 411 mererentur,
1633 377 1739 413 signiﬁ—

955 431 1058 460 carent,
1066 427 1112 455 sed
1126 432 1266 462 acceptum
1276 425 1447 453 solummodo
1459 426 1493 452 ab
1507 425 1547 452 eis
1555 424 1714 452 beneﬁcium
1730 433 1737 451 :

955 466 1079 501 similiter
1095 481 1158 501 cum
1175 472 1263 500 sancti
1278 472 1311 499 de
1328 472 1382 499 Deo
1399 472 1508 505 dicunt,
1523 471 1609 506 {actus
1623 475 1660 497 est
1674 490 1681 502 ,
1700 474 1738 504 et,

954 520 1022 555 ῥυ,
1039 519 1143 547 nullum
1160 523 1237 546 ortus
1263 517 1369 544 initium
1386 517 1527 544 indicant:
1546 524 1609 544 nam
1627 523 1678 544 nec
1692 515 1740 543 ini-

954 564 1022 592 tium
1036 563 1108 591 Deus
1123 563 1204 591 habet
1220 563 1323 595 ullum,
1337 570 1388 590 nec
1401 561 1489 589 factus
1502 561 1559 596 ipse
1566 565 1628 588 est:
1645 568 1739 587 rerum

954 610 998 638 his
1011 610 1102 638 verbis
1116 609 1286 646 signiﬁcatur
1299 609 1374 637 salus
1388 616 1470 644 quam
1493 607 1650 635 hominibus
1668 614 1740 635 com-

954 656 1069 692 paravit.

991 702 1035 730 64.
1054 702 1159 736 Quibus
1171 702 1208 730 ita
1224 701 1370 730 intellectis
1386 701 1503 729 efficitur
1516 705 1546 729 ut
1561 701 1738 735 quotiescun-

953 756 1006 785 que
1021 748 1054 777 de
1071 748 1140 776 Filio
1155 748 1267 782 dicitur,
1281 747 1368 783 factus
1381 752 1430 780 εει,
1443 751 1481 778 et,
1499 747 1560 782 ﬁas,
1581 746 1675 774 eodem
1692 754 1740 773 ex-

953 795 1068 830 plicetur
1080 794 1179 827 modo,
1192 794 1230 822 ita
1244 798 1290 827 ut,
1304 801 1365 826 cum
1386 794 1436 821 ista
1458 793 1590 824 audiunt,
1613 796 1741 827 prwstan-

954 842 1006 870 tior
1020 841 1106 877 factus
1119 841 1218 877 angelis
1230 860 1237 873 ,
1248 845 1285 873 et,
1300 840 1386 875 factus
1404 845 1442 867 est
1454 860 1461 874 ,
1482 847 1537 866 non
1566 838 1676 874 aliquod
1695 845 1740 865 na-

107 886 170 914 τῶν
192 887 339 922 ἀγγέλων,
363 888 420 920 καὶ,
436 887 565 922 ἐγένετο,
581 887 739 920 ἀκούοντας,
758 888 795 924 μὴ
815 889 898 924 ἀρχήν

956 888 1051 917 scendi
1063 887 1228 923 principium
1240 886 1322 915 Verbi
1335 886 1461 922 efﬁngant
1474 906 1481 919 ,
1502 889 1549 912 aut
1562 892 1626 912 eum
1640 883 1740 911 factum

106 942 170 960 τινα
188 933 235 960 τοῦ
251 933 373 968 γίνεσθαι
386 933 441 969 (10)
457 934 573 960 ἐπινοεῖν
584 933 631 960 τοῦ
646 934 742 968 Λόγου,
756 934 822 970 μηδὲ
834 934 902 967 ὅλως

106 981 142 1007 ἐκ
157 980 260 1008 τούτων
271 980 384 1016 γενητὸν
400 979 481 1007 αὐτὸν
510 980 703 1015 φαντάζεσθαι·
721 981 778 1007 ἀλλ’
792 981 838 1007 ἐπὶ
851 981 902 1016 τῆς

105 1026 245 1058 διακονίας
257 1027 305 1054 καὶ
323 1026 487 1065 οἰκονομίας,
497 1026 542 1053 ὅτε
553 1026 663 1061 γέγονεν
677 1026 819 1062 ἄνθρωπος
832 1027 901 1063 (Η),

105 1073 179 1099 νοεῖν
189 1072 220 1098 τὸ
232 1072 378 1108 λεγόμενον
395 1072 470 1108 παρὰ
488 1073 536 1099 τοῦ
552 1073 669 1100 Παύλου.
681 1073 746 1100 Ὅτε
760 1073 814 1109 γὰρ
828 1073 843 1100 ὁ
854 1073 903 1100 Λό-

105 1127 155 1151 γος
167 1118 236 1154 σὰρξ
249 1118 370 1153 ἐγένετο,
392 1118 439 1145 καὶ
452 1118 608 1154 ἐσκήνωσεν
631 1119 661 1145 ὲν
685 1119 762 1154 ἡμῖν,
779 1116 846 1154 ἦλθέ
870 1128 900 1146 τε

105 1164 150 1190 ἴνα
160 1163 310 1200 διακονήοῃ
336 1164 382 1191 καὶ
407 1166 474 1191 πᾶσι
503 1164 638 1201 σωτηρίαν
663 1165 819 1200 χαρίσηται·
840 1164 900 1191 τότε

105 1210 173 1245 ἡμῖν
185 1210 296 1244 ἐγένετο
309 1210 440 1246 σωτηρία,
457 1210 505 1236 καὶ
521 1210 628 1244 ἐγένετο
640 1210 709 1246 ζωὴ,
733 1210 781 1236 καὶ
793 1210 901 1244 ἐγένετο

106 1254 231 1290 ἱλασμός·
245 1255 334 1291 τότεὴ
348 1255 417 1291 ὑπὲρ
434 1256 512 1291 ἡμῶν
534 1255 616 1283 αὑτοῦ
643 1256 783 1291 οἰκονομία
809 1256 901 1291 κρείτ-

105 1307 159 1326 των
174 1299 270 1334 γέγονε
281 1300 336 1327 τῶν
355 1300 478 1334 ἀγγέλων
490 1301 559 1337 (ιε),
576 1301 621 1327 καὶ
642 1301 750 1336 ἐγένετο
769 1301 838 1334 ὁδὸς,
853 1302 900 1329 καὶ

105 1345 216 1380 ἐγένετο
232 1346 390 1379 ἀνάστασις.
405 1348 460 1374 Καὶ
472 1347 566 1384 ὥσπερ
589 1348 630 1380 τὸ,
660 1347 758 1375 Feror?
779 1357 831 1383 μοι
858 1349 900 1382 εις

107 1391 183 1419 Θεὸν
195 1393 440 1427 ὐπερασπιστὴν,
458 1394 508 1421 οὐκ
528 1394 622 1426 οὐσίας
644 1394 751 1428 γένεσιν
773 1395 900 1430 σημαίνει

106 1437 190 1465 αὑτοῦ
202 1437 250 1465 τοῦ
269 1438 347 1471 Θεοῦ,
367 1439 434 1465 ἀλλά
448 1439 498 1476 τὴν
512 1439 726 1476 φιλανθρωπίαν,
749 1440 844 1477 ὥσπερ
865 1441 901 1468 εί-

106 1492 197 1520 ρηται·
210 1483 296 1516 οὕτως
308 1485 355 1511 καὶ
368 1484 415 1512 νῦν
436 1485 477 1517 τὸ,
498 1487 660 1521 γενόμενος
678 1487 818 1520 κρείττων
841 1486 900 1514 τῶν

104 1530 242 1585 ἀτγέλαης
255 1531 336 1585 (Ιζ’.ν),.ν
344 1531 402 1564 καὶ,
424 1531 553 1567 ἐγένετο,
571 1533 629 1565 καὶ,
657 1534 792 1567 τοσούτῳ
805 1534 899 1568 κρείτ·
912 1553 935 1585 c

104 1585 164 1604 των
183 1571 309 1612 γέγονεν
319 1577 427 1613 ἔγγυος
454 1579 470 1605 ὁ
493 1578 618 1612 Ἰησοῦς,
638 1579 667 1606 οὐ
680 1579 730 1614 τὴν
743 1579 836 1607 οὐσίαν
849 1579 896 1607 τοῦ

105 1621 193 1657 Λόγου
206 1622 325 1659 γενητὴν
344 1623 482 1659 σημαίνει,
496 1625 533 1660 μὴ
549 1624 668 1659 γένοιτοῐ
681 1625 748 1652 ἀλλὰ
761 1625 811 1662 τὴν
827 1634 899 1661 γενο-

105 1667 192 1703 μένην
208 1668 241 1694 ὲκ
255 1668 305 1704 τῆς
327 1668 561 1705 ἐνανθρωπήσεως
574 1670 656 1698 αὑτοῦ
673 1671 713 1702 εἰς
736 1671 809 1706 ἡμᾶς
821 1671 899 1707 εὐερ-

103 1713 208 1746 γεσίαν·
223 1713 274 1741 κᾶν
285 1714 429 1750 ἀχάριστοι
445 1716 616 1750 τυγχάνωσιν
634 1717 659 1742 οἱ
688 1717 833 1752 αἱρετικοὶ,
851 1717 898 1744 καὶ

104 1757 251 1792 φιλόνεικοι
268 1759 338 1796 πρὸς
353 1760 479 1787 ἀσέϐειαν
490 1760 557 1796 (ιι).

952 942 1014 964 esse
1025 934 1089 962 inde
1101 934 1247 970 opinentur
1260 943 1267 961 :
1279 933 1326 962 sed
1343 933 1408 960 illud
1432 931 1510 959 Pauli
1526 931 1628 960 dictum
1649 930 1683 958 de
1695 931 1741 958 ad-

951 980 1154 1015 ministratione
1176 985 1203 1008 et
1221 979 1441 1015 dispensatione,
1466 985 1533 1016 curn
1553 977 1635 1004 homo
1651 975 1740 1004 factus

952 1031 1007 1061 est,
1022 1026 1183 1062 intelligant.
1209 1027 1278 1054 Cum
1307 1026 1379 1054 enim
1405 1024 1524 1052 Verbum
1543 1031 1607 1052 caro
1636 1022 1738 1050 factum

951 1078 1033 1104 estet
1048 1072 1180 1105 habitavit
1192 1063 1313 1110 ininobis
1327 1071 1361 1104 ’⁸,
1376 1064 1407 1098 ac
1422 1070 1497 1098 venit
1517 1073 1548 1097 ut
1560 1069 1738 1100 ministraret,

951 1119 1134 1155 omnibusque
1148 1118 1298 1154 impertiret
1324 1117 1461 1146 salutem:
1478 1121 1544 1144 tunc
1566 1115 1636 1143 idem
1658 1114 1740 1142 nobis

952 1165 1053 1193 factum
1067 1169 1109 1193 est
1122 1165 1215 1197 salus,
1231 1163 1332 1192 factum
1343 1168 1385 1192 est
1402 1163 1472 1205 vita,
1498 1162 1600 1189 factum
1622 1165 1664 1189 est
1687 1168 1736 1188 ex-

951 1211 1035 1246 piatio
1051 1219 1057 1238 :
1072 1215 1137 1238 tunc
1152 1210 1212 1245 ejus
1226 1217 1276 1245 pro
1288 1209 1368 1237 nobis
1389 1207 1590 1236 administratio
1600 1226 1608 1239 ,
1627 1205 1739 1242 angelo-

950 1265 1012 1285 rum
1030 1257 1269 1285 administratione
1290 1255 1463 1292 prazstantior
1488 1259 1530 1282 est
1554 1254 1625 1281 facta
1641 1262 1647 1280 :
1663 1253 1741 1280 deni-

950 1311 1004 1338 que
1020 1303 1108 1338 ipsum
1124 1303 1188 1330 item
1206 1302 1307 1329 factum
1328 1305 1372 1329 est
1394 1301 1437 1328 via
1451 1305 1478 1328 et
1498 1299 1671 1327 resurrectio.
1691 1298 1740 1326 At-

951 1356 1005 1384 que
1020 1352 1052 1376 ut
1066 1348 1137 1376 istud
1148 1368 1155 1380 ,
1172 1347 1238 1375 Fias
1252 1347 1317 1374 mihi
1334 1347 1361 1374 in
1382 1346 1464 1374 Deum
1478 1349 1652 1382 protectorem
1665 1363 1673 1376 ,
1684 1351 1741 1372 non

950 1398 1055 1421 natura:
1065 1393 1153 1428 ipsius
1168 1392 1215 1420 Dei
1236 1392 1470 1428 procreationem,
1495 1391 1543 1419 sed
1565 1390 1624 1425 ejus
1643 1390 1739 1417 buma-

950 1440 1063 1468 nitatem
1074 1460 1082 1473 ,
1098 1444 1129 1467 ut
1145 1440 1202 1467 dixi
1211 1460 1218 1473 ,
1230 1440 1366 1475 signiﬁcat
1375 1443 1402 1466 et
1413 1438 1608 1474 benignitatem
1621 1445 1628 1463 :
1639 1437 1678 1464 ita
1694 1436 1738 1464 his

949 1486 1062 1514 vocibus
1072 1506 1079 1519 ,
1095 1486 1268 1520 prtestantior
1283 1486 1369 1520 facta;
1385 1483 1487 1519 angeli:
1497 1503 1505 1516 ,
1527 1487 1565 1517 et,
1579 1483 1666 1518 factus
1681 1486 1738 1515 est,

949 1537 992 1566 et,
1008 1537 1082 1560 tanta
1094 1533 1266 1568 praestantior
1282 1539 1393 1567 sponsor
1415 1531 1502 1566 factus
1522 1534 1561 1558 est
1572 1529 1667 1562 Jews,
1683 1536 1738 1557 non

951 1578 1032 1606 Verbi
1062 1577 1133 1606 facta
1159 1586 1220 1606 esse
1237 1582 1336 1606 natura
1353 1577 1523 1613 signiﬁcatur
1534 1596 1542 1608 .
1559 1575 1673 1611 (absit!)
1690 1575 1739 1603 sed

951 1624 1115 1654 beneﬁcium
1133 1625 1207 1659 quod
1221 1631 1255 1652 ex
1275 1624 1336 1658 ejus
1350 1623 1507 1658 accepimus
1529 1621 1717 1649 incarnatione
1728 1640 1737 1654 ,

951 1671 1127 1706 quantumvis
1142 1671 1240 1706 ingrati
1254 1670 1356 1698 fuerint
1371 1669 1491 1698 haeretici
1503 1672 1584 1704 atque
1597 1668 1624 1695 in
1637 1666 1737 1696 tuenda

951 1716 1090 1752 impietate
1101 1723 1301 1752 perpugnaces.

380 1954 533 2013 ΤΟΥ
563 1954 809 2013 ΑΥΤΟΥ
847 1955 1056 2012 ΚΑΤΑ
1094 1956 1475 2014 ΑΡΕΙΑΝΩΝ

643 2065 824 2109 ΛΟΓΟΣ
862 2063 1141 2110 ΔΕΥΤΕΡΟΣ
1157 2062 1225 2108 ⁸⁵).

199 2235 473 2281 EJUSDEM
511 2235 751 2282 CONTRA
786 2235 1048 2284 ARIANOS
1073 2237 1303 2284 ORATIO
1334 2239 1622 2285 SECUNDA.

139 2354 166 2382 L
193 2354 263 2388 Ὲγω
276 2362 326 2389 μεν
347 2352 426 2389 ᾤμην
442 2352 506 2385 τοὺς
519 2353 569 2388 τῆς
599 2353 703 2389 Ἀρείου
721 2355 820 2390 μανίας
831 2356 898 2384 ὐπο-

987 2357 1012 2385 1.
1028 2357 1086 2393 Ego
1100 2358 1210 2393 quidem
1224 2366 1398 2393 speraveram
1424 2359 1482 2388 fore
1499 2366 1528 2388 ut
1540 2361 1594 2388 Arii
1623 2362 1739 2391 insania)

101 2399 201 2432 κριτὰς
229 2399 274 2425 ἐπὶ
293 2401 350 2431 τοῖς
367 2398 574 2440 προειρημένοις
595 2399 648 2435 πρὸ
663 2399 757 2427 τούτου
773 2403 834 2429 κατ’
843 2403 892 2429 αὒ-

139 2447 163 2462 ’⁸
177 2446 257 2474 Joan.
273 2454 293 2478 ι,
313 2446 357 2474 ﬂ.

152 2495 180 2530 6)
199 2495 271 2522 Felc.
289 2495 316 2526 5,
333 2495 496 2522 καὶτούτων
515 2495 643 2530 χορηγός.

152 2531 180 2592 72
201 2530 314 2565 Seguer.
329 2530 439 2571 Gobler.
456 2535 483 2558 et
505 2530 578 2571 Fele.
592 2530 617 2562 Ι,
635 2531 674 2562 είς
687 2531 800 2563 ἑαυτοὺς
814 2541 895 2567 γεγε-

152 2576 161 2592 ι
177 2574 237 2592 νην.
253 2565 366 2592 Seauer.
385 2566 451 2592 ibid.
475 2570 578 2592 omittit
604 2566 669 2592 παρ’
683 2565 804 2592 ἐκείνων.
832 2568 892 2592 Mox

102 2565 237 2601 vnitévnv.
253 2565 366 2600 Seguer.
385 2566 451 2593 ibid.
475 2565 578 2592 omittit
604 2566 669 2601 παρ’
683 2565 804 2594 ἐκείνων.
820 2565 894 2595 Μ’οχ

104 2600 181 2636 διὲξ..
200 2601 264 2627 ὅταν
279 2601 343 2636 περὶ
363 2600 431 2628 Θεοῦ
454 2601 569 2635 λέγωσιν
584 2601 608 2627 οἱ
626 2601 697 2635 ἆγιοι
720 2601 761 2635 τὸ,
775 2602 893 2637 ἐγένετο,

103 2637 162 2668 καὶ,
175 2636 281 2670 ἐγένου.

141 2672 178 2707 (8)
199 2670 325 2707 §egner.,
343 2671 501 2707 γινομένην.

140 2705 178 2742 (9)
197 2705 313 2742 δρέπων.
334 2711 361 2734 et
380 2705 521 2742 chq’xat
535 2707 564 2733 τὸ
586 2706 742 2742 λεγόμενον,
754 2707 851 2735 Caneri
867 2712 894 2736 et

103 2741 170 2770 editi
185 2741 216 2767 τό
233 2742 373 2768 omittunt.

140 2776 196 2814 (ψ)
219 2776 398 2814 _SlC_Segl10l::
419 2776 530 2814 Gobler.
543 2782 574 2814 et
594 2776 714 2814 Felckm.
723 2777 758 2814 Α,
775 2778 809 2805 At
826 2778 892 2814 Reg.

106 2811 199 2839 Basili.
211 2811 319 2846 Anglic.
336 2817 365 2838 et
378 2811 460 2847 Felc.
471 2812 499 2845 5,
510 2811 557 2847 τοῦ
569 2812 706 2847 γενέσθαι.
721 2812 793 2840 Editi
808 2818 835 2840 et
847 2811 892 2841 alii

105 2851 254 2881 utrumque
280 2846 420 2873 omittunt.
436 2846 500 2882 Mox
518 2846 646 2882 δείξαιμι,
662 2848 709 2874 καὶ
725 2847 793 2879 ὅλως
810 2848 847 2880 ὡς
861 2850 893 2874 ἐκ

103 2882 200 2909 τούτου
216 2882 270 2909 τῶν
285 2881 416 2916 γενητῶν.
429 2881 539 2910 Gobler.
553 2881 579 2910 et
591 2882 665 2910 Fclc.
682 2883 706 2916 1,
722 2883 768 2910 καὶ
786 2884 817 2910 ἐκ
833 2884 893 2910 του-

946 2403 1092 2432 liistriones
1103 2405 1287 2440 argumentis,
1305 2413 1365 2440 qua:
1385 2414 1467 2441 supra
1479 2414 1541 2434 cuni
1555 2406 1587 2433 ad
1602 2407 1660 2435 illos
1675 2415 1737 2435 con-

947 2505 1000 2524 των
1011 2495 1066 2531 τῶν
1076 2495 1208 2531 γενητῶν.

982 2532 1038 2568 (li)
1053 2530 1118 2566 Reg.
1131 2530 1176 2558 llic
1188 2531 1288 2568 omittit
1310 2533 1354 2558 ὅτε
1365 2532 1476 2568 γέγονεν
1486 2532 1638 2568 ἄνθρωπος.
1651 2540 1737 2565 caque

947 2567 1092 2603 subjungit
1110 2571 1171 2603 post
1194 2566 1271 2602 παρὰ
1294 2567 1341 2594 τοῦ
1365 2567 1481 2594 Παύλου.
1504 2566 1591 2595 Paulo
1605 2573 1666 2603 post
1686 2568 1737 2597 Se-

947 2600 1035 2638 gueh,
1046 2600 1117 2638 ἦλθε
1127 2601 1167 2634 δὲ,
1183 2602 1237 2629 ἵνα.

983 2638 1039 2671 (ίὲ)
1059 2637 1229 2672 Seguerian.,
1263 2637 1340 2672 έγονε
1354 2637 1407 2664 τῶν
1424 2637 1522 2665 ἄλλων.

983 2673 1038 2698 (15)
1059 2672 1173 2698 δραυεν.
1198 2678 1226 2698 et
1244 2647 1319 2698 Ἦλθε.
1332 2693 1339 2698 .
1362 2674 1416 2698 τῶν
1445 2673 1522 2698 ἁγγέῖ

983 2673 1038 2713 (15)
1059 2672 1173 2713 nguer.
1187 2678 1226 2713 _et
1249 2672 1340 2713 50:31.",
1362 2674 1416 2701 τῶν
1445 2673 1642 2713 ὀιγγέλιρνη-Ῑιι-
1657 2673 1738 2713 editis

947 2708 1064 2741 aliisque
1079 2708 1156 2734 deest
1167 2708 1230 2734 τῶν.
1248 2708 1310 2735 Mox
1324 2708 1437 2743 Seguer.
1451 2709 1517 2743 Reg.
1533 2709 1615 2736 Basil.
1629 2710 1736 2743 Anglic.

947 2749 974 2780 et
989 2742 1109 2780 Felckm.
1178 2743 1289 2780 γέγονεν
1314 2744 1437 2780 ἀγγέλων
1461 2742 1559 2778 ἔγγυος
1582 2746 1596 2771 ὁ
1621 2742 1737 2780 Ἰησοῦς.

946 2778 1043 2814 Caneri
1060 2782 1087 2814 et
1101 2778 1178 2810 editi,
1193 2779 1304 2813 γέγονεν
1319 2779 1443 2814 ἀγγέλων
1457 2781 1471 2806 ὁ
1490 2780 1602 2814 Ἰησοῦς.

947 2813 1037 2875 ϐεςέἑ)
1059 2812 1105 2840 Sic
1125 2812 1237 2849 chuer.
1252 2814 1287 2841 At
1303 2812 1348 2842 alii
1362 2812 1397 2842 ret
1413 2815 1488 2848 editi,
1506 2812 1573 2858 τέρος
1590 2815 1639 2851 τὴν
1657 2815 1737 2842 εὐσέ-

965 2858 975 2875 ε
982 2857 1033 2875 ιαν.
1568 2856 1570 2858 ⁷

983 2883 1037 2919 (l3)
1059 2883 1102 2912 Sic
1118 2884 1182 2921 Reg.
1214 2885 1294 2914 Busil.
1314 2886 1378 2914 item
1400 2886 1481 2914 habet
1501 2885 1579 2920 λόγος
1599 2884 1731 2921 δεύτερος,
