  <div class='ocr_page' id='page_1' title='image "/cluster/home/n/w/nwhite01/storage/ocr_20150623/26/njp.32101077772521/083.png"; bbox 0 0 1952 3040; ppageno 0'>
   <div class='ocr_carea' id='block_1_1' title="bbox 478 92 1511 124">
    <p class='ocr_par' dir='ltr' id='par_1_1' title="bbox 478 92 1511 124">
     <span class='ocr_line' id='line_1_1' title="bbox 478 92 1511 124; baseline 0 -2"><span class='ocrx_word' id='word_1_1' title='bbox 478 95 507 124; x_wconf 83' lang='lat' dir='ltr'><strong>S.</strong></span> <span class='ocrx_word' id='word_1_2' title='bbox 527 94 713 122; x_wconf 69' lang='lat' dir='ltr'><strong>ATIIANASII</strong></span> <span class='ocrx_word' id='word_1_3' title='bbox 733 93 808 122; x_wconf 89' lang='lat' dir='ltr'><strong>OPP.</strong></span> <span class='ocrx_word' id='word_1_4' title='bbox 829 93 919 122; x_wconf 74' lang='lat' dir='ltr'><strong>PARS</strong></span> <span class='ocrx_word' id='word_1_5' title='bbox 937 93 959 121; x_wconf 90' lang='lat' dir='ltr'><strong>I.</strong></span> <span class='ocrx_word' id='word_1_6' title='bbox 980 109 1014 115; x_wconf 91' lang='lat'>—</span> <span class='ocrx_word' id='word_1_7' title='bbox 1031 92 1217 122; x_wconf 77' lang='lat' dir='ltr'><strong>HISTOBICA</strong></span> <span class='ocrx_word' id='word_1_8' title='bbox 1239 93 1281 121; x_wconf 83' lang='lat' dir='ltr'><strong>ET</strong></span> <span class='ocrx_word' id='word_1_9' title='bbox 1303 92 1511 122; x_wconf 75' lang='lat' dir='ltr'><strong>DOGMATICA.</strong></span> 
     </span>
    </p>
   </div>
   <div class='ocr_carea' id='block_1_2' title="bbox 1759 94 1812 123">
    <p class='ocr_par' dir='ltr' id='par_1_2' title="bbox 1759 94 1812 123">
     <span class='ocr_line' id='line_1_2' title="bbox 1759 94 1812 123; baseline 0.019 -1"><span class='ocrx_word' id='word_1_10' title='bbox 1759 94 1812 123; x_wconf 66' lang='lat'><strong>156</strong></span> 
     </span>
    </p>
   </div>
   <div class='ocr_carea' id='block_1_3' title="bbox 192 150 975 190">
    <p class='ocr_par' dir='ltr' id='par_1_3' title="bbox 192 150 975 190">
     <span class='ocr_line' id='line_1_3' title="bbox 192 150 975 190; baseline -0.006 -7"><span class='ocrx_word' id='word_1_11' title='bbox 192 153 315 190; x_wconf 80' lang='lat' dir='ltr'><strong>jusmodi</strong></span> <span class='ocrx_word' id='word_1_12' title='bbox 328 153 445 182; x_wconf 78' lang='lat' dir='ltr'><strong>fulcrum</strong></span> <span class='ocrx_word' id='word_1_13' title='bbox 461 153 584 180; x_wconf 88' lang='lat' dir='ltr'><strong>calamus</strong></span> <span class='ocrx_word' id='word_1_14' title='bbox 601 158 748 186; x_wconf 82' lang='lat' dir='ltr'><strong>quassatus</strong></span> <span class='ocrx_word' id='word_1_15' title='bbox 766 151 820 178; x_wconf 80' lang='lat' dir='ltr'><strong>illis</strong></span> <span class='ocrx_word' id='word_1_16' title='bbox 843 156 895 178; x_wconf 87' lang='lat' dir='ltr'><strong>est.</strong></span> <span class='ocrx_word' id='word_1_17' title='bbox 919 150 975 178; x_wconf 74' lang='lat' dir='ltr'><strong>Cito</strong></span> 
     </span>
    </p>
   </div>
   <div class='ocr_carea' id='block_1_4' title="bbox 1028 150 1811 190">
    <p class='ocr_par' dir='ltr' id='par_1_4' title="bbox 1030 150 1811 187">
     <span class='ocr_line' id='line_1_4' title="bbox 1030 150 1811 187; baseline 0.004 -11"><span class='ocrx_word' id='word_1_18' title='bbox 1030 159 1074 182; x_wconf 82' lang='lat' dir='ltr'><strong>vo;</strong></span> <span class='ocrx_word' id='word_1_19' title='bbox 1084 151 1114 176; x_wconf 82' lang='grc' dir='ltr'><strong>τὺ</strong></span> <span class='ocrx_word' id='word_1_20' title='bbox 1122 150 1236 186; x_wconf 76' lang='grc' dir='ltr'>ἔρεισμα</span> <span class='ocrx_word' id='word_1_21' title='bbox 1247 160 1252 166; x_wconf 89' lang='grc'>·</span> <span class='ocrx_word' id='word_1_22' title='bbox 1271 150 1488 184; x_wconf 76' lang='grc' dir='ltr'><strong>καταγνώσονται</strong></span> <span class='ocrx_word' id='word_1_23' title='bbox 1503 150 1557 187; x_wconf 77' lang='grc' dir='ltr'><strong>γὰρ</strong></span> <span class='ocrx_word' id='word_1_24' title='bbox 1574 151 1654 184; x_wconf 81' lang='grc' dir='ltr'>εὐθὺς</span> <span class='ocrx_word' id='word_1_25' title='bbox 1664 151 1775 184; x_wconf 77' lang='grc' dir='ltr'>ἑαυτῶν,</span> <span class='ocrx_word' id='word_1_26' title='bbox 1786 153 1811 179; x_wconf 77' lang='grc' dir='ltr'><strong>εί</strong></span> 
     </span>
    </p>
   </div>
   <div class='ocr_carea' id='block_1_5' title="bbox 194 197 977 235">
    <p class='ocr_par' dir='ltr' id='par_1_5' title="bbox 194 197 977 235">
     <span class='ocr_line' id='line_1_5' title="bbox 194 197 977 235; baseline -0.005 -7"><span class='ocrx_word' id='word_1_27' title='bbox 194 201 268 228; x_wconf 85' lang='lat' dir='ltr'><strong>enim</strong></span> <span class='ocrx_word' id='word_1_28' title='bbox 282 200 443 235; x_wconf 84' lang='lat' dir='ltr'><strong>semetipsos</strong></span> <span class='ocrx_word' id='word_1_29' title='bbox 463 201 527 225; x_wconf 90' lang='lat' dir='ltr'><strong>sunt</strong></span> <span class='ocrx_word' id='word_1_30' title='bbox 552 197 770 230; x_wconf 79' lang='lat' dir='ltr'><strong>condemuaturi,</strong></span> <span class='ocrx_word' id='word_1_31' title='bbox 793 197 816 224; x_wconf 90' lang='lat' dir='ltr'><strong>si</strong></span> <span class='ocrx_word' id='word_1_32' title='bbox 838 197 977 232; x_wconf 86' lang='lat' dir='ltr'><strong>proprium</strong></span> 
     </span>
    </p>
   </div>
   <div class='ocr_carea' id='block_1_6' title="bbox 198 242 977 282">
    <p class='ocr_par' dir='ltr' id='par_1_6' title="bbox 198 242 977 282">
     <span class='ocr_line' id='line_1_6' title="bbox 198 242 977 282; baseline -0.008 -7"><span class='ocrx_word' id='word_1_33' title='bbox 198 247 346 282; x_wconf 57' lang='lat' dir='ltr'><strong>Scriptura;</strong></span> <span class='ocrx_word' id='word_1_34' title='bbox 355 245 498 274; x_wconf 87' lang='lat' dir='ltr'><strong>didicerint</strong></span> <span class='ocrx_word' id='word_1_35' title='bbox 510 244 635 279; x_wconf 87' lang='lat' dir='ltr'><strong>loquendi</strong></span> <span class='ocrx_word' id='word_1_36' title='bbox 645 244 764 271; x_wconf 89' lang='lat' dir='ltr'><strong>modum.</strong></span> <span class='ocrx_word' id='word_1_37' title='bbox 773 242 873 278; x_wconf 81' lang='lat' dir='ltr'><strong>Nempe</strong></span> <span class='ocrx_word' id='word_1_38' title='bbox 880 251 977 278; x_wconf 89' lang='lat' dir='ltr'><strong>quem-</strong></span> 
     </span>
    </p>
   </div>
   <div class='ocr_carea' id='block_1_7' title="bbox 197 289 977 323">
    <p class='ocr_par' dir='ltr' id='par_1_7' title="bbox 197 289 977 323">
     <span class='ocr_line' id='line_1_7' title="bbox 197 289 977 323; baseline -0.005 -4"><span class='ocrx_word' id='word_1_39' title='bbox 197 291 343 319; x_wconf 85' lang='lat' dir='ltr'><strong>admodum</strong></span> <span class='ocrx_word' id='word_1_40' title='bbox 375 289 518 323; x_wconf 88' lang='lat' dir='ltr'><strong>Salomon,</strong></span> <span class='ocrx_word' id='word_1_41' title='bbox 551 289 659 316; x_wconf 79' lang='lat' dir='ltr'><strong>tametsi</strong></span> <span class='ocrx_word' id='word_1_42' title='bbox 690 289 762 316; x_wconf 84' lang='lat' dir='ltr'><strong>ﬁlius</strong></span> <span class='ocrx_word' id='word_1_43' title='bbox 785 293 860 321; x_wconf 87' lang='lat' dir='ltr'><strong>erat,</strong></span> <span class='ocrx_word' id='word_1_44' title='bbox 887 293 977 315; x_wconf 89' lang='lat' dir='ltr'><strong>tamen</strong></span> 
     </span>
    </p>
   </div>
   <div class='ocr_carea' id='block_1_8' title="bbox 197 334 978 369">
    <p class='ocr_par' dir='ltr' id='par_1_8' title="bbox 197 334 978 369">
     <span class='ocr_line' id='line_1_8' title="bbox 197 334 978 369; baseline -0.005 -5"><span class='ocrx_word' id='word_1_45' title='bbox 197 344 294 364; x_wconf 75' lang='lat' dir='ltr'><strong>servus</strong></span> <span class='ocrx_word' id='word_1_46' title='bbox 304 340 346 363; x_wconf 81' lang='lat' dir='ltr'><strong>est</strong></span> <span class='ocrx_word' id='word_1_47' title='bbox 359 335 467 363; x_wconf 85' lang='lat' dir='ltr'><strong>dictus:</strong></span> <span class='ocrx_word' id='word_1_48' title='bbox 484 335 531 367; x_wconf 89' lang='lat' dir='ltr'><strong>ila,</strong></span> <span class='ocrx_word' id='word_1_49' title='bbox 545 339 576 361; x_wconf 92' lang='lat' dir='ltr'><strong>ut</strong></span> <span class='ocrx_word' id='word_1_50' title='bbox 595 342 625 361; x_wconf 87' lang='lat' dir='ltr'><strong>ea</strong></span> <span class='ocrx_word' id='word_1_51' title='bbox 647 342 708 369; x_wconf 67' lang='lat' dir='ltr'><strong>qua:</strong></span> <span class='ocrx_word' id='word_1_52' title='bbox 725 342 806 368; x_wconf 88' lang='lat' dir='ltr'><strong>supra</strong></span> <span class='ocrx_word' id='word_1_53' title='bbox 822 334 877 361; x_wconf 89' lang='lat' dir='ltr'><strong>dixi</strong></span> <span class='ocrx_word' id='word_1_54' title='bbox 901 342 978 369; x_wconf 87' lang='lat' dir='ltr'><strong>repe-</strong></span> 
     </span>
    </p>
   </div>
   <div class='ocr_carea' id='block_1_9' title="bbox 195 380 976 416">
    <p class='ocr_par' dir='ltr' id='par_1_9' title="bbox 195 380 976 416">
     <span class='ocr_line' id='line_1_9' title="bbox 195 380 976 416; baseline -0.004 -7"><span class='ocrx_word' id='word_1_55' title='bbox 195 387 263 415; x_wconf 93' lang='lat' dir='ltr'><strong>tam,</strong></span> <span class='ocrx_word' id='word_1_56' title='bbox 281 382 342 409; x_wconf 86' lang='lat' dir='ltr'><strong>licet</strong></span> <span class='ocrx_word' id='word_1_57' title='bbox 353 385 490 416; x_wconf 85' lang='lat' dir='ltr'><strong>parentes,</strong></span> <span class='ocrx_word' id='word_1_58' title='bbox 505 380 586 416; x_wconf 82' lang='lat'><strong>373</strong></span> <span class='ocrx_word' id='word_1_59' title='bbox 600 380 679 413; x_wconf 87' lang='lat' dir='ltr'><strong>ﬁlios,</strong></span> <span class='ocrx_word' id='word_1_60' title='bbox 693 388 762 415; x_wconf 90' lang='lat' dir='ltr'><strong>quos</strong></span> <span class='ocrx_word' id='word_1_61' title='bbox 771 388 804 406; x_wconf 87' lang='lat' dir='ltr'><strong>ex</strong></span> <span class='ocrx_word' id='word_1_62' title='bbox 827 387 856 407; x_wconf 90' lang='lat' dir='ltr'><strong>se</strong></span> <span class='ocrx_word' id='word_1_63' title='bbox 875 387 976 415; x_wconf 75' lang='lat' dir='ltr'><strong>genue-</strong></span> 
     </span>
    </p>
   </div>
   <div class='ocr_carea' id='block_1_10' title="bbox 194 426 977 460">
    <p class='ocr_par' dir='ltr' id='par_1_10' title="bbox 194 426 977 460">
     <span class='ocr_line' id='line_1_10' title="bbox 194 426 977 460; baseline -0.004 -5"><span class='ocrx_word' id='word_1_64' title='bbox 194 432 268 460; x_wconf 79' lang='lat' dir='ltr'><strong>runt,</strong></span> <span class='ocrx_word' id='word_1_65' title='bbox 283 427 406 460; x_wconf 81' lang='lat' dir='ltr'><strong>formari,</strong></span> <span class='ocrx_word' id='word_1_66' title='bbox 417 426 504 454; x_wconf 85' lang='lat' dir='ltr'><strong>creari</strong></span> <span class='ocrx_word' id='word_1_67' title='bbox 516 431 543 453; x_wconf 92' lang='lat' dir='ltr'><strong>et</strong></span> <span class='ocrx_word' id='word_1_68' title='bbox 555 426 611 453; x_wconf 84' lang='lat' dir='ltr'><strong>ﬁeri</strong></span> <span class='ocrx_word' id='word_1_69' title='bbox 631 426 759 458; x_wconf 82' lang='lat' dir='ltr'><strong>dixerint,</strong></span> <span class='ocrx_word' id='word_1_70' title='bbox 772 430 861 452; x_wconf 84' lang='lat' dir='ltr'><strong>tamen</strong></span> <span class='ocrx_word' id='word_1_71' title='bbox 872 433 920 453; x_wconf 91' lang='lat' dir='ltr'><strong>eos</strong></span> <span class='ocrx_word' id='word_1_72' title='bbox 932 433 977 452; x_wconf 89' lang='lat' dir='ltr'><strong>na-</strong></span> 
     </span>
    </p>
   </div>
   <div class='ocr_carea' id='block_1_11' title="bbox 195 470 977 508">
    <p class='ocr_par' dir='ltr' id='par_1_11' title="bbox 195 470 977 508">
     <span class='ocr_line' id='line_1_11' title="bbox 195 470 977 508; baseline -0.004 -8"><span class='ocrx_word' id='word_1_73' title='bbox 195 478 258 501; x_wconf 84' lang='lat' dir='ltr'><strong>tura</strong></span> <span class='ocrx_word' id='word_1_74' title='bbox 272 473 341 500; x_wconf 78' lang='lat' dir='ltr'><strong>filios</strong></span> <span class='ocrx_word' id='word_1_75' title='bbox 356 481 419 500; x_wconf 86' lang='lat' dir='ltr'><strong>esse</strong></span> <span class='ocrx_word' id='word_1_76' title='bbox 435 480 489 500; x_wconf 90' lang='lat' dir='ltr'><strong>non</strong></span> <span class='ocrx_word' id='word_1_77' title='bbox 504 476 612 508; x_wconf 77' lang='lat' dir='ltr'><strong>negant.</strong></span> <span class='ocrx_word' id='word_1_78' title='bbox 632 471 700 498; x_wconf 85' lang='lat' dir='ltr'><strong>Hinc</strong></span> <span class='ocrx_word' id='word_1_79' title='bbox 715 479 779 506; x_wconf 80' lang='lat' dir='ltr'><strong>ergo</strong></span> <span class='ocrx_word' id='word_1_80' title='bbox 794 470 936 502; x_wconf 84' lang='lat' dir='ltr'><strong>Ezechias,</strong></span> <span class='ocrx_word' id='word_1_81' title='bbox 947 475 977 497; x_wconf 84' lang='lat' dir='ltr'><strong>ut</strong></span> 
     </span>
    </p>
   </div>
   <div class='ocr_carea' id='block_1_12' title="bbox 194 517 975 555">
    <p class='ocr_par' dir='ltr' id='par_1_12' title="bbox 194 517 975 555">
     <span class='ocr_line' id='line_1_12' title="bbox 194 517 975 555; baseline -0.005 -8"><span class='ocrx_word' id='word_1_82' title='bbox 194 520 265 555; x_wconf 70' lang='lat' dir='ltr'><strong>apud</strong></span> <span class='ocrx_word' id='word_1_83' title='bbox 280 519 376 547; x_wconf 89' lang='lat' dir='ltr'><strong>Isaiam</strong></span> <span class='ocrx_word' id='word_1_84' title='bbox 401 519 515 554; x_wconf 77' lang='lat' dir='ltr'><strong>legitur,</strong></span> <span class='ocrx_word' id='word_1_85' title='bbox 536 519 640 545; x_wconf 81' lang='lat' dir='ltr'><strong>orando</strong></span> <span class='ocrx_word' id='word_1_86' title='bbox 662 518 752 545; x_wconf 82' lang='lat' dir='ltr'><strong>aiebat</strong></span> <span class='ocrx_word' id='word_1_87' title='bbox 775 526 781 544; x_wconf 87' lang='lat'>:</span> <span class='ocrx_word' id='word_1_88' title='bbox 807 517 929 552; x_wconf 84' lang='lat' dir='ltr'><strong>Namque</strong></span> <span class='ocrx_word' id='word_1_89' title='bbox 943 517 975 543; x_wconf 89' lang='lat' dir='ltr'><strong>ab</strong></span> 
     </span>
    </p>
   </div>
   <div class='ocr_carea' id='block_1_13' title="bbox 193 563 976 598">
    <p class='ocr_par' dir='ltr' id='par_1_13' title="bbox 193 563 976 598">
     <span class='ocr_line' id='line_1_13' title="bbox 193 563 976 598; baseline -0.005 -5"><span class='ocrx_word' id='word_1_90' title='bbox 193 565 320 593; x_wconf 61' lang='lat' dir='ltr'><strong>hodierno</strong></span> <span class='ocrx_word' id='word_1_91' title='bbox 334 566 376 592; x_wconf 83' lang='lat' dir='ltr'><strong>die</strong></span> <span class='ocrx_word' id='word_1_92' title='bbox 392 565 487 592; x_wconf 78' lang='lat' dir='ltr'><strong>liberos</strong></span> <span class='ocrx_word' id='word_1_93' title='bbox 505 565 613 598; x_wconf 76' lang='lat' dir='ltr'><strong>faciant,</strong></span> <span class='ocrx_word' id='word_1_94' title='bbox 626 564 671 598; x_wconf 84' lang='lat' dir='ltr'><strong>qui</strong></span> <span class='ocrx_word' id='word_1_95' title='bbox 690 563 882 590; x_wconf 84' lang='lat' dir='ltr'><strong>annuntiabunt</strong></span> <span class='ocrx_word' id='word_1_96' title='bbox 896 563 976 598; x_wconf 84' lang='lat' dir='ltr'><strong>justi-</strong></span> 
     </span>
    </p>
   </div>
   <div class='ocr_carea' id='block_1_14' title="bbox 193 608 974 644">
    <p class='ocr_par' dir='ltr' id='par_1_14' title="bbox 193 608 974 644">
     <span class='ocr_line' id='line_1_14' title="bbox 193 608 974 644; baseline -0.005 -6"><span class='ocrx_word' id='word_1_97' title='bbox 193 612 260 638; x_wconf 75' lang='lat' dir='ltr'><strong>tiam</strong></span> <span class='ocrx_word' id='word_1_98' title='bbox 276 615 359 642; x_wconf 84' lang='lat' dir='ltr'><strong>tuam,</strong></span> <span class='ocrx_word' id='word_1_99' title='bbox 374 609 484 636; x_wconf 80' lang='lat' dir='ltr'><strong>Domine</strong></span> <span class='ocrx_word' id='word_1_100' title='bbox 506 610 602 636; x_wconf 77' lang='lat' dir='ltr'><strong>solutis</strong></span> <span class='ocrx_word' id='word_1_101' title='bbox 632 617 705 636; x_wconf 71' lang='lat' dir='ltr'><strong>metu.</strong></span> <span class='ocrx_word' id='word_1_102' title='bbox 724 610 784 644; x_wconf 85' lang='lat' dir='ltr'><strong>Ipse</strong></span> <span class='ocrx_word' id='word_1_103' title='bbox 803 608 884 644; x_wconf 76' lang='lat' dir='ltr'><strong>igitur</strong></span> <span class='ocrx_word' id='word_1_104' title='bbox 897 608 974 640; x_wconf 87' lang='lat' dir='ltr'><strong>dixit,</strong></span> 
     </span>
    </p>
   </div>
   <div class='ocr_carea' id='block_1_15' title="bbox 193 653 976 691">
    <p class='ocr_par' dir='ltr' id='par_1_15' title="bbox 193 653 976 691">
     <span class='ocr_line' id='line_1_15' title="bbox 193 653 976 691; baseline -0.005 -7"><span class='ocrx_word' id='word_1_105' title='bbox 193 657 292 691; x_wconf 78' lang='lat' dir='ltr'><strong>faciam</strong></span> <span class='ocrx_word' id='word_1_106' title='bbox 302 656 336 682; x_wconf 85' lang='grc'><strong>⁸⁵.</strong></span> <span class='ocrx_word' id='word_1_107' title='bbox 346 655 478 690; x_wconf 81' lang='lat' dir='ltr'><strong>Propheta</strong></span> <span class='ocrx_word' id='word_1_108' title='bbox 492 663 553 682; x_wconf 76' lang='lat' dir='ltr'><strong>vero</strong></span> <span class='ocrx_word' id='word_1_109' title='bbox 567 655 593 681; x_wconf 92' lang='lat' dir='ltr'><strong>in</strong></span> <span class='ocrx_word' id='word_1_110' title='bbox 602 655 696 682; x_wconf 79' lang='lat' dir='ltr'><strong>eodem</strong></span> <span class='ocrx_word' id='word_1_111' title='bbox 707 655 775 682; x_wconf 87' lang='lat' dir='ltr'><strong>libro</strong></span> <span class='ocrx_word' id='word_1_112' title='bbox 783 659 809 681; x_wconf 90' lang='lat' dir='ltr'><strong>et</strong></span> <span class='ocrx_word' id='word_1_113' title='bbox 818 659 915 689; x_wconf 85' lang='lat' dir='ltr'><strong>quarto</strong></span> <span class='ocrx_word' id='word_1_114' title='bbox 924 653 976 681; x_wconf 80' lang='lat' dir='ltr'><strong>Re-</strong></span> 
     </span>
    </p>
   </div>
   <div class='ocr_carea' id='block_1_16' title="bbox 193 699 974 736">
    <p class='ocr_par' dir='ltr' id='par_1_16' title="bbox 193 699 974 736">
     <span class='ocr_line' id='line_1_16' title="bbox 193 699 974 736; baseline -0.004 -7"><span class='ocrx_word' id='word_1_115' title='bbox 193 709 257 736; x_wconf 71' lang='lat' dir='ltr'><strong>gum</strong></span> <span class='ocrx_word' id='word_1_116' title='bbox 267 701 306 729; x_wconf 89' lang='lat' dir='ltr'><strong>sic</strong></span> <span class='ocrx_word' id='word_1_117' title='bbox 319 701 439 734; x_wconf 90' lang='lat' dir='ltr'><strong>loquitur</strong></span> <span class='ocrx_word' id='word_1_118' title='bbox 453 709 462 728; x_wconf 84' lang='lat'><strong>:</strong></span> <span class='ocrx_word' id='word_1_119' title='bbox 476 699 509 727; x_wconf 86' lang='lat' dir='ltr'><strong>Et</strong></span> <span class='ocrx_word' id='word_1_120' title='bbox 521 701 573 734; x_wconf 81' lang='lat' dir='ltr'><strong>ﬁlii</strong></span> <span class='ocrx_word' id='word_1_121' title='bbox 585 701 623 727; x_wconf 87' lang='lat' dir='ltr'><strong>tui</strong></span> <span class='ocrx_word' id='word_1_122' title='bbox 632 701 676 736; x_wconf 87' lang='lat' dir='ltr'><strong>qui</strong></span> <span class='ocrx_word' id='word_1_123' title='bbox 688 700 852 735; x_wconf 80' lang='lat' dir='ltr'><strong>egredientur</strong></span> <span class='ocrx_word' id='word_1_124' title='bbox 862 708 894 726; x_wconf 75' lang='lat' dir='ltr'><strong>ea:</strong></span> <span class='ocrx_word' id='word_1_125' title='bbox 908 704 931 726; x_wconf 87' lang='lat' dir='ltr'><strong>te</strong></span> <span class='ocrx_word' id='word_1_126' title='bbox 942 699 974 726; x_wconf 77' lang='lat'><strong>“.</strong></span> 
     </span>
    </p>
   </div>
   <div class='ocr_carea' id='block_1_17' title="bbox 193 745 975 781">
    <p class='ocr_par' dir='ltr' id='par_1_17' title="bbox 193 745 975 781">
     <span class='ocr_line' id='line_1_17' title="bbox 193 745 975 781; baseline -0.001 -8"><span class='ocrx_word' id='word_1_127' title='bbox 193 746 299 780; x_wconf 88' lang='lat' dir='ltr'><strong>Itaque,</strong></span> <span class='ocrx_word' id='word_1_128' title='bbox 313 746 422 781; x_wconf 79' lang='lat' dir='ltr'><strong>faciant,</strong></span> <span class='ocrx_word' id='word_1_129' title='bbox 435 753 483 781; x_wconf 86' lang='lat' dir='ltr'><strong>pro</strong></span> <span class='ocrx_word' id='word_1_130' title='bbox 494 747 610 781; x_wconf 74' lang='lat' dir='ltr'><strong>gignant,</strong></span> <span class='ocrx_word' id='word_1_131' title='bbox 625 746 775 781; x_wconf 74' lang='lat' dir='ltr'><strong>usurpavit,</strong></span> <span class='ocrx_word' id='word_1_132' title='bbox 789 750 815 773; x_wconf 91' lang='lat' dir='ltr'><strong>et</strong></span> <span class='ocrx_word' id='word_1_133' title='bbox 825 753 873 774; x_wconf 89' lang='lat' dir='ltr'><strong>eos</strong></span> <span class='ocrx_word' id='word_1_134' title='bbox 883 745 929 781; x_wconf 91' lang='lat' dir='ltr'><strong>qui</strong></span> <span class='ocrx_word' id='word_1_135' title='bbox 942 753 975 772; x_wconf 89' lang='lat' dir='ltr'><strong>ex</strong></span> 
     </span>
    </p>
   </div>
   <div class='ocr_carea' id='block_1_18' title="bbox 192 790 974 827">
    <p class='ocr_par' dir='ltr' id='par_1_18' title="bbox 192 790 974 827">
     <span class='ocr_line' id='line_1_18' title="bbox 192 790 974 827; baseline -0.003 -7"><span class='ocrx_word' id='word_1_136' title='bbox 192 799 224 820; x_wconf 75' lang='lat' dir='ltr'><strong>se</strong></span> <span class='ocrx_word' id='word_1_137' title='bbox 236 797 425 823; x_wconf 82' lang='lat' dir='ltr'><strong>nascerentur,</strong></span> <span class='ocrx_word' id='word_1_138' title='bbox 446 797 575 827; x_wconf 86' lang='lat' dir='ltr'><strong>tanquam</strong></span> <span class='ocrx_word' id='word_1_139' title='bbox 591 792 636 827; x_wconf 86' lang='lat' dir='ltr'><strong>qui</strong></span> <span class='ocrx_word' id='word_1_140' title='bbox 647 791 740 819; x_wconf 75' lang='lat' dir='ltr'><strong>lim-ent</strong></span> <span class='ocrx_word' id='word_1_141' title='bbox 753 791 906 826; x_wconf 83' lang='lat' dir='ltr'><strong>appellavit.</strong></span> <span class='ocrx_word' id='word_1_142' title='bbox 921 790 974 818; x_wconf 86' lang='lat' dir='ltr'><strong>Ne-</strong></span> 
     </span>
    </p>
   </div>
   <div class='ocr_carea' id='block_1_19' title="bbox 192 836 975 872">
    <p class='ocr_par' dir='ltr' id='par_1_19' title="bbox 192 836 975 872">
     <span class='ocr_line' id='line_1_19' title="bbox 192 836 975 872; baseline -0.003 -7"><span class='ocrx_word' id='word_1_143' title='bbox 192 844 239 865; x_wconf 87' lang='lat' dir='ltr'><strong>mo</strong></span> <span class='ocrx_word' id='word_1_144' title='bbox 251 842 340 864; x_wconf 86' lang='lat' dir='ltr'><strong>tamen</strong></span> <span class='ocrx_word' id='word_1_145' title='bbox 361 837 388 864; x_wconf 91' lang='lat' dir='ltr'><strong>in</strong></span> <span class='ocrx_word' id='word_1_146' title='bbox 399 837 512 864; x_wconf 88' lang='lat' dir='ltr'><strong>dubium</strong></span> <span class='ocrx_word' id='word_1_147' title='bbox 530 838 678 868; x_wconf 85' lang='lat' dir='ltr'><strong>vocaverit,</strong></span> <span class='ocrx_word' id='word_1_148' title='bbox 693 837 758 872; x_wconf 90' lang='lat' dir='ltr'><strong>quin</strong></span> <span class='ocrx_word' id='word_1_149' title='bbox 774 837 806 864; x_wconf 88' lang='lat' dir='ltr'><strong>de</strong></span> <span class='ocrx_word' id='word_1_150' title='bbox 823 836 878 864; x_wconf 77' lang='lat' dir='ltr'><strong>fetu</strong></span> <span class='ocrx_word' id='word_1_151' title='bbox 896 842 975 864; x_wconf 86' lang='lat' dir='ltr'><strong>natu-</strong></span> 
     </span>
    </p>
   </div>
   <div class='ocr_carea' id='block_1_20' title="bbox 194 882 976 917">
    <p class='ocr_par' dir='ltr' id='par_1_20' title="bbox 194 882 976 917">
     <span class='ocr_line' id='line_1_20' title="bbox 194 882 976 917; baseline -0.003 -7"><span class='ocrx_word' id='word_1_152' title='bbox 194 882 244 910; x_wconf 86' lang='lat' dir='ltr'><strong>rali</strong></span> <span class='ocrx_word' id='word_1_153' title='bbox 261 890 351 910; x_wconf 81' lang='lat' dir='ltr'><strong>Sermo</strong></span> <span class='ocrx_word' id='word_1_154' title='bbox 367 883 509 910; x_wconf 84' lang='lat' dir='ltr'><strong>habeatur.</strong></span> <span class='ocrx_word' id='word_1_155' title='bbox 525 882 579 910; x_wconf 85' lang='lat' dir='ltr'><strong>Eva</strong></span> <span class='ocrx_word' id='word_1_156' title='bbox 605 890 714 917; x_wconf 87' lang='lat' dir='ltr'><strong>quoque</strong></span> <span class='ocrx_word' id='word_1_157' title='bbox 732 887 875 917; x_wconf 86' lang='lat' dir='ltr'><strong>postquam</strong></span> <span class='ocrx_word' id='word_1_158' title='bbox 897 890 976 917; x_wconf 84' lang='lat' dir='ltr'><strong>pepe-</strong></span> 
     </span>
    </p>
   </div>
   <div class='ocr_carea' id='block_1_21' title="bbox 191 927 975 962">
    <p class='ocr_par' dir='ltr' id='par_1_21' title="bbox 191 927 975 962">
     <span class='ocr_line' id='line_1_21' title="bbox 191 927 975 962; baseline 0 -8"><span class='ocrx_word' id='word_1_159' title='bbox 191 928 230 954; x_wconf 88' lang='lat' dir='ltr'><strong>rit</strong></span> <span class='ocrx_word' id='word_1_160' title='bbox 254 927 334 960; x_wconf 84' lang='lat' dir='ltr'><strong>Cain,</strong></span> <span class='ocrx_word' id='word_1_161' title='bbox 359 927 429 954; x_wconf 90' lang='lat' dir='ltr'><strong>dixit</strong></span> <span class='ocrx_word' id='word_1_162' title='bbox 452 937 458 955; x_wconf 92' lang='lat'><strong>:</strong></span> <span class='ocrx_word' id='word_1_163' title='bbox 481 927 592 954; x_wconf 72' lang='lat' dir='ltr'><strong>Possedi</strong></span> <span class='ocrx_word' id='word_1_164' title='bbox 618 927 746 954; x_wconf 81' lang='lat' dir='ltr'><strong>hominem</strong></span> <span class='ocrx_word' id='word_1_165' title='bbox 770 935 816 962; x_wconf 86' lang='lat' dir='ltr'><strong>per</strong></span> <span class='ocrx_word' id='word_1_166' title='bbox 835 927 917 954; x_wconf 85' lang='lat' dir='ltr'><strong>Deum</strong></span> <span class='ocrx_word' id='word_1_167' title='bbox 943 927 975 954; x_wconf 85' lang='lat'><strong>&quot;&#39;.</strong></span> 
     </span>
    </p>
   </div>
   <div class='ocr_carea' id='block_1_22' title="bbox 192 971 976 1008">
    <p class='ocr_par' dir='ltr' id='par_1_22' title="bbox 192 971 976 1008">
     <span class='ocr_line' id='line_1_22' title="bbox 192 971 976 1008; baseline -0.001 -8"><span class='ocrx_word' id='word_1_168' title='bbox 192 971 294 1008; x_wconf 78' lang='lat' dir='ltr'><strong>Nempe</strong></span> <span class='ocrx_word' id='word_1_169' title='bbox 309 980 368 1007; x_wconf 89' lang='lat' dir='ltr'><strong>pro,</strong></span> <span class='ocrx_word' id='word_1_170' title='bbox 382 974 479 1008; x_wconf 82' lang='lat' dir='ltr'><strong>peperi,</strong></span> <span class='ocrx_word' id='word_1_171' title='bbox 496 974 575 1006; x_wconf 87' lang='lat' dir='ltr'><strong>dixit,</strong></span> <span class='ocrx_word' id='word_1_172' title='bbox 588 973 701 1007; x_wconf 74' lang='lat' dir='ltr'><strong>possedi.</strong></span> <span class='ocrx_word' id='word_1_173' title='bbox 713 972 780 999; x_wconf 80' lang='lat' dir='ltr'><strong>Nam</strong></span> <span class='ocrx_word' id='word_1_174' title='bbox 795 973 856 1008; x_wconf 87' lang='lat' dir='ltr'><strong>quia</strong></span> <span class='ocrx_word' id='word_1_175' title='bbox 869 977 976 1008; x_wconf 85' lang='lat' dir='ltr'><strong>partum</strong></span> 
     </span>
    </p>
   </div>
   <div class='ocr_carea' id='block_1_23' title="bbox 191 1017 975 1053">
    <p class='ocr_par' dir='ltr' id='par_1_23' title="bbox 191 1017 975 1053">
     <span class='ocr_line' id='line_1_23' title="bbox 191 1017 975 1053; baseline 0 -9"><span class='ocrx_word' id='word_1_176' title='bbox 191 1018 268 1053; x_wconf 84' lang='lat' dir='ltr'><strong>prius</strong></span> <span class='ocrx_word' id='word_1_177' title='bbox 281 1017 395 1049; x_wconf 80' lang='lat' dir='ltr'><strong>viderat,</strong></span> <span class='ocrx_word' id='word_1_178' title='bbox 411 1018 584 1053; x_wconf 87' lang='lat' dir='ltr'><strong>postmodum</strong></span> <span class='ocrx_word' id='word_1_179' title='bbox 600 1018 678 1050; x_wconf 81' lang='lat' dir='ltr'><strong>dixit,</strong></span> <span class='ocrx_word' id='word_1_180' title='bbox 690 1017 804 1053; x_wconf 78' lang='lat' dir='ltr'><strong>possedi.</strong></span> <span class='ocrx_word' id='word_1_181' title='bbox 820 1017 875 1044; x_wconf 81' lang='lat' dir='ltr'><strong>Nec</strong></span> <span class='ocrx_word' id='word_1_182' title='bbox 887 1023 975 1047; x_wconf 86' lang='lat' dir='ltr'><strong>tamen</strong></span> 
     </span>
    </p>
   </div>
   <div class='ocr_carea' id='block_1_24' title="bbox 190 1063 978 1098">
    <p class='ocr_par' dir='ltr' id='par_1_24' title="bbox 190 1063 978 1098">
     <span class='ocr_line' id='line_1_24' title="bbox 190 1063 978 1098; baseline -0.001 -8"><span class='ocrx_word' id='word_1_183' title='bbox 190 1067 302 1098; x_wconf 86' lang='lat' dir='ltr'><strong>propter</strong></span> <span class='ocrx_word' id='word_1_184' title='bbox 315 1063 384 1091; x_wconf 92' lang='lat' dir='ltr'><strong>hanc</strong></span> <span class='ocrx_word' id='word_1_185' title='bbox 400 1063 546 1091; x_wconf 88' lang='lat' dir='ltr'><strong>dictionem</strong></span> <span class='ocrx_word' id='word_1_186' title='bbox 557 1083 564 1094; x_wconf 81' lang='lat'><strong><em>.</em></strong></span> <span class='ocrx_word' id='word_1_187' title='bbox 589 1063 708 1098; x_wconf 78' lang='lat' dir='ltr'><strong>possedi,</strong></span> <span class='ocrx_word' id='word_1_188' title='bbox 733 1063 918 1090; x_wconf 85' lang='lat' dir='ltr'><strong>arbitrandum</strong></span> <span class='ocrx_word' id='word_1_189' title='bbox 936 1066 978 1090; x_wconf 91' lang='lat' dir='ltr'><strong>est</strong></span> 
     </span>
    </p>
   </div>
   <div class='ocr_carea' id='block_1_25' title="bbox 191 1107 975 1144">
    <p class='ocr_par' dir='ltr' id='par_1_25' title="bbox 191 1107 975 1144">
     <span class='ocr_line' id='line_1_25' title="bbox 191 1107 975 1144; baseline -0.003 -8"><span class='ocrx_word' id='word_1_190' title='bbox 191 1107 260 1136; x_wconf 89' lang='lat' dir='ltr'><strong>Cain</strong></span> <span class='ocrx_word' id='word_1_191' title='bbox 277 1107 448 1136; x_wconf 79' lang='lat' dir='ltr'><strong>extrinsecus</strong></span> <span class='ocrx_word' id='word_1_192' title='bbox 467 1114 586 1144; x_wconf 84' lang='lat' dir='ltr'><strong>emptum</strong></span> <span class='ocrx_word' id='word_1_193' title='bbox 605 1109 764 1141; x_wconf 77' lang='lat' dir='ltr'><strong>luisse,non</strong></span> <span class='ocrx_word' id='word_1_194' title='bbox 785 1116 849 1136; x_wconf 85' lang='lat' dir='ltr'><strong>vero</strong></span> <span class='ocrx_word' id='word_1_195' title='bbox 864 1116 895 1135; x_wconf 85' lang='lat' dir='ltr'><strong>ex</strong></span> <span class='ocrx_word' id='word_1_196' title='bbox 918 1108 975 1143; x_wconf 86' lang='lat' dir='ltr'><strong>ipsa</strong></span> 
     </span>
    </p>
   </div>
   <div class='ocr_carea' id='block_1_26' title="bbox 190 1152 977 1189">
    <p class='ocr_par' dir='ltr' id='par_1_26' title="bbox 190 1152 977 1189">
     <span class='ocr_line' id='line_1_26' title="bbox 190 1152 977 1189; baseline -0.001 -9"><span class='ocrx_word' id='word_1_197' title='bbox 190 1159 253 1180; x_wconf 86' lang='lat' dir='ltr'><strong>esse</strong></span> <span class='ocrx_word' id='word_1_198' title='bbox 270 1157 375 1180; x_wconf 87' lang='lat' dir='ltr'><strong>natum.</strong></span> <span class='ocrx_word' id='word_1_199' title='bbox 402 1154 532 1180; x_wconf 79' lang='lat' dir='ltr'><strong>Similiter</strong></span> <span class='ocrx_word' id='word_1_200' title='bbox 557 1153 711 1189; x_wconf 83' lang='lat' dir='ltr'><strong>patriarcha</strong></span> <span class='ocrx_word' id='word_1_201' title='bbox 731 1152 814 1180; x_wconf 84' lang='lat' dir='ltr'><strong>Jacob</strong></span> <span class='ocrx_word' id='word_1_202' title='bbox 837 1153 905 1180; x_wconf 84' lang='lat' dir='ltr'><strong>dixit</strong></span> <span class='ocrx_word' id='word_1_203' title='bbox 930 1152 977 1180; x_wconf 45' lang='lat'><strong>10‘</strong></span> 
     </span>
    </p>
   </div>
   <div class='ocr_carea' id='block_1_27' title="bbox 191 1197 977 1234">
    <p class='ocr_par' dir='ltr' id='par_1_27' title="bbox 191 1197 977 1234">
     <span class='ocr_line' id='line_1_27' title="bbox 191 1197 977 1234; baseline 0.001 -10"><span class='ocrx_word' id='word_1_204' title='bbox 191 1199 258 1233; x_wconf 80' lang='lat' dir='ltr'><strong>sopit</strong></span> <span class='ocrx_word' id='word_1_205' title='bbox 281 1207 288 1224; x_wconf 65' lang='grc' dir='ltr'><strong>ι</strong></span> <span class='ocrx_word' id='word_1_206' title='bbox 312 1197 372 1226; x_wconf 87' lang='lat' dir='ltr'><strong>Duo</strong></span> <span class='ocrx_word' id='word_1_207' title='bbox 399 1207 460 1234; x_wconf 83' lang='lat' dir='ltr'><strong>ergo</strong></span> <span class='ocrx_word' id='word_1_208' title='bbox 480 1199 530 1234; x_wconf 74' lang='lat' dir='ltr'><strong>[itii</strong></span> <span class='ocrx_word' id='word_1_209' title='bbox 559 1199 618 1232; x_wconf 81' lang='lat' dir='ltr'><strong>tui,</strong></span> <span class='ocrx_word' id='word_1_210' title='bbox 642 1200 686 1234; x_wconf 85' lang='lat' dir='ltr'><strong>qui</strong></span> <span class='ocrx_word' id='word_1_211' title='bbox 714 1199 762 1226; x_wconf 84' lang='lat' dir='ltr'><strong>tibi</strong></span> <span class='ocrx_word' id='word_1_212' title='bbox 786 1199 849 1233; x_wconf 78' lang='lat' dir='ltr'><strong>facti</strong></span> <span class='ocrx_word' id='word_1_213' title='bbox 862 1203 922 1225; x_wconf 79' lang='lat' dir='ltr'><strong>sunt</strong></span> <span class='ocrx_word' id='word_1_214' title='bbox 948 1198 977 1225; x_wconf 87' lang='lat' dir='ltr'><strong>in</strong></span> 
     </span>
    </p>
   </div>
   <div class='ocr_carea' id='block_1_28' title="bbox 192 1243 975 1280">
    <p class='ocr_par' dir='ltr' id='par_1_28' title="bbox 192 1243 975 1280">
     <span class='ocr_line' id='line_1_28' title="bbox 192 1243 975 1280; baseline 0 -10"><span class='ocrx_word' id='word_1_215' title='bbox 192 1243 332 1278; x_wconf 55' lang='lat' dir='ltr'><strong>(Egypto,</strong></span> <span class='ocrx_word' id='word_1_216' title='bbox 371 1250 512 1280; x_wconf 76' lang='lat' dir='ltr'><strong>antequam</strong></span> <span class='ocrx_word' id='word_1_217' title='bbox 553 1245 663 1271; x_wconf 81' lang='lat' dir='ltr'><strong>venirent</strong></span> <span class='ocrx_word' id='word_1_218' title='bbox 696 1244 730 1270; x_wconf 80' lang='lat' dir='ltr'><strong>ad</strong></span> <span class='ocrx_word' id='word_1_219' title='bbox 772 1248 795 1270; x_wconf 85' lang='lat' dir='ltr'><strong>te</strong></span> <span class='ocrx_word' id='word_1_220' title='bbox 829 1245 855 1270; x_wconf 85' lang='lat' dir='ltr'><strong>in</strong></span> <span class='ocrx_word' id='word_1_221' title='bbox 883 1243 975 1279; x_wconf 63' lang='grc' dir='ltr'><strong>Αἶρε]-</strong></span> 
     </span>
    </p>
   </div>
   <div class='ocr_carea' id='block_1_29' title="bbox 191 1287 975 1323">
    <p class='ocr_par' dir='ltr' id='par_1_29' title="bbox 191 1287 975 1323">
     <span class='ocr_line' id='line_1_29' title="bbox 191 1287 975 1323; baseline 0.001 -9"><span class='ocrx_word' id='word_1_222' title='bbox 191 1293 283 1322; x_wconf 83' lang='lat' dir='ltr'><strong>ptum,</strong></span> <span class='ocrx_word' id='word_1_223' title='bbox 310 1289 360 1315; x_wconf 86' lang='lat' dir='ltr'><strong>mei</strong></span> <span class='ocrx_word' id='word_1_224' title='bbox 376 1293 447 1319; x_wconf 74' lang='lat' dir='ltr'><strong>sunt,</strong></span> <span class='ocrx_word' id='word_1_225' title='bbox 470 1287 596 1323; x_wconf 63' lang='lat' dir='ltr'><strong>[ip/«rain:</strong></span> <span class='ocrx_word' id='word_1_226' title='bbox 618 1294 641 1315; x_wconf 87' lang='lat' dir='ltr'><strong>et</strong></span> <span class='ocrx_word' id='word_1_227' title='bbox 662 1287 797 1314; x_wconf 73' lang='lat' dir='ltr'><strong>Munusses</strong></span> <span class='ocrx_word' id='word_1_228' title='bbox 818 1288 850 1314; x_wconf 85' lang='grc'><strong>³³.</strong></span> <span class='ocrx_word' id='word_1_229' title='bbox 871 1287 907 1314; x_wconf 89' lang='lat' dir='ltr'><strong>De</strong></span> <span class='ocrx_word' id='word_1_230' title='bbox 925 1288 975 1315; x_wconf 81' lang='lat' dir='ltr'><strong>Job</strong></span> 
     </span>
    </p>
   </div>
   <div class='ocr_carea' id='block_1_30' title="bbox 193 1331 975 1368">
    <p class='ocr_par' dir='ltr' id='par_1_30' title="bbox 193 1331 975 1368">
     <span class='ocr_line' id='line_1_30' title="bbox 193 1331 975 1368; baseline -0.001 -9"><span class='ocrx_word' id='word_1_231' title='bbox 193 1332 259 1359; x_wconf 81' lang='lat' dir='ltr'><strong>item</strong></span> <span class='ocrx_word' id='word_1_232' title='bbox 273 1332 330 1359; x_wconf 61' lang='lat' dir='ltr'><strong>hac</strong></span> <span class='ocrx_word' id='word_1_233' title='bbox 345 1333 425 1359; x_wconf 83' lang='lat' dir='ltr'><strong>habet</strong></span> <span class='ocrx_word' id='word_1_234' title='bbox 440 1331 579 1367; x_wconf 86' lang='lat' dir='ltr'><strong>Scriptura</strong></span> <span class='ocrx_word' id='word_1_235' title='bbox 595 1342 601 1359; x_wconf 73' lang='grc' dir='ltr'>ε</span> <span class='ocrx_word' id='word_1_236' title='bbox 625 1331 702 1359; x_wconf 81' lang='lat' dir='ltr'><strong>Facti</strong></span> <span class='ocrx_word' id='word_1_237' title='bbox 722 1337 782 1358; x_wconf 78' lang='lat' dir='ltr'><strong>sunt</strong></span> <span class='ocrx_word' id='word_1_238' title='bbox 793 1333 816 1359; x_wconf 88' lang='lat' dir='ltr'><strong>ei</strong></span> <span class='ocrx_word' id='word_1_239' title='bbox 830 1337 928 1367; x_wconf 83' lang='lat' dir='ltr'><strong>septem</strong></span> <span class='ocrx_word' id='word_1_240' title='bbox 941 1334 975 1368; x_wconf 76' lang='lat' dir='ltr'><strong>[i-</strong></span> 
     </span>
    </p>
   </div>
   <div class='ocr_carea' id='block_1_31' title="bbox 191 1377 975 1413">
    <p class='ocr_par' dir='ltr' id='par_1_31' title="bbox 191 1377 975 1413">
     <span class='ocr_line' id='line_1_31' title="bbox 191 1377 975 1413; baseline 0.001 -9"><span class='ocrx_word' id='word_1_241' title='bbox 191 1377 222 1405; x_wconf 86' lang='lat' dir='ltr'><strong>lii</strong></span> <span class='ocrx_word' id='word_1_242' title='bbox 237 1383 259 1404; x_wconf 86' lang='lat' dir='ltr'><strong>et</strong></span> <span class='ocrx_word' id='word_1_243' title='bbox 271 1383 322 1404; x_wconf 77' lang='lat' dir='ltr'><strong>tres</strong></span> <span class='ocrx_word' id='word_1_244' title='bbox 333 1377 398 1413; x_wconf 68' lang='lat' dir='ltr'><strong>ﬁlim</strong></span> <span class='ocrx_word' id='word_1_245' title='bbox 407 1378 440 1405; x_wconf 86' lang='grc'><strong>³¹.</strong></span> <span class='ocrx_word' id='word_1_246' title='bbox 453 1377 512 1410; x_wconf 84' lang='lat' dir='ltr'><strong>Quo</strong></span> <span class='ocrx_word' id='word_1_247' title='bbox 527 1378 608 1405; x_wconf 84' lang='lat' dir='ltr'><strong>etiam</strong></span> <span class='ocrx_word' id='word_1_248' title='bbox 621 1378 702 1405; x_wconf 86' lang='lat' dir='ltr'><strong>modo</strong></span> <span class='ocrx_word' id='word_1_249' title='bbox 714 1377 819 1413; x_wconf 84' lang='lat' dir='ltr'><strong>Moyses</strong></span> <span class='ocrx_word' id='word_1_250' title='bbox 831 1379 856 1405; x_wconf 95' lang='lat' dir='ltr'><strong>in</strong></span> <span class='ocrx_word' id='word_1_251' title='bbox 867 1378 924 1413; x_wconf 81' lang='lat' dir='ltr'><strong>lege</strong></span> <span class='ocrx_word' id='word_1_252' title='bbox 937 1379 975 1405; x_wconf 86' lang='lat' dir='ltr'><strong>lo-</strong></span> 
     </span>
    </p>
   </div>
   <div class='ocr_carea' id='block_1_32' title="bbox 191 1421 974 1458">
    <p class='ocr_par' dir='ltr' id='par_1_32' title="bbox 191 1421 974 1458">
     <span class='ocr_line' id='line_1_32' title="bbox 191 1421 974 1458; baseline -0.001 -8"><span class='ocrx_word' id='word_1_253' title='bbox 191 1426 273 1450; x_wconf 89' lang='lat' dir='ltr'><strong>cutus</strong></span> <span class='ocrx_word' id='word_1_254' title='bbox 289 1427 330 1450; x_wconf 88' lang='lat' dir='ltr'><strong>est</strong></span> <span class='ocrx_word' id='word_1_255' title='bbox 345 1432 351 1450; x_wconf 87' lang='lat'><strong>:</strong></span> <span class='ocrx_word' id='word_1_256' title='bbox 366 1421 396 1449; x_wconf 89' lang='lat' dir='ltr'><strong>Si</strong></span> <span class='ocrx_word' id='word_1_257' title='bbox 410 1422 492 1449; x_wconf 87' lang='lat' dir='ltr'><strong>alicui</strong></span> <span class='ocrx_word' id='word_1_258' title='bbox 514 1423 565 1458; x_wconf 77' lang='lat' dir='ltr'><strong>ﬁlii</strong></span> <span class='ocrx_word' id='word_1_259' title='bbox 584 1423 649 1458; x_wconf 80' lang='lat' dir='ltr'><strong>[acti</strong></span> <span class='ocrx_word' id='word_1_260' title='bbox 665 1423 774 1458; x_wconf 77' lang='lat' dir='ltr'><strong>fuerint,</strong></span> <span class='ocrx_word' id='word_1_261' title='bbox 795 1426 832 1456; x_wconf 91' lang='lat' dir='ltr'><strong>et,</strong></span> <span class='ocrx_word' id='word_1_262' title='bbox 846 1422 869 1449; x_wconf 88' lang='lat' dir='ltr'><strong>si</strong></span> <span class='ocrx_word' id='word_1_263' title='bbox 884 1422 974 1458; x_wconf 78' lang='lat' dir='ltr'><strong>fecerit</strong></span> 
     </span>
    </p>
   </div>
   <div class='ocr_carea' id='block_1_33' title="bbox 191 1468 291 1504">
    <p class='ocr_par' dir='ltr' id='par_1_33' title="bbox 191 1468 291 1504">
     <span class='ocr_line' id='line_1_33' title="bbox 191 1468 291 1504; baseline 0.01 -10"><span class='ocrx_word' id='word_1_264' title='bbox 191 1468 291 1504; x_wconf 77' lang='lat' dir='ltr'><strong>ﬁlium.</strong></span> 
     </span>
    </p>
   </div>
   <div class='ocr_carea' id='block_1_34' title="bbox 226 1511 975 1548">
    <p class='ocr_par' dir='ltr' id='par_1_34' title="bbox 226 1511 975 1548">
     <span class='ocr_line' id='line_1_34' title="bbox 226 1511 975 1548; baseline 0 -8"><span class='ocrx_word' id='word_1_265' title='bbox 226 1513 254 1540; x_wconf 80' lang='lat'><strong>5.</strong></span> <span class='ocrx_word' id='word_1_266' title='bbox 270 1511 309 1539; x_wconf 88' lang='lat' dir='ltr'><strong>En</strong></span> <span class='ocrx_word' id='word_1_267' title='bbox 323 1519 387 1547; x_wconf 75' lang='lat' dir='ltr'><strong>ergo</strong></span> <span class='ocrx_word' id='word_1_268' title='bbox 401 1512 438 1539; x_wconf 94' lang='lat' dir='ltr'><strong>illi</strong></span> <span class='ocrx_word' id='word_1_269' title='bbox 456 1520 513 1546; x_wconf 86' lang='lat' dir='ltr'><strong>eos,</strong></span> <span class='ocrx_word' id='word_1_270' title='bbox 533 1512 579 1548; x_wconf 88' lang='lat' dir='ltr'><strong>qui</strong></span> <span class='ocrx_word' id='word_1_271' title='bbox 593 1513 675 1548; x_wconf 82' lang='lat' dir='ltr'><strong>geniti</strong></span> <span class='ocrx_word' id='word_1_272' title='bbox 690 1517 763 1546; x_wconf 86' lang='lat' dir='ltr'><strong>sunt,</strong></span> <span class='ocrx_word' id='word_1_273' title='bbox 784 1513 869 1541; x_wconf 79' lang='lat' dir='ltr'><strong>factos</strong></span> <span class='ocrx_word' id='word_1_274' title='bbox 884 1518 910 1540; x_wconf 89' lang='lat' dir='ltr'><strong>et</strong></span> <span class='ocrx_word' id='word_1_275' title='bbox 921 1512 975 1541; x_wconf 77' lang='lat' dir='ltr'><strong>for-</strong></span> 
     </span>
    </p>
   </div>
   <div class='ocr_carea' id='block_1_35' title="bbox 191 1560 976 1597">
    <p class='ocr_par' dir='ltr' id='par_1_35' title="bbox 191 1560 976 1597">
     <span class='ocr_line' id='line_1_35' title="bbox 191 1560 976 1597; baseline 0.003 -10"><span class='ocrx_word' id='word_1_276' title='bbox 191 1565 281 1588; x_wconf 88' lang='lat' dir='ltr'><strong>matos</strong></span> <span class='ocrx_word' id='word_1_277' title='bbox 294 1560 472 1595; x_wconf 73' lang='lat' dir='ltr'><strong>appellavere,</strong></span> <span class='ocrx_word' id='word_1_278' title='bbox 487 1560 587 1595; x_wconf 86' lang='lat' dir='ltr'><strong>quippe</strong></span> <span class='ocrx_word' id='word_1_279' title='bbox 602 1561 647 1595; x_wconf 93' lang='lat' dir='ltr'><strong>qui</strong></span> <span class='ocrx_word' id='word_1_280' title='bbox 666 1569 718 1589; x_wconf 93' lang='lat' dir='ltr'><strong>non</strong></span> <span class='ocrx_word' id='word_1_281' title='bbox 736 1561 894 1597; x_wconf 77' lang='lat' dir='ltr'><strong>ignorarent</strong></span> <span class='ocrx_word' id='word_1_282' title='bbox 908 1562 976 1589; x_wconf 89' lang='lat' dir='ltr'><strong>nihil</strong></span> 
     </span>
    </p>
   </div>
   <div class='ocr_carea' id='block_1_36' title="bbox 191 1605 975 1642">
    <p class='ocr_par' dir='ltr' id='par_1_36' title="bbox 191 1605 975 1642">
     <span class='ocr_line' id='line_1_36' title="bbox 191 1605 975 1642; baseline 0.004 -10"><span class='ocrx_word' id='word_1_283' title='bbox 191 1605 303 1638; x_wconf 78' lang='lat' dir='ltr'><strong>referre,</strong></span> <span class='ocrx_word' id='word_1_284' title='bbox 316 1606 338 1632; x_wconf 90' lang='lat' dir='ltr'><strong>si</strong></span> <span class='ocrx_word' id='word_1_285' title='bbox 355 1605 388 1632; x_wconf 88' lang='lat' dir='ltr'><strong>de</strong></span> <span class='ocrx_word' id='word_1_286' title='bbox 404 1606 466 1633; x_wconf 84' lang='lat' dir='ltr'><strong>liliis</strong></span> <span class='ocrx_word' id='word_1_287' title='bbox 476 1605 593 1640; x_wconf 84' lang='lat' dir='ltr'><strong>dicatur,</strong></span> <span class='ocrx_word' id='word_1_288' title='bbox 614 1607 681 1641; x_wconf 80' lang='lat' dir='ltr'><strong>facti</strong></span> <span class='ocrx_word' id='word_1_289' title='bbox 695 1613 767 1640; x_wconf 79' lang='lat' dir='ltr'><strong>sunt,</strong></span> <span class='ocrx_word' id='word_1_290' title='bbox 786 1608 902 1642; x_wconf 78' lang='lat' dir='ltr'><strong>possedi,</strong></span> <span class='ocrx_word' id='word_1_291' title='bbox 921 1609 975 1642; x_wconf 88' lang='lat' dir='ltr'><strong>vel,</strong></span> 
     </span>
    </p>
   </div>
   <div class='ocr_carea' id='block_1_37' title="bbox 193 1651 978 1690">
    <p class='ocr_par' dir='ltr' id='par_1_37' title="bbox 193 1651 978 1690">
     <span class='ocr_line' id='line_1_37' title="bbox 193 1651 978 1690; baseline 0.006 -13"><span class='ocrx_word' id='word_1_292' title='bbox 193 1651 258 1686; x_wconf 79' lang='lat' dir='ltr'><strong>feci,</strong></span> <span class='ocrx_word' id='word_1_293' title='bbox 272 1651 352 1677; x_wconf 89' lang='lat' dir='ltr'><strong>modo</strong></span> <span class='ocrx_word' id='word_1_294' title='bbox 373 1651 442 1678; x_wconf 87' lang='lat' dir='ltr'><strong>tilios</strong></span> <span class='ocrx_word' id='word_1_295' title='bbox 456 1658 502 1678; x_wconf 91' lang='lat' dir='ltr'><strong>eos</strong></span> <span class='ocrx_word' id='word_1_296' title='bbox 523 1659 583 1679; x_wconf 84' lang='lat' dir='ltr'><strong>esse</strong></span> <span class='ocrx_word' id='word_1_297' title='bbox 597 1653 771 1682; x_wconf 87' lang='lat' dir='ltr'><strong>concedatur.</strong></span> <span class='ocrx_word' id='word_1_298' title='bbox 792 1653 912 1690; x_wconf 81' lang='lat' dir='ltr'><strong>Namque</strong></span> <span class='ocrx_word' id='word_1_299' title='bbox 929 1663 978 1682; x_wconf 86' lang='lat' dir='ltr'><strong>na-</strong></span> 
     </span>
    </p>
   </div>
   <div class='ocr_carea' id='block_1_38' title="bbox 193 1695 973 1732">
    <p class='ocr_par' dir='ltr' id='par_1_38' title="bbox 193 1695 973 1732">
     <span class='ocr_line' id='line_1_38' title="bbox 193 1695 973 1732; baseline 0.005 -10"><span class='ocrx_word' id='word_1_300' title='bbox 193 1701 253 1722; x_wconf 82' lang='lat' dir='ltr'><strong>tura</strong></span> <span class='ocrx_word' id='word_1_301' title='bbox 266 1700 294 1721; x_wconf 86' lang='lat' dir='ltr'><strong>et</strong></span> <span class='ocrx_word' id='word_1_302' title='bbox 308 1695 408 1721; x_wconf 83' lang='lat' dir='ltr'><strong>veritas</strong></span> <span class='ocrx_word' id='word_1_303' title='bbox 435 1700 553 1722; x_wconf 75' lang='lat' dir='ltr'><strong>mentem</strong></span> <span class='ocrx_word' id='word_1_304' title='bbox 570 1696 604 1723; x_wconf 84' lang='lat' dir='ltr'><strong>ad</strong></span> <span class='ocrx_word' id='word_1_305' title='bbox 618 1704 647 1724; x_wconf 89' lang='lat' dir='ltr'><strong>se</strong></span> <span class='ocrx_word' id='word_1_306' title='bbox 671 1697 876 1732; x_wconf 85' lang='lat' dir='ltr'><strong>intelligendum</strong></span> <span class='ocrx_word' id='word_1_307' title='bbox 894 1703 973 1726; x_wconf 87' lang='lat' dir='ltr'><strong>attra-</strong></span> 
     </span>
    </p>
   </div>
   <div class='ocr_carea' id='block_1_39' title="bbox 193 1738 978 1776">
    <p class='ocr_par' dir='ltr' id='par_1_39' title="bbox 193 1738 978 1776">
     <span class='ocr_line' id='line_1_39' title="bbox 193 1738 978 1776; baseline 0.006 -9"><span class='ocrx_word' id='word_1_308' title='bbox 193 1739 272 1767; x_wconf 86' lang='lat' dir='ltr'><strong>hunt.</strong></span> <span class='ocrx_word' id='word_1_309' title='bbox 289 1738 421 1772; x_wconf 81' lang='lat' dir='ltr'><strong>Quocirca</strong></span> <span class='ocrx_word' id='word_1_310' title='bbox 438 1740 462 1767; x_wconf 88' lang='lat' dir='ltr'><strong>si</strong></span> <span class='ocrx_word' id='word_1_311' title='bbox 473 1740 518 1774; x_wconf 84' lang='lat' dir='ltr'><strong>qui</strong></span> <span class='ocrx_word' id='word_1_312' title='bbox 533 1741 670 1776; x_wconf 88' lang='lat' dir='ltr'><strong>disputent</strong></span> <span class='ocrx_word' id='word_1_313' title='bbox 685 1747 774 1770; x_wconf 87' lang='lat' dir='ltr'><strong>utrum</strong></span> <span class='ocrx_word' id='word_1_314' title='bbox 793 1743 922 1772; x_wconf 84' lang='lat' dir='ltr'><strong>Dominus</strong></span> <span class='ocrx_word' id='word_1_315' title='bbox 933 1752 978 1772; x_wconf 85' lang='lat' dir='ltr'><strong>res</strong></span> 
     </span>
    </p>
   </div>
   <div class='ocr_carea' id='block_1_40' title="bbox 192 1783 976 1823">
    <p class='ocr_par' dir='ltr' id='par_1_40' title="bbox 192 1783 976 1823">
     <span class='ocr_line' id='line_1_40' title="bbox 192 1783 976 1823; baseline 0.009 -12"><span class='ocrx_word' id='word_1_316' title='bbox 192 1783 265 1812; x_wconf 68' lang='lat' dir='ltr'><strong>ficta</strong></span> <span class='ocrx_word' id='word_1_317' title='bbox 279 1784 321 1811; x_wconf 73' lang='lat' dir='ltr'><strong>vel</strong></span> <span class='ocrx_word' id='word_1_318' title='bbox 337 1789 428 1812; x_wconf 84' lang='lat' dir='ltr'><strong>creata</strong></span> <span class='ocrx_word' id='word_1_319' title='bbox 443 1786 489 1816; x_wconf 87' lang='lat' dir='ltr'><strong>sit,</strong></span> <span class='ocrx_word' id='word_1_320' title='bbox 504 1786 590 1819; x_wconf 91' lang='lat' dir='ltr'><strong>primo</strong></span> <span class='ocrx_word' id='word_1_321' title='bbox 610 1788 644 1814; x_wconf 85' lang='lat' dir='ltr'><strong>ab</strong></span> <span class='ocrx_word' id='word_1_322' title='bbox 661 1787 714 1816; x_wconf 89' lang='lat' dir='ltr'><strong>illis</strong></span> <span class='ocrx_word' id='word_1_323' title='bbox 732 1789 907 1823; x_wconf 67' lang='lat' dir='ltr'><strong>quaerendum</strong></span> <span class='ocrx_word' id='word_1_324' title='bbox 925 1795 976 1823; x_wconf 79' lang='lat' dir='ltr'><strong>est,</strong></span> 
     </span>
    </p>
   </div>
   <div class='ocr_carea' id='block_1_41' title="bbox 193 1829 972 1868">
    <p class='ocr_par' dir='ltr' id='par_1_41' title="bbox 193 1829 972 1868">
     <span class='ocr_line' id='line_1_41' title="bbox 193 1829 972 1868; baseline 0.008 -12"><span class='ocrx_word' id='word_1_325' title='bbox 193 1837 259 1857; x_wconf 87' lang='lat' dir='ltr'><strong>num</strong></span> <span class='ocrx_word' id='word_1_326' title='bbox 270 1829 314 1858; x_wconf 90' lang='lat' dir='ltr'><strong>ille</strong></span> <span class='ocrx_word' id='word_1_327' title='bbox 326 1830 361 1857; x_wconf 90' lang='lat' dir='ltr'><strong>sit</strong></span> <span class='ocrx_word' id='word_1_328' title='bbox 375 1830 470 1862; x_wconf 85' lang='lat' dir='ltr'><strong>Filius,</strong></span> <span class='ocrx_word' id='word_1_329' title='bbox 487 1830 603 1858; x_wconf 85' lang='lat' dir='ltr'><strong>Verbum</strong></span> <span class='ocrx_word' id='word_1_330' title='bbox 624 1837 650 1860; x_wconf 88' lang='lat' dir='ltr'><strong>et</strong></span> <span class='ocrx_word' id='word_1_331' title='bbox 663 1832 800 1868; x_wconf 80' lang='lat' dir='ltr'><strong>Sapientia</strong></span> <span class='ocrx_word' id='word_1_332' title='bbox 811 1834 889 1862; x_wconf 73' lang='lat' dir='ltr'><strong>iHoc</strong></span> <span class='ocrx_word' id='word_1_333' title='bbox 900 1836 972 1862; x_wconf 89' lang='lat' dir='ltr'><strong>enim</strong></span> 
     </span>
    </p>
   </div>
   <div class='ocr_carea' id='block_1_42' title="bbox 193 1876 977 1915">
    <p class='ocr_par' dir='ltr' id='par_1_42' title="bbox 193 1876 977 1915">
     <span class='ocr_line' id='line_1_42' title="bbox 193 1876 977 1915; baseline 0.008 -13"><span class='ocrx_word' id='word_1_334' title='bbox 193 1876 309 1911; x_wconf 87' lang='lat' dir='ltr'><strong>probato</strong></span> <span class='ocrx_word' id='word_1_335' title='bbox 318 1884 379 1903; x_wconf 89' lang='lat' dir='ltr'><strong>mox</strong></span> <span class='ocrx_word' id='word_1_336' title='bbox 392 1876 529 1904; x_wconf 87' lang='lat' dir='ltr'><strong>evanescit</strong></span> <span class='ocrx_word' id='word_1_337' title='bbox 542 1878 631 1905; x_wconf 88' lang='lat' dir='ltr'><strong>omnis</strong></span> <span class='ocrx_word' id='word_1_338' title='bbox 645 1878 695 1906; x_wconf 79' lang='lat' dir='ltr'><strong>hac</strong></span> <span class='ocrx_word' id='word_1_339' title='bbox 707 1879 739 1906; x_wconf 89' lang='lat' dir='ltr'><strong>de</strong></span> <span class='ocrx_word' id='word_1_340' title='bbox 751 1887 779 1906; x_wconf 89' lang='lat' dir='ltr'><strong>re</strong></span> <span class='ocrx_word' id='word_1_341' title='bbox 789 1881 918 1915; x_wconf 90' lang='lat' dir='ltr'><strong>suspicio.</strong></span> <span class='ocrx_word' id='word_1_342' title='bbox 927 1881 977 1908; x_wconf 86' lang='lat' dir='ltr'><strong>Ne-</strong></span> 
     </span>
    </p>
   </div>
   <div class='ocr_carea' id='block_1_43' title="bbox 195 1920 975 1958">
    <p class='ocr_par' dir='ltr' id='par_1_43' title="bbox 195 1920 975 1958">
     <span class='ocr_line' id='line_1_43' title="bbox 195 1920 975 1958; baseline 0.008 -11"><span class='ocrx_word' id='word_1_343' title='bbox 195 1929 248 1956; x_wconf 90' lang='lat' dir='ltr'><strong>que</strong></span> <span class='ocrx_word' id='word_1_344' title='bbox 260 1921 331 1948; x_wconf 85' lang='lat' dir='ltr'><strong>enitn</strong></span> <span class='ocrx_word' id='word_1_345' title='bbox 345 1929 387 1948; x_wconf 81' lang='lat' dir='ltr'><strong>res</strong></span> <span class='ocrx_word' id='word_1_346' title='bbox 403 1920 485 1953; x_wconf 82' lang='lat' dir='ltr'><strong>facta,</strong></span> <span class='ocrx_word' id='word_1_347' title='bbox 505 1920 592 1948; x_wconf 89' lang='lat' dir='ltr'><strong>Filius</strong></span> <span class='ocrx_word' id='word_1_348' title='bbox 607 1926 634 1949; x_wconf 89' lang='lat' dir='ltr'><strong>et</strong></span> <span class='ocrx_word' id='word_1_349' title='bbox 660 1921 777 1950; x_wconf 80' lang='lat' dir='ltr'><strong>Verbum</strong></span> <span class='ocrx_word' id='word_1_350' title='bbox 796 1930 886 1958; x_wconf 81' lang='lat' dir='ltr'><strong>potest</strong></span> <span class='ocrx_word' id='word_1_351' title='bbox 898 1933 975 1958; x_wconf 85' lang='lat' dir='ltr'><strong>esse;</strong></span> 
     </span>
    </p>
   </div>
   <div class='ocr_carea' id='block_1_44' title="bbox 194 1966 978 2005">
    <p class='ocr_par' dir='ltr' id='par_1_44' title="bbox 194 1966 978 2005">
     <span class='ocr_line' id='line_1_44' title="bbox 194 1966 978 2005; baseline 0.008 -12"><span class='ocrx_word' id='word_1_352' title='bbox 194 1974 282 2001; x_wconf 87' lang='lat' dir='ltr'><strong>neque</strong></span> <span class='ocrx_word' id='word_1_353' title='bbox 297 1968 398 2002; x_wconf 87' lang='lat' dir='ltr'><strong>pariter</strong></span> <span class='ocrx_word' id='word_1_354' title='bbox 415 1966 511 1998; x_wconf 86' lang='lat' dir='ltr'><strong>Filius,</strong></span> <span class='ocrx_word' id='word_1_355' title='bbox 536 1975 580 1994; x_wconf 80' lang='lat' dir='ltr'><strong>res</strong></span> <span class='ocrx_word' id='word_1_356' title='bbox 603 1967 674 1995; x_wconf 81' lang='lat' dir='ltr'><strong>facta</strong></span> <span class='ocrx_word' id='word_1_357' title='bbox 700 1976 762 1996; x_wconf 86' lang='lat' dir='ltr'><strong>esse</strong></span> <span class='ocrx_word' id='word_1_358' title='bbox 788 1976 886 2005; x_wconf 79' lang='lat' dir='ltr'><strong>potest.</strong></span> <span class='ocrx_word' id='word_1_359' title='bbox 912 1971 978 2005; x_wconf 61' lang='lat' dir='ltr'><strong>Quae</strong></span> 
     </span>
    </p>
   </div>
   <div class='ocr_carea' id='block_1_45' title="bbox 193 2012 976 2050">
    <p class='ocr_par' dir='ltr' id='par_1_45' title="bbox 193 2012 976 2050">
     <span class='ocr_line' id='line_1_45' title="bbox 193 2012 976 2050; baseline 0.008 -11"><span class='ocrx_word' id='word_1_360' title='bbox 193 2019 255 2039; x_wconf 88' lang='lat' dir='ltr'><strong>cum</strong></span> <span class='ocrx_word' id='word_1_361' title='bbox 281 2012 318 2039; x_wconf 88' lang='lat' dir='ltr'><strong>ita</strong></span> <span class='ocrx_word' id='word_1_362' title='bbox 342 2013 405 2043; x_wconf 88' lang='lat' dir='ltr'><strong>sint,</strong></span> <span class='ocrx_word' id='word_1_363' title='bbox 424 2012 547 2047; x_wconf 82' lang='lat' dir='ltr'><strong>profecto</strong></span> <span class='ocrx_word' id='word_1_364' title='bbox 569 2014 696 2042; x_wconf 86' lang='lat' dir='ltr'><strong>omnibus</strong></span> <span class='ocrx_word' id='word_1_365' title='bbox 722 2020 795 2049; x_wconf 84' lang='lat' dir='ltr'><strong>patet</strong></span> <span class='ocrx_word' id='word_1_366' title='bbox 819 2016 868 2044; x_wconf 90' lang='lat' dir='ltr'><strong>has</strong></span> <span class='ocrx_word' id='word_1_367' title='bbox 886 2025 976 2050; x_wconf 77' lang='lat' dir='ltr'><strong>voces,</strong></span> 
     </span>
    </p>
   </div>
   <div class='ocr_carea' id='block_1_46' title="bbox 192 2058 978 2094">
    <p class='ocr_par' dir='ltr' id='par_1_46' title="bbox 192 2058 978 2094">
     <span class='ocr_line' id='line_1_46' title="bbox 192 2058 978 2094; baseline 0.008 -10"><span class='ocrx_word' id='word_1_368' title='bbox 192 2059 238 2094; x_wconf 81' lang='lat' dir='ltr'><strong>qui</strong></span> <span class='ocrx_word' id='word_1_369' title='bbox 255 2058 317 2093; x_wconf 81' lang='lat' dir='ltr'><strong>fecit</strong></span> <span class='ocrx_word' id='word_1_370' title='bbox 338 2059 425 2090; x_wconf 81' lang='lat' dir='ltr'><strong>illum,</strong></span> <span class='ocrx_word' id='word_1_371' title='bbox 442 2059 516 2086; x_wconf 93' lang='lat' dir='ltr'><strong>nullo</strong></span> <span class='ocrx_word' id='word_1_372' title='bbox 536 2059 692 2093; x_wconf 82' lang='lat' dir='ltr'><strong>adjumcnto</strong></span> <span class='ocrx_word' id='word_1_373' title='bbox 710 2061 742 2088; x_wconf 87' lang='lat' dir='ltr'><strong>ad</strong></span> <span class='ocrx_word' id='word_1_374' title='bbox 763 2061 870 2089; x_wconf 87' lang='lat' dir='ltr'><strong>illorttm</strong></span> <span class='ocrx_word' id='word_1_375' title='bbox 893 2063 978 2090; x_wconf 68' lang='lat' dir='ltr'><strong>haere-</strong></span> 
     </span>
    </p>
   </div>
   <div class='ocr_carea' id='block_1_47' title="bbox 192 2104 979 2144">
    <p class='ocr_par' dir='ltr' id='par_1_47' title="bbox 192 2104 979 2144">
     <span class='ocr_line' id='line_1_47' title="bbox 192 2104 979 2144; baseline 0.008 -13"><span class='ocrx_word' id='word_1_376' title='bbox 192 2105 244 2131; x_wconf 81' lang='lat' dir='ltr'><strong>sim</strong></span> <span class='ocrx_word' id='word_1_377' title='bbox 259 2112 329 2137; x_wconf 75' lang='lat' dir='ltr'><strong>esse,</strong></span> <span class='ocrx_word' id='word_1_378' title='bbox 347 2104 394 2131; x_wconf 83' lang='lat' dir='ltr'><strong>sed</strong></span> <span class='ocrx_word' id='word_1_379' title='bbox 413 2113 473 2132; x_wconf 88' lang='lat' dir='ltr'><strong>eam</strong></span> <span class='ocrx_word' id='word_1_380' title='bbox 497 2105 539 2132; x_wconf 87' lang='lat' dir='ltr'><strong>his</strong></span> <span class='ocrx_word' id='word_1_381' title='bbox 566 2106 656 2140; x_wconf 89' lang='lat' dir='ltr'><strong>potius</strong></span> <span class='ocrx_word' id='word_1_382' title='bbox 681 2107 867 2136; x_wconf 62' lang='lat' dir='ltr'><strong>condemnari.</strong></span> <span class='ocrx_word' id='word_1_383' title='bbox 892 2109 979 2144; x_wconf 79' lang='lat' dir='ltr'><strong>Siqui-</strong></span> 
     </span>
    </p>
   </div>
   <div class='ocr_carea' id='block_1_48' title="bbox 1030 195 1810 233">
    <p class='ocr_par' dir='ltr' id='par_1_48' title="bbox 1030 195 1810 233">
     <span class='ocr_line' id='line_1_48' title="bbox 1030 195 1810 233; baseline 0.003 -12"><span class='ocrx_word' id='word_1_384' title='bbox 1030 195 1140 230; x_wconf 73' lang='grc' dir='ltr'>μάθοιεν</span> <span class='ocrx_word' id='word_1_385' title='bbox 1155 196 1185 222; x_wconf 84' lang='grc' dir='ltr'>τὸ</span> <span class='ocrx_word' id='word_1_386' title='bbox 1200 195 1249 231; x_wconf 81' lang='grc' dir='ltr'>τῆς</span> <span class='ocrx_word' id='word_1_387' title='bbox 1263 195 1374 232; x_wconf 72' lang='grc' dir='ltr'>Γραφῆς</span> <span class='ocrx_word' id='word_1_388' title='bbox 1389 196 1496 231; x_wconf 82' lang='grc' dir='ltr'>ίδίωμα.</span> <span class='ocrx_word' id='word_1_389' title='bbox 1506 197 1560 223; x_wconf 83' lang='grc' dir='ltr'><strong>Καὶ</strong></span> <span class='ocrx_word' id='word_1_390' title='bbox 1572 197 1626 233; x_wconf 84' lang='grc' dir='ltr'><strong>γὰρ</strong></span> <span class='ocrx_word' id='word_1_391' title='bbox 1637 197 1733 233; x_wconf 84' lang='grc' dir='ltr'>ὥσπερ</span> <span class='ocrx_word' id='word_1_392' title='bbox 1749 197 1810 223; x_wconf 77' lang='grc' dir='ltr'><strong>δοῦ-</strong></span> 
     </span>
    </p>
   </div>
   <div class='ocr_carea' id='block_1_49' title="bbox 1028 240 1809 278">
    <p class='ocr_par' dir='ltr' id='par_1_49' title="bbox 1028 240 1809 278">
     <span class='ocr_line' id='line_1_49' title="bbox 1028 240 1809 278; baseline 0.005 -12"><span class='ocrx_word' id='word_1_393' title='bbox 1028 240 1073 272; x_wconf 83' lang='grc' dir='ltr'><strong>λος</strong></span> <span class='ocrx_word' id='word_1_394' title='bbox 1081 240 1190 275; x_wconf 75' lang='grc' dir='ltr'>λέγεται</span> <span class='ocrx_word' id='word_1_395' title='bbox 1202 242 1215 267; x_wconf 83' lang='grc' dir='ltr'>ὁ</span> <span class='ocrx_word' id='word_1_396' title='bbox 1231 241 1354 277; x_wconf 83' lang='grc' dir='ltr'>Σολομὼν</span> <span class='ocrx_word' id='word_1_397' title='bbox 1454 241 1554 278; x_wconf 84' lang='grc' dir='ltr'>καίπερ</span> <span class='ocrx_word' id='word_1_398' title='bbox 1569 241 1606 269; x_wconf 79' lang='grc' dir='ltr'>ὢν</span> <span class='ocrx_word' id='word_1_399' title='bbox 1620 243 1691 275; x_wconf 78' lang='grc' dir='ltr'>υἱός·</span> <span class='ocrx_word' id='word_1_400' title='bbox 1712 243 1809 276; x_wconf 80' lang='grc' dir='ltr'>οὕτως,</span> 
     </span>
    </p>
   </div>
   <div class='ocr_carea' id='block_1_50' title="bbox 1029 285 1810 323">
    <p class='ocr_par' dir='ltr' id='par_1_50' title="bbox 1029 285 1810 323">
     <span class='ocr_line' id='line_1_50' title="bbox 1029 285 1810 323; baseline 0.004 -12"><span class='ocrx_word' id='word_1_401' title='bbox 1029 286 1072 312; x_wconf 85' lang='grc' dir='ltr'><strong>ἴνα</strong></span> <span class='ocrx_word' id='word_1_402' title='bbox 1086 285 1121 312; x_wconf 77' lang='grc' dir='ltr'><strong>τὰ</strong></span> <span class='ocrx_word' id='word_1_403' title='bbox 1138 287 1166 312; x_wconf 85' lang='grc' dir='ltr'>ὲν</span> <span class='ocrx_word' id='word_1_404' title='bbox 1180 287 1235 317; x_wconf 83' lang='grc' dir='ltr'>τοῖς</span> <span class='ocrx_word' id='word_1_405' title='bbox 1245 286 1385 322; x_wconf 80' lang='grc' dir='ltr'><strong>προτέροις</strong></span> <span class='ocrx_word' id='word_1_406' title='bbox 1399 287 1529 323; x_wconf 72' lang='grc' dir='ltr'>εἰρημένα</span> <span class='ocrx_word' id='word_1_407' title='bbox 1542 287 1622 314; x_wconf 77' lang='grc' dir='ltr'>πάλιν</span> <span class='ocrx_word' id='word_1_408' title='bbox 1637 287 1766 323; x_wconf 74' lang='grc' dir='ltr'>εἴπωμεν,</span> <span class='ocrx_word' id='word_1_409' title='bbox 1786 290 1810 315; x_wconf 73' lang='grc' dir='ltr'>εἰ</span> 
     </span>
    </p>
   </div>
   <div class='ocr_carea' id='block_1_51' title="bbox 1028 331 1810 368">
    <p class='ocr_par' dir='ltr' id='par_1_51' title="bbox 1028 331 1810 368">
     <span class='ocr_line' id='line_1_51' title="bbox 1028 331 1810 368; baseline 0.001 -10"><span class='ocrx_word' id='word_1_410' title='bbox 1028 331 1075 358; x_wconf 76' lang='grc' dir='ltr'>καὶ</span> <span class='ocrx_word' id='word_1_411' title='bbox 1092 332 1271 367; x_wconf 82' lang='grc' dir='ltr'>ποιουμένους</span> <span class='ocrx_word' id='word_1_412' title='bbox 1281 333 1328 358; x_wconf 78' lang='grc' dir='ltr'>καὶ</span> <span class='ocrx_word' id='word_1_413' title='bbox 1341 332 1514 368; x_wconf 84' lang='grc' dir='ltr'>κτιζομένους</span> <span class='ocrx_word' id='word_1_414' title='bbox 1523 333 1570 360; x_wconf 78' lang='grc' dir='ltr'><strong>καὶ</strong></span> <span class='ocrx_word' id='word_1_415' title='bbox 1579 332 1735 368; x_wconf 75' lang='grc' dir='ltr'><strong>γινομένους</strong></span> <span class='ocrx_word' id='word_1_416' title='bbox 1747 333 1810 364; x_wconf 77' lang='grc' dir='ltr'>τοὺς</span> 
     </span>
    </p>
   </div>
   <div class='ocr_carea' id='block_1_52' title="bbox 1027 376 1809 413">
    <p class='ocr_par' dir='ltr' id='par_1_52' title="bbox 1027 376 1809 413">
     <span class='ocr_line' id='line_1_52' title="bbox 1027 376 1809 413; baseline 0.001 -10"><span class='ocrx_word' id='word_1_417' title='bbox 1027 376 1057 410; x_wconf 77' lang='grc' dir='ltr'><strong>ἐξ</strong></span> <span class='ocrx_word' id='word_1_418' title='bbox 1069 377 1171 403; x_wconf 79' lang='grc' dir='ltr'><strong>ἑαυτῶν</strong></span> <span class='ocrx_word' id='word_1_419' title='bbox 1253 378 1402 412; x_wconf 71' lang='grc' dir='ltr'>φυομένους</span> <span class='ocrx_word' id='word_1_420' title='bbox 1410 378 1482 409; x_wconf 78' lang='grc' dir='ltr'>υἱοὺς</span> <span class='ocrx_word' id='word_1_421' title='bbox 1490 377 1592 412; x_wconf 81' lang='grc' dir='ltr'>λέγοιεν</span> <span class='ocrx_word' id='word_1_422' title='bbox 1602 379 1627 404; x_wconf 86' lang='grc' dir='ltr'>οἱ</span> <span class='ocrx_word' id='word_1_423' title='bbox 1639 379 1738 412; x_wconf 81' lang='grc' dir='ltr'>γονεῖς,</span> <span class='ocrx_word' id='word_1_424' title='bbox 1749 378 1780 404; x_wconf 77' lang='grc' dir='ltr'>οὺ</span> <span class='ocrx_word' id='word_1_425' title='bbox 1795 392 1809 397; x_wconf 99' lang='grc'><strong>-</strong></span> 
     </span>
    </p>
   </div>
   <div class='ocr_carea' id='block_1_53' title="bbox 1026 421 1810 460">
    <p class='ocr_par' dir='ltr' id='par_1_53' title="bbox 1026 421 1810 460">
     <span class='ocr_line' id='line_1_53' title="bbox 1026 421 1810 460; baseline 0 -11"><span class='ocrx_word' id='word_1_426' title='bbox 1026 423 1070 450; x_wconf 83' lang='grc' dir='ltr'><strong>δὲν</strong></span> <span class='ocrx_word' id='word_1_427' title='bbox 1083 421 1164 458; x_wconf 81' lang='grc' dir='ltr'>ἧττον</span> <span class='ocrx_word' id='word_1_428' title='bbox 1177 424 1226 450; x_wconf 84' lang='grc' dir='ltr'>οὐκ</span> <span class='ocrx_word' id='word_1_429' title='bbox 1239 424 1381 459; x_wconf 79' lang='grc' dir='ltr'>ἀρνοῦνται</span> <span class='ocrx_word' id='word_1_430' title='bbox 1394 424 1442 460; x_wconf 84' lang='grc' dir='ltr'>τὴν</span> <span class='ocrx_word' id='word_1_431' title='bbox 1454 425 1543 459; x_wconf 80' lang='grc' dir='ltr'>φύσιν.</span> <span class='ocrx_word' id='word_1_432' title='bbox 1552 425 1581 451; x_wconf 84' lang='lat'>&#39;0</span> <span class='ocrx_word' id='word_1_433' title='bbox 1595 424 1659 459; x_wconf 81' lang='grc' dir='ltr'>γοῦν</span> <span class='ocrx_word' id='word_1_434' title='bbox 1677 423 1810 459; x_wconf 84' lang='grc' dir='ltr'>Ἐζεχίας,</span> 
     </span>
    </p>
   </div>
   <div class='ocr_carea' id='block_1_54' title="bbox 1026 469 1810 506">
    <p class='ocr_par' dir='ltr' id='par_1_54' title="bbox 1026 469 1810 506">
     <span class='ocr_line' id='line_1_54' title="bbox 1026 469 1810 506; baseline 0.001 -11"><span class='ocrx_word' id='word_1_435' title='bbox 1026 469 1064 500; x_wconf 85' lang='grc' dir='ltr'>ὡς</span> <span class='ocrx_word' id='word_1_436' title='bbox 1072 470 1099 495; x_wconf 83' lang='grc' dir='ltr'>ὲν</span> <span class='ocrx_word' id='word_1_437' title='bbox 1112 469 1151 505; x_wconf 84' lang='grc' dir='ltr'>τῷ</span> <span class='ocrx_word' id='word_1_438' title='bbox 1165 469 1262 505; x_wconf 70' lang='grc' dir='ltr'>Ἡσαΐᾳ</span> <span class='ocrx_word' id='word_1_439' title='bbox 1277 470 1440 505; x_wconf 84' lang='grc' dir='ltr'>γέγραπται,</span> <span class='ocrx_word' id='word_1_440' title='bbox 1457 470 1601 506; x_wconf 72' lang='grc' dir='ltr'>εὐχόμενος</span> <span class='ocrx_word' id='word_1_441' title='bbox 1617 470 1707 504; x_wconf 79' lang='grc' dir='ltr'>ἔλεγεν</span> <span class='ocrx_word' id='word_1_442' title='bbox 1717 479 1724 485; x_wconf 73' lang='grc'><strong><em>⁸</em></strong></span> <span class='ocrx_word' id='word_1_443' title='bbox 1742 469 1810 497; x_wconf 78' lang='grc' dir='ltr'><strong>Ἀπὸ</strong></span> 
     </span>
    </p>
   </div>
   <div class='ocr_carea' id='block_1_55' title="bbox 1025 516 1811 552">
    <p class='ocr_par' dir='ltr' id='par_1_55' title="bbox 1025 516 1811 552">
     <span class='ocr_line' id='line_1_55' title="bbox 1025 516 1811 552; baseline 0 -9"><span class='ocrx_word' id='word_1_444' title='bbox 1025 516 1080 551; x_wconf 73' lang='grc' dir='ltr'>γὰρ</span> <span class='ocrx_word' id='word_1_445' title='bbox 1089 516 1384 551; x_wconf 75' lang='grc' dir='ltr'>τῆςσήμερυνπαιδία</span> <span class='ocrx_word' id='word_1_446' title='bbox 1391 516 1515 550; x_wconf 82' lang='grc' dir='ltr'>ποιήσω,</span> <span class='ocrx_word' id='word_1_447' title='bbox 1523 517 1541 544; x_wconf 83' lang='grc' dir='ltr'><strong>ἃ</strong></span> <span class='ocrx_word' id='word_1_448' title='bbox 1549 517 1746 552; x_wconf 73' lang='grc' dir='ltr'>ἀνατγελοῦσι</span> <span class='ocrx_word' id='word_1_449' title='bbox 1752 516 1811 551; x_wconf 81' lang='grc' dir='ltr'><strong>τὴν</strong></span> 
     </span>
    </p>
   </div>
   <div class='ocr_carea' id='block_1_56' title="bbox 1025 562 1811 597">
    <p class='ocr_par' dir='ltr' id='par_1_56' title="bbox 1025 562 1811 597">
     <span class='ocr_line' id='line_1_56' title="bbox 1025 562 1811 597; baseline -0.001 -8"><span class='ocrx_word' id='word_1_450' title='bbox 1025 563 1220 596; x_wconf 74' lang='grc' dir='ltr'>δικαιοσύνην</span> <span class='ocrx_word' id='word_1_451' title='bbox 1226 564 1383 597; x_wconf 78' lang='grc' dir='ltr'>σου,Κύριε</span> <span class='ocrx_word' id='word_1_452' title='bbox 1390 562 1594 596; x_wconf 76' lang='grc' dir='ltr'>τῆςσωτηρίας</span> <span class='ocrx_word' id='word_1_453' title='bbox 1599 563 1723 597; x_wconf 73' lang='grc' dir='ltr'>μου.Καὶ</span> <span class='ocrx_word' id='word_1_454' title='bbox 1729 562 1811 594; x_wconf 66' lang='grc' dir='ltr'>αὐτὸς</span> 
     </span>
    </p>
   </div>
   <div class='ocr_carea' id='block_1_57' title="bbox 1028 608 1810 645">
    <p class='ocr_par' dir='ltr' id='par_1_57' title="bbox 1028 608 1810 645">
     <span class='ocr_line' id='line_1_57' title="bbox 1028 608 1810 645; baseline -0.001 -10"><span class='ocrx_word' id='word_1_455' title='bbox 1028 609 1077 645; x_wconf 79' lang='grc' dir='ltr'>μὲν</span> <span class='ocrx_word' id='word_1_456' title='bbox 1094 609 1182 644; x_wconf 69' lang='grc' dir='ltr'>ἔλεγε,</span> <span class='ocrx_word' id='word_1_457' title='bbox 1191 608 1320 642; x_wconf 76' lang='grc' dir='ltr'>ποιήσω·</span> <span class='ocrx_word' id='word_1_458' title='bbox 1337 611 1351 635; x_wconf 73' lang='grc' dir='ltr'>ὁ</span> <span class='ocrx_word' id='word_1_459' title='bbox 1360 610 1388 636; x_wconf 84' lang='grc' dir='ltr'><strong>δὲ</strong></span> <span class='ocrx_word' id='word_1_460' title='bbox 1400 610 1540 644; x_wconf 79' lang='grc' dir='ltr'><strong>προφήτης</strong></span> <span class='ocrx_word' id='word_1_461' title='bbox 1555 609 1582 635; x_wconf 84' lang='grc' dir='ltr'>ἓν</span> <span class='ocrx_word' id='word_1_462' title='bbox 1597 617 1626 635; x_wconf 85' lang='grc' dir='ltr'><strong>τε</strong></span> <span class='ocrx_word' id='word_1_463' title='bbox 1636 608 1709 643; x_wconf 81' lang='grc' dir='ltr'>αὐτῷ</span> <span class='ocrx_word' id='word_1_464' title='bbox 1719 608 1757 644; x_wconf 82' lang='grc' dir='ltr'>τῷ</span> <span class='ocrx_word' id='word_1_465' title='bbox 1770 609 1810 643; x_wconf 88' lang='grc' dir='ltr'><strong>βι-</strong></span> 
     </span>
    </p>
   </div>
   <div class='ocr_carea' id='block_1_58' title="bbox 1029 654 1808 692">
    <p class='ocr_par' dir='ltr' id='par_1_58' title="bbox 1029 654 1808 692">
     <span class='ocr_line' id='line_1_58' title="bbox 1029 654 1808 692; baseline 0 -11"><span class='ocrx_word' id='word_1_466' title='bbox 1029 655 1095 691; x_wconf 77' lang='grc' dir='ltr'>ὃλίῳ</span> <span class='ocrx_word' id='word_1_467' title='bbox 1109 656 1176 689; x_wconf 83' lang='grc'>(60),</span> <span class='ocrx_word' id='word_1_468' title='bbox 1192 655 1238 682; x_wconf 71' lang='grc' dir='ltr'>καὶ</span> <span class='ocrx_word' id='word_1_469' title='bbox 1251 657 1283 691; x_wconf 83' lang='grc' dir='ltr'><strong>τῇ</strong></span> <span class='ocrx_word' id='word_1_470' title='bbox 1295 655 1412 692; x_wconf 78' lang='grc' dir='ltr'>τετάρτῃ</span> <span class='ocrx_word' id='word_1_471' title='bbox 1424 655 1478 682; x_wconf 80' lang='grc' dir='ltr'>τῶν</span> <span class='ocrx_word' id='word_1_472' title='bbox 1493 654 1638 682; x_wconf 83' lang='grc' dir='ltr'>Βασιλειῶν</span> <span class='ocrx_word' id='word_1_473' title='bbox 1648 654 1718 682; x_wconf 82' lang='grc' dir='ltr'>οὕτω</span> <span class='ocrx_word' id='word_1_474' title='bbox 1732 654 1808 690; x_wconf 82' lang='grc' dir='ltr'>φησι·</span> 
     </span>
    </p>
   </div>
   <div class='ocr_carea' id='block_1_59' title="bbox 1027 700 1810 733">
    <p class='ocr_par' dir='ltr' id='par_1_59' title="bbox 1027 700 1810 733">
     <span class='ocr_line' id='line_1_59' title="bbox 1027 700 1810 733; baseline -0.001 -5"><span class='ocrx_word' id='word_1_475' title='bbox 1027 701 1082 729; x_wconf 76' lang='grc' dir='ltr'><strong>Καὶ</strong></span> <span class='ocrx_word' id='word_1_476' title='bbox 1106 702 1134 728; x_wconf 87' lang='lat' dir='ltr'><strong>ol</strong></span> <span class='ocrx_word' id='word_1_477' title='bbox 1151 701 1210 728; x_wconf 78' lang='lat' dir='ltr'><strong>vlo!</strong></span> <span class='ocrx_word' id='word_1_478' title='bbox 1223 708 1291 733; x_wconf 78' lang='grc' dir='ltr'>σου,</span> <span class='ocrx_word' id='word_1_479' title='bbox 1314 701 1342 728; x_wconf 83' lang='lat' dir='ltr'><strong>ot</strong></span> <span class='ocrx_word' id='word_1_480' title='bbox 1364 701 1574 733; x_wconf 78' lang='grc' dir='ltr'><strong>ἐξελεύσονται</strong></span> <span class='ocrx_word' id='word_1_481' title='bbox 1588 701 1622 727; x_wconf 80' lang='grc' dir='ltr'><strong>ἐκ</strong></span> <span class='ocrx_word' id='word_1_482' title='bbox 1643 700 1711 727; x_wconf 84' lang='grc' dir='ltr'>σοῦ.</span> <span class='ocrx_word' id='word_1_483' title='bbox 1739 701 1810 727; x_wconf 78' lang='grc' dir='ltr'>Ἀντὶ</span> 
     </span>
    </p>
   </div>
   <div class='ocr_carea' id='block_1_60' title="bbox 1025 745 1811 782">
    <p class='ocr_par' dir='ltr' id='par_1_60' title="bbox 1025 745 1811 782">
     <span class='ocr_line' id='line_1_60' title="bbox 1025 745 1811 782; baseline -0.004 -8"><span class='ocrx_word' id='word_1_484' title='bbox 1025 746 1072 774; x_wconf 82' lang='grc' dir='ltr'>τοῦ</span> <span class='ocrx_word' id='word_1_485' title='bbox 1087 745 1268 782; x_wconf 54' lang='lat' dir='ltr'><strong>ret-minam</strong></span> <span class='ocrx_word' id='word_1_486' title='bbox 1285 746 1326 778; x_wconf 81' lang='grc' dir='ltr'>τὸ,</span> <span class='ocrx_word' id='word_1_487' title='bbox 1343 746 1458 779; x_wconf 83' lang='grc' dir='ltr'>ποιήσω</span> <span class='ocrx_word' id='word_1_488' title='bbox 1469 766 1477 778; x_wconf 93' lang='grc'><strong>,</strong></span> <span class='ocrx_word' id='word_1_489' title='bbox 1502 746 1595 781; x_wconf 75' lang='grc' dir='ltr'>εἴρηκε</span> <span class='ocrx_word' id='word_1_490' title='bbox 1609 754 1615 760; x_wconf 90' lang='grc'><strong>·</strong></span> <span class='ocrx_word' id='word_1_491' title='bbox 1637 745 1684 772; x_wconf 77' lang='grc' dir='ltr'><strong>καὶ</strong></span> <span class='ocrx_word' id='word_1_492' title='bbox 1702 746 1764 777; x_wconf 77' lang='grc' dir='ltr'>τοὺς</span> <span class='ocrx_word' id='word_1_493' title='bbox 1780 745 1811 778; x_wconf 65' lang='grc' dir='ltr'><strong>ἐξ</strong></span> 
     </span>
    </p>
   </div>
   <div class='ocr_carea' id='block_1_61' title="bbox 1026 790 1809 828">
    <p class='ocr_par' dir='ltr' id='par_1_61' title="bbox 1026 790 1809 828">
     <span class='ocr_line' id='line_1_61' title="bbox 1026 790 1809 828; baseline -0.005 -8"><span class='ocrx_word' id='word_1_494' title='bbox 1026 792 1108 820; x_wconf 80' lang='grc' dir='ltr'>αὐτοῦ</span> <span class='ocrx_word' id='word_1_495' title='bbox 1123 792 1283 828; x_wconf 81' lang='grc' dir='ltr'>φυομένους,</span> <span class='ocrx_word' id='word_1_496' title='bbox 1296 791 1334 824; x_wconf 87' lang='grc' dir='ltr'>ὡς</span> <span class='ocrx_word' id='word_1_497' title='bbox 1351 791 1526 826; x_wconf 77' lang='grc' dir='ltr'>ποιουμένους</span> <span class='ocrx_word' id='word_1_498' title='bbox 1543 790 1619 827; x_wconf 84' lang='grc' dir='ltr'>φησί.</span> <span class='ocrx_word' id='word_1_499' title='bbox 1632 791 1686 817; x_wconf 86' lang='lat' dir='ltr'><strong>Kal</strong></span> <span class='ocrx_word' id='word_1_500' title='bbox 1701 790 1730 816; x_wconf 84' lang='grc' dir='ltr'>οὐ</span> <span class='ocrx_word' id='word_1_501' title='bbox 1749 790 1809 817; x_wconf 76' lang='grc' dir='ltr'>δισ-</span> 
     </span>
    </p>
   </div>
   <div class='ocr_carea' id='block_1_62' title="bbox 1028 837 1809 874">
    <p class='ocr_par' dir='ltr' id='par_1_62' title="bbox 1028 837 1809 874">
     <span class='ocr_line' id='line_1_62' title="bbox 1028 837 1809 874; baseline -0.003 -9"><span class='ocrx_word' id='word_1_502' title='bbox 1028 839 1142 874; x_wconf 74' lang='grc' dir='ltr'>φέρεταί</span> <span class='ocrx_word' id='word_1_503' title='bbox 1157 847 1208 870; x_wconf 83' lang='grc' dir='ltr'>τις,</span> <span class='ocrx_word' id='word_1_504' title='bbox 1224 839 1262 870; x_wconf 82' lang='grc' dir='ltr'><strong>ὡς</strong></span> <span class='ocrx_word' id='word_1_505' title='bbox 1276 839 1340 874; x_wconf 80' lang='grc' dir='ltr'>περὶ</span> <span class='ocrx_word' id='word_1_506' title='bbox 1356 838 1402 864; x_wconf 74' lang='grc' dir='ltr'><strong>τοῦ</strong></span> <span class='ocrx_word' id='word_1_507' title='bbox 1420 837 1498 873; x_wconf 78' lang='grc' dir='ltr'>φύσει</span> <span class='ocrx_word' id='word_1_508' title='bbox 1512 837 1680 873; x_wconf 86' lang='grc' dir='ltr'>γεννήματός</span> <span class='ocrx_word' id='word_1_509' title='bbox 1699 837 1772 863; x_wconf 65' lang='grc' dir='ltr'>ἐστιν</span> <span class='ocrx_word' id='word_1_510' title='bbox 1790 837 1809 872; x_wconf 80' lang='grc' dir='ltr'><strong>ἡ</strong></span> 
     </span>
    </p>
   </div>
   <div class='ocr_carea' id='block_1_63' title="bbox 1027 880 1809 920">
    <p class='ocr_par' dir='ltr' id='par_1_63' title="bbox 1027 880 1809 920">
     <span class='ocr_line' id='line_1_63' title="bbox 1027 880 1809 920; baseline -0.003 -9"><span class='ocrx_word' id='word_1_511' title='bbox 1027 884 1098 917; x_wconf 77' lang='grc' dir='ltr'>λέξις</span> <span class='ocrx_word' id='word_1_512' title='bbox 1119 884 1185 920; x_wconf 82' lang='lat' dir='ltr'><strong>(6i).</strong></span> <span class='ocrx_word' id='word_1_513' title='bbox 1204 885 1258 911; x_wconf 91' lang='lat' dir='ltr'><strong>Kal</strong></span> <span class='ocrx_word' id='word_1_514' title='bbox 1284 884 1340 911; x_wconf 72' lang='grc' dir='ltr'><strong>Εὕα</strong></span> <span class='ocrx_word' id='word_1_515' title='bbox 1363 884 1391 911; x_wconf 80' lang='grc' dir='ltr'><strong>δὲ</strong></span> <span class='ocrx_word' id='word_1_516' title='bbox 1410 883 1526 911; x_wconf 82' lang='grc' dir='ltr'>τεκοῦσα</span> <span class='ocrx_word' id='word_1_517' title='bbox 1541 883 1587 910; x_wconf 82' lang='grc' dir='ltr'>τὸν</span> <span class='ocrx_word' id='word_1_518' title='bbox 1602 883 1690 916; x_wconf 82' lang='grc' dir='ltr'>Κάῖν,</span> <span class='ocrx_word' id='word_1_519' title='bbox 1713 880 1789 910; x_wconf 72' lang='grc' dir='ltr'>εἶπεν</span> <span class='ocrx_word' id='word_1_520' title='bbox 1801 891 1809 898; x_wconf 86' lang='grc'><em>’</em></span> 
     </span>
    </p>
   </div>
   <div class='ocr_carea' id='block_1_64' title="bbox 1033 928 1809 965">
    <p class='ocr_par' dir='ltr' id='par_1_64' title="bbox 1033 928 1809 965">
     <span class='ocr_line' id='line_1_64' title="bbox 1033 928 1809 965; baseline -0.006 -6"><span class='ocrx_word' id='word_1_521' title='bbox 1033 931 1223 965; x_wconf 78' lang='grc' dir='ltr'>Ἐκτησὰμην</span> <span class='ocrx_word' id='word_1_522' title='bbox 1237 931 1393 965; x_wconf 72' lang='grc' dir='ltr'>ἄνθρωπον</span> <span class='ocrx_word' id='word_1_523' title='bbox 1413 929 1461 956; x_wconf 84' lang='grc' dir='ltr'><strong>διὰ</strong></span> <span class='ocrx_word' id='word_1_524' title='bbox 1484 929 1536 956; x_wconf 78' lang='grc' dir='ltr'>τοῦ</span> <span class='ocrx_word' id='word_1_525' title='bbox 1553 929 1636 956; x_wconf 80' lang='grc' dir='ltr'>Θεοῦ.</span> <span class='ocrx_word' id='word_1_526' title='bbox 1668 928 1740 955; x_wconf 77' lang='grc' dir='ltr'>Ἀντὶ</span> <span class='ocrx_word' id='word_1_527' title='bbox 1750 928 1809 961; x_wconf 77' lang='grc' dir='ltr'>τοῦ,</span> 
     </span>
    </p>
   </div>
   <div class='ocr_carea' id='block_1_65' title="bbox 1025 973 1811 1012">
    <p class='ocr_par' dir='ltr' id='par_1_65' title="bbox 1025 973 1811 1012">
     <span class='ocr_line' id='line_1_65' title="bbox 1025 973 1811 1012; baseline -0.006 -8"><span class='ocrx_word' id='word_1_528' title='bbox 1025 977 1132 1009; x_wconf 83' lang='grc' dir='ltr'><strong>τεκεῖν,</strong></span> <span class='ocrx_word' id='word_1_529' title='bbox 1142 977 1193 1012; x_wconf 76' lang='grc' dir='ltr'>ἄρα</span> <span class='ocrx_word' id='word_1_530' title='bbox 1206 977 1252 1003; x_wconf 77' lang='grc' dir='ltr'><strong>καὶ</strong></span> <span class='ocrx_word' id='word_1_531' title='bbox 1261 975 1329 1012; x_wconf 72' lang='grc' dir='ltr'>αὑτὴ</span> <span class='ocrx_word' id='word_1_532' title='bbox 1342 975 1381 1006; x_wconf 82' lang='grc' dir='ltr'>τὸ.</span> <span class='ocrx_word' id='word_1_533' title='bbox 1390 974 1572 1010; x_wconf 77' lang='grc' dir='ltr'>ἐκτησάμην,</span> <span class='ocrx_word' id='word_1_534' title='bbox 1580 974 1684 1010; x_wconf 86' lang='grc' dir='ltr'>εῐρηκε.</span> <span class='ocrx_word' id='word_1_535' title='bbox 1693 974 1748 1001; x_wconf 87' lang='lat' dir='ltr'><strong>Kal</strong></span> <span class='ocrx_word' id='word_1_536' title='bbox 1755 973 1811 1009; x_wconf 75' lang='grc' dir='ltr'>γὰρ</span> 
     </span>
    </p>
   </div>
   <div class='ocr_carea' id='block_1_66' title="bbox 1026 1015 1810 1057">
    <p class='ocr_par' dir='ltr' id='par_1_66' title="bbox 1026 1015 1810 1057">
     <span class='ocr_line' id='line_1_66' title="bbox 1026 1015 1810 1057; baseline -0.008 -9"><span class='ocrx_word' id='word_1_537' title='bbox 1026 1022 1156 1057; x_wconf 81' lang='grc' dir='ltr'>πρότερον</span> <span class='ocrx_word' id='word_1_538' title='bbox 1177 1020 1267 1047; x_wconf 80' lang='grc' dir='ltr'>ἰδοῦσα</span> <span class='ocrx_word' id='word_1_539' title='bbox 1288 1020 1334 1046; x_wconf 82' lang='grc' dir='ltr'>τὸν</span> <span class='ocrx_word' id='word_1_540' title='bbox 1352 1019 1440 1051; x_wconf 82' lang='grc' dir='ltr'>τόκον,</span> <span class='ocrx_word' id='word_1_541' title='bbox 1455 1019 1567 1054; x_wconf 75' lang='grc' dir='ltr'>ὕστερον</span> <span class='ocrx_word' id='word_1_542' title='bbox 1581 1015 1641 1044; x_wconf 78' lang='grc' dir='ltr'>εἷπε</span> <span class='ocrx_word' id='word_1_543' title='bbox 1657 1017 1688 1043; x_wconf 69' lang='grc' dir='ltr'>τὸ</span> <span class='ocrx_word' id='word_1_544' title='bbox 1698 1037 1706 1049; x_wconf 96' lang='grc'><strong>,</strong></span> <span class='ocrx_word' id='word_1_545' title='bbox 1722 1017 1810 1050; x_wconf 76' lang='grc' dir='ltr'>ἐκτη-</span> 
     </span>
    </p>
   </div>
   <div class='ocr_carea' id='block_1_67' title="bbox 1026 1062 1811 1101">
    <p class='ocr_par' dir='ltr' id='par_1_67' title="bbox 1026 1062 1811 1101">
     <span class='ocr_line' id='line_1_67' title="bbox 1026 1062 1811 1101; baseline -0.006 -8"><span class='ocrx_word' id='word_1_546' title='bbox 1026 1067 1137 1101; x_wconf 73' lang='grc' dir='ltr'>σάμην.</span> <span class='ocrx_word' id='word_1_547' title='bbox 1159 1066 1214 1093; x_wconf 89' lang='lat' dir='ltr'><strong>Kal</strong></span> <span class='ocrx_word' id='word_1_548' title='bbox 1231 1065 1260 1092; x_wconf 84' lang='grc' dir='ltr'>οὑ</span> <span class='ocrx_word' id='word_1_549' title='bbox 1278 1065 1321 1091; x_wconf 82' lang='grc' dir='ltr'><strong>διὰ</strong></span> <span class='ocrx_word' id='word_1_550' title='bbox 1336 1064 1384 1096; x_wconf 82' lang='grc' dir='ltr'><strong>τὸ,</strong></span> <span class='ocrx_word' id='word_1_551' title='bbox 1399 1063 1574 1097; x_wconf 80' lang='grc' dir='ltr'><strong>ἐκτησάμην</strong></span> <span class='ocrx_word' id='word_1_552' title='bbox 1590 1062 1656 1098; x_wconf 74' lang='grc'>(62),</span> <span class='ocrx_word' id='word_1_553' title='bbox 1676 1062 1811 1097; x_wconf 83' lang='grc' dir='ltr'>νομίσειεν</span> 
     </span>
    </p>
   </div>
   <div class='ocr_carea' id='block_1_68' title="bbox 1029 1107 1811 1146">
    <p class='ocr_par' dir='ltr' id='par_1_68' title="bbox 1029 1107 1811 1146">
     <span class='ocr_line' id='line_1_68' title="bbox 1029 1107 1811 1146; baseline -0.008 -7"><span class='ocrx_word' id='word_1_554' title='bbox 1029 1112 1061 1139; x_wconf 81' lang='grc' dir='ltr'>ἄν</span> <span class='ocrx_word' id='word_1_555' title='bbox 1075 1120 1116 1143; x_wconf 85' lang='grc' dir='ltr'><strong>τις</strong></span> <span class='ocrx_word' id='word_1_556' title='bbox 1133 1111 1232 1144; x_wconf 77' lang='grc' dir='ltr'>ἔξωθεν</span> <span class='ocrx_word' id='word_1_557' title='bbox 1246 1109 1396 1146; x_wconf 78' lang='grc' dir='ltr'>ἠγοράσθαι</span> <span class='ocrx_word' id='word_1_558' title='bbox 1412 1109 1458 1136; x_wconf 79' lang='grc' dir='ltr'>τὸν</span> <span class='ocrx_word' id='word_1_559' title='bbox 1472 1109 1552 1140; x_wconf 83' lang='grc' dir='ltr'>Κάῖν,</span> <span class='ocrx_word' id='word_1_560' title='bbox 1572 1108 1618 1135; x_wconf 72' lang='grc' dir='ltr'>καὶ</span> <span class='ocrx_word' id='word_1_561' title='bbox 1634 1107 1670 1143; x_wconf 80' lang='grc' dir='ltr'>μὴ</span> <span class='ocrx_word' id='word_1_562' title='bbox 1681 1107 1711 1139; x_wconf 72' lang='grc' dir='ltr'><strong>ἐξ</strong></span> <span class='ocrx_word' id='word_1_563' title='bbox 1726 1107 1811 1142; x_wconf 81' lang='grc' dir='ltr'>αὐτῆς</span> 
     </span>
    </p>
   </div>
   <div class='ocr_carea' id='block_1_69' title="bbox 1025 1152 1811 1191">
    <p class='ocr_par' dir='ltr' id='par_1_69' title="bbox 1025 1152 1811 1191">
     <span class='ocr_line' id='line_1_69' title="bbox 1025 1152 1811 1191; baseline -0.005 -9"><span class='ocrx_word' id='word_1_564' title='bbox 1025 1155 1158 1191; x_wconf 80' lang='grc' dir='ltr'><strong>τετέχθαι.</strong></span> <span class='ocrx_word' id='word_1_565' title='bbox 1180 1155 1235 1182; x_wconf 87' lang='lat' dir='ltr'><strong>Kal</strong></span> <span class='ocrx_word' id='word_1_566' title='bbox 1255 1156 1269 1181; x_wconf 83' lang='grc' dir='ltr'>ὁ</span> <span class='ocrx_word' id='word_1_567' title='bbox 1296 1155 1465 1190; x_wconf 83' lang='grc' dir='ltr'>πατριάρχης</span> <span class='ocrx_word' id='word_1_568' title='bbox 1494 1154 1523 1180; x_wconf 76' lang='grc' dir='ltr'><strong>δὲ</strong></span> <span class='ocrx_word' id='word_1_569' title='bbox 1551 1152 1646 1180; x_wconf 81' lang='grc' dir='ltr'>Ὶακὼσ</span> <span class='ocrx_word' id='word_1_570' title='bbox 1672 1152 1747 1187; x_wconf 77' lang='grc' dir='ltr'>ἔλεγε</span> <span class='ocrx_word' id='word_1_571' title='bbox 1770 1152 1811 1187; x_wconf 80' lang='grc' dir='ltr'>τῷ</span> 
     </span>
    </p>
   </div>
   <div class='ocr_carea' id='block_1_70' title="bbox 1031 1198 1811 1237">
    <p class='ocr_par' dir='ltr' id='par_1_70' title="bbox 1031 1198 1811 1237">
     <span class='ocr_line' id='line_1_70' title="bbox 1031 1198 1811 1237; baseline -0.006 -8"><span class='ocrx_word' id='word_1_572' title='bbox 1031 1203 1130 1237; x_wconf 81' lang='grc' dir='ltr'>Ἰωσήφ</span> <span class='ocrx_word' id='word_1_573' title='bbox 1141 1210 1147 1216; x_wconf 95' lang='grc'><strong>·</strong></span> <span class='ocrx_word' id='word_1_574' title='bbox 1169 1201 1233 1228; x_wconf 81' lang='grc' dir='ltr'><strong>Νῦν</strong></span> <span class='ocrx_word' id='word_1_575' title='bbox 1249 1199 1306 1228; x_wconf 85' lang='grc' dir='ltr'><strong>οὖν</strong></span> <span class='ocrx_word' id='word_1_576' title='bbox 1323 1199 1378 1235; x_wconf 81' lang='grc'>(65)</span> <span class='ocrx_word' id='word_1_577' title='bbox 1394 1201 1421 1226; x_wconf 81' lang='grc' dir='ltr'>οὶ</span> <span class='ocrx_word' id='word_1_578' title='bbox 1437 1199 1492 1226; x_wconf 83' lang='grc' dir='ltr'><strong>δύο</strong></span> <span class='ocrx_word' id='word_1_579' title='bbox 1511 1199 1570 1226; x_wconf 86' lang='grc' dir='ltr'><strong>υιοί</strong></span> <span class='ocrx_word' id='word_1_580' title='bbox 1583 1206 1652 1230; x_wconf 80' lang='grc' dir='ltr'>σου,</span> <span class='ocrx_word' id='word_1_581' title='bbox 1675 1199 1702 1225; x_wconf 81' lang='grc' dir='ltr'>οἱ</span> <span class='ocrx_word' id='word_1_582' title='bbox 1727 1198 1811 1232; x_wconf 75' lang='grc' dir='ltr'>γενό-</span> 
     </span>
    </p>
   </div>
   <div class='ocr_carea' id='block_1_71' title="bbox 1022 1242 1812 1283">
    <p class='ocr_par' dir='ltr' id='par_1_71' title="bbox 1022 1242 1812 1283">
     <span class='ocr_line' id='line_1_71' title="bbox 1022 1242 1812 1283; baseline -0.008 -8"><span class='ocrx_word' id='word_1_583' title='bbox 1022 1249 1108 1283; x_wconf 80' lang='grc' dir='ltr'>μενοι</span> <span class='ocrx_word' id='word_1_584' title='bbox 1126 1255 1176 1274; x_wconf 89' lang='grc' dir='ltr'><strong>σοι</strong></span> <span class='ocrx_word' id='word_1_585' title='bbox 1188 1246 1374 1281; x_wconf 72' lang='grc' dir='ltr'>ἐνΑἰγύπτῳ,</span> <span class='ocrx_word' id='word_1_586' title='bbox 1389 1245 1444 1279; x_wconf 85' lang='grc' dir='ltr'>πρὸ</span> <span class='ocrx_word' id='word_1_587' title='bbox 1459 1245 1512 1272; x_wconf 80' lang='grc' dir='ltr'>τοῦ</span> <span class='ocrx_word' id='word_1_588' title='bbox 1521 1253 1559 1279; x_wconf 83' lang='grc' dir='ltr'><strong>με</strong></span> <span class='ocrx_word' id='word_1_589' title='bbox 1571 1244 1670 1271; x_wconf 74' lang='grc' dir='ltr'>ἐλθεῖν</span> <span class='ocrx_word' id='word_1_590' title='bbox 1687 1243 1760 1278; x_wconf 75' lang='grc' dir='ltr'>πρὸς</span> <span class='ocrx_word' id='word_1_591' title='bbox 1773 1242 1812 1270; x_wconf 79' lang='grc' dir='ltr'>σὲ</span> 
     </span>
    </p>
   </div>
   <div class='ocr_carea' id='block_1_72' title="bbox 1024 1287 1808 1327">
    <p class='ocr_par' dir='ltr' id='par_1_72' title="bbox 1024 1287 1808 1327">
     <span class='ocr_line' id='line_1_72' title="bbox 1024 1287 1808 1327; baseline -0.008 -7"><span class='ocrx_word' id='word_1_592' title='bbox 1024 1294 1068 1326; x_wconf 79' lang='grc' dir='ltr'>εἰς</span> <span class='ocrx_word' id='word_1_593' title='bbox 1076 1293 1237 1327; x_wconf 78' lang='grc' dir='ltr'>Αἴγυπτον,</span> <span class='ocrx_word' id='word_1_594' title='bbox 1247 1291 1312 1326; x_wconf 81' lang='grc' dir='ltr'>ἐμοί</span> <span class='ocrx_word' id='word_1_595' title='bbox 1327 1291 1415 1322; x_wconf 72' lang='grc' dir='ltr'>εἰσιν,</span> <span class='ocrx_word' id='word_1_596' title='bbox 1434 1289 1558 1324; x_wconf 67' lang='grc' dir='ltr'>Ἐφραῒμ</span> <span class='ocrx_word' id='word_1_597' title='bbox 1571 1289 1619 1316; x_wconf 77' lang='grc' dir='ltr'>καὶ</span> <span class='ocrx_word' id='word_1_598' title='bbox 1630 1287 1808 1322; x_wconf 80' lang='grc' dir='ltr'><strong>Μανασσῆς.</strong></span> 
     </span>
    </p>
   </div>
   <div class='ocr_carea' id='block_1_73' title="bbox 1025 1334 1810 1374">
    <p class='ocr_par' dir='ltr' id='par_1_73' title="bbox 1025 1334 1810 1374">
     <span class='ocr_line' id='line_1_73' title="bbox 1025 1334 1810 1374; baseline -0.008 -8"><span class='ocrx_word' id='word_1_599' title='bbox 1025 1339 1079 1366; x_wconf 86' lang='lat' dir='ltr'><strong>Kal</strong></span> <span class='ocrx_word' id='word_1_600' title='bbox 1098 1339 1114 1374; x_wconf 88' lang='grc' dir='ltr'>ή</span> <span class='ocrx_word' id='word_1_601' title='bbox 1134 1337 1230 1373; x_wconf 78' lang='grc' dir='ltr'>Γραφὴ</span> <span class='ocrx_word' id='word_1_602' title='bbox 1245 1337 1273 1363; x_wconf 79' lang='grc' dir='ltr'>δὲ</span> <span class='ocrx_word' id='word_1_603' title='bbox 1296 1337 1359 1371; x_wconf 75' lang='grc' dir='ltr'>περὶ</span> <span class='ocrx_word' id='word_1_604' title='bbox 1381 1335 1428 1362; x_wconf 76' lang='grc' dir='ltr'>τοῦ</span> <span class='ocrx_word' id='word_1_605' title='bbox 1449 1335 1509 1362; x_wconf 76' lang='grc' dir='ltr'><strong>Ἰώϐ</strong></span> <span class='ocrx_word' id='word_1_606' title='bbox 1530 1343 1628 1369; x_wconf 83' lang='grc' dir='ltr'>φησιν·</span> <span class='ocrx_word' id='word_1_607' title='bbox 1657 1334 1810 1369; x_wconf 75' lang='grc' dir='ltr'>Ἐγένοντο</span> 
     </span>
    </p>
   </div>
   <div class='ocr_carea' id='block_1_74' title="bbox 1024 1379 1809 1419">
    <p class='ocr_par' dir='ltr' id='par_1_74' title="bbox 1024 1379 1809 1419">
     <span class='ocr_line' id='line_1_74' title="bbox 1024 1379 1809 1419; baseline -0.009 -7"><span class='ocrx_word' id='word_1_608' title='bbox 1024 1385 1104 1417; x_wconf 76' lang='grc' dir='ltr'><strong>αὐτῷ</strong></span> <span class='ocrx_word' id='word_1_609' title='bbox 1122 1384 1178 1419; x_wconf 67' lang='grc'>(64)</span> <span class='ocrx_word' id='word_1_610' title='bbox 1198 1383 1255 1410; x_wconf 76' lang='grc' dir='ltr'><strong>υἱοὶ</strong></span> <span class='ocrx_word' id='word_1_611' title='bbox 1271 1383 1355 1414; x_wconf 78' lang='grc' dir='ltr'>ἑπτὰ,</span> <span class='ocrx_word' id='word_1_612' title='bbox 1376 1381 1425 1410; x_wconf 73' lang='grc' dir='ltr'><strong>καὶ</strong></span> <span class='ocrx_word' id='word_1_613' title='bbox 1441 1380 1598 1416; x_wconf 76' lang='grc' dir='ltr'>θυγατέρες</span> <span class='ocrx_word' id='word_1_614' title='bbox 1611 1379 1701 1414; x_wconf 80' lang='grc' dir='ltr'>τρεῖς·</span> <span class='ocrx_word' id='word_1_615' title='bbox 1716 1379 1809 1414; x_wconf 80' lang='grc' dir='ltr'>ὥσπερ</span> 
     </span>
    </p>
   </div>
   <div class='ocr_carea' id='block_1_75' title="bbox 1024 1423 1809 1465">
    <p class='ocr_par' dir='ltr' id='par_1_75' title="bbox 1024 1423 1809 1465">
     <span class='ocr_line' id='line_1_75' title="bbox 1024 1423 1809 1465; baseline -0.008 -8"><span class='ocrx_word' id='word_1_616' title='bbox 1024 1431 1070 1458; x_wconf 75' lang='grc' dir='ltr'>καὶ</span> <span class='ocrx_word' id='word_1_617' title='bbox 1082 1429 1201 1465; x_wconf 79' lang='grc' dir='ltr'>Μωῦσῆς</span> <span class='ocrx_word' id='word_1_618' title='bbox 1218 1429 1326 1463; x_wconf 76' lang='grc' dir='ltr'>εἴρηκεν</span> <span class='ocrx_word' id='word_1_619' title='bbox 1345 1428 1373 1453; x_wconf 84' lang='grc' dir='ltr'>ὲν</span> <span class='ocrx_word' id='word_1_620' title='bbox 1389 1427 1426 1462; x_wconf 85' lang='grc' dir='ltr'>τῷ</span> <span class='ocrx_word' id='word_1_621' title='bbox 1442 1427 1526 1462; x_wconf 83' lang='grc' dir='ltr'>νόμῳ·</span> <span class='ocrx_word' id='word_1_622' title='bbox 1544 1427 1610 1453; x_wconf 77' lang='grc' dir='ltr'><strong>Ἐὰν</strong></span> <span class='ocrx_word' id='word_1_623' title='bbox 1622 1425 1655 1452; x_wconf 82' lang='grc' dir='ltr'><strong>δὲ</strong></span> <span class='ocrx_word' id='word_1_624' title='bbox 1667 1423 1809 1460; x_wconf 58' lang='grc' dir='ltr'>γένωνται</span> 
     </span>
    </p>
   </div>
   <div class='ocr_carea' id='block_1_76' title="bbox 1025 1472 1533 1506">
    <p class='ocr_par' dir='ltr' id='par_1_76' title="bbox 1025 1472 1533 1506">
     <span class='ocr_line' id='line_1_76' title="bbox 1025 1472 1533 1506; baseline -0.008 -4"><span class='ocrx_word' id='word_1_625' title='bbox 1025 1485 1082 1503; x_wconf 78' lang='grc' dir='ltr'>τινι</span> <span class='ocrx_word' id='word_1_626' title='bbox 1098 1475 1157 1502; x_wconf 81' lang='grc' dir='ltr'>υίοί</span> <span class='ocrx_word' id='word_1_627' title='bbox 1169 1484 1176 1490; x_wconf 81' lang='lat'><strong>&#39;</strong></span> <span class='ocrx_word' id='word_1_628' title='bbox 1191 1474 1248 1505; x_wconf 71' lang='grc' dir='ltr'>καὶ,</span> <span class='ocrx_word' id='word_1_629' title='bbox 1265 1474 1319 1500; x_wconf 83' lang='grc' dir='ltr'><strong>ἐὰν</strong></span> <span class='ocrx_word' id='word_1_630' title='bbox 1330 1472 1442 1506; x_wconf 79' lang='grc' dir='ltr'>ποιήσῃ</span> <span class='ocrx_word' id='word_1_631' title='bbox 1457 1472 1533 1499; x_wconf 77' lang='grc' dir='ltr'><strong>υἱόν.</strong></span> 
     </span>
    </p>
   </div>
   <div class='ocr_carea' id='block_1_77' title="bbox 1061 1515 1810 1552">
    <p class='ocr_par' dir='ltr' id='par_1_77' title="bbox 1061 1515 1810 1552">
     <span class='ocr_line' id='line_1_77' title="bbox 1061 1515 1810 1552; baseline -0.004 -7"><span class='ocrx_word' id='word_1_632' title='bbox 1061 1519 1087 1545; x_wconf 78' lang='lat'><strong>5.</strong></span> <span class='ocrx_word' id='word_1_633' title='bbox 1114 1518 1180 1545; x_wconf 73' lang='grc' dir='ltr'>Ἰδοὺ</span> <span class='ocrx_word' id='word_1_634' title='bbox 1205 1518 1285 1545; x_wconf 75' lang='grc' dir='ltr'>πάλιν</span> <span class='ocrx_word' id='word_1_635' title='bbox 1305 1517 1368 1550; x_wconf 74' lang='grc' dir='ltr'>τοὺς</span> <span class='ocrx_word' id='word_1_636' title='bbox 1391 1516 1578 1552; x_wconf 73' lang='grc' dir='ltr'>γεννηθέντας,</span> <span class='ocrx_word' id='word_1_637' title='bbox 1595 1515 1632 1548; x_wconf 85' lang='grc' dir='ltr'>ὡς</span> <span class='ocrx_word' id='word_1_638' title='bbox 1648 1515 1810 1551; x_wconf 85' lang='grc' dir='ltr'>γενομένους</span> 
     </span>
    </p>
   </div>
   <div class='ocr_carea' id='block_1_78' title="bbox 1026 1562 1809 1600">
    <p class='ocr_par' dir='ltr' id='par_1_78' title="bbox 1026 1562 1809 1600">
     <span class='ocr_line' id='line_1_78' title="bbox 1026 1562 1809 1600; baseline -0.006 -8"><span class='ocrx_word' id='word_1_639' title='bbox 1026 1565 1074 1592; x_wconf 68' lang='grc' dir='ltr'>καὶ</span> <span class='ocrx_word' id='word_1_640' title='bbox 1089 1564 1250 1600; x_wconf 78' lang='grc' dir='ltr'>ποιηθέντας</span> <span class='ocrx_word' id='word_1_641' title='bbox 1265 1564 1406 1599; x_wconf 77' lang='grc' dir='ltr'>εἰρήκασιν</span> <span class='ocrx_word' id='word_1_642' title='bbox 1418 1582 1425 1594; x_wconf 91' lang='grc'><strong>,</strong></span> <span class='ocrx_word' id='word_1_643' title='bbox 1445 1562 1560 1593; x_wconf 72' lang='grc' dir='ltr'>εἰδότες,</span> <span class='ocrx_word' id='word_1_644' title='bbox 1582 1562 1622 1588; x_wconf 86' lang='grc' dir='ltr'>ὅτι</span> <span class='ocrx_word' id='word_1_645' title='bbox 1641 1562 1693 1593; x_wconf 78' lang='grc' dir='ltr'><strong>ἕως</strong></span> <span class='ocrx_word' id='word_1_646' title='bbox 1713 1562 1809 1597; x_wconf 81' lang='grc' dir='ltr'>ὁμολο-</span> 
     </span>
    </p>
   </div>
   <div class='ocr_carea' id='block_1_79' title="bbox 1026 1607 1811 1645">
    <p class='ocr_par' dir='ltr' id='par_1_79' title="bbox 1026 1607 1811 1645">
     <span class='ocr_line' id='line_1_79' title="bbox 1026 1607 1811 1645; baseline -0.004 -9"><span class='ocrx_word' id='word_1_647' title='bbox 1026 1610 1137 1645; x_wconf 76' lang='grc' dir='ltr'>γοῦνται</span> <span class='ocrx_word' id='word_1_648' title='bbox 1152 1610 1205 1636; x_wconf 67' lang='grc' dir='ltr'>υἱοὶ</span> <span class='ocrx_word' id='word_1_649' title='bbox 1222 1609 1288 1645; x_wconf 73' lang='grc'>(65),</span> <span class='ocrx_word' id='word_1_650' title='bbox 1311 1608 1363 1635; x_wconf 77' lang='grc' dir='ltr'>κᾶν</span> <span class='ocrx_word' id='word_1_651' title='bbox 1383 1608 1448 1644; x_wconf 81' lang='grc' dir='ltr'>λέγῃ</span> <span class='ocrx_word' id='word_1_652' title='bbox 1463 1616 1514 1640; x_wconf 85' lang='grc' dir='ltr'>τις,</span> <span class='ocrx_word' id='word_1_653' title='bbox 1534 1607 1682 1642; x_wconf 74' lang='grc' dir='ltr'>ἐγένοντο,</span> <span class='ocrx_word' id='word_1_654' title='bbox 1695 1607 1712 1644; x_wconf 73' lang='grc' dir='ltr'>ἢ</span> <span class='ocrx_word' id='word_1_655' title='bbox 1725 1607 1811 1642; x_wconf 82' lang='grc' dir='ltr'>ἐκτη-</span> 
     </span>
    </p>
   </div>
   <div class='ocr_carea' id='block_1_80' title="bbox 1026 1651 1810 1692">
    <p class='ocr_par' dir='ltr' id='par_1_80' title="bbox 1026 1651 1810 1692">
     <span class='ocr_line' id='line_1_80' title="bbox 1026 1651 1810 1692; baseline -0.008 -8"><span class='ocrx_word' id='word_1_656' title='bbox 1026 1657 1138 1691; x_wconf 75' lang='grc' dir='ltr'>σάμην,</span> <span class='ocrx_word' id='word_1_657' title='bbox 1158 1657 1174 1692; x_wconf 83' lang='grc' dir='ltr'>ἦ</span> <span class='ocrx_word' id='word_1_658' title='bbox 1191 1656 1330 1689; x_wconf 76' lang='grc' dir='ltr'>ἐποίησα,</span> <span class='ocrx_word' id='word_1_659' title='bbox 1349 1654 1423 1680; x_wconf 81' lang='grc' dir='ltr'>οὐδὲν</span> <span class='ocrx_word' id='word_1_660' title='bbox 1446 1653 1578 1688; x_wconf 84' lang='grc' dir='ltr'>διαφέρει.</span> <span class='ocrx_word' id='word_1_661' title='bbox 1607 1652 1638 1679; x_wconf 86' lang='grc' dir='ltr'><strong>Ἦ</strong></span> <span class='ocrx_word' id='word_1_662' title='bbox 1657 1653 1711 1689; x_wconf 88' lang='grc' dir='ltr'><strong>γὰρ</strong></span> <span class='ocrx_word' id='word_1_663' title='bbox 1730 1651 1810 1687; x_wconf 85' lang='grc' dir='ltr'>φύσις</span> 
     </span>
    </p>
   </div>
   <div class='ocr_carea' id='block_1_81' title="bbox 1027 1697 1810 1738">
    <p class='ocr_par' dir='ltr' id='par_1_81' title="bbox 1027 1697 1810 1738">
     <span class='ocr_line' id='line_1_81' title="bbox 1027 1697 1810 1738; baseline -0.008 -9"><span class='ocrx_word' id='word_1_664' title='bbox 1027 1703 1074 1730; x_wconf 73' lang='grc' dir='ltr'>καὶ</span> <span class='ocrx_word' id='word_1_665' title='bbox 1099 1703 1115 1738; x_wconf 89' lang='grc' dir='ltr'><strong>ἡ</strong></span> <span class='ocrx_word' id='word_1_666' title='bbox 1140 1702 1253 1737; x_wconf 82' lang='grc' dir='ltr'>ἀλήθεια</span> <span class='ocrx_word' id='word_1_667' title='bbox 1272 1700 1345 1727; x_wconf 75' lang='grc' dir='ltr'>ἕλκει</span> <span class='ocrx_word' id='word_1_668' title='bbox 1365 1699 1412 1734; x_wconf 82' lang='grc' dir='ltr'>τὴν</span> <span class='ocrx_word' id='word_1_669' title='bbox 1431 1698 1549 1725; x_wconf 80' lang='grc' dir='ltr'>διάνοιαν</span> <span class='ocrx_word' id='word_1_670' title='bbox 1582 1699 1620 1729; x_wconf 88' lang='grc' dir='ltr'><strong>είς</strong></span> <span class='ocrx_word' id='word_1_671' title='bbox 1636 1698 1746 1734; x_wconf 82' lang='grc' dir='ltr'>ἑαυτήν.</span> <span class='ocrx_word' id='word_1_672' title='bbox 1765 1697 1810 1724; x_wconf 79' lang='grc' dir='ltr'><strong>Διὸ</strong></span> 
     </span>
    </p>
   </div>
   <div class='ocr_carea' id='block_1_82' title="bbox 1028 1742 1809 1784">
    <p class='ocr_par' dir='ltr' id='par_1_82' title="bbox 1028 1742 1809 1784">
     <span class='ocr_line' id='line_1_82' title="bbox 1028 1742 1809 1784; baseline -0.009 -8"><span class='ocrx_word' id='word_1_673' title='bbox 1028 1749 1074 1776; x_wconf 79' lang='grc' dir='ltr'>καὶ</span> <span class='ocrx_word' id='word_1_674' title='bbox 1089 1748 1157 1784; x_wconf 74' lang='grc' dir='ltr'>πρὸς</span> <span class='ocrx_word' id='word_1_675' title='bbox 1173 1748 1237 1779; x_wconf 79' lang='grc' dir='ltr'>τοὺς</span> <span class='ocrx_word' id='word_1_676' title='bbox 1252 1747 1409 1782; x_wconf 80' lang='grc' dir='ltr'>ζητοῦντας,</span> <span class='ocrx_word' id='word_1_677' title='bbox 1425 1746 1449 1771; x_wconf 89' lang='grc' dir='ltr'><strong>εί</strong></span> <span class='ocrx_word' id='word_1_678' title='bbox 1467 1745 1568 1780; x_wconf 79' lang='grc' dir='ltr'>κτίσμα</span> <span class='ocrx_word' id='word_1_679' title='bbox 1579 1743 1626 1770; x_wconf 72' lang='grc' dir='ltr'>καὶ</span> <span class='ocrx_word' id='word_1_680' title='bbox 1640 1742 1809 1779; x_wconf 54' lang='lat' dir='ltr'><strong>minuam!”</strong></span> 
     </span>
    </p>
   </div>
   <div class='ocr_carea' id='block_1_83' title="bbox 1027 1788 1809 1828">
    <p class='ocr_par' dir='ltr' id='par_1_83' title="bbox 1027 1788 1809 1828">
     <span class='ocr_line' id='line_1_83' title="bbox 1027 1788 1809 1828; baseline -0.008 -9"><span class='ocrx_word' id='word_1_681' title='bbox 1027 1793 1100 1819; x_wconf 86' lang='grc' dir='ltr'>ὲστιν</span> <span class='ocrx_word' id='word_1_682' title='bbox 1112 1793 1126 1818; x_wconf 84' lang='grc' dir='ltr'>ὁ</span> <span class='ocrx_word' id='word_1_683' title='bbox 1148 1792 1260 1828; x_wconf 85' lang='grc' dir='ltr'>Κύριος,</span> <span class='ocrx_word' id='word_1_684' title='bbox 1287 1791 1340 1826; x_wconf 78' lang='grc' dir='ltr'>χρὴ</span> <span class='ocrx_word' id='word_1_685' title='bbox 1366 1790 1498 1825; x_wconf 81' lang='grc' dir='ltr'>πρότερον</span> <span class='ocrx_word' id='word_1_686' title='bbox 1517 1788 1607 1824; x_wconf 81' lang='grc' dir='ltr'>ζητεῖν</span> <span class='ocrx_word' id='word_1_687' title='bbox 1623 1789 1647 1814; x_wconf 85' lang='grc' dir='ltr'>εὶ</span> <span class='ocrx_word' id='word_1_688' title='bbox 1664 1788 1728 1820; x_wconf 78' lang='grc' dir='ltr'>Υίός</span> <span class='ocrx_word' id='word_1_689' title='bbox 1741 1789 1809 1820; x_wconf 71' lang='grc' dir='ltr'>ἐστι,</span> 
     </span>
    </p>
   </div>
   <div class='ocr_carea' id='block_1_84' title="bbox 1027 1832 1808 1871">
    <p class='ocr_par' dir='ltr' id='par_1_84' title="bbox 1027 1832 1808 1871">
     <span class='ocr_line' id='line_1_84' title="bbox 1027 1832 1808 1871; baseline -0.008 -6"><span class='ocrx_word' id='word_1_690' title='bbox 1027 1839 1074 1865; x_wconf 76' lang='grc' dir='ltr'>καὶ</span> <span class='ocrx_word' id='word_1_691' title='bbox 1091 1838 1186 1871; x_wconf 83' lang='grc' dir='ltr'>Λόγος,</span> <span class='ocrx_word' id='word_1_692' title='bbox 1204 1837 1251 1863; x_wconf 80' lang='lat' dir='ltr'><strong>xal</strong></span> <span class='ocrx_word' id='word_1_693' title='bbox 1265 1835 1358 1870; x_wconf 61' lang='grc' dir='ltr'>Σοφία.</span> <span class='ocrx_word' id='word_1_694' title='bbox 1377 1834 1485 1861; x_wconf 86' lang='grc' dir='ltr'>Τούτων</span> <span class='ocrx_word' id='word_1_695' title='bbox 1496 1834 1550 1870; x_wconf 81' lang='grc' dir='ltr'>γὰρ</span> <span class='ocrx_word' id='word_1_696' title='bbox 1562 1832 1808 1868; x_wconf 75' lang='grc' dir='ltr'>ἀποδεικνυμένων,</span> 
     </span>
    </p>
   </div>
   <div class='ocr_carea' id='block_1_85' title="bbox 1027 1877 1810 1914">
    <p class='ocr_par' dir='ltr' id='par_1_85' title="bbox 1027 1877 1810 1914">
     <span class='ocr_line' id='line_1_85' title="bbox 1027 1877 1810 1914; baseline -0.008 -5"><span class='ocrx_word' id='word_1_697' title='bbox 1027 1883 1188 1910; x_wconf 74' lang='grc' dir='ltr'>ἐκϐάλλεται</span> <span class='ocrx_word' id='word_1_698' title='bbox 1203 1881 1283 1913; x_wconf 77' lang='grc' dir='ltr'>εὐθὺς</span> <span class='ocrx_word' id='word_1_699' title='bbox 1299 1881 1344 1906; x_wconf 69' lang='grc' dir='ltr'>καὶ</span> <span class='ocrx_word' id='word_1_700' title='bbox 1358 1879 1475 1906; x_wconf 82' lang='grc' dir='ltr'>παύεται</span> <span class='ocrx_word' id='word_1_701' title='bbox 1489 1880 1505 1914; x_wconf 85' lang='grc' dir='ltr'>ὴ</span> <span class='ocrx_word' id='word_1_702' title='bbox 1524 1879 1587 1914; x_wconf 71' lang='grc' dir='ltr'>περὶ</span> <span class='ocrx_word' id='word_1_703' title='bbox 1600 1877 1646 1904; x_wconf 82' lang='grc' dir='ltr'>τοῦ</span> <span class='ocrx_word' id='word_1_704' title='bbox 1659 1878 1810 1913; x_wconf 87' lang='grc' dir='ltr'>ποιήματος</span> 
     </span>
    </p>
   </div>
   <div class='ocr_carea' id='block_1_86' title="bbox 1027 1924 1809 1963">
    <p class='ocr_par' dir='ltr' id='par_1_86' title="bbox 1027 1924 1809 1963">
     <span class='ocr_line' id='line_1_86' title="bbox 1027 1924 1809 1963; baseline -0.008 -8"><span class='ocrx_word' id='word_1_705' title='bbox 1027 1929 1074 1955; x_wconf 76' lang='grc' dir='ltr'>καὶ</span> <span class='ocrx_word' id='word_1_706' title='bbox 1090 1929 1239 1963; x_wconf 80' lang='grc' dir='ltr'>κτίσματος</span> <span class='ocrx_word' id='word_1_707' title='bbox 1262 1926 1388 1953; x_wconf 86' lang='grc' dir='ltr'>ὑπόνοια·</span> <span class='ocrx_word' id='word_1_708' title='bbox 1410 1925 1471 1952; x_wconf 75' lang='grc' dir='ltr'>οὔτε</span> <span class='ocrx_word' id='word_1_709' title='bbox 1497 1924 1550 1960; x_wconf 84' lang='grc' dir='ltr'><strong>γὰρ</strong></span> <span class='ocrx_word' id='word_1_710' title='bbox 1575 1925 1605 1951; x_wconf 82' lang='grc' dir='ltr'><strong>τὺ</strong></span> <span class='ocrx_word' id='word_1_711' title='bbox 1627 1925 1731 1960; x_wconf 79' lang='grc' dir='ltr'>ποίημα</span> <span class='ocrx_word' id='word_1_712' title='bbox 1746 1924 1809 1956; x_wconf 71' lang='grc' dir='ltr'>Υἱὸς</span> 
     </span>
    </p>
   </div>
   <div class='ocr_carea' id='block_1_87' title="bbox 1027 1969 1808 2008">
    <p class='ocr_par' dir='ltr' id='par_1_87' title="bbox 1027 1969 1808 2008">
     <span class='ocr_line' id='line_1_87' title="bbox 1027 1969 1808 2008; baseline -0.006 -7"><span class='ocrx_word' id='word_1_713' title='bbox 1027 1974 1074 2001; x_wconf 70' lang='grc' dir='ltr'>καὶ</span> <span class='ocrx_word' id='word_1_714' title='bbox 1088 1974 1172 2008; x_wconf 84' lang='grc' dir='ltr'>Λόγος</span> <span class='ocrx_word' id='word_1_715' title='bbox 1186 1973 1218 2000; x_wconf 83' lang='grc' dir='ltr'>ἂν</span> <span class='ocrx_word' id='word_1_716' title='bbox 1235 1973 1288 2008; x_wconf 81' lang='grc' dir='ltr'>εἴη,</span> <span class='ocrx_word' id='word_1_717' title='bbox 1304 1972 1365 1998; x_wconf 69' lang='grc' dir='ltr'>οὔτε</span> <span class='ocrx_word' id='word_1_718' title='bbox 1386 1972 1400 1997; x_wconf 84' lang='grc' dir='ltr'>ὁ</span> <span class='ocrx_word' id='word_1_719' title='bbox 1419 1971 1483 2002; x_wconf 83' lang='grc' dir='ltr'>Υἱὸς</span> <span class='ocrx_word' id='word_1_720' title='bbox 1500 1971 1604 2006; x_wconf 78' lang='grc' dir='ltr'>ποίημα</span> <span class='ocrx_word' id='word_1_721' title='bbox 1627 1970 1682 2004; x_wconf 85' lang='grc'>(67)</span> <span class='ocrx_word' id='word_1_722' title='bbox 1704 1969 1736 1996; x_wconf 84' lang='grc' dir='ltr'><strong>ἃν</strong></span> <span class='ocrx_word' id='word_1_723' title='bbox 1754 1970 1808 2005; x_wconf 72' lang='grc' dir='ltr'>εἵη.</span> 
     </span>
    </p>
   </div>
   <div class='ocr_carea' id='block_1_88' title="bbox 1028 2015 1800 2052">
    <p class='ocr_par' dir='ltr' id='par_1_88' title="bbox 1028 2015 1800 2052">
     <span class='ocr_line' id='line_1_88' title="bbox 1028 2015 1800 2052; baseline -0.006 -6"><span class='ocrx_word' id='word_1_724' title='bbox 1028 2019 1135 2046; x_wconf 72' lang='grc' dir='ltr'>Τούτων</span> <span class='ocrx_word' id='word_1_725' title='bbox 1149 2019 1177 2045; x_wconf 80' lang='grc' dir='ltr'><strong>δὲ</strong></span> <span class='ocrx_word' id='word_1_726' title='bbox 1191 2018 1271 2045; x_wconf 77' lang='grc' dir='ltr'>πάλιν</span> <span class='ocrx_word' id='word_1_727' title='bbox 1279 2018 1363 2048; x_wconf 79' lang='grc' dir='ltr'>οὕτως</span> <span class='ocrx_word' id='word_1_728' title='bbox 1374 2017 1470 2048; x_wconf 70' lang='grc' dir='ltr'>ὄντων,</span> <span class='ocrx_word' id='word_1_729' title='bbox 1486 2016 1591 2052; x_wconf 78' lang='grc' dir='ltr'>φανερὰ</span> <span class='ocrx_word' id='word_1_730' title='bbox 1604 2016 1686 2042; x_wconf 76' lang='grc' dir='ltr'>πᾶσιν</span> <span class='ocrx_word' id='word_1_731' title='bbox 1701 2015 1800 2042; x_wconf 81' lang='grc' dir='ltr'>ἀπόδει·</span> 
     </span>
    </p>
   </div>
   <div class='ocr_carea' id='block_1_89' title="bbox 1028 2061 1800 2101">
    <p class='ocr_par' dir='ltr' id='par_1_89' title="bbox 1028 2061 1800 2101">
     <span class='ocr_line' id='line_1_89' title="bbox 1028 2061 1800 2101; baseline -0.004 -10"><span class='ocrx_word' id='word_1_732' title='bbox 1028 2066 1077 2099; x_wconf 76' lang='grc' dir='ltr'>ξις,</span> <span class='ocrx_word' id='word_1_733' title='bbox 1095 2066 1131 2097; x_wconf 79' lang='grc' dir='ltr'>ὡς</span> <span class='ocrx_word' id='word_1_734' title='bbox 1143 2066 1159 2101; x_wconf 74' lang='grc' dir='ltr'>ἠ</span> <span class='ocrx_word' id='word_1_735' title='bbox 1173 2065 1243 2097; x_wconf 78' lang='grc' dir='ltr'>λέξις</span> <span class='ocrx_word' id='word_1_736' title='bbox 1254 2064 1403 2100; x_wconf 74' lang='grc' dir='ltr'>ἡλέγουσα,</span> <span class='ocrx_word' id='word_1_737' title='bbox 1414 2063 1453 2096; x_wconf 80' lang='grc' dir='ltr'>τῷ</span> <span class='ocrx_word' id='word_1_738' title='bbox 1464 2063 1623 2096; x_wconf 79' lang='grc' dir='ltr'>ποιήσαντι</span> <span class='ocrx_word' id='word_1_739' title='bbox 1632 2061 1734 2095; x_wconf 77' lang='grc' dir='ltr'><strong>αὑτὸν,</strong></span> <span class='ocrx_word' id='word_1_740' title='bbox 1749 2062 1800 2088; x_wconf 78' lang='grc' dir='ltr'>οὐκ</span> 
     </span>
    </p>
   </div>
   <div class='ocr_carea' id='block_1_90' title="bbox 1029 2106 1810 2145">
    <p class='ocr_par' dir='ltr' id='par_1_90' title="bbox 1029 2106 1810 2145">
     <span class='ocr_line' id='line_1_90' title="bbox 1029 2106 1810 2145; baseline -0.005 -9"><span class='ocrx_word' id='word_1_741' title='bbox 1029 2111 1068 2141; x_wconf 82' lang='grc' dir='ltr'><strong>εἰς</strong></span> <span class='ocrx_word' id='word_1_742' title='bbox 1077 2110 1168 2145; x_wconf 75' lang='grc' dir='ltr'>ὄνησίν</span> <span class='ocrx_word' id='word_1_743' title='bbox 1177 2111 1236 2136; x_wconf 79' lang='grc' dir='ltr'>ἐστι</span> <span class='ocrx_word' id='word_1_744' title='bbox 1245 2111 1279 2144; x_wconf 82' lang='grc' dir='ltr'>τῇ</span> <span class='ocrx_word' id='word_1_745' title='bbox 1294 2109 1397 2144; x_wconf 82' lang='grc' dir='ltr'>αἱρέσει</span> <span class='ocrx_word' id='word_1_746' title='bbox 1408 2107 1507 2140; x_wconf 76' lang='grc' dir='ltr'>αὐτῶν,</span> <span class='ocrx_word' id='word_1_747' title='bbox 1517 2107 1584 2134; x_wconf 81' lang='grc' dir='ltr'>ἀλλὰ</span> <span class='ocrx_word' id='word_1_748' title='bbox 1593 2106 1690 2142; x_wconf 80' lang='grc' dir='ltr'>μᾶλλον</span> <span class='ocrx_word' id='word_1_749' title='bbox 1706 2107 1746 2138; x_wconf 83' lang='grc' dir='ltr'><strong>εἰς</strong></span> <span class='ocrx_word' id='word_1_750' title='bbox 1759 2114 1810 2133; x_wconf 82' lang='grc' dir='ltr'>κα-</span> 
     </span>
    </p>
   </div>
   <div class='ocr_carea' id='block_1_91' title="bbox 192 2151 975 2189">
    <p class='ocr_par' dir='ltr' id='par_1_91' title="bbox 192 2151 975 2187">
     <span class='ocr_line' id='line_1_91' title="bbox 192 2151 975 2187; baseline 0.008 -10"><span class='ocrx_word' id='word_1_751' title='bbox 192 2151 255 2177; x_wconf 78' lang='lat' dir='ltr'><strong>dem</strong></span> <span class='ocrx_word' id='word_1_752' title='bbox 271 2155 412 2178; x_wconf 77' lang='lat' dir='ltr'><strong>os;ensum</strong></span> <span class='ocrx_word' id='word_1_753' title='bbox 427 2157 469 2178; x_wconf 81' lang='lat' dir='ltr'><strong>est</strong></span> <span class='ocrx_word' id='word_1_754' title='bbox 484 2151 608 2183; x_wconf 87' lang='lat' dir='ltr'><strong>verbum,</strong></span> <span class='ocrx_word' id='word_1_755' title='bbox 625 2153 697 2187; x_wconf 81' lang='lat' dir='ltr'><strong>fecit,</strong></span> <span class='ocrx_word' id='word_1_756' title='bbox 714 2154 795 2180; x_wconf 86' lang='lat' dir='ltr'><strong>etiam</strong></span> <span class='ocrx_word' id='word_1_757' title='bbox 811 2163 872 2182; x_wconf 89' lang='lat' dir='ltr'><strong>cum</strong></span> <span class='ocrx_word' id='word_1_758' title='bbox 887 2155 918 2182; x_wconf 87' lang='lat' dir='ltr'><strong>de</strong></span> <span class='ocrx_word' id='word_1_759' title='bbox 934 2164 975 2183; x_wconf 89' lang='lat' dir='ltr'><strong>vc-</strong></span> 
     </span>
    </p>
   </div>
   <div class='ocr_carea' id='block_1_92' title="bbox 1028 2151 1809 2189">
    <p class='ocr_par' dir='ltr' id='par_1_92' title="bbox 1028 2152 1809 2189">
     <span class='ocr_line' id='line_1_92' title="bbox 1028 2152 1809 2189; baseline -0.006 -7"><span class='ocrx_word' id='word_1_760' title='bbox 1028 2155 1172 2189; x_wconf 76' lang='grc' dir='ltr'>τάγνωσιν.</span> <span class='ocrx_word' id='word_1_761' title='bbox 1190 2155 1326 2180; x_wconf 79' lang='grc' dir='ltr'>Δέδεικται</span> <span class='ocrx_word' id='word_1_762' title='bbox 1343 2153 1397 2189; x_wconf 66' lang='grc' dir='ltr'><strong>γὰρ</strong></span> <span class='ocrx_word' id='word_1_763' title='bbox 1413 2154 1452 2180; x_wconf 75' lang='grc' dir='ltr'>ὅτι</span> <span class='ocrx_word' id='word_1_764' title='bbox 1470 2153 1486 2187; x_wconf 83' lang='grc' dir='ltr'>ἡ</span> <span class='ocrx_word' id='word_1_765' title='bbox 1501 2152 1558 2185; x_wconf 78' lang='grc' dir='ltr'>τοῦ,</span> <span class='ocrx_word' id='word_1_766' title='bbox 1577 2152 1712 2185; x_wconf 62' lang='grc' dir='ltr'>ἐποίησε,</span> <span class='ocrx_word' id='word_1_767' title='bbox 1727 2152 1809 2185; x_wconf 80' lang='grc' dir='ltr'>λέξις,</span> 
     </span>
    </p>
   </div>
   <div class='ocr_carea' id='block_1_93' title="bbox 193 2195 976 2234">
    <p class='ocr_par' dir='ltr' id='par_1_93' title="bbox 193 2195 976 2234">
     <span class='ocr_line' id='line_1_93' title="bbox 193 2195 976 2234; baseline 0.005 -11"><span class='ocrx_word' id='word_1_768' title='bbox 193 2195 234 2224; x_wconf 84' lang='lat' dir='ltr'><strong>ris</strong></span> <span class='ocrx_word' id='word_1_769' title='bbox 244 2200 272 2224; x_wconf 88' lang='lat' dir='ltr'><strong>et</strong></span> <span class='ocrx_word' id='word_1_770' title='bbox 286 2196 456 2223; x_wconf 80' lang='lat' dir='ltr'><strong>naturalibus</strong></span> <span class='ocrx_word' id='word_1_771' title='bbox 478 2197 540 2223; x_wconf 83' lang='lat' dir='ltr'><strong>liliis</strong></span> <span class='ocrx_word' id='word_1_772' title='bbox 558 2197 587 2224; x_wconf 82' lang='lat' dir='ltr'><strong>ﬁt</strong></span> <span class='ocrx_word' id='word_1_773' title='bbox 613 2199 723 2230; x_wconf 79' lang='lat' dir='ltr'><strong>mentio,</strong></span> <span class='ocrx_word' id='word_1_774' title='bbox 746 2207 760 2226; x_wconf 92' lang='lat' dir='ltr'><strong>a</strong></span> <span class='ocrx_word' id='word_1_775' title='bbox 781 2199 920 2234; x_wconf 83' lang='lat' dir='ltr'><strong>Scriptura</strong></span> <span class='ocrx_word' id='word_1_776' title='bbox 935 2201 976 2228; x_wconf 77' lang='grc' dir='ltr'><strong>(Ιὶ-</strong></span> 
     </span>
    </p>
   </div>
   <div class='ocr_carea' id='block_1_94' title="bbox 192 2242 977 2279">
    <p class='ocr_par' dir='ltr' id='par_1_94' title="bbox 192 2242 977 2279">
     <span class='ocr_line' id='line_1_94' title="bbox 192 2242 977 2279; baseline 0.006 -10"><span class='ocrx_word' id='word_1_777' title='bbox 192 2242 255 2269; x_wconf 84' lang='lat' dir='ltr'><strong>vina</strong></span> <span class='ocrx_word' id='word_1_778' title='bbox 276 2242 416 2278; x_wconf 87' lang='lat' dir='ltr'><strong>usurpari;</strong></span> <span class='ocrx_word' id='word_1_779' title='bbox 443 2243 513 2270; x_wconf 89' lang='lat' dir='ltr'><strong>unde</strong></span> <span class='ocrx_word' id='word_1_780' title='bbox 533 2251 593 2270; x_wconf 88' lang='lat' dir='ltr'><strong>cum</strong></span> <span class='ocrx_word' id='word_1_781' title='bbox 618 2245 761 2279; x_wconf 87' lang='lat' dir='ltr'><strong>probatum</strong></span> <span class='ocrx_word' id='word_1_782' title='bbox 783 2247 818 2273; x_wconf 87' lang='lat' dir='ltr'><strong>sit</strong></span> <span class='ocrx_word' id='word_1_783' title='bbox 833 2247 977 2274; x_wconf 86' lang='lat' dir='ltr'><strong>Dominum</strong></span> 
     </span>
    </p>
   </div>
   <div class='ocr_carea' id='block_1_95' title="bbox 1028 2197 1811 2235">
    <p class='ocr_par' dir='ltr' id='par_1_95' title="bbox 1028 2197 1811 2235">
     <span class='ocr_line' id='line_1_95' title="bbox 1028 2197 1811 2235; baseline -0.006 -7"><span class='ocrx_word' id='word_1_784' title='bbox 1028 2203 1074 2229; x_wconf 69' lang='grc' dir='ltr'>καὶ</span> <span class='ocrx_word' id='word_1_785' title='bbox 1089 2202 1134 2228; x_wconf 70' lang='grc' dir='ltr'><strong>ἐπὶ</strong></span> <span class='ocrx_word' id='word_1_786' title='bbox 1146 2201 1200 2227; x_wconf 82' lang='grc' dir='ltr'>τῶν</span> <span class='ocrx_word' id='word_1_787' title='bbox 1222 2200 1339 2235; x_wconf 81' lang='grc' dir='ltr'>γνησίων</span> <span class='ocrx_word' id='word_1_788' title='bbox 1360 2199 1406 2225; x_wconf 77' lang='grc' dir='ltr'>καὶ</span> <span class='ocrx_word' id='word_1_789' title='bbox 1431 2198 1510 2233; x_wconf 77' lang='grc' dir='ltr'>φύσει</span> <span class='ocrx_word' id='word_1_790' title='bbox 1536 2197 1638 2224; x_wconf 79' lang='grc' dir='ltr'>τέκνων</span> <span class='ocrx_word' id='word_1_791' title='bbox 1661 2198 1688 2224; x_wconf 83' lang='grc' dir='ltr'>ὲν</span> <span class='ocrx_word' id='word_1_792' title='bbox 1705 2199 1737 2233; x_wconf 83' lang='grc' dir='ltr'>τῇ</span> <span class='ocrx_word' id='word_1_793' title='bbox 1751 2197 1811 2234; x_wconf 69' lang='grc' dir='ltr'>θείᾳ,</span> 
     </span>
    </p>
   </div>
   <div class='ocr_carea' id='block_1_96' title="bbox 1032 2243 1810 2283">
    <p class='ocr_par' dir='ltr' id='par_1_96' title="bbox 1032 2243 1810 2283">
     <span class='ocr_line' id='line_1_96' title="bbox 1032 2243 1810 2283; baseline -0.008 -8"><span class='ocrx_word' id='word_1_794' title='bbox 1032 2250 1118 2276; x_wconf 82' lang='grc' dir='ltr'>κεῖται</span> <span class='ocrx_word' id='word_1_795' title='bbox 1136 2247 1191 2283; x_wconf 79' lang='lat'><strong>(68)</strong></span> <span class='ocrx_word' id='word_1_796' title='bbox 1206 2247 1299 2282; x_wconf 76' lang='grc' dir='ltr'>Γραφῇ</span> <span class='ocrx_word' id='word_1_797' title='bbox 1311 2255 1317 2261; x_wconf 90' lang='grc'><strong>·</strong></span> <span class='ocrx_word' id='word_1_798' title='bbox 1330 2245 1390 2272; x_wconf 84' lang='grc' dir='ltr'>ὅθεν</span> <span class='ocrx_word' id='word_1_799' title='bbox 1408 2244 1454 2271; x_wconf 81' lang='grc' dir='ltr'>τοῦ</span> <span class='ocrx_word' id='word_1_800' title='bbox 1468 2244 1570 2280; x_wconf 83' lang='grc' dir='ltr'>Κυρίου</span> <span class='ocrx_word' id='word_1_801' title='bbox 1584 2243 1810 2279; x_wconf 83' lang='grc' dir='ltr'>ἀποδεικνυμένου</span> 
     </span>
    </p>
   </div>
   <div class='ocr_carea' id='block_1_97' title="bbox 227 2311 1810 2352">
    <p class='ocr_par' dir='ltr' id='par_1_97' title="bbox 227 2311 1810 2352">
     <span class='ocr_line' id='line_1_97' title="bbox 227 2311 1810 2352; baseline 0 -12"><span class='ocrx_word' id='word_1_802' title='bbox 227 2311 251 2328; x_wconf 79' lang='grc'><strong>³⁸</strong></span> <span class='ocrx_word' id='word_1_803' title='bbox 267 2311 330 2352; x_wconf 67' lang='lat' dir='ltr'><strong>Isai.</strong></span> <span class='ocrx_word' id='word_1_804' title='bbox 348 2319 462 2352; x_wconf 58' lang='lat' dir='ltr'><strong>xxxviii,</strong></span> <span class='ocrx_word' id='word_1_805' title='bbox 481 2311 526 2352; x_wconf 40' lang='lat' dir='ltr'><strong>19A.</strong></span> <span class='ocrx_word' id='word_1_806' title='bbox 540 2313 615 2348; x_wconf 87' lang='lat' dir='ltr'><strong>juxta</strong></span> <span class='ocrx_word' id='word_1_807' title='bbox 636 2313 718 2342; x_wconf 77' lang='lat' dir='ltr'><strong>LXX.</strong></span> <span class='ocrx_word' id='word_1_808' title='bbox 756 2316 778 2331; x_wconf 84' lang='lat'>&quot;</span> <span class='ocrx_word' id='word_1_809' title='bbox 803 2315 866 2344; x_wconf 86' lang='lat' dir='ltr'><strong>Isai.</strong></span> <span class='ocrx_word' id='word_1_810' title='bbox 897 2326 990 2351; x_wconf 84' lang='lat' dir='ltr'><strong>xxxtx,</strong></span> <span class='ocrx_word' id='word_1_811' title='bbox 1018 2318 1052 2351; x_wconf 88' lang='lat'><strong>7;</strong></span> <span class='ocrx_word' id='word_1_812' title='bbox 1079 2317 1113 2344; x_wconf 92' lang='lat' dir='ltr'><strong>IV</strong></span> <span class='ocrx_word' id='word_1_813' title='bbox 1131 2316 1197 2352; x_wconf 74' lang='lat' dir='ltr'><strong>Reg.</strong></span> <span class='ocrx_word' id='word_1_814' title='bbox 1218 2325 1264 2350; x_wconf 85' lang='lat' dir='ltr'><strong>xx,</strong></span> <span class='ocrx_word' id='word_1_815' title='bbox 1283 2316 1325 2344; x_wconf 88' lang='lat' dir='ltr'><strong>I8.</strong></span> <span class='ocrx_word' id='word_1_816' title='bbox 1363 2315 1384 2331; x_wconf 89' lang='grc'>³⁷</span> <span class='ocrx_word' id='word_1_817' title='bbox 1415 2314 1514 2342; x_wconf 85' lang='lat' dir='ltr'><strong>Genes.</strong></span> <span class='ocrx_word' id='word_1_818' title='bbox 1537 2321 1574 2347; x_wconf 89' lang='lat' dir='ltr'><strong>tv,</strong></span> <span class='ocrx_word' id='word_1_819' title='bbox 1599 2313 1626 2342; x_wconf 87' lang='lat' dir='ltr'><strong>I.</strong></span> <span class='ocrx_word' id='word_1_820' title='bbox 1663 2313 1686 2329; x_wconf 83' lang='grc'><strong>³⁸</strong></span> <span class='ocrx_word' id='word_1_821' title='bbox 1711 2312 1810 2340; x_wconf 75' lang='lat' dir='ltr'><strong>Genes.</strong></span> 
     </span>
    </p>
   </div>
   <div class='ocr_carea' id='block_1_98' title="bbox 191 2347 537 2380">
    <p class='ocr_par' dir='ltr' id='par_1_98' title="bbox 191 2347 537 2380">
     <span class='ocr_line' id='line_1_98' title="bbox 191 2347 537 2380; baseline 0.003 -7"><span class='ocrx_word' id='word_1_822' title='bbox 191 2354 285 2380; x_wconf 72' lang='lat' dir='ltr'><strong>xum,</strong></span> <span class='ocrx_word' id='word_1_823' title='bbox 300 2347 326 2374; x_wconf 84' lang='lat'><strong>5.</strong></span> <span class='ocrx_word' id='word_1_824' title='bbox 365 2347 386 2363; x_wconf 81' lang='lat'>&quot;</span> <span class='ocrx_word' id='word_1_825' title='bbox 400 2347 460 2374; x_wconf 85' lang='lat' dir='ltr'><strong>Job.</strong></span> <span class='ocrx_word' id='word_1_826' title='bbox 480 2355 499 2380; x_wconf 89' lang='grc' dir='ltr'><strong>ι,</strong></span> <span class='ocrx_word' id='word_1_827' title='bbox 510 2348 537 2374; x_wconf 77' lang='grc'><strong>2.</strong></span> 
     </span>
    </p>
   </div>
   <div class='ocr_carea' id='block_1_99' title="bbox 228 2413 703 2450">
    <p class='ocr_par' dir='ltr' id='par_1_99' title="bbox 228 2413 703 2450">
     <span class='ocr_line' id='line_1_99' title="bbox 228 2413 703 2450; baseline 0 -10"><span class='ocrx_word' id='word_1_828' title='bbox 304 2414 428 2450; x_wconf 71' lang='lat' dir='ltr'><strong>Segner.,</strong></span> <span class='ocrx_word' id='word_1_829' title='bbox 443 2415 552 2449; x_wconf 85' lang='grc' dir='ltr'>λέγεται</span> <span class='ocrx_word' id='word_1_830' title='bbox 568 2414 703 2450; x_wconf 81' lang='grc' dir='ltr'>Σολομὼν.</span> 
     </span>
    </p>
   </div>
   <div class='ocr_carea' id='block_1_100' title="bbox 229 2449 974 2484">
    <p class='ocr_par' dir='ltr' id='par_1_100' title="bbox 229 2449 974 2484">
     <span class='ocr_line' id='line_1_100' title="bbox 229 2449 974 2484; baseline 0.004 -8"><span class='ocrx_word' id='word_1_831' title='bbox 229 2449 284 2484; x_wconf 70' lang='grc'>(59)</span> <span class='ocrx_word' id='word_1_832' title='bbox 305 2449 349 2477; x_wconf 88' lang='lat' dir='ltr'><strong>Sic</strong></span> <span class='ocrx_word' id='word_1_833' title='bbox 364 2449 474 2484; x_wconf 75' lang='lat' dir='ltr'><strong>Seguer.</strong></span> <span class='ocrx_word' id='word_1_834' title='bbox 485 2450 594 2477; x_wconf 82' lang='lat' dir='ltr'><strong>Gobler.</strong></span> <span class='ocrx_word' id='word_1_835' title='bbox 611 2455 639 2477; x_wconf 85' lang='lat' dir='ltr'><strong>et</strong></span> <span class='ocrx_word' id='word_1_836' title='bbox 650 2450 722 2477; x_wconf 83' lang='lat' dir='ltr'><strong>Felc.</strong></span> <span class='ocrx_word' id='word_1_837' title='bbox 736 2451 761 2476; x_wconf 88' lang='lat' dir='ltr'><strong>I.</strong></span> <span class='ocrx_word' id='word_1_838' title='bbox 777 2449 873 2478; x_wconf 68' lang='lat' dir='ltr'><strong>Cteteri</strong></span> <span class='ocrx_word' id='word_1_839' title='bbox 884 2455 911 2478; x_wconf 86' lang='lat' dir='ltr'><strong>et</strong></span> <span class='ocrx_word' id='word_1_840' title='bbox 921 2451 974 2479; x_wconf 86' lang='lat' dir='ltr'><strong>edi-</strong></span> 
     </span>
    </p>
   </div>
   <div class='ocr_carea' id='block_1_101' title="bbox 193 2483 552 2518">
    <p class='ocr_par' dir='ltr' id='par_1_101' title="bbox 193 2483 552 2518">
     <span class='ocr_line' id='line_1_101' title="bbox 193 2483 552 2518; baseline 0 -7"><span class='ocrx_word' id='word_1_841' title='bbox 193 2483 232 2511; x_wconf 92' lang='lat' dir='ltr'><strong>tio</strong></span> <span class='ocrx_word' id='word_1_842' title='bbox 245 2483 389 2517; x_wconf 82' lang='lat' dir='ltr'><strong>CommeI.,</strong></span> <span class='ocrx_word' id='word_1_843' title='bbox 402 2483 434 2518; x_wconf 70' lang='grc' dir='ltr'><strong>ἒξ</strong></span> <span class='ocrx_word' id='word_1_844' title='bbox 453 2485 552 2512; x_wconf 82' lang='grc' dir='ltr'>αὐτῶν.</span> 
     </span>
    </p>
   </div>
   <div class='ocr_carea' id='block_1_102' title="bbox 224 2518 975 2579">
    <p class='ocr_par' dir='ltr' id='par_1_102' title="bbox 224 2518 975 2579">
     <span class='ocr_line' id='line_1_102' title="bbox 224 2518 975 2579; baseline 0.004 -35"><span class='ocrx_word' id='word_1_845' title='bbox 224 2518 285 2579; x_wconf 59' lang='grc' dir='ltr'><strong>ἑϐο)</strong></span> <span class='ocrx_word' id='word_1_846' title='bbox 305 2518 415 2554; x_wconf 80' lang='lat' dir='ltr'><strong>Seguer.</strong></span> <span class='ocrx_word' id='word_1_847' title='bbox 432 2520 540 2561; x_wconf 78' lang='lat' dir='ltr'><strong>Gobler.</strong></span> <span class='ocrx_word' id='word_1_848' title='bbox 557 2524 585 2547; x_wconf 91' lang='lat' dir='ltr'><strong>et</strong></span> <span class='ocrx_word' id='word_1_849' title='bbox 600 2519 672 2563; x_wconf 54' lang='lat' dir='ltr'><strong>Fglc.</strong></span> <span class='ocrx_word' id='word_1_850' title='bbox 692 2519 704 2546; x_wconf 80' lang='grc'><strong>1</strong></span> <span class='ocrx_word' id='word_1_851' title='bbox 721 2524 748 2546; x_wconf 90' lang='lat' dir='ltr'><strong>et</strong></span> <span class='ocrx_word' id='word_1_852' title='bbox 764 2520 791 2550; x_wconf 73' lang='grc'>4,</span> <span class='ocrx_word' id='word_1_853' title='bbox 804 2520 832 2546; x_wconf 81' lang='grc' dir='ltr'>ὲν</span> <span class='ocrx_word' id='word_1_854' title='bbox 847 2520 975 2563; x_wconf 65' lang='grc' dir='ltr'>τῷηαὺτῷ</span> 
     </span>
     <span class='ocr_line' id='line_1_103' title="bbox 240 2553 921 2579; baseline 0 0"><span class='ocrx_word' id='word_1_855' title='bbox 240 2553 289 2579; x_wconf 86' lang='grc' dir='ltr'>λίω</span> <span class='ocrx_word' id='word_1_856' title='bbox 304 2555 349 2579; x_wconf 77' lang='grc' dir='ltr'><strong>καὶ</strong></span> <span class='ocrx_word' id='word_1_857' title='bbox 362 2556 390 2579; x_wconf 78' lang='grc' dir='ltr'>ὲν</span> <span class='ocrx_word' id='word_1_858' title='bbox 407 2557 451 2579; x_wconf 69' lang='grc' dir='ltr'><strong>τῇ.</strong></span> <span class='ocrx_word' id='word_1_859' title='bbox 465 2556 532 2579; x_wconf 85' lang='lat' dir='ltr'><strong>IImI.</strong></span> <span class='ocrx_word' id='word_1_860' title='bbox 547 2563 595 2579; x_wconf 90' lang='lat' dir='ltr'><strong>nm</strong></span> <span class='ocrx_word' id='word_1_861' title='bbox 611 2564 691 2579; x_wconf 80' lang='grc' dir='ltr'>ουτω.</span> <span class='ocrx_word' id='word_1_862' title='bbox 709 2554 820 2579; x_wconf 66' lang='lat' dir='ltr'><strong>Sequor.</strong></span> <span class='ocrx_word' id='word_1_863' title='bbox 837 2564 921 2579; x_wconf 81' lang='grc' dir='ltr'>αυτω.</span> 
     </span>
    </p>
   </div>
   <div class='ocr_carea' id='block_1_103' title="bbox 194 2553 922 2591">
    <p class='ocr_par' dir='ltr' id='par_1_103' title="bbox 194 2553 922 2591">
     <span class='ocr_line' id='line_1_104' title="bbox 194 2553 922 2591; baseline 0.003 -11"><span class='ocrx_word' id='word_1_864' title='bbox 194 2553 289 2591; x_wconf 62' lang='grc' dir='ltr'>βιξλίφ</span> <span class='ocrx_word' id='word_1_865' title='bbox 304 2555 349 2591; x_wconf 65' lang='grc' dir='ltr'>καὶ</span> <span class='ocrx_word' id='word_1_866' title='bbox 362 2556 390 2580; x_wconf 82' lang='grc' dir='ltr'>ὲν</span> <span class='ocrx_word' id='word_1_867' title='bbox 407 2557 451 2590; x_wconf 79' lang='grc' dir='ltr'>τῇ.</span> <span class='ocrx_word' id='word_1_868' title='bbox 465 2556 532 2591; x_wconf 80' lang='lat' dir='ltr'><strong>Ibid.</strong></span> <span class='ocrx_word' id='word_1_869' title='bbox 547 2563 595 2591; x_wconf 81' lang='lat' dir='ltr'><strong>pro</strong></span> <span class='ocrx_word' id='word_1_870' title='bbox 611 2555 692 2586; x_wconf 74' lang='grc' dir='ltr'>οὕτω,</span> <span class='ocrx_word' id='word_1_871' title='bbox 709 2554 820 2590; x_wconf 78' lang='lat' dir='ltr'><strong>Segucr.</strong></span> <span class='ocrx_word' id='word_1_872' title='bbox 837 2553 922 2591; x_wconf 76' lang='grc' dir='ltr'>αὐτῷ.</span> 
     </span>
    </p>
   </div>
   <div class='ocr_carea' id='block_1_104' title="bbox 231 2588 732 2624">
    <p class='ocr_par' dir='ltr' id='par_1_104' title="bbox 231 2588 732 2624">
     <span class='ocr_line' id='line_1_105' title="bbox 231 2588 732 2624; baseline 0.004 -10"><span class='ocrx_word' id='word_1_873' title='bbox 231 2589 286 2624; x_wconf 72' lang='lat' dir='ltr'><strong>(6i)</strong></span> <span class='ocrx_word' id='word_1_874' title='bbox 307 2588 460 2624; x_wconf 47' lang='lat' dir='ltr'><strong>Segnerfet</strong></span> <span class='ocrx_word' id='word_1_875' title='bbox 473 2588 590 2622; x_wconf 52' lang='lat' dir='ltr'><strong>Fc-lcftl,</strong></span> <span class='ocrx_word' id='word_1_876' title='bbox 607 2591 621 2616; x_wconf 87' lang='grc' dir='ltr'>ὁ</span> <span class='ocrx_word' id='word_1_877' title='bbox 638 2590 732 2624; x_wconf 82' lang='grc' dir='ltr'>Λόγος.</span> 
     </span>
    </p>
   </div>
   <div class='ocr_carea' id='block_1_105' title="bbox 230 2623 976 2659">
    <p class='ocr_par' dir='ltr' id='par_1_105' title="bbox 230 2623 976 2659">
     <span class='ocr_line' id='line_1_106' title="bbox 230 2623 976 2659; baseline 0.003 -9"><span class='ocrx_word' id='word_1_878' title='bbox 230 2623 286 2657; x_wconf 73' lang='grc'>(62)</span> <span class='ocrx_word' id='word_1_879' title='bbox 305 2623 412 2651; x_wconf 87' lang='lat' dir='ltr'><strong>Goblcr.</strong></span> <span class='ocrx_word' id='word_1_880' title='bbox 434 2630 461 2652; x_wconf 86' lang='lat' dir='ltr'><strong>et</strong></span> <span class='ocrx_word' id='word_1_881' title='bbox 475 2625 547 2652; x_wconf 86' lang='lat' dir='ltr'><strong>Felc.</strong></span> <span class='ocrx_word' id='word_1_882' title='bbox 568 2626 580 2652; x_wconf 77' lang='grc' dir='ltr'>ί</span> <span class='ocrx_word' id='word_1_883' title='bbox 604 2626 743 2658; x_wconf 90' lang='lat' dir='ltr'><strong>omittunt,</strong></span> <span class='ocrx_word' id='word_1_884' title='bbox 764 2626 811 2652; x_wconf 74' lang='lat' dir='ltr'><strong>ml</strong></span> <span class='ocrx_word' id='word_1_885' title='bbox 831 2626 861 2652; x_wconf 76' lang='grc' dir='ltr'>οὐ</span> <span class='ocrx_word' id='word_1_886' title='bbox 881 2625 976 2659; x_wconf 81' lang='grc' dir='ltr'>διὰτὸ,</span> 
     </span>
    </p>
   </div>
   <div class='ocr_carea' id='block_1_106' title="bbox 194 2658 976 2697">
    <p class='ocr_par' dir='ltr' id='par_1_106' title="bbox 194 2658 976 2697">
     <span class='ocr_line' id='line_1_107' title="bbox 194 2658 976 2697; baseline 0.005 -13"><span class='ocrx_word' id='word_1_887' title='bbox 194 2658 472 2697; x_wconf 53' lang='grc' dir='ltr'>ὲκτησᾴιμην.-Ιιι1οιιι</span> <span class='ocrx_word' id='word_1_888' title='bbox 493 2661 572 2697; x_wconf 75' lang='lat' dir='ltr'><strong>paulo</strong></span> <span class='ocrx_word' id='word_1_889' title='bbox 597 2666 658 2697; x_wconf 76' lang='lat' dir='ltr'><strong>ante</strong></span> <span class='ocrx_word' id='word_1_890' title='bbox 681 2661 721 2687; x_wconf 88' lang='lat' dir='ltr'><strong>sic</strong></span> <span class='ocrx_word' id='word_1_891' title='bbox 744 2661 883 2697; x_wconf 75' lang='lat' dir='ltr'><strong>scribunt,</strong></span> <span class='ocrx_word' id='word_1_892' title='bbox 911 2659 976 2697; x_wconf 80' lang='grc' dir='ltr'>ἄρα.</span> 
     </span>
    </p>
   </div>
   <div class='ocr_carea' id='block_1_107' title="bbox 193 2667 818 2737">
    <p class='ocr_par' dir='ltr' id='par_1_107' title="bbox 193 2667 818 2737">
     <span class='ocr_line' id='line_1_108' title="bbox 194 2667 818 2694; baseline 0.005 -10"><span class='ocrx_word' id='word_1_893' title='bbox 194 2667 320 2694; x_wconf 84' lang='grc' dir='ltr'>εκτησαμ</span> <span class='ocrx_word' id='word_1_894' title='bbox 341 2667 365 2685; x_wconf 93' lang='grc' dir='ltr'>ν.</span> <span class='ocrx_word' id='word_1_895' title='bbox 389 2667 470 2686; x_wconf 81' lang='lat' dir='ltr'><strong>tinem</strong></span> <span class='ocrx_word' id='word_1_896' title='bbox 510 2667 572 2686; x_wconf 89' lang='lat' dir='ltr'><strong>aulo</strong></span> <span class='ocrx_word' id='word_1_897' title='bbox 597 2667 658 2687; x_wconf 82' lang='lat' dir='ltr'><strong>ante</strong></span> <span class='ocrx_word' id='word_1_898' title='bbox 681 2668 721 2687; x_wconf 79' lang='lat' dir='ltr'><strong>su:</strong></span> <span class='ocrx_word' id='word_1_899' title='bbox 749 2667 818 2687; x_wconf 67' lang='lat' dir='ltr'><strong>svnt)</strong></span> 
     </span>
     <span class='ocr_line' id='line_1_109' title="bbox 193 2667 818 2737; baseline 0.003 -17"><span class='ocrx_word' id='word_1_900' title='bbox 193 2667 379 2737; x_wconf 41' lang='lat' dir='ltr'><strong>FCIE;\5.A.I$)I(I</strong></span> <span class='ocrx_word' id='word_1_901' title='bbox 394 2713 402 2737; x_wconf 54' lang='lat' dir='ltr'><strong>I.</strong></span> <span class='ocrx_word' id='word_1_902' title='bbox 416 2695 449 2737; x_wconf 62' lang='grc' dir='ltr'><strong>ου</strong></span> <span class='ocrx_word' id='word_1_903' title='bbox 462 2668 641 2737; x_wconf 28' lang='lat' dir='ltr'><strong>Sigeo-.016,</strong></span> <span class='ocrx_word' id='word_1_904' title='bbox 651 2695 818 2737; x_wconf 56' lang='grc' dir='ltr'>ἐκτησάμην.</span> 
     </span>
    </p>
   </div>
   <div class='ocr_carea' id='block_1_108' title="bbox 242 2727 781 2762">
    <p class='ocr_par' dir='ltr' id='par_1_108' title="bbox 242 2727 781 2762">
     <span class='ocr_line' id='line_1_110' title="bbox 242 2727 781 2762; baseline 0.002 -7"><span class='ocrx_word' id='word_1_905' title='bbox 242 2727 287 2762; x_wconf 75' lang='grc'>65)</span> <span class='ocrx_word' id='word_1_906' title='bbox 307 2727 360 2756; x_wconf 86' lang='grc' dir='ltr'>Οὖν</span> <span class='ocrx_word' id='word_1_907' title='bbox 376 2730 452 2756; x_wconf 82' lang='lat' dir='ltr'><strong>abest</strong></span> <span class='ocrx_word' id='word_1_908' title='bbox 467 2737 482 2756; x_wconf 91' lang='lat' dir='ltr'><strong>a</strong></span> <span class='ocrx_word' id='word_1_909' title='bbox 500 2730 609 2757; x_wconf 85' lang='lat' dir='ltr'><strong>Gobler.</strong></span> <span class='ocrx_word' id='word_1_910' title='bbox 623 2736 649 2758; x_wconf 87' lang='lat' dir='ltr'><strong>et</strong></span> <span class='ocrx_word' id='word_1_911' title='bbox 668 2727 739 2757; x_wconf 45' lang='lat' dir='ltr'><strong>Fel‘c.</strong></span> <span class='ocrx_word' id='word_1_912' title='bbox 756 2727 781 2756; x_wconf 70' lang='grc' dir='ltr'><strong>ἱ.</strong></span> 
     </span>
    </p>
   </div>
   <div class='ocr_carea' id='block_1_109' title="bbox 242 2763 976 2800">
    <p class='ocr_par' dir='ltr' id='par_1_109' title="bbox 242 2763 976 2800">
     <span class='ocr_line' id='line_1_111' title="bbox 242 2763 976 2800; baseline 0.004 -10"><span class='ocrx_word' id='word_1_913' title='bbox 242 2763 286 2799; x_wconf 67' lang='grc'><strong>64)</strong></span> <span class='ocrx_word' id='word_1_914' title='bbox 305 2763 378 2792; x_wconf 82' lang='lat' dir='ltr'><strong>Felc.</strong></span> <span class='ocrx_word' id='word_1_915' title='bbox 399 2764 426 2794; x_wconf 76' lang='grc'>2,</span> <span class='ocrx_word' id='word_1_916' title='bbox 444 2772 506 2791; x_wconf 69' lang='lat' dir='ltr'><strong>cum</strong></span> <span class='ocrx_word' id='word_1_917' title='bbox 528 2765 608 2792; x_wconf 87' lang='lat' dir='ltr'><strong>editis</strong></span> <span class='ocrx_word' id='word_1_918' title='bbox 626 2766 727 2793; x_wconf 87' lang='lat' dir='ltr'><strong>omittit</strong></span> <span class='ocrx_word' id='word_1_919' title='bbox 747 2765 831 2800; x_wconf 84' lang='grc' dir='ltr'>αὐτῷ,</span> <span class='ocrx_word' id='word_1_920' title='bbox 850 2765 922 2800; x_wconf 86' lang='lat' dir='ltr'><strong>quod</strong></span> <span class='ocrx_word' id='word_1_921' title='bbox 949 2765 976 2793; x_wconf 87' lang='lat' dir='ltr'><strong>in</strong></span> 
     </span>
    </p>
   </div>
   <div class='ocr_carea' id='block_1_110' title="bbox 193 2797 978 2837">
    <p class='ocr_par' dir='ltr' id='par_1_110' title="bbox 193 2797 978 2837">
     <span class='ocr_line' id='line_1_112' title="bbox 193 2797 978 2837; baseline 0.004 -11"><span class='ocrx_word' id='word_1_922' title='bbox 193 2797 256 2826; x_wconf 78' lang='lat' dir='ltr'><strong>aliis</strong></span> <span class='ocrx_word' id='word_1_923' title='bbox 271 2797 338 2828; x_wconf 82' lang='lat' dir='ltr'><strong>mss.</strong></span> <span class='ocrx_word' id='word_1_924' title='bbox 354 2800 482 2828; x_wconf 88' lang='lat' dir='ltr'><strong>omnibus</strong></span> <span class='ocrx_word' id='word_1_925' title='bbox 498 2799 604 2836; x_wconf 67' lang='lat' dir='ltr'><strong>legitur.</strong></span> <span class='ocrx_word' id='word_1_926' title='bbox 623 2800 682 2828; x_wconf 79' lang='lat' dir='ltr'><strong>Mox</strong></span> <span class='ocrx_word' id='word_1_927' title='bbox 699 2797 812 2837; x_wconf 55' lang='lat' dir='ltr'><strong>Segtter:</strong></span> <span class='ocrx_word' id='word_1_928' title='bbox 827 2797 935 2829; x_wconf 77' lang='lat' dir='ltr'><strong>Gdblcr.</strong></span> <span class='ocrx_word' id='word_1_929' title='bbox 950 2805 978 2829; x_wconf 86' lang='lat' dir='ltr'><strong>et</strong></span> 
     </span>
    </p>
   </div>
   <div class='ocr_carea' id='block_1_111' title="bbox 1031 2415 1812 2458">
    <p class='ocr_par' dir='ltr' id='par_1_111' title="bbox 1031 2415 1812 2458">
     <span class='ocr_line' id='line_1_113' title="bbox 1031 2415 1812 2458; baseline -0.001 -14"><span class='ocrx_word' id='word_1_930' title='bbox 1031 2417 1111 2458; x_wconf 45' lang='grc' dir='ltr'><strong>ξἸεΙεζ</strong></span> <span class='ocrx_word' id='word_1_931' title='bbox 1131 2417 1156 2449; x_wconf 82' lang='grc'>1,</span> <span class='ocrx_word' id='word_1_932' title='bbox 1178 2417 1273 2452; x_wconf 78' lang='grc' dir='ltr'>ὥσπερ</span> <span class='ocrx_word' id='word_1_933' title='bbox 1292 2417 1339 2444; x_wconf 80' lang='grc' dir='ltr'>καὶ</span> <span class='ocrx_word' id='word_1_934' title='bbox 1360 2417 1472 2452; x_wconf 80' lang='grc' dir='ltr'>Μωσῆς.</span> <span class='ocrx_word' id='word_1_935' title='bbox 1492 2415 1545 2443; x_wconf 83' lang='lat' dir='ltr'><strong>Alii</strong></span> <span class='ocrx_word' id='word_1_936' title='bbox 1566 2420 1594 2444; x_wconf 89' lang='lat' dir='ltr'><strong>et</strong></span> <span class='ocrx_word' id='word_1_937' title='bbox 1618 2415 1692 2449; x_wconf 87' lang='lat' dir='ltr'><strong>editi,</strong></span> <span class='ocrx_word' id='word_1_938' title='bbox 1719 2416 1812 2452; x_wconf 64' lang='lat' dir='ltr'><strong>(Lamp</strong></span> 
     </span>
    </p>
   </div>
   <div class='ocr_carea' id='block_1_112' title="bbox 1028 2453 1812 2521">
    <p class='ocr_par' dir='ltr' id='par_1_112' title="bbox 1028 2453 1812 2521">
     <span class='ocr_line' id='line_1_114' title="bbox 1028 2453 1812 2521; baseline -0.003 -7"><span class='ocrx_word' id='word_1_939' title='bbox 1028 2453 1267 2521; x_wconf 39' lang='grc' dir='ltr'><strong>Μιΐίῖξῗθδεςυθτη</strong></span> <span class='ocrx_word' id='word_1_940' title='bbox 1282 2488 1307 2513; x_wconf 77' lang='lat' dir='ltr'><strong>oi</strong></span> <span class='ocrx_word' id='word_1_941' title='bbox 1324 2486 1386 2513; x_wconf 76' lang='grc' dir='ltr'>υἱοί.</span> <span class='ocrx_word' id='word_1_942' title='bbox 1396 2486 1454 2513; x_wconf 84' lang='lat' dir='ltr'><strong>Mox</strong></span> <span class='ocrx_word' id='word_1_943' title='bbox 1472 2485 1544 2514; x_wconf 83' lang='lat' dir='ltr'><strong>Felc.</strong></span> <span class='ocrx_word' id='word_1_944' title='bbox 1561 2487 1589 2518; x_wconf 73' lang='lat'><strong>2,</strong></span> <span class='ocrx_word' id='word_1_945' title='bbox 1610 2493 1658 2521; x_wconf 88' lang='lat' dir='ltr'><strong>pro</strong></span> <span class='ocrx_word' id='word_1_946' title='bbox 1679 2486 1812 2520; x_wconf 76' lang='grc' dir='ltr'>ἐγένοντο,</span> 
     </span>
    </p>
   </div>
   <div class='ocr_carea' id='block_1_113' title="bbox 1029 2521 1811 2565">
    <p class='ocr_par' dir='ltr' id='par_1_113' title="bbox 1029 2521 1811 2565">
     <span class='ocr_line' id='line_1_115' title="bbox 1029 2521 1811 2565; baseline 0 -17"><span class='ocrx_word' id='word_1_947' title='bbox 1029 2523 1102 2565; x_wconf 50' lang='lat' dir='ltr'><strong>ut’in</strong></span> <span class='ocrx_word' id='word_1_948' title='bbox 1126 2522 1186 2549; x_wconf 79' lang='lat' dir='ltr'><strong>aliis</strong></span> <span class='ocrx_word' id='word_1_949' title='bbox 1204 2523 1302 2557; x_wconf 77' lang='lat' dir='ltr'><strong>legitur</strong></span> <span class='ocrx_word' id='word_1_950' title='bbox 1318 2531 1383 2550; x_wconf 82' lang='lat' dir='ltr'><strong>lIlSS.</strong></span> <span class='ocrx_word' id='word_1_951' title='bbox 1409 2522 1489 2548; x_wconf 84' lang='lat' dir='ltr'><strong>habet</strong></span> <span class='ocrx_word' id='word_1_952' title='bbox 1505 2529 1568 2549; x_wconf 91' lang='lat' dir='ltr'><strong>cum</strong></span> <span class='ocrx_word' id='word_1_953' title='bbox 1587 2522 1653 2549; x_wconf 86' lang='lat' dir='ltr'><strong>edit.</strong></span> <span class='ocrx_word' id='word_1_954' title='bbox 1678 2521 1811 2548; x_wconf 88' lang='lat' dir='ltr'><strong>Connnel.</strong></span> 
     </span>
    </p>
   </div>
   <div class='ocr_carea' id='block_1_114' title="bbox 1027 2557 1815 2628">
    <p class='ocr_par' dir='ltr' id='par_1_114' title="bbox 1027 2557 1815 2628">
     <span class='ocr_line' id='line_1_116' title="bbox 1027 2557 1815 2628; baseline 0 -10"><span class='ocrx_word' id='word_1_955' title='bbox 1027 2557 1201 2628; x_wconf 40' lang='grc' dir='ltr'><strong>ῗγῗξῗὶῖοίῖεε.</strong></span> <span class='ocrx_word' id='word_1_956' title='bbox 1223 2596 1250 2619; x_wconf 88' lang='lat' dir='ltr'><strong>et</strong></span> <span class='ocrx_word' id='word_1_957' title='bbox 1268 2591 1339 2628; x_wconf 76' lang='lat' dir='ltr'><strong>Felc.</strong></span> <span class='ocrx_word' id='word_1_958' title='bbox 1356 2591 1382 2623; x_wconf 83' lang='lat'><strong>5,</strong></span> <span class='ocrx_word' id='word_1_959' title='bbox 1401 2591 1537 2628; x_wconf 77' lang='grc' dir='ltr'>ποίημαῆ</span> <span class='ocrx_word' id='word_1_960' title='bbox 1555 2591 1667 2627; x_wconf 85' lang='grc' dir='ltr'>κτίσμα.</span> <span class='ocrx_word' id='word_1_961' title='bbox 1680 2590 1740 2619; x_wconf 81' lang='lat' dir='ltr'><strong>Mox</strong></span> <span class='ocrx_word' id='word_1_962' title='bbox 1759 2590 1815 2618; x_wconf 80' lang='lat' dir='ltr'><strong>Go-</strong></span> 
     </span>
    </p>
   </div>
   <div class='ocr_carea' id='block_1_115' title="bbox 1028 2626 1485 2662">
    <p class='ocr_par' dir='ltr' id='par_1_115' title="bbox 1028 2626 1485 2662">
     <span class='ocr_line' id='line_1_117' title="bbox 1028 2626 1485 2662; baseline -0.002 -9"><span class='ocrx_word' id='word_1_963' title='bbox 1028 2626 1087 2654; x_wconf 87' lang='lat' dir='ltr'><strong>bler</strong></span> <span class='ocrx_word' id='word_1_964' title='bbox 1111 2632 1137 2653; x_wconf 89' lang='lat' dir='ltr'><strong>et</strong></span> <span class='ocrx_word' id='word_1_965' title='bbox 1149 2626 1219 2653; x_wconf 84' lang='lat' dir='ltr'><strong>Felc.</strong></span> <span class='ocrx_word' id='word_1_966' title='bbox 1239 2628 1265 2660; x_wconf 78' lang='lat' dir='ltr'><strong>i,</strong></span> <span class='ocrx_word' id='word_1_967' title='bbox 1281 2627 1397 2662; x_wconf 87' lang='grc' dir='ltr'>ζητεῖνῆ</span> <span class='ocrx_word' id='word_1_968' title='bbox 1411 2627 1485 2657; x_wconf 77' lang='grc' dir='ltr'>Υἱός.</span> 
     </span>
    </p>
   </div>
   <div class='ocr_carea' id='block_1_116' title="bbox 1066 2661 1814 2697">
    <p class='ocr_par' dir='ltr' id='par_1_116' title="bbox 1066 2661 1814 2697">
     <span class='ocr_line' id='line_1_118' title="bbox 1066 2661 1814 2697; baseline 0 -9"><span class='ocrx_word' id='word_1_969' title='bbox 1066 2662 1121 2696; x_wconf 72' lang='lat'><strong>(67)</strong></span> <span class='ocrx_word' id='word_1_970' title='bbox 1143 2662 1257 2697; x_wconf 79' lang='lat' dir='ltr'><strong>Seguer.</strong></span> <span class='ocrx_word' id='word_1_971' title='bbox 1278 2661 1433 2689; x_wconf 45' lang='lat' dir='ltr'><strong>GoblerJet</strong></span> <span class='ocrx_word' id='word_1_972' title='bbox 1445 2662 1519 2689; x_wconf 81' lang='lat' dir='ltr'><strong>Fele.</strong></span> <span class='ocrx_word' id='word_1_973' title='bbox 1542 2662 1570 2694; x_wconf 83' lang='grc'><strong>1.</strong></span> <span class='ocrx_word' id='word_1_974' title='bbox 1593 2661 1729 2697; x_wconf 67' lang='lat' dir='ltr'><strong>adduntﬁ</strong></span> <span class='ocrx_word' id='word_1_975' title='bbox 1753 2663 1814 2688; x_wconf 82' lang='grc' dir='ltr'>κτί-</span> 
     </span>
    </p>
   </div>
   <div class='ocr_carea' id='block_1_117' title="bbox 1031 2705 1815 2766">
    <p class='ocr_par' dir='ltr' id='par_1_117' title="bbox 1031 2705 1815 2766">
     <span class='ocr_line' id='line_1_119' title="bbox 1031 2705 1815 2766; baseline -0.001 -7"><span class='ocrx_word' id='word_1_976' title='bbox 1031 2705 1121 2766; x_wconf 56' lang='grc' dir='ltr'><strong>σμᾶῑέ)</strong></span> <span class='ocrx_word' id='word_1_977' title='bbox 1140 2731 1248 2759; x_wconf 86' lang='lat' dir='ltr'><strong>Gobler.</strong></span> <span class='ocrx_word' id='word_1_978' title='bbox 1261 2735 1288 2758; x_wconf 79' lang='lat' dir='ltr'><strong>et</strong></span> <span class='ocrx_word' id='word_1_979' title='bbox 1306 2731 1380 2758; x_wconf 82' lang='lat' dir='ltr'><strong>Fclr.</strong></span> <span class='ocrx_word' id='word_1_980' title='bbox 1402 2731 1428 2763; x_wconf 82' lang='lat' dir='ltr'><strong>‘l,</strong></span> <span class='ocrx_word' id='word_1_981' title='bbox 1440 2732 1574 2758; x_wconf 80' lang='grc' dir='ltr'>καλεῖται.</span> <span class='ocrx_word' id='word_1_982' title='bbox 1589 2731 1674 2758; x_wconf 87' lang='lat' dir='ltr'><strong>Paulo</strong></span> <span class='ocrx_word' id='word_1_983' title='bbox 1692 2735 1752 2766; x_wconf 89' lang='lat' dir='ltr'><strong>post</strong></span> <span class='ocrx_word' id='word_1_984' title='bbox 1764 2729 1815 2758; x_wconf 86' lang='lat' dir='ltr'><strong>Se-</strong></span> 
     </span>
    </p>
   </div>
   <div class='ocr_carea' id='block_1_118' title="bbox 1030 2766 1803 2808">
    <p class='ocr_par' dir='ltr' id='par_1_118' title="bbox 1030 2766 1803 2808">
     <span class='ocr_line' id='line_1_120' title="bbox 1030 2766 1803 2808; baseline 0.001 -16"><span class='ocrx_word' id='word_1_985' title='bbox 1030 2774 1107 2808; x_wconf 68' lang='lat' dir='ltr'><strong>guer.</strong></span> <span class='ocrx_word' id='word_1_986' title='bbox 1123 2766 1188 2807; x_wconf 73' lang='lat' dir='ltr'><strong>Reg.</strong></span> <span class='ocrx_word' id='word_1_987' title='bbox 1205 2766 1276 2794; x_wconf 83' lang='lat' dir='ltr'><strong>Felc.</strong></span> <span class='ocrx_word' id='word_1_988' title='bbox 1335 2766 1413 2801; x_wconf 79' lang='grc' dir='ltr'>φύσει</span> <span class='ocrx_word' id='word_1_989' title='bbox 1427 2768 1472 2795; x_wconf 79' lang='grc' dir='ltr'>καὶ</span> <span class='ocrx_word' id='word_1_990' title='bbox 1488 2767 1610 2802; x_wconf 75' lang='grc' dir='ltr'>γνησίου.</span> <span class='ocrx_word' id='word_1_991' title='bbox 1631 2767 1684 2794; x_wconf 75' lang='lat' dir='ltr'><strong>Alii</strong></span> <span class='ocrx_word' id='word_1_992' title='bbox 1705 2773 1769 2794; x_wconf 84' lang='lat' dir='ltr'><strong>vero</strong></span> <span class='ocrx_word' id='word_1_993' title='bbox 1789 2773 1803 2793; x_wconf 89' lang='lat' dir='ltr'><strong>e</strong></span> 
     </span>
    </p>
   </div>
   <div class='ocr_carea' id='block_1_119' title="bbox 1030 2802 1340 2838">
    <p class='ocr_par' dir='ltr' id='par_1_119' title="bbox 1030 2802 1340 2838">
     <span class='ocr_line' id='line_1_121' title="bbox 1030 2802 1340 2838; baseline -0.003 -9"><span class='ocrx_word' id='word_1_994' title='bbox 1030 2802 1104 2836; x_wconf 80' lang='lat' dir='ltr'><strong>editi,</strong></span> <span class='ocrx_word' id='word_1_995' title='bbox 1122 2802 1200 2836; x_wconf 70' lang='grc' dir='ltr'>φύσει</span> <span class='ocrx_word' id='word_1_996' title='bbox 1219 2802 1340 2838; x_wconf 77' lang='grc' dir='ltr'>γνησίου.</span> 
     </span>
    </p>
   </div>
  </div>
