1952 3040
225 84 276 112 16³1

506 81 537 110 S.
558 80 745 109 ATHANASII
765 79 842 107 OPP.
860 77 952 106 PARS
971 77 991 104 I.
1009 91 1045 97 —-
1065 74 1253 104 HISTORICA
1272 72 1316 101 ET
1339 71 1548 101 DOGMATICA.

1787 75 1840 102 168

224 142 293 170 Hinc
306 141 390 169 etiam
405 140 465 175 ejus
476 139 564 167 Filius
578 138 665 166 fidelis
687 141 741 170 est,
755 136 801 172 qui
818 140 846 163 et
860 136 918 171 ipse
932 142 1003 162 sem-

1069 132 1148 167 ἐγων·
1165 131 1259 159 Ἴδετέ
1271 139 1318 165 με,
1335 130 1422 158 were.
1437 131 1481 157 ὅτι
1495 129 1552 165 ἐγώ
1565 130 1632 165 ειμι,
1643 130 1699 161 καὶ,
1716 131 1771 158 οὐκ
1785 131 1841 164 ’ὴλ-

222 196 272 224 per
296 191 349 220 est,
373 194 424 214 nec
452 190 581 216 mutatur,
595 192 650 213 .nec
665 188 763 211 natura
788 190 839 210 nec
862 181 1005 217 promissis

224 232 308 260 fallax
322 235 375 264 est,
392 236 423 258 ut
444 230 542 257 iterum
554 229 651 256 scribit
673 228 820 263 Apostolus
841 227 875 254 ad
890 226 1007 254 Thessa-

225 278 394 305 lonicenses:
412 275 513 302 Fidelis
525 279 563 301 est
578 275 622 310 qui
636 282 679 301 vos
688 279 775 305 vocat,
791 274 835 308 qui
847 278 871 300 et
891 272 1004 306 faciet".

225 322 295 350 Cum
318 322 389 348 enim
411 328 442 347 ea
462 327 522 355 qua:
548 320 679 354 promittit
702 318 792 350 efficit,
815 318 900 345 ﬁdelis
916 322 958 345 est
979 317 1006 344 in

226 367 317 396 verbis
336 367 403 394 suis.
425 366 504 399 Quod
520 370 610 393 autem
625 366 677 392 hoc
699 365 861 392 vocabulum
875 364 1003 391 immuta-

225 414 357 441 bilitatem
379 412 522 447 significet,
540 412 611 439 idem
628 412 671 439 his
693 411 784 438 verbis
804 410 932 438 Hebraeos
957 409 1007 436 do-

226 464 285 487 cet:
304 458 399 486 Sinon
415 458 557 491 credimus,
572 457 618 484 ille
635 457 722 491 ﬁdelis
747 460 891 491 permanet,
914 463 1008 490 negare

226 505 340 540 “ipsum
360 513 414 531 non
436 509 531 538 potest.
550 503 645 537 Itaque
662 503 723 537 jure
739 502 837 530 merito
859 501 1008 537 Apostolus

225 551 260 578 de
286 557 418 586 corporea
444 549 526 577 Verbi
550 549 695 584 prmsentia
720 555 875 576 sermonem
902 547 1008 574 habens

225 595 474 630 dixit:Apostolum
489 600 514 622 et
529 596 573 629 qui
584 595 670 629 ﬁdelis
682 594 803 629 σεισίᾳαί
817 594 879 628 [erit
890 593 1007 626 illum“;

227 643 329 677 quibus
353 642 448 676 utique
475 641 565 668 verbis
592 641 711 668 ostendit
743 640 836 668 Jesum
868 639 1008 667 Christum

227 688 309 715 etiam
339 687 442 714 factum
471 686 620 718 hominem,
646 686 703 713 heri
728 690 755 713 et
782 685 861 713 hodie
883 686 1010 712 eumdem

226 740 298 764 esse,
321 737 401 766 atque
421 731 447 758 in
468 736 625 766 perpetuum
647 734 753 765 tempus
770 737 830 758 esse
853 730 1009 758 immutabi.

228 778 291 805 lem.
319 778 354 804 At
379 784 442 804 vero
462 776 690 811 quemadmodum
719 776 845 803 humana:
869 775 942 802 illius
959 783 1009 803 na-

229 829 308 856 tum,
323 822 471 850 sacerdotii
497 822 617 853 nomine,
637 821 759 848 meminit
775 822 938 855 Apostolus:
967 822 1008 849 sic

228 869 310 895 etiam
332 876 386 895 non
415 868 460 896 diu
485 868 518 894 de
541 868 601 902 ejus
618 867 762 894 divinitate
779 868 865 899 siluit,
883 867 930 894 sed
947 875 1011 894 mox

229 913 353 941 meminit
368 914 501 948 ejusdem,
516 921 571 948 quo
590 920 640 940 nos
663 913 763 947 ubique
790 913 915 940 redderet
931 920 1011 940 secu-

230 967 287 992 ros,
303 960 454 994 praesertim
470 959 516 986 ubi
528 958 562 986 de
576 959 635 993 ejus
660 959 811 986 humilitate
836 958 967 992 loquitur,
983 962 1012 984 ut

229 1005 318 1040 ipsius
331 1004 501 1031 altitudinem
514 1009 709 1039 paternamque
734 1004 903 1038 majestatem
921 1003 1012 1030 statim

229 1059 467 1087 cognosceremus.
484 1051 529 1077 Ait
540 1050 641 1085 igilur:
662 1050 769 1084 Moyses
788 1049 919 1082 famulus,
933 1048 1013 1076 Chri-

230 1101 291 1125 stus
319 1102 410 1125 autem
437 1093 524 1123 Filius
547 1096 653 1122 erat“:
675 1099 701 1122 et
730 1095 775 1121 ille
799 1094 908 1129 quidem
927 1094 1013 1121 ﬁdelis

229 1148 289 1171 erat
305 1144 332 1170 in
352 1143 443 1174 domo,
459 1143 510 1169 iste
525 1149 590 1169 vero
608 1149 692 1176 super
711 1141 834 1173 domum,
849 1145 942 1175 utpote
966 1140 1013 1174 qui

229 1196 290 1216 eam
318 1188 502 1221 aediﬁcaverit,
516 1187 630 1222 ejusque
649 1187 776 1214 dominus
802 1187 838 1214 sit
853 1194 887 1214 ac
910 1185 1012 1220 opifex,

230 1239 258 1262 et
271 1242 332 1262 eam
351 1238 481 1268 tanquam
507 1232 635 1260 dominus
652 1238 774 1259 sanctam
789 1231 895 1259 efﬁciat.
923 1231 1014 1266 Siqui-

230 1281 291 1308 dem
308 1279 426 1315 Moyses,
448 1280 494 1314 qui
519 1279 601 1305 homo
616 1282 711 1305 natura
726 1282 794 1309 erat,
809 1278 895 1304 fidelis
911 1281 952 1304 est
967 1277 1009 1304 fa-

231 1331 303 1357 ctus,
319 1333 381 1352 cum
397 1325 461 1358 Deo,
477 1325 523 1359 qui
538 1332 585 1359 per
594 1323 712 1351 Verbum
727 1324 898 1359 loquebatur,
919 1324 1014 1351 crede-

232 1377 290 1398 ret:
308 1371 426 1398 Verbum
441 1376 544 1401 autem,
562 1377 617 1397 non
626 1369 708 1397 veluti
728 1377 771 1397 res
787 1369 910 1404 quaedam
927 1368 1008 1400 facta,

232 1421 293 1444 erat
315 1417 342 1444 in
357 1424 482 1451 corpore,
500 1420 547 1443 aut
564 1420 594 1443 ut
606 1423 656 1442 res
678 1420 770 1442 creata
791 1415 818 1441 in
838 1418 940 1447 creata,
965 1414 1011 1442 sed

235 1461 308 1489 Deus
335 1466 394 1489 erat
422 1462 449 1488 in
478 1468 571 1493 carne,
601 1464 629 1487 et
654 1460 743 1494 opifex
771 1468 804 1487 ac
827 1459 972 1487 fabricator
987 1460 1015 1487 in

234 1515 316 1542 opere
344 1515 360 1534 a
379 1515 409 1534 se
427 1510 596 1534 constructo.
629 1505 762 1533 Praeterea
784 1506 868 1541 378
891 1506 1016 1534 homines

233 1562 317 1582 carne
331 1553 546 1585 circumdantur,
570 1556 601 1579 ut
615 1552 670 1580 sint
690 1556 717 1579 et
737 1552 904 1579 consistant:
924 1555 952 1578 at
966 1551 1015 1579 Dei

235 1599 355 1627 Verbum
371 1600 451 1627 homo
467 1599 553 1627 factus
572 1603 624 1631 cst,
637 1604 667 1626 ut
682 1605 793 1626 carnem
816 1602 939 1626 sanetam
956 1597 1016 1625 red-

234 1645 330 1678 deret;
346 1648 374 1671 et
389 1644 435 1678 qui
449 1643 580 1672 Dominus
589 1648 659 1677 erat,
675 1643 746 1671 servi
762 1643 876 1678 figuram
903 1649 1013 1670 assum-

234 1690 297 1724 psit.
330 1688 412 1715 Verbi
434 1689 506 1715 enim
524 1696 602 1716 serva
614 1693 657 1715 est
671 1696 714 1715 res
730 1688 820 1715 omnis
839 1692 940 1720 creata,
956 1694 1018 1722 quae

235 1733 271 1760 ab
292 1733 352 1767 ipso
375 1733 445 1759 facta
462 1737 489 1760 et
515 1733 624 1760 condita
643 1732 705 1759 fuit.
737 1731 800 1759 Inde
816 1739 898 1767 porro
911 1735 1018 1759 constat

236 1778 304 1805 illud
320 1778 354 1805 ab
371 1778 500 1812 Apostolo
516 1777 628 1809 dictum,
645 1777 718 1811 fecit,
737 1777 850 1804 minime
864 1777 1019 1812 signiﬁcare

236 1823 338 1851 factum
352 1823 436 1850 fuisse
453 1822 579 1856 Verbum,
596 1823 644 1850 sed
666 1830 767 1857 corpus
791 1823 923 1849 duntaxat
945 1822 1018 1856 quod

235 1868 325 1896 simile
342 1867 428 1895 nostri
442 1868 563 1902 accepit:
579 1867 698 1902 hincque
710 1867 798 1894 factus
815 1867 907 1901 homo,
928 1866 1013 1894 frater

236 1918 329 1941 noster
344 1917 385 1940 est
398 1913 558 1947 appellatus.

276 2049 319 2076 11.
332 2048 410 2082 Quod
423 2049 445 2076 si
459 2053 599 2076 ostensum
613 2052 664 2081 cst,
684 2055 747 2075 cum
762 2047 824 2083 quis
837 2047 870 2075 de
886 2048 944 2082 ipso
952 2046 1020 2075 Ver-

239 2095 274 2122 Lo
291 2095 418 2129 loquens,
433 2095 576 2127 vocabulo,
588 2094 662 2128 fecit,
681 2095 776 2127 utitur,
791 2101 852 2121 eum
869 2094 933 2120 illud
949 2094 1019 2126 loco,

1055 179 1189 213 λοίωμιιι·
1205 177 1245 204 διὸ
1254 178 1300 204 καὶ
1313 178 1327 204 ό
1338 175 1431 204 τούτου
1454 175 1519 208 Υἱὸς
1535 176 1629 208 πιστός
1644 177 1726 207 ἐστιν.
1738 177 1782 204 ἀεὶ
1790 177 1839 209 ὢν,

1056 224 1104 251 καὶ
1115 224 1165 250 οὐκ
1176 222 1279 250 ἀλλοιού
1284 231 1372 258 μενος,
1389 221 1448 248 οὐδὲ
1462 221 1667 257 διαψευδόμενος
1682 220 1743 249 οὔτε
1758 223 1788 249 ὲν
1801 223 1842 258 τῷ

1056 268 1136 302 εἶναι,
1148 269 1208 295 οὕτε
1224 270 1252 295 ὲν
1268 268 1307 303 τῷ
1330 267 1552 302 ἐπαγγέλλεσθαι,
1579 267 1704 303 καθάπερ
1731 269 1812 296 πάλιν
1827 271 1842 296 ό

1063 317 1221 348 ’Δπόστολος
1232 316 1343 351 γράφων
1353 315 1576 342 Θεσσαλονικεῦσι
1590 315 1639 351 μέν
1647 323 1722 351 φησιδ
1731 316 1843 349 Πιστὸς

1057 365 1074 390 ὀ
1089 363 1190 390 καλῶν
1200 361 1287 397 ὑμᾶς,
1300 361 1334 394 ὃς
1342 361 1390 388 καὶ
1403 360 1522 394 ποιήσει
1531 361 1597 396 (25)
1609 362 1638 388 ἐν
1646 361 1698 397 γὰρ
1707 361 1745 396 τῷ
1755 362 1843 388 ποιεῖν

1057 407 1292 443 ἃὲπαγγέλλεται,
1321 407 1414 438 πιστός
1437 407 1495 433 ἐστι
1521 407 1617 433 λαλῶν·
1652 405 1788 442 Ἑϐραίοις
1813 407 1843 433 δὲ

1059 455 1123 491 περὶ
1144 454 1192 481 τοῦ
1206 453 1348 490 σημαίνειν
1376 453 1426 489 τὴν
1453 452 1524 485 λέξιν
1552 451 1653 488 ταύτην
1669 453 1715 480 καὶ
1740 453 1795 489 (26)
1812 453 1844 480 τὺ

1058 501 1234 528 ἀναλλοίωτον
1243 498 1329 532 οὕτως
1345 500 1454 537 γράφει⁸
1475 501 1509 526 El
1534 499 1751 534 ἀπιστήσομεν,
1767 500 1843 527 ἐκεῖ·

1059 555 1112 579 νος
1124 547 1230 579 πιστὸς
1240 545 1333 581 μένει·
1355 545 1544 580 ἀρνήσασθαι
1573 545 1681 572 ἑαυτὸν·
1696 546 1732 572 οὺ
1754 545 1844 572 δύνη-

1059 601 1116 619 ται.
1129 592 1232 619 Οὐκοῦν
1244 592 1354 624 εἰκότως
1369 593 1383 618 ὁ
1399 591 1557 623 Ἀπόστολος
1564 591 1611 627 τὴν
1627 591 1783 627 σωματικὴν
1796 591 1844 618 τοῦ

1060 638 1146 672 Λόγου
1157 637 1307 674 παρουσίαν
1328 637 1502 673 διηγούμενός
1518 646 1599 673 φησιν
1620 637 1685 673 (‘27)'
1704 638 1846 665 ’Λπόστο-

1059 686 1116 711 λον
1127 683 1176 710 καὶ
1205 682 1314 709 πιστὸν
1334 682 1406 709 ὄντα
1433 681 1473 715 τῷ
1497 682 1657 716 ποιήσαντι
1677 682 1779 715 αὑτὸν,
1795 683 1846 710 δει-

1060 730 1136 761 κνὺς,
1151 729 1192 756 ὅτι
1208 728 1256 755 καὶ
1268 728 1409 764 ἄνθρωπος
1438 728 1581 763 γενόμενος
1599 727 1701 762 Ἰησοῦς
1718 729 1843 764 Χριστὸς,

1061 775 1123 810 χθὲς
1135 775 1182 801 καὶ
1195 775 1313 810 σήμερον
1330 775 1344 800 ό
1357 774 1447 806 αὐτὸς,
1462 774 1509 801 καὶ
1523 775 1563 806 εἰς
1578 774 1641 805 τοὺς
1655 774 1753 806 αἰῶνας
1766 775 1846 801 ἀναλ-

1059 820 1169 852 λοίωτός
1193 821 1260 847 ἐστι.
1280 819 1335 847 Καὶ
1350 820 1443 855 ὥσπερ
1464 819 1513 855 τῆς
1532 819 1588 855 (28)
1614 820 1846 856 ὲνανθρωπήσεως

1060 865 1142 892 αὐτοῦ
1158 865 1201 892 διὰ
1213 865 1264 899 τῆς
1291 864 1495 900 ἀρχιερωσύνης
1521 864 1683 900 μνημονεύει
1699 865 1813 901 γράφων
1831 866 1846 891 ό

1067 910 1293 946 ’Λπόστολος-(Ξθ)
1302 908 1372 936 οὕτω
1379 910 1426 936 κα)¹
1438 909 1517 937 πάλιν
1525 910 1575 937 οὐκ
1582 910 1717 945 ἐσιώπησε
1727 911 1845 948 μακρὰν.

1061 956 1118 983 ἀλλ’
1131 956 1210 988 εὐθὺς
1227 956 1290 991 περὶ
1303 955 1353 989 τῆς
1369 955 1493 991 θεότητος
1502 955 1582 982 αὑτοῦ
1601 955 1773 991 μνημονεύει,
1783 964 1848 982 παν-

1060 1002 1143 1038 ταχοῦ
1156 1002 1205 1037 τῆς
1222 1001 1369 1036 ἀσφαλείας
1383 1002 1532 1036 γινόμενος,
1550 1001 1613 1028 ἔνθα
1626 1001 1741 1036 μάλιστα
1756 1002 1785 1028 τὺ
1799 1010 1847 1028 τα-

1062 1048 1152 1074 πεινὸν
1163 1046 1300 1082 ὀνομάζει,
1317 1047 1350 1073 ἵν’
1366 1045 1446 1078 εὐθὺς
1459 1047 1540 1074 αὑτοῦ
1561 1047 1610 1082 τὴν
1626 1046 1778 1082 ὑψηλότητα
1801 1047 1848 1074 καὶ

1061 1093 1112 1129 τὴν
1124 1092 1259 1128 πατρικὴν
1275 1091 1470 1127 μεγαλειότητα
1486 1091 1674 1126 γινώσκωμεν.
1687 1092 1756 1127 Φησὶ
1768 1091 1843 1126 γοῦν·

1068 1139 1097 1165 ⁸0
1113 1139 1160 1174 μὲν
1176 1138 1279 1173 Μωσῆς
1289 1137 1428 1173 θεράπων,
1444 1138 1459 1163 ὁ
1475 1136 1503 1163 δὲ
1525 1137 1641 1171 Χριστὸς
1665 1137 1737 1168 Υίός·
1756 1138 1848 1164 κάκεῖ-

1062 1193 1107 1216 νος
1124 1184 1172 1218 μὲν
1185 1184 1279 1215 πιστὸς
1294 1184 1334 1215 είς
1346 1183 1392 1210 τὸν
1406 1180 1490 1214 οἷκον,
1506 1179 1582 1215 οὗτος
1602 1182 1630 1209 δὲ
1645 1182 1692 1208 ἐπὶ
1705 1182 1749 1209 τὸν
1765 1180 1848 1213 οἷκον,

1063 1229 1101 1262 ὼς
1114 1229 1194 1262 αὐτὸς
1209 1229 1288 1256 αὐτὸν
1303 1229 1518 1260 κατασκευάσας,
1536 1229 1584 1255 καὶ
1603 1229 1696 1264 κύριος
1712 1227 1793 1255 αὐτοῦ
1802 1229 1849 1255 καὶ

1063 1275 1227 1311 δημιουργὸς
1250 1275 1399 1311 τυγχάνων,
1428 1274 1475 1301 καὶ
1483 1274 1521 1306 ὡς
1540 1274 1606 1306 Θεὸς
1627 1273 1746 1308 ἁγιάζων
1758 1274 1847 1301 αὐτόν.

1070 1321 1098 1348 '0
1114 1321 1163 1358 μὲν
1175 1321 1228 1356 γὰρ
1250 1321 1361 1356 Μωσῆς,
1383 1320 1522 1355 ἄνθρωπος
1540 1320 1618 1355 φύσει
1633 1319 1680 1351 ὣν,
1692 1319 1785 1351 πιστὸς
1794 1319 1850 1353 £71-

1065 1376 1125 1394 νετο
1141 1367 1209 1402 (50),
1222 1366 1358 1394 πιστεύων
1373 1366 1411 1402 τῷ
1426 1366 1469 1393 διὰ
1482 1366 1528 1392 τοῦ
1545 1366 1631 1400 Λόγου
1643 1365 1766 1392 λαλοῦντι
1776 1365 1850 1400 αὐτῷ

1065 1412 1132 1448 Θεῷ·
1146 1413 1160 1438 ό
1174 1412 1202 1439 δὲ
1228 1412 1312 1446 Λόγος
1334 1411 1383 1446 οὐχ
1407 1410 1500 1451 ὥσπερ
1521 1419 1563 1442 τις
1575 1411 1628 1437 τῶν
1640 1411 1760 1445 γενητῶν
1772 1408 1806 1446 ἦν
1821 1411 1850 1437 ὲν

1029 1476 1050 1504 C
1067 1458 1181 1494 σώματι,
1197 1457 1256 1484 οὐδὲ
1266 1458 1304 1489 ὡς
1317 1458 1418 1492 κτίσμα
1433 1457 1460 1482 ὲν
1472 1456 1626 1491 κτίσμαστι,
1644 1455 1713 1482 ἀλλὰ
1735 1455 1801 1488 Θεὸς
1821 1457 1850 1482 ἐν

1069 1503 1150 1540 σαρκὶ
1160 1503 1206 1530 καὶ
1217 1503 1390 1539 δημιουργὸς,
1402 1502 1448 1528 καὶ
1476 1501 1695 1537 κατασκευαστὴς
1710 1502 1738 1528 ὲν
1749 1501 1787 1536 τῷ
1803 1511 1850 1528 κα·-

1068 1549 1277 1577 τασκευασθέντι
1307 1549 1353 1576 ὑπ’
1377 1547 1470 1576 αὑτοῦ.
1499 1548 1554 1574 Καὶ
1582 1548 1607 1574 οἱ
1637 1547 1686 1583 μὲν
1714 1547 1852 1583 ἄνθρωποι

1069 1595 1148 1622 ἓνεκα
1158 1595 1205 1622 τοῦ
1222 1594 1291 1622 εἶναι
1318 1594 1365 1621 καὶ
1389 1593 1534 1628 ὑφεστάναι
1561 1593 1648 1629 σάρκα
1676 1592 1856 1629 περιὸέσλην-

1069 1649 1113 1667 ται
1127 1641 1192 1674 (51)⁵
1208 1642 1222 1667 ό
1236 1640 1264 1666 δὲ
1280 1639 1326 1666 τοῦ
1340 1639 1406 1666 Θεοῦ
1419 1639 1503 1673 Λόγος
1517 1638 1597 1665 ἕνεκα
1608 1638 1655 1665 τοῦ
1671 1638 1791 1673 ἁγιάζειν
1803 1638 1855 1674 τὴν

1071 1686 1159 1721 σάρκα
1170 1686 1279 1720 γέγονεν
1289 1685 1441 1720 ἄνθρωπος·
1453 1685 1498 1711 καὶ
1505 1684 1605 1720 Κύριος
1619 1683 1666 1716 ὢν,
1679 1685 1707 1710 ὲν
1717 1685 1749 1720 τῇ
1762 1686 1854 1720 μορφῇ

1069 1731 1116 1757 τοῦ
1131 1731 1222 1758 δούλου
1232 1729 1276 1766 ἦν·
1296 1730 1375 1765 δούλη
1404 1729 1457 1764 (52)
1483 1729 1537 1765 γὰρ
1558 1729 1604 1756 τοῦ
1631 1729 1718 1764 Λόγου
1747 1730 1764 1765 ὴ
1778 1730 1857 1757 πᾶσσ.

1071 1776 1167 1809 κτίσις,
1186 1778 1202 1812 ή
1219 1777 1283 1812 παρ’
1308 1775 1389 1802 αὑτοῦ
1413 1775 1543 1810 γενομένη
1569 1775 1614 1801 καὶ
1636 1775 1785 1810 ποιηθεῖσα.
1807 1776 1856 1802 Ἐκ

1070 1822 1098 1849 δὲ
1109 1823 1202 1849 τούτου
1220 1822 1392 1857 συνέστηκεν,
1406 1822 1446 1848 ὅτι
1459 1822 1505 1848 καὶ
1521 1822 1551 1848 τὸ
1569 1821 1712 1856 λεγόμενον
1727 1820 1802 1857 παρὰ
1814 1821 1857 1856 τῷ

1077 1867 1239 1902 ’Λποστόλῳ,
1267 1868 1421 1901 ἐποίησεν,
1438 1867 1469 1893 οὐ
1484 1867 1642 1903 ποιούμενον
1670 1867 1787 1894 δείκνυσι
1808 1866 1857 1894 τὸν

1071 1912 1167 1946 Λόγον,
1184 1913 1241 1940 ἀλλ’
1251 1913 1319 1948 ὅπερ
1334 1912 1428 1939 ἔλαϐεν
1438 1912 1529 1948 ὅμοιον
1551 1914 1617 1948 ἡμῖν
1634 1913 1688 1948 (55)
1715 1912 1802 1947 σῶμα”
1814 1912 1858 1938 διὸ

1072 1959 1119 1985 καὶ
1151 1958 1282 1993 ἀδελφὸς]
1303 1959 1380 1994 ήμῶν
1419 1959 1583 1996 ἐχρημάτισε
1626 1958 1770 1994 γενόμενος
1806 1959 1857 1985 ἇν-

1073 2003 1190 2040 θρωπος.

1109 2048 1152 2075 11.
1171 2049 1201 2075 Εί
1214 2049 1242 2075 δὲ
1256 2048 1398 2082 δέδεικται,
1415 2050 1467 2082 ὅτι,
1491 2049 1541 2076 κᾶν
1553 2050 1595 2076 ἐπ’
1607 2049 1686 2076 αὑτοῦ
1700 2050 1746 2077 τοῦ
1767 2049 1858 2083 Λόγου

1073 2103 1114 2126 τις
1121 2095 1175 2130 (34)
1182 2094 1248 2131 λέγῃ
1259 2095 1299 2127 τὸ,
1309 2095 1461 2128 ἐποίησεν,
1472 2095 1532 2121 ἀντὶ
1540 2094 1596 2127 τοῦ,
1606 2094 1761 2129 ἐγέννησε,
1770 2094 1855 2129 λέγει’

237 2140 339 2176 genuit,
358 2148 506 2176 usurpare:
521 2148 604 2175 quam
620 2141 671 2174 illi,
686 2148 790 2175 quaeso,
808 2148 919 2175 pravam
936 2141 1013 2167 inter-

1075 2139 1152 2166 ποίαν
1174 2139 1228 2175 ἄρα
1251 2139 1426 2175 παρεξευρεῖν
1447 2139 1567 2166 ἐπίνοιαν
1599 2139 1638 2166 ἐτι
1655 2139 1754 2174 μᾶλλον
1772 2147 1858 2166 κακοι-
1889 2133 1894 2138 ”

277 2255 300 2271 "
316 2253 460 2282 lTbessal.
474 2262 500 2288 v,
513 2254 559 2282 24.
597 2255 620 2270 ⁸ο
640 2254 650 2281 l
665 2254 735 2282 Tim.
751 2262 780 2287 ιι,
798 2255 840 2282 ll.
878 2255 898 2270 “
915 2254 997 2282 Hebr.
1014 2263 1055 2287 ιιι,
1070 2256 1097 2282 5.

277 2348 333 2385 (25)
351 2349 396 2377 Sic
407 2349 519 2384 Segucr.
533 2349 640 2376 Gobler.
654 2349 726 2376 Felc.
744 2349 757 2376 1
781 2352 808 2376 ει
820 2348 847 2375 4.
864 2349 915 2376 Alii
931 2354 1022 2376 autem

238 2387 263 2411 et
279 2384 362 2411 editio
376 2384 518 2418 Commel.,
533 2386 612 2411 ποιεῖ.

277 2418 333 2453 (26)
352 2419 474 2454 Segner.,
488 2420 534 2446 καὶ
547 2419 587 2446 τό.
605 2419 674 2446 Editi
699 2422 726 2445 el
751 2418 797 2445 alii
820 2427 866 2444 και
881 2418 1019 2454 onlitlunl.

242 2452 302 2489 Mox
318 2452 429 2489 Seguér.
447 2454 553 2482 Gobler.
572 2454 640 2481 Fclc.
661 2455 671 2480 1
687 2458 714 2480 et
733 2453 758 2482 4.
774 2453 942 2488 ἀρνήσασθαι
958 2454 1021 2479 ἑαυ-

241 2488 298 2525 ’τόνἶ
310 2488 365 2516 Alii
378 2494 405 2517 et
417 2489 491 2521 editi,
504 2489 673 2525 ἀρνήσασθαι
684 2489 737 2524 γὰρ
752 2489 856 2525 ἑαυτόν.

278 2524 333 2558 (‘27)
348 2524 459 2559 Seguer.
478 2522 587 2552 Gobler.
602 2524 674 2552 Felc.
691 2522 758 2550 'l'et
781 2523 809 2555 4,
831 2531 922 2558 φησιν.
951 2522 1022 2550 Edili

242 2562 270 2586 et
282 2559 337 2594 alii,
353 2559 460 2594 ἔφησεν.

277 2593 332 2628 (28)
344 2591 513 2630 Segucrian.,
523 2595 591 2622 ἐστι’
605 2595 660 2621 Καὶ
671 2593 764 2630 ὥσπερ
774 2593 834 2629 τῆς.
850 2591 918 2620 Editi
930 2597 956 2620 et
966 2593 1021 2625 alii,

242 2627 366 2665 toti-Aio
379 2627 424 2655 καὶ
441 2630 478 2661 ὡς
487 2630 559 2665 Ῠπερὶ
570 2630 629 2665 τῆς.

280 2663 334 2697 (29)
350 2663 461 2698 Seguer.
479 2662 587 2692 Golilcr.
598 2662 672 2692 Felc.
689 2665 700 2691 1
719 2669 745 2691 ct
754 2663 903 2697 Ᾱ,γράι,ςων
917 2663 932 2689 ό
947 2662 1022 2688 Παῦ-

242 2695 298 2758 λεξ,
309 2695 490 2758 ρὲτῶπάλιν.
506 2699 589 2726 Paulo
604 2705 664 2735 post
675 2700 752 2726 iidem
774 2695 821 2733 pro
837 2695 910 2730 ἔνθα,
925 2698 1024 2724 habent

243 2741 256 2758 ι
290 2741 323 2758 αυ
341 2741 367 2758 α.

243 2740 367 2760 ινταυυα.

278 2767 332 2801 (50)
346 2768 470 2801 Semen,
485 2768 586 2795 ἐγίνετο
608 2768 691 2796 Paulo
706 2773 763 2804 pos'
782 2768 853 2795 Felc.
874 2767 901 2796 1.
916 2776 957 2798 τις
970 2767 1022 2794 τῶν

1093 2357 1152 2374 ενντι
1156 2356 1218 2374 των.

1073 2357 1218 2383 γεννητων.

1109 2383 1164 2417 (51)
1174 2383 1298 2418 SicAmss.
1313 2389 1417 2418 omnes.
1433 2381 1520 2418 Editio
1530 2381 1674 2418 comm-1.,
1691 2381 1855 2418 περιϐέϐλη-

1074 2427 1128 2445 ται.
1144 2418 1204 2445 Mox
1219 2416 1342 2450 Seguer.,
1356 2417 1436 2453 ἕνεκα
1449 2417 1496 2444 τοῦ
1505 2416 1628 2450 ἁγιάζειν
1637 2418 1686 2452 τὴν
1700 2416 1796 2453 σάρκα.
1813 2416 1858 2451 γὲ-

1075 2462 1162 2515 γονὲν.
1178 2453 1274 2479 Cameri
1282 2456 1308 2479 et
1319 2451 1490 2483 eJili,1-".vaxev
1500 2453 1546 2479 τοῦ
1562 2451 1686 2487 ἁγιάζειν
1695 2451 1743 2488 τὴν
1757 2453 1856 2488 σάρκα,

1075 2497 1121 2515 γεν
1141 2497 1228 2515 μενος.

1094 2497 1136 2515 svo
1140 2497 1228 2519 μενος.

1074 2497 1228 2523 γενόμενος.

1112 2524 1166 2558 (52)
1184 2523 1302 2558 Anglic,
1316 2522 1413 2549 δοῦλοι.
1439 2522 1539 2558 Ibidem
1562 2523 1685 2558 §egner.,
1700 2522 1809 2558 Gobler.
1829 2525 1858 2558 et

1076 2556 1148 2585 Felc.
1158 2556 1187 2590 ’1,
1201 2559 1217 2594 ἡ
1229 2556 1388 2594 impiatos
1403 2556 1544 2594 γενομένη.
1563 2557 1631 2594 Edjti
1643 2558 1756 2594 aliiqtle,»
1769 2556 1857 2594 δι’-αὑ-

1075 2594 1123 2620 τοῦ
1139 2592 1281 2629 γενομένηζ
1294 2593 1376 2620 Paulo
1385 2597 1445 2629 post
1461 2592 1572 2629 Seguer.
1589 2592 1697 2629 Golqarler.
1713 2592 1784 2629 Felc3
1803 2592 1814 2617 1
1829 2596 1857 2629 e_t

1077 2629 1104 2660 4,
1124 2625 1271 2664 παρϊτεῧ
1296 2625 1465 2655 Ἀποστόλου.
1490 2625 1542 2654 Alii
1558 2632 1585 2655 et
1611 2627 1687 2660 editi,
1716 2626 1790 2663 παρὰ
1816 2625 1857 2660 τῷ

1083 2664 1243 2699 Ἀποττόλῳ.

1112 2700 1167 2733 (55)
1180 2696 1290 2733 Segucr.
1309 2697 1417 2726 Golder.
1433 2702 1459 2725 et
1478 2697 1550 2725 Felc.
1564 2697 1589 2729 l,
1614 2697 1690 2732 ἡμῖν.
1709 2696 1803 2725 Galeri
1829 2700 1858 2722 et

1076 2734 1158 2760 editio
1170 2732 1314 2766 Commel.,
1328 2732 1417 2768 ἡμῶν.

1111 2769 1167 2803 (54)
1190 2769 1299 2803 Suguer.
1319 2765 1384 2804 κάς.
1401 2773 1427 2796 ot
1444 2767 1532 2799 Eclck.
1551 2767 1577 2799 4,
1592 2767 1675 2804 λέγῃ·
1691 2767 1736 2794 alii
1751 2771 1778 2793 ot
1793 2765 1837 2793 ed.
