1941 3037
229 106 280 135 185

510 106 538 133 S.
561 105 747 134 ATHANASII
764 105 840 135 OPP.
860 105 950 134 PARS
970 106 991 134 l.
1012 121 1046 127 —
1067 105 1252 134 HISTOBICA
1271 105 1315 133 ΕΤ
1335 104 1543 133 DOGMATICA.

1803 107 1853 134 183

228 163 330 191 idcirco
353 161 423 190 idem
441 161 475 190 de
494 161 541 190 Dei
556 161 644 190 Verbo
660 166 732 189 esset
746 162 942 197 cogitandum;
960 170 1000 190 net

1061 162 1115 189 οὐδ’
1129 161 1200 189 οὔτω
1226 161 1275 197 μὲν
1290 162 1372 197 ἐχρῆν
1388 162 1486 193 αὐτοὺς
1502 160 1613 188 τοιαῦτα
1628 162 1691 198 περὶ
1704 162 1750 189 τοῦ
1767 164 1853 198 Λόγου

227 209 301 236 enim
309 208 329 235 F
332 208 394 236 ilius
407 207 506 236 Deires
515 207 585 235 facta
593 212 644 239 est,
657 207 827 236 sicutiJacob
838 216 1010 243 :quanquam

227 258 349 290 possent,
365 255 388 282 si
408 254 506 282 vellent
526 254 595 282 alios
621 255 803 289 interrogare,
817 262 872 282 non
894 254 1012 289 amplius

226 301 360 336 desipere.
385 299 485 327 Verum
504 300 527 327 si
546 300 597 328 ista
617 308 705 335 neque
720 301 753 328 de
764 304 861 328 natura
879 307 966 335 neque
978 300 1012 328 de

225 351 302 374 ortus
312 345 446 381 principio
459 345 622 381 intelligunt,
634 353 697 374 eum
711 351 801 374 tamen
813 346 898 374 Jacob
914 351 1010 373 natura

225 396 333 420 creatus
349 391 384 419 sit
399 396 424 419 et
440 390 528 419 factus
540 412 548 425 ,
569 399 603 419 an
620 400 674 419 non
698 391 802 420 furiose
826 392 913 427 magis
927 399 1009 427 quam

224 438 350 465 diabolus
375 438 498 466 insanire
518 438 626 466 dicendi
649 444 714 467 sunt
731 439 777 475 qui
794 446 836 472 ea,
851 447 911 474 qua:
927 439 1009 467 rebus

224 488 321 511 natura
345 483 423 511 factis
447 491 501 511 non
523 484 626 512 audent
648 485 752 513 similes
768 485 804 513 ob
819 485 952 513 dictiones
968 489 1010 512 at-

224 528 351 560 tribuere,
370 527 419 554 Dei
433 527 502 555 Filio
526 527 577 562 ipsi
603 527 742 564 aliingant,
756 537 875 564 eumque
891 537 948 557 rem
966 529 1008 556 fa-

221 579 293 602 ctam
313 581 376 602 esse
400 573 588 603 contendant?
607 573 640 601 Et
659 583 724 602 vero
739 574 814 603 Isaac
828 583 891 603 cum
906 575 1009 603 diceret

221 621 283 654 ﬁas,
315 624 352 654 et,
368 620 430 654 feci.
447 627 498 647 nec
511 619 675 655 principium
696 625 774 650 ortus
788 620 873 649 Jacob
886 629 936 649 nec
946 622 1007 657 ejus

221 666 396 701 signiﬁcabat
423 670 560 694 naturam.
593 665 732 701 Siquidem
758 671 821 702 post
849 667 958 702 triginta
980 671 1008 695 et

220 712 338 746 amplius
359 719 456 745 annos,
477 719 510 739 ex
533 720 588 746 quo
599 711 684 740 Jacob
707 718 788 741 natus
802 717 871 744 erat,
885 713 943 741 hinc
960 714 1006 742 ille

219 754 318 787 aiebat,
335 754 382 781 sed
398 754 458 789 ejus
475 754 501 781 in
519 754 632 782 fratrem
646 759 819 790 potestatem,
833 763 895 791 quae
910 760 1006 791 postea

218 797 291 826 fricta
301 803 353 833 est,
367 798 517 826 indicabat.

1063 205 1109 232 τοῦ
1124 205 1192 232 θεοῦ
1205 206 1256 232 κᾶν
1279 205 1463 241 ὲνθυμείσθαγ
1487 206 1518 232 οὺ
1536 206 1590 242 γάρ
1605 207 1677 234 ἐστιν
1703 208 1718 234 ὁ
1732 208 1795 240 Υιὸς
1806 209 1852 236 τοῦ

1062 251 1129 279 Θεοῦ
1141 252 1257 287 ποίημα,
1271 251 1310 289 ᾡς
1324 252 1339 277 ὁ
1354 251 1459 278 Ἰακώϐ·
1470 251 1540 286 πλὴν
1556 252 1680 279 ἐδύναντό
1693 262 1750 281 πως
1767 255 1850 282 πυθό-

1064 306 1148 332 μενοι,
1167 297 1266 332 μηκέτι
1283 298 1476 333 παραφρονεῖν·
1491 298 1515 324 εί
1532 297 1561 324 δὲ
1577 297 1663 324 ταῦτα
1673 299 1723 325 οὐκ
1743 299 1789 326 ἐπὶ
1801 300 1851 335 τῆς

1061 342 1164 374 οὐσίας,
1190 342 1251 368 οὐδὲ
1276 342 1323 368 ἐπὶ
1339 341 1388 376 τῆς
1407 342 1494 378 ἀρχῆς
1525 343 1574 378 τῆς
1598 343 1730 377 γενέσεως
1744 344 1850 381 λαμϐἁε

1060 396 1144 419 νουσι,
1158 388 1246 415 καίτοι
1264 387 1333 414 κατὰ
1351 387 1431 422 φύσιν
1445 388 1520 420 δντος
1532 388 1579 415 τοῦ
1597 389 1692 416 Ἰακὼϐ
1704 390 1851 426 κτίσματος

1060 434 1107 461 καὶ
1118 435 1268 471 ποιήματος
1278 443 1285 450 ·
1302 435 1359 467 πῶς
1370 435 1400 461 οὐ
1413 434 1492 462 πλέον
1501 435 1548 462 τοῦ
1563 435 1685 464 διαϐόλου
1699 438 1850 472 μαίνονται,

1059 481 1083 506 εἰ
1099 480 1153 516 ἄρα
1165 480 1183 508 ἃ
1198 481 1266 515 μηδὲ
1287 480 1344 515 (20)
1370 482 1426 512 τοῖς
1453 482 1533 516 φύσει
1557 484 1695 518 γεννητοῖς
1714 483 1850 519 τολμῶσιν

1058 527 1090 553 ὲκ
1103 526 1158 553 τῶν
1171 527 1271 562 ὁμοίων
1284 527 1383 561 λέξεων
1404 527 1563 561 συνάπτειν,
1579 528 1665 555 ταῦτα
1678 529 1717 565 τῷ
1733 531 1790 566 Υἱῷ
1801 531 1848 558 τοῦ

1057 572 1125 600 Θεοῦ
1137 573 1348 609 προσπλέκουσι,
1357 573 1481 608 λέγοντες
1495 574 1642 610 (ἓ1)αὺτὸν
1653 576 1757 612 ποίημα
1768 575 1848 610 εἷναι;

1059 619 1156 653 Ἔλεγε
1174 619 1252 655 γὰρὸ
1269 620 1371 652 Ἰσαὰκ,
1385 620 1482 654 γίνου,
1492 621 1550 652 καὶ,
1567 621 1707 654 ἐποίησα,
1725 621 1786 648 οὕτε
1799 622 1850 657 τὴν

1057 662 1143 698 ἀρχὴν
1154 663 1209 699 (29.)
1224 663 1273 699 τῆς
1287 663 1421 698 γενέσεως
1432 664 1479 691 τοῦ
1499 664 1607 698 Ἰακὼϐ,
1622 664 1684 692 οὕτε
1693 666 1743 702 τὴν
1753 667 1848 694 οὐσίαν

1056 708 1138 735 αὐτοῦ
1152 709 1301 744 σημαίνων·
1319 710 1387 745 μετὰ
1401 711 1455 746 γὰρ
1470 711 1617 746 τριάκοντα
1634 713 1681 738 καὶ
1696 712 1786 740 πλεῖον
1798 713 1847 748 ἐτη

1055 754 1105 789 τῆς
1127 754 1260 788 γενέσεως
1278 755 1360 782 αὑτοῦ
1373 755 1459 783 ταῦτα
1480 756 1582 791 ἔλεγεν·
1597 757 1663 784 ἀλλὰ
1682 759 1731 793 τὴν
1745 760 1786 790 είς
1801 759 1847 786 τὸν

1056 798 1168 833 ἀδελφὺν
1183 798 1306 831 ἐξουσίαν
1322 800 1416 832 αὐτοῦ,
1439 801 1488 836 τὴν
1505 801 1574 836 μετὰ
1587 801 1672 828 ταῦτα
1684 803 1844 838 γενομένην.

253 845 296 872 18.
313 844 384 880 Ergo
396 845 481 872 multo
502 845 589 880 magis
610 845 708 873 Petrus
725 853 781 873 non
801 845 845 874 his
860 845 951 874 verbis
966 846 1000 874 si-

1093 844 1135 872 i8.
1149 844 1253 872 Οὐκοῦν
1268 845 1357 882 πολλῷ
1372 846 1470 881 μᾶλλον
1484 847 1498 873 ὁ
1513 846 1615 883 Πέτρος
1631 848 1661 874 οὐ
1678 848 1783 884 ποίημα
1795 849 1845 884 τὴν

218 890 357 925 gnilicavit
373 889 473 918 factam
489 898 551 918 esse
566 889 644 918 Verbi
659 894 784 917 naturam
797 899 804 917 :
819 890 908 926 ipsum
921 890 1006 925 siqui—

217 938 278 964 dem
295 936 395 963 Filium
413 936 460 964 Dei
481 944 542 964 esse
555 940 668 964 noverat
690 935 889 971 confessusque
906 936 1005 969 fuerat,

217 990 278 1010 eum
293 983 345 1010 ait:
361 982 399 1009 Tu
410 991 436 1010 es
443 981 576 1014 Clu-mus,
589 981 673 1010 Filius
681 981 840 1010 Deivirentis
848 982 880 1015 ἐς
892 983 936 1010 sed
945 984 1006 1017 ejus

217 1030 244 1057 in
263 1037 314 1058 nos
332 1029 475 1065 imperium
499 1033 527 1057 et
547 1029 716 1056 dominatum
740 1036 773 1056 ex
795 1029 880 1064 gratia
903 1029 1004 1056 iactum

216 1075 394 1111 intelligebat.
407 1075 476 1103 Hinc
497 1075 578 1103 etiam
594 1075 653 1103 haec
667 1075 793 1108 dicendo,
814 1075 849 1103 de
864 1079 965 1103 eterna
978 1080 1005 1102 et

216 1125 328 1156 paterna
350 1121 412 1149 Filii
434 1120 482 1149 Dei
508 1121 650 1149 divinitate
671 1128 726 1148 non
749 1121 836 1154 siluit,
857 1121 904 1149 sed
928 1122 1004 1157 prius

215 1167 333 1201 dixerat,
355 1168 431 1195 illum
450 1168 478 1195 in
502 1175 552 1195 nos
578 1167 708 1202 Spiritum
731 1167 905 1195 ell‘udissc".
921 1168 1004 1203 Atqui

216 1214 346 1248 Spiritum
364 1221 425 1241 cum
441 1218 574 1248 potestate
587 1213 651 1241 dare
666 1221 720 1241 non
733 1213 771 1241 rei
787 1218 884 1241 creata:
896 1219 951 1247 est,
963 1215 1004 1242 vel

215 1256 302 1289 factm,
319 1256 364 1283 sed
389 1255 436 1282 Dei
454 1255 555 1282 donum
570 1260 622 1283 est.
637 1254 705 1282 Nam
724 1263 766 1283 res
790 1260 888 1283 create
902 1261 1004 1283 sanctae

213 1303 324 1337 quidem
339 1302 495 1330 efﬁciuntur
511 1309 526 1329 a
545 1301 650 1336 Spiritu
672 1306 784 1329 sancto:
799 1301 886 1330 Filius
911 1306 1001 1330 autem

214 1355 268 1375 non
285 1353 397 1376 sanctus
408 1347 522 1375 cilicitur
532 1355 547 1374 a
559 1347 662 1383 Spiritu
676 1352 783 1379 sancto,
809 1349 856 1376 sed
871 1349 928 1383 ipse
938 1356 1001 1376 eum

213 1393 259 1419 dat
271 1393 408 1425 omnibus,
425 1394 541 1429 indeque
551 1398 623 1428 patet
633 1401 687 1421 non
701 1399 835 1427 creatum,
847 1394 894 1422 sed
907 1402 1001 1422 verum

213 1438 302 1467 Patris
317 1447 377 1467 esse
389 1439 498 1468 Filium.
510 1441 536 1468 ls
549 1440 728 1468 nihilominus
744 1441 844 1476 quidat
857 1441 999 1476 Spiritum.

213 1486 271 1520 ipse
291 1493 400 1521 quoque
425 1485 512 1513 factus
534 1493 596 1514 esse
626 1485 735 1515 dicitur.
757 1485 891 1514 Nimirum
913 1486 1000 1514 factus

211 1539 271 1559 esse
282 1532 352 1567 apud
366 1540 417 1560 nos
433 1532 564 1561 Dominus
577 1533 677 1562 dicitur
695 1525 731 1561 ob
752 1533 899 1560 humanam
915 1539 995 1561 natu-
1012 1525 1032 1553 (ἶ

210 1585 291 1605 ram:
307 1578 352 1606 dat
371 1583 462 1606 autem
482 1579 625 1614 Spiritum,
645 1580 710 1616 quia
734 1579 780 1606 Dei
801 1578 919 1607 Verbum
944 1585 994 1607 est.

211 1624 350 1660 Siquidem
365 1632 471 1660 semper
484 1624 535 1652 fuit
553 1629 580 1653 et
595 1630 647 1659 est,
665 1625 840 1658 sicutFilius.
854 1626 890 1653 ita
905 1631 932 1653 et
942 1626 996 1652 Du-

210 1671 301 1698 minus
319 1676 344 1698 et
357 1678 483 1699 summus
500 1673 623 1700 omnium
645 1673 804 1708 imperator,
828 1673 857 1700 in
870 1673 997 1700 omnibus

209 1715 282 1743 Patri
297 1716 405 1749 similis,
424 1717 567 1752 omniaque
584 1718 688 1746 habens
702 1726 762 1754 qua:
773 1717 861 1746 Patris
876 1723 950 1750 sunt,
968 1723 997 1745 ut

211 1761 269 1796 ipse
283 1761 385 1789 dixit‘.
407 1761 466 1789 Jam
489 1770 565 1795 vero,
579 1763 602 1790 si
624 1763 721 1798 placet,
741 1763 997 1791 istud'Proverbio-

211 1815 291 1834 rum:
305 1807 434 1835 Dominus
451 1809 548 1835 creauit
561 1817 600 1835 me
613 1803 718 1836 initium
733 1809 836 1836 viarum
848 1818 956 1836 suarum
969 1811 995 1837 in

210 1861 289 1887 opera
311 1854 391 1886 sua',
408 1854 585 1888 dispiciamus
603 1863 609 1881 :
623 1862 779 1889 quanquam
799 1863 861 1882 cum
877 1855 995 1883 Verbum

210 1907 267 1926 rem
286 1898 384 1927 factam
402 1908 456 1927 non
472 1907 532 1928 esse
551 1901 761 1933 ostenderimus,
778 1901 856 1936 plane
872 1910 922 1930 nec
938 1910 994 1930 rem

209 1950 328 1972 creatam
346 1953 406 1973 esse
423 1946 504 1973 simul
518 1946 658 1980 probatum
673 1952 724 1974 est.
739 1946 813 1974 idem
829 1947 901 1975 enim
916 1952 958 1975 est
973 1949 996 1975 si

210 1998 266 2017 rem
280 1990 379 2018 iactam
396 1991 438 2019 vel
459 1996 577 2019 creatam
595 1991 714 2020 dixeris:
728 1993 897 2028 proindeque
916 2001 997 2028 argu—

209 2041 302 2063 menta
323 2037 423 2072 quibus
440 2037 572 2072 probatur
588 2045 650 2065 eum
672 2046 725 2065 non
746 2046 806 2066 esse
823 2038 934 2069 factum,
947 2047 994 2066 ea-

208 2082 268 2109 dem
283 2083 431 2110 ostendunt
449 2088 569 2110 creatum
586 2091 640 2111 non
654 2091 724 2111 esse.
740 2083 875 2117 Quocirca
892 2085 994 2119 permi-

208 2136 268 2156 rum
295 2137 361 2156 sane
382 2133 425 2157 est
446 2129 507 2157 illos
526 2128 609 2166 384
632 2129 824 2158 eonﬁrmandm
851 2130 996 2165 impietatis

1056 890 1150 918 οὐσίαν
1162 891 1208 918 τοῦ
1228 891 1314 926 Λόγου
1339 893 1479 927 σημαίνων
1499 892 1574 920 ταῦτ’
1589 892 1694 928 ἔλεγεν·
1718 894 1776 929 ᾔδει
1790 895 1846 931 γὰρ

1056 936 1136 963 αὐτὸν
1153 937 1216 964 Υἱὸν
1231 937 1277 964 τοῦ
1293 938 1360 964 Θεοῦ
1377 939 1560 975 ὁμολογήσας·
1576 941 1618 968 Σὺ
1637 939 1666 968 εἷ
1677 942 1693 968 ὀ
1708 941 1844 975 Χριστὸς.

1056 983 1072 1009 ὁ
1094 983 1161 1016 Υἱὸς
1179 983 1232 1011 τοῦ
1259 984 1333 1011 Θευῦ
1356 983 1480 1018 ζῶντος·
1507 986 1576 1013 ἀλλὰ
1602 986 1651 1022 τὴν
1677 987 1748 1013 κατὰ
1765 988 1846 1022 χάριν

1058 1029 1212 1065 ποιηθεῖσαν
1228 1032 1275 1058 καὶ
1297 1032 1446 1068 γενομένην
1471 1033 1518 1060 καὶ
1540 1034 1580 1064 είς
1598 1034 1671 1068 ἡμᾶς
1687 1033 1769 1060 αὑτοῦ
1787 1035 1844 1069 (25)

1056 1075 1192 1110 βασιλείαν
1209 1077 1255 1104 καὶ
1274 1078 1429 1114 κυριότητα.
1448 1079 1503 1106 Καὶ
1512 1079 1566 1115 γὰρ
1580 1080 1665 1107 ταῦτα
1681 1079 1779 1114 λέγων,
1793 1082 1844 1108 οὐκ

1055 1122 1191 1158 ἐσιώπησε
1203 1124 1267 1159 περί
1277 1124 1327 1160 τῆς
1340 1125 1426 1152 ἀϊδίου
1444 1125 1491 1153 καὶ
1506 1126 1642 1162 πατρικῆς
1658 1126 1783 1163 θεότητος
1794 1127 1843 1153 τοῦ

1055 1168 1120 1194 Υὶοῦ
1136 1168 1183 1195 τοῦ
1196 1169 1263 1196 Θεοῦ
1276 1169 1346 1202 (24)·
1361 1170 1428 1198 ἀλλὰ
1442 1171 1488 1198 καὶ
1502 1171 1674 1207 προειρηκὼς
1686 1169 1729 1207 ἧν,
1741 1172 1781 1199 ὃτι
1795 1175 1844 1199 xc".

1053 1214 1083 1241 τὸ
1099 1214 1212 1250 Πνεῦμα
1227 1215 1333 1251 ἐξέχεεν
1346 1216 1389 1250 ἐφ’
1401 1217 1484 1252 ἡμᾶς.
1498 1216 1534 1242 Τὸ
1550 1217 1578 1242 δὲ
1595 1217 1653 1252 μετ’
1665 1216 1789 1249 ἐξουσίας
1802 1216 1842 1242 δι-

1053 1261 1166 1292 δόναιτὺ
1181 1262 1293 1298 Πνεῦμα
1308 1262 1338 1289 οὐ
1355 1263 1504 1298 κτίσματος
1519 1263 1580 1290 οὐδὲ
1596 1264 1747 1299 ποιήματός
1757 1265 1844 1296 ἐστιν,

1053 1307 1121 1334 ἀλλὰ
1144 1308 1210 1334 Θεοῦ
1224 1308 1320 1344 δῶρον.
1335 1308 1375 1335 Τὰ
1398 1309 1447 1344 μὲν
1470 1309 1525 1345 γὰρ
1546 1309 1683 1344 κτίσματα
1699 1310 1843 1344 ἁγιάζεται

1053 1354 1130 1389 παρὰ
1140 1354 1187 1381 τοῦ
1203 1355 1280 1389 ἁγίου
1293 1354 1448 1390 Πνεύματος
1460 1364 1466 1370 ·
1484 1356 1498 1382 ό
1513 1355 1542 1382 δὲ
1558 1355 1622 1388 Υἱὸς
1636 1356 1684 1391 οὐχ
1695 1355 1843 1392 ἁγιαζόμε-

1052 1409 1096 1432 νος
1119 1401 1193 1436 παρὰ
1210 1401 1257 1428 τοῦ
1282 1401 1441 1437 Πνεύματος
1461 1402 1528 1438 (25),
1555 1402 1623 1430 ἀλλὰ
1645 1402 1744 1437 μᾶλλον
1761 1403 1842 1435 αὐτὸς

1051 1446 1138 1479 διδοὺς
1148 1447 1214 1474 αὐτὸ
1223 1449 1277 1479 τοῖς
1289 1448 1366 1480 πᾶσι,
1376 1447 1511 1474 δείκνυται
1524 1447 1561 1484 μὴ
1574 1448 1686 1483 κτίσμα,
1700 1448 1768 1475 ἀλλὰ
1778 1447 1842 1479 Υἱὸς

1051 1494 1176 1530 ἀληθινὸς
1184 1494 1230 1521 τοῦ
1237 1494 1342 1530 Πατρὸς
1354 1493 1401 1521 ὢν.
1416 1494 1489 1530 Πλὴν
1501 1495 1541 1521 ὅτι
1553 1495 1567 1520 ὁ
1578 1494 1664 1525 διδοὺς
1676 1494 1706 1520 τὸ
1717 1493 1840 1528 Πνεῦμα,

1049 1542 1063 1567 ὸ
1071 1540 1126 1576 (26)
1135 1540 1216 1572 αὐτὸς
1222 1540 1329 1575 λέγεται
1337 1541 1383 1568 καὶ
1392 1540 1566 1576 πεποιῆσθαι·
1577 1539 1741 1575 πεποιῆσθαι
1752 1540 1800 1574 μὲν
1811 1540 1840 1566 ὲν

1050 1587 1115 1622 ἡμῖν
1122 1586 1223 1622 Κύριος
1229 1587 1272 1613 διὰ
1287 1586 1317 1613 τὸ
1329 1586 1508 1622 ἀνθρώπινον,
1520 1586 1607 1618 διδοὺς
1616 1586 1653 1618 δὲ,
1668 1586 1708 1613 ὃτι
1716 1585 1762 1612 τοῦ
1772 1585 1839 1612 Θεοῦ
1872 1615 1874 1617 μ

1049 1633 1134 1667 Λόγος
1143 1632 1224 1659 ἐστίν.
1240 1630 1295 1660 τΗν
1305 1631 1360 1668 γὰρ
1374 1633 1417 1659 ἀεὶ
1430 1632 1477 1659 καὶ
1487 1631 1672 1667 ἔστιν,ὥσπερ
1686 1631 1760 1663 Υἱὸς,
1769 1630 1840 1658 οὕτω

1051 1679 1098 1706 καὶ
1111 1678 1213 1713 Κύριος
1228 1678 1276 1704 καὶ
1291 1678 1480 1713 παμϐασιλεὺς
1491 1677 1544 1704 τῶν
1559 1678 1680 1708 πάντων,
1694 1678 1787 1712 ὅμοιος
1799 1676 1838 1703 ὢν

1050 1723 1122 1751 κατὰ
1148 1725 1237 1751 πάντα
1254 1724 1301 1751 τοῦ
1331 1723 1448 1760 Πατρὸς,
1471 1724 1517 1751 καὶ
1538 1724 1627 1751 πάντα
1653 1723 1687 1750 τὰ
1709 1723 1757 1750 τοῦ
1782 1723 1838 1749 Πα-

1050 1770 1114 1805 τρὸς
1130 1770 1185 1806 (27)
1203 1770 1282 1806 ἔχων,
1299 1770 1337 1802 ὡς
1361 1770 1470 1806 εἴρηκεν
1486 1770 1576 1802 αὐτός.
1593 1771 1662 1806 Φέρε
1682 1769 1773 1796 λοιπὸν
1790 1769 1838 1797 καὶ

1049 1816 1114 1842 αὐτὸ
1126 1816 1157 1842 τὸ
1168 1817 1197 1842 ὲν
1206 1818 1266 1848 ταῖς
1279 1816 1442 1852 Παροιμίαις
1452 1816 1596 1852 λεγόμενον
1605 1825 1612 1831 ·
1627 1816 1729 1852 Κύριος
1746 1815 1837 1843 ἐκτισέ

1051 1870 1083 1896 με
1099 1861 1184 1897 ἀρχὴν
1199 1861 1265 1889 ὁδῶν
1280 1861 1373 1892 αὑτοῦ.
1388 1863 1427 1893 εἰς
1441 1861 1511 1897 ἔργα
1523 1862 1617 1894 αὑτοῦ,
1634 1861 1833 1898 θεωρήσωμεν·

1049 1907 1073 1933 εἰ
1092 1907 1138 1933 καὶ
1163 1907 1279 1942 μάλιστα
1295 1907 1362 1943 (28),
1377 1907 1527 1943 δειχθέντος
1550 1907 1596 1934 τοῦ
1613 1907 1711 1942 Λόγου,
1735 1908 1775 1935 ὃτι
1799 1907 1836 1943 μὴ

1050 1953 1157 1988 ποίημά
1171 1954 1239 1985 ἐστι,
1261 1953 1405 1986 δέδεικται,
1422 1954 1464 1981 ὃτι
1481 1953 1548 1990 μηδὲ
1563 1954 1664 1989 κτίσμα
1679 1954 1746 1981 ἐστι.
1765 1952 1837 1980 Tad-

1047 1999 1093 2026 τὸν
1106 1999 1160 2034 γάρ
1183 2000 1256 2025 ἐστιν
1270 2000 1356 2026 εἰπεῖν
1374 2000 1480 2035 ποίημα
1499 2000 1546 2026 καὶ
1565 1999 1684 2035 κτίσμα·
1700 1999 1770 2026 ὥστε
1788 2000 1835 2026 καὶ

1047 2042 1097 2077 τὴν
1112 2042 1248 2074 ἀπόδειξιν
1263 2043 1313 2079 τὴν
1325 2043 1446 2080 περὶτοῦ
1466 2043 1502 2079 μὴ
1519 2042 1587 2070 εἶναι
1603 2044 1657 2079 (29)
1668 2044 1772 2079 ποίημα
1787 2045 1836 2080 τὴν

1050 2087 1134 2122 αὐτὴν
1148 2086 1216 2114 εἶναι
1232 2088 1278 2115 καὶ
1293 2088 1357 2124 περὶ
1379 2089 1426 2115 τοῦ
1442 2089 1480 2124 μὴ
1500 2086 1570 2116 εἶναι
1596 2089 1708 2124 κτίσμα.
1728 2089 1774 2115 Διὸ
1787 2089 1836 2116 καὶ.

1050 2132 1214 2168 Θαυμάσειεν
1236 2133 1268 2160 ἄν
1282 2142 1324 2165 τις
1346 2134 1444 2166 αὐτοὺς
1463 2134 1635 2166 ἐπινοοῦντας
1654 2135 1759 2167 ἑαυτοῖς
1779 2135 1835 2171 (30)

245 2245 267 2261 ν·
279 2243 378 2272 Matth-
388 2252 443 2277 xvr,
457 2245 500 2272 l6.
538 2247 563 2262 "
574 2246 634 2274 Act.
653 2253 683 2277 ιι,
697 2246 741 2273 17.
782 2246 789 2261 ¹
803 2245 882 2273 Joan.
898 2254 953 2278 ut,
971 2245 1014 2272 l5.
1053 2246 1063 2261 '
1080 2245 1160 2273 Prov.
1172 2245 1285 2278 “11,22.

243 2333 300 2370 (20)
318 2332 431 2369 Seguer.
459 2333 567 2362 Gohler.
584 2334 658 2362 F'elc.
681 2334 697 2370 1
734 2339 761 2362 et
778 2335 804 2370 β,
833 2336 857 2361 εἰ
885 2335 992 2370 ἃμηδέ.

1055 2337 1063 2370 ᾖ
1085 2334 1140 2370 (26)
1157 2333 1223 2370 Reg.
1249 2333 1449 2370 GoblerLFelc.
1468 2334 1479 2361 l
1497 2339 1524 2361 et
1542 2334 1569 2365 5,
1587 2335 1601 2361 ό
1620 2333 1757 2362 omittunt.
1770 2333 1831 2361 Mox

207 2367 294 2412 Editi'
305 2374 333 2397 et
357 2367 414 2402 alii,
431 2371 455 2397 εἰ
472 2369 526 2406 ἄρα
535 2370 556 2397 ἃ,
572 2370 650 2405 μηδέ.
681 2369 748 2397 Ibid.
780 2369 852 2399 Felc.
878 2367 993 2404 5,’γεν-

207 2412 308 2436 νητοις.

223 2412 308 2439 ητοις.

242 2439 297 2473 (2i)
312 2439 386 2468 Felc.
398 2440 424 2474 5,
440 2437 512 2468 οὗτοι
521 2440 657 2474 λέγοντες.

243 2474 300 2509 (2'2)
319 2475 365 2503 Sic
383 2475 708 2511 Seguerian.Goblerian.
725 2474 880 2511 Felcltman.
894 2476 949 2511 lict
964 2476 991 2502 5.

206 2510 241 2536 At
257 2511 303 2546 alii
318 2515 345 2537 et
355 2510 438 2538 editio
451 2511 596 2542 Commel.,
609 2511 639 2537 οὺ
655 2511 716 2537 τότε
731 2510 780 2546 τὴν
803 2511 899 2546 ἀρχήν.
909 2510 995 2537 Paulo

207 2549 267 2578 post
281 2545 392 2578 chuer.
407 2546 518 2574 Gobler.
535 2545 655 2574 Felckm.
674 2546 687 2573 1
706 2550 734 2574 et
748 2545 776 2579 5,
788 2545 879 2573 πλέον.
896 2546 950 2573 Alii
967 2551 994 2573 et

205 2580 280 2609 editi.
295 2579 395 2608 πλεῖον.

242 2615 298 2651 (25)
317 2614 488 2651 Seguerian.,
504 2617 544 2649 εἰς
559 2617 633 2651 ἡμᾶς
646 2617 754 2649 αὐτούς.

242 2650 297 2686 (24)
311 2649 490 2686 δεῇιιονὶαιιη
515 2649 648 2679 τοῦΎὶοὖ
678 2653 725 2679 τοῦ
740 2652 820 2680 Θεοῦ.
839 2651 866 2680 ιη
882 2652 944 2679 aliis
966 2657 993 2679 et

205 2685 288 2722 aditis
301 2685 378 2722 deest
401 2686 447 2722 τοῦ
462 2686 540 2714 Θεοῦ.
559 2686 619 2714 Mox
636 2687 795 2722 Seguerian.
822 2688 993 2719 Goblcrian.,

205 2727 233 2759 ςι
245 2719 400 2759 Ιθιῖιεὲιῐιξιι.
417 2721 443 2754 1,
472 2722 513 2748 ὃτι
535 2723 582 2750 καὶ
605 2723 640 2750 τὸ
652 2719 775 2759 Πνεῦμα,
794 2723 847 2751 Alii
867 2728 894 2751 et
916 2723 992 2755 editi,

205 2756 246 2782 ὃτι
259 2754 290 2781 τὸ
303 2755 423 2783 Πνεῦμα.

241 2765 246 2782 ’u
259 2765 290 2781 το
303 2765 371 2782 ιινευ
397 2765 423 2783 α.

241 2790 301 2830 (25).
313 2765 528 2830 GobilerianJLrt
542 2791 613 2830 Fele.
627 2793 652 2826 1,
669 2796 732 2828 περὶ
748 2793 795 2821 τοῦ
824 2793 991 2829 Πνεῦμα-τος.

204 2823 276 2853 Γιίο.
294 2826 315 2860 1,
331 2826 406 2862 παρὰ
422 2825 467 2852 τοῦ
480 2826 594 2863 Πατρός.

1048 2368 1159 2405 Seguer.
1172 2369 1333 2405 Goblerrian,
1350 2368 1467 2405 Felrkm.
1488 2370 1500 2395 1
1519 2374 1545 2397 et
1556 2370 1584 2402 ι,
1596 2370 1642 2396 καὶ
1656 2369 1831 2404 πεποιῆσθαι·

1046 2404 1211 2439 πεποιῆσθαι
1229 2404 1288 2440 μέν.
1304 2404 1357 2431 Alii
1383 2411 1447 2431 vero
1466 2409 1493 2431 et
1510 2405 1592 2438 editi,
1622 2405 1706 2432 semel
1729 2409 1833 2432 tantum

1044 2440 1144 2467 habent
1153 2439 1326 2474 πεποιῆσθαι.

1082 2475 1138 2509 (27)
1156 2474 1201 2502 Sic
1223 2473 1387 2510 Seguerian.
1415 2473 1495 2510 Εἴθε..
1517 2478 1545 2502 et
1563 2473 1720 2503 Felckman.
1742 2474 1770 2501 Ξ.
1799 2474 1835 2502 At

1046 2510 1123 2545 editi,
1140 2510 1175 2536 τὰ
1187 2509 1234 2536 τοῦ
1254 2509 1421 2545 Πνεὺματος.

1083 2544 1139 2580 (ἳὸ)
1153 2543 1362 2580 δοειιρτὶξιιι.ζεί
1378 2545 1425 2571 καὶ
1439 2543 1475 2570 τὰ
1491 2544 1618 2579 μάλιστα.

1083 2579 1138 2614 (29)
1155 2579 1200 2607 Sic
1211 2579 1370 2612 Seguerian.
1387 2580 1493 2613 Anglic.
1517 2580 1627 2607 Gohlcr.
1648 2579 1721 2606 Felc.
1743 2579 1752 2606 l
1767 2584 1794 2606 ct
1805 2580 1832 2609 ι.

1047 2620 1077 2643 ιιι
1092 2619 1119 2642 et
1131 2614 1381 2650 Nanniusplegerat.
1397 2614 1449 2640 Alii
1477 2621 1503 2642 ct
1517 2615 1711 2650 redititelnaiv
1726 2614 1834 2650 ποίημα

1045 2651 1091 2678 τὸν
1102 2650 1181 2676 αὑτὸν
1195 2651 1232 2686 μὴ
1247 2647 1325 2676 εἶναι·
1338 2649 1386 2676 καὶ
1404 2650 1468 2684 περὶ
1482 2649 1528 2676 τοῦ
1541 2650 1578 2710 μᾶ
1593 2647 1671 2681 εἶναι,
1693 2654 1744 2677 ctc.

1082 2685 1138 2710 (50)
1156 2685 1279 2710 Semen.
1295 2685 1396 2710 omittit
1422 2685 1537 2710 ἑαυτοῖς.
1581 2693 1614 2710 0x
1637 2685 1707 2710 idem
1736 2685 1742 2710 l

1082 2685 1138 2720 (50)
1156 2684 1280 2719 Seguer..
1295 2685 1406 2720 omittit;
1422 2684 1614 2720 ἑαυτοῖςςΜοιι
1637 2685 1707 2720 idem
1736 2684 1834 2715 habet,

1046 2718 1258 2756 αἰσχυνομένοις.
1277 2720 1376 2746 Ibidem
1391 2718 1504 2756 Seguer.
1521 2719 1629 2756 Gobler.
1650 2719 1721 2756 Fele.
1739 2720 1750 2746 1
1766 2725 1793 2747 et
1806 2720 1834 2752 ι,

1047 2754 1167 2787 ὲπϊήτοῖς
1181 2756 1334 2791 γινομένοις
1351 2755 1412 2781 καθ’
1422 2755 1682 2791 ἓκαστοννέὶιιιὲγχοιςἶ
1698 2754 1777 2790 Reg.,
1792 2763 1835 2788 γι-

1047 2791 1170 2826 νομένοις
1185 2789 1365 2825 καθέκάστην.
1378 2790 1429 2818 Alii
1448 2796 1474 2819 et
1483 2790 1559 2823 editi,
1580 2789 1752 2825 ωθεκάπην
1765 2799 1834 2825 γινο-

1049 2827 1149 2861 μένοις.
