1941 3037
223 127 282 154 235

525 128 554 154 S.
571 126 756 154 ATHANASII
775 126 851 155 OPP.
873 125 963 154 mas
982 127 1002 154 I.
1019 140 1054 147 —
1072 125 1258 154 HISTORILA
1277 122 1321 152 ΕΤ
1341 124 1549 153 DOGMATICA.

1800 125 1852 153 εει

224 187 275 214 καὶ
292 186 548 222 τετραχηλισμένα
563 186 625 218 τοῖς
636 187 799 221 ὀφθαλμοῖς
818 186 921 217 αὐτοῦ,
939 186 1013 220 πρός
1032 186 1069 213 ὃν
1084 185 1156 220 ’ἡμῖν
1176 187 1192 213 ό
1210 186 1310 220 λόγος.
1328 185 1495 221 Δημιουργὺς
1513 182 1559 212 οὖν
1572 186 1629 212 ἐστι
1653 185 1719 221 (51),
1748 185 1794 212 καὶ
1806 195 1852 222 χω-

224 232 270 269 ρὶς
287 231 369 259 αὑτοῦ
383 232 492 267 ἐγένετο
504 231 566 258 οὐδὲ
584 231 623 263 ἒν,
637 232 697 258 οὐδὲ
710 232 822 260 δυνατόν
851 241 879 259 τι
901 232 1022 267 γίνεσθαι
1037 233 1121 268 χωρὶς
1134 231 1227 259 αὐτοῦ.
1469 229 1474 235 ’

261 292 307 320 56.
322 291 376 320 Nec
391 299 455 319 vero
474 291 620 326 qumrenda
634 295 675 319 est
686 292 758 319 ratio
771 300 821 319 cur
837 291 884 320 Dei
899 291 1016 320 Verbum
1033 297 1056 324 Α

228 346 283 365 non
305 338 357 365 tale
385 337 421 365 sit
444 337 524 372 quale
547 342 671 364 nostrum
686 345 696 365 τι
720 338 939 373 quandoquidem
964 347 1017 366 non

227 385 289 412 talis
303 389 344 412 est
356 383 426 412 Deus
440 384 534 419 quales
543 392 603 417 nos,
615 385 654 411 uti
666 384 721 419 jam
734 385 863 412 diximus.
872 385 926 412 Nec
937 386 1018 412 etiam

227 431 392 465 investigare
408 430 536 457 convenit
552 430 690 465 quomodo
706 429 824 458 Verbum
849 438 882 458 ex
896 430 950 458 Deo
959 436 1019 462 ~est,

226 483 312 508 quove
339 474 420 501 tnodo
442 475 570 509 splendor
589 475 625 501 sit
641 474 699 507 Dei,
713 476 910 510 atttquomodo
937 476 1021 511 gignit

227 519 309 553 Deus,
325 520 419 555 quisve
439 520 483 547 ille
497 521 531 547 sit
546 519 594 546 Dei
619 520 747 555 gignendi
773 521 881 548 modus.
906 521 1021 548 Insanus

226 565 299 592 enim
325 566 348 592 is
369 570 411 592 est
427 565 617 598 aestimandus,
633 566 680 600 qui
699 566 750 593 ista
771 566 887 593 scrutari
908 574 960 592 non
977 574 1021 593 ve-

227 612 344 643 rebitur,
361 611 461 646 quippe
485 611 531 646 qui
558 611 697 639 existimet
722 619 778 639 rem
806 612 1020 647 inexplicabilem

227 658 379 692 divituequc
391 657 529 691 propriam
541 662 655 688 naturae,
671 657 721 684 soli
736 656 791 684 Deo
805 665 837 685 ac
849 657 918 686 Ftlio
929 659 1022 693 cogni-

228 709 293 735 tam.
311 711 390 738 posse
408 703 497 730 verbis
512 703 639 738 exprimi.
653 702 727 730 Idem
745 704 818 730 enim
841 709 885 731 est
900 704 1022 739 profecto

227 759 260 779 ac
275 752 297 779 si
313 751 364 786 ipsi
378 756 540 786 qurerereut.
565 751 674 778 ubinam
692 758 781 786 quove
795 751 875 778 modo
890 751 925 779 sit
940 751 1021 784 Deus,

227 801 255 824 ct
269 797 358 832 qualis
372 797 408 824 sit
422 796 511 824 Pater.
528 795 563 824 Ut
575 805 641 832 ergo
657 797 691 824 de
705 797 765 824 istis
778 797 859 824 rebus
875 797 1021 830 sciscitari,

229 844 337 871 tmnnisi
353 844 497 878 impiorum
513 848 539 870 et
553 843 637 870 Deutn
655 843 839 879 ignorantium
855 849 914 873 est:
929 844 966 871 ita
981 849 1022 871 ta-

228 890 264 917 Iia
282 890 314 916 de
328 889 388 916 Filii
404 888 451 916 Dei
468 889 642 924 generatione
654 890 756 916 audere
772 889 911 923 indagare,
928 889 1024 918 Deum.

228 943 282 970 que
296 943 328 963 ac
339 936 400 970 ejus
415 935 576 970 sapientiam
589 940 684 963 nostra
704 940 803 963 natura
820 940 848 963 et
863 935 1023 962 inﬁrmitate

229 981 329 1014 metiri,
345 988 457 1016 prorsus
477 980 553 1008 nefas
572 985 624 1008 est.
647 980 706 1008 Non
727 980 829 1009 idcirco
854 985 943 1008 tamen
957 981 1021 1015 qttid

228 1031 327 1062 praeter
340 1026 481 1053 veritatem
495 1027 616 1062 cogitare
638 1026 713 1059 licet,
728 1034 779 1054 nec
800 1027 823 1054 si
849 1026 911 1062 quis
931 1026 959 1053 in
980 1026 1023 1054 his

227 1071 403 1106 exquirendis
418 1071 556 1104 defecerit,
571 1072 652 1098 debet
677 1072 760 1099 etiam
780 1072 859 1098 [idem
876 1070 1023 1105 Scriptura

229 1117 370 1152 derogare.
386 1116 525 1151 Siquidem
542 1122 654 1152 praestat
665 1118 823 1145 haesitantes
837 1117 916 1145 silere
925 1122 952 1145 et
964 1125 1024 1145 cre-

229 1162 305 1194 dere,
320 1170 401 1196 quam
415 1162 487 1189 nolle
505 1162 617 1190 credere
634 1163 698 1198 quia
711 1163 937 1190 haesitaverimus.
955 1162 1022 1190 Nam

231 1207 255 1234 is
271 1208 318 1243 qui
336 1207 570 1239 ltzesitat,vvniatu
585 1209 677 1243 aliquo
690 1209 772 1236 modo
785 1214 871 1243 potest
881 1209 1022 1243 consequi,

230 1259 373 1289 propterea
387 1254 472 1288 quod,
493 1255 600 1282 tametsi
625 1259 765 1282 scrutatus
783 1259 834 1287 est,
850 1260 939 1282 tamen
955 1263 1022 1282 con-

231 1301 349 1335 quievit.
365 1299 417 1333 Qui
437 1305 527 1327 autem
546 1300 610 1335 quia
633 1299 692 1335 ipse
717 1299 834 1337 hzesitat,
848 1308 879 1327 ea
895 1308 955 1334 qua:
970 1301 1023 1327 mi--

232 1347 306 1372 nime
321 1345 418 1372 decent
437 1345 518 1372 audet
538 1343 722 1376 comminisci,
736 1349 818 1378 atque
835 1344 944 1378 indigna
968 1343 1023 1371 Deo

232 1391 364 1427 hquitur,
391 1392 492 1418 trullam
507 1391 530 1418 is
543 1391 666 1426 profecto
677 1390 837 1417 temeritatis
850 1397 906 1417 suae
918 1390 1022 1417 veniam

232 1437 376 1464 obtinebit.
392 1435 514 1471 Namque
526 1437 552 1462 in
569 1436 644 1462 hisce
658 1435 862 1462 dillicullatibus
876 1439 965 1470 potest
979 1442 1024 1462 so-

232 1483 328 1509 latium
347 1481 457 1516 aliquod
471 1488 504 1508 ex
520 1480 621 1507 divinis
639 1480 749 1506 haurire
768 1478 926 1514 Scripturis,
943 1480 979 1506 ita
995 1484 1024 1507 ut

233 1537 294 1564 qua:
305 1529 406 1563 scripta
418 1531 482 1555 suttt
494 1527 715 1562 recteintelligat,
725 1530 904 1561 nostrumque
912 1526 1022 1554 verbum

233 1575 332 1602 habeat
345 1575 430 1601 instat-
444 1573 559 1608 exempli
574 1576 602 1600 et
621 1572 758 1607 imaginis.
781 1571 815 1599 Ut
826 1573 897 1600 enim
911 1572 1022 1599 verbum

234 1626 357 1648 nostrum
377 1628 408 1648 ex
426 1620 505 1646 nobis
521 1623 574 1650 est.
591 1626 641 1646 nec
662 1619 771 1654 aliquod
797 1623 840 1646 est
863 1626 930 1653 opus
946 1623 1022 1646 extra

234 1674 285 1694 nos
299 1666 410 1697 factum,
431 1665 467 1692 ita
481 1670 507 1692 et
520 1665 566 1692 Dei
581 1663 700 1691 Verbum
716 1664 854 1699 proprium
869 1672 902 1691 ex
914 1664 959 1690 illo
970 1668 1020 1696 est,

235 1720 286 1739 tvec
301 1720 369 1746 opus
382 1711 490 1746 aliquod
505 1715 557 1742 est,
570 1718 620 1738 nec
633 1711 714 1737 etiam
727 1710 800 1737 velut
815 1710 956 1737 hominum
967 1717 1025 1737 ver-

236 1758 312 1785 bum.
332 1757 458 1791 Alioquin
481 1756 566 1783 Deum
585 1757 723 1783 hominem
745 1764 806 1783 esse
824 1757 936 1783 omnino
953 1760 1025 1783 esset

236 1805 450 1838 intelligendum.
465 1802 571 1830 Etenim
591 1803 707 1837 plurima
722 1807 750 1830 et
763 1802 869 1829 diversa
882 1803 1024 1829 hominum

236 1850 318 1876 verba
329 1849 450 1884 quotidie
461 1852 635 1884 praetereunt,
652 1848 713 1882 quia
729 1847 819 1882 priora
832 1856 885 1875 non
904 1852 1023 1880 ntanent,

237 1897 284 1923 sed
300 1902 475 1923 evanescunt.
490 1894 575 1928 Cujus
588 1894 626 1920 rei
643 1894 700 1921 haec
712 1901 795 1921 causa
810 1898 862 1927 est,
876 1894 949 1928 quod
962 1894 1019 1921 illo-

236 1947 296 1966 rum
309 1945 408 1974 patres,
428 1947 490 1966 cum
504 1938 630 1966 homines
642 1938 802 1971 sint,fluxas
814 1939 1024 1972 habentzetates,

236 1985 357 2019 aliasque
380 1985 441 2011 aliis
463 1983 641 2011 succedentes
664 1983 862 2018 cogitationes,
880 1992 912 2011 ac
933 1985 1024 2018 qualia

238 2031 289 2064 ipsi
309 2031 427 2065 cogitant
440 2034 466 2057 et
482 2029 658 2063 meditantur,
673 2030 736 2057 talia
753 2035 780 2056 et
789 2030 955 2066 loquuntur:
969 2038 1024 2065 quo

237 2078 268 2103 Iit
283 2081 312 2104 ut
326 2077 410 2104 multa
434 2077 552 2104 Itabeaut
566 2077 664 2107 verba,
681 2077 841 2111 nullumque
859 2081 949 2104 tamen
966 2077 1026 2103 illu-

237 2130 298 2150 rum
321 2128 414 2157 postea
441 2124 572 2157 supersit.
589 2123 658 2151 Cum
682 2123 755 2150 enim
778 2123 811 2156 is,
827 2123 874 2158 qui
905 2123 1025 2158 loquitur

237 2169 353 2201 siluerit,
364 2168 445 2204 399
457 2177 551 2197 eorum
567 2169 659 2196 statim
676 2168 767 2196 deﬁcit
780 2169 903 2196 verbum.
916 2169 963 2196 Dei
976 2178 1026 2197 au-

238 2220 291 2242 tem
311 2214 426 2242 Verbum
440 2223 523 2243 unum
541 2220 568 2243 et
584 2215 655 2243 idem
666 2221 718 2245 est.
731 2219 768 2246 et.
787 2220 817 2242 ut
831 2216 960 2250 scriptum
971 2221 1023 2248 est,

239 2261 356 2289 Verbum
373 2262 419 2289 Dei
434 2262 460 2289 in
476 2263 606 2290 saeculum
622 2266 764 2297 permanet
777 2261 810 2295 ⁷³,
828 2270 876 2290 nec
892 2267 1023 2296 mutatur,

273 2342 296 2358 "
310 2340 383 2369 Psal.
405 2349 500 2374 cxvttt,
518 2342 563 2370 89.

273 2423 329 2454 (3|)
342 2422 503 2457 Segucrian.
517 2427 544 2449 et
556 2421 628 2450 Felc.
645 2423 672 2453 4,
685 2423 761 2458 γοῦν.
777 2423 859 2451 Iidem
874 2423 954 2458 paulo
965 2427 1022 2457 post

281 2458 428 2486 Regnat‘taé
438 2458 549 2485 δυνατόν
563 2467 590 2484 τι
603 2458 741 2486 γενέσθαι.
755 2458 827 2486 Felc.
836 2459 863 2486 4.
875 2459 952 2486 ibid..
964 2458 1022 2485 οὐδὲ

1078 2423 1129 2450 Alii
1143 2428 1170 2450 et
1182 2424 1257 2457 editi,
1273 2425 1318 2467 ᾷιά
1329 2424 1360 2452 τὸ
1378 2424 1540 2486 μῑὶἀπορεῖν

1115 2459 1171 2486 (591
1183 2460 1338 2486 anlertan.
1357 2465 1383 2486 et
1425 2460 1475 2486 elc.
1493 2461 1540 2486 LE

238 2463 265 2525 (Et
281 2458 428 2500 Κςεηοὺόὲ
438 2458 549 2485 δυνατόν
563 2467 590 2484 τι
603 2458 741 2493 γενέσθαι.
755 2458 827 2486 Felc.
836 2459 863 2492 4,
875 2459 952 2490 ibid.,
964 2458 1024 2485 οὐδὲ

255 2502 340 2525 ητειν.

275 2502 340 2520 τειν.

351 2529 510 2564 Seguerian.
523 2533 551 2565 et
567 2527 639 2565 Felc.
658 2527 676 2555 4
686 2547 694 2560 ,
717 2529 813 2565 ὥσπερ
828 2529 947 2565 εἴρηται.
964 2528 1026 2556 Mox

241 2563 410 2596 Semel-tam,
429 2565 476 2591 καὶ
490 2563 548 2595 πῶς
563 2563 743 2598 ἀπαύγασμα.

274 2599 330 2632 (55)
346 2599 518 2634 Segueriau.,
536 2598 625 2632 λόγοις
641 2599 716 2626 αὑτό.
735 2599 891 2626 Goblerian.
910 2599 983 2627 Felc.
1009 2599 1021 2626 I

239 2638 266 2660 et
277 2634 304 2665 4,
317 2633 405 2669 λόγοις
419 2634 502 2669 αὐτῷ.
520 2634 588 2661 Editi
600 2639 627 2660 et
644 2635 700 2665 alii,
717 2634 788 2669 λόγῳ
805 2633 889 2669 αὐτῷ.

277 2643 304 2665 4,
317 2643 405 2669 Λογῧις
419 2643 502 2669 αυτῳ.
520 2643 588 2661 nttlll
600 2643 627 2660 εἰ
644 2643 700 2665 al“,
718 2643 788 2668 Λογίι)
805 2643 855 2662 αυτ
883 2654 889 2660 ι

276 2668 330 2703 (54)
347 2670 506 2704 Segne-rion.
522 2669 679 2696 Goblerian.
701 2662 780 2696 Felcf
794 2670 803 2696 I
817 2675 845 2697 et
856 2643 884 2701 ἵ,
894 2669 1022 2701 ποδαπός.

275 2704 330 2738 (53)
349 2703 518 2739 Seguerian.,
532 2703 588 2730 ἀλλ’
602 2704 631 2730 οὑ
642 2703 687 2731 διὰ
700 2705 787 2731 τοῦτο.

275 2739 330 2773 (56)
345 2739 417 2766 Felc.
432 2739 458 2770 5,
470 2741 526 2770 τοῖς
540 2739 706 2773 γενομένοις.

278 2765 335 2809 (5'!)
349 2765 506 2809 Séguet‘ian.
516 2765 591 2808 'R'eg.
601 2765 757 2802 Cnblei‘ian.
768 2774 841 2802 Felc.
854 2775 866 2802 I
883 2779 910 2802 et
933 2774 961 2804 4,
981 2774 1026 2801 διὰ

242 2809 271 2836 τὸ
284 2808 406 2844 ἀπορεῖν.
423 2808 493 2835 Editi
509 2817 573 2844 vero
587 2815 613 2836 et
630 2810 686 2842 alii,
699 2810 743 2836 διὰ
760 2810 790 2836 τὸ
803 2811 840 2844 μὴ
856 2811 979 2844 ἀπορεῖν.

284 2811 406 2844 ἀπορεῖν.
423 2811 493 2835 Editi
509 2817 573 2836 vero
587 2815 613 2836 et
630 2811 686 2842 alii,
699 2811 743 2836 διὰ
760 2811 790 2836 τὸ
856 2811 979 2837 ἀπορεῖν.

275 2844 330 2880 (53)
349 2844 507 2880 Seguerian.
523 2843 588 2880 Reg.
606 2844 677 2873 Felc.
693 2845 708 2872 ι
719 2850 744 2874 ct
761 2846 788 2878 5,
801 2811 845 2873 $1
861 2845 890 2872 τὺ
901 2835 1022 2879 ἀπορεῖν.

1121 291 1165 320 36.
1183 293 1220 320 Οὐ
1231 292 1270 318 δεῖ
1283 292 1310 318 δὲ
1336 291 1436 327 ζητεῖν,
1466 291 1510 318 διὰ
1531 292 1557 318 τί
1587 291 1624 327 μὴ
1637 292 1756 324 τοιοῦτος
1782 292 1852 319 ὁτοῧ

1070 338 1136 365 Θεοῦ
1150 338 1235 372 Λόγος
1249 336 1304 370 οἷος
1313 338 1361 364 καὶ
1374 339 1388 365 6
1410 338 1551 373 ἡμέτερος·
1574 338 1634 364 ἐπεὶ
1648 337 1685 373 μὴ
1709 338 1828 369 τοιοῦτος
1841 339 1855 364 ό

1069 384 1135 415 Θεὸς
1150 381 1200 410 οἷοι
1215 384 1361 420 καὶὴμείς,
1392 384 1429 415 ὡς
1448 384 1607 419 προείρηται
1630 384 1696 416 (52)·
1726 383 1781 410 ἀλλ’
1797 383 1855 410 οὐδὲ

1071 430 1170 464 πρέπει
1186 429 1274 465 ζητεῖν
1296 429 1355 462 πῶς
1382 431 1414 456 ὲκ
1434 429 1481 455 τοῦ
1509 429 1576 456 Θεοῦ
1597 430 1670 455 ὲστιν
1697 430 1711 455 6
1726 429 1820 464 Λόγος,
1837 429 1855 464 ἢ

1071 475 1130 506 πῶς
1145 475 1314 510 ἀπαύγασμά
1326 475 1382 501 ἐστι
1401 475 1448 501 τοῦ
1465 474 1542 506 Θεοῦ,
1556 474 1572 510 ἢ
1588 475 1644 506 πῶς
1661 475 1740 510 γεννᾷ
1757 475 1856 507 ὁθεδς,

1072 522 1118 548 καὶ
1133 521 1174 553 τίς
1188 523 1202 548 ὁ
1220 521 1318 556 τρόπος
1332 520 1382 555 τῆς
1394 520 1441 546 τοῦ
1461 520 1529 546 Θεοῦ
1555 522 1715 556 γεννήσεως·
1738 519 1858 555 μαίνοιτο

1071 567 1126 602 γὰρ
1142 567 1173 594 ἄν
1203 576 1244 600 τις
1259 567 1372 593 τοιαῦτα
1389 566 1504 602 τολμῶν,
1536 566 1577 593 ὅτι
1602 568 1716 602 πρᾶγμα
1739 567 1859 602 ἄρρητον

1072 614 1119 641 καὶ
1133 613 1238 648 φύσεως
1254 613 1318 640 ἴδιον
1331 613 1410 644 Θεοῦ,
1442 613 1514 648 μόνῳ
1529 621 1558 638 τε
1575 612 1649 647 αὐτῷ
1672 612 1718 639 καὶ
1738 612 1776 648 τῷ
1800 611 1859 648 Υῑῷ

1072 659 1284 694 γινωσκόμενον,
1299 658 1368 692 ἀξιοῖ
1392 658 1482 692 λόγοις
1495 658 1560 685 αὐτὸ
1578 659 1632 693 (55)
1649 658 1856 694 ἐρμηνευθῆναι-

1074 706 1130 732 ἴσον
1140 705 1194 741 γάρ
1207 706 1264 731 ἐστι
1277 706 1339 736 τοὺς
1351 704 1487 736 τοιούτους
1502 705 1603 738 ζητεῖν,
1619 704 1670 731 ποῦ
1685 704 1699 730 6
1720 703 1796 736 Θεὸς,
1811 704 1860 731 καὶ

1075 751 1134 783 πῶς
1148 751 1221 777 ἐστιν
1232 752 1246 777 ὁ
1260 751 1335 782 Θεὸς,
1351 751 1398 777 καὶ
1410 750 1531 780 ποταπὸς
1545 749 1600 785 (54)
1627 751 1700 776 ἐστιν
1713 751 1727 776 ό
1751 750 1859 786 Πατήρ.

1080 797 1149 824 Ἀλλ’
1162 796 1256 832 ῶσπερ
1269 796 1299 823 τὸ
1323 796 1428 823 τοιοῦτο
1451 796 1555 832 ἐρωτᾷν
1584 796 1680 828 ἀσεϐές
1711 797 1785 829 ἐστι,
1812 797 1863 823 καὶ

1075 842 1242 877 ἀγνοούντων
1258 841 1302 868 τὸν
1317 841 1393 871 Θεον,
1407 841 1479 868 οὕτω
1506 842 1553 868 καὶ
1567 841 1597 867 οὐ
1627 841 1707 876 θέμις
1724 841 1784 868 οὐδὲ
1797 841 1862 876 περὶ

1074 888 1125 924 τῆς
1140 888 1186 915 τοῦ
1204 887 1268 914 Υὶοῧ
1299 887 1347 914 τοῦ
1364 887 1431 914 Θεοῦ
1449 888 1602 922 γεννήσεως
1617 886 1728 913 τοιαῦτα
1745 887 1861 922 τολμᾷν,

1075 935 1135 961 οὐδὲ
1155 935 1188 969 τῇ
1207 933 1308 960 ἑαυτῶν
1324 933 1463 968 φύσεικαὶ
1484 933 1610 968 ἀσθενείᾳ
1636 934 1800 968 συμμετρεὴ
1816 933 1864 959 τὸν

1073 980 1139 1007 Θεὸν
1152 982 1199 1008 καὶ
1217 980 1266 1016 τὴν
1276 980 1369 1006 τούτου
1387 979 1492 1014 σοφίαν·
1507 979 1564 1006 ἀλλ’
1579 979 1639 1006 οὐδὲ
1654 980 1696 1006 διὰ
1711 979 1789 1006 τοῦτο
1805 979 1863 1014 (55)

1073 1027 1121 1053 καὶ
1133 1026 1209 1061 παρὰ
1221 1026 1269 1061 τὴν
1284 1025 1411 1061 ἀλήθειαν
1425 1027 1493 1052 νοεῖν
1504 1026 1646 1060 προσῆκεν
1655 1025 1715 1051 οὐδὲ
1728 1026 1752 1050 εἰ
1765 1025 1865 1061 ἀπορεῖ

1072 1077 1114 1101 τις
1128 1069 1218 1104 ζητῶν
1243 1069 1306 1104 περὶ
1328 1068 1441 1100 τούτων,
1465 1068 1567 1102 ὀφείλει
1593 1067 1640 1093 καὶ
1668 1068 1791 1094 ἀπιστεῖν
1805 1068 1864 1098 τοῖς

1072 1114 1274 1150 γεγραμμένοις
1291 1114 1356 1149 (56).
1375 1113 1482 1140 Βέλτιον
1495 1113 1549 1149 γὰρ
1570 1112 1738 1149 ἀποροῦντας
1758 1113 1866 1148 σιωπᾷν

1073 1160 1119 1187 καὶ
1131 1159 1278 1192 πιστεύειν,
1294 1159 1446 1195 ἦάπιστεῐν
1467 1159 1511 1186 διὰ
1525 1159 1555 1186 τὸ
1582 1160 1694 1195 ἀπορεῖν
1709 1158 1775 1194 (57')-
1795 1158 1865 1186 διότι

1073 1207 1088 1233 6
1103 1207 1151 1242 μὲν
1163 1205 1273 1242 ἀπορῶν
1300 1205 1411 1233 δύναταί
1437 1214 1496 1237 πως
1521 1205 1568 1232 καὶ
1595 1204 1759 1240 συγγνώμην
1779 1204 1865 1240 ἔχειν,

1072 1253 1113 1279 ὄτι
1127 1252 1195 1284 ὅλως
1211 1251 1262 1279 κᾶν
1276 1252 1395 1287 ζητήσας
1421 1251 1571 1287 ἠρέμησεν·
1599 1252 1612 1277 6
1628 1251 1657 1277 δὲ
1685 1250 1729 1277 διὰ
1750 1251 1780 1277 τὸ
1796 1251 1866 1277 ἀπο-

1075 1300 1131 1335 ρεῖν
1144 1299 1197 1334 (58)
1219 1298 1332 1324 ἐπινοῶν
1347 1297 1435 1333 ἐαυτῷ
1459 1297 1494 1324 τὰ
1523 1297 1559 1332 μὴ
1578 1297 1688 1327 δέοντα.
1712 1297 1759 1323 καὶ
1773 1297 1808 1323 τὰ
1826 1297 1866 1332 μὴ

1092 1343 1136 1377 Etet
1153 1344 1216 1379 περὶ
1230 1343 1297 1370 Θεοῦ
1314 1343 1509 1378 φθεγγόμενος,
1537 1343 1728 1377 ἁσύγγνωστον
1744 1342 1800 1378 ἔχει
1814 1343 1867 1378 τῆς

1073 1391 1174 1426 τόλμης
1184 1391 1233 1426 τὴν
1247 1390 1335 1425 δίκην.
1363 1389 1478 1416 Δύναται
1502 1388 1557 1425 γὰρ
1587 1389 1633 1415 καὶ
1658 1388 1712 1414 τῶν
1735 1387 1866 1415 τοιούτων

1073 1437 1195 1472 ἀποριῶν
1211 1436 1282 1472 ἔχειν
1297 1435 1357 1462 τινὰ
1380 1435 1557 1471 παραμυθίαν
1573 1435 1605 1461 ὲκ
1627 1435 1682 1461 τῶν
1699 1434 1777 1460 Θείων
1794 1434 1867 1469 Γρα-

1074 1483 1142 1519 φῶν,
1163 1483 1232 1510 ὥστε
1256 1482 1403 1518 λαμϐάνειν
1429 1481 1479 1517 μὲν
1507 1481 1597 1513 καλῶς
1612 1481 1648 1508 τά
1673 1480 1866 1516 γεγραμμένα,

1074 1533 1143 1559 νοεῖν
1157 1531 1185 1558 δὲ
1198 1531 1236 1562 ὡς
1249 1531 1277 1557 ὲν
1290 1529 1490 1565 παραδείγματι
1503 1528 1548 1555 τὸν
1561 1528 1693 1564 ἡμέτερον
1705 1527 1792 1562 λόγον·
1821 1527 1866 1554 ὅτι

1074 1577 1168 1614 ὥσπερ
1180 1574 1256 1608 οὗτος
1281 1575 1345 1607 ῐδιος
1371 1574 1400 1607 ἐξ
1413 1575 1492 1610 ἡμῶν
1518 1575 1587 1605 ἐστι,
1612 1575 1660 1601 καὶ
1687 1574 1738 1600 οὐκ
1764 1573 1868 1606 ἔξωθεν

1037 1633 1058 1662 c
1074 1623 1152 1659 ήμῶν
1169 1623 1224 1657 (39)
1236 1622 1326 1657 ἔργον,
1347 1621 1418 1648 οὕτω
1438 1621 1486 1648 καὶ
1501 1621 1516 1647 6
1543 1620 1589 1647 τοῦ
1606 1620 1672 1646 Θεοῦ
1696 1619 1780 1654 Λόγος
1799 1619 1868 1652 ἴδιός

1074 1670 1148 1696 ἐστιν
1160 1669 1189 1701 ἐξ
1202 1668 1295 1700 αὐτοῦ,
1309 1669 1356 1695 καὶ
1367 1669 1416 1695 οὐκ
1429 1667 1488 1694 ἐστι
1506 1667 1623 1703 ποίημα,
1645 1667 1706 1694 οὐδὲ
1725 1667 1762 1699 ὡς
1779 1667 1795 1694 ό
1809 1666 1869 1694 τῶν

1074 1715 1225 1751 ἀνθρώπων
1237 1714 1325 1749 λόγος·
1352 1714 1414 1740 ἐπεὶ
1437 1714 1484 1740 καὶ
1511 1713 1557 1740 τὸν
1581 1713 1646 1740 Θεὸν
1670 1713 1775 1748 ἀνάγκη
1795 1715 1868 1740 νοεῖν

1074 1761 1226 1796 ἄνθρωπον.
1244 1759 1310 1786 Ἰδοὺ
1323 1759 1377 1795 γὰρ
1392 1759 1473 1786 πάλιν
1488 1758 1541 1785 τῶν
1567 1758 1615 1793 μὲν
1631 1757 1782 1794 ἀνθρώπων
1799 1759 1868 1785 πολ-

1074 1806 1115 1833 λοὶ
1130 1806 1176 1833 καὶ
1189 1805 1311 1840 διάφοροι
1328 1805 1402 1839 λόγοι
1424 1804 1484 1830 καθ’
1497 1803 1602 1839 ἡμέραν
1615 1804 1806 1839 παρέρχονται,
1820 1803 1869 1832 διὰ

1074 1852 1104 1879 τὸ
1119 1853 1183 1883 τοὺς
1196 1851 1320 1887 πρώτους
1338 1850 1375 1886 μὴ
1393 1850 1496 1886 μένειν,
1512 1849 1570 1876 ἀλλ’
1590 1849 1776 1883 ἀφανίζεσθαι.
1793 1849 1870 1876 Γίνε-

1074 1905 1119 1924 ται
1133 1897 1161 1923 δὲ
1176 1897 1255 1923 πάλιν
1272 1896 1326 1931 (40)
1339 1896 1428 1927 τοῦτο,
1450 1896 1510 1922 ἐπεὶ
1521 1896 1569 1922 καὶ
1584 1896 1608 1921 οἱ
1619 1895 1722 1922 τούτων
1735 1895 1867 1931 πατέρες,

1075 1942 1212 1978 ἄνθρωποι
1225 1942 1310 1973 ὄντες,
1328 1941 1536 1977 παρερχομὲνας
1552 1940 1601 1975 μὲν
1622 1939 1713 1975 ἔχουσι
1737 1940 1786 1972 τὰς
1805 1941 1868 1976 ἠλι-

1075 1989 1147 2021 χίας,
1157 1989 1191 2016 τὰ
1199 1988 1227 2014 δὲ
1239 1989 1362 2023 νοήματα
1376 1987 1557 2023 ἐπερχόμενα·
1573 1987 1620 2014 καὶ
1632 1986 1700 2022 πρὸς
1711 1986 1728 2013 ἃ
1742 1986 1867 2021 λογίζον-

1073 2044 1119 2061 ται
1135 2035 1182 2061 καὶ
1198 2033 1397 2068 ὲπιλογίζονται
1412 2032 1478 2068 (41),
1501 2032 1615 2059 τοιαῦτα
1625 2032 1671 2059 καὶ
1689 2032 1865 2066 φθέγγονται·

1074 2080 1145 2108 ὥστε
1157 2081 1206 2108 καὶ
1222 2080 1335 2112 πολλοὺς
1358 2080 1454 2114 λόγους
1471 2079 1554 2114 ἔχειν,
1570 2079 1617 2106 καὶ
1632 2079 1700 2114 μετὰ
1722 2079 1785 2110 τοὺς
1801 2079 1867 2105 πολ-

1074 2126 1137 2158 λοὺς
1153 2126 1255 2162 μηδένα
1265 2125 1367 2152 τούτων
1381 2124 1459 2156 ὅλως·
1474 2124 1612 2151 πέπαυται
1624 2124 1678 2159 γὰρ
1685 2125 1698 2150 6
1708 2123 1806 2155 λαλῶν,
1816 2125 1865 2150 καὶ

1074 2172 1088 2198 6
1104 2171 1181 2206 λόγος
1202 2171 1282 2203 εὐθὺς
1300 2170 1446 2206 ἀνήλωται.
1481 2170 1511 2197 '0
1536 2170 1565 2196 δὲ
1579 2169 1625 2196 τοῦ
1642 2169 1709 2196 Θεοῦ
1724 2169 1809 2203 Λόγος
1823 2166 1865 2200 εἷς

1075 2219 1189 2246 ἐστικαὶ
1203 2218 1319 2250 όαῦτδς,
1345 2219 1402 2248 καὶ,
1429 2217 1467 2249 ὡς
1491 2216 1653 2252 γέγραπται,
1675 2217 1690 2242 6
1714 2215 1799 2250 Λόγος
1814 2214 1864 2241 τοῦ

1075 2265 1142 2292 Θεοῦ
1159 2265 1214 2300 (ﬁ)
1230 2265 1269 2296 εἰς
1284 2264 1329 2291 τον
1355 2262 1441 2290 αἰῶνα
1457 2261 1589 2298 διαμένει,
1612 2261 1649 2297 μὴ
1663 2261 1863 2295 ἀλλοιούμενος,

1127 2459 1171 2495 ⁵91
1183 2460 1338 2488 anlerian.
1357 2465 1383 2487 et
1403 2459 1475 2486 Felc.
1487 2459 1519 2491 ⁷1,
1531 2460 1629 2493 ἔξωθεν
1647 2459 1676 2492 ἐξ
1693 2459 1779 2495 ἡμῶν.

1126 2494 1169 2529 40)
1191 2495 1348 2529 Seguerian.
1370 2495 1462 2522 Basili.
1482 2495 1590 2530 Anglic.
1606 2494 1761 2523 Goblcr'ian.
1779 2494 1859 2530 (Felc.

1078 2529 1135 2591 last
1155 2530 1181 2563 4,
1195 2531 1298 2565 γίνεται
1314 2531 1342 2557 δὲ
1364 2530 1454 2557 πάλιν.
1476 2529 1572 2558 (Σωιὲτὶ
1596 2536 1623 2558 et
1647 2531 1731 2562 editi,
1755 2529 1861 2564 γίνεται

1078 2572 1098 2590 π
1134 2574 1168 2591 ιν.

1077 2572 1168 2592 παλιν.

1113 2600 1169 2635 (AI)
1185 2600 1230 2628 Sic
1247 2600 1404 2635 Seguerian.
1421 2600 1526 2635 Anglic.
1544 2599 1699 2628 Goblerian.
1718 2599 1789 2626 Felc.
1803 2599 1815 2625 I
1833 2603 1862 2625 et

1077 2635 1105 2663 4.
1118 2636 1150 2662 At
1168 2637 1213 2662 alii
1225 2641 1251 2663 et
1268 2637 1330 2664 editi
1346 2637 1474 2663 ontittttut
1486 2637 1533 2662 καὶ
1550 2636 1758 2670 ὲπιλογίζονται.

1113 2671 1170 2706 (42)
1185 2671 1342 2698 Gohleriatt.
1359 2676 1385 2698 et
1413 2671 1485 2698 Felc.
1503 2671 1514 2697 I
1529 2667 1657 2698 omittunt
1679 2672 1692 2697 6
1714 2670 1799 2706 Λόγος
1814 2667 1860 2706 τοῦ

1075 2703 1453 2745 9566.'litlemitﬁeguerzac
1466 2706 1541 2745 _Felc.‘
1552 2705 1579 2737 4,
1596 2706 1732 2745 διαμένει,
1745 2705 1794 2745 μὴ
1815 2703 1862 2745 ἀλ-

1076 2741 1241 2777 λοιούμενος.
1254 2739 1367 2768 Εᾱίιίἶει
1383 2742 1440 2772 alii.
1464 2741 1601 2777 διαμένει,
1620 2739 1666 2767 καὶ
1683 2741 1722 2777 μῂ
1739 2739 1861 2777 ἀλλοιού-

1080 2774 1169 2839 μὶειέοῖ.
1188 2777 1250 2838 M‘ox
1267 2777 1360 2812 ἑτέρου
1377 2777 1452 2805 deest
1474 2774 1689 2811 in‘Seguerian.’
1703 2774 1862 2803 Gohlerian.

1080 2820 1091 2839 ε
1136 2820 1150 2839 e
1162 2820 1186 2839 c.
1221 2831 1229 2839 .

1077 2818 1102 2841 et
1115 2814 1186 2840 Felc.
1204 2814 1229 2839 I.
