1941 3037
97 99 141 128 εει

652 94 779 123 ORATIO
793 94 812 122 ll
827 93 965 121 CONTRA
985 93 1146 122 ARI.\.\'OS.

1638 97 1692 125 258

99 155 251 190 πανταχόθεν
269 153 404 189 φαίνεσθαι
417 152 464 180 τοῦ
486 150 554 180 εἶναι
573 153 616 179 τὸν
633 153 718 186 Λόγον
734 153 857 187 δεύτερον

913 159 983 178 mum
995 151 1132 179 undelibet
1141 155 1182 179 est
1189 151 1296 179 nonnisi
1307 152 1440 186 posterius
1449 160 1529 187 quam
1540 153 1620 180 fuerit
1628 153 1695 182 Ver—

99 201 211 235 λέγεσθαι
226 200 262 232 τὸ,
274 201 380 230 ἔκτισε,
393 200 439 226 καὶ
457 200 495 230 τὸ,
509 199 624 226 ἔπλασε
650 198 698 233 (8).
726 198 780 225 Καὶ
806 198 858 234 γὰρ

99 247 184 282 ὥσπερ
198 245 300 281 πρὸτῆς
313 245 435 275 πλάσεως
446 245 566 279 ὑπῆρχον
582 245 610 271 αἱ
625 244 707 279 φυλαὶ
718 244 750 270 δι’
765 244 797 276 ἃς
812 243 859 271 καὶ

97 293 215 327 ἐπλάσθη·
231 291 313 323 οὕτως
324 292 454 326 ὑπάρχειν
470 291 516 317 καὶ
533 291 566 318 τὰ
586 291 651 326 ἔργα
671 291 803 324 φαίνεται,
821 291 859 322 είς

96 338 111 364 ἃ.
128 338 169 364 καὶ
183 336 296 371 ἐκτίσθη.
313 337 367 362 Καὶ
390 337 434 362 ὅτε
459 336 507 371 μὲν
532 336 561 362 ὲν
578 337 648 371 ἀρχῇ
672 333 706 370 ἦν
726 336 740 361 ὁ
763 335 857 369 Λόγος,

94 381 159 409 οὒπω
173 379 204 416 ἧν
223 382 255 408 τὰ
279 381 355 416 ἔργα,
380 381 450 407 καθὰ
473 382 617 417 προεῖπον·
633 381 676 406 ὅτε
697 379 772 406 δὲτὰ
793 380 859 415 ἔργα

93 429 186 463 γέγονε,
208 428 252 454 καὶ
278 429 294 463 ἡ
317 428 396 463 χρεία
420 428 552 463 ἀπῄτησε,
576 427 636 453 τότε
662 426 702 458 τὸ,
729 427 858 457 ἔκτισεν,

91 475 195 509 εἴρηται.
212 474 264 499 Καὶ
281 473 374 509 ὥσπερ
391 474 422 501 ἂν
440 474 517 504 εἴτις
532 474 569 508 (9)
583 473 649 504 υἱὸς,
668 471 859 508 παραπολομέ-

91 528 136 545 νων
150 519 292 553 κτημάτων
314 520 361 546 καὶ.
382 520 455 555 παρὰ
473 519 610 554 πολεμίοις
627 519 720 550 ὄντων,
746 518 774 550 ἐξ
791 519 859 553 ἁμε-

89 567 154 597 λείας
162 565 254 596 αὐτῶν,
265 565 358 600 χρείας
368 574 397 592 τε
413 565 467 600 (10)
477 565 628 592 καταλαϐού
634 574 681 600 της
693 566 716 591 εἰ
726 564 860 600 πέμποιτο

90 609 156 642 παρὰ
171 608 215 635 τοῦ
231 610 332 644 πατρὸς
348 609 524 636 συλλαῦέσθαι
536 610 582 637 καὶ
594 611 757 644 συναγαγεῖν
772 610 841 636 αὑτά
851 618 857 623 ·

89 656 129 681 καὶ
150 652 221 686 οὗτος
247 655 441 690 ἀπερχόμενος,
466 655 680 682 ὲπενδιδὺσκοιτο
700 656 748 690 τὴν
765 655 859 690 ὁμοίαν

89 701 190 726 ἐκείνων
204 700 313 735 ἐσθῆτα,
329 701 374 727 καὶ
399 702 558 736 σχηματίζοι
579 702 683 733 ἑαυτὸν,
696 701 732 732 ὡς
750 702 858 734 ἐκεῖνοι,

88 746 126 772 ἵνα
146 747 180 782 μὴ
195 747 231 779 ὡς
246 747 377 782 δεσπότην
392 748 472 774 αὑτὸν
487 748 642 782 ἐπιγνόντες
657 747 712 783 (11)
729 748 754 773 οἱ
777 748 858 775 κατέ-

87 801 169 828 χοντες
186 792 301 827 φύγωσι,
320 794 366 820 καὶ
382 793 488 829 κωλυθῇ
505 793 643 820 κατελθεῖν
658 794 704 821 καὶ
717 794 783 829 πρὸς
797 795 858 825 τοὺς

908 197 984 229 bum,
993 197 1049 225 haec
1059 198 1149 230 verba,
1159 198 1265 228 creavit.
1274 204 1299 224 et
1315 198 1437 232 formavit
1447 199 1479 226 de
1491 199 1536 226 illo
1544 201 1691 229 enuntiari.

908 243 974 270 Nam
994 243 1222 278 quemadmodum
1250 248 1394 278 antequam
1411 243 1496 272 Filius
1517 245 1692 281 fo.maretur,

909 289 995 316 tribus
1013 289 1191 320 exsistebaut,
1207 294 1316 324 propter
1329 298 1397 324 quas
1411 290 1544 318 formatus
1558 291 1614 326 ipse
1632 298 1671 319 est
1685 302 1693 320 :

909 334 950 362 sic
965 335 1047 361 etiam
1063 342 1154 369 opera,
1180 342 1295 368 quorum
1321 342 1403 362 causa
1422 341 1528 363 creatus
1544 341 1595 368 est,
1617 337 1694 371 prius

909 384 982 415 patet
1001 380 1148 408 exstitisse.
1172 379 1306 407 Praeterea
1330 388 1392 407 cum
1411 381 1437 407 in
1464 382 1597 417 principio
1621 389 1694 410 esset

912 425 1041 457 Verbum,
1058 426 1190 456 nondtnn,
1210 431 1238 452 ut
1261 425 1329 457 dixi,
1347 431 1425 453 erant
1446 435 1526 462 opera
1541 437 1546 454 :
1563 436 1623 454 cum
1642 436 1693 455 au-

910 475 962 497 tem
989 470 1059 498 facta
1083 474 1146 497 sunt
1167 478 1247 504 opera
1263 490 1270 502 ,
1294 475 1321 497 et
1344 471 1601 506 exegituecessitas,
1630 478 1694 500 tunc

909 514 1011 542 dictum
1031 520 1083 549 est,
1101 516 1208 542 creavit.
1235 518 1274 543 Ae
1294 518 1524 551 quemadmodum
1549 518 1571 545 si
1595 518 1694 553 aliquis

910 561 993 594 ﬁlius,
1015 561 1101 588 servis
1117 562 1230 596 perditis
1252 566 1279 589 et
1304 562 1375 596 apud
1404 563 1496 590 hostes
1511 564 1629 598 ipsorum
1647 573 1694 591 nc-

909 606 1038 641 gligentia
1067 607 1192 639 detentis,
1211 613 1322 643 cogente
1338 609 1498 636 necessitate
1517 618 1531 636 a
1545 615 1620 644 patre
1637 611 1694 637 mit-

910 657 1022 684 teretur,
1039 657 1068 680 ut
1086 653 1146 680 illos
1160 653 1300 687 adjuvaret
1324 659 1351 680 et
1377 655 1527 687 reduceret,
1544 655 1642 690 illeque
1666 657 1692 683 in

910 698 1006 725 itinere
1025 699 1140 725 similem
1166 699 1272 726 illorum
1298 700 1424 728 indueret
1446 707 1559 734 \‘estt‘m,
1584 702 1694 729 eodem-

909 752 962 779 que
978 752 1009 772 ac
1032 745 1069 771 illi
1090 753 1119 772 se
1144 746 1290 780 appellaret
1308 747 1428 780 nomine,
1451 755 1483 774 ne
1501 747 1571 774 forte
1593 748 1630 780 bi,
1647 748 1694 783 qui

910 799 1002 818 servos
1017 792 1171 825 retinerent,
1187 793 1245 827 ipso
1265 798 1293 820 ut
1305 793 1417 821 domino
1435 794 1538 830 agnito,
1555 795 1691 830 fugerent,

87 839 133 864 ὑπο
147 840 194 874 γῆν
215 840 418 875 κρυπτομένους
441 841 505 875 παρ’
529 841 657 867 ἐκείνων
685 839 743 867 εἶτα
769 840 796 866 εί
815 849 856 872 τις

913 839 1021 873 ipseque
1048 839 1099 866 hoc
1121 844 1200 874 pacto
1215 841 1402 875 prohiberetur
1424 841 1457 868 ad
1482 849 1576 869 servos
1600 842 1693 869 subter

86 886 233 913 πυνθάνοιτο
253 886 346 913 τούτου
362 887 427 921 (12).
444 886 492 913 Διά
508 887 533 913 τί
546 887 647 919 οὕτως,
661 887 675 912 ὁ
688 887 804 918 τοιοῦτος
819 885 857 913 εἴ·

85 940 130 958 πεν
144 932 174 958 ἂν
195 932 260 967 (15)·
287 932 315 958 Ὀ
333 933 421 968 πατὴρ
435 933 504 959 οὕτω
530 942 562 968 με
580 932 678 959 ἔπλασε
696 933 741 959 καὶ
754 933 856 968 κατήρ-

84 986 150 1004 τισεν
164 979 201 1010 είς
218 979 252 1005 τὰ
265 979 333 1014 ἔργα
348 979 447 1005 αὐτοῦ·
465 978 551 1012 λέγων
569 987 599 1005 τε
612 978 708 1011 οὕτως,
723 978 783 1005 οὗτε
799 979 858 1005 δοῦ-

84 1023 124 1049 λον
139 1024 229 1051 ἑαυτὸν
246 1024 309 1051 οὔτε
323 1024 371 1052 ἕνα
385 1025 438 1050 τῶν
453 1025 538 1060 ἔργων
555 1023 623 1051 εἶναι
644 1025 698 1059 (14)
715 1026 839 1061 σημαίνει
850 1035 856 1041 ·

83 1069 138 1097 οὔτε
155 1071 182 1097 δὲ
201 1072 250 1105 τὴν
264 1071 352 1107 ἀρχὴν
368 1071 418 1106 τῆς
439 1072 568 1105 γενέσεως
583 1071 664 1098 αὑτοῦ
687 1071 770 1106 λέγει,
792 1072 859 1099 ἀλλὰ

83 1116 127 1152 τὴν
143 1116 251 1152 ὕστερον
277 1116 352 1152 αὐτῷ
368 1117 488 1143 δοθεῖσαν
506 1119 544 1148 είς
568 1117 602 1144 τὰ
624 1118 692 1153 ἔργα
715 1119 856 1154 φροντίδα·

82 1162 123 1188 τὸν
142 1162 217 1188 αὑτὸν
238 1162 338 1198 τρόπον
360 1162 406 1188 καὶ
419 1163 433 1188 ὁ
447 1163 557 1198 Κύριος,
572 1163 785 1198 ἐπενδυσάμενος
802 1164 857 1198 (15)

82 1207 125 1243 τὴν
142 1209 274 1243 ἡμετέραν
294 1209 391 1243 σάρκα,
408 1209 456 1235 καὶ
473 1209 592 1244 σχήματι
614 1209 733 1245 εὑρεθεὶς
754 1210 790 1241 ὡς
811 1210 858 1236 ἆν-

82 1252 190 1287 θρωπος,
205 1255 228 1280 εί
244 1254 395 1289 ὲρωτηθείη
415 1253 488 1289 παρὰ
511 1254 564 1280 τῶν
580 1253 665 1286 οὕτως
680 1255 760 1281 αὐτὸν
773 1254 858 1290 ὁρών-

81 1308 128 1326 των
141 1300 186 1326 καὶ
193 1300 396 1335 θαυμαζόντων,
406 1301 476 1327 εἴποι
484 1300 578 1335 ἄν(16)
586 1309 592 1315 ·
603 1302 709 1335 Κύριος
718 1301 860 1336 ἕκτισέμε

81 1345 171 1380 ἀρχὴν
189 1346 266 1373 ὁδῶν
278 1347 371 1373 αὐτοῦ
385 1348 428 1379 είς
444 1347 515 1381 ἔργα
529 1347 621 1374 αὑτοῦ
631 1357 638 1362 -
651 1348 708 1374 καί·
724 1347 860 1375 Ἐπλασέ

79 1399 113 1424 με
126 1391 175 1419 τοῦ
191 1393 377 1427 συναππγεῑν
393 1393 446 1420 τὸν
472 1393 604 1427 Ἰσραήλ.
628 1393 712 1420 Τοῦτο
731 1393 758 1420 δὲ
781 1394 859 1420 πάλιν

81 1436 123 1462 καὶ
134 1436 162 1463 τὸ
172 1438 283 1472 Πνεῦμα
304 1439 486 1473 προσημαῖνον
501 1439 529 1465 ὲν
543 1439 666 1473 Ψαλμοῖς
683 1439 768 1472 ἔλεγε·
787 1441 860 1466 Κατ-

80 1481 205 1516 έστησας
229 1484 326 1513 αὐτὸν·
346 1484 395 1510 ἐπὶ
424 1484 458 1510 τὰ
476 1484 548 1519 ἔργα
572 1485 631 1512 τῶν
648 1485 754 1520 χειρῶν
781 1494 838 1512 σου
851 1495 857 1500 ·

909 889 1008 911 terram
1024 885 1058 912 ab
1072 885 1125 912 illis
1146 886 1297 914 occultatos
1313 887 1439 914 accedere
1456 896 1462 914 :
1481 887 1504 914 si
1523 889 1583 922 quis
1596 887 1693 915 deinde

910 930 942 957 ab
957 938 989 957 eo
1003 931 1198 964 sciscitaretur,
1212 940 1296 967 quare
1313 932 1349 960 ita
1362 932 1471 967 egisset,
1490 939 1564 961 recte
1578 941 1692 968 respon~

908 975 1005 1003 deret:
1024 975 1069 1003 Sic
1096 985 1139 1004 me
1169 977 1296 1004 formavit
1320 982 1346 1005 et
1373 979 1541 1013 comparavit
1564 984 1640 1014 pater
1664 979 1691 1006 in

909 1029 990 1056 opera
1008 1030 1056 1049 sua
1071 1032 1078 1050 :
1094 1023 1195 1058 quibus
1210 1024 1318 1058 quidem
1335 1024 1424 1051 verbis
1439 1032 1525 1060 neque
1538 1032 1567 1052 se
1584 1032 1692 1052 servum

909 1072 1049 1095 autunum
1070 1077 1103 1096 ex
1119 1070 1246 1104 operibus
1266 1077 1326 1097 esse
1349 1070 1529 1104 signiﬁcaret;
1547 1079 1596 1098 nec
1609 1071 1691 1097 etiam

909 1114 951 1140 sui
973 1120 1048 1141 ortus
1066 1114 1196 1142 indicaret
1219 1115 1393 1150 principium,
1417 1116 1463 1143 sed
1490 1120 1594 1143 tantum
1616 1124 1693 1143 com-

909 1159 1020 1186 missam
1038 1160 1090 1187 sibi
1108 1165 1200 1194 postea
1222 1169 1333 1195 operum
1351 1169 1456 1188 curam.
1483 1161 1569 1188 Simili
1588 1163 1693 1190 ratione

909 1205 931 1232 si
947 1204 1086 1239 Dominus,
1101 1211 1192 1233 nostra
1209 1207 1301 1234 induta
1316 1215 1396 1236 carne
1410 1208 1443 1240 “,
1456 1212 1483 1235 et
1498 1208 1582 1243 figura
1598 1209 1692 1236 inven-

909 1256 951 1278 tus
968 1255 998 1278 ut
1024 1252 1115 1284 homo,
1133 1252 1167 1279 ab
1192 1252 1235 1280 bis
1251 1253 1465 1288 interrogaretur
1481 1255 1526 1289 qui
1546 1255 1635 1289 ipsum
1656 1263 1691 1283 eo

910 1298 936 1324 in
967 1304 1039 1325 sratu
1069 1299 1220 1333 suspiciunt
1243 1304 1270 1327 et
1296 1300 1476 1334 admirantur,
1493 1302 1691 1336 responderet:

909 1343 1037 1382 Dyminus
1055 1346 1150 1372 creavit
1170 1353 1211 1372 mc
1222 1346 1328 1373 initium
1347 1347 1447 1374 viarum
1459 1355 1565 1374 suarum
1577 1349 1602 1375 in
1614 1356 1694 1382 opera

909 1397 968 1422 sua,
994 1395 1020 1417 ct
1034 1398 1040 1414 :
1056 1389 1192 1418 Formauit
1205 1401 1244 1419 me
1254 1398 1282 1419 ut
1303 1401 1486 1428 congregarem
1505 1394 1600 1422 Israel.
1620 1394 1692 1422 Idem

909 1440 998 1462 autem
1017 1435 1073 1470 ipse
1099 1444 1208 1472 quoque
1235 1437 1352 1473 Spiritus
1377 1439 1403 1466 in
1428 1439 1543 1467 Psalmis
1568 1448 1691 1475 praenun-

910 1481 980 1508 tians
995 1481 1084 1509 aiebat
1097 1491 1103 1508 :
1117 1482 1285 1512 Constituisti
1303 1492 1362 1511 eum
1383 1493 1460 1518 super
1479 1493 1556 1519 opera
1567 1493 1692 1512 manuum

80 1528 140 1564 ὅπερ
155 1531 199 1557 καὶ
213 1531 278 1566 περὶ
294 1531 390 1557 ἑαυτοῦ
410 1531 547 1567 σημαίνων
564 1532 645 1563 αὐτὸς
659 1532 713 1566 (17)
728 1533 742 1558 ὁ
757 1532 857 1567 Κύριός

913 1531 1016 1553 tuarum
1040 1526 1063 1543 ⁸⁸
1076 1536 1084 1554 :
1104 1529 1175 1562 quod
1194 1533 1220 1556 et
1237 1528 1369 1557 Dominus
1382 1530 1416 1557 de
1429 1531 1519 1565 seipso
1531 1531 1576 1558 bis
1591 1531 1692 1558 confir-

81 1583 168 1610 φησιν·
193 1576 267 1611 Ἐγὼ
288 1576 322 1603 δὲ
343 1577 528 1611 κατεστάθην
539 1577 687 1610 βασιλεὺς
704 1578 856 1605 ὑπἀὐτοῦ

79 1621 123 1648 ἐπὶ
138 1622 211 1649 Σιὼν
225 1622 298 1656 ὅρος
308 1622 341 1648 τὸ
357 1623 440 1657 ἅγιον
453 1623 559 1650 αὑτοῦ·
576 1623 668 1659 ὥσπερ
684 1623 722 1655 δὲ,
752 1624 795 1650 ὅτε
810 1625 857 1650 ἐπ-

79 1667 175 1703 έλαμψε
187 1668 352 1704 σωματικῶς
361 1670 392 1704 τῇ
408 1668 486 1700 Σιὼν,
501 1669 551 1696 οὐκ
566 1669 650 1704 ἀρχὴν
665 1667 736 1704 εῖχεν
751 1670 805 1704 (18)
819 1668 857 1696 εἷ-

78 1720 117 1739 ναι
132 1713 189 1739 οὐδὲ
208 1714 254 1740 τοῦ
285 1713 450 1747 βασιλεύειν
467 1714 534 1741 ἀλλὰ
555 1714 592 1742 ὢν
614 1715 700 1749 Λόγος
722 1715 769 1742 τοῦ
790 1716 856 1742 Θεοῦ

78 1758 120 1783 καὶ
139 1758 222 1790 ἀΐδιος
246 1758 386 1793 βασιλεὺς,
413 1759 578 1794 κατηξίωσεν
603 1760 778 1796 ἀνθρωπίνως
797 1762 859 1787 ἑπι-

78 1802 174 1838 λάμψαι
196 1804 245 1840 τὴν
275 1804 411 1839 βασιλείαν
434 1805 528 1832 ἑαυτοῦ
552 1805 606 1840 (19)
624 1807 670 1833 καὶ
689 1807 716 1833 ἐν
730 1808 763 1842 τῇ
779 1807 857 1839 Σιὼν,

78 1849 126 1881 ἴνα,
144 1851 196 1877 ἀπὺ
213 1851 267 1886 τῆς
292 1851 482 1887 βασιλευούσης
498 1853 526 1878 ὲν
545 1852 634 1884 αὐτοῖς
658 1853 792 1889 ἁμαρτίας
814 1853 860 1879 λυ-

79 1897 244 1932 τρωσάμενος
272 1896 369 1928 αὐτούς
391 1906 419 1924 τε
440 1898 484 1924 καὶ
505 1898 587 1932 ἡμᾶς.
611 1899 709 1934 ποιήσῃ
736 1899 788 1924 ὑπὸ
810 1898 859 1934 τὴν

79 1942 206 1978 πατρικὴν
223 1943 365 1978 βασιλείαν
387 1943 498 1970 ἑαυτοῦ-
521 1943 592 1970 οὕτω
611 1943 807 1979 καθιστάμενος
819 1946 859 1976 είς

78 1987 107 2013 τὰ
119 1987 194 2023 ἔργα,
211 1989 265 2015 οὐκ
289 1990 328 2019 εἰς
349 1988 383 2015 τὰ
408 1989 518 2024 μηδέπω
532 1989 604 2020 ὅντα,
623 1989 679 2015 ἀλλ’
697 1990 736 2020 είς
755 1991 789 2016 τὰ
808 1989 857 2025 ἤδη

79 2032 135 2059 δντα
151 2035 196 2060 καὶ
213 2035 330 2069 δεόμενα
341 2034 508 2069 διορθώσεως
521 2034 689 2062 καθίσταται.

110 2079 150 2105 55.
162 2080 197 2106 Τὸ
213 2080 281 2116 ἄρα,
292 2080 402 2111 ἔκτισε,
419 2080 466 2106 καὶ
480 2080 519 2112 τὸ,
536 2079 663 2114 ἔπλασε,
676 2081 723 2107 καὶ
737 2081 776 2112 τὸ,
791 2090 859 2108 κατ-

109 2168 130 2184 ⁸³
148 2169 268 2205 Philipp.
286 2178 315 2203 ιι,
332 2170 358 2198 8.
396 2171 418 2186 ⁸⁵
431 2170 502 2198 Psal.
516 2179 575 2204 vni,
590 2171 617 2198 7.
656 2171 678 2187 “
699 2171 770 2198 Psal.
783 2180 812 2204 ιι,
829 2172 855 2199 6.

910 1576 966 1598 mat
982 1571 1071 1600 verbis
1086 1581 1094 1599 ς
1113 1573 1168 1608 Ego
1195 1580 1283 1601 autem
1297 1577 1454 1604 constitutus
1470 1585 1528 1603 sunt
1551 1585 1595 1604 rex
1617 1577 1649 1604 ab
1662 1585 1692 1604 eo

909 1625 986 1652 super
1000 1616 1064 1644 Sion
1086 1624 1199 1646 montem
1209 1625 1329 1648 sanctum
1344 1622 1401 1656 ejus
1418 1622 1450 1648 “.
1468 1621 1550 1649 Porro
1562 1623 1692 1657 quemad-

910 1663 1018 1690 modum
1036 1672 1098 1691 cum
1116 1666 1202 1692 monti
1224 1665 1289 1693 Sion
1303 1675 1417 1702 corpore
1440 1667 1538 1702 illuxit,
1556 1673 1620 1695 tunc
1636 1677 1690 1696 non

911 1709 1023 1744 incepit
1048 1717 1108 1738 esse
1128 1715 1175 1738 aut
1199 1719 1313 1746 regnare
1335 1722 1342 1740 :
1370 1713 1416 1741 sed
1444 1721 1506 1741 cum
1534 1718 1607 1742 esset
1634 1715 1692 1749 ipse

910 1753 1028 1782 Verbum
1039 1760 1066 1783 et
1080 1764 1126 1783 rex
1143 1757 1334 1792 sempiternus,
1346 1758 1500 1787 humaniter
1515 1760 1601 1787 voluit
1611 1768 1692 1788 suum

909 1810 1021 1836 regnum
1038 1803 1148 1832 illueere
1163 1812 1271 1840 quoque
1291 1806 1318 1832 in
1336 1805 1411 1838 Sion,
1429 1810 1458 1833 ut
1477 1806 1580 1833 scilicet
1601 1811 1627 1832 et
1642 1813 1692 1833 nos

909 1853 935 1876 et
951 1849 1012 1876 illos
1028 1857 1042 1877 a
1055 1855 1175 1885 peccato.
1192 1852 1264 1886 quod
1280 1851 1307 1878 in
1323 1852 1363 1879 eis
1391 1852 1531 1886 regnabat,
1555 1851 1635 1887 412
1649 1859 1692 1878 νε-

909 1894 1032 1929 dimeret,
1058 1900 1085 1924 et
1110 1897 1136 1924 in
1153 1902 1294 1932 paternum
1311 1898 1353 1925 sui
1369 1898 1511 1933 imperium
1537 1898 1690 1932 redigeret:

910 1949 963 1977 qua
979 1943 1072 1978 utique
1096 1943 1200 1971 ratione
1219 1944 1248 1971 in
1274 1952 1355 1980 opera
1379 1949 1421 1972 est
1442 1945 1618 1977 constitutus,
1636 1952 1692 1972 non

911 1995 972 2022 quae
996 1989 1115 2016 nondum
1140 1995 1242 2023 essent,
1260 1991 1306 2018 sed
1323 1999 1384 2026 qua:
1398 1991 1454 2026 jam
1478 1991 1650 2022 exsisterent,
1665 1994 1693 2017 et

911 2038 1098 2066 emendatione
1113 2039 1264 2074 indigerent

949 2083 993 2110 53.
1037 2083 1119 2119 Igitur
1141 2085 1183 2112 hae
1208 2085 1351 2120 dictiones,
1370 2086 1477 2117 creavit,
1503 2085 1637 2120 formavit,
1664 2088 1691 2112 et

110 2260 146 2301 (β)
163 2261 326 2301 Segnerian.
356 2262 512 2291 Goblerian.
539 2263 611 2290 Felc.
638 2264 664 2295 1,
691 2263 855 2291 πεπλάσθαι.

913 2264 991 2296 Editi.
1014 2266 1124 2297 εἴποιεν.
1136 2265 1205 2294 lbid.
1227 2265 1385 2301 Seguertan.
1403 2265 1557 2294 Goblerian.
1574 2270 1600 2292 et
1617 2265 1689 2292 Felc.

76 2296 124 2324 Alii
136 2300 162 2323 et
172 2297 250 2330 editi,
269 2297 380 2324 ἔπλασε.

109 2333 144 2366 (9)
165 2332 211 2359 Sic
227 2333 342 2368 Seguer.
357 2332 462 2366 Anglic.
479 2332 586 2360 Gobler.
605 2332 676 2361 Felc.
701 2334 713 2360 1
733 2338 759 2360 et
775 2334 802 2361 4.
822 2334 857 2361 At

75 2367 136 2404 editi
157 2373 183 2404 et
203 2369 263 2400 alii,
281 2367 374 2402 ὥσπερ
393 2367 424 2404 ᾇν
448 2377 498 2404 τις.
518 2368 585 2404 ibid.
613 2367 723 2404 Seguer.
745 2368 853 2396 Gobler.

75 2402 143 2464 lec.
161 2403 172 2429 1
189 2409 218 2431 et
232 2404 261 2435 5,
285 2402 523 2439 παραπολομένων.
544 2403 617 2431 Felc.
636 2402 664 2436 4,
683 2404 856 2440 παραπολλυ-

78 2447 95 2464 U-
109 2446 170 2464 νων.

109 2446 160 2464 νων
164 2458 170 2465 ι

78 2447 170 2509 “tibi
185 2473 300 2510 Seguer.
324 2477 349 2500 et
365 2473 438 2500 Felc.
453 2473 480 2506 4,
504 2473 596 2510 χρείας
609 2474 646 2500 δέ.
670 2473 740 2500 Editi
759 2478 789 2510 et
803 2474 858 2510 alii,

76 2508 165 2545 χρείας
189 2517 231 2535 τε.
261 2509 326 2536 Ibid.
339 2516 406 2536 mss.
428 2508 533 2542 omnes,
560 2511 585 2536 εὶ
601 2510 745 2545 πέμποιτο.
769 2508 859 2536 Editio

76 2545 205 2572 Commel.
224 2545 327 2571 omittit
343 2545 377 2570 ει.

109 2580 163 2614 (11)
185 2580 347 2614 Seguerian.
360 2579 440 2605 αὑτὸν
455 2579 621 2613 ἐπιγνόντες.
631 2579 727 2606 (Im-teri
744 2584 769 2607 et
782 2580 858 2612 editi,

78 2613 176 2649 ἑαυτῶν
192 2613 430 2648 ἐπιγινώσκοντες.
458 2614 519 2641 Mox
535 2614 646 2649 Seguer.
664 2613 818 2642 Goblerian.
833 2620 860 2642 et

79 2648 258 2686 Felctltbnb
272 2650 331 2685 γῆν.
347 2649 417 2676 Edlti
430 2653 456 2686 et
468 2650 523 2683 alii,
537 2648 584 2686 tiri.
599 2650 666 2686 ﬂvf

110 2684 164 2720 (12)
186 2685 348 2720 Seguerian.
373 2685 557 2720 hrqua'wsro,
574 2684 640 2712 Ibid.
658 2685 728 2712 idem
744 2690 770 2712 et
786 2684 852 2720 Reg.

79 2719 155 2746 διὰτί
169 2719 268 2751 οὕτως,
293 2721 308 2746 ὁ
326 2719 455 2751 τοιοῦτος,
477 2725 530 2747 etc.
552 2719 579 2746 ln
594 2720 673 2747 editis
695 2727 758 2747 vero
783 2719 854 2747 nulla

80 2755 257 2789 interponitur
285 2755 433 2782 distinctio.
466 2754 536 2782 Edit.
567 2755 698 2783 Commel.
724 2756 854 2783 mendose

80 2795 201 2823 praeterea
223 2790 312 2822 habet,
329 2790 373 2816 διὰ
386 2790 415 2816 τὸ
429 2790 523 2820 οὓτως.

110 2826 166 2862 (15)
186 2824 235 2860 Sic
251 2825 409 2861 Seguerian.
429 2825 493 2861 Reg.
511 2825 620 2854 Gobler.
643 2825 716 2853 Felc.
735 2825 747 2852 1
775 2830 801 2853 et
826 2825 850 2853 ι.

911 2301 937 2333 1,
950 2301 1132 2341 κατήρτησεν.
1141 2301 1256 2341 _Eelc._4,
1269 2302 1441 2341 κατήγαγεν..
1569 2335 1581 2341 _

946 2335 1001 2370 (14)
1015 2334 1109 2369 Εἶναι,
1131 2337 1207 2364 deest
1221 2337 1248 2364 in
1268 2334 1442 2371 Seguer.'qui
1462 2343 1536 2368 mox,
1552 2335 1601 2369 τῆς
1617 2334 1693 2369 γενέ-

910 2379 978 2402 σεως
993 2372 1099 2398 ἑαυτοῦ.

945 2406 1000 2441 (15)
1023 2406 1180 2442 Seguerian.
1203 2406 1358 2435 Goblerian.
1375 2406 1447 2434 Felc.
1465 2407 1475 2433 1
1498 2410 1524 2433 et
1538 2405 1564 2437 4.
1579 2404 1691 2431 ἐπενδυ-

887 2450 892 2455 ”
909 2441 1033 2476 σάμενος.

925 2475 1132 2537 l’(16)&Seguer.
1147 2481 1175 2504 et
1192 2477 1265 2505 Felc.
1286 2477 1313 2509 4,
1331 2476 1432 2504 εἴποιεν
1449 2477 1491 2504 ἄν.
1508 2475 1577 2502 Editi
1594 2479 1621 2502 et
1633 2475 1689 2508 alii,

935 2521 979 2537 ποι
1015 2521 1038 2537 ν.

908 2512 979 2538 εἴποι
997 2512 1038 2539 ἄν.

943 2547 999 2582 (17)
1019 2548 1104 2574 Αὐτόν
1118 2547 1195 2574 abest
1210 2554 1224 2574 a
1241 2546 1398 2582 Seguerian.

943 2579 998 2617 (18)
1019 2582 1065 2611 Sic
1081 2582 1238 2616 Seguerian.
1257 2579 1410 2609 Goblerian.
1430 2581 1510 2617 Felix:
1530 2579 1554 2612 l,
1575 2581 1590 2608 ι
1610 2584 1636 2608 et
1661 2581 1689 2612 5,

907 2616 953 2651 qui
971 2618 1093 2650 ultimus,
1105 2616 1142 2643 ὣν
1156 2617 1271 2651 ὸΛόγος.
1286 2617 1338 2644 Αιιὶ
1353 2623 1380 2644 et
1396 2617 1478 2644 editio
1492 2616 1624 2643 Commel.
1640 2616 1690 2642 οὐκ

907 2652 993 2691 ἀρχὴν
1009 2651 1091 2691 εἶχεν,
1109 2652 1175 2691 an}
1185 2652 1362 2691 ᾣγὸεάγοςε
1431 2686 1437 2691 .
1470 2687 1477 2691 .
1550 2686 1563 2691 -
1593 2685 1609 2691 η
1680 2685 1686 2691 .

942 2685 998 2723 (19)
1019 2685 1130 2723 Séguer.
1145 2687 1253 2723 Gobler.
1265 2687 1335 2714 Felc.
1352 2687 1364 2713 1
1385 2691 1412 2714 et
1424 2686 1450 2717 4,
1468 2685 1688 2723 ἑαυτοιῖηϐαξιθτὶ

907 2727 934 2750 et
947 2720 1022 2754 editi,
1038 2722 1130 2749 αὑτοῦ.
1154 2722 1221 2750 Ibid.
1237 2722 1348 2757 Seguer.
1372 2723 1418 2748 καὶ
1439 2723 1468 2748 ὲν
1484 2723 1515 2757 τῇ
1538 2721 1617 2747 Σιών.
1635 2720 1690 2748 Go-

908 2758 974 2785 bler.
1003 2751 1074 2785 Felc.
1091 2759 1102 2784 1
1131 2762 1158 2784 et
1172 2758 1199 2788 4,
1218 2758 1263 2785 καὶ
1274 2751 1312 2786 νὲν
1334 2759 1369 2793 γῇ
1387 2757 1465 2784 Σιών.
1491 2751 1561 2784 Editi
1579 2763 1642 2784 vero
1662 2759 1691 2782 et

907 2793 963 2827 alii,
976 2793 1058 2821 αὑτοῦ
1074 2793 1120 2821 καὶ
1131 2794 1162 2828 τῇ
1176 2793 1250 2821 Σιών.
