1941 3037
67 114 117 141 277

623 122 754 152 ORATIO
774 125 794 152 ll
814 126 954 156 CONTRA
972 129 1133 160 ARIANOS.

1645 138 1698 169 378

66 175 145 207 φύσει
166 177 181 203 ὁ
198 176 274 209 Θεὸς,
287 178 388 212 γίνεται
407 180 475 215 μετὰ
489 181 575 209 ταῦτα
588 183 635 210 καὶ
653 184 766 221 κτίστης
778 185 856 212 αὑτοῦ

912 189 958 224 qui
977 189 1057 218 Verbi
1082 190 1164 220 Pater
1177 197 1275 222 natura
1295 199 1347 228 est,
1361 195 1420 230 ejus
1437 200 1497 230 post
1513 195 1571 225 hac
1593 203 1700 226 creator

66 221 110 247 καὶ
125 222 253 257 ποιητὴς,
263 224 326 250 ὅταν
340 226 390 260 τὴν
406 226 560 254 κτισθεῖσαν
577 229 623 255 καὶ
640 230 799 266 ποιηθεῖσαν
816 233 859 259 ὲν-

64 266 180 302 δύσηται
195 269 297 305 ,σάρκα
323 271 338 296 ὁ
367 272 463 306 Λόγος,
493 273 542 300 καὶ
568 274 680 311 γένηται
705 277 857 313 ἄνθρωπος,

66 312 172 349 ’Ὠσπερ
185 313 241 350 γὰρ
253 317 277 342 οἱ
291 316 428 352 ἂνθρωποι
443 318 626 354 λαμϐάνοντες
639 322 670 349 τὸ
684 312 796 359 Πνεῦμα.
811 325 858 351 τοῦ

67 358 142 389 Υῑοῦ,
158 360 280 394 γίνονται
301 362 384 389 τέκνα
405 364 438 391 δι’
458 366 540 393 αὑτοῦ
551 376 557 382 ·
572 367 658 401 οὕτως
676 371 691 396 ὸ
708 370 793 405 Λόγος
812 371 858 398 τοῦ

64 403 140 436 Θεοῦ,
161 405 208 432 ὅτε
232 408 279 434 καὶ
300 409 381 442 αὐτὸς
402 412 545 441 ἐνεδύσατο
562 415 616 441 τῶν
637 415 788 452 ἀνθρώπων
809 418 859 453 τὴν

64 449 163 485 σάρκα,
177 452 240 479 τότε
259 454 367 488 λέγεται
393 459 440 485 καὶ
461 459 599 492 κτίζεσθαι
617 462 663 489 καὶ
681 463 858 499 πεποιῆσθαι.

63 496 94 522 Ei
112 497 162 532 μὲν
179 496 229 525 οὖν
242 501 321 535 ἡμεῖς
340 503 411 530 κατὰ
424 504 504 540 φύσιν
521 507 583 540 υἱοὶ,
603 508 684 544 δῆλον
709 510 750 537 ὅτι
763 496 859 538 κάκεῖ-

63 551 106 574 νος
122 544 194 591 κατὰ
217 545 298 580 φύσιν
318 548 419 584 κτίσμα
435 552 482 578 καὶ
498 552 617 588 ποίημα·
636 556 660 581 εἰ
678 555 706 581 δὲ
723 557 803 591 ἡμεῖς
817 557 859 584 θέ-

64 596 104 638 σει
122 589 170 638 καὶ
199 591 270 638 κατᾷι
294 594 373 629 χάριν
395 596 525 631 γινόμεθα
549 599 611 631 υἱοὶ,
634 600 713 636 δῆλον
803 602 859 638 (16)

63 634 110 661 καὶ
120 635 135 661 ό
148 636 237 670 Λόγος
247 637 290 664 διὰ
303 639 352 674 τὴν
365 641 405 672 εἰς
419 641 493 677 ἡμᾶς
506 643 586 679 χάριν
599 634 742 681 γενόμενος
754 634 860 684 ἄνθρωλ

130 682 227 718 εἴρηκε
239 691 245 698 '
262 685 370 719 Κύριος
386 686 487 715 ἐκτισέ
499 698 546 724 με.
566 688 632 718 Εἶτα
651 692 744 728 ἐπειδὴ
759 693 790 720 τὸ
803 682 860 721 κτι-

65 727 125 775 στρν
141 728 326 775 ἐνδυσάμενος
336 732 447 767 γέγονεν
459 735 526 770 ἡμῖν
539 737 632 772 ὅμοιος
643 739 713 766 κατὰ
725 727 755 766 τὸ
769 740 858 775 σῶμα,

63 773 105 799 διὰ
119 773 199 801 τοῦτο
220 776 334 809 εέκὸτως
351 778 406 815 (17)
424 781 471 807 καὶ
488 781 602 817 ἁδελφὸς
619 785 696 819 ήμῶν
720 786 767 813 καὶ

63 819 171 869 τοτοκος
186 821 301 869 ἐκλήθη.
320 824 350 851 Εἰ
362 825 416 861 γὰρ
436 827 482 854 καὶ
502 828 561 863 μεθ’
579 830 652 865 ἡμᾶς
667 831 700 858 δι’
712 833 785 868 ἡμᾶς
803 819 858 869 (is)

63 866 173 900 γέγονεν
194 868 349 904 ἄνθρωπος,
373 872 420 898 καὶ
443 873 557 908 ἀδελφὸς
580 875 657 911 ἡμῶν
678 866 790 915 διὰῃτὴν
807 866 858 908 ’τοῢ

65 911 188 962 σώματος
199 915 342 950 ὁμοίωσιν,
352 917 418 944 ἀλλὰ
429 919 476 945 καὶ
485 920 513 946 ὲν
525 921 612 957 τούτῳ
624 911 794 959 πρωτότοκος
803 926 858 962 (19)

64 956 169 991 λέγεται
186 960 234 986 καὶ
248 959 322 1000 ἐστιν
336 962 425 998 ἡμῶν,
442 965 546 1001 ἐπειδὴ,
557 956 666 995 πάντῶν
685 969 739 997 τῶν
757 956 860 1007 ἀνθρώί

67 1014 123 1055 πων
144 1007 346 1044 ἀπολλυμένων
368 1011 439 1038 κατὰ
455 1012 504 1048 τὴν
523 1014 678 1050 παράϐασιν
696 1017 742 1044 τοῦ
763 1018 857 1055 ’Δδάμ,

67 1050 158 1087 πρώτη
175 1053 232 1080 τῶν
252 1054 339 1081 ἄλλων
353 1055 442 1092 ἐσώθη
467 1058 514 1085 καὶ⁹
534 1059 706 1098 ἠλευθερώθη
724 1050 858 1099 ὴὲκείνον

66 1097 138 1132 σὰρξ,
151 1098 190 1130 ὡς
206 1100 293 1127 αὺτοῦ
313 1101 360 1128 τοῦ
384 1103 471 1137 Λόγου
487 1104 567 1140 σῶμα
581 1097 725 1144 γενομένή,
735 1097 790 1137 ’καὶ
802 1110 857 1138 λοιι

65 1143 111 1170 nov
125 1145 215 1179 ἡμεῖς,
239 1146 280 1178 ὡς
305 1147 443 1184 σύσσωμοι
463 1151 659 1186 τυγχάνοντες,
686 1143 747 1182 κατ’
770 1158 858 1185 ἐκεῖνο

67 1188 212 1239 σῶζὸμεθα.
234 1192 392 1239 ¹ξεῖννὲκείνῳ
403 1194 457 1231 γὰρ
468 1197 546 1232 ἡμῶν
559 1199 607 1225 καὶ
621 1199 718 1236 eam;
727 1202 742 1227 ὁ
755 1202 857 1239 Κύριος

66 1235 101 1266 εἰς
115 1235 163 1271 τὴν
180 1236 325 1272 βασιλειαν
340 1239 393 1266 τῶν
405 1242 537 1276 οὐρανῶν,
555 1245 602 1271 καὶ
615 1235 683 1281 προς
698 1247 744 1274 τὸν
760 1235 856 1277 tau-tofi

66 1279 169 1317 Πατέρα
188 1282 314 1317 γίνεται,
341 1285 442 1320 λέγων’
464 1288 537 1323 Ἐγώ
551 1290 609 1324 ειμι
633 1279 736 1325 ἧόὃὸς
760 1294 810 1321 καὶ
835 1295 855 1329 ἡ

67 1327 144 1361 θύρα,
157 1328 206 1355 καὶ
219 1329 262 1355 δι’
275 1330 348 1364 ἐμοῦ
363 1331 411 1358 δεῖ
423 1331 539 1366 πάντας
549 1336 705 1364 εἰσελθεῖν.
719 1338 799 1365 Ὅθεν
810 1327 857 1367 καλ.

68 1375 233 1408 πρωτότοκος
259 1375 367 1410 λέγεται
389 1378 468 1405 πάλιν
485 1380 518 1406 ἐκ
540 1381 594 1408 τῶν
614 1383 728 1419 νεκρῶν,
745 1385 794 1420 οὐχ
815 1386 856 1413 ὅτι

68 1419 168 1454 πρῶτος
181 1421 264 1456 ἡμῶν
281 1422 414 1450 ἀπέθανε’
432 1425 677 1463 προετεθνήκειμεν
693 1429 747 1465 γὰρ
761 1419 855 1466 ἡμεῖς·

67 1464 118 1491 ἀλλ’
132 1466 172 1492 ὅτι
188 1467 235 1494 τὸν
257 1468 327 1504 ὑπὲρ
341 1469 420 1505 ἡμῶν
443 1470 641 1508 ἀναδεξάμενος
666 1464 790 1509 θάνατον,
809 1477 856 1505 καὶ

67 1511 153 1539 τοῦτον
169 1515 363 1550 καταργήσας,
378 1517 476 1554 ἀνέστη
492 1519 599 1554 πρῶτος
617 1519 683 1556 (ΞΟ),
699 1521 736 1554 ὡς
752 1523 857 1559 ἅνθρω-

68 1565 122 1590 πος,
134 1559 203 1595 ὑπὲρ
219 1560 302 1596 ἡμῶν
319 1561 474 1599 ἀναστήσας
490 1564 520 1591 τὸ
537 1565 634 1593 ἑαυτοῦ
650 1567 738 1602 σῶμα.
755 1569 856 1597 Λοιπὸν

69 1603 118 1640 γὰρ
141 1605 311 1639 ἀναστάντος
334 1609 450 1644 ἐκείνου,
483 1611 600 1647 καθεξῆς
630 1614 677 1640 καὶ
703 1615 782 1650 ἡμεῖς
808 1616 855 1643 ἀπ’

69 1651 165 1678 ἐκείνου
181 1654 228 1680 καὶ
242 1653 278 1679 δι’
295 1655 397 1682 ἐκεῖνον
412 1657 445 1683 ὲκ
461 1657 514 1684 τῶν
527 1659 631 1694 νεκρῶν
645 1661 817 1696 ἐγειρόμεθα.

100 1706 142 1735 62.
165 1709 196 1736 Et
213 1709 243 1736 δὲ
259 1711 306 1737 καὶ
321 1710 376 1748 (21)
392 1714 578 1748 πρωτότοκος
599 1715 655 1750 τῆς
671 1717 795 1752 κτίσεως
810 1719 855 1746 λέ-

69 1761 150 1787 γεται,
167 1755 224 1782 ἀλλ’
250 1756 299 1792 οὐχ
318 1756 356 1789 ὡς
377 1758 549 1795 ὲξισούμενος
571 1763 628 1794 τοῖς
650 1763 791 1798 κτίσμασι,
809 1766 857 1793 καὶΙ

69 1800 169 1836 πρῶτος
196 1802 290 1829 αὐτῶν
315 1804 386 1831 κατὰ
410 1806 515 1841 χρόνον,
538 1808 708 1844 πρωτότοκος
730 1809 854 1845 λέγεταιι

69 1846 133 1879 (πῶς
146 1848 210 1884 γὰρ,
222 1849 293 1876 ὅπου
305 1858 337 1883 γε
349 1851 506 1887 Μονογενής
516 1853 589 1880 ἐστιν
602 1854 682 1887 αὐτός
694 1855 712 1891 ;)
722 1868 723 1872 η
732 1856 799 1884 ἀλλὰ
812 1857 861 1885 διὰ⁴

69 1891 113 1927 τὴν
137 1894 204 1929 πρὸς
225 1894 263 1922 τὰ
283 1896 419 1932 κτίσματα
449 1899 649 1932 συγκατάϐασιν
675 1901 728 1928 τοῦ
750 1903 855 1937 Λόγου,

69 1938 126 1964 καθ’
141 1939 174 1975 ἣν
190 1941 237 1967 καὶ
253 1941 357 1968 πολλῶν
370 1943 479 1977 γέγονεν
490 1944 614 1980 ἀδελφός.
631 1947 661 1974 '0
672 1947 726 1984 γάρ
743 1957 784 1976 τοι
807 1958 855 1986 μο-

69 1983 184 2019 νογενὴς,
197 1985 251 2011 οὐκ
262 1985 346 2013 ὄντων
357 1986 445 2014 ἄλλων
462 1988 592 2024 ἀδελφῶν,
608 1993 753 2028 μονογενής
765 1983 838 2020 ἐστιν
846 2003 854 2010 ⁸

69 2028 118 2055 ὸδὲ
131 2031 304 2066 πρωτότοκος
317 2032 361 2059 διὰ
371 2034 434 2068 τρὺς
455 2034 551 2067 ἄλλους
570 2036 625 2072 (22)
638 2037 768 2072 ἀδελφοὺς
783 2047 857 2075 πρω-

69 2075 172 2107 τότοκος
187 2076 309 2112 λέγεται.
327 2078 378 2106 Διὰ
395 2080 475 2108 τοῦτο
493 2082 559 2115 γοῦν
581 2083 698 2119 οὐδαμοῦ
715 2084 768 2111 τῶν
788 2085 857 2121 Γρα-

71 2121 125 2155 φῶν
136 2122 252 2159 εἴρηται,
269 2126 455 2159 πρωτότοκος
472 2127 524 2154 τοῦ
544 2128 630 2161 Θεοῦ,
651 2130 722 2163 οὐδὲ,
746 2131 858 2166 κτίσμα

72 2167 122 2194 τοῦ
136 2169 207 2196 Θεοῦ
217 2179 223 2184 ·
241 2170 310 2197 ἀλλὰ
332 2171 372 2204 τὺ,
389 2173 573 2208 Μονογενὴς,
591 2175 637 2202 καὶ
650 2177 690 2208 τὸ,
706 2177 782 2210 Υἱὸς,
798 2178 856 2210 καὶ,

910 240 936 263 et
949 235 1059 264 eﬂector
1072 237 1161 266 factus
1178 243 1230 271 est,
1244 247 1306 267 cum
1324 240 1428 268 scilicet
1442 241 1560 270 Verbum
1579 247 1698 271 creatam

909 285 936 308 et
955 280 1054 309 factam
1079 290 1188 311 carnem
1206 284 1304 316 induit,
1322 289 1349 312 et
1361 285 1443 313 homo
1459 286 1548 315 factus
1559 293 1611 316 est.
1629 287 1697 316 Nam

909 327 981 355 sicut
996 328 1131 362 homines,
1148 329 1250 365 Spiritu
1266 330 1326 358 Filii
1341 336 1462 367 accepto,
1478 332 1526 361 ﬁlii
1543 341 1592 369 per
1608 334 1697 370 ipsum

909 373 1084 402 efﬁciuntur:
1101 375 1136 403 ita
1149 375 1196 404 Dei
1213 376 1332 404 Verbum
1348 385 1410 405 cum
1425 378 1572 407 humanam
1588 388 1696 408 carnem

910 420 1008 453 induit,
1025 425 1091 449 tunc
1103 427 1131 450 et
1147 423 1233 450 creari
1245 428 1272 451 et
1287 424 1389 452 tantum
1405 433 1467 454 esse
1478 426 1586 454 dicitur.
1605 427 1699 463 Itaque

910 467 934 494 si
958 474 1010 495 nos
1034 475 1132 496 natura
1154 469 1202 496 filii
1225 478 1331 503 sumus,
1358 471 1498 500 fatendum
1525 481 1634 509 quoque
1657 480 1700 502 est

910 512 1028 541 Verbum
1044 520 1143 543 natura
1157 520 1184 543 et
1199 521 1320 544 creatum
1341 523 1368 545 et
1386 517 1488 547 factum
1504 527 1574 548 esse.
1593 520 1646 548 Sed
1671 521 1696 549 si

910 560 1110 596 nosadoptione
1119 566 1224 589 tantum
1238 568 1266 590 et
1280 563 1365 599 gratia
1377 564 1424 592 filii
1438 565 1580 598 efficimur,
1593 566 1698 595 clarum

910 606 1011 640 pariter
1027 612 1069 633 est
1083 605 1202 634 Verbum
1222 613 1332 643 propter
1355 610 1470 646 gratiam
1491 611 1571 640 nobis
1593 612 1699 640 donan~

910 652 972 679 dam
989 651 1088 680 factum
1107 653 1245 682 hominem
1261 655 1373 687 dixisse,
1389 655 1518 684 Dominus
1537 658 1633 685 creauit
1647 666 1696 686 me.

910 697 1011 725 Deinde
1024 699 1243 735 quandoquidem
1251 706 1341 730 creato
1355 709 1469 738 corpore
1481 709 1633 739 assumpto,
1648 712 1698 732 no-

911 745 960 772 stri
980 746 1131 773 secundum
1145 754 1244 782 corpus
1256 747 1449 784 ﬁls'similis
1465 749 1554 778 factus
1568 754 1620 784 est,
1636 751 1698 779 ideo

910 800 964 820 non
984 793 1120 821 immerito
1132 799 1159 822 et
1176 794 1259 822 frater
1274 802 1368 824 noster
1383 801 1411 824 et
1435 797 1634 834 primogenilus
1648 806 1698 834 ap-

909 839 1027 874 pellatus
1041 844 1092 867 est.
1109 838 1176 867 Nam
1194 841 1303 869 tametsi
1329 847 1390 877 post
1415 850 1466 870 nos
1481 843 1564 870 h‘omo
1576 855 1579 858 ν
1590 848 1699 879 propter

913 891 963 911 nos
978 883 1066 912 factus
1083 890 1134 918 est,
1151 893 1182 913 ac
1196 887 1310 921 proinde
1327 887 1411 915 frater
1431 893 1535 921 noster,
1550 889 1585 917 ob
1600 897 1699 926 corpo—

911 929 952 957 ris
966 930 1172 959 similitudinem
1188 941 1195 959 :
1213 939 1305 960 verum
1321 941 1352 961 ea
1366 934 1473 962 ratione
1497 935 1597 963 dicitur
1618 940 1700 964 etest

911 979 1006 1002 noster
1017 975 1224 1012 primogenitus.
1239 983 1376 1013 quatenus
1395 980 1523 1008 omnibus
1541 980 1699 1010 hominibus

911 1021 976 1048 Adae
987 1027 1104 1056 peccato
1113 1022 1235 1058 perditis.
1249 1024 1309 1058 ejus
1328 1032 1403 1058 caro,
1423 1030 1516 1061 utpote
1533 1025 1615 1054 Verbi
1638 1035 1700 1055 cor-

911 1075 962 1103 pus
984 1067 1067 1102 facta,
1091 1070 1179 1104 prima
1202 1070 1324 1098 omnium
1343 1076 1447 1100 servata
1465 1077 1507 1100 est
1521 1078 1548 1100 et
1572 1072 1697 1106 liberata.

911 1113 1027 1150 indeque
1040 1123 1102 1149 nos,
1114 1116 1202 1152 utqui
1215 1124 1278 1144 cum
1292 1116 1382 1145 Verbo
1392 1125 1506 1154 corpore
1521 1127 1618 1148 sumus
1629 1127 1698 1148 con—

908 1159 1007 1194 juncti.
1024 1168 1072 1195 pcr
1089 1160 1160 1188 idem
1173 1161 1233 1196 ejus
1248 1169 1348 1198 corpus
1366 1163 1434 1191 salvi
1447 1163 1589 1192 efﬁcimur.
1608 1165 1636 1192 ln
1652 1165 1698 1194 illo

909 1205 1043 1240 siquidem
1058 1205 1136 1233 nobis
1150 1205 1282 1235 Dominus
1298 1207 1331 1235 ad
1346 1215 1459 1244 regnum
1478 1209 1610 1237 ccelorum
1626 1214 1652 1238 et
1663 1209 1698 1238 ad

909 1254 989 1274 suum
1003 1245 1111 1275 Patrem
1126 1255 1156 1276 se
1171 1248 1266 1276 ducem
1280 1248 1405 1284 praebuit,
1418 1258 1480 1278 cum
1492 1252 1530 1279 ait
1544 1261 1550 1279 :
1567 1251 1624 1287 Ego
1639 1260 1698 1280 sum

910 1292 952 1319 via
969 1296 994 1319 et
1009 1292 1108 1327 janua,
1128 1301 1159 1320 ac
1180 1302 1227 1328 per
1246 1303 1287 1322 me
1308 1303 1398 1323 omnes
1426 1297 1537 1324 introire
1563 1302 1664 1332 oportet
1676 1298 1698 1326 ⁸.

910 1336 1081 1373 Quapropter
1106 1339 1303 1375 primogenitus
1322 1348 1356 1369 cx
1378 1342 1494 1371 mortuis
1515 1343 1623 1376 dicitur,
1643 1351 1698 1371 non

909 1385 981 1419 quod
996 1385 1101 1420 primus
1114 1390 1238 1414 nostrum
1255 1394 1379 1416 mortuus
1392 1393 1444 1423 est,
1459 1397 1510 1418 nos
1526 1390 1599 1418 enim
1621 1391 1698 1425 prius

909 1431 1008 1458 mortui
1021 1431 1160 1461 fueramus
1173 1442 1180 1460 :
1193 1434 1240 1460 sed
1256 1433 1320 1468 quia
1338 1438 1425 1462 morte
1441 1442 1491 1470 pro
1506 1435 1586 1464 nobis
1604 1443 1698 1464 susce-

909 1481 955 1512 pta
966 1481 993 1505 et
1013 1478 1163 1512 destructa,
1189 1478 1306 1513 primus,
1328 1483 1360 1506 ut
1384 1479 1478 1512 homo,
1502 1480 1611 1514 revixit,
1634 1489 1695 1509 cum

909 1530 988 1550 suum
1005 1529 1105 1557 corpus
1124 1530 1173 1558 pro
1187 1523 1265 1551 nobis
1284 1531 1318 1551 ex
1336 1524 1450 1552 mortuis
1469 1524 1606 1552 excitavit.
1628 1524 1698 1554 Hinc

908 1568 981 1595 enim
997 1573 1140 1604 postquam
1156 1569 1254 1596 revixit
1268 1569 1322 1601 ille.
1336 1569 1393 1604 jam
1408 1577 1458 1597 nos
1481 1570 1608 1605 deinceps
1620 1575 1646 1598 et
1661 1572 1696 1599 ab

909 1613 956 1642 illo
968 1618 994 1642 et
1004 1619 1113 1650 propter
1129 1614 1206 1642 illum
1222 1621 1384 1643 revocamur
1396 1623 1505 1652 quoque
1519 1616 1553 1644 ad
1565 1617 1659 1644 vitam.

944 1711 987 1740 62.
1004 1712 1082 1746 Quod
1095 1713 1118 1741 si
1133 1713 1323 1748 primogenitu-
1338 1719 1467 1741 creaturw
1478 1713 1598 1742 dicitur‘
1619 1723 1626 1742 :
1641 1722 1697 1742 non

908 1759 991 1787 veluti
1007 1766 1098 1787 rerum
1124 1764 1277 1787 creatarum
1298 1760 1423 1795 aqualis,
1444 1765 1492 1788 aut
1508 1761 1604 1789 iisdem
1621 1760 1697 1796 prior

910 1810 1040 1840 tempore,
1056 1805 1110 1833 hoc
1121 1806 1273 1841 appellatur
1286 1807 1398 1834 nomine
1426 1806 1491 1842 (qui
1505 1807 1579 1834 enim
1595 1807 1621 1835 id
1638 1807 1696 1834 fleri

909 1857 1010 1886 posset,
1021 1859 1084 1879 cum
1096 1851 1154 1887 ipse
1166 1852 1201 1879 sit
1210 1851 1412 1889 Unigenitus?):
1422 1852 1469 1881 sed
1481 1853 1517 1881 ob
1531 1853 1697 1889 singularem

909 1896 991 1925 Verbi
1016 1905 1080 1934 erga
1105 1906 1149 1926 res
1170 1899 1490 1935 creatasvbenignitatem
1504 1920 1511 1932 .
1535 1907 1590 1935 qua
1614 1899 1696 1927 etiam

909 1944 1056 1971 multorum
1070 1943 1158 1972 factus
1170 1950 1212 1972 est
1224 1945 1317 1973 frater.
1335 1945 1474 1981 Siquidem
1495 1946 1519 1973 is
1540 1946 1697 1981 unigenitus

909 1990 1020 2023 dicitur,
1034 1990 1078 2018 cui
1094 1991 1162 2018 nulli
1176 1991 1222 2018 alii
1237 1996 1302 2020 sunt
1316 1992 1412 2020 fratres
1425 2002 1431 2020 :
1446 1992 1469 2020 is
1490 1996 1581 2020 autem
1597 1991 1698 2020 dicitur

909 2037 1120 2072 primogenitus,
1136 2038 1180 2065 cui
1205 2038 1251 2065 alii
1268 2043 1333 2066 sunt
1347 2039 1455 2067 fratres.
1481 2038 1550 2067 Hinc
1572 2039 1647 2067 nullo
1668 2039 1697 2068 in

909 2081 972 2109 loco
996 2082 1200 2117 Scripturarum
1225 2084 1323 2118 legitur
1341 2085 1530 2120 primogenita:
1553 2084 1624 2118 Dei,
1650 2090 1698 2113 aut

909 2134 1030 2157 creatura
1041 2129 1160 2158 Dei:sed
1170 2131 1232 2162 ista,
1244 2130 1409 2166 Unigenittu,
1418 2131 1516 2165 Filius,
1530 2131 1696 2167 Verbum,et,

910 2174 1057 2210 Sapientia,
1072 2176 1105 2203 ad
1120 2175 1227 2204 Patrem
1243 2176 1406 2210 referuntur,
1421 2177 1454 2205 ad
1470 2185 1551 2213 quem
1564 2182 1696 2214 tanquam

73 2211 89 2236 ὁ
99 2211 199 2246 Λόγος,
215 2214 272 2246 καὶ,
289 2214 308 2248 ἡ
325 2216 430 2250 Σοφία,
444 2217 484 2249 εἰς
500 2218 545 2245 τὸν
562 2219 672 2256 Πατέρα
689 2222 738 2258 τὴν
755 2223 856 2258 ἀναφο-

911 2221 983 2256 quid.
987 2222 1127 2257 proprium
1135 2222 1270 2257 pertinent
1294 2222 1413 2263 Vidimus
1421 2211 1493 2251 enim
1501 2224 1615 2260 gloriam
1621 2211 1695 2260 ejus,

74 2257 122 2306 ραν
139 2258 193 2294 ἔχει
214 2260 262 2287 καὶ
280 2260 329 2296 τὴν
353 2261 471 2298 ἰδιότητα
486 2264 557 2300 (25)·
579 2267 778 2303 Ἐθεασάμεθα
800 2257 854 2306 γὰρ

911 2270 1018 2304 ptoriam
1024 2270 1100 2304 quasi
1109 2269 1263 2305 Um'genitia
1272 2268 1379 2297 Patre':
1386 2257 1510 2301 ELMisit
1518 2270 1587 2298 Deus
1596 2257 1697 2297 Filium

73 2302 128 2337 τὴν
139 2304 229 2337 δόξαν
240 2307 344 2339 αὑτοῦ,
358 2307 452 2341 δόξαν
462 2310 501 2343 ὡς
508 2302 786 2349 Μιηογενοῦςγπαρὰ

911 2302 985 2343 tuum
1003 2302 1170 2351 unigenitum
1179 2316 1200 2342 '.
1213 2315 1246 2342 Et
1260 2325 1267 2343 :
1284 2314 1317 2342 In
1331 2316 1468 2348 uecufum,
1491 2315 1613 2348 Domine,
1634 2314 1698 2342 Ver-

75 2350 138 2383 τρός
146 2359 152 2365 ·
169 2353 224 2385 καὶ,
243 2353 430 2381 Ἀπέστειλεν
443 2357 459 2382 ό
471 2357 542 2390 Θεὸς
551 2358 604 2385 τὸν
616 2359 684 2386 Υὶὸν
698 2360 791 2387 αὐτοῦ
803 2361 856 2388 τὸν

911 2362 971 2390 bum
994 2366 1068 2388 tuum
1092 2366 1227 2397 permanet
1238 2362 1259 2389 ⁷.
1278 2361 1331 2390 Et:
1360 2361 1392 2389 In
1407 2362 1535 2397 principio
1553 2367 1610 2388 erat
1633 2361 1697 2389 Ver-

75 2396 237 2433 Μονοτενῆ·
254 2401 311 2433 καὶ,
327 2402 381 2435 Et;-
400 2402 454 2428 τὸν
471 2402 576 2436 αἰῶνα,
601 2405 699 2440 Κύριε,
722 2408 738 2433 ὁ
761 2407 856 2443 Λόγος

911 2409 981 2440 bum,
994 2412 1018 2435 et
1036 2407 1145 2435 Verbum
1159 2412 1216 2435 erat
1230 2408 1301 2442 apud
1315 2407 1399 2435 Deum
1407 2396 1431 2434 7'.
1446 2406 1494 2434 Et:
1509 2406 1631 2434 Christus
1647 2407 1697 2435 Dei

107 2486 117 2501 ³
130 2486 316 2524 Joan.x|v,6;
335 2500 361 2527 ι,
377 2493 403 2527 7,
420 2495 447 2522 Ι.
461 2495 472 2511 ⁸
488 2496 595 2524 Coloss.
611 2505 630 2530 ι,
646 2497 688 2525 l5.
723 2498 820 2526 'Joan.
835 2507 853 2532 I,

951 2499 962 2515 ⁸
975 2499 984 2527 f
997 2499 1076 2528 Joan.
1093 2508 1130 2534 IV,
1143 2499 1179 2527 9a
1202 2499 1212 2516 '
1230 2499 1302 2528 Psal.
1319 2507 1415 2533 oxvrn.
1437 2499 1483 2528 89.
1519 2498 1616 2528 'Joan.
1630 2509 1650 2535 ι,
1669 2501 1694 2529 Ι.

107 2602 160 2638 (16)
180 2603 350 2640 Seguerian.,
362 2609 479 2644 φανερὸν
493 2609 543 2637 ὅτι.

107 2649 161 2684 (17)
178 2650 228 2688 Sic
237 2651 394 2688 Seguerian.
406 2654 561 2682 Goblerian.
577 2655 648 2684 Felc.
673 2657 683 2684 1
719 2661 746 2684 et
758 2657 784 2685 ι.
800 2657 853 2685 Alii

76 2691 135 2712 vero
150 2690 177 2713 et
188 2687 262 2720 editi,
276 2687 355 2724 σῶμα
370 2689 460 2722 τοῦτο,
477 2691 598 2723 εἰκότως.

102 2728 163 2771 με)
242 2732 400 2771 δεειιετὶεην.
430 2734 496 2770 Reg.
512 2735 668 2764 Goblerian.
691 2737 762 2765 Felc.
780 2738 805 2765 1.
820 2738 855 2766 At

79 2764 117 2790 alii
131 2770 157 2792 et
168 2765 232 2793 editi
243 2764 371 2795 animum
382 2770 416 2797 δι’
431 2764 514 2806 me...

109 2809 331 2855 Seguerian.
347 2813 411 2850 Reg.
430 2819 456 2844 ct
474 2815 544 2846 Felc.
558 2818 586 2851 ι,
608 2818 788 2855 πρωτότοκος.
796 2820 855 2848 Cac-

79 2845 123 2871 teri
142 2850 167 2873 et
183 2847 256 2881 editi,
268 2848 385 2884 πρῶτος.

942 2613 998 2649 (20)
1015 2613 1185 2649 Seguerian.,
1197 2615 1314 2651 πρῶτον.
1329 2613 1382 2642 Alii
1393 2619 1420 2642 et
1434 2614 1510 2647 editi,
1526 2615 1643 2652 πρῶτος.

943 2659 998 2696 (2t)
1018 2659 1063 2687 Sic
1075 2659 1233 2695 Seguerian.
1249 2660 1316 2696 Reg.
1331 2660 1488 2689 Goblerian.
1502 2660 1577 2690 Felc.
1593 2661 1606 2689 Ι
1625 2666 1652 2690 et
1668 2661 1695 2689 5.

907 2693 936 2722 In
948 2693 1013 2723 aliis
1027 2700 1054 2722 et
1069 2693 1149 2723 editis
1161 2696 1207 2723 καί
1222 2693 1307 2724 deest.

943 2741 1000 2777 (22,
1015 2740 1050 2768 Se
1069 2742 1187 2774 uerian.,
1216 2741 1338 2774 πολλοὺς.
1358 2742 1444 2770 Paulo
1496 2748 1521 2772 st
1536 2744 1619 2780 idem,
1641 2744 1698 2772 τῶν

943 2776 1021 2806 αφῶν
1035 2750 1153 2806 λέγεται.
1167 2777 1227 2804 Mox
1239 2777 1322 2806 idem.
1333 2778 1442 2806 κτίσμα-
1449 2751 1527 2806 ἐξ)νῇ

908 2776 1021 2812 γραφῶν
1035 2776 1153 2811 λέγεται.
1167 2777 1227 2804 Mox
1239 2777 1322 2811 idem,
1333 2778 1442 2814 κτίσμα·
1449 2776 1527 2806 Θεοῦ.

946 2823 1003 2858 (2'5)
1020 2822 1187 2857 Basiliensis,
1202 2823 1350 2860 ἀῖδιότητα.
