1941 3037
84 117 131 145 285

636 123 764 152 ORATIO
782 125 803 152 ll
822 125 962 153 CONTRA
980 126 1142 155 ARIANOS.

1645 128 1698 156 286

114 177 154 204 65;
176 177 233 212 Τῆς
244 178 371 214 ἀληθείας
389 181 478 208 τοίνυν
492 182 618 219 Getam];
643 183 679 218 μὴ
701 181 771 210 εἶναι
792 184 855 211 κατὰ

949 185 994 213 65.
1010 186 1078 213 Cum
1092 186 1174 221 igitur
1191 194 1249 222 ipsa
1264 187 1383 215 declaret
1404 187 1500 215 veritas
1514 186 1632 215 Verbum
1649 196 1698 215 na-

84 223 157 258 φύσιν
176 225 277 260 κτίσμα
292 225 337 252 τὸν
360 227 454 260 Λόγον,
481 228 625 255 ἀκόλουθον
644 229 735 256 λοιπὸν
762 231 858 263 εἰπεῖν,

83 270 137 302 πῶς
161 270 207 297 καὶ
230 271 299 307 ἀρχὴ
324 271 378 298 τῶν
399 272 466 299 ὁδῶν
490 273 607 310 εἴρηται.
631 275 740 311 Ἐπειδὴ
765 276 820 312 γὰρ
843 277 860 312 ἡ

83 315 170 352 πρώτη
186 317 201 352 ἡ
224 316 266 343 διὰ
280 317 327 344 τοῦ
342 318 428 354 ’Δδὰμ
450 319 508 351 ὁδὸς
525 320 660 353 ἀπώλετο,
671 322 718 348 καὶ
737 322 797 349 ἀντὶ
812 322 860 349 τοῦ

82 362 237 397 παραδείσου
266 362 441 400 ἑξεκλίναμεν
471 367 511 398 είς
542 366 587 393 τὸν
615 368 729 395 Θάνατον
747 388 754 400 ,
776 369 860 403 ἠκού-

83 407 163 442 σαμέν
184 416 219 435 τε,
232 428 240 440 ,
263 408 310 443 Γῆ
336 407 382 441 εἴ,
401 411 450 438 καὶ
471 413 515 445 είς
531 412 590 447 γῆν
615 414 771 448 ἀπελεύσῃ
784 434 791 446 ,
816 414 860 441 διὰ

81 452 152 478 τοῦτο
182 455 196 480 ὁ
228 455 418 491 φιλάνθρωπος
448 458 495 485 τοῦ
522 458 589 485 Θεοῦ
621 460 708 494 Λόγος
735 460 860 496 βουλήσει

80 499 123 526 τοῦ
146 500 253 536 Πατρδς
279 502 461 530 ὲνδιδύσκεται
492 505 540 541 τὴν
567 506 722 534 κτισθεῖσαν
752 507 858 543 σάρκα,

81 546 119 572 ἵνα
143 547 173 582 ἣν
201 547 352 584 ἐνέκρωσεν
385 551 400 576 ὁ
437 551 544 587 πρῶτος
569 552 712 588 ἄνθρωπος
739 553 782 580 διὰ
810 554 860 589 τῆς

83 592 260 627 παραϐάσεως
282 615 289 626 ,
320 595 424 632 ταύτην
453 598 534 630 αὐτὸς
565 599 594 625 ἐν
623 599 662 635 τῷ
691 600 787 636 αἵματι
813 600 859 627 τοῦ

82 638 141 665 ίδίου
156 638 281 675 σώματος
296 640 461 679 ζωοποιήσῃ,
480 644 527 670 καὶ
541 645 682 681 ὲγκαινίσῃ
700 646 771 680 ἡμῖν
786 646 860 674 ὁδὸν

79 684 247 718 πρόσφατον
256 686 304 712 καὶ
314 685 421 719 ζῶσαν,
432 687 469 720 ὡς
477 689 587 724 ιῑρηκεν
597 691 611 716 ὁ
626 691 783 724 ’Λπόστολος
792 692 858 727 (56),

79 727 124 754 διὰ
135 729 187 756 τοῦ
201 730 478 766 καταπετάσματος,
492 734 616 760 τουτέστι
635 735 680 762 διὰ
693 737 742 771 τῆς
758 737 860 772 σαρκὸς

79 774 164 802 αὑτοῦ.
183 776 273 812 Ὅπερ
291 778 337 804 καὶ
351 779 378 804 ὲν
392 779 478 814 ἑτέρῳ
496 780 646 815 σημαίνων,
665 782 756 816 φησίν·
772 784 860 810 Ὥστε

77 820 104 845 el
123 828 165 853 τις
180 821 215 848 ἐν
238 822 355 856 Χριστῷ
371 824 460 859 καινὴ
482 825 591 858 κτίσις,
609 826 646 853 τὰ
673 827 728 862 (57)
751 828 860 863 ἀρχαῖα

77 865 234 900 παρῆλθεν,
257 868 321 896 ὶὸοὺ
344 869 446 904 γέχυνε
475 871 512 898 τὰ
533 873 631 899 πάντα
655 874 754 900 καινά.
778 875 810 901 El
830 875 859 902 δὲ
876 866 896 893 Β

79 911 151 947 καινὴ
167 913 256 945 κτίσις
270 914 391 949 γέγονεν,
409 916 463 943 ἔδει
477 917 579 953 ταύτης
596 919 646 954 τῆς
660 920 773 952 κτίσεως
785 921 860 957 πρῶα

78 957 119 985 τόν
131 967 188 985 τινα
202 958 275 987 εἶναι
288 970 294 976 ·
320 961 462 998 ἄνθρωπος
477 964 526 1000 μὲν
544 962 589 992 οὖν
611 965 688 1000 ψιλὸς
716 967 763 993 καὶ
780 968 858 1002 μόνον

78 1004 170 1039 χοῖκδς,
191 1004 242 1033 οἷοι
267 1007 419 1044 γεγόναμεν
432 1010 512 1045 ἡμεῖς
527 1012 559 1037 ἐκ
584 1011 633 1046 τῆς
657 1013 857 1047 παραόάσεως,

77 1050 122 1076 οὐκ
137 1050 253 1085 ἠδύνατο
270 1051 350 1080 εἶναι.
362 1054 416 1081 Καὶ
433 1055 488 1090 γὰρ
502 1057 550 1083 καὶ
564 1057 593 1083 ὲν
609 1058 641 1092 τῇ
658 1057 753 1095 πρώτῃ
769 1059 856 1086 κτίσει

77 1095 178 1123 ἄπιστοι
194 1098 340 1132 γεγόνασιν
362 1100 386 1126 οί
400 1100 550 1137 ἄνθρωποι,
565 1103 611 1129 καὶ
625 1103 658 1130 δι’
674 1104 762 1131 αὐτῶν
783 1105 855 1132 ἀπώ-

77 1140 160 1178 λετοὴ
178 1143 291 1180 πρώτη·
316 1145 395 1182 χρεία
409 1146 437 1173 δὲ
459 1145 493 1183 ἦν
516 1148 596 1175 ἄλλου
617 1149 664 1176 τοῦ
684 1151 858 1184 ἀνανεοῦντος

75 1189 119 1214 καὶ
138 1189 185 1224 τὴν
209 1190 333 1226 πρώτην,
359 1193 406 1219 καὶ
419 1193 469 1228 τὴν
486 1194 581 1230 καινὴν
603 1197 752 1232 γενομένην
765 1197 858 1234 διατη-

76 1234 187 1269 ροῦντος.
203 1236 311 1263 υὺκοῦν
326 1238 524 1274 φιλανθρώπως
543 1241 598 1276 (58)
612 1243 661 1278 οὐχ
678 1243 770 1279 ἕτερός
794 1253 836 1276 τις
848 1264 856 1277 ,

76 1281 128 1307 ἀλλ’
142 1283 156 1308 ὸ
170 1281 291 1316 Κύριος,
314 1284 384 1319 ἀρχὴ
409 1285 458 1320 τῆς
477 1287 573 1322 καινῆς
597 1288 712 1320 κτίσεως
736 1290 857 1322 κτίζεται

75 1327 138 1360 ὁδὸς,
151 1328 198 1355 καὶ¹
211 1329 327 1362 είκότως
341 1331 414 1365 λέγει
428 1340 435 1346 ·
455 1333 564 1366 Κύριος
580 1333 686 1362 ἐκτισέ-
698 1344 737 1369 με
758 1336 857 1370 ἀρχὴν

75 1373 147 1400 ὁδῶν
166 1376 263 1403 αὐτοῦ
286 1378 329 1410 είς
346 1378 418 1412 ἔργα
429 1379 522 1406 αὑτοῦ
534 1379 601 1415 (59),
612 1381 656 1407 ἴνα
672 1381 769 1416 μηκέτι
785 1383 856 1410 κατὰ

75 1419 121 1455 τὴν
134 1420 242 1458 πρώτην
262 1423 368 1459 ἐκείνην
389 1425 404 1450 ὁ
424 1425 566 1461 ἄνθρωπος
582 1426 772 1462 πολιτεύηται,
795 1428 853 1455 ἀλλ’

75 1467 110 1498 ὡς
129 1468 213 1504 ἀρχῆς
235 1468 323 1504 οὔσης
344 1471 440 1506 καινῆς
464 1472 589 1505 κτίσεως,
608 1473 717 1500 καὶτὸν
739 1475 855 1510 Χριστὸν

76 1511 174 1563 ἔχοντες
190 1513 244 1549 (60)
264 1514 364 1550 ταύτης
380 1516 466 1551 ἀρχὴν
484 1516 563 1550 ὁδῶν,
579 1517 666 1553 τούτῳ
683 1519 775 1546 λοιπὸν
792 1520 856 1547 ἀκο-
870 1534 891 1563 c

75 1557 206 1594 λουθῶμεν
219 1561 328 1594 λέγοντι
339 1570 345 1576 ·
369 1561 440 1596 Ἐγώ
455 1563 512 1597 ειμι
525 1564 544 1596 ἡ
561 1563 641 1597 ὁδός.
655 1565 740 1592 Τοῦτο
750 1565 803 1601 γὰρ
815 1566 854 1593 δι-

75 1603 172 1632 Ξωυιιων
188 1607 234 1633 καὶ
250 1607 269 1633 ὁ
287 1607 419 1643 μακάριος
434 1609 488 1645 (61)
513 1609 674 1642 Ἀπὸστολος
692 1611 721 1637 ὲν
736 1612 770 1647 τῇ
787 1612 855 1648 πρὸς

75 1650 242 1685 Κολοσσαεῖς,
272 1652 365 1687 ἔλεγεν
377 1662 385 1669 ·
407 1655 504 1687 Αὐτός
520 1655 606 1682 ἐστιν
627 1656 647 1690 ἡ
666 1657 784 1692 κεφαλὴ
800 1657 854 1685 τοῦ

75 1695 202 1730 σώματος
224 1697 285 1732 τῆς
304 1698 499 1733 Ἐκκλησίας,
522 1700 556 1734 ὂς
572 1701 658 1728 ἐστιν
677 1702 756 1737 ἀρχὴ
779 1711 857 1737 πρω-

73 1741 186 1776 τότοκος
209 1743 245 1770 ἐκ
272 1743 332 1770 τῶν
357 1744 481 1779 νεκρῶν,
500 1746 550 1773 ἵνα
562 1746 683 1782 γένηται
703 1747 856 1784 ὲνίπᾶσιν

74 1787 156 1820 αὐτὸς
171 1790 340 1823 πρωτεύων.

105 1843 146 1872 66.
162 1845 193 1872 Εἰ
209 1846 275 1881 γὰρ,
288 1846 416 1882 καθάπερ
432 1847 550 1883 εἴρηται,
569 1849 613 1876 διὰ
628 1844 678 1885 τὴν
702 1851 735 1877 ὲκ
749 1844 854 1886 νεκρῶν

76 1889 210 1917 ἀνάστασιν
225 1891 282 1928 (62)
303 1891 410 1926 λέγεται
424 1894 472 1920 καὶ
488 1893 534 1921 διὰ
551 1894 654 1930 ταύτην
672 1896 752 1928 αὐτὸς
771 1897 853 1932 ἀρχὴ,

75 1934 128 1961 τότε
143 1936 170 1963 δὲ
185 1936 300 1971 γέγονεν
314 1938 473 1971 ἀνάστασις,
489 1933 534 1966 δτέ
546 1941 594 1976 τὴν
608 1941 745 1978 ἡμετέραν
763 1943 854 1978 σάρκα

77 1981 156 2016 γερῶν
167 1982 284 2010 δέδωκεν
306 1984 401 2010 ἑαυτὸν
417 1985 488 2021 ὑπὲρ
505 1986 586 2021 ἡμῶν
599 1986 638 2022 τῷ
658 1986 765 2023 θανάτῳ
776 1996 782 2002 ·
800 1996 853 2023 φα-

76 2027 143 2062 νερὰν
153 2028 184 2054 ἂν
195 2029 249 2064 εἴη,
261 2029 304 2056 ὅτι
316 2030 363 2056 καὶ
374 2030 404 2056 τὸ
416 2030 560 2066 λεγόμενον
572 2032 617 2059 ὑπ’
629 2033 722 2065 αὑτοῦ,
733 2033 854 2061 Ἕκτισέ

74 2079 107 2105 ιω
126 2072 219 2108 ἀρχὴν
246 2074 327 2102 ὁδῶν
354 2075 421 2111 (65),
441 2077 472 2103 οὐ
487 2077 538 2113 τῆς
559 2078 653 2110 οὐσίας
675 2078 767 2112 αὐτοῦ,
786 2079 854 2107 ἀλλὰ

77 2117 120 2152 τῆς
141 2120 299 2156 ὲνσωμάτου
323 2123 475 2157 παρουσίας
499 2123 582 2150 αὑτοῦ
605 2125 771 2160 σημαντικόν
785 2127 852 2153 ἐστι.

914 237 975 259 tura
993 240 1046 259 non
1061 239 1122 259 esse
1137 237 1268 266 creatum,
1282 240 1453 267 consequens
1467 238 1508 260 εει
1529 238 1559 260 ut
1580 233 1636 268 jam
1649 241 1695 260 ex-

910 277 1053 311 plicemus,
1066 285 1152 312 quare
1165 278 1328 313 principium
1342 278 1447 305 viarum
1461 279 1623 313 appellatum
1638 279 1694 306 fue-

912 323 956 351 rit.
969 322 1069 358 Nempe
1079 323 1208 358 quoniam
1218 325 1333 358 perierat
1341 324 1426 358 prima
1438 332 1484 359 per
1492 324 1626 351 Adamum
1640 325 1695 358 via,

911 377 961 396 nec
974 369 1090 404 amplius
1108 370 1134 396 in
1148 370 1305 404 paradisum
1321 370 1508 402 tendebamus,
1523 371 1569 398 sed
1578 371 1611 398 ad
1620 379 1695 399 mor-

913 419 966 442 tem
981 415 1179 443 deﬂexeramus
1193 416 1436 452 audieramusque,
1452 416 1533 444 Terra
1555 425 1592 450 et,
1618 422 1642 444 et
1667 419 1696 444 in

911 465 1011 488 terram
1034 462 1170 488 reverteris
1196 463 1236 495 ",
1259 462 1360 490 idcirco
1382 463 1622 491 clementissimum
1648 463 1696 491 Dei

912 506 1044 539 Verbum,
1057 507 1165 535 volente
1178 507 1268 540 Patre,
1286 513 1405 535 creatam
1422 517 1531 536 carnem
1549 509 1647 541 induit,
1666 513 1696 536 ut

911 561 995 588 quam
1010 552 1116 587 primus
1133 553 1226 586 homo,
1242 553 1342 581 violata
1357 554 1433 589 lege,
1454 559 1541 581 morte
1557 554 1694 586 aﬂ‘ecerat,

911 599 1010 631 eidem,
1021 598 1103 635 422
1115 599 1157 626 sui
1170 600 1293 634 corporis
1307 600 1449 634 sanguine.
1463 600 1546 627 vitam
1561 601 1694 632 redderet.

912 645 1037 679 nobisque
1050 646 1119 671 vium
1131 653 1224 672 novam
1238 650 1262 672 el
1273 646 1399 672 virentem
1415 654 1461 681 per
1478 646 1604 679 velamen,
1617 651 1646 673 ut
1656 647 1695 674 ait

910 690 1059 725 Apostolus
1081 690 1116 724 “,
1141 690 1166 717 id
1184 695 1235 724 est,
1251 698 1298 726 per
1318 699 1429 719 carnem
1450 699 1527 719 suam
1543 693 1694 720 innovaret.

912 736 990 769 Quod
1015 736 1086 764 idem
1112 736 1176 764 alibi
1194 737 1238 764 his
1251 737 1341 764 verbis
1360 737 1515 772 signiﬁcat,
1545 737 1575 765 Si
1592 746 1644 773 qua
1667 738 1695 764 in

912 782 1017 809 Christo
1029 790 1094 808 nova
1108 786 1242 814 creatura,
1256 786 1340 809 uetera
1352 783 1525 816 transierunt,
1537 791 1595 810 ecce
1606 784 1695 810 omnia

912 837 978 855 nova
999 828 1070 862 facta
1089 832 1150 854 sunt
1164 827 1229 855 ".Si
1243 836 1324 862 porro
1338 835 1407 855 nova
1419 833 1543 856 creatura
1556 827 1626 855 facta
1641 833 1693 861 est,

911 882 976 902 sane
994 875 1064 901 inter
1078 881 1163 901 novas
1175 873 1225 901 has
1242 881 1286 902 res
1313 879 1420 901 creatas
1440 874 1556 908 primum
1575 875 1694 909 aliquem

909 927 971 947 esse
996 920 1118 954 oportuit
1134 928 1141 947 :
1162 919 1239 954 atqui
1258 927 1350 947 merus
1368 920 1451 947 homo
1465 924 1493 947 et
1507 921 1697 947 tantummodo

910 966 1058 999 terrestris,
1074 966 1170 1001 quales
1188 974 1238 993 nos
1251 970 1312 1001 post
1328 966 1457 993 violatam
1474 966 1560 1001 legem
1577 965 1641 993 facti
1652 973 1696 993 su-

909 1019 981 1044 mus,
1003 1012 1027 1040 is
1046 1019 1107 1039 esse
1123 1019 1178 1039 non
1197 1016 1314 1046 poterat.
1330 1010 1454 1047 Namque
1475 1012 1502 1039 in
1517 1013 1605 1047 prima
1618 1020 1695 1040 crea-

908 1058 982 1085 tione
997 1058 1118 1086 inlideles
1135 1057 1200 1085 facti
1215 1062 1279 1085 sunt
1291 1058 1427 1090 homines,
1440 1066 1472 1086 ac
1482 1066 1530 1093 per
1546 1066 1594 1086 eos
1606 1059 1694 1094 prima

908 1104 953 1132 illa
970 1105 1049 1139 periit
1068 1109 1211 1136 creatura,
1230 1109 1257 1132 et
1277 1105 1391 1139 proinde
1408 1112 1476 1139 opus
1497 1105 1552 1132 alio
1573 1110 1632 1132 erat
1647 1105 1695 1140 qui

907 1157 935 1179 et
951 1152 1067 1186 primam
1084 1157 1240 1182 renovaret,
1260 1155 1287 1178 et
1308 1157 1405 1178 novam
1426 1150 1525 1178 factam
1549 1158 1696 1178 6011881·νῦ-

907 1203 958 1226 ret.
975 1198 1068 1234 Itaque
1083 1207 1137 1226 non
1150 1199 1250 1234 aliquis
1265 1198 1346 1231 alius,
1360 1198 1408 1226 sed
1423 1197 1553 1225 Dominus
1566 1197 1635 1224 mira
1646 1197 1696 1225 be-

907 1244 1039 1279 nignitate
1062 1245 1227 1280 principium
1256 1252 1335 1272 nova:
1355 1248 1488 1272 creaturae
1516 1248 1625 1271 creatur
1639 1243 1693 1276 via,

908 1290 979 1317 unde
991 1290 1054 1325 jure
1073 1292 1170 1319 merito
1195 1291 1243 1324 ait,
1268 1290 1397 1317 Dominus
1417 1290 1514 1317 creavit
1539 1298 1580 1317 me
1594 1290 1696 1324 princi-

906 1336 990 1370 pium-
1003 1336 1106 1362 viarum
1127 1343 1238 1362 suarum
1254 1336 1282 1362 in
1297 1343 1377 1370 opera
1394 1343 1444 1362 sua
1461 1334 1494 1366 ³⁸,
1518 1338 1548 1362 ιιι
1569 1342 1622 1361 non
1636 1333 1694 1369 jam

907 1382 1056 1410 secundum
1069 1383 1185 1417 priorem
1202 1383 1274 1410 illam
1298 1382 1372 1409 vivat
1403 1381 1495 1413 homo,
1510 1380 1557 1408 sed
1575 1385 1604 1407 ut
1618 1380 1693 1408 exsi-

907 1433 995 1456 stente
1015 1429 1071 1464 jam
1095 1429 1228 1464 principio
1248 1436 1326 1456 novae
1346 1433 1487 1460 creaturae,
1499 1427 1694 1461 Christumque

906 1475 966 1510 ejus
981 1475 1088 1503 viarum
1102 1475 1268 1510 principium
1286 1475 1433 1507 habentes,
1454 1474 1542 1508 ipsum
1562 1473 1691 1507 deinceps

907 1527 1054 1555 sequamur
1069 1520 1221 1548 dicentem:
1243 1519 1299 1554 Ego
1315 1527 1373 1546 sum
1394 1519 1436 1545 uia
1458 1518 1491 1544 ".
1509 1517 1536 1544 Id
1556 1518 1613 1552 ipse
1631 1517 1694 1544 bea-

909 1572 952 1595 tus
977 1567 1121 1602 Apostolus
1139 1566 1259 1600 Epistula
1280 1565 1314 1592 ad
1335 1564 1513 1592 Colossenses
1538 1564 1582 1590 his
1600 1563 1691 1590 verbis

907 1614 1004 1642 docet:
1020 1613 1080 1648 Ipse
1094 1617 1132 1640 est
1143 1616 1220 1647 caput
1231 1612 1348 1646 corporis
1363 1610 1500 1643 Ecclesiae,
1511 1609 1556 1644 qui
1566 1613 1606 1636 est
1617 1609 1693 1643 prin-

907 1661 1016 1695 cipium,
1031 1659 1220 1694 primogenita;
1234 1665 1267 1684 ex
1279 1657 1402 1690 mortuis,
1419 1661 1448 1683 ut
1471 1656 1505 1683 sit
1524 1656 1551 1682 in
1571 1656 1691 1682 omnibus

906 1708 961 1742 ipse
974 1706 1118 1741 primatum
1132 1709 1219 1732 tenent
1237 1704 1270 1734 λ’.

942 1847 986 1876 66.
1009 1847 1132 1883 Namque
1154 1847 1187 1880 si,
1210 1846 1251 1874 uti
1271 1846 1376 1874 dictum
1392 1850 1443 1878 est,
1458 1845 1494 1873 ob
1512 1844 1692 1872 resurrectio—

906 1903 968 1923 nem
992 1902 1024 1922 ex
1045 1893 1161 1921 mortuis
1179 1893 1237 1928 ipse
1259 1892 1423 1927 principium
1439 1891 1605 1926 appellatur:
1626 1896 1692 1918 tunc

905 1944 996 1968 autem
1018 1938 1091 1966 facta
1105 1942 1146 1966 est
1168 1937 1353 1970 resurrectio,
1376 1944 1438 1964 cum
1460 1940 1555 1964 nostra
1579 1936 1692 1962 indutus

907 1995 988 2015 carne
1012 1994 1042 2014 se
1068 1987 1126 2021 ipse
1142 1993 1191 2021 pro
1217 1985 1297 2012 nobis
1321 1984 1404 2017 morti
1430 1983 1557 2010 tradidit:
1580 1982 1690 2016 planqu

907 2033 1001 2068 utique
1023 2033 1106 2060 fuerit
1122 2032 1165 2060 his
1186 2032 1246 2066 ejus
1261 2031 1352 2059 verbis
1364 2050 1372 2063 ,
1390 2029 1520 2057 Dominus
1536 2029 1634 2055 creauit
1650 2035 1691 2054 me

906 2081 1014 2108 initium
1030 2080 1154 2112 viarum,
1181 2086 1235 2106 non
1263 2077 1350 2112 ipsius
1370 2080 1495 2104 naturam
1519 2075 1564 2103 sed
1593 2082 1691 2109 corpo-

907 2135 985 2155 reum
1009 2127 1155 2154 adventrum
1178 2123 1336 2160 signiﬁcari.
1363 2122 1436 2150 Mors
1452 2122 1525 2149 enim
1554 2121 1614 2156 ejus
1639 2120 1692 2147 fuit

77 2163 123 2191 Τοῦ
133 2166 184 2203 γὰρ
198 2167 323 2204 σώματος
337 2169 402 2197 ἴδιον
414 2170 468 2207 (64)
480 2169 514 2207 ἦν
524 2172 538 2198 ὁ
552 2171 666 2204 θάνατος
675 2181 682 2188 ⁶
699 2174 746 2200 καὶ
761 2173 855 2210 ὥσπερ

911 2172 1019 2208 propria
1035 2172 1171 2207 corporis,
1188 2178 1220 2198 ac
1240 2169 1354 2206 proinde
1369 2167 1600 2204 quemadmodum
1617 2174 1691 2194 mors

105 2244 126 2261 “
138 2245 232 2283 Genes.
250 2256 293 2282 ιιι,
311 2248 355 2277 19.
393 2251 416 2266 ἰ
429 2249 510 2278 Hebr.
529 2259 557 2283 ι,
584 2251 630 2278 20.

76 2279 133 2309 loss.
144 2289 162 2315 ι,
177 2282 220 2309 18.

73 2357 240 2421 gigas-.2»;
256 2361 377 2396 ὄψονται.
406 2362 434 2390 In
447 2360 567 2389 Felckm.
596 2361 623 2394 ι,
645 2361 722 2390 deest
748 2367 852 2390 tantum

77 2401 114 2418 εον
127 2401 188 2421 υτον
193 2417 198 2423 .

106 2428 157 2464 (56)
174 2431 355 2459 anlerianus
368 2436 395 2459 et
403 2432 558 2459 Felckman.
584 2432 610 2463 1,
627 2432 753 2459 omittunt
767 2433 805 2465 ὼς
816 2434 853 2460 εἵ-

74 2471 149 2524 ρὲκεν
162 2467 176 2491 ὁ
194 2467 371 2507 ῖΑπόςτρλος.
385 2467 446 2494 Mox
474 2468 556 2499 idem,
581 2471 607 2494 et
623 2467 783 2502 Seguerian.
802 2469 851 2495 ha-

105 2503 131 2524 nt
149 2501 270 2524 τουτέστι
283 2510 332 2524 τῇς
346 2503 455 2524 σαηγιςτι.

105 2501 270 2538 ξιξ-τομτέστι
283 2502 332 2536 τῆς
346 2503 456 2538 σαρκός.

107 2533 156 2570 (57)
171 2536 216 2563 Sic
228 2544 293 2564 mss.
308 2533 341 2564 Ᾱι
355 2533 492 2571 θιίίιῑίκαὶ
509 2538 554 2571 τά,
570 2542 624 2565 etc.
641 2536 699 2564 Mox
718 2537 751 2564 τὰ
763 2538 851 2565 πάντα

75 2567 191 2612 deest'in
215 2571 328 2607 Seguer.
357 2567 429 2600 Ibid;
450 2567 607 2601 Felckn'ian.
637 2573 664 2605 5,
693 2574 717 2599 εἰ
744 2573 773 2599 δὲ
804 2575 851 2600 καὶ

75 2611 156 2631 καινα.

109 2638 162 2671 (58)
177 2640 222 2668 Sic
242 2641 436 2674 Seanerianus,
451 2642 608 2670 Goblerian.
625 2642 780 2670 Felckman.
796 2643 806 2669 1
825 2648 851 2671 et

75 2671 98 2698 1.
110 2674 217 2712 ᾼιβᾳῐιί
231 2681 257 2703 et
274 2678 328 2707 alii.
345 2671 472 2704 Οὐκοῧνὸ
486 2678 683 2712 φιλάνθρωπος.

106 2709 156 2744 (59)
171 2710 328 2742 Seeucrian.
347 2709 501 2740 Goblerian'.
529 2709 647 2740 Felékm.
672 2713 684 2739 1
701 2719 727 2741 et
748 2714 774 2744 4,
806 2714 853 2740 ad-

77 2741 282 2781 dunt,'et;7Epya
295 2748 386 2780 αὑτοῦ,
398 2756 458 2781 qua:
477 2749 503 2774 in
520 2749 580 2776 aliis
597 2753 624 2775 οι
640 2748 758 2775 editione
769 2741 852 2776 Cont-

79 2778 138 2818 welz
161 2778 357 2818 desiderantur.
381 2778 458 2810 ’111οκ
500 2783 658 2818 Seguerian.
695 2784 850 2811 Goblcrian.

79 2810 210 2853 hit:ka
232 2820 260 2842 et
271 2817 297 2847 4.
316 2818 457 2854 ἄνθρωπος
486 2810 671 2845 πολῗτεύτται.
693 2810 721 2846 ιιι
750 2819 811 2847 aliis
824 2810 852 2848 et

79 2847 145 2876 editis
157 2851 171 2876 ὁ
186 2850 272 2877 deest.

77 2854 145 2876 cuius
157 2854 171 2876 ὸ
186 2854 272 2878 deest.

680 2251 703 2267 "
719 2250 740 2278 ll
755 2251 818 2279 Cor.
838 2259 865 2284 v,

894 2250 936 2278 l7.
983 2250 1006 2266 "
1023 2249 1104 2277 Prov.
1125 2255 1184 2282 vm,
1201 2248 1247 2290 22..
1294 2248 1316 2264 ⁸⁷
1331 2246 1411 2276 Joan.
1428 2255 1486 2282 xxv,
1509 2223 1550 2274 ϐ..
1590 2246 1613 2262 ﬂ
1636 2244 1690 2273 Co-

906 2399 918 2425 E
943 2363 998 2398 (60)
1015 2363 1127 2399 Segucr.
1155 2369 1182 2392 et
1201 2363 1279 2400 Reg.,
1307 2363 1423 2399 ἔχοντες,
1450 2362 1520 2390 Editi
1550 2360 1689 2393 mendose,

921 2407 1021 2425 γοντος.

937 2407 1021 2430 οντος.

921 2408 1172 2469 χῗῖἱῇςέεςςιιετίςιιι.
1192 2439 1218 2461 et
1229 2433 1385 2469 Felckman.
1397 2433 1432 2469 il.
1449 2432 1584 2469 διδάσκων.
1600 2432 1614 2457 ὁ
1633 2440 1690 2469 ἱμα-

905 2466 1008 2504 κὰριος.
1021 2466 1174 2496 ϐόίιίειίιιη.
1186 2474 1211 2495 et
1224 2469 1293 2495 Felc.
1307 2471 1332 2500 1,
1347 2468 1481 2504 διδάσκων
1490 2468 1503 2493 6
1521 2466 1689 2498 Ἀπόστολος.

903 2502 955 2531 ΑΙιῖ
969 2513 1033 2531 vero
1047 2510 1074 2531 et
1084 2505 1159 2535 editi,
1177 2504 1309 2530 διδάσκων
1324 2503 1370 2530 καὶ
1383 2505 1396 2530 ὁ
1414 2502 1555 2537 μακάριος.

941 2513 955 2531 ιι
969 2513 1033 2531 vero
1047 2510 1074 2531 et
1084 2510 1159 2535 etilli,
1177 2510 1309 2530 διδάσκων
1324 2510 1370 2530 και
1383 2510 1396 2530 ο
1414 2511 1486 2537 μακα
1508 2510 1555 2532 ιος.

941 2539 996 2575 (62)
1029 2540 1194 2571 Basiliensis,
1217 2539 1373 2575 ἁνᾴστασιν,
1397 2538 1441 2564 ὅτε
1466 2510 1519 2575 τῇ(
1539 2536 1688 2575 ἡμετέραν,

905 2572 1015 2602 omissis
1037 2575 1214 2601 intermediis.
1236 2574 1297 2600 Mox
1323 2581 1405 2606 mss.,
1427 2572 1542 2608 φανερδν
1562 2572 1603 2598 ὃτι
1630 2573 1688 2601 καί.

904 2610 992 2638 Editin
1009 2609 1152 2641 Comntel.,
1167 2609 1281 2644 φανερὸν
1293 2608 1339 2635 καὶ
1349 2609 1400 2635 ὅτι.

940 2646 994 2677 (65)
1008 2645 1053 2672 Sic
1069 2642 1260 2679 Seguerianus.
1279 2643 1389 2679 Regius.
1405 2642 1573 2679 Basiliensis,
1592 2642 1689 2671 Gohle-

905 2680 1011 2710 rianus.
1030 2678 1203 2707 Felckinanni
1225 2679 1250 2710 1,
1266 2679 1283 2705 4
1309 2683 1335 2705 et
1352 2678 1377 2705 5.
1392 2678 1442 2704 Alii
1456 2682 1545 2704 autem
1561 2684 1587 2706 et
1611 2679 1688 2711 editi,

904 2715 971 2742 ὁδῶν
984 2715 1076 2742 αὑτοῦ.
1089 2715 1147 2742 Mox
1162 2714 1243 2741 αὑτοῦ
1259 2715 1334 2741 abest
1345 2721 1360 2740 a
1376 2713 1529 2740 Ft-lclunan.
1549 2713 1575 2739 5.

940 2751 996 2783 (64)
1012 2750 1181 2785 Seguerian.,
1198 2750 1272 2781 ἴδιος.
1305 2748 1475 2785 Editi,_i6tov.
1499 2747 1527 2785 in
1545 2748 1687 2785 Basiliensi

903 2786 961 2813 haec
984 2782 1172 2814 desiderantur
1195 2786 1288 2819 verba,
1314 2783 1379 2816 ἴδιος
1394 2782 1427 2820 ἦν
1457 2785 1471 2811 ὁ
1497 2783 1621 2817 θάνατος,
1642 2783 1688 2810 καὶ

903 2821 997 2857 ὥσπερ
1008 2821 1056 2848 τοῦ
1073 2821 1208 2856 σώματος.
