1941 3037
71 121 116 149 239

627 121 756 150 ORATIO
776 121 795 149 ll
814 121 954 149 CONTRA
974 120 1135 148 ARIANOS.

1627 114 1681 142 290

98 177 139 206 67.
152 177 222 205 Πότε
234 175 277 204 οὗν
287 177 363 205 ἔλαϐε
375 178 409 205 τὰ
419 178 486 214 ἔργα
498 179 537 211 εις
548 179 578 206 τὸ
587 180 739 211 τελειῶσαι,
752 177 774 207 ὦ
786 180 844 207 θεο-

932 180 976 207 67.
986 179 1165 212 Quandonam
1177 177 1258 213 igitur
1265 184 1346 211 opera
1357 174 1518 211 perﬁcienda
1527 174 1657 209 suscepit,
1665 181 1682 200 ο

69 223 161 259 mea;
178 223 226 249 Ἐκ
236 222 288 258 γᾴρ
300 222 393 250 τούτου
407 223 454 250 καὶ
468 223 509 255 τὸ,
522 224 633 257 ἔκτισε,
646 225 842 261 γνωσθήσεται.

67 269 138 295 Κατὰ
155 268 203 303 μὲν
218 267 264 295 οὗν
278 269 326 304 τὴν
340 269 444 305 ἀρχὴν,
457 270 501 296 ὅτε
515 271 547 297 ὲκ
561 271 608 297 τοῦ
623 271 660 306 μὴ
673 271 748 304 ὄντος
759 273 797 304 εἰς
811 273 844 298 τὺ

66 312 131 340 εἶναι
146 313 216 340 αὐτὰ
231 314 318 341 ἐποίει
334 314 390 350 (78)
400 334 408 346 ,
432 315 479 341 ἐὰν
494 315 589 350 εἴπητε
601 335 609 348 ,
635 316 731 351 ψεῦδός
753 318 825 344 ἐστιν
835 325 842 332 ·

65 358 136 385 οὔπω
146 359 199 393 γὰρ
208 356 242 393 ἦν
253 358 387 394 γενόμενα
395 367 402 374 ·
417 359 538 393 φαίνεται
551 361 579 387 δὲ
591 361 686 395 λέγων,
697 362 735 394 ὡς
748 361 782 388 τὰ
793 362 843 398 ἤδη

65 405 123 431 ὁντα
131 404 285 439 λαμϐάνων.
304 404 373 431 Ἀλλ’
386 405 446 431 οὐδὲ
459 405 504 432 τὸν
517 406 570 442 πρὸ
580 406 627 433 τοῦ
638 407 750 442 γένηται
765 408 780 434 ὁ
792 408 844 434 Λό-

65 459 108 484 γος
123 449 188 484 σὰρξ
207 450 303 485 χρόνον
319 451 404 477 εἰπεῖν
418 451 530 485 εὐαγὲς,
547 452 590 479 ἵνα
607 453 644 488 μὴ
661 454 774 490 περιττὴ
790 454 845 480 λοι-

66 495 110 522 πὸν
121 495 200 522 αὐτοῦ
222 497 238 530 ἡ
259 496 388 531 ἐπιδημία
405 499 474 532 φανῇ
487 505 493 512 ·
509 498 610 525 τούτων
626 499 680 534 γὰρ
698 500 778 535 χάριν
797 500 844 527 καὶ

65 542 79 576 ἡ
90 541 216 576 ἐπιδημία
228 542 336 575 ἐγένετο
348 542 414 578 (79).
428 543 533 569 Οὐκοῦν
543 543 630 571 λείπει
644 545 736 571 λοιπὸν
746 547 843 577 εἰπεῖν,

64 587 109 618 ὅτι,
122 588 164 613 ὅτε
177 587 289 621 γέγονεν
303 588 456 624 ἄνθρωπος,
472 590 532 617 τότε
547 590 625 617 ἔλαϐε
638 590 672 618 τὰ
685 591 753 626 ἔργα
763 601 770 606 ·
784 591 844 618 τότε

64 632 112 667 γὰρ
132 633 201 659 αὐτὰ
224 633 272 659 καὶ
295 633 468 667 ἐτελείωσεν,
487 636 630 671 ἰασάμενος
650 637 685 663 τὰ
700 637 845 673 τραύματα

64 677 145 712 ἡμῶν,
159 678 205 704 καὶ
218 679 401 714 χαρισάμενος
415 681 480 715 ἡμῖν
495 680 550 716 (80)
565 681 613 717 τὴν
627 682 659 708 ὲκ
666 681 770 717 νεκρῶν
780 683 845 710 ἀνά-

65 731 162 751 στασιν.
169 724 200 749 Ei
209 723 238 750 δὲ
251 724 295 750 ὅτε
306 724 415 759 γέγονεν
423 727 437 752 ό
447 726 532 760 Λόγος
548 726 625 763 σὰρξ,
640 728 700 754 τότε
709 727 786 763 ἐδόθη
795 729 844 755 αὺ-

64 767 98 803 τῷ
106 768 138 794 τὰ
146 768 224 802 ἔργα,
232 769 322 804 δῆλον,
332 769 371 796 ὃτι
381 770 446 805 (81),
457 771 501 797 ὅτε
511 770 620 805 γέγονεν
628 771 778 807 ἄνθρωπος,
785 773 845 799 τότε

63 813 105 840 καὶ
117 814 154 845 είς
163 813 198 840 τὰ
214 814 286 849 ἔργα
303 815 436 847 κτίζεται.
459 817 514 843 Οὐκ
527 817 581 852 ἄρα
594 817 642 851 τῆς
655 817 748 850 οὐσίας
762 817 844 844 αὑτοῦ

900 225 946 253 Dei
959 225 1072 252 hostes?
1089 223 1157 251 IIinc
1183 224 1254 250 enim
1271 222 1336 257 quid
1363 221 1445 248 dictio
1463 220 1559 247 creavit
1577 220 1682 255 signiti-

897 276 948 304 cet,
965 270 1225 303 facileintelligetur.
1239 268 1267 295 Si
1287 267 1456 302 respondelis
1473 265 1607 301 principio
1621 273 1684 293 sus-

897 318 1000 352 cepisse
1022 324 1103 351 opera
1120 314 1294 350 perftcienda.
1317 321 1379 341 cum
1409 312 1453 339 illa
1470 319 1486 339 e
1509 312 1594 339 nihilo
1619 311 1684 339 fecit

897 368 927 390 ut
942 368 1033 391 essent
1046 372 1051 389 :
1066 362 1163 389 falsum
1173 361 1198 388 id
1211 361 1304 395 utique
1317 364 1360 388 est
1373 368 1380 392 ;
1395 359 1510 387 necdum
1525 360 1597 386 enim
1611 358 1683 386 facta

896 413 983 436 erant.
1000 408 1080 443 Atqui
1095 408 1129 435 de
1142 407 1184 435 his
1201 411 1330 441 tanquam
1342 413 1403 440 qua:
1416 406 1472 440 jam
1490 409 1583 432 essent
1598 412 1683 439 appa-

898 459 1011 485 ret,enm
1036 454 1121 488 loqui.
1147 452 1240 488 Neque
1261 459 1343 480 etiam
1359 450 1401 479 fas
1423 457 1465 478 est
1481 450 1552 478 istud
1566 450 1600 478 de
1615 454 1684 477 tem-

897 508 963 535 pore
980 500 1129 534 intelligere
1142 499 1213 534 quod
1226 498 1303 533 prius
1317 498 1368 525 fuit
1384 504 1467 532 quam
1482 496 1602 524 Verbum
1619 503 1684 522 caro

898 547 984 578 fieret,
1002 553 1036 573 ne
1051 546 1155 574 inutilis
1170 545 1230 579 ejus
1243 545 1368 572 videatur
1392 544 1533 576 adventus,
1552 550 1615 569 cum
1634 542 1684 569 hu-

896 592 973 627 jusce
987 592 1024 619 rei
1038 599 1121 619 causa
1142 590 1290 618 advenerit.
1313 589 1406 624 Itaque
1419 589 1477 623 jam
1502 592 1586 615 restat
1602 591 1631 614 ut
1644 585 1684 614 fa-

899 642 1004 666 teamur
1017 643 1082 664 tunc
1098 637 1237 672 accepisse
1247 643 1330 672 opera
1342 643 1405 664 cum
1423 635 1505 662 homo
1523 633 1611 662 factus
1630 638 1682 660 est.

899 682 1038 717 Siquidem
1066 687 1130 710 tunc
1158 683 1203 709 illa
1227 681 1350 716 perfecit,
1375 688 1436 708 cum
1459 683 1551 707 nostra
1579 678 1684 706 sanavit

897 729 1022 760 vulnera,
1040 728 1172 763 nobisque
1191 735 1223 755 ex
1242 727 1358 755 mortuis
1378 733 1520 762 resurgere
1537 725 1682 753 concessit.

898 774 977 808 Quod
993 774 1017 802 si
1033 782 1096 802 cum
1115 773 1234 802 Verbum
1246 780 1310 801 caro
1320 772 1420 800 factum
1437 777 1490 805 est,
1503 776 1568 799 tunc
1583 771 1608 798 ei
1622 771 1684 798 data

899 825 964 848 sunt
985 827 1080 855 opera,
1104 819 1190 855 liquet
1206 819 1307 853 ipsum,
1332 825 1394 845 cum
1418 817 1499 844 homo
1522 815 1610 843 factus
1632 821 1684 849 est,

63 860 221 894 σημαντικόν
237 861 298 886 ἐστι
313 861 357 893 τὸ,
374 861 506 895 ἔκτισεν,
523 862 617 899 ὥσπερ
631 863 760 895 πολλάκις
771 864 844 900 εῐρη-

898 871 964 895 tunc
979 875 1089 903 quoque
1103 866 1130 894 in
1147 874 1230 902 opera
1247 873 1308 894 esse
1324 869 1456 893 creatum.
1472 863 1532 892 Non
1547 872 1613 899 ergo
1633 864 1686 892 hoc

61 913 116 937 ται,
130 905 196 933 ἀλλὰ
210 906 262 942 τῆς
280 907 440 942 σωματικῆς
452 908 534 935 αὐτοῦ
550 909 691 943 γενέσεως.
710 909 776 936 Τότε
789 910 844 945 γὰρ

61 949 101 976 διὰ
117 951 146 976 τὺ
162 951 330 987 γεγενῆσθαι
350 952 404 979 ἀπὸ
426 953 476 988 τῆς
500 954 681 989 παραϐάσεως
699 955 781 990 ἁτελῆ
798 956 845 982 καὶ

62 996 129 1031 χωλὰ
138 997 173 1024 τὰ
185 997 267 1034 ἔργα,
280 998 387 1033 λέγεται
402 999 575 1035 σωματικῶς,
589 1001 631 1027 ὅτι
645 1001 776 1033 κτίζεται,
790 1002 843 1034 ἵνα,

61 1044 198 1077 τελειώσας
220 1046 293 1073 αὐτὰ
310 1046 357 1073 καὶ
377 1046 513 1083 ὁλόκληρα
529 1047 661 1083 ποιήσας,
681 1048 844 1084 παραστήσῃ

61 1089 95 1124 τῷ
108 1090 192 1126 Πατρὶ
208 1091 261 1126 τὴν
279 1091 442 1127 Ἐκκλησίαν
453 1111 461 1126 ,
478 1093 516 1124 ὡς
536 1091 613 1120 εἶπεν
633 1094 646 1120 ό
668 1094 842 1126 Ἀπόστολος’

59 1134 104 1168 Μὴ
117 1136 254 1170 ἔχουσαν
266 1136 379 1164 σπῖλον
389 1137 407 1172 ἢ
414 1137 533 1171 ῥυτίδα,
543 1137 563 1172 ἦ
578 1147 605 1164 τι
622 1137 680 1165 τῶν
692 1139 843 1172 τοιούτων,

60 1180 123 1208 ἀλλ’
136 1182 186 1208 ἵνα
251 1182 320 1217 ἁγία
342 1183 392 1210 καὶ
416 1182 544 1218 ἄμωμος.
566 1183 742 1210 Τετελείωται
757 1182 802 1212 οὖν
815 1185 845 1212 ὲν

60 1226 128 1262 σὺτῷ
139 1228 185 1254 καὶ
198 1228 411 1264 ἀποκατεστάθη
420 1249 427 1261 ,
440 1228 534 1265 ὥσπερ
545 1227 579 1265 ἦν
591 1230 638 1256 καὶ
653 1229 724 1256 κατὰ
733 1230 782 1266 τὴν
795 1231 846 1267 ἀρ-

61 1271 106 1307 χὴν
121 1273 231 1306 γεγονὸς
250 1272 305 1309 (82)
316 1293 323 1306 ,
346 1274 377 1300 τὺ
389 1273 557 1310 ἀνθρώπινον
568 1275 663 1309 γένος,
679 1275 726 1303 καὶ
743 1276 844 1312 μείζονι

61 1317 154 1350 μᾶλλον
168 1319 278 1354 χάριτι·
306 1319 471 1352 ἀναστάντες
489 1320 543 1356 γὰρ
563 1321 596 1348 ἐκ
611 1321 734 1357 νεκρῶν,
753 1322 844 1349 οὐκέτι

61 1363 208 1400 φοϐούμεθα
220 1366 336 1393 Θάνατον
345 1387 353 1399 ,
366 1366 424 1393 ἀλλ’
438 1368 467 1394 ἐν
478 1367 586 1403 Χριστῷ
597 1367 789 1404 βασιλεύσομεν
802 1369 845 1396 ἀεὶ

63 1409 90 1436 ἐν
105 1412 160 1444 τοῖς
175 1412 314 1447 οὐρανοῖς.
336 1412 420 1439 Τοῦτο
433 1413 461 1440 δὲ
475 1413 603 1448 γέγονεν.
625 1415 719 1451 ἐπειδὴ
734 1415 814 1448 αὐτὸς
829 1415 844 1441 ὁ

58 1456 102 1483 τοῦ
113 1457 178 1485 Θεοῦ
190 1458 281 1493 Λόγος
294 1459 358 1491 ἴδιος
375 1460 422 1486 καὶ
436 1461 468 1487 ὲκ
479 1460 526 1487 τοῦ
537 1460 643 1496 Πατρὸς
656 1460 693 1489 ὣν
703 1461 845 1489 ἐνεδύσατο

59 1503 105 1539 τὴν
118 1504 222 1540 σάρκα,
240 1505 291 1532 καὶ
306 1505 417 1540 γέγονεν
431 1505 584 1542 ἄνθρωπος.
614 1508 645 1534 Εἰ
666 1507 720 1544 γὰρ
742 1508 845 1544 κτίσμα

59 1550 93 1577 ὢν
104 1551 221 1587 ἐγεγόνει
233 1552 381 1589 ἄνθρωπος
392 1573 398 1585 ,
416 1553 512 1589 ἔμενεν
526 1554 601 1580 οὐδὲν
613 1552 695 1591 ἦττον
705 1555 720 1581 ὁ
735 1554 840 1591 ἄνθρω-

59 1605 105 1628 πος
117 1598 182 1634 (85),
199 1598 298 1634 ὥσπερ
314 1599 359 1626 καὶ
375 1597 409 1634 ἦν
419 1619 426 1632 ,
442 1599 472 1625 οὐ
486 1599 632 1634 συναφθεὶς
642 1600 681 1636 τῷ
695 1601 764 1637 Θεῷ,
781 1601 843 1633 Πῶς

59 1642 107 1678 γὰρ
121 1643 152 1670 ἂν
168 1644 278 1679 ποίημα
288 1644 336 1677 ὢν,
353 1645 398 1672 διὰ
409 1645 558 1681 ποιήματος
574 1647 722 1682 συνήπτετο
737 1647 777 1683 τῷ
788 1648 846 1675 κτί-

60 1689 177 1725 στῃ(84);
188 1691 223 1716 Ἦ
232 1689 300 1717 ποία
310 1690 418 1726 βοήθεια
428 1691 502 1727 παρὰ
511 1691 564 1719 τῶν
571 1692 670 1727 ὁμοίων
677 1694 732 1724 τοῖς
742 1693 845 1729 ὁμοίοις

59 1734 148 1768 γένοιτ’
161 1735 195 1762 ἂν
205 1756 212 1768 ,
224 1736 362 1771 δεομένων
379 1737 426 1764 καὶ
438 1737 527 1764 αὐτῶν
541 1739 590 1774 τῆς
601 1738 685 1774 αὐτῆς
701 1739 843 1774 βοηθείας;

61 1779 116 1812 Πῶς
131 1781 159 1807 δὲ
169 1801 176 1814 ,
194 1782 278 1817 εἴπερ
295 1782 396 1818 κτίσμα
410 1780 444 1819 ἦν
456 1784 470 1810 ὁ
482 1783 568 1817 Λόγος
584 1783 656 1817 (85),
669 1783 720 1820 τὴν
736 1783 844 1819 ἀπόφα-

61 1834 98 1853 σιν
108 1827 153 1854 τοῦ
165 1827 234 1854 Θεοῦ
247 1827 330 1855 λῦσαι
343 1829 453 1861 δυνατὸς
462 1827 506 1865 ἦν,
521 1829 567 1856 καὶ
577 1830 684 1864 ἀφεῖναι
696 1828 745 1866 τὴν
756 1830 845 1866 ἁμαρ-

60 1871 129 1905 τίαν,
146 1873 343 1909 γεγραμμένου
360 1874 415 1910 (86)
439 1874 514 1911 παρὰ
533 1875 589 1907 τοῖς
609 1875 761 1911 προφήταις
773 1897 780 1909 ,
803 1876 844 1903 ὅτι

61 1916 132 1944 τοῦτο
149 1918 217 1946 Θεοῦ
233 1921 310 1953 tm;
330 1921 377 1953 Τίς
392 1920 447 1955 γὰρ
463 1921 535 1954 Θεὸς
548 1920 649 1956 ὥσπερ
666 1921 707 1948 σὺ
719 1921 844 1956 ἐξαίρων

62 1963 212 1998 ἁμαρτίας,
235 1965 288 1992 καὶ
307 1966 494 2000 ὑπερϐαίνων
507 1967 650 2001 ἁνομίας;
677 1967 707 1994 'O
725 1967 774 2003 μὲν
789 1967 844 2004 γὰρ

62 2009 120 2041 Θεὸς
131 2008 189 2037 εἷπε
198 2019 205 2026 ·
221 2011 269 2046 Γῆ
283 2009 320 2044 εἴ,
339 2011 388 2038 καὶ
402 2013 446 2045 είς
456 2013 515 2047 γῆν
527 2013 683 2048 ἁπελεύσῃ
692 2021 699 2029 ·
715 2014 741 2040 οΙ,
755 2014 783 2040 δὲ
797 2014 844 2041 ἇν-

63 2053 156 2089 θρωποι
167 2056 299 2090 γεγόνασι
316 2056 419 2092 θνητοί.
442 2057 504 2089 Πῶς
520 2058 610 2084 τοίνυν
621 2058 679 2094 (87)
696 2055 751 2086 οἶόν
766 2067 795 2085 τε
808 2056 844 2095 ἦν

63 2100 128 2135 παρὰ
141 2102 195 2128 τῶν
208 2101 333 2137 γενητῶν
351 2102 465 2138 λυθῆναι
475 2103 523 2139 τὴν
533 2102 686 2140 ἅμαρτίαν;
699 2104 755 2131 ἀλλ’
765 2104 843 2131 ἐλυσέ

63 2153 90 2178 γε
105 2146 180 2178 αὐτὸς
198 2148 212 2173 ὁ
225 2147 341 2183 Κύριος,
355 2149 393 2180 ὡς
405 2147 481 2176 εἶπεν
496 2149 592 2182 αὐτὸς,
613 2150 683 2177 Ἐὰν
690 2149 732 2184 μὴ
745 2151 762 2177 ό
778 2150 842 2183 Υίὸς

61 2190 131 2224 ὑμᾶς
146 2191 201 2226 (88)
217 2193 423 2229 ἐλευθερώσῃ·
445 2195 492 2222 καὶ
509 2195 609 2229 ἔδειξεν
627 2195 735 2231 ἀληθῶς
749 2197 762 2222 ὁ
779 2195 842 2227 Υἱὸς

858 1532 878 1561 C

894 914 988 948 verbo,
1002 914 1111 946 creauit,
1135 913 1195 948 ejus
1212 917 1308 939 natura
1324 904 1506 947 significatur,
1521 910 1560 938 uti
1585 910 1685 944 smpius

894 959 997 987 dictum
1013 963 1064 990 est,
1081 958 1128 986 sed
1141 962 1218 985 ortus
1231 957 1316 991 ipsius
1331 963 1491 991 corporeus.
1506 954 1584 982 Tunc
1599 955 1686 987 enim,

893 1005 968 1041 quod
983 1012 1065 1040 opera
1081 1002 1240 1039 imperfecta
1253 1007 1279 1030 et
1296 1002 1390 1030 mutila
1405 1006 1516 1037 peccato
1533 1001 1607 1028 facta
1625 1000 1685 1028 fuc-

894 1054 966 1084 rant,
983 1049 1070 1078 creari
1083 1049 1233 1078 secundutn
1247 1056 1346 1083 corpus
1362 1047 1472 1079 dicitur,
1490 1052 1519 1074 ut
1543 1047 1597 1074 illis
1619 1054 1685 1081 per-

893 1096 972 1124 fectis
997 1099 1079 1131 atque
1101 1096 1128 1122 in
1152 1095 1288 1130 integrum
1311 1098 1413 1121 statum
1429 1093 1575 1123 restitutis,
1591 1091 1685 1120 Eccle-

894 1141 963 1169 siam
977 1140 1052 1168 Patri
1067 1140 1209 1169 exhiberet
1222 1148 1273 1167 mm
1287 1139 1422 1166 habentem
1436 1139 1579 1172 maculam,
1603 1142 1632 1165 ut
1645 1137 1685 1165 ait

893 1188 1054 1223 Apostolus,
1067 1191 1114 1214 aut
1126 1195 1230 1222 rugam,
1245 1192 1292 1214 aut
1305 1186 1407 1221 aliquid
1419 1185 1582 1220 ltujusmodi,
1596 1185 1641 1212 sed
1655 1188 1684 1211 ut

894 1234 928 1261 sit
945 1239 1039 1261 sancta
1053 1238 1078 1261 et
1094 1227 1267 1260 immaculata
1278 1231 1312 1260 ".
1332 1230 1361 1258 In
1384 1231 1433 1258 illo
1448 1238 1514 1266 ergo
1531 1229 1684 1266 perfectum

894 1283 936 1307 est
949 1279 1091 1307 hominum
1108 1286 1205 1314 genus,
1220 1278 1355 1314 qualeque
1372 1277 1450 1304 initio
1463 1275 1564 1304 factum
1581 1276 1683 1308 fuerat,

894 1324 937 1352 vel
954 1324 1047 1359 potius
1069 1324 1200 1359 ampliore
1221 1332 1284 1351 cum
1310 1323 1397 1358 gratia
1421 1322 1577 1350 restitutum
1603 1325 1686 1356 atque

894 1375 1049 1405 reparatum
1064 1375 1115 1398 est.
1133 1369 1273 1405 Siquidem
1289 1376 1323 1396 ex
1338 1368 1454 1396 mortuis
1471 1367 1592 1400 excitati,
1610 1374 1685 1394 mor-

895 1419 949 1444 tem
974 1423 1029 1444 non
1052 1416 1169 1451 amplius
1191 1415 1430 1451 pertimescimus.
1454 1414 1502 1442 sed
1527 1414 1554 1441 in
1577 1413 1684 1441 Christo

895 1469 1002 1497 semper
1016 1463 1043 1490 in
1055 1463 1132 1490 caelis
1147 1470 1242 1490 sumus
1258 1461 1405 1496 regnaturi.
1420 1460 1497 1494 Quod
1512 1460 1573 1487 ideo
1587 1467 1685 1487 consc-

895 1509 1018 1544 quimur,
1033 1508 1107 1544 quod
1129 1508 1218 1543 ipsum
1243 1507 1291 1535 Dei
1308 1507 1427 1535 Verbum
1442 1506 1582 1542 propriutn
1601 1510 1685 1540 atque

896 1563 929 1583 ex
944 1554 1023 1582 Patre
1049 1555 1169 1590 genitum
1187 1561 1296 1581 carnem
1322 1553 1411 1580 induit
1432 1553 1576 1587 factttsque
1599 1552 1684 1579 homo

895 1606 946 1629 est.
964 1600 1030 1628 Nam
1045 1602 1068 1629 si
1081 1605 1201 1628 creatam
1218 1607 1281 1627 cum
1297 1599 1408 1627 haberet
1433 1603 1571 1631 naturam,
1595 1598 1684 1625 factus

895 1652 989 1682 postea
1013 1647 1110 1674 fuisset
1134 1647 1238 1674 homo:
1262 1646 1332 1674 idem
1357 1644 1479 1680 profecto
1505 1645 1579 1679 quod
1604 1649 1683 1671 antca

895 1692 1041 1720 mansisset
1054 1692 1196 1720 hominum
1209 1699 1305 1727 genus,
1317 1698 1406 1726 neque
1420 1698 1483 1718 cum
1496 1689 1551 1717 Deo
1566 1690 1684 1724 conjun-

894 1741 968 1765 ctum
986 1736 1092 1764 fuisset.
1107 1735 1159 1770 Qui
1182 1737 1255 1764 enim
1276 1744 1321 1764 res
1343 1735 1415 1763 facta
1437 1743 1485 1770 per
1501 1742 1559 1762 rem
1582 1734 1683 1761 factam

894 1790 957 1810 cum
979 1781 1108 1810 Creatore
1130 1782 1260 1818 conjungi
1283 1782 1398 1816 posset?
1414 1781 1470 1809 Aut
1495 1781 1561 1816 quid
1587 1780 1682 1808 auxilii

894 1828 1030 1856 similibus
1042 1832 1134 1863 posset
1147 1828 1205 1855 dari
1220 1835 1236 1855 a
1251 1827 1399 1859 similibus,
1415 1834 1478 1854 cum
1500 1827 1559 1861 ipsa
1584 1826 1682 1854 eodem

895 1874 996 1902 auxilio
1015 1874 1175 1910 indigeant?
1189 1873 1241 1908 Qui
1257 1881 1333 1907 vero,
1355 1874 1379 1902 si
1395 1873 1515 1901 Verbum
1532 1879 1576 1900 res
1591 1878 1683 1900 creata

893 1924 978 1952 esset,
996 1924 1088 1955 posset
1107 1919 1155 1947 Dei
1177 1920 1340 1948 sententiam
1363 1919 1505 1954 abrogare,
1524 1922 1681 1954 peccatum-

894 1972 948 2001 que
958 1965 1106 1998 dimittere,
1121 1972 1184 1992 cum
1203 1965 1255 1992 hoc
1269 1964 1315 1991 Dei
1330 1964 1470 1999 proprium
1483 1970 1545 1991 esse
1560 1962 1681 1997 scripse-

893 2012 950 2038 rint
969 2011 1128 2047 prophetaz?
1149 2010 1228 2044 Nam,
1246 2011 1323 2043 Quis,
1345 2010 1427 2043 Deus,
1444 2008 1539 2036 similis
1561 2009 1617 2041 tui,
1637 2009 1682 2043 qui

894 2057 983 2092 aufers
1007 2062 1124 2093 peccata,
1139 2063 1163 2085 et
1186 2056 1352 2084 transcendi;
1367 2056 1519 2091 iniquitates
1530 2055 1571 2081 ³η
1589 2053 1682 2089 Siqui-

893 2103 955 2130 dem
972 2103 1042 2131 Deus
1057 2103 1125 2130 dixit
1139 2113 1144 2130 :
1163 2102 1245 2130 Terra
1259 2111 1297 2135 es,
1312 2107 1336 2130 et
1350 2102 1376 2129 in
1387 2107 1484 2129 terram
1500 2101 1634 2128 reverteris
1645 2100 1680 2134 ⁸⁸,

893 2156 980 2184 eaque
994 2156 1077 2177 causa
1091 2154 1132 2176 est
1146 2157 1195 2177 cur
1208 2149 1334 2176 homines
1345 2147 1410 2175 facti
1423 2147 1553 2175 mortales
1567 2146 1679 2174 fuerint.

894 2194 1036 2228 Quomodo
1053 2196 1135 2231 igitur
1151 2200 1292 2231 peccatum
1316 2199 1428 2236 possent
1442 2193 1525 2231 424
1540 2202 1584 2222 res
1603 2193 1680 2220 factae

61 2235 74 2261 ό
87 2236 270 2272 ἐλευθερώσας
280 2258 291 2271 ν
303 2239 341 2271 ὡς
355 2240 404 2268 οὐκ
416 2240 473 2267 ἔστι
488 2241 607 2277 κτίσμα,
621 2241 681 2268 οὐδὲ
698 2241 752 2268 τῶν
766 2249 843 2277 γενη-

896 2241 1023 2270 solvere?
1041 2240 1141 2269 Verum
1155 2241 1214 2276 ipse
1229 2241 1310 2269 solvit
1325 2235 1468 2274 Dominus,
1490 2245 1520 2268 ut
1537 2239 1607 2267 idem
1623 2241 1680 2274 ipse

93 2327 114 2344 ³⁸
128 2328 226 2364 Ephes.
242 2337 271 2362 v,
284 2328 329 2356 27.
368 2330 390 2346 ³⁹
407 2330 489 2359 Micb.
505 2337 554 2364 vn,
566 2329 628 2366 18.,
648 2329 671 2345 “
682 2328 781 2357 Cenes.
795 2329 892 2363 “1,19.

159 2419 228 2456 Reg.
247 2425 274 2448 et
286 2420 358 2456 Felc.
374 2419 402 2452 5,
420 2419 557 2455 ἐποίησεν.

93 2454 147 2488 (79)
162 2454 289 2490 δεέυετ..
299 2455 413 2490 ἐγένετο.

93 2488 334 2531 (δώῃξᾷευετίαῄ.
363 2489 520 2531 G_ohlerian.
541 2488 698 2516 Felckman.
723 2490 736 2516 1
762 2494 790 2516 et
811 2489 842 2522 4,

61 2526 129 2558 ἡμῖν.
148 2525 222 2552 Editi
239 2530 268 2552 et
277 2526 335 2557 alii,
357 2525 449 2551 πᾶσιν.

93 2558 215 2598 {SlLSic
237 2560 400 2598 seguerian._
417 2559 484 2598 Reg.
503 2558 608 2593 Anglic.
634 2565 660 2586 et
673 2557 747 2586 Felc.
762 2558 790 2585 4.
807 2558 842 2585 At

61 2593 138 2631 editio
151 2593 295 2631 Commelf,
307 2593 497 2631 ochuéttﬁ'o'is,
507 2598 559 2631 etc.
601 2612 609 2631 _.

94 2629 146 2663 (82)
165 2630 280 2664 Seguer.
296 2627 363 2665 Reg.
377 2630 460 2658 Basil.
478 2629 587 2665 Anglic.
601 2627 720 2665 Feleaﬁr,
739 2628 797 2665 ιρι
812 2628 839 2660 5,

62 2665 175 2696 γεγονός.
190 2665 300 2693 Gobler.
318 2663 350 2694 εἰ
359 2665 432 2693 Felc.
449 2665 475 2695 I.
491 2663 619 2698 γεγονώς.
639 2663 720 2695 Editi,
734 2663 838 2698 γέγονε.

95 2699 147 2734 (85)
162 2699 288 2737 Seguer.,
301 2701 396 2737 ἔμενεν
409 2700 442 2727 ἂν
457 2696 535 2726 οὐδὲν
549 2696 629 2734 ἦττον
644 2696 796 2734 ἅνθρωπος,
813 2703 841 2726 et

63 2738 131 2766 mox,
145 2735 290 2769 συναφθεὶς
297 2735 367 2770 Θεῷ.

89 2769 148 2807 (ὃς)
166 2768 280 2811 Seguer:
296 2768 406 2799 Gobler.
418 2771 490 2811 Felc.
503 2771 516 2797 1
533 2771 597 2811 (ξιξ,
611 2770 649 2805 τῷ
662 2770 768 2811 κτίστῃ.
783 2768 839 2810 An—

64 2801 220 2842 glican.,_=t§
232 2806 517 2842 videaturnendose:
531 2806 581 2842 Alii
591 2801 622 2832 et
636 2801 712 2842 editi,
727 2801 766 2837 ᾧ
781 2804 838 2830 κτί-

66 2843 143 2867 σαντι.
168 2840 256 2868 Paulo
270 2840 330 2876 post
359 2842 483 2876 Seguer.,
499 2841 620 2874 Gobler.,
639 2841 781 2875 Anglican.
811 2843 836 2866 ct

858 2421 880 2449 Ι)
893 2418 973 2457 fele:
984 2418 1009 2450 I,
1022 2417 1136 2457 δεόμενα
1151 2417 1199 2457 καὶ
1221 2417 1354 2457 αὑτὰ-τῇς
1368 2417 1462 2452 αὐτῆς.
1488 2415 1560 2443 Editi
1578 2419 1606 2443 et
1620 2415 1677 2442 alii!

894 2453 1028 2488 δεομένων
1040 2453 1089 2488 καὶ
1105 2452 1194 2488 αὑτῷν
1208 2452 1258 2487 τῆς
1274 2452 1369 2488 αὐτῆςἲ

931 2484 987 2523 (85)
1001 2487 1154 2523 Felgkntan.
1167 2487 1196 2523 2,
1210 2484 1241 2514 et
1251 2484 1342 2515 editio
1357 2486 1502 2520 Commel.,
1525 2484 1560 2521 ἦν
1581 2485 1677 2518 Λόγος.

893 2520 946 2550 Alii
961 2520 1039 2554 niss.,
1055 2520 1088 2557 ἦν
1104 2523 1118 2548 ὁ
1136 2522 1231 2556 Λόγος.

929 2558 986 2593 (86)
1003 2554 1116 2592 Seguer.
1129 2562 1155 2584 et
1171 2554 1250 2591 Reg.,
1263 2554 1464 2593 γεγραμμένον.

913 2588 984 2654 ά(87)
1011 2588 1123 2628 δεξυεν.
1146 2596 1173 2619 et
1197 2588 1274 2626 “123.,
1297 2588 1359 2621 Πῶς
1377 2588 1481 2616 τοίνυν.
1506 2588 1589 2622 Editi,
1615 2590 1679 2622 Πῶς

932 2637 956 2654 ο.

892 2636 985 2699 Tagi-8)
1006 2659 1276 2699 Sgguer._etFe_l_c._4,
1289 2659 1373 2699 ῇμᾷς.
1387 2658 1487 2699 Ibidem
1495 2657 1677 2699 Emporia?

893 2693 1005 2734 Re‘gnis,
1014 2693 1189 2734 _Goblerian._,
1202 2695 1273 2734 Felc.
1289 2694 1314 2723 t,
1327 2695 1343 2734 ιι
1354 2698 1381 2720 et
1395 2694 1428 2734 5,
1440 2693 1572 2734 εληθῶςρ
1584 2694 1650 2734 ηις
1664 2697 1677 2721 ὸ

892 2729 1087 2769 ἐλευθερώσας,
1103 2731 1209 2769 digito-4
1220 2731 1276 2769 ἔστι
1293 2729 1404 2769 κτίσμα.
1415 2729 1467 2769 Alii
1485 2734 1510 2769 et
1525 2729 1678 2769 edundi-rl—

893 2769 946 2800 θῶς
969 2764 1006 2800 ὥς
1024 2767 1087 2799 Υἱὸς
1107 2768 1121 2793 ὁ
1137 2765 1329 2800 ἐλευθερώσας,
1353 2764 1393 2791 ὅτι
1415 2764 1464 2790 οὐκ
1488 2764 1544 2790 ἔστι
1561 2764 1675 2799 κτίσμα.

892 2804 958 2833 Ibid.
976 2803 1048 2831 Felc.
1060 2803 1087 2837 5,
1105 2800 1253 2837 γεννητῶν.
