1941 3037
260 119 310 146 291

556 117 586 145 S.
607 115 789 144 ATHANASH
809 114 884 143 OPP.
905 114 996 141 PARS
1014 114 1034 140 l.

1107 113 1291 142 HISTORICA
1309 113 1353 141 ΕΤ
1373 114 1584 142 οοῦΜΑτιεΑ.

1829 112 1884 140 292

261 176 310 209 ait,
330 175 391 202 Nisi
412 173 498 201 Filius
518 181 562 200 nos
579 173 767 206 liberaverit“,
787 179 905 207 vereque
928 171 1044 199 ostendit

1099 171 1160 204 τῶν,
1177 172 1246 199 ἀλλὰ
1258 171 1322 204 ῐδιος
1333 172 1428 206 Λόγος,
1444 173 1491 198 καὶ
1505 171 1585 198 εἰκὼν
1601 171 1651 207 τῆς
1664 171 1710 198 τοῦ
1722 171 1828 207 Πατρδς
1839 171 1885 197 οὑ-

262 223 349 249 Filius
370 222 499 248 liberator
519 227 548 247 se
570 227 620 246 nec
640 224 761 246 creatum
783 226 833 246 nec
854 218 955 246 factum
976 225 1047 250 esse,

262 269 309 296 sed
326 272 430 295 natura:
451 266 551 297 Patris,
569 266 616 300 qui
632 265 796 292 sententiam
819 265 892 292 illam
910 264 987 291 initio
1004 268 1048 290 tu-

261 305 340 344 lerat,
363 313 492 347 solusque
513 316 625 347 peccata
647 312 801 343 condonet,
824 311 963 346 proprium
987 318 1048 337 esse

261 360 379 387 Verbum
395 363 422 386 et
437 359 592 394 imaginem.
607 358 676 386 Cum
693 359 766 385 enim
791 358 818 384 in
836 357 923 384 Verbo
945 357 1046 384 dictum

260 407 351 439 fuerit,
370 405 452 432 Terra
463 413 500 437 es,
516 409 540 431 et
557 405 585 430 in
601 409 698 431 terram
720 405 866 435 reverteris,
894 403 970 430 valde
986 410 1049 430 con-

259 456 389 487 gruenter
412 458 460 485 per
485 450 558 477 idem
582 450 673 484 ipsum
693 449 811 477 Verbum
834 454 915 484 atque
939 449 965 476 in
988 450 1047 484 ipso

259 499 370 526 libertas
388 502 415 524 et
427 497 529 525 solutio
541 495 726 524 damnationis
740 495 810 522 facta
827 500 880 522 est.

293 555 338 582 68.
364 555 465 588 Atqui,
491 553 630 588 inquiunt,
660 552 768 580 etiamsi
790 551 918 580 Salvator
939 556 1047 580 creatus

257 605 342 632 esset,
360 603 468 635 poterat
485 599 560 626 Deus
579 599 770 625 tantummodo
787 598 890 631 dicere,
909 602 991 633 atque
1009 598 1046 625 ita

259 648 365 674 solvere
387 645 620 673 maledictionem.
647 645 681 672 At
706 644 788 671 simili
812 645 894 671 modo
919 644 985 678 ipsis
1010 643 1046 671 ita

259 692 367 720 occurri
383 692 489 727 possit:
509 690 596 718 Etiam
612 691 672 718 sine
689 691 745 718 ullo
760 691 820 725 ejus
839 691 954 716 adventu
972 694 1047 724 pote-

259 744 301 766 rat
314 739 384 766 Deus
400 738 590 765 tantummodo
605 737 705 769 dicere,
720 742 803 772 atque
817 737 853 764 ita
867 737 972 764 solvere
986 744 1046 763 ma-

258 784 443 812 ledictionem.
465 783 564 811 Verum
585 783 722 810 attendere
735 787 843 817 oportet
861 782 925 816 quid
948 782 984 809 sit
998 782 1047 808 ho-

258 831 377 857 minibus
395 830 472 863 utile,
489 837 553 857 non.
565 836 655 856 autem
677 829 742 864 quid
762 829 789 856 in
812 829 940 856 omnibus
961 828 1047 863 possit

258 876 340 903 Deus.
361 875 485 910 Namque
495 876 576 903 etiam
589 880 652 902 ante
665 875 720 902 Noe
735 883 837 908 arcam,
854 875 980 902 homines
999 874 1046 909 qui
1065 864 1085 892 Β

257 927 438 957 peccaverant
456 926 561 956 poterat
582 921 754 948 interimere:
774 925 864 948 tamen
886 921 912 948 id
937 921 1045 948 nonnisi

258 972 320 1002 post
343 975 434 995 arcam
458 967 532 995 fecit.
554 967 663 996 Poterat
689 975 799 1003 quoque
819 968 923 1002 absque
944 966 1045 1002 Moyse,

257 1014 430 1042 solummodo
439 1014 539 1048 dicere,
550 1015 736 1049 populumque
746 1014 861 1040 educere
871 1020 904 1040 ex
914 1012 1044 1048 Egyplo:

257 1065 286 1087 at
301 1060 327 1088 id
347 1067 396 1095 per
413 1059 533 1096 Moysem
549 1060 613 1095 ‘ﬁeri
639 1059 829 1087 conveniebat.
851 1058 1046 1086 Poterat-item

259 1104 332 1133 Deus
348 1106 479 1141 populum
497 1106 555 1133 sine
567 1105 707 1140 iudicibus
722 1111 905 1132 conservare:
925 1110 1019 1131 verum
1031 1110 1047 1130 e

257 1159 286 1179 re
305 1153 399 1187 populi
424 1156 483 1179 erat
504 1151 610 1186 judices
630 1159 680 1186 pro
705 1155 827 1186 tempore
846 1150 956 1177 habere.
974 1148 1045 1182 Quin

255 1198 338 1225 etiam
352 1199 410 1233 ipse
427 1197 555 1225 Salvator
567 1201 672 1232 poterat
687 1197 722 1224 ab
740 1197 819 1224 initio
840 1197 968 1224 advenire
981 1206 989 1229 ;
1004 1197 1046 1224 vel

257 1247 404 1278 postquam
417 1243 537 1275 advenit,
547 1247 654 1278 poterat
667 1250 720 1270 non
734 1242 802 1269 tradi
817 1241 918 1269 Pilato:
929 1246 1045 1269 attamen

256 1289 284 1316 in
307 1289 360 1317 line
381 1289 543 1316 Str-culorum
562 1288 682 1320 advenit,
703 1293 731 1316 et
747 1288 878 1323 quaesitus
893 1287 970 1321 dixit,
990 1287 1046 1322 Ego

255 1336 357 1362 sum“.
373 1334 453 1368 Quod
467 1335 540 1362 enim
558 1334 603 1362 ille
616 1333 691 1367 facit,
707 1334 734 1362 id
755 1334 911 1361 hominibus
928 1334 1045 1368 expedit,

256 1387 307 1408 nec
327 1380 406 1408 aliter
424 1380 483 1408 ﬁeri
506 1380 616 1408 decuit:
634 1379 707 1415 quod
732 1384 822 1407 autem
845 1384 872 1407 et
892 1380 1000 1415 expedit
1020 1385 1047 1407 et

255 1427 343 1460 decet,
361 1427 387 1454 id
405 1427 464 1462 ipse
475 1431 553 1454 curat
565 1431 592 1454 et
605 1427 735 1462 providet.
754 1425 831 1454 Venit
845 1426 936 1461 itaque
948 1433 1003 1453 non
1017 1431 1047 1454 ut

255 1473 295 1500 illi
310 1473 527 1505 ministraretur,
547 1473 593 1501 sed
610 1477 638 1500 ut
654 1473 711 1508 ipse
726 1472 894 1500 ministraret
903 1472 937 1505 ",
956 1476 983 1499 et
996 1479 1046 1499 no-

255 1521 297 1548 bis
315 1521 473 1548 restitueret
487 1520 616 1548 salutem.
630 1519 710 1547 Certe
725 1518 833 1546 tametsi
849 1518 934 1554 legem
947 1526 963 1546 e
976 1518 1046 1546 caelo

254 1571 360 1602 poterat
368 1566 524 1599 enuntiare,
533 1565 602 1593 vidit
613 1569 703 1592 tamen
726 1563 884 1592 hominibus
895 1565 1048 1592 conducere

254 1619 315 1639 eam
330 1619 345 1639 e
359 1615 451 1639 monte
469 1611 536 1638 Sina
555 1610 691 1646 proferri:
710 1611 783 1646 quod
803 1610 913 1645 quidem
936 1609 1000 1637 fecit
1020 1613 1048 1637 ut

253 1662 282 1684 et
303 1657 410 1692 Moyses
429 1661 520 1692 posset
539 1656 698 1690 ascendere,
722 1661 750 1683 et
764 1656 814 1689 illi,
832 1656 916 1683 verba
935 1655 1048 1691 propius

255 1703 408 1736 audiendo,
431 1703 540 1731 facilius
558 1703 710 1731 crederent.
731 1703 926 1731 Verumtamen
945 1707 1047 1738 quanta

254 1756 318 1776 cum
338 1748 444 1775 ratione
457 1749 485 1775 id
504 1748 605 1776 factum
627 1749 718 1780 fuerit,
739 1756 772 1776 ex
790 1749 832 1777 bis
845 1749 998 1784 perspicere
1016 1748 1048 1775 li-

255 1798 308 1820 cet.
331 1791 359 1820 Si
380 1792 452 1820 Dens
475 1800 525 1828 pro
546 1801 595 1820 sua
617 1794 739 1828 polentia
758 1793 883 1826 dixisset,
905 1794 1048 1829 solutaque

254 1842 327 1866 esset
342 1837 514 1865 maledictio:
540 1839 714 1873 apparuisset
733 1838 843 1873 quidem
862 1839 984 1873 jubentis
1000 1847 1048 1874 po-

254 1889 352 1916 testas,
365 1884 482 1919 talisque
497 1883 586 1912 l‘actus
597 1884 695 1912 fuisset
704 1885 787 1911 homo
799 1885 888 1920 qualis
900 1886 950 1911 fuit
961 1885 1046 1912 Adam

255 1932 321 1954 ante
338 1931 493 1962 peccatum,
513 1927 561 1962 qui
588 1927 717 1954 nimirum
739 1927 854 1962 gratiam
876 1927 1046 1963 extrinsecus

255 1972 412 2007 acciperet,
432 1979 483 1999 nec
517 1980 577 1999 eam
611 1972 719 2008 corpori
746 1979 897 2000 connexam
925 1972 1045 2000 haberet.

255 2017 402 2046 Enimvero
419 2025 481 2046 cum
496 2018 652 2045 istiusmodi
667 2022 741 2045 esset
761 2017 858 2051 Adam,
877 2017 903 2044 in
918 2018 1046 2053 paradiso

255 2068 298 2092 est
321 2065 491 2092 collocatus:
510 2064 566 2092 imo
584 2072 650 2091 vero
671 2063 743 2092 forte
765 2064 843 2099 pejor
867 2063 957 2091 factus
986 2069 1044 2096 est,

256 2111 357 2145 quippe
378 2111 425 2146 qui
445 2118 559 2146 peccare
582 2110 717 2138 didicerit.
738 2109 817 2143 Quod
835 2110 875 2142 si,
900 2117 962 2137 cum
985 2110 1046 2138 talis

256 2155 364 2187 luisset,
379 2158 539 2192 contigisset
553 2164 663 2192 quoque
682 2161 713 2184 ut
729 2164 744 2184 a
763 2161 888 2192 serpente
905 2156 1045 2191 decipere—

1100 219 1170 250 σίας.
1178 218 1224 245 τοῦ
1235 219 1281 245 καὶ
1289 218 1358 245 κατὰ
1365 219 1414 254 τὴν
1422 219 1508 254 ἀρχὴν
1519 218 1731 253 ἀποφηναμένου
1739 218 1785 245 καὶ
1795 218 1886 251 ἀφιέν-

1097 272 1142 296 τος
1158 264 1239 300 μόνου
1254 264 1303 296 τὰς
1315 265 1460 300 ἁμαρτίας.
1486 265 1593 300 Ἐπειδὴ
1611 264 1666 300 γὰρ
1679 264 1785 300 εἴρηται
1803 265 1832 290 ὲν
1845 263 1885 298 τῷ

1097 311 1185 346 Λόγῳ,
1203 310 1248 345 Γῆ
1264 309 1300 342 εἴ,
1315 311 1363 338 καὶ
1375 312 1418 344 εις
1431 310 1490 345 γῆν
1503 311 1669 345 ἀπελεύσῃ,
1683 309 1836 341 ἀκολούθως
1849 309 1884 336 δι’

1097 357 1179 384 αὑτοῦ
1192 357 1238 384 τοῦ
1255 358 1342 391 Λόγου
1362 358 1408 383 καὶ
1420 358 1448 383 ὲν
1463 357 1537 392 αὐτῷ
1550 358 1566 392 ή
1587 356 1726 392 ἐλευθερία
1743 356 1790 383 καὶ
1802 356 1819 390 ἡ
1835 355 1884 381 λύ-

1098 411 1140 434 σις
1157 402 1211 438 (89)
1223 404 1272 438 τῆς
1289 403 1476 439 κατακρίσεως
1489 403 1643 438 γεγένηται.

1132 546 1175 573 68.
1197 545 1266 572 Ἀλλ’
1280 545 1393 581 ἠδύνατο
1402 565 1410 578 ,
1430 544 1512 580 φασὶ,
1527 544 1574 571 καὶ
1585 543 1732 578 κτίσματος
1745 543 1822 574 ὄντος
1835 541 1885 569 τοῦ

1097 593 1231 628 Σωτῆρος,
1247 592 1326 628 μόνον
1339 592 1427 618 εἰπεῖν
1437 592 1451 617 ὸ
1460 591 1525 622 Θεὸς
1541 590 1588 617 καὶ
1600 589 1678 616 λῦσαι
1689 590 1738 625 τὴν
1749 589 1884 624 κατάραν.

1097 639 1133 666 Τὺ
1146 639 1210 666 αὐτο
1222 639 1244 666 δ’
1256 639 1289 666 ἃν
1303 639 1447 666 ἀκούσαιεν
1460 640 1507 666 καὶ
1520 639 1598 665 αὐτοὶ
1609 639 1673 674 παρ’
1685 637 1777 674 ἑτέρου
1791 637 1887 671 λέγον-

1095 693 1155 717 τοςο
1178 684 1306 711 Ὴόὑνατο
1321 685 1367 712 καὶ
1386 684 1445 720 μηδ’
1460 685 1529 716 ὅλως
1550 684 1766 719 ἐπιδημήσαντος
1787 683 1883 714 αὑτοῦ,

1098 731 1177 766 μόνον
1196 731 1282 757 εἰπεῖν
1303 731 1318 757 ὁ
1335 731 1400 762 Θεὸς
1418 731 1465 758 καὶ
1485 730 1564 757 λῦσαι
1580 730 1630 766 τὴν
1647 729 1780 766 κατάραν.
1803 728 1885 755 Ἂλλὰ

1097 779 1207 803 σκοπεῖν
1221 777 1261 803 δεῖ
1283 777 1313 803 τὸ
1323 778 1379 808 τοῖς
1399 775 1552 813 ἀνθρώποις
1573 775 1728 803 λυσιτελοῦν
1741 775 1788 802 καὶ
1802 775 1840 810 μὴ
1854 775 1886 801 ὲν

1097 824 1162 850 πᾶσι
1175 823 1206 849 τὸ
1220 823 1332 850 δυνατὸν
1349 823 1396 849 τοῦ
1407 823 1474 850 Θεοῦ
1492 822 1658 858 λογίζεσθαι-
1676 823 1737 849 ἐπεὶ
1753 822 1808 857 (90)
1821 821 1886 855 ἡδὺ-

1097 877 1161 895 νατο
1174 869 1220 896 καὶ
1232 869 1285 905 πρὸ
1298 870 1348 905 τῆς
1358 869 1419 896 Νῶε
1433 869 1552 896 κιϐωτοῦ
1561 869 1624 901 τοὺς
1635 869 1695 895 τότε
1707 868 1887 903 παραϐάντας

1096 915 1255 951 ἀνθρώπους
1269 915 1400 942 ἀπολέσαι
1409 924 1416 930 ο
1428 915 1496 942 ἀλλὰ
1508 914 1577 950 μετὰ
1587 914 1636 950 τὴν
1648 914 1763 941 κιϐωτὸν
1774 913 1888 948 πεποιη-

1096 970 1154 989 κεν.
1181 961 1310 988 Ἠδύνατο
1324 961 1371 987 καὶ
1387 961 1472 997 χωρὶς
1489 960 1611 991 Μωσέως
1627 961 1674 986 καὶ
1692 959 1771 995 μόνον
1784 960 1884 990 εἰπεῖν,

1096 1008 1142 1034 καὶ
1154 1007 1297 1042 ἐξαγαγεῖν
1314 1007 1358 1034 τὸν
1376 1007 1439 1033 λαὸν
1453 998 1482 1039 ἕξ
1496 1006 1632 1040 Αἰγύπτου
1641 1014 1649 1022 ν
1672 1005 1741 1032 ἀλλὰ
1753 1006 1885 1041 συνέφερε

1095 1053 1138 1080 διὰ
1155 1053 1424 1085 Μωσέως.Ἦδύνατο
1438 1052 1484 1078 καὶ
1500 1051 1584 1088 χωρὶς
1596 1051 1651 1078 τῶν
1669 1051 1769 1088 κριτῶν
1788 1051 1886 1083 σώζειν

1095 1100 1141 1126 τὸν
1153 1099 1216 1126 λαὸν
1228 1100 1242 1126 ὁ
1253 1099 1319 1131 Θεός
1329 1107 1335 1114 ·
1351 1098 1419 1125 ἀλλὰ
1434 1098 1566 1133 συνέφερε
1580 1099 1637 1130 τοῖς
1649 1098 1725 1129 λαοῖς
1740 1097 1796 1133 (91)
1813 1097 1887 1124 κατά

1096 1147 1191 1182 καιρὸν
1210 1144 1364 1181 ἐγείρεσθαι
1382 1144 1478 1180 κριτὴν
1503 1145 1605 1175 αὐτοῖς.
1637 1143 1768 1170 Ἦδύνατο
1785 1143 1833 1170 καὶ
1855 1143 1886 1176 ἐξ

1095 1192 1181 1228 ἀρχῆς
1194 1192 1208 1218 ὁ
1219 1191 1311 1228 Σωτὴρ
1324 1190 1492 1225 ἐπιδημῆσαι
1502 1211 1509 1222 ,
1523 1190 1540 1225 ἢ
1555 1189 1638 1217 ἐλθὼν
1651 1190 1688 1226 μὴ
1701 1189 1886 1226 παραδοθῆναι

1096 1237 1204 1273 Πιλάτῳ
1213 1245 1220 1252 ⁸
1233 1237 1300 1264 ἀλλὰ
1309 1238 1356 1264 καὶ
1371 1237 1417 1263 ἐπὶ
1430 1237 1486 1273 (92)
1503 1237 1641 1271 συντελείᾳ
1651 1236 1705 1263 τῶν
1719 1236 1824 1263 αἰώνων
1837 1234 1887 1271 ἦλ-

1096 1283 1125 1310 θε
1135 1303 1142 1316 ,
1158 1284 1206 1311 καὶ
1224 1283 1387 1319 ζητούμενος
1403 1281 1478 1310 εἶπεν
1488 1292 1495 1298 ·
1518 1282 1592 1318 Ἐγώ
1605 1284 1663 1318 ειμι
1674 1291 1681 1298 ·
1705 1282 1720 1309 ὅ
1738 1282 1885 1318 γὰρΙποιεῖ,

1095 1329 1173 1357 τοῦτο
1197 1330 1243 1356 καὶ
1258 1329 1392 1364 συμφέρει
1410 1330 1466 1360 τοῖς
1480 1328 1651 1365 ἀνθρώποις,
1669 1329 1716 1356 καὶ
1732 1329 1820 1361 ἄλλως
1835 1329 1887 1356 οὐκ

1096 1375 1199 1412 ἔπρεπε
1215 1375 1358 1410 γενέσθαι·
1375 1376 1422 1402 καὶ
1435 1375 1503 1411 ὅπερ
1516 1375 1545 1401 δὲ
1559 1375 1693 1412 συμφέρει
1709 1376 1755 1402 καὶ
1772 1376 1885 1411 πρέπει,

1095 1422 1189 1450 τούτου
1199 1423 1246 1448 καὶ
1257 1422 1384 1457 πρόνοιαν
1394 1423 1520 1449 ποιεῖται.
1529 1419 1616 1448 ’Ἦλθε
1626 1421 1702 1456 γοῦν,
1713 1422 1761 1456 οὐχ
1772 1422 1815 1448 ἴνα
1828 1421 1888 1448 δια-

1096 1468 1196 1505 κονηθῇ
1207 1488 1214 1500 ,
1229 1468 1286 1495 ἀλλ’
1302 1468 1346 1495 ἵνα
1361 1468 1507 1503 διακονήσῃ
1518 1487 1525 1499 ,
1542 1468 1589 1494 καὶ
1602 1467 1651 1503 τὴν
1670 1467 1747 1504 ὴμῶν
1764 1466 1886 1503 ἐργάση-

1097 1524 1141 1542 ται
1153 1515 1299 1550 σωτηρίαν.
1324 1513 1431 1549 Ἀμέλει
1447 1514 1594 1549 δυνάμενος
1609 1514 1665 1549 (95)
1677 1514 1730 1540 ἀπὸ
1746 1513 1791 1540 τοῦ
1804 1513 1888 1549 οὐρα-

1098 1561 1144 1588 νοῦ
1160 1561 1275 1596 λαλῆσαι
1290 1560 1336 1587 τὸν
1351 1561 1448 1596 νόμον,
1465 1557 1534 1587 εἶδεν
1545 1580 1552 1592 ,
1569 1561 1609 1587 ὅτι
1622 1557 1755 1587 λυσιτελεί
1766 1561 1821 1592 τοῖς
1837 1561 1887 1587 ἀν-

1097 1606 1215 1643 θρώποις
1226 1607 1281 1633 ἀπὸ
1294 1606 1341 1633 τοῦ
1355 1606 1421 1632 Σινᾶ
1436 1605 1562 1641 λαλῆσαι,
1575 1605 1623 1631 καὶ
1637 1604 1715 1632 τοῦτο
1725 1604 1886 1640 πεποίηκεν,

1098 1653 1141 1678 ῖνα
1157 1652 1204 1678 καὶ
1221 1652 1324 1687 Μωσῆς
1349 1650 1482 1686 ἀναϐῆναι
1498 1650 1609 1686 δυνηθῇ,
1625 1651 1746 1677 κάκεῖνοι
1760 1650 1814 1686 (94)
1839 1649 1888 1676 τὸν

1096 1697 1174 1733 λόγον
1185 1698 1299 1733 ἐγγύθεν
1311 1697 1466 1729 ἀκούοντες,
1477 1697 1575 1732 μᾶλλον
1587 1695 1729 1723 πιστεῦσαι
1741 1696 1885 1732 δυνηθῶσι.

1097 1744 1170 1780 Πλὴν
1193 1745 1240 1771 καὶ
1257 1745 1287 1770 τὸ
1303 1744 1412 1778 εὔλογον
1427 1743 1475 1770 τοῦ
1490 1743 1634 1778 γενομένου
1649 1743 1761 1778 θεωρεῖν
1782 1742 1887 1774 ἔξεστιν

1097 1789 1222 1816 ἐντεῦθεν
1231 1799 1237 1805 ·
1253 1790 1284 1816 Et
1297 1789 1341 1816 διὰ
1351 1790 1382 1816 τὸ
1393 1789 1506 1816 δυνατὸν
1517 1790 1632 1826 εἰρήκει,
1648 1789 1696 1816 καὶ
1708 1788 1814 1814 ἐλέλυτο
1829 1787 1885 1823 (95)

1097 1835 1114 1871 ἠ
1127 1835 1247 1870 κατάρα·
1263 1835 1309 1861 τοῦ
1327 1835 1376 1870 μὲν
1387 1835 1564 1867 κελεύσαντος
1575 1835 1592 1870 ἡ
1605 1834 1720 1870 δύναμις
1731 1833 1889 1860 ἐπεδείκνυ-

1096 1890 1136 1914 το,
1154 1883 1168 1908 ὀ
1187 1882 1277 1917 μέντοι
1292 1881 1434 1917 ἄνθρωπος
1447 1881 1567 1914 τοιοῦτος
1583 1881 1688 1915 ἐγίνετο
1698 1901 1705 1913 ,
1722 1879 1777 1912 οἶος
1790 1878 1824 1916 ἦν
1838 1881 1888 1907 καὶ

1095 1927 1110 1953 ὁ
1124 1926 1210 1962 Ἀδὰμ
1224 1926 1279 1962 (96)
1293 1927 1347 1962 πρὸ
1356 1927 1407 1961 τῆς
1418 1926 1609 1962 παραϐάσεως,
1622 1926 1721 1959 ἔξωθεν
1733 1925 1823 1953 λαϐὼν
1835 1926 1888 1962 τὴν

1097 1973 1175 2008 χάριν
1185 1992 1193 2004 ,
1217 1973 1264 1999 καὶ
1291 1972 1328 2009 μὴ
1349 1973 1576 2009 συνηρμοσμένην
1592 1973 1662 2008 ἔχων
1678 1972 1764 2009 αὐτὴν
1777 1973 1816 2008 τῷ
1832 1973 1886 1999 σώ-

1098 2027 1176 2054 ματι·
1192 2018 1313 2051 τοιοῦτος
1325 2019 1380 2055 γὰρ
1393 2019 1430 2046 ὢν
1446 2021 1493 2047 καὶ
1507 2020 1569 2046 τότε
1585 2020 1689 2046 τέθειτο
1702 2019 1730 2045 ὲν
1745 2019 1784 2055 τῷ
1796 2028 1888 2055 παρα-

1095 2066 1175 2101 δείσῳ
1185 2074 1192 2080 ·
1212 2065 1282 2100 τάχα
1297 2066 1326 2092 δὲ
1343 2067 1389 2092 καὶ
1402 2066 1502 2103 χείρων
1514 2066 1618 2100 ἐγίνετο
1627 2086 1635 2098 ,
1648 2066 1689 2093 ὅτι
1703 2065 1760 2102 (97)
1775 2066 1821 2093 καὶ
1833 2074 1887 2092 πα-

1097 2112 1235 2148 ραϐαίνειν
1254 2112 1423 2148 μεμάθηκεν.
1453 2113 1500 2139 Ὠν
1523 2112 1612 2140 τοίνυν
1634 2111 1752 2144 τοιοῦτος
1766 2131 1773 2144 ,
1797 2112 1822 2138 ει
1837 2113 1886 2138 καὶ

1097 2159 1303 2194 παραπέπειστο
1324 2158 1377 2185 ὑπὸ
1392 2159 1439 2185 τοῦ
1461 2159 1565 2193 ὄφεως,
1591 2158 1696 2192 ἐγενετο
1710 2158 1792 2185 πάλιν
1806 2159 1887 2193 χρεία

256 2207 311 2236 tur,
330 2202 416 2230 Deum
431 2204 530 2231 iterum
547 2203 644 2239 jubere
663 2209 690 2231 et
704 2203 922 2231 maledictionem
938 2203 1043 2230 solvere

1099 2205 1244 2241 προστάξαι
1253 2204 1299 2232 τδν
1309 2204 1375 2232 Θεδν
1385 2204 1434 2232 καὶ
1442 2203 1522 2232 λῦσαι
1531 2204 1581 2240 τὴν
1592 2204 1714 2240 κατάραν
1723 2213 1730 2220 '
1742 2205 1790 2231 καὶ
1798 2203 1888 2236 οὕτως

255 2257 325 2285 opus
340 2249 448 2284 fuisset,
465 2257 554 2286 eoque
573 2251 654 2278 modo
670 2250 774 2278 nullum
794 2250 875 2277 linem
893 2255 1040 2278 consecuta

1094 2252 1133 2282 el;
1145 2250 1257 2286 ἄπειρον
1274 2249 1378 2284 ἐγίνετο
1394 2250 1411 2285 ἡ
1429 2249 1525 2285 χρεία,
1541 2250 1587 2276 καὶ
1602 2249 1678 2276 οὐδὲν
1693 2247 1773 2285 ἦττον
1796 2251 1821 2276 οι
1839 2250 1887 2276 ἀν’

291 2339 312 2356 ⁸³
328 2339 409 2367 Joan.
421 2347 483 2372 vni,
499 2339 544 2366 56.
583 2339 606 2355 δ’
619 2338 699 2366 Joan.
715 2345 795 2370 xvnr,
815 2339 843 2366 5.
881 2338 904 2354 “
913 2338 1008 2365 Matth.
1021 2346 1069 2371 ιι,
1081 2338 1127 2365 28.

255 2454 264 2460 ἢ
279 2455 285 2462 Ι
295 2419 354 2454 (89)
368 2418 553 2453 Seguerianus
563 2421 589 2444 et
601 2416 756 2449 Felcka,
764 2416 851 2448 λύσις.
866 2416 917 2443 Alii
933 2421 961 2444 et
971 2417 1047 2450 editi,

257 2462 402 2490 ι.υτρωσις.

292 2490 348 2524 (90)
367 2489 494 2523 Seguer.,
511 2488 583 2519 ἐπει,
599 2492 625 2514 et
639 2487 754 2524 ibidem,
777 2487 907 2524 1;pb_1ﬁc
917 2486 1046 2524 4N6)€_XL-

258 2521 355 2551 ϐωτοῦ.
369 2521 421 2550 Alii
436 2529 463 2550 et
481 2523 557 2553 editi.
577 2522 683 2558 ἐπειδή.
698 2527 735 2554 et,
752 2521 806 2558 προ
818 2522 868 2557 τῆς
882 2521 1008 2558 κιϐωτοῦ.

292 2560 348 2594 (9i)
366 2559 491 2593 Seguer.,
508 2558 602 2587 Basil..
621 2557 743 2594 Golden,
770 2557 842 2585 Felc.
861 2563 872 2583 1
890 2561 918 2584 et
940 2557 966 2587 Δ.
988 2557 1045 2588 τοῖς

258 2593 343 2625 λαοίςζ
356 2594 408 2621 Alii
426 2600 453 2621 et
466 2594 542 2625 editi,
558 2594 614 2625 τοῖς
627 2593 728 2625 ἄλλοις.

296 2630 352 2662 (9'2)
383 2630 508 2663 Seguer.,
540 2629 605 2663 Reg.
628 2633 655 2656 ct
669 2627 743 2656 Felc.
767 2629 794 2660 4,
817 2627 885 2654 ἀλλὰ
913 2627 961 2654 καὶ
984 2627 1042 2654 ὲπί.

260 2649 371 2691 milia
383 2649 528 2695 ariam
539 2649 595 2691 ἑέἓὶῗ

297 2700 351 2734 (95)
372 2699 526 2726 Felckmau.
540 2699 567 2731 2,
586 2703 613 2725 et
628 2698 712 2734 editio
723 2696 981 2734 C0mm0l..ﬂ&p.é):£t
996 2697 1043 2724 καὶ

259 2731 416 2775 δυνάμενος.
435 2735 487 2760 Alii
501 2742 580 2774 mss,
593 2733 687 2769 ἀμέλει
697 2733 852 2768 δυνάμενος.
866 2732 928 2758 Mox
943 2731 1044 2767 Segne-

261 2777 342 2796 nan..
361 2769 439 2796 lica”
458 2769 611 2796 Anglican.
625 2768 793 2796 Goblerian..
806 2767 962 2795 Felckman.
987 2768 1010 2796 ι.
1027 2767 1044 2794 Δ,

261 2770 342 2802 rian.,
361 2769 439 2804 licg.,
458 2769 611 2803 Anglican,
625 2769 793 2799 Goblerian.,
806 2769 962 2795 Felckman.
987 2769 1010 2799 l,

259 2810 286 2831 et
297 2802 424 2844 ΔΞξμεῐίξεν.
441 2803 542 2844 Czrteri
555 2805 674 2844 crediti;
685 2801 774 2844 οἶδεν..
843 2838 848 2844 Ι
888 2839 898 2844 _

293 2839 348 2873 (9t)
368 2839 414 2867 Sic
429 2846 494 2866 mss.
513 2839 546 2865 At
559 2839 640 2866 editio
655 2839 800 2873 Commel.,
819 2838 953 2865 κάκεῖνον.

1135 2417 1191 2451 (95)
1208 2415 1333 2452 Segner.,
1351 2417 1462 2445 Gobler.
1476 2421 1503 2445 et
1515 2416 1672 2452 Felcltman.
1691 2417 1716 2449 l,
1729 2421 1759 2452 et
1776 2417 1804 2450 9,
1827 2419 1886 2445 ὲλέ-

1099 2451 1170 2479 λυτο.
1186 2453 1238 2487 Alii
1248 2451 1280 2479 ’ct
1296 2452 1372 2480 editi.
1386 2451 1489 2478 λέλυτο.
1504 2452 1565 2479 Mox
1588 2451 1714 2487 Seguer..
1728 2451 1807 2487 Κείς..
1831 2454 1889 2480 An-

1097 2488 1160 2520 glic.
1173 2492 1199 2514 et
1212 2486 1286 2514 Fclc.
1303 2488 1332 2519 ‘2,
1347 2487 1493 2514 ἐδείκνυτο.
1511 2487 1607 2514 Caeteri
1624 2486 1651 2515 et
1668 2488 1750 2519 editi,
1777 2488 1890 2514 ἐπεδεί-

1097 2530 1187 2550 κνυτο.
1205 2523 1317 2558 Seguer.
1334 2522 1415 2557 paulo
1427 2522 1630 2558 postgomﬁro;
1643 2522 1761 2558 ἐγένετο.

1133 2558 1188 2593 ι96)
1206 2555 1341 2593 ξρξςιιετῷ
1361 2555 1483 2590 Gobler.,
1503 2557 1604 2593 Felctl
1621 2562 1648 2584 et
1660 2555 1687 2587 ι,
1704 2555 1758 2593 οἷος
1784 2555 1819 2593 ἦν
1840 2559 1890 2584 καὶ

1103 2590 1197 2627 Ἀδάμ.
1213 2590 1292 2625 Reg”
1312 2593 1405 2624 Basil.,
1420 2593 1526 2627 Anglic.
1542 2592 1656 2627 etAFclc.
1672 2593 1699 2622 5,
1716 2590 1771 2624 οἷος
1791 2590 1827 2627 ἦν
1841 2595 1890 2620 καὶ

1095 2627 1108 2652 ὁ
1124 2625 1217 2663 mea“.
1233 2628 1322 2664 Eilitio
1338 2625 1485 2664 Commeli,
1501 2626 1556 2660 οἷος
1569 2625 1603 2664 ἦν
1618 2628 1739 2664 ὁᾌδάμ.
1757 2625 1820 2655 Moit
1838 2628 1891 2655 διι-

1094 2664 1217 2696 μηεϊίίιιι.
1234 2663 1347 2698 ctch..
1362 2663 1456 2699 καὶμὴ
1467 2663 1794 2699 συνηρμοσμένην.Δ1ῐὶοι
1808 2664 1888 2695 editi,

1094 2699 1140 2724 καὶ
1158 2699 1195 2733 μὴ
1211 2698 1452 2734 συγχωρουμένην.

1131 2734 1186 2766 (97)
1202 2732 1327 2769 Segni-r1,
1345 2734 1398 2766 ὅτι,
1414 2732 1460 2760 alii
1474 2738 1502 2761 et
1518 2733 1595 2766 editi,
1607 2734 1661 2760 ὅτε.
1679 2733 1740 2761 lllox
1757 2732 1889 2769 Seguer.,

1094 2768 1252 2803 Angliam,
1273 2768 1383 2796 Gobler.
1411 2768 1486 2797 Fele.
1512 2769 1524 2795 l
1543 2773 1571 2796 et
1591 2769 1619 2799 4.
1636 2771 1660 2796 εἰ
1687 2770 1734 2796 καὶ
1757 2768 1889 2804 παραπέ-

1095 2812 1198 2831 πειστο.
1217 2804 1244 2831 In
1261 2805 1323 2831 aliis
1335 2809 1363 2831 et
1375 2805 1456 2832 editis
1473 2804 1548 2832 deest
1561 2804 1617 2832 καί.
