1941 3037
227 124 282 151 295

531 121 559 148 S.
583 119 768 147 ATHA’NASH
788 117 863 148 ΟΓΡ.
884 116 974 144 PARS
992 117 1012 144 1.
1033 132 1067 137 -
1087 113 1273 142 HISTOBICA
1293 113 1337 141 ET
1359 112 1570 140 DOGMATICA.

1799 111 1854 139 996

230 181 281 208 Ubi
295 186 384 208 autem
400 178 526 206 Christus
546 178 631 209 adest,
647 178 710 212 quis
725 177 807 204 timor
825 177 867 204 vel
884 176 949 211 quid
966 183 1014 211 pe-

1082 163 1141 201 σται
1158 174 1213 210 (10)
1224 174 1238 200 6
1252 173 1378 208 Χριστός.
1399 172 1483 199 Ἔνθα
1495 172 1523 198 δὲ
1538 172 1554 198 6
1569 172 1696 207 Χριστὸς,
1714 173 1790 203 ποῖος
1808 172 1856 206 φό-

229 226 307 254 riculi
323 225 409 260 possit
423 223 566 251 accidere?

266 273 310 299 '70.
335 272 363 299 ld
391 275 482 297 autem
508 270 609 297 factum
632 269 743 296 minime
771 268 877 301 fuisset,
898 269 919 296 si
947 268 1012 303 quid

229 323 350 347 creatum
364 321 437 345 esset
461 316 590 343 Verbum.
608 315 675 342 Nam
698 308 834 347 diabolus,
850 316 896 351 qui
911 321 938 342 et
955 316 1013 350 ipse

229 368 354 393 creatura
377 367 438 395 est,
465 366 624 397 perpetuum
649 369 711 389 cum
737 366 861 389 creatura
884 362 1014 396 gessisset

230 410 348 441 bellum,
374 413 401 435 et.
426 408 508 435 homo
526 408 681 442 quicunque
704 407 801 435 fuisset
824 407 1012 440 intermedius,

229 456 310 483 morti
335 462 441 489 semper
465 453 603 489 subjectus
620 453 733 486 fuisset,
757 453 857 488 quippe
873 453 919 488 qui
946 453 1013 480 nihil

229 502 342 529 haberet
360 500 387 527 in
406 507 460 535 quo
480 504 507 527 et
529 507 577 534 per
599 498 672 533 quod
696 506 757 526 cum
776 498 832 525 Deo
853 499 1014 533 conjunctus

230 547 298 573 libcr
325 546 401 573 fieret
416 545 450 572 ab
468 544 542 571 omni
567 548 650 571 metu.
672 543 805 576 Quocirca
823 543 882 578 ipsa
911 542 1015 571 Veritas

231 591 350 620 ostendit
369 590 489 619 Verbum
505 597 559 617 non
575 597 637 616 esse
654 596 669 617 e
684 589 762 616 factis
775 589 866 622 rebus,
886 589 933 616 sed
952 588 1012 616 illa—

230 645 291 665 rum
309 637 399 672 potius
412 643 474 663 esse
489 639 639 662 auctorem.
658 633 695 661 ita
713 633 785 661 enim
801 641 899 668 corpus
910 633 1010 661 factum

231 689 258 711 et
278 684 428 710 humanum
452 680 612 715 assumpsit,
639 684 669 706 ut
683 679 748 707 illud
770 684 899 714 tanquam
923 679 1015 714 opifex

232 730 364 760 reticeret,
380 732 407 754 et
420 727 541 754 divinum
560 726 586 752 in
604 725 695 760 scipso
708 725 842 757 redderet,
862 730 945 761 atque
963 725 1015 753 hoc

232 779 312 809 pacto
326 780 376 800 nos
400 779 494 799 omnes
509 772 542 798 ad
560 771 633 798 illius
653 770 857 798 similitudinem
873 770 900 796 in
916 769 1014 797 calum

233 819 427 847 introduceret.
444 816 526 851 Atqui
540 816 622 843 homo
634 823 696 842 cum
709 823 738 843 re
749 820 840 842 creata
855 815 1015 850 conjunctus

1063 219 1110 251 60;
1123 219 1139 255 ἢ
1160 219 1236 250 ποῖος
1251 217 1372 249 κίνδυνος
1389 218 1429 244 ἑτι
1445 217 1607 252 γενήσεται;

1098 265 1143 292 70.
1162 264 1246 291 Τοῦτο
1270 264 1298 290 δὲ
1318 265 1369 290 οὐκ
1393 263 1426 289 ἂν
1448 263 1587 297 ἐγεγόνει,
1611 263 1635 289 εἰ
1657 261 1760 298 κτίσμα
1784 259 1818 297 ἦν
1842 263 1855 288 6

1063 311 1158 345 Λόγος.
1189 309 1261 346 Πρὸς
1278 309 1332 344 γὰρ
1347 309 1450 344 κτίσμα
1463 328 1470 340 ,
1497 308 1599 344 κτίσμα
1615 308 1652 335 ὢν
1669 309 1715 335 καὶ
1734 309 1749 334 ὸ
1765 308 1855 335 διάϐο-

1063 356 1109 388 λος
1124 356 1190 391 (11),
1206 353 1277 390 εἶχεν
1291 355 1336 382 ἀεὶ
1350 355 1399 390 τὴν
1410 354 1498 390 μάχην
1509 363 1515 369 ·
1529 355 1577 381 καὶ
1590 354 1671 390 μέσος
1682 354 1720 381 ὣν
1730 355 1744 381 6
1755 354 1857 389 ᾶνθρω.

1063 410 1123 433 πος,
1136 400 1255 433 ὕποπτος
1268 398 1301 436 ἦν
1312 400 1354 426 ἀεὶ
1367 399 1405 435 τῷ
1418 400 1535 435 θανάτῳ,
1557 399 1593 435 μὴ
1606 400 1674 435 ἔχων
1690 401 1718 427 ὲν
1730 397 1751 434 ᾧ
1763 400 1809 426 καὶ
1822 400 1856 426 δι’

1063 443 1094 474 οὗ
1116 446 1263 481 συναφθεὶς
1279 446 1318 481 τῷ
1330 445 1390 480 Θεῷ
1403 444 1545 481 ἐλεύθερος
1559 445 1660 477 παντὸς
1674 445 1756 480 φόϐου
1769 446 1856 481 γένη-

1063 502 1108 521 ται
1123 493 1189 528 (1‘2).
1205 492 1287 519 Ὅθεν
1301 494 1317 528 ὴ
1338 491 1451 527 ἀλήθεια
1467 491 1586 518 δείκνυσι
1605 491 1641 527 μὴ
1661 489 1728 518 εἶναι
1743 491 1799 518 τῶν
1811 500 1859 525 γε-

1064 540 1151 575 νητῶν
1161 538 1209 565 τὸν
1220 538 1314 573 Λόγον,
1328 538 1395 565 ἀλλὰ
1410 537 1510 573 μᾶλλον
1522 537 1628 564 τούτων
1635 537 1715 564 αὑτὸν
1727 538 1859 573 δημιουρ-

1064 584 1111 618 γόν
1118 592 1125 598 ·
1136 583 1207 610 οὕτω
1217 582 1271 619 γὰρ
1283 583 1329 610 καὶ
1339 582 1520 618 προσελάϐετο
1529 582 1560 609 τὸ
1571 581 1684 617 γενητὸν
1695 582 1742 609 καὶ
1754 581 1859 617 ἀνθρώ-

1064 638 1141 657 πινον
1156 629 1249 664 σῶμα,
1268 629 1311 655 ἵνα
1320 649 1327 661 ,
1340 628 1418 655 τοῦτο
1431 628 1468 660 ὡς
1484 628 1648 664 δημιουργὸς
1663 628 1850 660 ἀνακαινίσας,

1065 677 1094 702 ὲν
1104 675 1192 710 ἑαυτῴ
1202 675 1358 712 θεοποιήσῃ,
1374 675 1421 701 καὶ
1433 674 1519 706 οὕτως
1530 675 1570 706 είς
1581 673 1717 709 βασιλείαν
1729 674 1855 709 οὐρανῶν

1065 723 1199 758 εἰσαγάγῃ
1211 721 1314 753 πάντας
1323 722 1397 756 ἡμᾶς
1406 721 1466 748 καθ’
1475 721 1621 757 ὁμοιότητα
1630 720 1743 747 ἐκείνου.
1757 720 1814 747 οὐκ
1825 720 1859 747 ἂν

1063 769 1094 796 δὲ
1103 768 1182 795 πάλιν
1190 767 1351 804 ὲθεοποιήθη
1359 767 1489 803 κτίσματι
1496 766 1642 801 συναφθεὶς
1650 767 1664 793 6
1672 766 1720 794 άνθ
1724 775 1824 802 ρωπος,
1834 767 1859 793 εί

1068 814 1105 850 μὴ
1117 814 1183 846 Θεὸς
1201 812 1236 849 ἦν
1248 813 1373 849 ἀληθινὸς
1385 814 1399 840 6
1413 813 1477 845 Υίός
1487 821 1494 828 ·
1511 813 1557 840 καὶ
1569 813 1619 840 οὐκ
1635 813 1668 839 ἂν
1680 812 1804 848 παρέστη
1820 813 1860 847 τῷ

232 873 287 896 non
304 864 437 900 potuisset
449 862 558 890 divinus
581 862 659 895 eilici,
673 862 726 889 nisi
742 861 827 889 Filius
849 869 931 888 verus
945 860 1015 889 Deus

1078 860 1155 896 It:th
1167 861 1181 887 6
1192 860 1345 896 ἄνθρωπος,
1355 861 1379 886 εἰ
1394 859 1431 895 μὴ
1446 859 1526 894 φύσει
1539 859 1585 886 καὶ
1595 859 1719 894 ἀληθινὸς
1729 856 1763 895 ἦν
1775 859 1860 885 αὑτοῦ

233 914 316 942 esset,
332 916 419 943 neque
433 909 514 935 homo
530 915 559 935 se
573 906 647 934 Patri
663 907 760 934 sistere
770 913 855 934 ausus
866 910 948 937 esset.
963 906 1018 933 nisi

234 957 258 985 is
275 956 321 991 qui
338 963 437 990 corpus
450 953 546 985 induit,
566 953 690 980 naturale
707 957 734 980 et
756 960 851 980 verum
865 953 925 987 ejus
946 956 1020 980 esset

234 1003 363 1031 Verbum.
380 1002 419 1028 Ac
430 1000 658 1035 quemadmodum
680 1007 819 1034 nunquam
837 1007 852 1027 a
866 1004 977 1034 peccato
993 1004 1020 1026 et.

234 1056 249 1075 a
264 1046 454 1075 maledictione
466 1045 572 1072 liberati
594 1043 751 1077 fuissemus,
774 1044 827 1071 nisi
841 1052 916 1078 caro,
936 1051 1018 1080 quam

235 1093 324 1121 induit
337 1091 468 1123 Verbum,
481 1095 578 1117 natura
595 1090 712 1118 humana
722 1095 814 1124 esset;
828 1091 865 1118 ita
880 1098 1018 1126 nunquam

235 1140 317 1166 homo
332 1138 441 1165 divinus
453 1136 563 1164 effectus
574 1136 680 1169 fuisset,
695 1136 748 1164 nisi
758 1137 782 1164 is
796 1137 843 1172 qui
855 1144 919 1165 caro
931 1136 1020 1166 factus

234 1188 288 1216 est,
300 1188 397 1212 natura
408 1187 482 1212 esset
491 1190 585 1210 verum
598 1186 624 1210 et
635 1183 774 1218 proprium
787 1182 875 1210 Patris
890 1182 1018 1211 Verbum.

234 1231 357 1266 Namque
384 1230 486 1258 idcirco
513 1229 669 1264 hujusmodi
694 1228 776 1264 426
787 1229 928 1264 copulatio
949 1229 1021 1257 facta

235 1283 288 1310 est,
305 1282 334 1305 ut
358 1284 432 1308 eum,
457 1275 503 1311 qui
525 1279 624 1302 natura
650 1274 733 1302 homo
747 1281 799 1308 est,
821 1283 882 1302 cum
899 1275 955 1308 illo,
974 1276 1021 1310 qui

236 1328 334 1351 natura
352 1323 424 1350 Deus
438 1326 489 1355 est,
502 1321 689 1356 conjungeret,
706 1321 811 1356 hocque
825 1325 905 1356 pacto
916 1321 1021 1350 stabilis

235 1374 263 1396 et
282 1369 358 1396 firma
377 1373 449 1396 esset
462 1368 520 1403 ejus
540 1368 614 1396 salus
631 1371 668 1397 et.
687 1371 717 1394 ut
733 1367 769 1394 ita
790 1367 896 1402 loquar,
912 1367 1022 1396 deiﬁca-

236 1415 284 1442 tio.
302 1414 353 1447 Qui
366 1422 430 1450 ergo
449 1413 546 1441 Filium
562 1417 659 1441 ttatura
674 1420 735 1440 esse
750 1421 783 1440 ex
798 1412 877 1440 Patre
891 1418 939 1441 aut
959 1414 1021 1450 ejus

236 1460 395 1488 substantiae
414 1460 556 1495 proprium
579 1467 641 1487 esse
657 1458 823 1486 inﬁciantur.
839 1464 937 1494 negent
950 1467 1021 1495 quo~

237 1515 290 1542 que
299 1514 361 1534 cum
375 1514 465 1534 veram
478 1506 626 1533 humanam
640 1512 752 1533 carnem
766 1513 799 1533 ex
814 1504 898 1533 Maria
914 1513 1022 1541 semper

235 1552 341 1587 virgine
355 1551 505 1586 accepisse.
521 1550 595 1579 Nihil
608 1552 774 1583 enimnobis
788 1551 945 1579 hominibus
962 1559 1023 1587 pro-

237 1597 343 1631 fuisset,
358 1597 381 1624 si
397 1604 448 1624 nec
463 1595 582 1624 Verbum
595 1604 676 1624 verus
691 1601 718 1625 et
731 1597 863 1625 naturalis
879 1597 926 1625 Dei
937 1597 1024 1626 Filius

236 1647 320 1675 esset.
340 1650 391 1670 nec
415 1649 478 1670 vera
499 1646 573 1670 esset
593 1650 658 1670 caro
671 1650 755 1679 quam
780 1645 938 1679 assumpsit.
969 1643 1024 1672 Sed

237 1690 359 1724 profecto
377 1696 467 1716 veram
494 1689 598 1724 accepit
612 1697 732 1724 carnem,
746 1691 921 1725 quantumvis
937 1690 1026 1719 fuerat

237 1734 408 1762 Valentinus.
430 1733 494 1762 Erat
508 1735 570 1762 item
587 1739 614 1762 et
630 1739 726 1763 natura
745 1741 772 1763 et
790 1744 884 1764 verum
894 1736 942 1764 Dei
958 1736 1025 1764 Ver-

237 1782 319 1814 bunt,
339 1780 479 1808 insaniant
504 1780 568 1808 licet
585 1780 701 1808 Ariani:
725 1785 807 1816 atque
828 1782 855 1809 in
883 1789 915 1810 ea
943 1790 1026 1811 carne

238 1830 364 1854 ucstrum
392 1832 470 1853 novae
497 1825 645 1853 creationis
669 1825 721 1853 fuit
749 1826 924 1861 principium,
943 1827 1025 1856 homo

239 1880 288 1907 pro
300 1871 380 1899 nobis
393 1875 513 1904 creatus,
533 1871 581 1906 qui
596 1876 623 1898 et
640 1871 720 1899 nobis
742 1871 813 1899 viam
837 1872 922 1905 illam,
939 1877 969 1900 ut
984 1873 1026 1901 di-

239 1923 312 1946 ctum
325 1921 377 1950 est,
393 1916 544 1944 renovavit.

276 1996 332 2032 (10)
345 1990 457 2030 Seguer.
474 1995 583 2023 Gobler.
597 1995 671 2032 Felc.
687 1995 699 2023 1
715 2000 743 2023 et
768 1997 798 2029 4,
818 1996 921 2024 addunt
936 1996 1024 2031 ἔσται,

238 2033 312 2066 quod
330 2032 357 2059 in
372 2031 432 2058 aliis
449 2035 476 2059 et.
494 2032 573 2059 editis
588 2031 674 2066 deest.

276 2067 331 2102 (Η)
347 2066 393 2093 Sic
405 2074 471 2102 mss.
483 2067 518 2094 At
528 2067 611 2094 editio
620 2065 764 2099 Commel.,
776 2066 847 2102 Πρὸς
857 2066 911 2102 γὰρ
923 2067 1026 2102 κτίσμα

241 2101 285 2129 ἂν
293 2103 339 2128 καὶ
351 2102 365 2127 6
376 2101 508 2133 διάϐολος.

277 2137 333 2172 (12)
348 2137 452 2172 Anglic.
459 2156 467 2169 ,
483 2137 637 2172 γενήσεται.

278 2170 335 2205 (15)
374 2170 494 2205 δὲευετζ
526 2170 607 2207 Basil.
635 2170 701 2206 Reg.
731 2172 875 2207 Anglican.
913 2171 1022 2200 Gobler.

241 2198 314 2235 l‘eie.
327 2198 343 2234 ἰ
363 2198 426 2239 ett",
439 2206 521 2233 αὑτοῦ
538 2206 634 2241 Λόγος.
652 2198 799 2234 οέιει-ιεῖ
812 2198 889 2240 sum.
913 2198 1024 2234 assae
1041 2198 1062 2226 ι)

241 2243 336 2273 Λόγος.

344 2277 534 2315 Theodoretus
543 2276 654 2315 Dialogo
665 2276 751 2315 2,_qui
767 2278 927 2312 ἀσύγχυτος,
938 2277 962 2305 id
973 2283 1024 2315 est,

241 2313 407 2346 inconfusus,
424 2312 592 2344 inscribitur,
610 2313 684 2338 hunc
699 2313 788 2340 locum
804 2315 881 2340 atl'crt
894 2321 956 2339 cum
973 2312 1026 2340 lioc

242 2349 330 2380 titulo,
344 2348 389 2375 τοῦ
400 2348 477 2383 ἁγίου
486 2347 643 2383 Ἀθανασίου
658 2348 806 2383 ἐπισκόπου
815 2347 1026 2383 ’Λ).εξανδρείας,

243 2384 275 2410 ὲκ
298 2384 344 2410 τοῦ
372 2382 440 2420 πρὸς
464 2383 513 2420 τᾲς
535 2382 654 2420 αἱρέσεις
671 2382 751 2420 λόγου
771 2383 910 2417 δευτέρου.
933 2382 1029 2420 Exstat

243 2426 352 2453 quoque
367 2417 400 2446 in'
408 2418 523 2447 concilio
539 2417 751 2445 Chalcedonensi
768 2423 845 2452 parte
866 2425 906 2448 ιιι,
925 2426 986 2453 cap.
1001 2419 1027 2452 1,

255 2462 305 2488 ing.
322 2454 374 2481 829
397 2453 693 2489 postremzeedjtionis,
708 2454 752 2479 ubi
767 2453 1029 2489 generatiininscri-

255 2462 305 2488 mg.
322 2462 374 2481 52:!
397 2462 541 2489 postrema:
554 2462 693 2484 eumoms,
708 2462 752 2479 llDl
767 2462 915 2487 generatim
932 2462 1029 2480 inscrt-

243 2462 327 2525 initur,
343 2489 390 2516 τοῦ
407 2488 541 2525 μακαρίου
549 2487 707 2514 ’Λθανασίου
717 2489 749 2514 ὲκ
758 2488 805 2515 τοῦ
817 2487 886 2514 κατὰ
897 2488 1029 2523 αἱρέσεων

244 2523 323 2550 λόγου
328 2544 334 2549 .

355 2559 400 2587 Sic
434 2559 545 2595 Seguer.
573 2557 773 2595 RegLGobler.
787 2557 888 2595 Fclc.‘1
909 2561 938 2595 et
950 2557 985 2591 4,
1004 2564 1032 2586 ct

245 2593 443 2622 Tlteodoretus.
461 2593 495 2622 Ᾱι
509 2594 607 2622 concil.
626 2593 754 2621 Chalced.
778 2593 890 2624 omittit,
908 2593 958 2627 τῆς
980 2603 1032 2620 κα-

245 2629 340 2663 τάρας.
356 2630 407 2656 Alii
423 2634 449 2656 et
464 2631 527 2656 editi
544 2630 654 2661 habent,
670 2629 717 2655 καὶ
734 2629 788 2655 ἀπὸ
802 2629 852 2663 τῆς
866 2628 998 2663 κατάρας.

282 2638 340 2663 ρας.
356 2636 407 2656 Am
423 2636 449 2656 et
464 2636 527 2656 eum
544 2636 654 2661 habent,
670 2637 717 2655 και
734 2636 788 2655 απο
802 2636 852 2690 :1:qu
866 2636 998 2663 καταρας.

282 2664 336 2699 (ιιι)
357 2664 428 2691 Felc.
443 2665 470 2696 5,
482 2665 575 2696 ἀΐδιος.
602 2663 670 2699 Ibid.
689 2663 803 2698 Seguer.
847 2663 985 2699 lteodot‘et.
1004 2669 1030 2691 et

246 2697 344 2734 concil.
360 2700 537 2732 Cilalcedon.,
554 2699 636 2725 αὐτοῦ
651 2697 685 2734 ἦν
699 2699 713 2725 6
728 2697 823 2734 λόγος.
845 2697 916 2725 Editi
929 2705 956 2726 et
972 2700 1031 2731 alii,

245 2731 279 2769 ἦν
291 2734 371 2760 αὑτοῦ
382 2734 478 2767 Λόγος.

283 2769 339 2805 (t7)
354 2769 467 2804 Segucr.
480 2768 551 2805 Fele.
568 2768 594 2796 4-.
610 2768 775 2796 Theodoret.
802 2774 829 2796 et
841 2770 941 2797 concil.
955 2769 1033 2797 Chal-

248 2803 356 2835 ('2t10H.,
374 2803 413 2840 τῷ
426 2803 498 2840 κατα
510 2803 600 2837 φύσιν.
612 2804 664 2830 Alii
679 2809 705 2831 et
719 2804 795 2835 editi,
813 2805 843 2831 τὺ
857 2806 926 2832 κατὰ
941 2805 1033 2840 φύσιν.

249 2840 294 2866 Su:
305 2844 396 2868 autem
406 2840 480 2867 hunc
493 2839 583 2865 locum
593 2839 673 2867 vertit
684 2840 819 2874 interpres
829 2841 938 2868 concilii
951 2841 1034 2869 Chul‘

1067 906 1152 941 Λόγος
1160 906 1216 942 (15)
1227 907 1241 932 6
1252 905 1430 941 ἐνδυσάμενος
1438 905 1470 932 τὸ
1480 904 1560 941 σῶμα
1569 905 1635 941 (11).
1644 905 1699 931 Καὶ
1708 905 1803 940 ὥσπερ
1810 905 1862 932 οὐκ

1067 953 1100 980 ἂν
1115 951 1340 988 ἠλευθερώθημεν
1357 951 1411 978 ἀπὸ
1426 951 1477 986 τῆς
1490 950 1626 987 ἁμαρτίας
1643 951 1690 978 καὶ
1708 950 1760 986 τῆς
1773 951 1860 978 κατά-

1069 1004 1119 1032 ρας
1128 996 1194 1032 (15),
1202 997 1226 1023 εί
1237 996 1273 1032 μὴ
1284 996 1363 1031 φύσει
1374 995 1442 1032 σὰρξ
1451 994 1486 1032 ἦν
1494 995 1663 1032 ἀνθρωπίνη,
1672 996 1705 1032 ἢν
1716 996 1862 1023 ἐνεδύσατο

1068 1042 1082 1068 ὁ
1098 1039 1182 1076 Λόγος
1192 1050 1199 1057 ⁸
1212 1042 1287 1069 οὐδὲν
1298 1041 1353 1078 γὰρ
1364 1042 1451 1069 κοινὸν
1462 1040 1496 1078 ἦν
1513 1043 1578 1078 ἡμῖν
1589 1041 1658 1078 πρὸς
1666 1042 1696 1068 τὸ
1706 1041 1845 1078 ἀλλότριον
1853 1051 1860 1057 ·

1069 1087 1154 1119 οὕτως
1163 1088 1213 1114 οὑκ
1225 1087 1257 1114 ἂν
1270 1087 1428 1124 ὲθεοποιήθη
1441 1088 1456 1115 ό
1470 1087 1613 1124 ἄνθρωπος
1623 1108 1630 1120 ,
1643 1089 1668 1114 εί
1684 1088 1721 1123 μὴ
1737 1087 1817 1123 φύσει
1829 1088 1862 1114 ὲκ

1069 1132 1116 1160 τοῦ
1125 1133 1230 1170 Πατρός
1238 1133 1284 1160 καὶ
1294 1133 1420 1169 ἀληθινὸς
1429 1133 1475 1160 καὶ
1485 1131 1733 1169 ἵδιος(16)αὑτοῦἧν
1742 1134 1756 1160 ὀ
1763 1134 1860 1168 Λόγος,

1069 1180 1083 1206 ό
1099 1179 1243 1216 γενόμενος
1259 1179 1336 1215 σάρξ.
1363 1179 1413 1206 Διὰ
1423 1180 1501 1207 τοῦτο
1518 1179 1572 1216 γὰρ
1589 1180 1701 1216 τοιαύτη
1717 1180 1829 1215 γέγονεν
1843 1182 1861 1216 ὴ

1071 1225 1191 1261 συναφὴ,
1206 1226 1248 1252 ἵνα
1261 1226 1301 1261 τῷ
1317 1225 1387 1253 κατὰ
1400 1225 1480 1260 φύσιν
1501 1226 1557 1261 (17)
1582 1226 1631 1262 τῆς
1648 1226 1774 1262 θεότητος
1801 1235 1864 1254 συν-

1071 1270 1179 1307 άψῃτὺν
1191 1270 1271 1305 φύσει
1283 1270 1437 1305 ἄνθρωπον,
1449 1270 1497 1298 κα)⁴
1512 1270 1609 1306 βεϐαία
1623 1272 1733 1307 γένηται
1745 1273 1761 1307 ἡ
1775 1280 1864 1307 σωτη-

1073 1317 1118 1352 ρία
1129 1316 1184 1352 (18)
1198 1317 1246 1344 καὶ
1259 1317 1275 1352 ἡ
1289 1316 1443 1352 θεοποίησις
1459 1317 1552 1344 αὑτοῦ.
1570 1317 1674 1345 Οὐκοῦν
1688 1318 1714 1344 oi
1728 1317 1864 1354 ἀρνούμε-

1072 1371 1111 1390 νοι
1122 1364 1154 1389 ὲκ
1165 1362 1212 1389 τοῦ
1225 1362 1331 1398 Πατρός
1342 1360 1411 1389 εἶναι
1427 1362 1506 1397 φύσει
1520 1363 1566 1390 καὶ
1580 1363 1645 1390 ἴδιον
1659 1364 1742 1391 αὑτοῦ
1754 1365 1804 1400 τῆς
1816 1365 1863 1392 οὒ-

1073 1409 1132 1441 σίας
1150 1408 1204 1444 (19)
1222 1408 1266 1435 τὸν
1283 1408 1346 1434 Υἱὸν
1365 1408 1552 1443 ἀρνείσθωσαν
1567 1409 1613 1436 καὶ
1628 1409 1757 1446 ἀληθινὴν
1774 1409 1864 1444 σάρκα

1073 1455 1246 1491 ἀνθρωπίνην
1263 1455 1344 1482 αὐτὸν
1356 1455 1541 1491 εἰληφέναι¹ὲκ
1557 1455 1666 1491 Μαρίας
1683 1456 1733 1491 τῆς
1747 1456 1863 1492 ἀειπαρ-

1075 1501 1151 1528 θένου
1163 1500 1228 1536 (20).
1242 1500 1324 1527 οὐδὲν
1337 1500 1391 1537 γὰρ
1403 1500 1483 1528 πλέον
1499 1502 1565 1536 ἡμῖν
1582 1501 1677 1537 κέρδος
1688 1503 1744 1533 τοῖς
1759 1501 1865 1538 ἀνθρώ-

1075 1555 1136 1579 ποις
1151 1545 1196 1582 ἦν,
1210 1548 1234 1574 εζ
1247 1547 1316 1582 μήτε
1332 1546 1459 1583 ἀληθινὸς
1474 1547 1521 1574 καὶ
1533 1546 1612 1582 φύσει
1623 1544 1657 1583 ἦν
1672 1547 1736 1579 Υίὸς
1750 1547 1806 1582 (‘21)
1816 1547 1864 1574 τοῦ

1075 1593 1141 1620 Θεοῦ
1154 1594 1168 1619 6
1181 1593 1276 1627 Λόγος,
1291 1594 1359 1629 μήτε
1369 1593 1482 1629 ἀληθινὴ
1495 1593 1562 1629 σὰρξ
1571 1591 1615 1629 ἦν,
1626 1594 1660 1629 ἣν
1670 1594 1863 1629 προσελάϐετο.

1081 1640 1149 1666 Ἀλλ’
1168 1639 1249 1666 ἔλαϐέ
1271 1648 1302 1674 γε
1318 1639 1445 1675 ἀληθινὴν
1461 1640 1549 1675 σάρκα
1560 1660 1567 1672 ,
1585 1639 1636 1666 κᾶν
1649 1640 1778 1676 μαίνηται
1795 1640 1866 1667 Οὐα-

1075 1687 1191 1717 λεντῖνος
1199 1694 1206 1701 ο
1219 1684 1252 1721 ἦν
1264 1686 1317 1723 γὰρ
1329 1687 1376 1713 καὶ
1384 1685 1463 1721 φύσει
1474 1686 1520 1713 καὶ
1530 1686 1655 1722 ἀληθινὸς
1665 1686 1732 1718 Θεὸς
1742 1687 1756 1713 6
1767 1686 1864 1721 Λόγος,

1075 1731 1126 1759 κᾶν
1135 1732 1282 1768 μαίνωνται
1290 1732 1314 1758 οἱ
1327 1732 1527 1768 ’Λρειομανῖται
1536 1740 1543 1747 ·
1553 1732 1601 1759 καὶ
1613 1733 1641 1758 ὲν
1652 1732 1743 1769 ἐκείνῃ
1753 1733 1866 1767 γέγονεν

1075 1778 1153 1814 ἡμῶν
1169 1779 1185 1813 ἡ
1202 1778 1273 1814 ἀρχὴ
1287 1778 1343 1813 (22)
1358 1778 1408 1813 τῆς
1424 1778 1522 1813 καινῆς
1536 1778 1668 1810 κτίσεως,
1684 1778 1804 1810 κτισθεὶς
1820 1779 1866 1806 ἄν·

1076 1824 1184 1860 θρωπος
1197 1824 1268 1859 ὑπὲρ
1278 1824 1366 1859 ἡμῶν,
1381 1824 1428 1851 καὶ
1439 1824 1489 1860 τὴν
1501 1823 1560 1852 ὁδὸν
1572 1825 1639 1860 ἡμῖν
1651 1824 1759 1860 ἐκείνην
1772 1825 1867 1859 ἐγκαι-

1076 1871 1152 1901 νίσας
1167 1869 1232 1903 (23),
1247 1869 1341 1905 ὥσπερ
1355 1868 1472 1905 εἴρηται.

1077 1999 1259 2028 ccdonensis:
1280 2000 1386 2028 Idcirco
1411 2008 1522 2036 namque
1551 2001 1614 2028 talis
1639 2005 1677 2028 est
1707 2001 1780 2035 facta
1803 2009 1868 2028 con-

1077 2036 1165 2076 nexio,
1178 2042 1204 2062 ut
1221 2037 1255 2067 ei,
1268 2036 1403 2076 quijttxta
1416 2041 1540 2062 naturam
1555 2036 1703 2076 divinitatis
1717 2042 1769 2066 est,
1784 2036 1863 2076 illum

1077 2071 1217 2104 hominem,
1234 2071 1279 2107 qui
1293 2076 1330 2107 est
1344 2071 1466 2098 humana:
1481 2077 1596 2104 natura,
1611 2071 1791 2106 conjungerel.
1810 2072 1866 2099 lbi-

1078 2114 1130 2142 que
1143 2107 1243 2142 desinit
1260 2107 1303 2133 hic
1320 2106 1406 2142 locus.

1114 2141 1170 2177 (18)
1185 2141 1310 2177 Seguer..
1325 2141 1394 2177 Reg.
1404 2145 1431 2168 et
1445 2140 1604 2177 Theodorqr
1617 2141 1729 2176 γένηται
1742 2142 1759 2176 ἡ
1776 2149 1867 2176 σωτη-

1077 2177 1134 2239 ρία.
1152 2176 1202 2203 Alii
1221 2181 1247 2203 et
1270 2176 1344 2209 editi,
1365 2176 1478 2216 γένηιεαι
1504 2176 1633 2218 σωτηρία.
1651 2177 1713 2203 Mox
1739 2177 1866 2217 segnem,

1090 2211 1188 2238 ‘oblct‘.
1204 2216 1231 2238 et
1244 2211 1316 2238 Felc.
1331 2211 1356 2239 1.
1370 2212 1469 2238 οὺκουν
1486 2211 1660 2239 άρνουμενοι.
1680 2211 1750 2238 Idem
1765 2211 1866 2238 Ibidem

1090 2211 1188 2247 ioblcr.
1204 2216 1231 2238 et
1244 2211 1316 2238 Felc.
1331 2211 1356 2242 1.
1370 2211 1469 2238 οὐκοῦν
1486 2211 1660 2247 ἀρνούμενοι.
1680 2211 1750 2238 Idem
1765 2211 1866 2238 ibidem

1077 2246 1318 2282 etrThcodor’eltts,
1340 2246 1550 2282 ἀρνούμενοιέκ
1568 2246 1616 2273 τοῦ
1633 2247 1749 2282 Πατρός.
1770 2247 1825 2274 Alii
1839 2252 1868 2274 et

1076 2281 1328 2325 ρόξιίὶλιὰρχρύμὶνοι
1343 2282 1381 2316 μὴ
1394 2281 1487 2325 ὲκξοῦ
1503 2282 1618 2325 Παξρός.

1114 2317 1168 2351 (19)
1199 2316 1244 2343 Sic
1278 2316 1390 2351 Seguer.
1440 2317 1506 2352 Ileg.
1547 2316 1713 2344 Theodoret.
1755 2316 1867 2352 Gobler.

1078 2350 1179 2387 1'3:ch
1196 2357 1222 2378 et
1232 2351 1259 2378 5.
1273 2353 1308 2378 At
1319 2350 1365 2378 alii
1390 2356 1418 2379 et.
1443 2350 1517 2387 editi,
1537 2353 1587 2387 τῆς
1601 2352 1670 2383 ιδίας
1687 2351 1790 2383 οὐσίας.
1812 2351 1868 2378 lbi-

1079 2386 1140 2413 dem
1156 2386 1276 2414 Felckm.
1288 2387 1315 2417 4.
1333 2387 1415 2413 αὐτοῦ
1440 2386 1515 2413 Υἱόν.
1543 2386 1649 2414 Rursus
1672 2387 1737 2414 ibid.
1756 2386 1868 2414 Gobler.

1079 2420 1198 2448 Felckm.
1213 2423 1274 2454 1,et
1289 2421 1439 2454 Theodon,
1449 2422 1680 2457 ὰρνησὰσθωσαν.
1695 2422 1761 2449 ltetn
1777 2422 1870 2450 Theo-

1079 2457 1169 2493 doreti
1184 2457 1270 2493 ibid.._
1281 2456 1496 2493 ᾄρνησάσθωσαν
1509 2456 1638 2493 ἀληθινὴν
1654 2457 1743 2493 σάρκα
1756 2458 1802 2483 καὶ
1818 2458 1871 2493 ,ἀν-

1079 2491 1230 2527 θρωπίνην·
1249 2491 1349 2519 Εᾱὶιίσ
1362 2492 1493 2519 Commel.
1518 2497 1545 2519 et
1554 2491 1605 2519 'alii
1619 2491 1699 2525 mss,
1717 2492 1870 2527 ἀρνείσθω-

1081 2526 1338 2563 σανγκαζὰληθινὴν
1355 2527 1443 2563 σάρκα
1455 2526 1641 2563 ᾀνθρωπίνην.

1117 2562 1173 2597 (20)
1193 2561 1372 2595 Theodoret.,
1390 2561 1540 2597 Παρθένου,
1552 2563 1646 2597 ibique
1662 2563 1740 2590 locus
1756 2562 1869 2590 desinit.

1082 2596 1148 2624 ibid.
1173 2597 1267 2629 κέρδος
1280 2597 1355 2625 abest
1371 2605 1386 2624 a
1406 2596 1479 2624 Felc.
1502 2597 1530 2629 Ξ,
1548 2602 1575 2624 et
1594 2598 1714 2625 editione
1733 2597 1867 2625 Commel.

1118 2632 1175 2667 ('21)
1197 2630 1323 2667 Seguer.,
1335 2631 1462 2667 ἀληθινὸς
1472 2630 1506 2667 ἦν
1524 2633 1570 2659 καὶ
1583 2632 1663 2667 φύσει
1677 2630 1710 2667 ἦν
1727 2633 1799 2664 Υἱός,
1815 2637 1866 2660 etc.

1118 2666 1174 2704 (εἳ)
1189 2666 1245 2694 Sic’
1267 2666 1545 2704 seguergAnglican.
1569 2666 1694 2695 Gobler.’
1708 2673 1735 2695 et
1755 2667 1830 2695 Felc.
1853 2667 1868 2694 1

1082 2707 1109 2729 et
1124 2702 1309 2739 LAAticaaleri
1318 2707 1346 2729 et.
1360 2702 1436 2739 editi,
1450 2702 1530 2739 ὴμῷν
1544 2704 1628 2739 ἀρχή,

1121 2737 1177 2772 (ἳῦ)
1198 2738 1394 2772 Seguerianus.
1407 2737 1597 2771 Gob'l'eriantis',
1611 2737 1792 2765 'Felckmanni
1813 2739 1826 2766 1
1844 2744 1873 2766 et

1085 2773 1154 2805 Lac
1162 2772 1273 2807 Regius,
1289 2772 1459 2807 ἐγκαινίσας.
1476 2772 1545 2800 Editi
1563 2778 1590 2800 et
1606 2773 1663 2805 alii,
1679 2774 1872 2806 ἁνακαινίσας.

1086 2808 1139 2844 Sed
1150 2807 1269 2835 Felckm.
1282 2807 1307 2839 5,
1325 2808 1365 2835 sic
1377 2809 1458 2844 habet
1468 2808 1537 2844 ὑπὲρ
1549 2807 1627 2843 ἡμῶν
1641 2808 1735 2844 ᾢσπερ
1751 2809 1872 2844 εἴρηται,

1086 2843 1199 2871 omissis
1211 2843 1389 2872 intermediis.
1405 2843 1477 2871 idem
1495 2844 1609 2878 ibidem,
1624 2843 1685 2871 οὔτε
1702 2843 1817 2880 κτίσμα.
