1941 3037
245 85 298 113 299

546 83 575 111 S.
591 82 774 110 ATHANASII
794 82 869 110 OPP.
888 81 979 110 PARS
999 81 1017 108 I.
1038 97 1072 101 —
1091 82 1274 110 HISTORICA
1294 83 1337 111 ET
1357 83 1563 112 DOGMATICA.

1808 82 1861 109 500

245 143 344 172 Filium
360 141 598 177 praetermiserunt.
614 141 667 168 Nec
680 141 753 168 enim
772 140 863 168 dixere
877 151 883 168 :
898 140 1021 172 Benedic.

1077 141 1174 168 πάντα
1182 141 1217 168 τὰ
1228 141 1299 175 ἔργα
1310 142 1430 175 Κυρίου,
1443 142 1494 168 τὸν
1501 142 1618 176 Κύριον
1632 142 1665 168 τὰ
1680 140 1728 176 μὲν
1741 140 1770 168 ἔν
1780 139 1863 176 οὐρα-

246 187 510 221 Verbum,etlauda,
528 187 659 221 sapientia
673 196 680 214 :
697 193 793 221 nempe
807 191 837 213 ut
850 186 1025 214 ostenderem

246 242 290 262 res
307 233 375 261 alias
386 240 481 260 omnes
494 237 520 259 et
531 232 671 259 laudantes
685 235 712 259 et
724 239 805 266 opera
818 239 890 265 esse,
905 230 1023 258 Verbum

245 284 336 307 autem
365 285 416 305 nec
432 285 500 312 opus
521 285 572 304 nec
591 285 606 304 e
625 277 794 304 laudantium
812 284 873 304 esse
900 284 1024 310 numero,

245 325 292 352 sed
306 332 358 351 una
375 331 436 351 curn
450 323 530 350 Patre
545 323 659 356 laudari,
671 323 789 354 adorari,
802 327 830 350 et
843 322 928 350 Deum
943 330 1026 358 agno-

244 370 295 404 sci,
313 374 393 405 atque
408 369 468 404 ejus
482 369 593 404 quidem
609 368 727 396 Verbum
742 373 769 395 et
782 368 942 402 sapientiam
953 375 1024 402 esse,

244 425 356 452 operum
372 424 438 444 vero
455 419 617 443 creatorem.
634 415 661 442 Id
679 415 758 442 etiam
776 414 894 449 Spiritus
905 414 932 441 in
951 414 1024 442 Psal-

243 462 297 490 mis
312 461 429 489 dilucide
439 461 584 489 admodum
601 460 724 488 distinxit
742 461 784 487 his
800 460 889 488 verbis
900 460 1024 487 :Rectum

241 515 279 536 est
307 507 419 534 Verbum
438 506 541 534 Domini
556 511 580 533 et
603 507 691 533 omnia
710 514 788 540 opera
802 506 858 540 ejus
879 506 906 532 in
925 506 975 541 ﬁde
984 507 1024 539 "~;

241 559 269 580 (ιι
284 554 366 581 alibi:
381 553 468 586 Quam
483 552 652 587 magniﬁcam
665 556 726 579 sunt
740 559 817 586 opera
831 556 886 585 tua,
897 550 1024 579 Domine!

241 601 331 627 omnia
346 600 374 626 in
391 600 521 634 sapientia
537 599 621 633 fecisti
632 599 667 626 “’.

1078 187 1116 222 νῷ
1133 187 1225 214 καὶτὰ
1239 187 1284 213 ἐπὶ
1299 187 1351 222 γῆς
1361 207 1367 219 ,
1393 188 1439 214 καὶ
1452 189 1541 215 πᾶσαν
1555 188 1603 222 τὴν
1620 187 1725 219 κτίσιν,
1740 186 1777 218 ὼς
1792 186 1862 222 ἔργα

1078 232 1239 264 κατέλεξαν·
1253 233 1299 259 τὸν
1313 232 1342 259 δὲ
1357 233 1420 260 my
1434 234 1483 260 οὐκ
1496 234 1654 269 ὠνόμασανο
1671 232 1702 259 οὐ
1717 232 1771 268 γὰρ
1785 233 1863 268 εἰρή-

1079 287 1156 305 κασιν
1172 278 1238 314 (54)·
1252 278 1375 313 Εὐλόγει,
1390 280 1471 313 Λόγε,
1485 279 1531 306 καὶ
1545 279 1633 315 ὕμνει,
1644 278 1724 313 σοφία
1735 287 1743 295 ·
1754 278 1798 305 ἵνα
1808 277 1863 304 δεί-

1080 324 1176 357 ξωσιν,
1193 325 1233 351 ὃτι
1255 324 1290 351 τὰ
1312 325 1360 360 μὲν
1374 325 1440 352 ἄλλα
1455 325 1543 352 πάντα
1559 324 1694 360 ὺμνοῦντά
1717 325 1791 355 ἔστι,
1815 324 1864 350 καὶ

1078 369 1146 405 ἔργα
1171 371 1244 397 ἔστί·
1274 371 1287 396 ὁ
1312 371 1340 397 δὲ
1362 371 1446 405 Λόγος
1460 371 1510 397 οὐκ
1523 370 1595 397 ἔστιν
1624 369 1702 405 ἔργον
1722 368 1782 395 οὐδὲ
1808 368 1863 395 τῶν

1078 416 1241 452 ὑμνούντων,
1251 416 1318 443 ἀλλὰ
1328 417 1377 443 σὺν
1388 417 1432 451 τῷ
1437 416 1523 452 Πατρὶ
1534 416 1710 451 ὑμνούμενος,
1718 415 1765 441 καὶ
1778 423 1865 451 προσ-

1078 461 1240 497 κυνούμενὸς
1254 461 1309 496 (55)
1326 462 1383 487 ἐστι
1399 462 1444 487 καὶ
1461 460 1667 496 θεολογούμενος
1678 480 1685 492 ,
1708 460 1794 493 Λόγος
1812 459 1864 494 μὲν

1078 507 1159 533 αὑτοῦ
1175 507 1220 533 καὶ
1234 507 1314 542 σοφία
1327 506 1374 540 ὢν,
1387 507 1441 533 τῶν
1456 507 1485 533 δὲ
1498 506 1584 542 ἔργων
1594 506 1624 541 δη
1630 506 1766 542 μιουργός.
1778 504 1865 532 Τοῦτο

1076 553 1124 580 καὶ
1136 553 1166 579 τὸ
1184 553 1295 588 Πνεῦμα
1312 555 1341 580 ἔν
1355 553 1478 589 Ψαλμοῖς
1491 553 1547 589 (56)
1564 553 1632 588 μετὰ
1647 552 1792 587 καλλίστης
1806 551 1865 578 δια-

1077 599 1172 635 στολῆς
1184 600 1302 636 είρηκεν,
1317 599 1357 626 ὅτι
1371 599 1469 632 Εὐθὺς
1480 601 1495 626 ό
1505 600 1599 633 Λόγος
1612 599 1665 626 τοῦ
1679 599 1800 633 Κυρίου,
1812 597 1863 624 καὶ

241 648 339 675 πάντα
353 647 390 674 τὰ
407 646 478 681 ἔργα
496 646 588 673 αὐτοῦ
612 646 647 672 ἐν
665 646 779 673 πίστει·
793 646 916 682 καθάπερ
933 647 979 673 καὶ
993 648 1021 674 ἔν
1038 646 1123 682 ἑτέρῳ
1135 648 1230 682 φησίν·
1252 648 1300 680 Ὡς
1323 648 1509 682 ἐμεγαλύνθη
1530 648 1565 674 τὰ
1590 647 1661 682 ἔργα
1668 654 1741 679 σου,
1755 647 1844 680 Κύριε
1856 654 1862 661 ·

241 693 338 720 πάντα
355 693 391 720 ὲν
408 692 503 726 σοφίᾳ
516 692 675 726 ἐποίησας.

277 738 319 765 ἹΞ.
340 738 420 773 Atqui
443 738 467 765 si
482 737 599 765 Verbum
614 745 682 773 opus
700 745 788 773 esset,
805 740 909 775 absque
937 740 1021 767 dubio

1106 738 1150 765 72.
1164 738 1195 764 Et
1208 738 1236 764 δὲ
1250 738 1329 774 ἔργον
1339 735 1373 773 ἦν
1383 738 1399 764 ὁ
1416 738 1511 772 Λόγος,
1521 738 1628 768 πάντως
1639 737 1672 764 ἂν
1683 737 1798 772 (57)οιαὶ
1811 738 1863 764 αὺ-

240 786 268 812 in
300 784 431 819 sapientia
452 791 561 819 quoquc
589 784 685 812 fuisset
712 785 832 818 factum,
860 794 911 814 nec
933 786 1021 821 ipsum

241 831 382 865 Scriptura
396 830 431 857 ab
455 830 592 865 operibus!
608 831 837 865 discriminasset,
864 840 952 867 neque
977 833 1023 860 illa

239 877 350 911 quidem
376 884 472 911 opera;
497 876 549 904 hoc
563 881 674 909 autem,
700 877 819 906 Verbum
835 882 862 906 et
884 880 1022 914 proprium

240 922 288 949 Dei
304 922 466 957 sapientiam
488 923 661 957 appellasset.
682 923 749 951 Cum
775 929 864 952 autem
883 924 1022 960 Scriptura

239 969 328 1003 ipsum
346 968 380 996 ab
397 968 526 1003 operibus
540 973 676 1003 secernat,
688 969 768 997 docet
778 970 900 1006 profecto
915 971 1023 1006 sapien-

239 1015 304 1042 tiam
318 1022 379 1042 esse
394 1023 507 1050 operum
523 1015 685 1043 eﬁ‘ectricem
699 1035 707 1047 ,
722 1024 776 1043 non
794 1024 859 1043 vero
873 1024 951 1051 opus.
969 1016 1022 1043 Ea-

239 1062 300 1087 dem
313 1060 489 1089 distinctione
516 1069 583 1089 usus
599 1066 640 1089 est
654 1061 754 1090 Paulus
779 1061 898 1097 Epistola
921 1063 954 1090 ad
971 1062 1023 1090 He-

239 1105 341 1135 braeos.
358 1106 403 1133 ubi
422 1106 479 1134 haec
505 1106 622 1134 scribit:
641 1106 733 1134 Vivum
754 1108 824 1134 enim
851 1112 890 1135 est
911 1107 1022 1135 Verbum

239 1152 289 1178 Dei
315 1156 340 1179 et
355 1153 445 1187 efﬁcax
461 1157 485 1180 et
514 1153 618 1180 acutius
643 1154 713 1180 omni
741 1154 830 1189 gladio
848 1155 974 1188 ancipiti,
997 1159 1021 1183 et

238 1198 362 1233 pertingit
375 1206 454 1233 usque
463 1198 497 1225 ad
511 1199 664 1226 divisionem
674 1200 770 1227 anima
781 1205 805 1227 et
818 1200 937 1235 spiritus,
951 1209 1022 1228 com-

239 1251 336 1278 pagum
355 1251 456 1278 quoque
471 1252 502 1270 ac
524 1244 699 1271 medullarum
710 1264 717 1277 ,
746 1249 771 1271 et
784 1245 867 1280 judex
881 1245 1022 1280 cogitatio-

239 1297 302 1316 num
321 1294 346 1316 et
368 1289 569 1317 meditationum
592 1290 693 1322 cordis,
710 1298 755 1317 nec
777 1290 833 1317 ulla
847 1295 886 1317 est
900 1294 1022 1317 creatura

239 1335 379 1362 invisibilis
396 1335 423 1362 in
436 1340 575 1370 conspectu
589 1336 646 1370 ejus
663 1344 672 1362 :
685 1337 773 1362 omnia
797 1341 884 1363 autem
903 1337 975 1363 nuda
996 1340 1021 1363 et

239 1385 331 1415 aperta
344 1385 405 1407 sunt
421 1381 504 1408 oculis
518 1381 590 1415 ejus,
605 1382 639 1408 ad
655 1381 724 1416 quod
736 1381 810 1408 nobis
823 1386 861 1408 est
885 1390 970 1409 sermo
986 1382 1018 1409 °°.

1074 784 1119 815 τὸς
1140 785 1169 811 ὲν
1183 783 1263 819 σοφίᾳ
1278 784 1396 818 ἐγεγόνει
1407 804 1414 816 ,
1437 784 1483 810 καὶ
1498 783 1553 810 οὒτ’
1569 783 1602 810 ἂν
1614 783 1762 810 διέστελλεν
1780 784 1863 811 αὐτὸν

1074 830 1128 856 ἀπὸ
1138 830 1191 856 τῶν
1202 830 1290 865 ἔργων
1306 831 1322 865 ἡ
1338 830 1444 866 Γραφὴ,
1461 829 1522 856 οὔτε
1533 830 1566 856 τὰ
1581 830 1630 865 μὲν
1643 830 1711 866 ἔργα
1724 830 1862 865 ὠνόμαζε,

1073 875 1118 902 τὸν
1133 876 1161 903 δὲ
1176 876 1261 910 Λόγον
1273 876 1319 903 καὶ
1328 876 1423 910 σοφίαν
1436 876 1506 903 ὶδίαν
1517 876 1564 902 τοῦ
1579 876 1646 902 Θεοῦ
1657 876 1860 912 εὐηγγελίζετο.

1072 921 1129 948 Νῦν
1140 921 1177 953 δὲ,
1193 921 1383 948 διαστέλλουσα
1397 921 1451 948 τῶν
1465 921 1553 957 ἔργων
1567 922 1647 948 αὑτὸν
1658 923 1674 957 ὴ
1685 921 1790 957 Γραφὴ.
1805 921 1863 948 δεί-

1072 976 1176 998 κνυσιν,
1189 968 1228 994 ὅτι
1244 967 1297 993 τῶν
1309 967 1396 1002 ἔργων
1410 967 1573 1002 δημιουργός
1583 969 1657 994 ἐστιν
1669 969 1685 1003 ἡ
1701 969 1796 1002 σοφία,
1813 970 1862 995 καὶ

1072 1013 1122 1039 οὐχ
1131 1012 1221 1048 ἔργον.
1237 1013 1328 1048 Ταύτῃ
1340 1014 1372 1048 τῇ
1385 1013 1508 1048 διαστολῇ
1525 1014 1571 1039 καὶ
1582 1014 1596 1040 ὁ
1611 1013 1715 1046 Παῦλος
1728 1014 1862 1049 κέχρηται

1072 1058 1185 1094 γράφων
1208 1058 1358 1094 Ἑϐραίοις·
1392 1058 1457 1085 Ζῶν
1481 1061 1535 1093 γὰρ
1551 1061 1566 1086 ό
1592 1060 1686 1093 Λόγος
1701 1059 1754 1086 τοῦ
1771 1059 1858 1091 Θεοῦ,

1071 1105 1120 1131 καὶ
1132 1104 1274 1139 ἐνεργὴς,
1290 1104 1340 1131 καὶ
1355 1104 1516 1140 τομώτερος
1533 1105 1609 1139 ὑπὲρ
1628 1105 1732 1132 πᾶσαν
1749 1105 1860 1140 μάχαι-

1068 1158 1127 1185 ραν
1136 1149 1289 1184 δίστομον,
1300 1150 1348 1177 καὶ
1360 1150 1567 1185 διικνούμενος
1576 1150 1644 1185 ἄχρι
1653 1150 1707 1186 (58)
1713 1152 1861 1186 μερισμοῦ

1071 1195 1175 1231 ψυχῆς
1187 1196 1236 1223 καὶ
1252 1197 1429 1231 πνεύματος,
1445 1195 1546 1231 ἁρμῶν
1557 1205 1589 1223 τε
1603 1197 1653 1223 καὶ
1663 1197 1792 1232 μυελῶν,
1805 1198 1856 1224 καί

1071 1241 1200 1276 κριτικὸς
1212 1242 1405 1276 ἐνθυμήσεων
1413 1241 1460 1268 καὶ
1470 1241 1593 1268 ἐννοιῶν
1603 1242 1733 1276 καρδίας,
1744 1242 1791 1269 καὶ
1804 1244 1861 1269 οὐκ

1071 1287 1136 1314 ἔστι
1144 1288 1242 1320 κτίσις
1249 1287 1368 1322 ἀφανὴς
1375 1288 1501 1314 ἐνώπιον
1506 1288 1598 1314 αὐτοῦ
1603 1307 1609 1319 ,
1617 1287 1714 1314 πάντα
1722 1288 1755 1314 δὲ
1762 1298 1789 1323 γι
1794 1289 1862 1323 εμνὰ

1070 1334 1119 1360 καὶ
1128 1333 1383 1369 τετραχηλισμένα
1390 1333 1450 1365 τοῖς
1459 1333 1622 1368 ὀφθαλμοῖς
1630 1334 1733 1366 αὑτοῦ,
1741 1335 1815 1369 πρὸς
1821 1335 1860 1361 ὃν

1073 1379 1146 1415 ἡμῖν
1162 1382 1177 1407 ό
1197 1381 1299 1414 λόγος.
1322 1380 1385 1406 Ἰδοὺ
1400 1380 1454 1415 γὰρ
1467 1379 1501 1406 τὰ
1517 1380 1565 1415 μὲν
1577 1381 1677 1415 γενητὰ
1691 1380 1778 1407 κτίσιν
1793 1381 1862 1407 ὠνό-

239 1426 310 1454 Ecce
323 1434 366 1454 res
385 1426 494 1461 quidem
511 1425 616 1459 factas,
634 1431 800 1459 creaturam,
822 1426 938 1461 appellat
953 1435 959 1453 :
977 1425 1021 1453 Fi-

1075 1435 1144 1462 μασε
1163 1425 1233 1462 (59)·
1250 1426 1295 1452 τὸν
1318 1426 1346 1452 δὲ
1368 1426 1432 1452 Υίδν
1449 1425 1533 1460 Λόγον
1549 1424 1617 1452 οἶδεν
1638 1425 1702 1452 ὄντα
1720 1426 1765 1452 τοῦ
1779 1426 1859 1459 Θεοῦ,

239 1472 306 1499 tium
317 1479 382 1499 vero
398 1471 517 1500 Verbum
533 1472 580 1500 Dei
593 1480 653 1501 esse
675 1474 750 1501 novit
761 1495 769 1507 ,
783 1478 876 1508 utpote
889 1474 936 1509 qui
951 1474 1022 1501 alius

239 1517 276 1544 sit.
292 1525 306 1543 ιι
319 1517 400 1544 rebus
415 1518 523 1545 creatis.
542 1517 610 1545 Cum
635 1518 698 1545 item
714 1518 805 1546 addit:
823 1518 919 1546 Omnia
935 1524 1022 1546 autem

239 1562 311 1589 nuda
324 1567 349 1589 et
366 1568 458 1597 aperta
473 1568 533 1590 sunt
551 1563 635 1590 oculis
651 1564 722 1598 ejus,
744 1565 777 1590 ad
800 1565 868 1598 quod
883 1564 958 1590 nobis
984 1568 1022 1591 est

238 1617 335 1642 sermo,
354 1610 436 1636 alium
455 1614 528 1637 certe
545 1618 607 1637 eum
620 1611 654 1638 ab
669 1610 797 1638 omnibus
805 1618 865 1638 esse
876 1610 1020 1645 signiﬁcat.

238 1653 308 1682 Hinc
323 1655 368 1681 ille
384 1655 493 1689 quidem
507 1655 611 1690 judicat
625 1665 633 1683 :
648 1656 762 1691 singula:
782 1663 847 1684 vero
863 1664 906 1683 res
926 1660 1024 1684 creatae

237 1701 264 1728 ei
281 1701 415 1728 rationem
447 1700 551 1729 referre
581 1706 717 1729 tenentur.
735 1701 774 1729 Ex
792 1709 825 1729 eo
839 1702 921 1729 etiam
945 1702 1021 1733 loco,

240 1746 288 1773 ubi
303 1745 431 1774 universa
446 1750 573 1774 creatura
603 1748 745 1775 nobiscum
761 1755 815 1774 una
842 1747 942 1775 dicitur
961 1755 1023 1774 con-

239 1798 346 1826 gemere
361 1795 391 1818 ut
403 1791 533 1819 liberetur
543 1800 558 1819 a
579 1794 709 1821 servitute
733 1792 915 1828 corruptionis
929 1791 1023 1831 “,IFi-

238 1839 305 1865 lium
319 1837 403 1865 alium
419 1845 434 1865 a
450 1838 531 1866 rebus
546 1839 645 1867 creatis
669 1845 729 1867 esse
746 1838 913 1866 ostenditur.
928 1838 1023 1865 Enim-

240 1893 303 1913 νει-ο
318 1887 340 1914 si
355 1892 465 1914 creatus
475 1891 558 1918 esset,
572 1894 644 1913 unus
654 1890 681 1913 et
694 1886 752 1920 ipse
763 1889 835 1913 esset
844 1885 1020 1920 gementium,

238 1933 284 1966 qui
294 1932 348 1960 alio
358 1933 458 1967 pariter
473 1939 541 1966 opus
553 1931 681 1965 haberet,
698 1939 713 1958 ιι
724 1939 779 1966 quo
792 1931 874 1958 simul
886 1931 945 1966 ipse
961 1938 1022 1958 cum

238 1978 367 2005 omnibus
386 1977 459 2005 ﬁlius
484 1975 636 2004 eﬂiceretur
648 1983 675 2003 et
700 1976 871 2003 liberaretur.
892 1975 921 2003 Si
941 1983 1022 2011 porro

240 2030 283 2049 res
296 2023 386 2050 omnis
408 2026 500 2050 creata
524 2021 660 2057 congemit
685 2025 715 2048 ut
739 2021 870 2049 liberetur
885 2028 900 2048 a
923 2028 1022 2048 corru-

238 2068 330 2103 ptione
347 2068 485 2095 servitutis
496 2088 503 2101 ,
518 2067 576 2103 ipse
600 2072 690 2094 autem
713 2066 800 2094 Filius
821 2074 875 2094 non
891 2074 965 2099 unus
979 2069 1021 2094 est

238 2113 402 2147 gementium
413 2133 421 2146 ,
437 2120 487 2140 nec
503 2112 680 2148 indigentium
695 2112 834 2145 libertate,
851 2112 899 2140 sed
913 2112 971 2146 ipse
979 2117 1022 2139 est

238 2158 286 2193 qui
300 2166 396 2187 omnes
413 2163 440 2186 et
451 2158 522 2187 ﬁlios
533 2158 613 2186 eﬂicit
628 2163 655 2186 et
671 2159 772 2186 liberos
790 2158 895 2192 reddit,
911 2162 941 2185 ut
954 2158 1018 2186 olim

1071 1473 1110 1504 ὡς
1126 1473 1207 1500 ἄλλου
1223 1473 1300 1504 δντος
1318 1472 1399 1499 αὑτοῦ
1421 1472 1496 1508 παρὰ
1515 1472 1549 1499 τὰ
1564 1473 1710 1508 κτίσματα.
1731 1473 1815 1500 Πάλιν
1830 1473 1860 1500 δὶ

1073 1518 1159 1553 λέγων
1169 1527 1175 1533 ·
1194 1519 1295 1545 Πάντα
1317 1518 1350 1544 δὲ
1364 1517 1418 1553 (40)
1434 1518 1531 1552 γυμνὰ
1543 1518 1591 1545 καὶ
1603 1518 1861 1553 τετραχηλισμένα

1072 1565 1135 1599 τοῖς
1151 1564 1314 1600 ὀφθαλμοῖς
1325 1564 1429 1597 αὐτοῦ,
1443 1565 1517 1599 πρὸς
1527 1564 1563 1591 ὃν
1575 1565 1647 1599 ἡμῖν
1660 1566 1676 1592 ό
1691 1565 1780 1599 λόγος
1790 1573 1798 1580 ·
1813 1565 1860 1591 ἆλ-

1073 1610 1117 1637 λον
1128 1611 1208 1638 αὐτὸν
1222 1609 1290 1637 εἶναι
1304 1611 1430 1646 σημαίνει
1444 1610 1498 1637 τῶν
1511 1610 1628 1637 πάντων.
1643 1610 1692 1637 Διὰ
1706 1610 1785 1637 τοῦτο
1804 1611 1859 1646 γὰρ

1073 1656 1121 1683 καὶ
1133 1657 1147 1683 ὁ
1162 1656 1212 1692 μὲν
1236 1656 1340 1691 κρίνει,
1365 1656 1418 1683 τῶν
1431 1656 1460 1683 δὲ
1477 1656 1598 1692 γενητῶν
1614 1657 1722 1683 πάντων
1744 1657 1860 1688 ἕκαστος

1074 1702 1222 1734 ὑπεύθυνός
1235 1703 1308 1729 ἔστιν
1322 1702 1395 1737 αὐτῷ
1407 1702 1504 1729 διδόναι
1518 1702 1606 1736 λόγον.
1634 1702 1726 1734 Οὕτως
1740 1703 1793 1739 ἄρα
1812 1705 1860 1730 καὶ

1072 1748 1121 1784 τῆς
1142 1748 1256 1780 κτίσεως
1275 1747 1365 1782 πάσης
1380 1747 1594 1783 συστεναξούσης
1604 1749 1670 1783 ἡμῖν
1684 1749 1723 1780 είς
1738 1748 1768 1775 τὸ
1784 1748 1860 1775 ἐλευ-

1073 1794 1223 1830 θερωθῆναι
1238 1795 1291 1821 ἀπὸ
1312 1796 1361 1829 τῆς
1372 1794 1493 1826 δουλείας
1511 1794 1560 1829 τῆς
1579 1794 1695 1829 φθορᾶς,
1713 1794 1791 1827 ἄλλος
1805 1795 1860 1821 τῶν

1073 1839 1227 1874 κτισμάτων
1240 1838 1375 1866 δείκνυται
1389 1837 1457 1865 εἶναι
1470 1839 1524 1872 (41')
1535 1839 1549 1864 ὁ
1558 1838 1631 1870 Υἱός.
1649 1839 1679 1865 Ei
1693 1839 1747 1874 γὰρ
1758 1837 1790 1874 ἦν
1801 1839 1860 1865 κτί-

1074 1893 1140 1920 σμα,
1147 1882 1185 1916 εἷς
1195 1882 1228 1919 ἦν
1234 1885 1279 1911 καὶ
1290 1884 1338 1911 αὐτ
1342 1884 1369 1916 ὺς
1375 1884 1428 1910 τῶν
1434 1885 1621 1916 στεναζόντων,
1628 1884 1674 1911 καὶ
1682 1884 1859 1919 δεόμενοςτοῦ

1073 1929 1253 1960 υἱοποιοῦντος
1265 1929 1313 1955 καὶ
1323 1929 1527 1965 ὲλευθεροῦντος
1539 1930 1585 1957 καὶ
1600 1930 1680 1957 αὑτὸν
1699 1930 1768 1964 μετὰ
1785 1930 1855 1956 πάν-

1072 1984 1135 2003 των.
1163 1976 1194 2002 Εἰ
1207 1975 1234 2001 δὲ
1247 1976 1322 2001 πᾶσα
1334 1975 1382 2009 μὲν
1395 1976 1412 2010 ἡ
1427 1976 1514 2007 κτίσις
1529 1976 1685 2008 συστενάζει
1702 1976 1859 2013 ἐλευθερίας

1073 2021 1151 2058 χάριν
1166 2021 1215 2056 τῆς
1230 2021 1283 2047 ἀπὸ
1305 2020 1354 2055 τῆς
1373 2020 1475 2056 φθορᾶς
1495 2022 1544 2056 τῆς
1565 2022 1703 2054 δουλείας,
1716 2023 1731 2048 ὁ
1752 2022 1781 2048 δὲ
1796 2022 1860 2053 Υἱὸς

1073 2068 1123 2094 οὐκ
1137 2067 1195 2093 ἔστι
1208 2066 1261 2092 τῶν
1278 2066 1458 2098 στεναζόντων
1467 2082 1479 2099 φ
1493 2068 1552 2094 οὐδὲ
1566 2068 1619 2095 τῶν
1635 2068 1769 2104 δεομένων
1784 2068 1860 2094 ἔλευ-

1074 2113 1181 2149 θερίας,
1196 2112 1253 2139 ἀλλ’
1270 2113 1351 2144 αὑτός
1369 2114 1442 2139 ἔστιν
1454 2115 1468 2140 ὁ
1480 2113 1607 2141 υἱοποιῶν
1624 2114 1679 2149 (42)
1691 2114 1738 2141 xui.
1751 2114 1860 2141 ἐλευθε-

1074 2157 1128 2194 ρῶν
1148 2157 1182 2184 τὰ
1200 2158 1306 2189 πάντα,
1329 2157 1415 2191 λέγων
1431 2159 1490 2190 τοῖς
1512 2158 1572 2185 τότε
1602 2159 1755 2191 Ἰουδαίοις·
1782 2159 1809 2185 ‘0
1825 2158 1860 2185 δὲ

274 2227 295 2243 ’⁸
310 2226 382 2253 Psai.
396 2232 483 2257 xxx",
498 2225 524 2252 4.
563 2226 585 2241 "
597 2225 669 2252 Psal.
683 2233 739 2258 cm,
750 2225 796 2251 24.
834 2226 856 2241 '°
868 2225 949 2252 Hebr.
968 2234 1006 2258 IV,

1090 2224 1134 2251 15.
1173 2225 1194 2240 ⁸¹
1212 2223 1291 2251 Rom.
1308 2231 1369 2256 Vlll,
1384 2223 1429 2257 21,
1441 2224 1487 2252 22.

273 2306 330 2340 (x34)
343 2305 458 2350 ἓρβμοις.
480 2305 620 2350 Anglican.
642 2311 675 2350 ,ιιι
690 2304 763 2350 Ιξιειιεἱ
778 2305 804 2333 4.
814 2305 860 2350 rob
877 2303 1018 2350 rap‘s'loﬁ:

1075 2303 1312 2350 κτίσιν-ὀνομάζει.
1323 2302 1409 2350 Pauli)
1420 2303 1574 2350 post.‘Fe_le.
1597 2305 1614 2331 2
1629 2309 1656 2332 et
1673 2305 1762 2350 Ileditio
1777 2305 1859 2349 com:

237 2338 327 2367 κασινζ
342 2338 497 2368 Gobleriau.
511 2338 538 2367 ei,
552 2339 623 2367 Felc.
640 2340 665 2372 1,
680 2340 709 2366 οὐ
728 2338 783 2374 γὰρ
797 2338 920 2366 εῖπασινζ
929 2338 982 2365 Alii
992 2343 1019 2365 et

1075 2339 1135 2366 mel.
1163 2338 1238 2370 ὀντες
1261 2338 1309 2365 τοῦ
1333 2338 1419 2374 παρά.
1451 2338 1546 2366 (lateri
1576 2347 1643 2368 mss.
1672 2339 1749 2371 ὕντος
1774 2341 1858 2367 αὐτοῦ

237 2376 302 2402 editi
318 2380 465 2410 utrumque
477 2375 615 2402 omittunt.

272 2410 329 2471 ἔξω
343 2410 399 2437 Καὶ
414 2407 648 2446 mmmam;
671 2410 746 2437 deest
763 2409 789 2435 iu
802 2408 884 2436 Basil.
908 2407 1017 2436 Gobler.

236 2450 264 2473 et
299 2444 433 2473 elckman.
449 2446 473 2471 t.

273 2480 328 2515 (36)
349 2480 459 2514 Seguer.
476 2479 658 2512 Rex.etFelc.
673 2480 692 2515 4
701 2479 813 2515 addunt,
829 2479 858 2505 ὲν
883 2478 1017 2515 Ψαλμοῖς,

257 2513 348 2554 updin
362 2513 423 2554 aliis
437 2521 462 2542 et
478 2516 558 2554 editis
571 2515 664 2554 deest;
682 2514 749 2554 Ibid.
765 2513 880 2554 Seguer.
900 2513 1014 2554 ροῦμεν.

236 2548 311 2590 I_-‘elc;
362 2552 430 2590 et_4,
451 2550 519 2585 μετὰ
535 2550 621 2585 καλῆς
634 2550 693 2586 τῆς.
710 2549 793 2577 Basil.
808 2548 874 2577 ibid.
895 2549 909 2575 ό
932 2549 1015 2583 Λόγος

236 2586 250 2610 ὁ
267 2586 313 2611 τοῦ
327 2586 438 2620 Κυρίου.

235 2620 415 2679 διέξτᾎὲῖιρ.
429 2621 444 2647 5
460 2620 492 2648 ἄν
504 2620 616 2648 omittit.
634 2619 697 2648 Mox
711 2619 783 2648 Felc.
801 2620 828 2652 4,
855 2619 901 2646 καὶ
917 2619 966 2645 οὑκ
985 2618 1017 2645 ἂν

252 2655 395 2682 ιέστελλεν.

273 2691 328 2726 (53)
355 2690 466 2724 Sugucr.
493 2695 520 2718 et
545 2690 618 2719 Felc.
643 2691 678 2723 4,
714 2690 804 2726 μέχρι.
835 2688 934 2726 ἔξιιείι.Δ
957 2688 1022 2726 ibid.

237 2724 337 2761 μελῶν.
352 2726 436 2751 Pqun
450 2730 520 2759 post,
538 2726 697 2761 Seguerian.
713 2724 821 2753 Gobler.
838 2724 910 2752 Felc.
924 2724 936 2750 1
952 2729 978 2751 et
989 2724 1017 2755 4,

230 2760 364 2796 omittunt
376 2761 424 2786 καὶ
439 2760 546 2796 ἐννοιῶν
562 2761 683 2796 καρδίας.

268 2794 326 2832 (39)
347 2795 459 2831 Seguer.
485 2794 688 2823 Gobler.‘Felc.
713 2796 725 2823 1
752 2801 778 2824 et
802 2796 829 2829 4,
846 2796 890 2832 ¹τὰ
917 2795 1016 2830 γενητὰ

1071 2382 1286 2444 παᾶῶὃεᾳυοτ.
1307 2407 1374 2444 Ποῦ.
1407 2408 1514 2443 Anglic.
1544 2408 1653 2436 Gobler.
1682 2409 1754 2437 Feic.
1787 2410 1812 2441 1,
1839 2412 1858 2436 ‘3.

1069 2448 1097 2471 et
1110 2444 1137 2476 4,
1152 2443 1244 2470 Πάντα
1256 2444 1294 2470 δέ.
1311 2443 1394 2475 Editi,
1409 2444 1502 2470 Πάντα
1523 2444 1578 2471 καί.
1598 2444 1682 2472 Basil.
1707 2445 1808 2471 omittit
1828 2445 1858 2471 δέ

1069 2478 1313 2515 ειῗκαίχιὴὶᾱθιι]
1346 2478 1420 2506 Felc.
1452 2479 1520 2515 27m.
1545 2479 1628 2515 editio
1661 2480 1793 2507 Commel.
1818 2480 1859 2515 τῷ

1070 2513 1218 2550 ιξςρίὶαλμῷὲ
1228 2514 1280 2540 Alii
1296 2521 1378 2550 mss.»
1399 2513 1634 2550 τοῖςνὸφΘ-αλμοῖς.
1653 2515 1713 2541 Μαι
1745 2513 1859 2550 Segni-tr.

1071 2547 1280 2577 Groblei'fFeie:
1292 2549 1304 2575 1
1315 2553 1352 2584 _et
1365 2548 1392 2581 4,
1409 2547 1574 2576 αὺτδνεῖναὶ
1594 2550 1733 2584 σημαίνει.
1752 2547 1860 2577 Ιιιίιιὶἰς

1071 2589 1098 2611 et
1114 2585 1194 2611 editis
1213 2585 1289 2612 deest
1301 2581 1379 2610 εἶναι.

1112 2619 1167 2659 ςῌ)
1268 2619 1388 2659 ξεευοτ..
1411 2618 1477 2653 Reg.
1503 2619 1611 2647 Gobler.
1635 2626 1662 2647 et
1690 2620 1763 2647 Fclc.
1781 2619 1860 2646 LAt

1077 2652 1141 2681 editi
1157 2652 1184 2681 et
1197 2655 1242 2681 alii
1253 2652 1322 2680 εἶναι
1336 2652 1473 2681 omittunt.
1845 2674 1852 2676 .

1111 2689 1166 2724 (42)
1192 2689 1305 2725 Seguer.
1328 2690 1400 2725 ἔστιν
1415 2690 1429 2715 ὁ
1447 2689 1585 2725 υίοποιῷν.
1607 2690 1703 2717 Czctcri
1724 2695 1751 2717 et
1778 2690 1858 2719 editi.

1076 2724 1150 2751 ἐστιν
1166 2724 1303 2751 υἱοπὸιῶν.
1324 2724 1404 2751 Busil.
1420 2725 1484 2751 ibid.
1512 2724 1602 2759 δῆλον,
1619 2725 1656 2757 ὼς
1680 2725 1762 2757 αὐτός
1784 2725 1859 2752 ἐστιν

1074 2760 1209 2787 υἰοποιῶν.
1229 2760 1288 2787 Mox
1304 2759 1462 2795 Segueriau.
1485 2760 1499 2785 ὁ
1513 2759 1612 2791 δοῦλος.
