1941 3037
204 124 254 152 5H
527 127 556 155 S.
575 127 762 156 ATHANASII
782 128 858 157 OPP.
876 128 968 156 PARS
986 128 1007 156 Ι.

1032 143 1063 149 -
1085 127 1270 156 HISTOBICA
1289 127 1334 155 ΕΤ
1353 127 1563 157 DOGMATICA.
1773 129 1829 158 MS

205 189 220 208 e
234 189 263 209 re
281 189 342 210 esse
355 182 461 211 videtur
483 191 534 211 nec
550 184 631 212 istum
646 185 759 214 reticere
775 195 781 213 :
800 186 869 214 forte
883 186 988 215 accidet.

1046 187 1083 214 τδν
1098 187 1169 219 νοῦν,
1185 187 1330 214 ἀκόλουθον
1345 187 1392 214 καὶ
1405 187 1498 214 τοῦτον
1513 187 1558 214 τδν
1571 187 1632 214 νοῦν
1642 187 1743 214 εἰπεῖν’
1761 187 1829 220 ἴσως

205 231 236 253 ut
259 228 353 255 ntultis
368 228 511 257 aﬂ‘erendis
523 229 626 264 pudore
646 230 798 259 alliciantur
825 231 924 260 insani.
940 231 988 260 His

205 277 296 300 autem
313 281 374 308 quae
386 273 443 309 jam
470 279 583 302 tractata
599 281 662 303 sunt
680 284 750 311 opus
765 277 843 305 nobis
857 283 899 305 est
916 287 922 305 :
943 278 989 305 hic

205 317 278 344 enim
297 317 330 345 de
354 319 449 346 eodem
469 319 612 354 proverbio
627 321 660 348 de
676 322 826 358 eademque
853 323 988 358 sapientia

205 363 304 398 agitur.
327 362 386 391 Non
402 365 470 392 dixit
487 365 604 394 Verbum
618 375 648 395 se
663 372 761 395 natura
779 376 841 396 esse
853 374 987 403 creatum.

204 409 252 436 led
265 409 292 436 in
311 408 464 439 Proverbiis
479 412 557 445 dixit,
573 413 701 440 Dominus
717 415 814 442 creauit
828 424 869 442 me
884 415 916 442 ⁷⁸.
932 415 988 442 Ma-

204 454 332 482 nifestum
356 462 397 484 est
416 462 507 484 autem
532 459 577 486 hic
603 467 714 488 sensum
728 461 844 496 aliquem
861 469 914 489 non
938 462 988 489 ob-

204 501 277 528 vium
297 501 343 529 sed
359 502 488 530 latentem
503 503 666 539 signiﬁcari,
681 514 762 540 quem
784 507 891 542 quidem
921 515 988 535 con-

204 554 359 582 sequemur,
384 549 408 575 si
431 550 567 584 proverbii
582 552 671 578 velum
687 552 872 580 detrahamus.
890 553 989 588 Ecquis

204 594 277 621 enim
290 594 415 629 opiﬁcem
431 594 599 630 Sapientiam
624 597 759 625 dicentem
779 599 912 632 audiens,
933 600 987 627 Do-

204 640 291 667 minus
312 641 409 668 creauit
433 649 473 668 me
498 642 659 678 principium
685 645 788 671 viarum
811 654 921 672 suarum
946 646 988 680 ⁷⁹,

204 694 259 713 non
273 686 403 715 continuo
431 694 543 715 sensum
568 689 704 724 exquirat,
728 697 875 726 secumque
891 692 990 727 cogitet

204 732 342 767 quomodo
353 734 470 761 creatrix
482 736 568 763 creari
585 737 696 771 possit?
729 736 796 770 Quis
820 738 988 773 unigenitum

204 778 253 806 Dei
269 778 368 806 Filium
394 787 423 808 se
450 780 556 808 viarum
573 782 737 817 principium
757 784 844 811 creari
871 784 988 812 aientem

204 822 329 855 audiens,
345 831 399 851 non
416 831 470 859 qua
487 825 594 854 ratione
610 826 635 854 id
651 827 751 855 dixerit
773 828 925 864 investiget,
941 830 989 857 ad-

204 867 382 903 mireturque,
408 870 456 904 qui
485 869 544 898 ﬁeri
561 875 643 906 queat
670 877 700 899 ut
723 873 879 908 unigenitus
901 874 988 903 Filius
1004 865 1025 893 Β

204 913 352 941 multorum
372 914 489 942 aliorum
503 915 540 943 sit
561 917 725 952 principium
741 919 753 945 ἲ
778 919 905 955 Ailnigma
923 928 988 949 sane

204 958 270 986 illud
290 964 342 987 est.
364 959 464 988 Verum
481 962 522 988 uir
542 962 703 999 intelligens,
725 965 814 1000 inquit
836 966 987 1001 Scriptura,

203 1004 332 1040 intelliget
353 1007 510 1041 parabolam
524 1013 549 1035 et
566 1009 707 1037 obscurum
721 1019 877 1046 sermonem,
898 1013 988 1040 verba-
1002 1004 1004 1007 I

203 1059 251 1086 que
265 1056 289 1078 et
304 1053 447 1088 aenigmata
461 1054 611 1089 sapientum
623 1056 658 1084 '°.

240 1096 283 1124 78.
294 1097 438 1134 Unigenita
449 1100 531 1135 igitur
538 1101 650 1137 ipsaque
657 1102 704 1131 Dei
713 1104 856 1139 sapientia,
865 1106 988 1133 omnium

204 1143 319 1171 creatrix
336 1148 379 1173 est
408 1152 435 1174 et
448 1147 581 1175 ell‘ectrix.
598 1148 694 1176 Omnia
714 1151 800 1184 enim,
824 1151 933 1186 inquit,
960 1153 988 1179 in

203 1190 334 1224 sapientia
346 1191 433 1227 fecisti
446 1194 480 1228 ⁸¹,
495 1199 523 1222 et
536 1204 542 1222 :
552 1195 633 1231 432
654 1196 765 1231 lmpleta
775 1202 813 1224 est
834 1203 905 1224 terra
917 1206 990 1226 crea-

205 1237 274 1264 tione
294 1243 340 1264 tua
356 1239 389 1266 ⁵¹.
407 1238 443 1267 Ut
468 1245 558 1269 autem
573 1249 617 1270 res
634 1242 710 1270 factm
731 1251 786 1270 non
801 1248 905 1272 tantum
916 1246 990 1273 exsi-

205 1286 324 1316 sterent,
339 1284 386 1312 sed
405 1285 486 1313 etiam
502 1286 750 1320 beneexsisterent,
767 1289 870 1324 placuit
887 1289 940 1317 Deo
960 1296 990 1318 ut

205 1336 255 1356 sua
276 1329 414 1364 Sapientia
433 1340 463 1359 se
481 1333 516 1361 ad
533 1341 576 1361 res
592 1339 700 1362 creatas
716 1337 945 1367 accommodaret.
961 1343 991 1365 ut

205 1374 321 1402 formam
345 1377 519 1414 speciemque
541 1379 661 1415 aliquam
682 1381 768 1416 ipsius
785 1382 912 1417 imaginis
927 1391 989 1411 cum

205 1420 232 1447 in
246 1422 374 1450 omnibus
392 1423 473 1451 simul
487 1428 545 1452 tum
565 1425 592 1452 in
610 1426 725 1461 singulis
741 1426 920 1462 imprimeret,
935 1435 990 1464 quo

205 1466 335 1495 nimirum
359 1469 533 1504 perspicuum
563 1471 639 1499 ﬁeret
672 1476 700 1500 et
723 1473 855 1508 sapientia
879 1479 990 1502 ornatas

1040 234 1072 260 ὲκ
1088 233 1191 260 πολλῶν
1220 233 1389 268 ὲντραπῶσιν
1409 234 1433 260 οἱ
1457 233 1574 268 ἀνόητοι.
1594 233 1679 270 Χρεία
1695 233 1724 260 δὲ
1745 234 1829 261 πάλιν

1039 279 1093 307 τῶν
1115 279 1336 316 προειρημένων·
1360 280 1424 315 περὶ
1445 279 1498 314 γὰρ
1512 279 1562 314 τῆς
1578 279 1661 315 αὐτῆς
1679 280 1828 316 παροιμίας

1039 325 1086 352 καὶ
1098 326 1147 361 τῆς
1162 325 1246 359 αὐτῆς
1258 324 1352 359 σοφίας
1364 325 1423 351 ἐστὶ
1436 325 1466 351 τὸ
1481 325 1668 360 προκείμενον.
1686 325 1742 352 οὐκ
1755 325 1829 361 sipri-

1039 380 1088 398 κεν
1103 370 1199 398 ἑαυτὸν
1215 369 1283 397 εἶναι
1301 371 1333 406 τῇ
1359 370 1438 405 φύσει
1460 370 1562 406 κτίσμα
1576 372 1591 397 6
1604 371 1699 405 Λόγος,
1722 371 1779 398 ἀλλ’
1797 372 1827 397 ὲν

1040 417 1202 452 Παροιμίαις
1227 417 1323 453 εῐρηκε
1336 417 1377 448 τὸ,
1393 417 1499 451 Κύριος
1515 416 1616 443 ἐκτισέ
1629 425 1683 451 με’
1693 418 1740 445 καὶ
1747 417 1827 453 δῆλόν

1038 464 1111 490 ἔστιν
1121 463 1161 490 ὅτι
1173 462 1234 489 νοῦν
1252 470 1312 488 τινα
1323 462 1354 488 οὐ
1365 462 1514 498 παρρησίᾳ,
1522 462 1589 489 ἀλλὰ
1600 462 1693 489 τοῦτον
1704 471 1826 498 κεκρυμ-

1041 509 1120 545 μένον
1138 508 1273 544 σημαίνει,
1296 509 1386 535 ὅντινα
1402 508 1448 535 καὶ
1469 509 1541 544 ἡμᾶς
1553 507 1663 535 δυνατὸν
1685 509 1784 544 εὑρεῖν,
1801 510 1827 536 εὶ

1040 555 1214 590 Περιέλοιμεν
1235 554 1266 580 τὸ
1282 553 1412 589 κάλυμμα
1432 553 1483 589 τῆς
1506 554 1664 590 παροιμίας.
1691 554 1740 585 Τίς
1771 553 1827 590 γὰρ

1040 601 1146 628 ἀκούων
1159 600 1208 636 τῆς
1219 599 1384 636 δημιουργοῦ
1398 599 1503 634 σοφίας,
1515 600 1621 634 Κύριος
1630 600 1665 636 (ί)
1677 600 1777 628 exuat
1787 609 1829 636 με

1039 648 1138 684 ἀρχὴν
1158 647 1235 676 ὁδῶν
1258 647 1362 679 αὑτοῦ,
1388 646 1554 682 φασκούοης,
1577 646 1627 673 οὐκ
1648 646 1727 678 εὐθὺς
1751 645 1829 682 ζητεῖ

1039 696 1088 731 τὴν
1106 695 1234 727 διάνοιαν,
1254 693 1427 729 λογιζόμενος
1451 692 1510 724 πῶς
1528 692 1637 720 δύναται
1657 693 1674 728 ἡ
1697 692 1829 724 κτίζουσα

1039 741 1195 774 κτίζεσθαι;
1220 741 1278 772 Τίς,
1300 739 1419 771 ἀκούσας
1443 738 1490 766 τοῦ
1509 738 1670 774 μονογενοῦς
1692 737 1755 764 Υίοῦ
1778 736 1828 765 τοῦ

1039 787 1107 815 Θεοῦ
1129 787 1269 822 λέγοντος,
1291 786 1377 823 ἀρχὴν
1398 785 1464 813 ὁδῶν
1486 785 1581 812 ἑαυτὸν
1601 784 1754 817 κτίζεσθαι,
1777 784 1829 811 οὐκ

1040 836 1138 871 ὲρευνᾷ
1149 835 1195 862 τὸν
1216 834 1289 868 νοῦν,
1305 834 1463 870 θαυμάζων,
1482 834 1540 865 πῶς
1555 832 1665 860 δύναται
1684 833 1698 860 6
1715 840 1828 868 μονογε-

1040 882 1088 917 νὴς
1103 881 1166 913 Υἱὸς
1181 881 1267 909 ἄλλων
1281 880 1320 916 (2)
1337 880 1440 908 πολλῶν
1458 880 1530 916 ἀρχὴ
1552 879 1691 914 γίνεσθαι;
1709 878 1829 914 Δῐνιγμα

1041 929 1089 964 μὲν
1105 928 1192 955 ἐστιν·
1217 929 1244 954 ’0
1270 928 1299 955 δὲ
1321 927 1451 963 νοήμων,
1471 927 1548 963 φησὶ,
1568 927 1673 960 νοήσει
1699 926 1829 960 παρασο-

1038 975 1100 1009 λὴν
1114 975 1162 1002 καί
1179 974 1336 1002 σκοτεινὸν
1353 975 1463 1009 λόγον,
1484 973 1591 1008 ῥήσεις
1612 981 1645 1000 τε
1660 971 1764 1007 σοφῶν
1778 971 1829 998 καὶ

1039 1021 1206 1056 αἰνίγματα.

1074 1110 1118 1137 78,
1140 1111 1173 1137 Ἦ
1188 1110 1236 1145 μὲν
1251 1107 1297 1136 οὖν
1314 1109 1459 1145 μονογενὴς
1474 1109 1521 1136 καὶ
1536 1108 1682 1142 αὐτοσοφία
1697 1108 1744 1135 τοῦ
1759 1108 1828 1135 Θεοῦ

1039 1157 1168 1189 κτίζουσα
1190 1158 1237 1184 καὶ
1252 1156 1416 1193 δημιουργός
1432 1157 1489 1183 ἐστι
1506 1155 1561 1183 τῶν
1580 1155 1702 1182 πάντων·
1727 1153 1830 1182 Πάντα

1039 1204 1104 1240 γὰρ,
1129 1205 1220 1239 φησὶν,
1235 1203 1269 1230 ἐν
1292 1203 1385 1237 σοφίᾳ
1410 1202 1566 1236 ἐποίησας,
1592 1201 1639 1228 καὶ
1654 1201 1702 1236 (3),
1723 1202 1845 1234 Ὲπ.2η--

1035 1249 1116 1284 ρώθη
1136 1251 1155 1284 ἡ
1177 1249 1215 1284 τῆ
1242 1250 1297 1283 τῆς
1316 1249 1439 1282 κτίσεώς
1466 1256 1535 1276 σου.
1550 1249 1608 1275 ’Ἱνα
1628 1248 1655 1275 δὲ
1681 1248 1717 1283 μὴ
1749 1247 1830 1282 μόνον

1041 1295 1150 1332 ὑπάρχῃ
1164 1295 1199 1322 τὰ
1212 1295 1355 1330 γενόμενα,
1376 1294 1443 1321 ἀλλὰ
1461 1295 1507 1321 καὶ
1530 1293 1620 1325 καλῶς
1639 1293 1748 1328 ὑπάρχῃ
1758 1312 1765 1323 ,
1781 1293 1830 1328 ηὑ-

1039 1342 1153 1378 δόκησεν
1164 1344 1179 1369 ὀ
1191 1342 1256 1374 Θεὸς
1269 1341 1473 1376 συγκαταϐῆναι
1487 1341 1537 1376 τὴν
1549 1340 1644 1367 ἑαυτοῦ
1660 1340 1757 1374 Σοφίαν
1773 1340 1830 1370 τοῖς

1040 1390 1197 1424 κτίσμασιν·
1219 1388 1289 1415 ὥστε
1311 1388 1395 1414 τύπον
1415 1387 1476 1414 τινὰ
1501 1388 1547 1414 καὶ
1562 1387 1711 1420 φαντασίαν
1727 1385 1831 1416 εἰκόνος

1040 1436 1124 1471 αὐτῆς
1138 1435 1175 1470 (4)
1189 1436 1218 1462 ὲν
1233 1435 1298 1462 πᾶσι
1317 1443 1348 1460 τε
1361 1435 1436 1469 κοινῇ
1461 1433 1506 1460 καὶ
1523 1434 1630 1468 ἑκάστῳ
1643 1433 1768 1465 ἐνθεῖναι,
1787 1432 1831 1458 ἵνα

1041 1482 1088 1508 καὶ
1103 1481 1172 1516 σοφὰ
1188 1481 1222 1507 τὰ
1235 1481 1377 1516 γενόμενα,
1397 1480 1443 1506 καὶ
1460 1479 1521 1512 ἄξια
1540 1479 1588 1506 τοῦ
1607 1478 1674 1505 Θεοῦ
1690 1478 1757 1514 ἔργα
1774 1477 1830 1504 δεί-

204 1520 266 1540 esse
285 1521 328 1542 res
354 1514 450 1548 iactas,
469 1520 496 1544 et
512 1516 593 1552 digna
611 1517 665 1546 Deo
679 1526 740 1546 esse
756 1526 848 1554 opera.
866 1518 900 1547 Ut
916 1520 988 1548 enim

1046 1514 1146 1555 mutati
1169 1528 1212 1559 Ὠς
1230 1514 1285 1562 γὰρ
1301 1514 1390 1560 λόγου
1411 1526 1488 1557 ὄντος
1502 1525 1548 1552 τοῦ
1568 1524 1633 1551 Υἰοῦ
1648 1524 1695 1550 τοῦ
1711 1523 1778 1550 Θεοῦ
1793 1524 1831 1549 εἱ-

206 1564 331 1587 nostrum
355 1561 467 1588 verbum
482 1583 490 1596 ,
508 1561 608 1596 Verbi,
629 1564 675 1599 qui
692 1563 739 1592 Dei
755 1569 796 1592 est
818 1565 903 1594 Filius
917 1587 924 1599 ,
949 1571 992 1594 est

206 1606 296 1641 imago
315 1616 321 1633 :
340 1607 378 1635 ita
397 1609 529 1643 sapientia
545 1611 573 1637 in
588 1610 667 1638 nobis
680 1610 751 1638 [acta
763 1612 886 1647 ejusdem
897 1612 990 1646 Verbi,

205 1658 268 1685 quae
282 1652 340 1686 ipsa
356 1657 398 1680 est
414 1652 564 1688 Sapicutia,
585 1655 675 1691 imago
689 1664 799 1692 quoque
824 1663 875 1690 est,
892 1658 920 1685 in
937 1665 992 1693 qua

207 1708 269 1727 cum
293 1701 349 1727 vim
375 1702 480 1729 sciendi
495 1707 522 1730 et
537 1703 705 1739 intelligendi
722 1705 882 1739 habeamus,
900 1706 991 1735 idonei

206 1745 340 1774 ellieimur
368 1747 413 1782 qui
439 1749 598 1777 creatrieem
625 1750 793 1786 Sapientiam
816 1753 991 1788 recipiamus,

207 1793 386 1829 ejusdemque
411 1794 519 1823 Patrem
544 1803 592 1831 per
617 1797 703 1830 ipsam
727 1806 875 1833 possumus
891 1808 993 1835 cogno—

207 1847 293 1867 scere.
309 1839 377 1868 Nam
391 1841 437 1876 qui
455 1841 532 1869 habet
555 1842 665 1877 Filium,
685 1843 784 1879 inquit,
804 1845 880 1873 habet
897 1851 921 1873 et
937 1845 992 1872 Pa-

207 1891 276 1912 trem
289 1886 324 1918 5',
343 1891 380 1918 et,
412 1887 464 1920 Qui
479 1895 519 1915 me
544 1889 647 1923 recipit,
663 1891 756 1925 recipit
780 1899 839 1918 eum
861 1892 906 1927 qui
921 1892 992 1919 mittit

208 1939 248 1958 me
264 1931 297 1959 ⁸⁸.
315 1932 451 1966 Quoniam
476 1941 541 1969 ergo
554 1935 712 1969 huiusmodi
732 1936 878 1972 Sapientiae
904 1937 993 1966 forma

208 1983 299 2006 creata
317 1979 343 2006 iu
360 1979 439 2008 nobis
453 1985 480 2007 et
495 1980 522 2007 in
547 1981 677 2009 omnibus
694 1987 746 2016 est,
775 1991 830 2011 non
856 1983 993 2012 immerito

208 2031 274 2050 vera
290 2030 317 2052 et
340 2024 431 2060 opifex
454 2025 593 2061 Sapientia
614 2035 646 2055 ea
674 2036 736 2063 quae
751 2036 808 2057 suae
823 2028 918 2057 forma
934 2037 994 2064 pro-

208 2069 266 2105 pria
282 2075 345 2098 sunt
362 2071 414 2098 sibi
430 2071 482 2107 ipsi
501 2073 639 2101 ascisoens
663 2074 720 2107 ait,
742 2073 868 2102 Dominus
896 2076 994 2103 creavit

209 2123 250 2141 me
260 2116 288 2142 in
307 2124 385 2150 opera
397 2125 456 2145 sua.
472 2117 578 2154 Quippe
596 2126 628 2146 ea
651 2127 713 2154 quae
727 2120 871 2154 sapientia,
889 2128 949 2155 quae
965 2121 993 2148 in

208 2162 289 2189 nobis
310 2166 362 2196 est,
385 2163 517 2198 loquitur,
543 2164 602 2192 hate
626 2165 684 2200 ipse
710 2164 843 2194 Dominus
864 2170 993 2202 tanquam

207 2209 316 2244 propria
343 2214 467 2244 usurpat.
497 2205 638 2243 Quocirca'
655 2219 711 2239 non
740 2212 784 2239 ille
811 2217 920 2240 creatur
946 2213 993 2248 qui

1044 1573 1100 1601 κὼν
1115 1575 1188 1600 ἐστιν
1205 1574 1220 1600 ὁ
1235 1573 1368 1609 ἡμέτερος
1379 1572 1466 1606 λόγος,
1482 1571 1567 1602 οὕτως
1586 1571 1661 1601 ὕντος
1678 1569 1760 1597 αὐτοῦ
1778 1570 1830 1596 Σο-

1045 1619 1108 1655 gain;
1120 1619 1158 1654 (5)
1170 1619 1250 1646 εἰκὼν
1268 1619 1347 1646 πάλιν
1361 1619 1432 1645 ἐστὶν
1443 1620 1459 1653 ἡ
1472 1619 1501 1644 ὲν
1513 1618 1577 1653 ἡμῖν
1589 1617 1721 1652 γενομένη
1733 1617 1812 1650 σοφία
1821 1624 1828 1631 ·

1044 1665 1073 1690 ὲν
1115 1665 1145 1690 τὸ
1157 1664 1255 1691 ειδέναι
1270 1665 1315 1690 καὶ
1329 1663 1359 1690 τὸ
1377 1664 1483 1699 φρονεῖν
1493 1663 1609 1698 ἔχοντες,
1622 1661 1740 1688 δεκτικοὶ
1759 1661 1833 1695 γινό-

1047 1710 1117 1745 μεθα
1133 1710 1184 1745 τῆς
1194 1709 1359 1745 δημιουργοῦ
1371 1708 1480 1744 Σοφίας,
1491 1709 1538 1735 καὶ
1547 1708 1580 1735 δι’
1590 1708 1674 1743 αὐτῆς
1688 1706 1834 1742 γινώσκειν

1044 1755 1181 1791 δυνάμεθα
1202 1756 1248 1782 τὸν
1269 1755 1352 1790 αὐτῆς
1377 1755 1495 1790 Πατέρα.
1519 1754 1551 1781 '0
1573 1754 1627 1790 γὰρ
1647 1753 1735 1788 ἔχων,
1754 1753 1833 1788 φησὶ,

1044 1801 1098 1828 τὸν
1118 1798 1196 1833 nor,
1211 1800 1273 1834 ἔχει
1284 1801 1333 1827 καὶ
1346 1800 1398 1827 τὸν
1409 1799 1540 1833 Πατέρα·
1558 1798 1655 1831 καὶ,¹0
1670 1798 1834 1832 δεχόμωιός

1043 1856 1081 1883 με
1091 1847 1140 1882 (6),
1155 1846 1271 1881 δέχεται
1284 1846 1338 1873 τὸν
1347 1844 1571 1873 ἀποστείλαντά
1582 1852 1628 1879 με.
1643 1843 1768 1870 Τοιούτου
1779 1843 1834 1870 τοί-

1045 1902 1091 1921 νυν
1107 1894 1192 1920 τύπου
1207 1894 1256 1928 τῆς
1273 1893 1371 1927 Σοφίας
1387 1892 1541 1923 κτισθέντος
1563 1892 1591 1919 ὲν
1611 1892 1677 1926 ἡμῖν
1695 1899 1725 1917 τε
1742 1891 1789 1917 καὶ
1803 1891 1834 1916 ἐν

1045 1940 1112 1966 πᾶσι
1126 1940 1182 1971 τοῖς
1201 1938 1291 1974 ἔργοις
1312 1938 1396 1970 δντος,
1416 1937 1529 1968 εἰκότως
1545 1936 1562 1971 ἡ
1587 1935 1699 1971 ἀληθινὴ
1721 1935 1767 1962 καὶ
1784 1934 1834 1969 δη-

1047 1985 1176 2022 μιουργὸς
1198 1985 1295 2019 Σοφία,
1313 1983 1347 2010 τὰ
1373 1982 1420 2010 τοῦ
1446 1982 1532 2009 τύπου
1555 1981 1656 2016 ἑαυτῆς
1674 1982 1714 2012 εις
1735 1980 1834 2015 ἑαυτὴν

1045 2030 1283 2067 ἀναλαμϐάνουσα,
1299 2029 1366 2066 φησὶ
1378 2029 1419 2061 τὸ,
1433 2029 1540 2062 Κύριος
1550 2027 1650 2054 ἐκτισέ
1661 2035 1698 2061 με
1709 2028 1751 2059 εὶς
1762 2026 1834 2060 ἔργα

1046 2078 1148 2105 αὐτοῦ.
1166 2078 1199 2104 ’Δ
1211 2077 1264 2112 γὰρ
1280 2077 1297 2112 ὴ
1314 2077 1341 2103 ἑν
1357 2076 1422 2112 ἡμῖν
1439 2075 1518 2110 σοφία
1532 2071 1602 2105 eius,
1620 2073 1706 2100 ταῦτα
1724 2072 1803 2104 αὐτὸς
1819 2074 1834 2099 6

1046 2124 1148 2160 Κύριος
1162 2124 1200 2156 ὡς
1216 2123 1270 2150 ἴδια
1294 2122 1368 2157 λέγει
1390 2122 1446 2157 (7)·
1464 2121 1513 2148 καὶ
1531 2120 1581 2148 οὐκ
1603 2120 1661 2147 ἔστι
1685 2120 1733 2155 μὲν
1753 2118 1834 2151 αὐτὸς,

1047 2170 1203 2206 κτιζόμενος
1221 2169 1334 2204 κτίστης
1349 2168 1397 2200 ὢν,
1413 2167 1457 2194 διὰ
1471 2167 1500 2194 δὲ
1517 2167 1566 2202 τὴν
1581 2168 1610 2194 ὲν
1627 2168 1681 2199 τοῖς
1697 2166 1785 2202 ἔργοις
1799 2166 1824 2191 εἰ

1047 2216 1113 2243 κόνα
1126 2215 1281 2243 κτισθεῖσαν
1302 2213 1396 2247 αὑτοῦ,
1413 2213 1498 2240 ταῦτα
1515 2212 1596 2245 αὐτὸς
1606 2212 1644 2245 ὡς
1656 2212 1719 2248 περὶ
1737 2211 1833 2238 ἑαυτοῦ

207 2260 315 2282 creator
330 2260 382 2289 est,
410 2255 456 2283 sed
476 2261 587 2291 propter
613 2265 690 2285 suam
708 2257 857 2294 imaginem
877 2259 903 2285 in
927 2259 991 2294 ipsis

1046 2262 1130 2297 λέγει.
1144 2262 1199 2288 Καὶ
1214 2261 1309 2296 ὥσπερ
1322 2259 1401 2291 αὐτὸς
1415 2261 1428 2286 6
1445 2259 1546 2294 Κύριος
1560 2258 1682 2294 εἴρηκεν·
1699 2258 1731 2284 '0
1747 2257 1833 2291 δεχό-

245 2309 370 2350 'f-Prov.
387 2319 446 2344 vnt,
461 2311 506 2340 22.
544 2312 568 2329 7’
587 2313 653 2340 ibid.
691 2312 715 2329 '°
734 2313 813 2341 Prov.
830 2322 851 2347 ι,
866 2314 893 2346 5,
909 2315 936 2342 6.
975 2316 991 2332 ⁸³

1046 2317 1089 2344 sal.
1103 2311 1161 2350 cui,
1175 2316 1220 2344 24.
1258 2316 1281 2332 ⁸¹
1302 2315 1368 2344 ibid.
1409 2313 1433 2329 ⁸³
1454 2312 1552 2340 Hoan.
1570 2320 1601 2346 ll,
1615 2312 1661 2339 25.
1695 2312 1718 2328 ⁸⁵
1738 2311 1832 2338 Matth.

207 2354 236 2377 ι,
249 2345 296 2374 40.

243 2426 282 2462 (1)
301 2426 394 2455 Felck.
410 2426 438 2462 4,
453 2426 493 2458 τὸ,
509 2426 621 2462 Κύριος.
642 2426 743 2455 Ibidem
761 2427 830 2454 idem
843 2431 869 2454 et
885 2426 996 2462 Seguer.

208 2459 299 2490 ἐκτισέ
321 2471 354 2498 με
379 2459 511 2498 είςςξέργα
522 2459 618 2498 αὑτοῦ,
631 2462 684 2498 Alii
707 2463 838 2498 οιγοίιίιίο
860 2459 994 2498 Certima].

208 2498 298 2524 ἔκτισέ
315 2496 348 2533 με
366 2496 533 2533 ἀρχὴνοδῶν
544 2497 636 2533 αὐτοῦ.
651 2497 718 2524 Ibid.
738 2497 849 2532 chuer.
865 2503 891 2524 et
904 2497 993 2524 Felck.

208 2533 236 2563 4,
254 2532 392 2560 οιῐιὶίιυηί
408 2533 576 2567 φασκούσης.
590 2532 656 2559 llem
673 2542 738 2560 mss.
761 2540 787 2559 et
809 2533 893 2559 editio
915 2533 996 2559 Cum—

209 2568 272 2595 mel.
300 2569 398 2595 ibidem
415 2568 516 2595 habent
532 2569 581 2594 οὐκ
600 2568 690 2599 εὐθύς.
711 2568 798 2594 Editio
821 2567 995 2600 l‘arisiensis,

209 2603 347 2638 παρευθὺς
363 2605 393 2630 οὐ
412 2602 497 2638 ζητεῖ.
525 2603 586 2630 Mox
612 2603 722 2638 Seguer.
740 2603 805 2636 Reg.
822 2603 926 2637 Anglic.
943 2602 997 2629 Go-

209 2639 277 2675 bler.
290 2638 381 2668 Fclck.
395 2640 423 2671 l,
434 2639 451 2665 4
462 2643 489 2666 et
502 2639 529 2673 5,
543 2640 560 2675 ὴ
574 2639 712 2670 κτίζουσα.
729 2638 757 2665 lu
775 2639 836 2666 aliis
847 2643 874 2665 ct
887 2638 994 2673 editis-i1

209 2674 295 2701 deest.

245 2709 284 2744 (2)
303 2707 417 2745 Seguer.
435 2715 462 2738 et
479 2710 546 2744 Reg.
575 2709 722 2745 μονογενὴς
737 2709 774 2740 ὡς
790 2708 887 2735 ἄλλων.
904 2708 994 2735 Felck.

193 2763 200 2770 .
210 2745 237 2775 5.
255 2744 321 2772 ibid.
335 2744 432 2780 ᾶλλῳς.
449 2745 510 2773 Mox
527 2744 640 2780 Seguer.
650 2745 679 2771 Ὀ
691 2744 878 2780 γὰρριοήμων.

255 2753 321 2772 ιυιυ.
335 2753 432 2777 αλλως.
449 2753 510 2773 mox
527 2753 640 2780 Seguer.
658 2753 679 2771 υ
691 2753 745 2780 γαρ
761 2753 878 2806 veniam.
977 2779 981 2785 _

246 2780 284 2816 (5)
306 2779 352 2806 Sic
379 2779 490 2816 Seguer.
515 2780 581 2815 Reg.
598 2780 720 2816 rGoblerA.
748 2779 809 2816 Eelc
831 2799 838 2805 .
856 2778 909 2816 1,]
928 2783 951 2805 et
966 2779 992 2805 Ξ).

209 2813 281 2842 Fditi
301 2822 367 2842 vero
384 2813 471 2843 et'alii
489 2816 535 2842 καί
550 2813 689 2842 omittunt.
706 2814 791 2842 Paulo
806 2817 867 2849 post
881 2813 992 2848 Seguer.

209 2850 292 2879 Basil.
309 2850 417 2879 Gobler.
433 2850 525 2878 Felek.
540 2853 552 2877 1
570 2855 597 2877 et
615 2851 641 2884 4,
658 2850 690 2877 τὰ
709 2850 851 2885 γενόμενα.
880 2849 908 2876 in
933 2850 993 2877 aliis

1051 2433 1078 2456 et
1093 2427 1172 2456 editis
1187 2428 1222 2455 τά
1235 2428 1320 2455 deest.

1085 2463 1123 2498 (4)
1144 2463 1256 2498 Seguer.
1275 2463 1384 2498 Grobler.
1400 2463 1489 2491 Felck.
1508 2463 1519 2489 i
1538 2467 1566 2490 ct
1579 2463 1605 2494 ι,
1622 2464 1714 2495 αὑτός.
1737 2463 1833 2491 Galeri

1049 2504 1076 2527 et
1090 2497 1167 2535 editi.
1183 2497 1359 2535 αὐτῆςζιὺίὀ.
1380 2498 1492 2535 Seguer.
1509 2499 1538 2535 ἐν
1555 2498 1639 2535 πάσῃ.

1085 2533 1123 2566 (5)
1146 2533 1256 2567 Seguer.
1274 2533 1349 2564 ὖντος
1368 2534 1449 2560 αὑτοῦ
1464 2534 1572 2567 Σοφίας.
1593 2533 1663 2561 Editi
1676 2538 1704 2561 et
1719 2533 1774 2566 alii,
1791 2533 1826 2559 δν

1049 2578 1094 2600 τος
1102 2569 1152 2604 τῆς
1161 2569 1259 2603 Σοφὶας
1274 2568 1364 2595 αὑτοῦ.
1377 2568 1461 2595 Paulo
1473 2574 1535 2603 post
1546 2569 1658 2604 Seguer.
1671 2569 1717 2596 καὶ
1731 2569 1760 2595 τὸ
1771 2577 1823 2604 φρο

1050 2606 1113 2631 νεῖν.
1134 2605 1203 2631 Editi
1224 2610 1250 2631 et
1271 2604 1328 2635 alii,
1351 2604 1399 2640 καὶ
1423 2606 1538 2640 φρονεῖν.
1557 2603 1658 2631 Ibidem
1681 2603 1832 2632 Goblehel

1050 2639 1140 2667 Felck.
1155 2640 1180 2670 1,
1195 2639 1312 2666 δεκτικοὶ
1328 2639 1472 2674 γενόμεθα.

1085 2676 1123 2711 (6)
1146 2674 1257 2711 Seguer.
1283 2674 1427 2711 δεχόμενος
1456 2674 1626 2711 ὲμέηΡίιιιὶο
1642 2680 1712 2709 post,
1738 2674 1806 2701 idem
1826 2694 1834 2707 ,

1050 2709 1176 2737 Τοιοῦτου
1193 2710 1280 2736 τοίνυν
1293 2710 1342 2745 τῆς
1359 2710 1468 2744 Σοφίας,
1479 2709 1582 2737 omisso
1597 2710 1692 2736 τύπου.

1085 2746 1121 2782 (7)
1141 2745 1232 2773 Felck.
1248 2746 1269 2782 27
1283 2751 1310 2782 et
1321 2743 1409 2782 editio
1421 2745 1553 2782 gemine].
1569 2745 1736 2782 lgiptogjata
1750 2743 1834 2782 istst.

1048 2779 1143 2809 (Στέιὲτί
1169 2789 1234 2809 mss.
1252 2780 1353 2815 Κύριος
1368 2781 1406 2812 ὡς
1420 2781 1473 2807 ἴδια
1488 2780 1570 2815 λέγει.
1587 2779 1647 2808 Mc):
1665 2779 1775 2815 Segucr.
1791 2779 1834 2806 διὰ

1048 2817 1136 2852 δὲτὴν
1152 2818 1180 2843 ἐν
1193 2816 1284 2848 αὐτοῖς
1298 2817 1354 2848 τοῖς
1368 2815 1468 2850 ἔργόις.
