1941 3037
270 110 321 137 537

580 107 609 135 S.
629 105 813 134 ATHANASII
833 80 907 132 OPP.
926 103 1017 131 PARS
1037 103 1058 130 Ι.
1076 118 1111 123 -—
1130 101 1314 129 HISTORICA
1334 101 1377 127 ET
1398 98 1605 128 DOGMATICA.

1835 98 1893 126 528

271 168 327 202 Ego
350 167 378 193 in
393 161 483 196 Patre,
495 170 520 191 et
533 164 614 191 Pater
630 165 656 190 in
675 171 714 190 me
736 168 785 195 est,
806 171 856 189 nec
870 162 983 196 proinde
999 161 1055 195 jam

1111 159 1191 192 Λόγον
1206 158 1261 192 (77)
1277 159 1323 184 κα).
1338 158 1445 191 "..o:;iav,
1459 158 1515 184 ἀλλ’
1530 158 1562 183 ἐκ
1582 156 1685 182 πολλων
1701 160 1747 183 ινα
1762 158 1810 185 καὶ
1828 158 1893 185 τοῦ-

270 220 354 239 unum
372 211 445 238 hunc
459 218 520 238 esse
536 210 582 237 Dei
598 209 696 237 Filium
709 213 737 236 et
753 209 872 236 Verbum
891 216 922 235 ac
939 207 1054 242 Sapien-

271 259 348 290 tiam,
368 257 414 285 sed
428 263 491 284 eum
507 263 590 283 unutn
604 262 716 289 quoque
729 262 762 282 ex
782 254 876 281 multis
895 260 965 280 esse.

306 304 331 329 5.
351 301 433 336 Atqui
450 302 473 328 si
495 301 554 328 bzec
570 305 643 328 esset
660 301 805 327 verborum
823 299 930 325 Domini
947 303 1055 325 senten-

273 349 320 381 tia,
335 356 390 375 non
403 348 440 375 ita
456 355 518 375 eum
542 347 615 382 loqui
640 346 818 381 oportuisset,
835 345 890 379 Ego
912 345 939 370 in
962 344 1053 375 Patre,

269 399 295 421 et
311 394 394 421 Pater
408 395 436 420 in
450 402 489 420 me
506 399 555 426 ut,
574 393 621 421 sed
639 392 731 427 potius
752 401 758 418 :
778 390 834 426 Ego
854 392 935 418 etiam
949 398 1008 417 sum
1027 389 1054 415 in

270 441 361 474 Patre,
377 445 404 468 et
420 439 500 467 Pater
516 440 545 466 in
562 446 604 466 me
624 438 705 466 etiam
719 441 777 469 est;
802 442 832 463 ut
847 436 970 463 videlicet
987 435 1055 463 nihil

271 495 301 515 se
316 487 456 522 proprium
480 490 507 512 et
523 485 663 519 singulare
684 484 755 518 apud
784 482 901 513 Patrem,
924 486 1053 516 tanquam

272 532 380 564 Filium,
395 533 504 563 habere,
523 530 570 558 sed
585 531 724 557 communi
740 537 801 557 cum
820 529 948 556 omnibus
967 529 1054 563 gratia

271 579 388 613 gaudere
403 577 577 612 signiﬁcaret.
600 575 701 603 Verum
726 583 780 602 non
802 576 836 602 ita
853 583 882 602 se
898 583 942 602 res
963 575 1053 608 habet,

271 626 302 649 ut
327 622 475 657 opinantur
498 621 548 653 illi,
572 620 619 656 qui
644 628 706 648 cum
732 628 794 647 eum
811 627 905 647 verum
925 628 958 647 ex
975 619 1055 647 Patre

270 667 369 694 Filium
384 673 445 693 esse
459 671 514 693 nan
533 666 662 697 sentiant,
687 665 754 693 falsa
781 665 815 692 de
838 672 904 691 vero
927 664 1052 699 ﬁngunt,

270 712 314 740 cui
328 711 380 739 soli
394 711 485 738 dicere
499 711 635 743 convenit,
655 710 712 745 Ego
728 711 756 737 in
774 710 866 742 Patre,
883 715 908 736 et
924 709 1006 736 Pater
1026 710 1054 736 in

271 765 311 784 me
324 762 373 784 est.
389 756 475 784 Filius
489 756 561 784 enim
582 756 611 783 in
624 756 703 783 Patre
719 759 771 789 est,
784 760 915 790 quantum
934 756 995 783 licet
1012 755 1054 782 iu-

271 803 400 838 telligere,
421 803 485 837 quia
500 807 587 829 totum
604 802 676 837 quod
694 807 735 830 est
757 801 854 834 Filius,
876 803 928 830 hoc
949 806 1053 829 naturae

1106 213 1151 230 τον
1166 204 1317 238 τυγχάνειν.

1140 301 1165 328 5.
1194 300 1262 326 Ἀλλ’
1289 299 1366 334 εἴπερ
1391 297 1425 334 ἦν
1452 298 1543 330 οὕτως·
1565 299 1579 324 6
1608 299 1709 333 Κύριος
1741 298 1865 334 εἰρηκὼς
1882 319 1892 330 ,

1105 347 1157 374 ἔδει
1174 346 1229 381 (78)
1248 345 1284 380 μὴ
1302 345 1388 371 εἰπεῖν
1404 344 1484 370 αὐτόν
1495 353 1501 360 ·
1524 344 1597 379 Ἐγὼ
1613 344 1647 370 ἐν
1662 343 1700 376 τῷ
1714 345 1816 378 Πατρί,
1839 345 1893 371 καὶ

1104 394 1121 419 ὀ
1136 391 1236 425 Πατὴρ
1250 391 1285 417 ἐν
1295 390 1360 424 ἐμοί
1367 397 1374 404 ·
1391 389 1458 415 ἀλλὰ
1471 388 1570 424 μᾶλλον
1580 397 1586 403 ·
1598 388 1681 422 Κάγὼ
1698 390 1725 416 ὲν
1736 389 1774 424 τῷ
1788 389 1893 424 Πατρὶ,

1105 440 1177 465 καὶὸ
1192 439 1286 473 Πατὴρ
1303 438 1330 464 δὲ
1353 437 1401 464 καὶ
1425 439 1455 463 ὲν
1478 437 1539 472 ἐμοί
1562 436 1618 471 (79)
1641 437 1725 468 ἐστιν,
1749 437 1791 463 ἵνα
1819 436 1897 471 μηδὲ

1106 485 1170 511 ἴδιον
1184 485 1231 511 καὶ
1251 484 1388 518 ἐξαίρετον
1410 483 1459 519 ἔχῃ
1484 482 1550 518 πρὸς
1567 482 1612 508 τὸν
1628 482 1738 517 Πατέρα
1751 482 1787 514 ὥς
1802 482 1869 514 Υἱὸς
1891 503 1899 514 ,

1104 530 1195 565 κοινὴν
1208 529 1237 556 δὲ
1259 528 1326 564 μετὰ
1338 528 1446 555 πάντων
1466 528 1515 563 ἔχῃ
1536 528 1584 563 τὴν
1600 527 1684 562 αὐτὴν
1701 528 1790 563 χάριν.
1819 528 1898 554 Ἀλλ’

1103 577 1153 602 οὐκ
1164 576 1247 607 ἔστιν,
1260 575 1297 607 ὡς
1308 575 1462 610 νομίζουσιν
1476 574 1573 600 ἐκεῖνοι
1585 582 1591 588 -
1609 574 1646 609 μὴ
1661 572 1821 609 φρονοῦντες
1835 573 1894 608 γὰρ

1103 622 1166 649 Υῑὺν
1184 619 1251 648 εῖναι
1267 622 1377 656 γνήσιον
1402 620 1435 646 ὲκ
1459 619 1580 655 Πατρὺς,
1604 619 1817 653 καταψεύδονται
1842 620 1893 645 τοῦ

1103 667 1223 702 γνησίου,
1240 665 1261 700 ᾧ
1280 667 1352 702 μόνῳ
1362 665 1475 701 ἁρμόζει
1496 664 1602 699 λέγειν·
1630 665 1701 700 Ἐγὼ
1720 666 1754 692 ἐν
1769 665 1809 698 τῷ
1828 668 1890 693 Πα-

1102 712 1147 745 τρί
1164 712 1213 738 καὶ
1234 713 1250 738 d
1271 710 1371 745 Πατὴρ
1388 711 1423 737 ἐν
1438 710 1513 744 ἐμοί.
1530 710 1606 737 Ἔστι
1622 710 1676 746 γὰρ
1695 711 1709 736 ὁ
1726 711 1790 742 Υἱὸς
1806 711 1836 736 ὲν
1851 711 1894 746 τῷ

1102 757 1207 793 Harp),
1221 756 1258 788 ὥς
1280 765 1311 791 γε
1328 758 1398 783 νοεῖν
1411 755 1523 788 ἔξεστιν,
1540 755 1634 791 ἐπειδὴ
1654 755 1763 791 σύμπαν
1775 756 1805 782 τὸ
1821 754 1894 782 εἶναι

1102 801 1149 828 τοῦ
1164 801 1241 835 Υῐοῦ,
1255 801 1334 828 τοῦτο
1347 802 1396 836 τῆς
1417 800 1465 826 τοῦ
1488 801 1594 836 [ἰατρὸς
1614 801 1706 832 οὐσίας
1728 801 1791 828 ἴδιόν
1803 801 1893 833 ἐστιν,

270 836 359 875 Patris
378 836 518 882 proprium
533 852 586 880 est,
601 836 634 875 eo
655 848 737 876 modo
754 856 809 883 quo
824 856 857 875 ex
883 849 943 876 luce
957 849 1052 883 splen-

1111 848 1140 879 bq
1163 849 1194 874 ὲκ
1215 847 1303 882 φωτὸς
1323 846 1502 882 ἀπαύγασμα,
1519 847 1565 873 καὶ
1582 847 1614 873 ὲκ
1630 847 1721 882 πηγῆς
1738 846 1793 881 (80)
1807 855 1895 872 ποτα-

270 895 329 927 dor,
345 898 372 922 et
386 902 420 921 ex
436 894 511 922 fonte
532 894 631 922 ﬂuvius
647 895 781 927 exoritur,
806 895 873 922 adeo
888 899 917 921 ut
933 895 981 929 qui
1009 894 1054 921 1ῗὶ-

271 940 336 966 lium
355 939 436 971 videt,
450 939 476 966 id
487 940 559 974 quod
572 939 712 974 proprium
736 944 777 967 est
796 939 883 967 Patris
899 939 997 971 videat,
1011 939 1054 966 in—

272 985 426 1021 telligatque
445 985 543 1013 Filium
568 986 670 1013 ideirco
695 986 721 1012 in
747 985 826 1013 Patre
849 993 910 1013 esse
935 986 999 1020 quia
1020 993 1053 1012 ex

272 1029 353 1057 Patre
371 1031 453 1058 habet
478 1036 509 1058 ut
533 1031 585 1063 sit;
611 1035 638 1058 et
659 1031 780 1058 vicissim
807 1031 913 1058 Patrem
937 1031 964 1058 in
983 1030 1054 1058 Filio

271 1083 341 1107 esse,
357 1075 420 1110 quia
444 1075 530 1103 Filius
549 1080 591 1103 est
604 1076 630 1103 id
645 1076 718 1111 quod
735 1076 875 1111 proprium
891 1080 932 1104 est
954 1084 986 1103 ex
1002 1075 1055 1103 Pa-

271 1125 323 1153 tre,
341 1121 423 1148 sicuti
441 1122 482 1148 sol
496 1126 538 1149 est
553 1122 581 1148 in
598 1122 753 1157 splendore,
766 1130 844 1149 mens
865 1122 892 1149 in
912 1122 1005 1155 verbo,
1027 1126 1055 1149 et

272 1167 335 1195 fons
349 1168 376 1195 in
389 1167 484 1196 ﬂuvio.
509 1167 547 1195 lta
569 1169 641 1196 enim
659 1169 705 1203 qui
721 1168 820 1196 Filium
842 1169 1052 1204 contemplatur,

272 1213 298 1240 id
315 1214 386 1248 quod
410 1218 514 1241 natural.
525 1213 613 1242 Patris
628 1215 766 1249 proprium
779 1219 819 1242 est
835 1215 916 1242 simul
930 1219 1054 1242 contem-

273 1259 539 1295 platur,Patremque
553 1260 580 1287 in
594 1259 661 1287 Filio
673 1259 756 1295 438
766 1267 826 1287 esse
838 1260 971 1295 intelligit.
985 1260 1054 1287 Nam

273 1313 335 1332 cum
354 1305 442 1332 iorma
456 1311 483 1334 et
506 1306 634 1333 divinitas
649 1305 738 1333 Patris
759 1307 810 1333 hoc
825 1306 913 1341 ipsum
930 1307 965 1333 sit
981 1307 1054 1341 quod

272 1356 314 1378 est
328 1351 423 1384 Filius,
441 1351 553 1380 omnino
575 1352 699 1387 sequitur
712 1355 742 1378 ut
758 1351 843 1379 Filius
864 1353 901 1379 sit
915 1353 943 1379 in
964 1352 1052 1384 Patre,

271 1402 299 1425 el.
315 1398 395 1425 Pater
422 1399 450 1425 in
472 1398 552 1426 Filio.
578 1398 712 1432 Quocirca
737 1406 799 1426 cum
816 1404 895 1427 antea
918 1399 1053 1432 dixisset,

277 1444 332 1479 Ego
343 1450 371 1471 at
382 1444 465 1471 Pater
478 1453 559 1471 unum
578 1453 668 1471 sumus
688 1445 721 1477 ",
741 1445 784 1472 hic
799 1452 871 1472 tecte
888 1446 935 1478 ait,
952 1445 1007 1481 Ego
1027 1446 1055 1472 in

275 1488 357 1516 Patre
371 1494 396 1517 et
406 1489 487 1517 Pater
496 1490 524 1517 in
539 1498 579 1517 me
591 1494 629 1517 est
644 1490 677 1521 '°,
700 1494 728 1517 ut
745 1490 849 1518 scilicet
862 1485 990 1518 eamdem;
1000 1498 1055 1518 am-
1068 1507 1090 1538 α

273 1536 369 1563 borum
388 1536 556 1564 divinitatem
571 1544 709 1571 unamque
722 1541 847 1563 naturam
861 1545 922 1565 esse
932 1538 1052 1565 doceret.

308 1581 334 1608 4.
353 1581 444 1609 Unum
459 1582 532 1609 enim
546 1582 584 1609 illi
599 1587 672 1615 sunt,
691 1589 744 1609 non
760 1583 829 1617 quod
847 1591 930 1610 unum
945 1583 971 1610 in
986 1583 1054 1611 duas

273 1631 364 1662 partes
380 1627 416 1654 sit
437 1626 565 1660 divisum,
590 1635 650 1662 qua
673 1627 739 1654 nihil
761 1628 815 1655 sint
831 1634 928 1663 praeter
946 1636 1029 1655 unum
1045 1638 1052 1662 ;

273 1681 362 1708 neque
378 1673 450 1708 quod
464 1681 548 1700 unum
563 1673 605 1700 bis
620 1674 786 1706 nominetur,
808 1674 845 1701 ita
866 1679 895 1701 ut
917 1674 986 1701 idem
1005 1675 1055 1701 ali-

273 1717 383 1752 quando
402 1716 492 1749 Pater,
509 1718 655 1753 aliquando
675 1719 717 1746 sui
736 1718 820 1747 Filius
836 1719 898 1752 ﬁat;
914 1728 974 1754 qum
992 1728 1054 1747 cum

274 1763 390 1790 sentiret
406 1762 552 1796 Sabellius,
568 1763 711 1792 hatretiCus
730 1769 772 1792 est
789 1764 937 1799 judicatus.
954 1765 1054 1793 Verum

272 1808 328 1835 duo
350 1808 458 1843 quidem
480 1813 554 1840 sunt,
575 1810 638 1844 quia
654 1809 743 1843 Pater,
760 1809 840 1838 Pater
859 1816 909 1843 est,
928 1820 978 1839 nec
998 1813 1056 1847 ipse

273 1858 316 1880 est
332 1853 435 1887 Filius;
451 1858 479 1882 et
496 1855 616 1882 vicissim
637 1855 722 1883 Filius
742 1861 784 1883 est
798 1856 901 1889 Filius,
926 1865 976 1885 nec
998 1858 1056 1892 ipse

275 1899 355 1927 Pater
370 1905 421 1928 est.
439 1899 499 1927 Una
513 1908 579 1928 vero
589 1901 697 1928 illorum
719 1906 816 1929 natura
829 1907 870 1929 est
888 1911 895 1929 :
915 1910 965 1930 nec
982 1904 1055 1930 enim

274 1946 404 1981 genitoris
418 1947 525 1981 genitus
537 1951 579 1974 est
593 1947 744 1981 dissimilis,
753 1956 813 1976 cum
828 1950 917 1984 imago
937 1950 997 1984 ejus
1008 1951 1055 1983 sit,

273 1997 301 2019 et
311 1992 404 2020 omnia
423 2001 483 2027 quae
496 1992 586 2021 Patris
604 1999 685 2026 sunt,
702 1995 756 2022 sint
769 2003 878 2030 quoque
896 1996 968 2023 Filii.
987 1997 1057 2024 Hinc

275 2038 360 2066 Filius
381 2039 450 2067 alius
470 2047 525 2067 non
548 2044 591 2068 est
609 2040 697 2072 Deus,
720 2041 786 2076 quia
810 2049 865 2069 non
885 2043 1057 2071 extrinsecus

274 2084 379 2112 edictus
396 2089 439 2113 est
456 2094 463 2112 :
481 2085 602 2121 alioquin
624 2088 779 2122 complures
791 2087 834 2122 Idii
851 2088 1055 2121 inducerentur,

274 2129 297 2155 si
325 2134 453 2157 extranea
475 2131 677 2165 excogitaretur
699 2131 828 2159 divinitas
850 2138 946 2167 praeter
967 2133 1056 2162 Patris

274 2173 454 2201 divinitatem.
471 2174 589 2203 Tametsi
603 2176 678 2203 enim
700 2176 757 2212 (88)
772 2177 844 2204 aliud
860 2182 901 2205 est
914 2178 1011 2211 Filius,
1026 2184 1056 2207 ut

311 2218 423 2247 “Joan.
437 2228 465 2252 ι,
480 2220 525 2248 '50.
563 2221 585 2236 ³⁰
596 2220 675 2249 Joan.
693 2230 748 2254 XIV,
764 2222 807 2249 10.

310 2264 365 2300 (77)
386 2264 432 2292 Sic
444 2264 678 2302 Reg,l,_Seguer.
693 2266 801 2294 Gobler.
815 2271 842 2295 et
857 2266 947 2293 Felck.
966 2267 990 2293 ί.
1001 2266 1059 2294 Edi-

275 2300 295 2328 ti
313 2299 401 2339 autem
422 2304 449 2339 et
471 2301 527 2339 alii,
543 2299 616 2339 εξναῖ
625 2302 670 2329 τὸν
683 2302 926 2339 τοῦγΠατρδς-Υῇὺν
944 2303 990 2339 καὶ
1007 2302 1058 2339 ᾼᾴτ

276 2344 333 2370 γον.
348 2335 409 2362 Mox
421 2334 488 2370 Reg.
504 2336 531 2367 1,
549 2335 660 2370 Seguer.
678 2336 787 2365 Gobler.
804 2334 831 2365 'et
848 2336 939 2364 Felck.
957 2338 983 2370 1,
1000 2337 1058 2364 ἀλλ’

277 2369 365 2408 cinge.
382 2369 496 2408 [siditift
507 2371 563 2408 alii,
578 2369 634 2408 ἀλλ’
648 2372 773 2408 ἐπείπερ.

313 2404 368 2439 (78)
391 2404 437 2432 Sic
451 2405 516 2466 Reg.
536 2407 549 2433 1
569 2412 596 2434 et
609 2407 720 2442 Seguer.
732 2404 766 2435 A't
777 2408 822 2435 alii
838 2412 864 2434 et
880 2407 955 2440 editi,
972 2405 1061 2442 ἦννοῦ‹

313 2449 322 2466 :
337 2442 350 2466 6
364 2440 476 2466 Κύριος.
504 2440 553 2466 δει.
570 2445 624 2466 etc.

277 2449 322 2471 τος
337 2442 350 2467 6
364 2440 476 2476 Κρριος,
490 2440 553 2476 ἔδει,
570 2445 624 2469 etc.

314 2475 369 2513 _(797)
388 2475 480 2513 F_e|ck_.
494 2475 519 2513 ᾖ
534 2481 560 2503 et
574 2477 658 2513 _editi,
673 2477 701 2504 δὲ
715 2478 744 2504 ὲν
760 2478 830 2513 ὲμοί.
847 2475 943 2503 Cazteri
957 2477 1061 2513 mss.6é

277 2511 324 2547 καὶ
343 2509 382 2547 λέν
407 2510 479 2547 ἐμοίἶ
492 2509 556 2547 _Mox
574 2510 639 2547 Reg.
651 2509 666 2539 ⁷1
684 2517 711 2540 et
721 2513 748 2545 2,
762 2509 788 2540 εἰ
804 2512 915 2547 seguer.
930 2512 997 2547 πρὸς
1011 2513 1057 2538 τὸν

277 2545 385 2605 ίῐξξῗέρα
398 2545 435 2576 ὡς
450 2545 524 2576 Υἱὸς.
540 2546 575 2572 At
585 2545 632 2574 alii
649 2552 677 2574 et
690 2548 766 2581 editi,
787 2545 853 2584 πρὸέ
861 2546 907 2572 τὸν
918 2545 1026 2583 Πάτέρα
1043 2548 1057 2573 ὁ

305 2589 311 2605 ι
331 2589 352 2605 Ξ.

305 2589 352 2611 to;

314 2616 370 2652 (80)
384 2615 454 2652 Reg.
472 2615 495 2645 l,
511 2614 623 2652 Seguer.
641 2616 751 2644 Gobler.
769 2621 796 2644 et
807 2616 897 2645 Felclt.
915 2617 941 2649 1,
957 2618 989 2643 ὲκ
1006 2626 1059 2652 πη-

278 2650 338 2685 γῆς.
350 2650 409 2687 Alii
429 2655 455 2676 et
468 2651 551 2687 oditip
563 2650 695 2679 Commel.
711 2652 749 2684 ὡς
766 2652 866 2687 πηγῇς.

315 2686 370 2718 (81)
391 2685 455 2719 Κεὶς.
484 2686 509 2718 1,
526 2685 638 2721 S_eguer.
656 2687 765 2715 Gobler.
780 2685 906 2715 etF'elck.
921 2686 947 2719 ι,
963 2686 1058 2718 οὕτως.

279 2720 374 2746 Cat-teri
388 2725 414 2746 et
428 2721 504 2752 editi,
519 2719 604 2753 οὗτος.

315 2755 368 2790 (81)
378 2755 487 2791 Regti
504 2761 531 2783 et
544 2756 655 2791 Seguer.
669 2757 683 2782 6
693 2756 775 2791 ἥλιος.
789 2756 817 2788 ln_
830 2756 892 2791 aliis
906 2760 933 2783 et
945 2756 1034 2787 editis.
1047 2759 1061 2783 6

279 2789 363 2817 deest.
377 2790 442 2817 lbi-l.
459 2790 525 2827 Reg.
542 2791 567 2825 Ι,
581 2789 693 2826 Seguer.
704 2789 817 2820 'Gobler.
831 2796 858 2820 et
871 2790 962 2820 Felelt.
974 2792 999 2825 l,
1014 2792 1060 2819 κα).

1106 893 1164 929 μὸς.
1181 893 1250 920 ὥστε
1266 893 1311 919 τὸν
1332 893 1437 929 ὁρῶντα
1451 893 1496 919 τὸν
1516 892 1580 918 Υἱὸν
1596 893 1661 928 ὁρᾷν
1675 892 1704 919 τὸ
1720 892 1766 919 τοῦ
1783 892 1895 927 Πατρὺς

1105 939 1178 971 ἴδιον,
1196 939 1242 965 καὶ
1265 934 1345 970 νοέῖν,
1364 939 1405 964 ὅτι
1426 938 1473 964 τοῦ
1491 938 1556 964 Υἱοῠ
1572 938 1603 964 τὸ
1618 936 1702 969 εἶναι,
1719 938 1751 964 ὲκ
1770 937 1816 963 τοῦ
1834 938 1894 964 Πα-

1102 985 1167 1020 τρὺς
1181 984 1221 1016 ὃν,
1236 984 1320 1016 οὕτως
1334 983 1389 1018 (81)
1409 984 1437 1009 ὲν
1451 983 1489 1018 τῷ
1506 983 1592 1019 Πατρί
1607 984 1690 1010 ἐστιν.
1706 982 1781 1012 Ἔστι
1797 983 1825 1010 δὲ
1844 984 1895 1010 καὶ

1104 1030 1118 1055 6
1131 1028 1225 1065 Πατὴρ
1239 1030 1267 1055 ὲν
1283 1028 1321 1064 τῷ
1335 1028 1403 1064 Υιῷ,
1421 1028 1514 1063 ἐπειδὴ
1529 1028 1559 1054 τὸ
1578 1029 1610 1055 ὲκ
1629 1027 1674 1054 τοῦ
1690 1029 1796 1063 Πατρὸς
1813 1029 1892 1060 ἴδιον,

1104 1074 1181 1100 τοῦτο
1194 1074 1208 1099 6
1222 1073 1283 1105 Υἱὸς
1304 1073 1431 1108 τυγχάνει
1445 1072 1493 1106 ὢν,
1512 1072 1549 1104 ὡς
1566 1073 1594 1098 ἐν
1615 1072 1652 1107 τῷ
1668 1073 1866 1108 ἀπαυγάσματι
1880 1075 1895 1100 6

1103 1120 1177 1155 ἥλιος
1189 1118 1256 1154 (82),
1273 1118 1320 1145 κα).
1335 1120 1363 1145 ὲν
1375 1117 1414 1153 τῷ
1429 1118 1500 1153 λόγῳ
1511 1119 1525 1144 6
1539 1118 1610 1150 νοῦς,
1622 1118 1669 1144 καὶ
1681 1120 1710 1144 ὲν
1721 1118 1760 1153 τῷ
1775 1119 1894 1154 ποταμῷ

1103 1168 1119 1202 ἡ
1233 1165 1303 1192 οὕτω
1317 1165 1370 1201 γὰρ
1384 1166 1398 1192 6
1410 1165 1518 1201 θεωρῶν
1530 1165 1574 1191 τὸν
1586 1165 1659 1197 Υίὺν,
1673 1164 1771 1200 θεωρεῖ
1782 1165 1832 1199 τῆς
1846 1166 1893 1192 τοῦ

1104 1212 1210 1247 Πατρὺς
1236 1211 1327 1242 οὐσίας
1347 1210 1378 1236 τὸ
1403 1210 1478 1243 ἴδιον,
1503 1210 1551 1237 καὶ
1566 1212 1631 1242 νοεῖ,
1659 1211 1700 1236 ὅτι
1715 1210 1837 1246 ὁΠατὴρ
1864 1213 1893 1237 ὲν

1103 1257 1142 1292 τῷ
1155 1257 1212 1292 Υἱῷ
1231 1258 1298 1284 ἐστι.
1322 1257 1374 1284 Τοῦ
1394 1257 1448 1292 γὰρ
1468 1256 1554 1288 εἴδους
1569 1256 1624 1291 (85)
1641 1257 1748 1291 καὶτῆς
1765 1257 1893 1292 Θεότητος

1104 1304 1149 1331 τοῦ
1164 1303 1268 1339 Πατρὺς
1280 1302 1363 1339 οὔσης
1375 1303 1405 1329 τὸ
1417 1301 1485 1330 εἷναι
1499 1302 1546 1329 τοῦ
1562 1302 1626 1329 Υίοῦ
1642 1302 1794 1334 ἀκολούθως
1804 1304 1821 1329 6
1830 1304 1894 1335 Υἱὸς

1105 1350 1134 1375 ὲν
1146 1348 1185 1384 τῷ
1198 1348 1284 1384 Πατρί
1296 1349 1363 1380 ἐστι,
1381 1348 1427 1375 καὶ
1443 1348 1457 1374 6
1469 1347 1564 1382 Πατὴρ
1578 1347 1607 1373 ἐν
1620 1346 1659 1382 τῷ
1670 1347 1737 1382 Υἱῷ.
1751 1347 1800 1374 Διὰ
1814 1348 1894 1374 τοῦτο

1104 1394 1158 1430 γὰρ
1174 1395 1221 1421 καὶ
1239 1395 1350 1426 εἰκότως
1366 1393 1423 1430 (84)
1439 1393 1556 1429 εἰρηκὼς
1575 1393 1720 1429 πρότερον·
1755 1393 1829 1428 Ὲγπὼ
1845 1394 1894 1420 καὶ

1105 1442 1122 1467 ὁ
1135 1440 1235 1474 Πατὴρ
1251 1440 1285 1466 ἓν
1303 1440 1412 1474 ἐσμεν,
1436 1440 1558 1474 ἐπήγαγε
1581 1439 1621 1466 τό·
1643 1439 1716 1473 Ἐγὼ
1731 1439 1766 1466 ἐν
1777 1440 1822 1472 τῷ
1838 1442 1894 1467 Πα-

1104 1485 1160 1519 τρὶ,
1176 1486 1225 1512 καὶ
1241 1486 1258 1511 ό
1274 1484 1374 1518 Πατὴρ
1396 1484 1430 1510 ἐν
1450 1484 1524 1518 ἐμοι·
1543 1484 1586 1510 ἵνα
1605 1483 1654 1518 τὴν
1675 1483 1724 1518 μὲν
1740 1483 1895 1520 ταύτότητα

1106 1532 1157 1567 τῆς
1170 1531 1304 1567 θεότητος,
1321 1530 1370 1566 τὴν
1387 1531 1416 1557 δὲ
1435 1531 1548 1567 ἑνότητα
1565 1530 1620 1566 (85)
1636 1530 1685 1565 τῆς
1702 1529 1798 1561 οὐσίας
1812 1530 1890 1566 δείξῃ.

1142 1576 1168 1602 4.
1190 1576 1237 1602 Ἕν
1251 1576 1305 1611 γάρ
1319 1575 1398 1609 εἰσιν,
1413 1576 1461 1610 οὺχ
1475 1576 1512 1606 ὡς
1528 1575 1589 1606 ἐνὸς
1608 1574 1687 1601 πάλιν
1704 1576 1744 1606 εἰς
1758 1575 1807 1602 δύο
1825 1576 1890 1611 μέρη

1107 1621 1296 1657 διαιρεθέντος,
1321 1621 1369 1647 καὶ
1390 1621 1472 1656 μηδὲν
1491 1621 1575 1647 ὄντων
1601 1620 1670 1655 πλὴν
1692 1620 1764 1652 ἑνός·
1781 1621 1844 1647 οὐδὲ
1857 1620 1891 1650 ὡς

1107 1668 1154 1694 τοῦ
1170 1668 1228 1699 ἑνὸς
1248 1667 1288 1699 δὶς
1306 1667 1514 1702 ὀνομαζομένου,
1530 1667 1600 1693 ὥστε
1618 1666 1674 1702 (86)
1689 1667 1734 1693 τὸν
1749 1667 1833 1693 αὑτὸν
1847 1666 1890 1693 ἆλ-

1108 1713 1167 1740 λοτε
1191 1713 1240 1748 μὲν
1262 1713 1382 1748 Πατέρα,
1403 1713 1495 1739 ἄλλοτε
1508 1712 1537 1738 δὲ
1559 1712 1622 1738 Υίὺν
1641 1711 1737 1738 ἑαυτοῦ
1759 1711 1889 1745 γίνεσθαι·

1107 1758 1186 1784 τοῦτο
1207 1758 1262 1792 γὰρ
1286 1757 1428 1789 Σαῦέλλιος
1449 1757 1598 1792 φρονήσας,
1623 1756 1760 1792 αἱρετικδς
1785 1755 1888 1792 ἐκρίθη.

1114 1803 1194 1830 Ἀλλὰ
1212 1803 1258 1829 δύο
1282 1803 1330 1838 μέν
1353 1804 1432 1833 εἰσιν,
1450 1803 1490 1829 ὅτι
1505 1802 1519 1828 6
1537 1802 1630 1837 Πατὴρ
1651 1802 1746 1838 Πατήρ
1763 1802 1833 1834 ἐστι,
1849 1801 1891 1827 καὶ

1108 1850 1157 1885 οὐχ
1173 1850 1187 1876 6
1198 1849 1278 1880 αὐτὸς
1296 1848 1360 1881 Υἱός
1376 1851 1443 1876 ἐστι·
1461 1849 1508 1875 καὶ
1524 1850 1538 1875 6
1550 1849 1614 1880 Υἱὸς
1628 1848 1691 1880 Υἱός
1705 1849 1774 1880 ἐστι,
1792 1848 1837 1875 καὶ
1847 1848 1890 1881 οὐχ

1108 1897 1122 1922 6
1142 1896 1222 1927 αὐτὸς
1245 1895 1341 1931 Πατήρ
1365 1895 1433 1923 ἐστι.
1457 1894 1514 1922 Μία
1528 1895 1588 1930 ὃὲή
1609 1894 1698 1929 φύσις·
1724 1894 1754 1920 οὺ
1771 1894 1829 1930 γὰρ
1848 1893 1890 1919 ἁν-

1109 1940 1199 1975 όμοιον
1215 1940 1246 1966 τὸ
1262 1940 1384 1975 γέννημα
1398 1939 1445 1966 τοῦ
1464 1940 1650 1974 γεννήσαντος·
1665 1937 1744 1964 εἰκὼν
1756 1939 1813 1975 γάρ
1825 1939 1890 1963 ἐστιν

1109 1986 1201 2018 αὑτοῦ,
1219 1985 1266 2012 καὶ
1277 1986 1365 2012 πάντα
1379 1985 1413 2012 τὰ
1426 1985 1531 2020 Πατρδς
1543 1984 1590 2011 τοῦ
1610 1984 1675 2010 Υἱοῦ
1692 1984 1760 2010 ἐστι.
1780 1984 1824 2010 Διὸ
1837 1981 1890 2008 οὐδὲ

1109 2031 1187 2063 ἄλλος
1206 2030 1272 2063 Θεὸς
1293 2032 1307 2058 6
1328 2031 1391 2063 Υἱός
1412 2031 1478 2066 (87)·
1498 2031 1528 2057 οὺ
1549 2028 1725 2065 γὰρ.ἐξωθεν
1748 2027 1888 2063 ἐπενοήθη·

1110 2077 1170 2104 ἐπεὶ
1185 2077 1293 2109 πάντως
1302 2077 1349 2104 καὶ
1361 2076 1462 2108 πολλοὶ,
1478 2076 1556 2111 ξένης
1572 2074 1647 2111 παρὰ
1658 2074 1707 2110 τὴν
1727 2074 1775 2101 τοῦ
1791 2072 1889 2108 Πατρὸς

1110 2123 1304 2159 ὲπινοουμένης
1325 2122 1458 2158 θεότητος·
1480 2124 1505 2149 el
1526 2121 1580 2157 γὰρ
1596 2121 1643 2148 καὶ¹
1663 2121 1756 2156 ἕτερόν
1772 2122 1843 2147 ἐστιν
1855 2118 1888 2147 ὡς

1109 2171 1231 2206 γέννημα
1245 2170 1259 2197 6
1277 2170 1350 2203 Υἱὸς,
1366 2169 1434 2196 ἀλλὰ
1449 2169 1546 2196 ταύτόν
1560 2169 1634 2194 ἐστιν
1654 2167 1692 2200 ὡς
1711 2167 1787 2199 Θεός·
1804 2166 1848 2192 καὶ
1862 2163 1887 2189 ἓν

1074 2270 1096 2300 D
1109 2268 1148 2302 τῷ
1163 2268 1251 2302 Λόγῳ.
1268 2268 1319 2295 Alii
1335 2272 1361 2295 et
1374 2268 1450 2301 editi,
1459 2268 1505 2294 καὶ
1516 2268 1545 2294 ὲν
1559 2267 1597 2302 τῷ
1609 2268 1697 2302 Λόγῳ.

1134 2294 1212 2338 ‘(85)’
1223 2294 1288 2338 Reg.
1308 2303 1334 2335 ι,
1352 2294 1464 2338 segne}.
1479 2295 1589 2330 Gobler:
1605 2308 1633 2330 et
1647 2294 1738 2330 Fétck.
1756 2303 1781 2334 t,
1798 2301 1885 2338 εἴδους-

1110 2336 1523 2375 1ηίΑῆςΙίεξξῃυραυοήωπθῇῃθ
1537 2342 1658 2370 notatur,
1669 2346 1714 2375 γρ.
1727 2338 1821 2368 εἴδους.
1834 2336 1886 2363 Cae-

1111 2374 1168 2409 teri,
1178 2379 1204 2409 et
1221 2373 1447 2409 editio_Commel.
1467 2373 1543 2401 ἰδίου.
1570 2408 1574 2409 ν
1603 2407 1609 2409 _

1147 2408 1201 2443 (84)
1221 2408 1286 2443 Reg.
1306 2407 1332 2440 1,
1349 2408 1461 2443 Seguer.
1477 2408 1532 2443 γὰρ
1553 2407 1674 2439 εἰκότως.
1691 2407 1743 2436 Alii
1767 2411 1795 2436 et
1818 2404 1884 2434 editi.

1111 2443 1166 2479 γὰρ
1181 2444 1236 2479 ttat
1244 2443 1366 2474 εἰκότως.
1398 2449 1402 2453 ·

1149 2477 1205 2512 (85)
1226 2477 1338 2513 Segner.
1352 2479 1401 2513 τὴν
1417 2477 1541 2513 ἑνότητα.

1146 2509 1201 2549 (86)
1223 2509 1276 2541 δῖε
1285 2509 1394 2549 Bessi",
1415 2509 1527 2549 Sgguer.
1544 2515 1654 2542 Gobler.
1668 2519 1695 2543 et
1713 2510 1838 2549 Felgkzl.
1855 2509 1884 2534 Αῑ

1111 2545 1155 2575 alii
1164 2545 1273 2584 et’edjti,
1282 2545 1342 2575 οὺδὲ
1349 2548 1434 2584 ὥστεἒ
1441 2545 1525 2575 Paulo
1537 2554 1607 2584 post,
1616 2550 1707 2578 Felck.
1723 2549 1748 2579 5,
1758 2545 1882 2584 raptito;-

1147 2583 1202 2619 (87)
1224 2579 1288 2619 Reg.
1302 2584 1315 2610 1
1331 2588 1359 2611 et
1373 2583 1400 2615 2,
1419 2579 1633 2619 ὃθευετ.’Β³ε’ίΙ.
1659 2585 1767 2619 Anglic.
1785 2579 1881 2619 Geldu-

1112 2613 1203 2656 Feigt;
1221 2619 1235 2656 t_
1248 2613 1277 2646 εἴ
1287 2618 1314 2650 5,
1332 2613 1398 2656 est:
1410 2620 1424 2645 6
1440 2613 1513 2650 ritg.
1529 2619 1602 2656 Editj
1614 2624 1641 2647 et
1653 2613 1717 2652 alii:
1725 2617 1789 2648 Θεὸς
1800 2613 1866 2656 ne:

1150 2654 1205 2689 (88)
1225 2653 1264 2681 Ita
1289 2648 1432 2686 vertimus,
1449 2648 1552 2689 textum
1578 2648 1708 2683 Graecum,
1726 2650 1816 2689 secuti.

1112 2684 1454 2724 vulgo'dOceantdtheologi
1466 2688 1564 2717 Filium
1580 2698 1634 2717 non
1655 2689 1738 2720 aliud,
1750 2686 1793 2724 sed
1809 2684 1880 2724 αΙὲξιζξ

1113 2717 1176 2752 esse
1188 2731 1203 2750 a
1216 2724 1306 2751 Patre.
1319 2722 1420 2751 Verum
1430 2717 1495 2751 "ista
1510 2725 1640 2756 dictione,
1662 2717 1745 2755 aliud.
1766 2717 1880 2759 ideﬁ'ﬂi‘fc

1114 2759 1248 2795 signiﬁcat
1262 2763 1372 2785 sanctus
1388 2759 1565 2792 Athanasius,
1579 2760 1652 2795 quod
1668 2757 1782 2792 theologi
1796 2756 1880 2781 dicttor

1114 2801 1158 2826 ne,
1172 2794 1251 2825 alius,
1269 2798 1298 2821 ut
1309 2798 1391 2828 patet.
