1964 3038
123 117 180 146 575

122 220 171 246 τοῦ
197 219 308 246 δυνατὸν
332 217 365 254 ἦν
387 219 567 254 ἁπλούστερον
590 219 741 254 θεωρῆσαι,
764 219 850 246 ταῦτα
865 219 907 245 διὰ

123 265 231 292 πολλῶν
242 265 401 301 εἰρήκαμεν*
425 265 439 291 6
462 264 490 291 δὲ
507 265 638 300 μακάριος
660 265 784 300 Ἰωάννης
806 264 860 299 (15)
877 266 908 290 ὲκ

123 312 175 347 τῆς
197 309 354 345 Ἐπιστολῆς
379 310 407 336 ἐν
426 310 526 344 ὀλίγοις
549 311 595 337 καὶ
617 310 788 346 τελεώτερον
811 310 908 345 μᾶλλον

123 356 205 391 ἡμῶν
217 355 297 388 δείξει
308 355 362 382 τῶν
374 356 572 391 γεγραμμένων
583 356 628 382 τὸν
640 356 711 388 νοῦν,
722 356 769 382 καὶ
781 355 908 390 διελέγξει

126 402 177 436 μὲν
202 401 250 436 τὴν
271 403 325 427 τῶν
349 401 455 428 ἀσεϐῶν
478 401 612 433 διάνοιαν,
635 401 734 434 διδάξει
758 401 786 428 δὲ
808 401 865 432 πῶς
878 410 909 427 τε

125 447 207 482 ἡμεῖς
224 446 278 481 (14)
293 448 321 473 ὲν
337 446 376 482 τῷ
394 446 452 482 Θεῷ
468 446 607 482 γινόμεθα,
621 447 667 473 καὶ
679 448 693 474 6
708 447 774 479 Θεὸς
790 449 818 474 ὲν
833 448 907 482 ἡμῖν·

125 492 174 518 καὶ
189 492 248 524 πῶς
268 492 348 518 πάλιν
363 493 442 527 ἡμεῖς
458 492 506 527 μὲν
523 493 551 518 ἐν
566 492 639 527 αὐτῷ
659 492 789 527 γινόμεθα
802 493 841 525 ἓν,
859 493 909 519 πό-

126 546 172 564 σον
186 537 215 564 δὲ
230 537 354 572 διέστηκε
369 537 417 572 τὴν
433 537 511 572 φύσιν
526 537 580 573 (15)
592 539 606 564 ὁ
622 538 685 570 Υἱὸς
701 539 747 573 ἀφ’
762 538 847 573 ἡμῶνι
863 539 908 565 καὶ

125 583 226 610 παύσει
242 583 333 610 λοιπὸν
345 583 407 614 τοὺς
431 583 583 618 ’Δρειανοὺς
601 584 698 619 μηκέτι
714 585 834 620 νομίζειν
847 586 909 611 ἑαυ-

125 628 189 659 τοὺς
204 627 313 654 ἔσεσθαι
329 628 365 660 ὡς
387 627 432 654 τδν
450 628 528 660 Υἰὸν,
549 628 592 656 ἵνα
606 629 642 665 μὴ
662 631 708 656 καὶ
731 630 806 656 αὐτοὶ
829 630 909 657 ἀκού-

128 681 205 700 σωσι·
223 673 264 701 Σὺ
285 673 319 700 δὲ
338 672 368 701 ετ
386 673 540 708 ἄνθρωπος
559 675 608 701 καὶ
632 676 668 702 οὐ
686 676 767 709 Θεόςυ
784 676 841 708 καὶ,
860 677 908 710 Μὴ

125 719 383 754 συμπαρεκτείνου
399 720 495 754 πένης
512 719 554 745 ὢν
571 721 717 754 πλουσίῳ.
737 721 838 756 Γράφει
854 721 908 747 τοί-

125 773 175 791 νυν
192 765 206 791 6
225 765 352 800 Ἰωάννης
369 764 440 791 οὓτω
461 765 548 799 λέγων
563 763 629 800 (16)·
653 766 703 792 Ἐν
717 766 812 799 τούτῳ
827 766 910 801 γινώ-

125 818 250 846 σκομεν,
266 811 309 838 ὅτι
324 811 358 837 ἐν
371 810 450 843 αὐτῷ
460 811 600 846 μένομεν,
614 812 661 839 καὶ
676 812 767 845 αὐτὸς
780 813 815 839 ἐν
826 812 907 846 ἡμῖν,

673 113 803 142 ORATIO
822 114 856 142 lll
876 108 1193 142 CONTBA'ARMNOS.

158 174 204 202 24.
227 175 322 209 Ἡμεῖς
337 174 385 209 μὲν
400 171 455 205 οὖν,
467 174 527 201 ὅσον
540 174 623 205 αὑτὰς
639 173 687 205 τὰς
699 174 784 206 λέξεις
798 175 844 200 τοῦ
859 175 907 210 ρη-
921 176 944 204 Α

1686 113 1740 142 371»

992 173 1037 200 24.
1050 173 1103 200 Nos
1116 173 1216 207 itaque,
1228 177 1362 206 quatenus
1379 171 1458 198 allata
1481 170 1627 206 Scriptura!
1646 171 1738 204 verba,

960 219 1037 245 licuit
1051 219 1200 253 simplicius
1219 217 1392 253 perpendere,
1410 217 1465 244 haec
1477 216 1535 244 fuse
1548 216 1738 244 disseruimus.

959 263 1058 291 Beatus
1072 268 1161 290 autem
1174 262 1291 290 Joannes
1303 262 1418 290 breviter
1432 268 1457 289 et
1471 263 1550 297 longe
1566 262 1644 290 nobis
1658 269 1740 290 aecu-

959 309 1045 337 ratius
1065 317 1125 344 qua:
1149 309 1186 336 sit
1199 309 1271 336 illius
1284 309 1335 336 loci
1353 309 1499 339 sententia,
1511 316 1541 334 ex
1556 307 1674 342 Epistola
1689 315 1739 335 sua

958 355 1145 382 declaraturus
1157 359 1208 387 est,
1219 362 1271 389 qua
1286 359 1313 382 et
1326 362 1434 389 pravam
1449 355 1595 388 impiorum
1607 354 1739 388 interpre-

959 400 1085 428 tationem
1109 400 1247 431 refulabit,
1265 405 1292 428 et
1311 401 1391 427 simul
1408 400 1524 433 docebit,
1537 400 1674 434 quomodo
1690 408 1740 428 nos

959 446 985 472 in
1001 445 1056 472 Deo
1075 453 1135 473 esse
1149 453 1304 480 possumus,
1319 450 1345 473 et
1359 445 1430 473 Deus
1447 446 1473 472 in
1488 446 1566 473 nobis
1582 456 1588 473 ;
1604 453 1659 481 quo
1675 446 1739 472 item

958 494 1038 524 pacto
1052 497 1103 517 nos
1125 498 1209 517 unum
1231 491 1258 517 in
1276 490 1335 524 ipso
1356 490 1496 522 eilicimur,
1511 495 1538 517 et
1549 497 1680 525 quantum
1693 491 1739 518 Fi-

959 535 1012 563 lius
1034 540 1129 562 natura
1153 543 1168 562 a
1189 535 1267 562 nobis
1289 535 1412 567 diﬁ‘erat;
1436 536 1597 570 tandemque
1624 537 1742 565 Arianos

959 581 1104 613 coercebit,
1117 581 1263 616 quominus
1282 580 1398 615 amplius
1418 586 1526 616 sperem
1549 589 1578 609 se
1600 582 1747 610 utFilium.

960 626 1066 654 futuros
1080 626 1228 661 aliquando
1243 633 1312 659 esse,
1328 634 1361 653 ne
1378 626 1451 660 ipsos
1463 634 1572 661 quoque
1587 627 1644 654 haec
1659 628 1753 655 verba.

959 672 1120 707 respiciant:
1139 673 1177 700 Tu
1189 676 1275 700 autem
1291 673 1366 699 homo
1377 680 1404 699 et
1419 677 1442 699 et
1456 681 1507 699 non
1519 673 1587 699 Deus
1599 674 1636 706 “;
1652 678 1689 706 et,
1701 673 1752 700 Νει

960 722 999 749 tu,
1018 719 1062 752 qui
1083 727 1182 753 pauper
1195 727 1234 751 es,
1254 724 1278 745 te
1299 718 1376 746 diviti
1394 719 1536 753 wquaveris
1547 719 1581 746 ".
1601 717 1664 747 Haec
1679 724 1742 747 sunt

959 770 1023 798 ergo
1042 771 1102 798 quae
1113 764 1207 791 scribit
1219 763 1337 791 Joannes
1356 772 1362 790 :
1381 763 1415 790 In
1425 764 1473 790 hoc
1486 764 1665 798 cognoscimus
1678 772 1741 799 quo-

961 809 1032 835 niam
1054 809 1082 836 in
1104 817 1133 836 eo
1151 817 1296 841 manemus,
1314 813 1338 836 et
1359 809 1412 844 ipse
1427 809 1453 836 in
1468 810 1697 844 nobia:quoniam
1711 809 1743 835 de

125 857 172 883 ὅτι
184 857 218 883 ὲκ
237 857 290 883 τοῦ
304 857 474 891 Πνεύματος
492 857 584 884 αὑτοῦ
602 857 730 884 δέδωκεν
741 856 823 892 ἡμῖν.
841 858 910 884 Οὐκ-

967 854 1063 888 Spiritu
1085 863 1132 881 sua
1153 855 1224 881 dedit
1247 854 1321 881 nobis
1332 854 1364 882 ³⁸.
1377 854 1470 890 Itaque
1493 859 1604 890 propter
1626 854 1744 890 Spiritus

125 901 172 928 οῦν
199 901 242 930 διὰ
265 901 313 937 τὴν
334 901 477 937 δεδομένην
498 903 562 937 ἡμῖν
583 902 628 928 τοῦ
654 902 809 937 Πνεύματος
832 903 909 938 χάριν

125 948 207 983 ἡμεῖς
220 955 250 973 τε
264 949 292 974 ὲν
311 947 384 982 αὐτῷ
402 947 543 983 γινόμεθα,
560 948 606 974 καὶ
627 947 705 979 αὐτὺς
727 948 755 974 ἐν
771 948 845 983 ἡμῖν·
863 948 911 974 καὶ

127 993 221 1028 ἐπειδὴ
235 993 266 1020 τὸ
281 993 392 1029 Πνεῦμα
406 993 452 1020 τοῦ
469 993 536 1020 Θεοῦ
554 995 621 1025 ἐστι,
634 993 677 1020 διὰ
691 993 784 1020 τούτου
801 993 909 1028 γινομέ-

126 1047 173 1065 νου
191 1039 219 1064 ἐν
239 1039 304 1074 ἡμῖν
321 1038 432 1070 εἰκότως
447 1039 494 1066 καὶ
510 1040 599 1074 ἡμεῖς,
622 1039 726 1074 ἔχοντες
737 1039 767 1065 τὸ
787 1038 909 1074 Πνεῦμα,

126 1084 298 1119 νομιζόμεθα
317 1085 345 1112 ὲν
372 1084 411 1120 τῷ
436 1085 494 1120 Θεῷ
520 1084 645 1118 γενέσθαι
670 1085 737 1121 (17)·
760 1086 805 1112 καὶ
825 1084 911 1117 οὕτως

127 1132 202 1157 ἐστὶν
219 1132 233 1157 6
246 1131 310 1163 θεὸς
322 1132 350 1158 ὲν
361 1133 436 1167 ἡμῖν.
453 1133 508 1159 Οὐκ
525 1132 577 1168 ἄρα
589 1131 626 1163 ὼς
637 1130 708 1157 ἔστιν
720 1133 734 1158 ὁ
746 1131 809 1163 Υἱὸς
828 1132 856 1158 ὲν
873 1131 911 1167 τῷ

129 1178 226 1213 Πατρὶ,
243 1177 312 1204 οὕτω
335 1178 381 1205 καὶ
398 1180 478 1213 ἡμεῖς
493 1177 624 1213 γινόμεθα
643 1177 671 1204 ὲν
686 1177 724 1212 τῷ
740 1177 828 1212 Πατρι
842 1176 909 1213 (18)-

127 1223 159 1251 αὑ
175 1224 229 1258 γὰρ
246 1223 294 1250 καὶ
307 1225 321 1250 ὁ
336 1224 399 1256 Υἱὸς
415 1225 535 1259 μετέχων
551 1223 609 1250 ἐστὶ
620 1223 666 1250 τοῦ
685 1223 851 1258 Πνεύματος,
869 1224 912 1251 ἵνα

127 1269 173 1296 διὰ
186 1269 263 1296 τοῦτο
277 1269 323 1296 καὶ
337 1271 365 1296 ὲν
382 1270 420 1305 τῷ
442 1270 529 1306 Πατρῖ¹
544 1271 665 1306 γένηται·
690 1270 749 1296 οὐδὲ
768 1270 912 1305 λαμϐάνων

130 1315 189 1342 ἐστὶ
203 1315 300 1350 τὺ.(19)
319 1316 439 1351 Πνεῦμα,
463 1317 529 1343 ἀλλὰ
554 1316 652 1352 μᾶλλον
675 1317 755 1343 αὐτὸς
770 1318 825 1348 τοῖς
846 1318 912 1344 πᾶσι

128 1361 208 1387 τοῦτο
220 1363 340 1397 χορηγεῖ·
359 1362 405 1388 καὶ
418 1363 448 1388 οὐ
462 1362 491 1388 τὸ
505 1362 614 1397 Πνεῦμα
628 1362 673 1389 τὸν
687 1363 770 1396 Λόγον
785 1362 912 1390 συνάπτει

131 1406 171 1440 τῷ
191 1407 287 1440 Πατρὶ,
302 1406 369 1433 ἀλλὰ
385 1407 483 1442 μᾶλλον
498 1407 529 1434 τὸ
544 1408 654 1442 Πνεῦμα
672 1408 746 1443 παρὰ
765 1408 811 1435 τοῦ
827 1408 912 1443 Λόγου

131 1451 274 1486 λαμῦάνει.
292 1453 346 1479 Καὶ
368 1453 382 1479 6
406 1453 455 1488 μὲν
475 1453 538 1486 Υἱὸς
559 1455 587 1480 ὲν
608 1453 646 1489 τῷ
667 1454 753 1489 Πατρί
773 1455 860 1486 ἐστιν,
875 1455 912 1486 ὡς

130 1497 217 1530 Λόγος
244 1496 306 1527 ἴδιος
327 1498 373 1524 καὶ
392 1497 560 1532 ἀπαύγασμα
581 1497 673 1524 αὑτοῦ·
689 1498 768 1533 ἡμεῖς
781 1498 809 1524 δὲ
830 1499 913 1534 χωρὶς

132 1542 182 1577 μὲν
192 1542 238 1569 τοῦ
250 1542 318 1569 Πνεύ
323 1551 405 1578 ματος
417 1543 485 1575 ξένοι
498 1543 545 1570 καὶ
559 1543 667 1579 μακράν
683 1544 764 1579 ἐσμεν
776 1544 822 1570 τοῦ
834 1544 911 1570 Θεοῦ·

129 1589 164 1623 τῇ
182 1588 210 1614 δὲ
232 1588 279 1615 τοῦ
294 1588 450 1624 Πνεύματος
470 1590 569 1625 μετοχῇ
591 1589 780 1625 συναπόμεθα
798 1591 830 1625 τῇ
855 1590 914 1618 θεό-

129 1641 202 1668 τητι*
217 1633 288 1660 ὥστε
302 1634 333 1659 τὺ
348 1631 418 1660 εἶναι
431 1633 505 1668 ἡμᾶς
521 1633 549 1659 ὲν
570 1632 608 1668 τῷ
628 1633 715 1667 Πατρὶ
733 1633 770 1668 μὴ
783 1633 917 1669 ἡμέτερον

130 1677 212 1710 εἶναι,
231 1678 296 1705 ἀλλὰ
311 1679 357 1705 τοῦ
374 1678 530 1714 Πνεῦματος
550 1678 596 1705 τοῦ
612 1679 641 1704 ὲν
654 1679 720 1714 ἡμῖν
735 1678 810 1710 ὄντος
825 1679 871 1706 καὶ
887 1679 917 1705 ἐν

130 1725 198 1760 ἡμῖν
212 1723 351 1759 μένοντος,
365 1724 416 1756 ἕως
429 1724 494 1751 αὐτὸ
513 1725 546 1759 τῇ
566 1723 692 1759 ὁμολογίᾳ
706 1723 873 1759 φυλάττομεν
887 1725 915 1750 ἐν

129 1771 215 1805 ἡμῖν,
240 1769 364 1804 λέγοντος
386 1769 466 1796 πάλιν
492 1769 547 1804 (90)
567 1766 613 1796 τοῦ
641 1770 778 1796 Ἰωάννου·
807 1771 856 1802 Ὃς
878 1769 916 1796 ἂν

131 1815 318 1850 ὁμολογήσῃ,
335 1814 379 1842 ὅτι
402 1815 520 1849 Ἰησοῦς
540 1816 625 1842 ἐστιν
644 1817 661 1842 ὁ
678 1815 743 1848 Υἱὸς
761 1815 814 1842 τοῦ
831 1815 914 1846 Θεοῦ,

131 1864 149 1890 ὁ
171 1861 244 1895 Θεὺς
264 1862 299 1888 ἐν
323 1861 402 1893 αὐτῷ
423 1861 521 1896 μένει,
546 1861 595 1888 καὶ
618 1861 709 1894 αὐτὸς
728 1861 763 1888 ἐν
784 1860 824 1893 τῷ
844 1861 914 1893 Θεῷ.

131 1907 201 1935 Ποία
214 1908 303 1934 τοίνυν
314 1906 368 1940 (21)
380 1907 504 1942 ὁμοιότης
515 1908 561 1933 καὶ
577 1906 640 1933 ποῖα
656 1906 746 1942 ἰσότης
757 1906 834 1942 ἡμῶν
848 1906 924 1943 πρὸς,

131 1952 178 1978 τὸν
203 1951 283 1984 Υῑόνς
308 1951 344 1977 Ἦ
369 1951 428 1982 πῶς
450 1951 500 1977 οὐκ
522 1951 676 1985 ἐλέγχονται
697 1950 863 1985 πανταχόθεν
891 1951 915 1976 οἱ

139 1997 290 2032 Ἀρειανοὶ,
312 1997 358 2023 καὶ
376 1997 491 2032 μάλιστα
516 1997 590 2032 παρὰ
603 1995 648 2022 τοῦ
671 1996 803 2027 Ἰωάννου,
816 1997 856 2025 ὃτι
870 1995 916 2023 άλ-

131 2041 186 2073 λως
203 2041 251 2076 μὲν
265 2042 279 2067 6
291 2041 355 2072 Υἱός
376 2042 448 2067 ἐστιν
469 2041 497 2067 ἐν
516 2040 554 2074 τῷ
571 2041 671 2076 Πατρὶ,
686 2040 772 2071 ἄλλως
791 2040 819 2066 δὲ
836 2041 915 2076 ἡμεῖς

132 2087 162 2112 ὲν
184 2086 258 2121 αὺτῴ
278 2086 424 2121 γινόμεθα’
442 2087 488 2112 καὶ
508 2085 569 2112 οὕτε
588 2087 666 2121 ἡμεῖς
682 2085 719 2118 ὡς
739 2087 840 2117 ἐκεῖνος
856 2086 915 2112 ἐσό-

135 2131 206 2166 μεοά
221 2140 296 2163 ποτε,
309 2131 370 2158 οὔτε
390 2133 404 2157 ὁ
420 2132 504 2165 Λόγος
527 2131 564 2162 ὡς
584 2132 666 2166 ἡμεῖς
683 2131 810 2166 τυγχάνει
826 2130 874 2164 ὢν,
892 2132 915 2158 ει

961 900 1085 935 gratiam,
1099 908 1161 935 qua:
1181 901 1261 928 nobis
1277 901 1338 928 data
1355 905 1406 934 est,
1417 905 1444 928 et
1464 908 1514 928 nos
1536 901 1563 927 in
1581 900 1626 927 illo
1637 908 1758 936 sumusL

960 948 987 972 et
1001 946 1045 973 ille
1056 951 1097 972 est
1112 946 1138 973 in
1151 946 1229 974 nobis
1242 956 1247 974 ε
1260 955 1292 975 ac
1311 947 1424 982 proinde
1434 954 1495 974 cum
1506 945 1553 974 Dei
1566 946 1610 974 ille
1625 945 1745 981 Spiritus

961 992 1008 1022 sit,
1021 991 1122 1018 idcirco
1132 991 1240 1026 quando
1250 992 1329 1019 illein
1344 991 1423 1019 nobis
1435 991 1521 1024 adest,
1536 999 1597 1024 nos,
1613 991 1658 1026 qui
1670 998 1745 1018 eum-

961 1036 1021 1064 dem
1042 1036 1171 1071 Spiritum
1189 1036 1331 1069 babemus,
1352 1036 1413 1071 jure
1435 1035 1531 1063 merito
1556 1035 1583 1063 in
1607 1035 1662 1063 Deo
1684 1043 1745 1064 esse

960 1081 1149 1109 existimamur
1163 1090 1170 1108 :
1186 1089 1270 1116 eaque
1286 1081 1391 1108 ratione
1402 1080 1472 1108 Deus
1485 1085 1526 1108 est
1542 1081 1569 1107 in
1585 1081 1674 1108 nobis.
1685 1079 1746 1109 Non

962 1127 1043 1163 igitur
1063 1131 1094 1154 ut
1113 1131 1155 1154 est
1168 1126 1254 1155 Filius
1271 1127 1296 1154 in
1311 1127 1401 1161 Patre,
1415 1127 1452 1155 ita
1465 1131 1492 1155 et
1504 1134 1554 1154 nos
1567 1127 1594 1154 in
1612 1125 1692 1153 Patre
1702 1133 1746 1153 su-

961 1181 1032 1201 mus.
1048 1171 1170 1208 Namque
1189 1173 1275 1200 Filius
1294 1181 1349 1200 non
1369 1174 1398 1200 [lt
1421 1172 1549 1208 Spiritus,
1565 1172 1699 1207 particeps
1715 1175 1754 1198 ut.

962 1219 998 1247 sit
1020 1219 1047 1246 in
1069 1218 1160 1252 Patre,
1173 1227 1260 1254 neque
1274 1219 1332 1254 ipse
1353 1219 1482 1254 Spiritum
1499 1219 1606 1252 accipit,
1621 1218 1667 1245 sed
1681 1225 1744 1244 eum

961 1265 1051 1300 potius
1065 1265 1190 1292 omnibus
1205 1265 1333 1299 impertit.
1345 1263 1399 1292 Nec
1416 1264 1478 1291 item
1492 1263 1610 1298 Spiritus
1624 1260 1744 1288 Verbum

962 1318 1024 1338 cum
1049 1309 1129 1338 Patre
1154 1310 1303 1345 coniungit,
1327 1310 1374 1337 sed
1399 1309 1489 1345 potius
1517 1308 1633 1343 Spiritus
1657 1307 1708 1334 hoc
1729 1314 1745 1334 a

963 1355 1051 1383 Verbo
1077 1356 1184 1391 accipit.
1205 1355 1325 1390 Denique
1345 1355 1431 1383 Eilius
1457 1355 1485 1382 in
1507 1353 1588 1382 Patre
1607 1353 1688 1389 455
1704 1357 1747 1380 est

962 1407 1092 1438 tanquam
1112 1403 1250 1437 propriutn
1269 1403 1330 1436 ejus
1345 1400 1462 1428 Verbum
1486 1405 1512 1428 et
1533 1400 1679 1434 splendor:
1695 1406 1746 1426 nos

963 1452 1065 1480 autem,
1090 1447 1223 1484 siquidem
1247 1447 1317 1475 absit
1340 1446 1468 1481 Spiritus,
1488 1446 1568 1473 alieni
1586 1449 1612 1473 et
1624 1444 1746 1480 procula

964 1493 1019 1521 Deo
1031 1501 1141 1526 sumus;
1155 1493 1201 1520 sed
1213 1492 1330 1527 Spiritus
1341 1492 1486 1527 participes
1497 1491 1593 1524 etl‘ecti,
1609 1498 1672 1518 cum
1687 1490 1746 1524 ipsa

965 1539 1156 1573 coniungimur
1167 1538 1318 1569 divinitate,
1331 1545 1363 1564 ac
1377 1537 1490 1571 proinde
1501 1545 1553 1564 non
1570 1539 1693 1563 nostrum
1705 1540 1747 1562 cst

965 1591 1016 1610 nos
1030 1591 1090 1611 esse
1106 1584 1132 1610 in
1146 1583 1235 1615 Patre,
1249 1583 1294 1610 sed
1306 1582 1424 1617 Spiritus
1437 1582 1483 1616 qui
1495 1582 1521 1608 in
1537 1581 1615 1608 nobis
1625 1585 1666 1608 est
1680 1585 1706 1608 et
1718 1581 1746 1607 in

966 1629 1044 1656 nobis
1057 1634 1158 1661 manet.
1172 1628 1292 1663 quandiu
1309 1628 1411 1655 scilicet
1424 1635 1486 1654 eum
1498 1627 1526 1654 in
1544 1627 1623 1654 nobis
1639 1625 1748 1654 Confes-

966 1675 1040 1701 sione
1051 1674 1230 1706 servabimus,
1240 1678 1269 1700 ut
1282 1673 1350 1700 idem
1365 1672 1484 1700 Joannes
1497 1673 1539 1700 his
1550 1673 1638 1700 verbis
1650 1672 1745 1699 docet:

966 1720 1089 1754 Quisquis
1112 1719 1246 1754 confessus
1270 1719 1349 1754 fuerit
1373 1717 1463 1745 Jesum
1488 1726 1544 1745 esse
1567 1717 1667 1745 Filium
1687 1716 1746 1750 υιί,

966 1765 1033 1791 Deus
1051 1766 1079 1791 in
1093 1773 1121 1792 eo
1136 1769 1232 1796 manet,
1246 1769 1270 1791 et
1284 1765 1337 1799 ipse
1350 1765 1377 1791 in
1398 1764 1451 1791 Deo
1464 1764 1495 1791 “.
1509 1763 1574 1796 Quae
1588 1771 1652 1798 ergo
1669 1763 1747 1790 nobis

966 1811 1114 1840 similitudo
1128 1811 1169 1838 vel
1183 1811 1324 1846 aequalitas
1342 1816 1385 1838 est
1398 1819 1459 1838 cum
1477 1809 1565 1837 Filio?
1583 1809 1628 1837 Vel
1644 1809 1746 1844 potius.

966 1865 1057 1885 annon
1081 1857 1200 1892 undique
1213 1857 1384 1892 maximeque
1400 1865 1413 1884 a
1430 1856 1533 1884 Joanne
1550 1856 1747 1883 convincuntur

965 1904 1069 1935 Ariani,
1086 1904 1164 1930 aliter
1175 1903 1273 1930 Filium
1292 1903 1319 1930 in
1338 1904 1416 1930 Patre
1433 1910 1504 1933 esse,
1519 1906 1546 1929 et
1565 1901 1642 1928 aliter
1655 1909 1706 1928 nos
1720 1901 1747 1927 in

965 1950 1059 1977 eodem
1071 1956 1141 1981 esse,
1157 1957 1245 1984 neque
1260 1957 1310 1977 nos
1323 1956 1443 1983 unquam
1462 1948 1532 1975 sicut
1542 1947 1616 1974 illum
1630 1947 1747 1978 futuros,

966 2003 1052 2030 neque
1060 1994 1177 2022 Verbum
1195 1995 1323 2023 sicutnos
1333 2002 1404 2026 esse,
1418 1994 1470 2021 nisi
1487 1993 1567 2027 ferte,
1581 1998 1610 2020 ut
1623 2000 1682 2019 mos
1695 1992 1749 2020 illis

965 2045 1016 2072 est,
1037 2040 1082 2067 hic
1105 2047 1210 2075 quoque
1235 2044 1336 2067 temere
1361 2040 1525 2066 contendant
1550 2039 1630 2065 etiam
1648 2037 1747 2064 Filium

966 2086 1068 2120 ipsum,
1080 2085 1188 2112 nonnisi
1205 2084 1322 2119 Spiritus
1332 2085 1488 2119 participem
1504 2083 1629 2111 eﬂ'ectum
1641 2088 1667 2110 et
1677 2087 1750 2110 recte

966 2131 1044 2158 factis
1059 2131 1193 2158 meruisse
1208 2135 1237 2158 ut
1253 2131 1279 2158 in
1294 2130 1373 2158 Patre
1388 2134 1469 2162 esset,
1481 2129 1553 2165 quod
1565 2134 1638 2157 certe
1650 2129 1692 2157 vel
1705 2137 1750 2156 so-

134 2177 173 2212 μὴ
185 2176 239 2213 ἄρα
253 2177 443 2213 τολμήσουσιν,
453 2177 490 2208 ὡς
499 2177 528 2203 ὲν
543 2178 618 2210 πᾶσι,
633 2178 679 2203 καὶ
692 2177 739 2203 νῦν
751 2178 835 2203 εἰπεῖν
847 2177 913 2212 (22),

967 2179 1022 2205 lum
1044 2177 1156 2213 cogitari
1180 2177 1282 2212 absque
1292 2184 1397 2204 summa
1410 2176 1548 2211 impietate
1569 2183 1622 2202 non
1651 2178 1747 2210 potest.

171 2267 194 2283 "
204 2268 301 2296 Ezcch.
314 2276 408 2301 xxvm,
420 2269 447 2295 2.
488 2269 509 2284 ⁵³
521 2268 599 2296 Prov.
616 2276 696 2302 nm,
714 2269 740 2296 ιιι
780 2270 801 2286 ³⁵
818 2268 917 2297 lJoan.
931 2278 967 2303 ιν,
981 2269 1023 2297 15.

169 2359 226 2395 (15)
242 2359 350 2395 Qobler.
365 2363 392 2386 et
404 2358 477 2395 Feic.
493 2359 524 2395 1,
542 2359 556 2386 6
567 2359 595 2385 δὲ
606 2359 755 2395 άπόστολος
778 2360 912 2394 Ἰωάννης.

172 2393 229 2427 (14)
252 2393 297 2421 Sic
312 2399 424 2428 uterque
439 2393 538 2427 Regius
559 2399 585 2421 et
604 2393 760 2434 nguerian.
783 2396 818 2423 At
833 2393 914 2422 Basil.

172 2430 204 2443 ,ιιι
236 2428 296 2443 [ἑκ-1..
321 2430 331 2443 Ι
347 2432 368 2443 Λ.
390 2429 404 2443 Β
434 2428 531 2443 ἓ.Σ,ξ-ζμ.
547 2428 574 2443 21-
595 2437 653 2443 -..ιι
674 2430 754 2443 ιη-τ-
781 2429 875 2443 ριν-Ιληῖ
891 2434 914 2443 ,ιι

135 2429 215 2469 Gobl.
236 2428 306 2455 Felc.
321 2430 333 2455 1
346 2432 373 2455 et
388 2429 413 2458 5,
433 2428 532 2461 διδάξει
547 2428 575 2454 δὲ
587 2428 653 2469 -πῶς
674 2430 764 2470 ἡμεῖς.
781 2429 877 2456 Czeleri
890 2434 917 2456 et

133 2466 219 2503 editio
233 2463 376 2503 Commel._,
395 2463 495 2503 διδάξει
511 2472 540 2503 τε
561 2472 619 2503 τξως
635 2465 724 2503 ἡμεις.
743 2464 882 2503 Mosﬂlieg.
895 2464 914 2503 _l

133 2505 162 2526 et
178 2498 290 2533 Seguer,
307 2499 386 2534 ἡμεῖς
400 2499 449 2533 μὲν
463 2500 491 2525 ὲν
511 2498 594 2533 αὐτῷ.
609 2498 636 2525 1η
657 2499 717 2525 aliis
730 2503 757 2526 et
774 2499 852 2526 editis
862 2498 916 2534 μέν

132 2535 227 2603 de???)
240 2567 334 2598 Basil..
345 2568 416 2595 κατὰ
434 2568 523 2603 φύσιν.
538 2568 656 2602 Anglic.,
672 2569 705 2603 τῇ
721 2567 810 2602 φύσει.

170 2603 227 2636 (16)
240 2602 348 2630 Gobler.
361 2611 387 2637 et
402 2603 474 2631 Felc.
492 2604 517 2636 1,
531 2603 620 2630 τοίνυν
639 2602 762 2637 Ἰωάννης
776 2603 872 2637 λέγων.

151 2639 225 2700 09‘7)
241 2638 308 2673 Reg.
324 2639 349 2671 1,
371 2636 484 2674 Seguer.
504 2638 610 2666 Gobler.
627 2643 654 2665 et
667 2636 767 2665 Fcch
778 2657 786 2671 ,
806 2636 918 2673 γεγενῆ-

132 2683 235 2748 Ῐυῗῖὲ),
254 2707 299 2748 Sic
314 2707 380 2748 Reg.
398 2709 424 2748 1,
441 2708 598 2748 Segiierian.
614 2708 919 2748 Anglic.an._(.}_obler.‘et

133 2744 207 2783 Eelc.
224 2743 250 2783 1,
268 2746 350 2783 atque
366 2743 402 2783 ita
419 2744 482 2783 legit
504 2743 634 2783 Nannius.
651 2744 734 2783 Atﬂin
748 2744 851 2783 aliiset
862 2744 919 2783 edi-

134 2780 206 2805 tione
221 2777 352 2805 Commel.
372 2778 428 2805 haec
446 2777 545 2806 desunt
563 2780 658 2810 verba,
678 2778 748 2806 οὕτω
774 2780 819 2805 καὶ
841 2779 919 2814 ἡμεῖς

132 2813 267 2848 γινόμεθα
282 2813 310 2838 ἐν
326 2812 365 2847 τῷ
382 2813 476 2848 Πάτρί.

1061 2268 1084 2284 ³³
1103 2268 1168 2295 ibid.
1189 2267 1236 2294 15.
1287 2244 1297 2254 '

1001 2359 1057 2401 (19)
1074 2358 1207 2401 Sicf-eg.
1227 2358 1398 2401 ἱεβεειιεςς.
1409 2359 1517 2401 βοωετ.
1541 2362 1567 2385 et
1582 2358 1653 2401 Felc.
1670 2357 1752 2401 71..Αι

967 2395 1013 2423 alii
1032 2399 1059 2421 et
1079 2394 1144 2421 editi
1161 2394 1191 2420 τό
1205 2394 1341 2420 omittunt.
1362 2394 1428 2421 lbid.
1443 2395 1499 2420 haec
1519 2401 1579 2427 quae
1601 2398 1752 2427 sequuntur

968 2430 1065 2468 verba,
1173 2428 1271 2468 μᾶλλον
1286 2429 1367 2468 αυτὸς
1385 2430 1440 2468 τοῖς
1453 2430 1521 2468 enim
1537 2427 1616 2468 τοῦτο
1629 2430 1764 2468 χορηγεϊμ

967 2465 1014 2492 καὶ
1031 2464 1061 2490 οὺ
1077 2464 1108 2490 τὸ
1119 2462 1229 2498 Πνεῦμα
1245 2464 1373 2498 συνάπτει
1388 2463 1433 2489 τδν
1446 2464 1529 2498 Λόγον
1542 2462 1580 2497 τῷ
1592 2462 1693 2498 Πατρί,
1706 2463 1752 2490 de-

968 2503 1032 2527 sunt
1046 2499 1073 2525 in
1090 2497 1198 2526 Gobler;
1214 2502 1241 2525 et
1253 2497 1324 2525 Felc.
1345 2499 1369 2525 t.
1386 2499 1485 2525 lbidem
1509 2497 1573 2530 Reg.
1591 2497 1618 2529 2,
1634 2497 1705 2524 Felc.
1723 2497 1763 2530 5,_

969 2539 996 2562 et
1009 2534 1126 2569 Anglia,
1142 2532 1281 2569 rupium?)
1292 2533 1378 2567 Λόγου
1393 2532 1472 2558 τοῦτο
1488 2532 1630 2567 λαμὸἁνει.
1645 2533 1675 2559 In
1691 2532 1755 2559 aliis

970 2574 996 2596 et
1010 2567 1089 2596 editis
1103 2568 1177 2595 deest
1184 2567 1274 2594 τοῦτο.

1008 2603 1063 2639 (20)
1083 2602 1184 2639 Regius
1202 2603 1307 2639 primus
1319 2607 1345 2629 et
1357 2601 1494 2639 Segurrq
1515 2601 1640 2635 λέγοντος
1661 2601 1751 2629 πάλιν.

972 2637 1068 2666 Ceteri
1081 2642 1107 2664 et
1123 2638 1198 2669 editi,
1211 2637 1336 2671 λέγοντος
1353 2638 1381 2663 δὲ
1400 2637 1489 2663 πάλιν.

1009 2673 1064 2708 (21)
1087 2673 1131 2699 Sic
1145 2672 1207 2708 Reg.
1228 2673 1240 2698 1
1259 2677 1286 2700 et
1300 2671 1413 2708 Seguer.
1432 2671 1459 2698 In
1473 2672 1533 2699 aliis
1549 2676 1576 2699 et
1588 2671 1668 2708 editis
1679 2671 1755 2708 (ieest

972 2709 1070 2735 τοίνυν.
1085 2707 1144 2734 Mox
1162 2707 1226 2741 Reg.
1241 2708 1251 2734 1
1269 2713 1295 2734 et
1309 2707 1431 2742 Seguer.,
1442 2708 1596 2742 ἐλέγχονται
1612 2707 1752 2734 πάντοθεν.

1007 2743 1064 2778 (22)
1085 2743 1130 2769 Sic
1149 2742 1213 2777 lteg.
1231 2743 1241 2769 1
1258 2747 1285 2769 et
1297 2741 1408 2778 Segucr.
1423 2743 1457 2769 At
1476 2741 1585 2769 Gubler.
1606 2746 1633 2769 et
1647 2742 1719 2769 Felc.
1742 2744 1751 2769 l

974 2777 1090 2813 τολμῶσι
1112 2779 1141 2803 ὲν
1156 2778 1222 2813 πᾶσι
1244 2778 1291 2803 κα)¹
1311 2777 1358 2804 νῦν
1384 2778 1478 2804 εἰπεῖν.
1494 2777 1608 2813 Falerii
1627 2783 1654 2804 et
1673 2778 1767 2805 editio.

974 2811 1116 2841 CommcL
1136 2811 1269 2847 τολμῶτιν
1287 2813 1315 2840 ἐν
1335 2813 1400 2839 πᾶσι
1416 2813 1461 2839 καὶ
1476 2811 1523 2840 νῦν
1536 2813 1575 2844 εἰς
1587 2812 1617 2839 το
1631 2813 1729 2841 εἰπεῖν,
