1964 3038
232 78 286 109 375

514 79 542 106 S.
563 79 751 108 ATIIANASII
771 80 847 110 OPP.
866 80 957 109 PARS
976 81 995 108 Ι.
1014 97 1049 102 -—
1068 79 1255 108 IIISTORICA
1275 79 1319 107 ET
1340 79 1552 107 DOGMATICA.

1799 79 1853 107 578

231 135 364 171 Namque,
381 140 409 163 ut
428 135 528 164 dictum
546 141 599 169 est,
616 137 674 172 ipse
690 137 736 164 dat
755 137 880 172 Spiritui,
895 143 923 166 et
943 146 1014 173 quie-

1072 139 1104 165 ὅτι
1121 138 1168 165 καὶ
1184 139 1198 165 ό
1214 138 1279 170 Υἱὸς
1300 139 1398 173 μετοχῇ
1414 137 1460 164 τοῦ
1481 137 1637 173 Πνεῦματος
1655 137 1702 164 καὶ
1717 136 1855 172 βελτιώσει

232 189 339 217 cunque
351 181 469 217 Spiritus
479 181 571 213 habet,
585 182 642 210 ha'c
652 190 667 209 a
677 181 768 209 Verbo
782 183 874 211 habet.

1065 183 1191 220 πράξεως
1214 183 1309 218 γέγονε
1330 183 1377 210 καὶ
1398 183 1477 215 αὐτὸς
1496 184 1524 211 ἐν
1537 183 1577 219 τῷ
1593 183 1689 220 Πατρί.
1713 183 1792 210 ’Λλλά
1807 186 1856 212 καὶ

231 227 309 255 τοῦτο
322 229 401 255 πάλιν
427 228 558 264 ὑπερλίαν
576 227 655 255 ’ἐστὶν
679 229 774 262 ἁσεσές
804 231 856 258 κᾶν
881 230 948 262 ὅλως
978 231 1018 262 είς
1048 230 1194 266 ἐνθύμησιν
1218 230 1319 257 λαὸεἰν.
1344 229 1428 262 Αὐτὸς
1451 230 1521 266 γὰρ,
1548 229 1640 266 ὥσπερ
1667 230 1789 266 εἴρηται,
1815 231 1856 267 τῷ

233 273 368 309 Πνεύματι
384 274 439 309 (24)
454 274 562 308 δίδωσι,
577 275 624 302 καὶ
637 276 687 302 ὅσα
700 275 755 310 ἔχει
769 275 799 302 τὸ
813 276 923 312 Πνεῦμα
941 276 1016 312 παρὰ
1034 275 1081 303 τοῦ
1098 276 1183 311 Λόγου
1200 276 1266 312 ἔχει.

265 320 310 347 25.
329 320 396 347 Cum
412 320 493 354 igitur
506 320 541 348 de
553 321 633 348 nobis
647 321 716 348 dixit
732 320 866 353 Salvator,
884 321 958 349 Sicut
975 327 1016 355 tu,

234 365 334 397 l’ater,
365 366 392 392 in
413 373 468 398 me,
485 370 510 392 et
527 374 573 401 ego
594 367 623 392 in
650 370 692 397 te,
717 370 746 392 ut
776 371 801 393 et
821 367 872 401 ipsi
895 367 920 393 iii
942 366 1017 394 nobis

231 418 311 437 unum
330 411 427 444 sint",
449 419 504 438 non
526 419 577 439 nos
593 412 702 439 eosdem
720 419 752 438 ac
767 412 886 447 scipsum
904 412 961 440 fore
981 413 1018 440 si-

231 456 376 491 gniﬁcavit,
395 462 424 484 ut
437 465 471 485 ex
481 457 557 485 Jonie
572 459 696 493 exemplo
708 459 898 494 probavimus;
914 459 961 486 sed
976 463 1019 487 est

231 501 377 537 postulatio
388 511 442 538 qua
455 503 562 531 Patrem
577 508 713 539 precatur,
726 505 765 532 uti
779 505 872 532 scribit
886 504 1015 538 Joannes,

233 550 263 573 ut
280 546 410 582 Spiritum
427 555 473 583 per
487 548 661 584 scimpertiat
675 551 859 583 credentibus,
876 559 923 586 per
935 559 1016 586 quem

230 592 355 619 videmur
368 597 394 620 et
406 593 433 620 in
448 593 503 621 Deo
515 601 585 627 esse,
597 600 624 622 et
637 603 685 630 per
697 596 823 623 eumdem
838 597 865 623 in
881 597 940 631 ipso
952 604 1018 624 con-

174 665 177 667 .
230 639 317 673 iungi.
332 639 402 672 Quia
415 640 488 667 enim
501 639 621 668 Verbum
640 647 682 670 est
706 643 733 670 in
751 642 843 676 Patre,
858 648 884 671 et
899 643 1018 678 Spiritus

231 693 264 712 ex
279 685 367 713 Verbo
380 686 470 718 datur,
490 693 541 714 nos
557 687 659 715 idcirco
676 688 807 724 Spiritum
823 689 896 724 cupit
909 689 1017 724 accipe-

232 740 272 762 re,
288 736 318 759 ut
333 740 394 761 cum
409 741 472 760 eum
486 736 683 771 acceperimus,
703 741 768 764 tunc
786 736 917 771 Spiritum
937 735 1017 763 Verbi

231 778 259 805 in
276 777 355 806 Patre
376 779 532 808 exsistentis
550 781 693 814 habentes,
719 782 802 810 etiam
823 790 873 810 nos
896 781 946 816 ipsi
970 789 1018 816 per

232 822 373 857 Spiritum,
391 832 477 852 unum
492 825 520 852 in
540 825 629 854 Verbo
642 831 669 854 et
683 834 732 862 per
746 826 864 855 Verbum
888 827 915 854 in
938 826 1018 854 Patre

230 868 319 897 eﬂ‘ecti
332 877 392 898 esse
411 871 564 900 videamur.
584 872 614 900 Id
635 876 726 900 autem
744 873 816 907 quod
839 872 887 905 ait,
905 877 934 899 at
959 881 1016 906 nos,

230 915 298 942 nihil
322 915 395 942 aliud
424 916 528 944 indicat
547 925 640 952 quam,
657 921 689 945 ut
714 917 871 952 huiusmodi
900 917 1018 952 Spiritus

231 960 318 995 gratia
333 960 360 988 in
378 960 528 997 discipulos
543 962 645 996 infusa,
663 958 768 990 stabilis
785 967 813 991 et
831 962 1019 990 irrevocabilis

231 1008 370 1036 reddatur.
388 1007 499 1044 Nempe,
515 1014 545 1037 ut
565 1018 647 1046 supra
660 1010 802 1046 explicavi,
822 1011 847 1038 id
862 1012 935 1046 quod
952 1010 1019 1038 Ver-

232 1053 266 1081 bo
287 1053 314 1080 in
329 1053 409 1081 Patre
423 1060 521 1083 natura
545 1055 626 1089 inest,
651 1056 705 1084 hoc
727 1056 806 1084 nobis
821 1065 868 1092 per
886 1056 1019 1092 Spiritum

231 1098 269 1126 ita
296 1099 353 1126 vult
372 1099 431 1127 dari
456 1104 486 1127 ut
505 1101 540 1128 sit
563 1101 751 1129 irrevocabile.
780 1101 858 1135 Quod
881 1109 943 1130 cum
965 1110 1018 1130 non

231 1145 367 1180 ignoraret
375 1145 530 1180 Apostolus,
542 1147 593 1174 ait:
603 1146 668 1179 Qui:
676 1155 724 1174 nos
733 1147 866 1182 separabit
877 1156 893 1174 a
901 1148 1020 1174 clm-ita-

232 1194 257 1217 ιι
271 1190 371 1218 Christi
381 1190 420 1216 '7?
437 1190 509 1218 Nam
524 1191 573 1219 Dei
586 1194 655 1220 dona
665 1197 691 1220 et
702 1193 790 1228 gratia
805 1193 950 1220 uocationis
963 1193 1019 1229 (25)

231 1237 417 1265 irrevocabilia
436 1243 498 1265 sunt
513 1239 545 1266 ³⁸.
567 1239 660 1275 Itaque
676 1239 794 1275 Spiritus
807 1244 849 1268 est
861 1241 906 1275 qui
922 1240 950 1267 in
966 1239 1020 1267 Deo

231 1283 347 1314 exsistit,
361 1291 415 1310 non
429 1288 519 1312 autem
532 1293 582 1312 nos
597 1285 746 1312 secundum
761 1293 820 1312 nos.
835 1284 910 1312 Unde
925 1293 1018 1319 quem-

232 1328 379 1356 admodum
396 1329 444 1356 lilii
458 1334 486 1357 et
500 1330 538 1357 dii
557 1330 689 1358 ellicimur
706 1331 741 1358 ob
760 1329 879 1358 Verbum
899 1330 971 1366 quod
993 1331 1020 1358 in

232 1373 310 1401 nobis
334 1374 467 1403 habemus
484 1384 491 1402 :
515 1376 551 1403 ita
575 1376 601 1403 in
625 1375 694 1403 Filio
715 1381 743 1404 et
764 1376 792 1403 in
811 1376 891 1404 Pau:e
907 1376 1021 1410 erimus,

233 1427 375 1454 unumque
397 1421 424 1447 in
454 1421 551 1449 iisdem
581 1421 668 1450 eﬂ‘ecti
693 1430 754 1451 esse
783 1423 1020 1456 existimabimur,

232 1469 375 1500 propterea
392 1466 466 1501 quod
483 1466 512 1494 in
537 1468 616 1496 nobis
635 1468 671 1496 sit
686 1468 805 1503 Spiritus
821 1468 868 1503 qui
889 1468 916 1495 iii
931 1467 1021 1496 Verbo
1034 1478 1055 1508 ο

231 1516 283 1544 est,
306 1512 380 1547 quod
406 1513 495 1548 ipsum
516 1512 634 1540 Verbum
661 1518 704 1541 est
724 1514 751 1540 in
778 1513 867 1541 Patre.
886 1513 1020 1547 Quocirca

231 1566 294 1586 cum
315 1559 413 1594 aliquis
430 1560 496 1587 vitio
518 1560 611 1596 aliquo
631 1568 647 1588 a
669 1559 773 1595 Spiritu
799 1559 944 1591 defecerit,
973 1559 1020 1587 illa

232 1605 341 1639 quidem
356 1606 442 1640 gratia
467 1606 539 1642 apud
556 1614 603 1634 eos
618 1607 665 1642 qui
680 1606 818 1634 voluerint
835 1606 1021 1634 irrevocabilis

233 1654 390 1683 permanet,
405 1649 428 1677 si
445 1650 525 1678 modo
541 1651 781 1686 ipsos,postquam
791 1650 950 1683 ceciderint,
960 1658 1020 1685 pte-

233 1695 340 1722 niteat:
358 1701 547 1724 verumtamen
569 1697 614 1724 ille
632 1697 679 1732 qui
704 1697 818 1730 cecidit,
834 1705 888 1724 non
905 1697 1022 1731 amplius

235 1741 262 1768 In
282 1739 337 1768 Deo
352 1745 404 1773 est,
423 1749 456 1769 eo
471 1742 543 1777 quod
561 1746 673 1770 sanctus
685 1746 712 1770 et
725 1743 879 1778 paracletus
891 1743 1020 1778 Spiritus,

233 1786 280 1821 qui
300 1786 328 1814 in
345 1786 400 1814 Deo
419 1791 471 1820 est,
489 1788 523 1815 ab
538 1788 598 1823 ipso
613 1789 771 1822 recesserit;
795 1788 842 1816 sed
861 1788 1018 1824 huiusmodi

235 1837 360 1868 peccator
371 1833 398 1860 in
415 1833 462 1860 illo
476 1834 528 1860 erit
540 1833 584 1861 cui
596 1841 657 1861 sese
667 1834 725 1869 ipse
735 1834 860 1869 subiecit,
874 1834 946 1869 quod
963 1835 1017 1862 uti-

233 1886 287 1913 que
301 1877 376 1906 Sauli
389 1879 489 1912 evenit,
507 1887 522 1906 a
540 1887 595 1914 quo
609 1879 739 1907 nimirum
752 1879 879 1907 discessit
894 1879 941 1907 Dei
957 1879 1020 1914 Spi-

234 1924 313 1958 ritus,
329 1932 466 1960 quemque
485 1924 573 1953 malus
593 1925 706 1960 spiritus
720 1925 830 1952 vexavit
845 1925 878 1951 ".
894 1924 1020 1953 Profecto

235 1969 278 1997 his
291 1971 392 1999 auditis
408 1971 570 1998 erubescere
585 1971 716 1999 deberent
733 1970 782 1999 Dei
807 1971 909 2005 hostes,
927 1978 979 1999 nec
992 1979 1022 1999 se

234 2016 350 2051 amplius
368 2015 424 2043 Deo
449 2016 569 2051 aquales
592 2016 702 2052 ﬁngere.
721 2015 824 2044 Verum
847 2023 898 2044 nec
921 2016 1022 2044 intelli-

234 2065 310 2096 gunt;
319 2067 393 2094 nam,
400 2059 513 2096 Impius,
521 2060 603 2097 456
610 2061 708 2097 inquit,
717 2062 856 2088 scientiam
865 2069 915 2088 non
924 2061 1023 2089 intelli-

1102 322 1146 349 25.
1160 321 1264 348 Οὐκοῦν
1280 323 1294 348 ό
1308 322 1400 358 Σωτὴρ
1414 321 1501 356 λέγων
1522 320 1585 356 περὶ
1600 321 1679 356 ἡμῶν
1694 321 1735 353 τὸ,
1752 320 1855 355 Καθὼς

1067 368 1119 400 σὺ,
1133 368 1239 401 Πάτερ,
1255 367 1290 393 ἐν
1306 367 1381 402 ἐμοὶ,
1396 366 1475 401 κάγὼ
1487 367 1521 393 ἐν·
1536 366 1595 397 σοί,
1608 366 1658 392 ἵνα
1670 366 1809 393 καίαὺτοί
1821 367 1857 393 ἐν

1068 415 1141 449 ἡμῖν
1155 414 1190 441 ἐν
1209 411 1300 446 ὦσιν,
1323 413 1353 440 οὐ
1369 412 1418 448 τὴν
1440 412 1591 448 ταυτότητα
1612 413 1684 448 ἡμᾶς
1700 411 1773 447 αὐτῷ
1791 412 1857 447 μέλ-

1068 459 1163 491 λοντας
1178 459 1234 494 (25)
1247 459 1319 494 ἔχειν
1335 457 1473 494 σημαίνει·
1491 457 1596 493 ἐδείχθη
1608 457 1662 492 γὰρ
1679 458 1710 484 ἐκ
1722 456 1768 483 τοῦ
1786 457 1858 484 κατὰ

1068 504 1114 531 τδν
1134 504 1225 531 Ἰωνᾶν
1245 503 1465 540 παραδείγματος
1485 503 1531 529 καὶ
1547 502 1642 529 τοῦτο·
1664 502 1730 529 ἀλλά
1747 502 1858 534 ἀξίωσις

1068 550 1125 576 ἐστι
1135 550 1202 586 πρὸς
1213 549 1258 576 τὸν
1273 549 1393 584 Πατέρα,
1401 547 1439 579 ὼς
1454 548 1468 573 ό
1476 547 1601 582 Ἰωάννης
1611 547 1729 583 ἔγραψεν
1738 547 1804 582 (26),
1813 547 1859 574 ϊνα

1067 595 1098 622 τὺ
1123 594 1235 630 Πνεῦμα
1252 593 1398 630 χαρίσηται
1413 594 1446 620 δι’
1463 592 1544 620 αὑτοῦ
1566 594 1622 625 τοῖς
1642 591 1808 622 πιστεύουσι,
1823 592 1857 618 δι’

1067 638 1098 668 οῦ
1115 641 1163 667 καὶ
1176 639 1307 676 δοκοῦμεν
1324 640 1353 666 ἐν
1366 639 1406 674 τῷ
1417 640 1476 675 Θεῷ
1486 638 1620 674 γίνεσθαι,
1633 638 1680 665 καὶ
1695 638 1766 665 κατά
1778 637 1859 664 τοῦτο

1070 686 1254 714 συνάπτεσθαι
1268 687 1296 712 ἐν
1310 685 1394 721 αὐτῷ.
1418 685 1525 721 Ἐπειδὴ
1544 685 1599 720 γὰρ
1613 685 1628 711 ὁ
1641 683 1727 718 Λόγος
1743 684 1816 710 ἐστὶν
1828 684 1859 710 ἐν

1069 731 1108 767 τῷ
1127 731 1224 766 Πατρὶ,
1247 731 1279 757 τὸ
1293 730 1321 757 δὲ
1335 730 1447 765 Πνεῦμα
1465 730 1497 756 ἐκ
1513 729 1559 756 τοῦ
1575 729 1661 763 Λόγου
1679 728 1733 764 (27)
1747 727 1858 759 δίδοται,

1071 777 1142 804 θέλει
1158 777 1252 804 λαϐεῖν
1275 777 1348 813 ἡμᾶς
1369 777 1399 803 τὸ
1420 775 1542 811 Πνεῦμα,
1557 776 1611 807 ἵνα,
1626 776 1689 802 ὅταν
1706 775 1792 801 ἐκεῖνο
1807 773 1858 800 λά-

1069 823 1170 859 ϐωμεν,
1185 823 1245 849 τότε
1261 822 1368 857 ἔχοντες
1383 821 1413 847 τὸ
1425 820 1537 856 Πνεῦμα
1555 819 1601 847 τοῦ
1618 820 1705 854 Λόγου
1722 818 1768 846 τοῦ
1782 818 1859 850 ὕντος

1068 871 1098 896 ἐν
1113 869 1152 905 τῷ
1170 868 1274 904 Πατρὶ,
1295 867 1414 903 δόξωμεν
1436 867 1483 894 καὶ
1504 867 1584 902 ἡμεῖς
1597 866 1641 893 διὰ
1657 866 1686 892 τὺ
1703 864 1814 900 Πνεῦμα
1828 864 1860 891 ἓν

1068 915 1190 951 γίνεσθαι
1207 915 1264 951 (28)
1284 914 1313 941 ἐν
1329 914 1368 950 τῷ
1382 914 1471 949 Λόγῳ,
1487 913 1535 940 καὶ
1554 913 1587 940 δι’
1606 912 1688 940 αὑτοῦ
1703 911 1742 947 τῷ
1758 911 1859 944 Πατρί.

1069 962 1105 989 Τὸ
1119 962 1158 994 δέ,
1173 962 1214 994 ὡς
1225 960 1321 996 ἡμεῖς,
1337 960 1384 986 ἐὰν
1397 960 1474 996 λέγῃ,
1489 958 1564 986 οὐδὲν
1575 958 1668 994 ἐτερον
1682 957 1762 985 πάλιν
1772 956 1860 989 ἐστὶν,

1068 1008 1085 1043 ἢ
1100 1008 1144 1035 τνα
1167 1008 1184 1043 ὴ
1203 1006 1332 1042 γινομένη
1351 1005 1462 1040 τοιαύτη
1484 1004 1530 1032 τοῦ
1550 1004 1707 1040 Πνεὺματος
1723 1003 1802 1039 χάρις
1819 1003 1862 1035 είς

1069 1055 1132 1085 τοὺς
1147 1053 1269 1090 μαθητὰς
1281 1052 1447 1084 ἀδιάπτωτος
1459 1051 1505 1078 καὶ
1520 1050 1725 1087 ἀμεταμέλητος
1739 1049 1796 1085 (29)
1811 1049 1861 1084 γέε

1069 1108 1158 1136 νηται.
1176 1099 1213 1125 Τὸ
1227 1099 1281 1135 γὰρ
1295 1098 1366 1125 κατὰ.
1378 1097 1467 1138 φύσιν,
1480 1097 1517 1129 ὡς
1529 1097 1668 1132 προεῖπον,
1685 1095 1806 1132 ὑπάρχον
1820 1094 1861 1131 τῷ

1069 1145 1149 1180 Λόγῳ
1165 1146 1194 1171 ἐν
1211 1144 1250 1180 τῷ
1270 1144 1376 1180 Ila-:91,
1395 1143 1473 1170 τοῦτο
1498 1143 1563 1178 ἡμῖν
1585 1142 1800 1178 ἀμεταμελήτως
1816 1141 1862 1168 διὰ

1069 1190 1116 1216 τοῦ
1137 1189 1294 1225 Πνεύματος
1316 1189 1425 1224 δοθῆναι
1443 1187 1574 1223 βούλεται’
1588 1187 1656 1223 ὅπερ
1669 1188 1684 1214 ό
1702 1186 1862 1218 ’Δπόστολος

1071 1235 1240 1271 γιγνώσκων,
1255 1235 1342 1269 ἔλεγε·
1362 1235 1408 1267 Τίς
1423 1233 1504 1269 ἡμᾶς
1517 1233 1637 1268 χωρίσει
1648 1232 1706 1260 ἀπὸ
1722 1231 1778 1266 τῆς
1792 1231 1862 1267 ἁγά-

1071 1289 1130 1315 πης
1141 1280 1195 1308 τοῦ
1204 1280 1332 1315 Χριστοῦ
1340 1288 1349 1311 ;
1357 1279 1571 1315 Ἀμετιιμέλητα
1577 1279 1632 1314 γὰρ
1644 1278 1679 1305 τὰ
1689 1278 1860 1313 χαρίσματα

1071 1328 1124 1356 τοῦ
1153 1327 1227 1355 Θεοῦ
1253 1326 1304 1354 καί
1327 1327 1347 1361 ἡ
1371 1325 1458 1361 χάρις
1484 1325 1538 1359 τῆς
1564 1324 1712 1358 κλήσεως.
1742 1324 1778 1350 Τὸ
1806 1324 1861 1358 ἄρα

1072 1374 1185 1410 Πνεῦμά
1199 1375 1258 1400 ἐστι
1276 1373 1332 1409 (50)
1348 1373 1379 1399 τὺ
1400 1373 1429 1399 ἐν
1450 1372 1489 1407 τῷ
1505 1371 1565 1407 Θεῷ
1589 1371 1730 1406 τυγχάνον,
1750 1370 1797 1397 καὶ
1811 1371 1862 1405 οὐχ

1073 1420 1152 1455 ἡμεῖς
1177 1418 1240 1446 καθ’
1265 1417 1388 1449 ἑαυτούς·
1411 1417 1459 1444 καὶ
1485 1417 1580 1453 ὥσπερ
1605 1417 1657 1443 υἱοὶ
1673 1416 1720 1443 καὶ
1739 1415 1795 1442 θεοὶ
1815 1415 1861 1442 διὰ

1073 1466 1117 1492 τὸν
1133 1466 1162 1492 ἐν
1175 1466 1240 1500 ἡμῖν
1256 1464 1351 1498 Λόγον,
1371 1463 1458 1495 οὕτως
1473 1464 1502 1490 ἐν
1520 1463 1559 1499 τῷ
1573 1462 1629 1498 Υἱῷ
1646 1463 1691 1489 καὶ
1708 1463 1736 1489 ἐν
1752 1462 1791 1498 τῷ
1803 1463 1861 1490 Πα-

1071 1513 1116 1548 τρὶ
1137 1511 1271 1547 ἐσόμεθα,
1284 1511 1331 1538 καὶ
1352 1511 1572 1548 νομισθησόμεθα
1585 1511 1614 1537 ἐν
1630 1510 1686 1546 Υίῷ
1702 1511 1748 1537 καὶ
1762 1511 1790 1537 ἐν
1806 1512 1862 1537 Πα-

1072 1558 1116 1594 τρὶ
1129 1557 1185 1594 (51)
1198 1557 1228 1585 ἐν
1240 1557 1404 1593 γεγενῆσθαι
1419 1557 1463 1584 διὰ
1478 1557 1508 1584 τὸ
1527 1558 1556 1584 ἐν
1572 1557 1637 1593 ἡμῖν
1652 1555 1720 1583 εῖναι
1739 1556 1861 1592 Πνεῦμα,

1072 1605 1140 1640 ὅπερ
1163 1604 1236 1631 ἐστὶν
1251 1605 1280 1630 ἐν
1297 1603 1336 1640 τῷ
1353 1603 1431 1639 Λόγῳ
1447 1602 1486 1639 τῷ
1500 1603 1556 1630 δντι
1572 1603 1601 1629 ἐν
1622 1602 1661 1638 τῷ
1677 1602 1773 1637 Πατρί.
1795 1601 1861 1627 Ὅτε

1070 1649 1135 1684 γοῦν
1157 1650 1284 1678 ἐκπίπτει
1300 1659 1343 1683 τις
1359 1650 1413 1676 ἀπὸ
1429 1649 1475 1676 τοῦ
1491 1649 1649 1684 Πνεύματος
1665 1648 1709 1674 διά
1728 1656 1789 1674 τινα
1809 1655 1862 1674 κα-

1070 1695 1141 1727 κίαν,
1159 1696 1175 1731 ὴ
1196 1695 1245 1731 μὲν
1267 1695 1347 1732 χάρις
1361 1694 1570 1731 ἀμεταμέλητος
1595 1694 1716 1730 διαμένει
1734 1693 1790 1727 (52)
1805 1694 1862 1724 τοῖς

1071 1741 1253 1778 βουλομένοις,
1266 1743 1317 1770 κάν
1333 1751 1374 1774 τις
1397 1740 1521 1768 ἐκπεσὼν
1539 1741 1667 1777 μετανοῇ·
1680 1740 1770 1767 οὐκέτι
1786 1739 1815 1765 δέ
1831 1739 1862 1765 ἐν

1070 1787 1109 1823 τῷ
1121 1787 1180 1823 Θεῷ
1194 1788 1267 1815 ἐστιν
1278 1788 1381 1820 ἐκεῖνος
1397 1788 1411 1814 ό
1430 1787 1531 1821 πεσὼν,
1548 1786 1593 1815 διὰ
1605 1787 1633 1814 τὸ
1648 1787 1797 1822 ἀποστῆναι
1813 1785 1861 1811 ἀπ’

1071 1832 1154 1860 αὑτοῦ
1166 1833 1197 1860 τδ
1217 1834 1246 1860 ἐν
1262 1833 1301 1869 τῷ
1316 1833 1375 1869 Θεῷ
1392 1833 1469 1868 ἀγιον
1491 1834 1538 1860 καὶ
1551 1833 1723 1870 παράκλητον
1737 1831 1860 1867 Πνεῦμα,

1071 1878 1128 1905 ἀλλ’
1145 1879 1173 1906 ἐν
1187 1879 1284 1914 ἐκείνῳ
1300 1879 1357 1915 (55)
1370 1879 1446 1906 ἔσται
1458 1876 1480 1914 ᾧ
1492 1880 1586 1907 ἐαυτὸν
1602 1879 1733 1913 ὑπέταξεν
1744 1879 1758 1904 ὁ
1770 1878 1861 1913 ἀμαρ-

1070 1924 1170 1957 τάνων,
1182 1924 1220 1957 ὡς
1235 1924 1281 1951 ἐπὶ
1304 1923 1351 1951 τοῦ
1373 1925 1460 1952 Σαοὺλ
1477 1925 1590 1960 γέγονεν
1601 1934 1608 1940 ·
1623 1924 1727 1960 ἀπέστη
1744 1923 1798 1959 γὰρ
1812 1923 1860 1949 ἀπ’

1071 1969 1154 1997 αὑτοῦ
1167 1970 1198 1996 τὸ
1208 1969 1322 2006 Πνεῦμα
1334 1971 1381 1997 τοῦ
1392 1970 1470 2003 Θεοῦ,
1481 1971 1527 1998 καὶ
1542 1969 1645 1998 ἔθλιϐεν
1657 1969 1738 1998 αὐτὸν
1753 1968 1861 2003 πνεῦμα

1072 2015 1199 2052 πονηρόν.
1212 2015 1305 2043 Ταῦτα
1326 2016 1474 2048 ἀκούοντας
1490 2016 1553 2048 τοὺς
1572 2016 1720 2052 Θεομαχους
1740 2015 1792 2042 εδει
1806 2015 1863 2040 λοι-

1076 2062 1126 2090 πδν
1145 2061 1342 2097 ἐντρέπεσθαι,
1357 2062 1405 2089 καὶ
1427 2061 1526 2098 μηκέτι
1546 2062 1658 2093 ἑαυτοὺς
1675 2060 1862 2088 ἀναπλάπτειν

271 2148 295 2165 ³⁸
310 2148 390 2177 Joan.
410 2157 478 2183 xvii,
498 2149 544 2177 21.
584 2149 606 2165 ⁸⁷
627 2149 707 2178 Rom.
728 2157 790 2183 vni,
810 2149 856 2179 35.
896 2150 918 2166 ³⁸
937 2149 1019 2178 Rom.

1072 2170 1078 2183 ,
1097 2149 1144 2178 25.
1185 2150 1207 2166 ³⁹
1227 2150 1239 2177 ι
1259 2149 1325 2185 Reg.
1346 2157 1403 2183 ινι,
1424 2150 1468 2177 14.

271 2260 328 2295 (23)
346 2259 387 2288 Ita
403 2261 546 2290 commode
562 2241 835 2297 vertimus..Vulgata
849 2263 941 2297 habet.
957 2264 1019 2293 Sine

271 2297 389 2323 enitentia
405 2297 474 2323 enim
489 2302 550 2323 sunt
567 2297 638 2324 dona
658 2302 684 2324 et
703 2299 804 2325 vacatio
826 2298 892 2326 Dei.
916 2300 942 2326 id
956 2305 1018 2326 est.

1072 2265 1152 2306 paulo
1166 2269 1229 2305 post
1243 2269 1272 2306 _et
1292 2265 1361 2292 alter
1385 2264 1496 2305 Regius,
1519 2264 1602 2326 Ἇῐνα
1623 2265 1640 2299 ἡ
1656 2265 1805 2326 11γινομένη.
1829 2264 1859 2291 1η

1073 2301 1135 2326 aliis
1147 2306 1174 2326 et
1186 2300 1266 2326 editis
1275 2300 1352 2326 deest
1363 2300 1392 2326 ἦ.
1410 2300 1510 2326 Ibidem
1545 2300 1605 2326 asul.
1618 2305 1645 2326 et
1678 2300 1728 2326 elc.
1743 2299 1769 2326 ὸ.
1783 2308 1859 2326 γενο-

236 2297 389 2334 ptenitentia
405 2297 474 2323 enim
489 2302 550 2334 sunt
567 2297 638 2324 dona
658 2302 684 2324 et
703 2299 804 2325 vacatio
826 2298 892 2332 Dei,
916 2300 942 2326 id
956 2305 1018 2334 est,

237 2331 377 2365 Eiusmodi
391 2336 465 2364 sunt,
480 2336 510 2359 ut
524 2331 609 2370 Deum
627 2340 682 2360 non
694 2334 824 2370 paeniteat
846 2331 891 2362 illa
901 2331 1019 2370 dedisse,

237 2374 334 2402 neci-ta
347 2371 479 2402 revocet,
487 2367 561 2402 quod
575 2367 645 2394 idem
663 2369 774 2395 omnino
790 2373 841 2396 est.

271 2401 327 2438 (24)
337 2401 411 2440 Reg.
424 2403 450 2434 1,
460 2401 702 2440 _Segu_er._Go_bler.
719 2409 746 2431 et
761 2403 832 2431 Felc.
847 2405 872 2437 I,
884 2404 923 2440 τῷ
937 2405 1022 2432 Πνεῦ-

238 2436 382 2472 ματι.’ΛΙίἱ
394 2442 421 2464 et
436 2436 514 2469 editi,
523 2436 553 2463 τὸ
568 2437 691 2473 Πνεῦμα.

273 2482 388 2519 (25)Α5ἰο
404 2483 505 2519 Regius
516 2483 633 2519 primus,
650 2484 809 2519 Seguerian.
821 2485 979 2512 Goblerian.
995 2491 1022 2514 et

236 2517 309 2562 I-‘elf.
321 2517 355 2562 71.,
370 2519 421 2546 Alii
444 2517 480 2562 et,
489 2517 573 2546 editio
589 2517 738 2562 (ipinmél,
752 2520 782 2562 οὐ
800 2520 851 2562 τὴν
859 2521 1023 2562 ,ταυτότητα

237 2553 310 2596 futili;
322 2554 480 2596 pévovracn(
491 2562 559 2596 mss.
577 2554 740 2596 μέλλοντας)
757 2555 787 2596 ἐν
802 2553 876 2596 αὐτῷ
889 2556 959 2596 ἐχειν
976 2553 1024 2596 σῃ-

238 2588 338 2633 μαίνξι.
363 2588 426 2633 Mox
440 2588 543 2633 ΔΙίιὲςςεβ
561 2588 587 2633 ei.
605 2588 738 2633 Segueri,
764 2591 797 2617 ἐκ
819 2588 867 2617 τοῦ
889 2588 959 2618 gaza:
977 2588 1023 2618 τδν

251 2623 345 2652 Ιωνᾶν.
356 2624 408 2651 Alii
423 2629 450 2652 et
463 2623 528 2652 editi
540 2625 587 2651 τόν
600 2623 738 2652 omittunt.

272 2658 329 2696 (ξιξ)
349 2658 457 2696 ρολωριι.
473 2665 500 2696 et
512 2659 628 2696 Felc.}.
646 2660 739 2696 φησίν.

272 2693 334 2731 (27).
350 2693 421 2721 Felc.
445 2695 472 2729 5,
488 2695 533 2723 διὰ
551 2695 598 2722 τοῦ
614 2693 713 2731 Λόγου.
736 2695 833 2724 Caeteri
853 2701 880 2724 et
894 2695 970 2729 editi,
989 2696 1022 2724 ἐκ

235 2727 283 2754 τοῦ
298 2728 394 2763 Λόγου.

272 2773 328 2809 (28)
344 2773 443 2811 Regius
455 2777 558 2812 primus
571 2782 598 2806 et
611 2777 735 2814 δείξαθ’..
748 2778 920 2814 γεγενῆσθαι.
937 2777 1018 2806 Iidem

1073 2300 1135 2328 aliis
1147 2306 1174 2328 et
1186 2300 1266 2328 editis
1275 2300 1352 2328 deest
1363 2300 1392 2336 ἦ.
1410 2300 1510 2328 Ibidem
1523 2300 1605 2328 Basil.
1618 2305 1645 2328 ei

1075 2336 1165 2411 μέξξξ)
1186 2369 1408 2411 ρᾳείιὶεηεῑε-ιιῑε
1418 2374 1445 2397 et
1460 2377 1540 2411 mox}.
1547 2369 1751 2411 αμεταδλήεως.

1102 2404 1166 2446 ’(50)
1189 2405 1243 2446 S_i_c_
1256 2405 1322 2446 Reg.
1340 2406 1365 2437 Ι,
1391 2404 1629 2446 Segii_er.lGo_l_)lei'_.
1647 2404 1766 2446 et'.Felc.
1782 2405 1808 2431 1.
1824 2405 1862 2432 At

1074 2440 1119 2468 alii
1136 2446 1163 2467 et
1180 2441 1263 2468 editio
1278 2439 1423 2472 cuinmel.,
1436 2439 1472 2466 Τὸ
1488 2440 1542 2476 γὰρ
1557 2440 1669 2475 Πνεῦμά
1683 2440 1750 2466 ἐστι.

1111 2486 1168 2519 (5i)
1189 2485 1235 2513 Sic
1248 2485 1315 2521 Reg.
1336 2487 1369 2518 I,
1393 2486 1504 2521 Seguer.
1521 2485 1631 2514 Gobler.
1649 2490 1676 2512 et
1691 2485 1764 2512 Felc.
1786 2485 1810 2512 Ι.
1829 2489 1860 2512 ut

1075 2527 1101 2548 et
1115 2521 1180 2556 legit
1194 2520 1367 2556 Nannius)"
1383 2521 1444 2556 aliis
1457 2525 1483 2548 et
1494 2521 1576 2556 editis
1588 2521 1686 2556 desunt
1698 2520 1857 2556 haecAverba,

1074 2557 1104 2583 ὲν
1191 2556 1237 2596 καὶ
1253 2557 1285 2596 ἐν
1299 2551 1474 2596 Παρὰ-Μαι
1488 2555 1558 2596 Reg.
1574 2556 1600 2596 1,
1612 2555 1737 2596 Sequor.“
1747 2551 1856 2596 Gohnler.

1074 2599 1099 2633 ει
1112 2589 1190 2633 Felc.
1211 2592 1243 2633 I',
1260 2589 1329 2633 εἶναι
1341 2589 1467 2633 Πνεῦμα.
1483 2589 1694 2633 ‘l‘iasil..Anglic._
1719 2589 1784 2633 Reg.
1797 2589 1816 2616 2
1830 2595 1859 2633 εξ.

1073 2625 1146 2688 gelo:
1164 2626 1197 2659 5,
1213 2625 1281 2653 εἶναι
1296 2626 1326 2653 τὸ
1341 2625 1464 2661 Πνεῦμα.
1481 2625 1577 2654 Caneri
1590 2630 1618 2653 et
1632 2625 1716 2658 editi,
1729 2625 1796 2652 εἶναι
1811 2625 1859 2651 καὶ

1098 2670 1195 2697 νευμα.

1098 2707 1165 2769 ἑ(52)
1186 2707 1251 2743 Reg.
1271 2708 1281 2733 I
1300 2712 1326 2734 et
1349 2706 1473 2742 Seguer.,
1495 2706 1626 2742 διαμένει.
1651 2706 1704 2733 Alii
1724 2709 1751 2733 et
1773 2704 1857 2738 editi,

1112 2751 1162 2769 νει.

1076 2751 1162 2778 μενει.

1110 2789 1168 2824 (55)
1190 2788 1255 2823 Reg.
1275 2789 1284 2815 Ι
1306 2795 1331 2816 et
1349 2788 1474 2824 Segiicr.,
1490 2787 1547 2814 ἀλλ’
1566 2786 1671 2822 ἐκείνῳ.

1678 2300 1728 2327 elc.
1743 2299 1769 2331 5,
1783 2308 1861 2334 γενο-
