1964 3038
241 122 294 150 387

541 120 569 147 S.
591 119 775 147 ATIIANASII
796 118 870 146 OPP.
894 118 985 146 PARS
1004 118 1022 144 I.
1045 133 1078 139 --
1098 118 1285 146 IIISTORICA
1305 119 1348 145 ET
1368 118 1580 147 DOGMATICA.

1810 120 1867 149 383

244 183 282 209 tio
295 181 424 212 Patet-illi
439 181 508 208 dixit
523 189 530 207 :
550 180 613 207 Fiat
630 180 676 206 tua:
689 180 724 212 ⁸⁷,
740 184 777 211 et,
798 179 859 206 Fiat
874 180 1027 214 ﬁrmamen-

1088 179 1136 209 εαὶ,
1151 179 1308 212 Γενηθήτω
1325 179 1485 214 στερέωμα,
1499 181 1555 211 καὶ,
1573 179 1749 214 Ποιήσωμεν
1760 179 1870 214 ἄνθρω-

244 235 299 254 tum
310 228 343 260 "‘,
357 231 393 260 et,
415 226 556 253 Faciamus
576 226 708 252 hominem
721 225 743 241 ⁶⁹
757 234 764 253 :
780 233 829 253 cur
845 226 909 252 item
923 233 984 252 eum
1001 225 1029 251 in

244 275 297 301 line
317 273 476 301 saeculorum
498 273 523 298 in
540 272 672 298 mundum
687 271 804 302 miserit.
824 280 879 298 non
901 276 930 298 ut
952 279 1032 298 mun-

243 319 308 346 dum
333 319 477 353 iudicaret,
499 317 546 345 scd
566 321 597 344 ut
615 317 735 344 mundus
752 325 800 351 per
825 317 914 351 ipsum
939 316 1031 344 salvus

244 365 320 392 ﬁeret
330 364 353 380 ὀ
366 372 374 391 :
386 363 511 391 similiter
523 371 573 390 cur
589 363 719 397 scriptum
732 363 783 390 sit:
795 362 862 390 Ecce
884 362 962 397 Virgo
973 371 1033 389 con-

244 409 321 444 cipiet
343 413 368 436 et
392 409 479 443 pariet
504 407 616 439 Filium,
639 413 664 434 et
692 408 822 434 vocabunt
851 416 945 435 nomen
974 408 1031 442 ejus

245 454 427 488 Emmanuel,
461 454 531 490 quod
568 458 607 481 est
639 454 861 488 interpretatum,
888 453 1032 482 Nobiscum

244 501 314 527 Deus
328 501 373 526 ⁷⁰·.

279 547 324 573 50.
342 546 395 579 Qui
409 546 490 581 igitur
504 545 624 573 divinam
645 546 815 580 Scripturam
829 546 934 580 legerit,
947 545 1033 573 discat

244 592 354 626 quidem
373 592 453 619 verba
469 599 501 618 ex
517 591 613 619 Vetere
625 591 810 624 Testamento,
829 592 876 619 sed
897 599 929 619 ex
943 591 1032 618 Evan-

243 638 314 672 gelio
345 638 466 665 attendat
493 637 638 665 Dominum
666 639 804 666 hominem
833 638 934 666 factum
961 646 1032 665 esse.

244 684 323 717 Nam,
345 683 466 715 Verbum,
481 684 578 718 inquit,
595 693 656 712 caro
674 685 775 719 factum
786 689 842 715 est.
860 689 884 711 et
903 684 1033 711 habitavit

244 731 272 756 in
285 730 360 757 nobis
374 730 408 757 ".
431 729 528 761 Homo.
547 731 670 765 inquam,
688 730 777 758 factus
789 735 840 762 est,
863 738 918 758 non
940 735 1033 758 autem

245 776 272 802 in
289 775 427 802 hominem
440 776 525 802 venit.
540 775 568 802 Id
587 776 659 803 enim
674 777 747 803 scire
761 776 843 802 etiam
859 783 969 804 necesse
981 780 1032 810 est,

245 829 280 848 ne
297 821 367 848 forte
382 821 410 848 in
428 821 583 856 huiusmodi
604 823 768 850 sententiam
788 822 962 850 deﬂectentes
980 822 1033 850 im—

245 866 293 900 pii,
311 866 420 901 aliquos
439 867 585 901 decipiant,
602 867 696 902 illique
718 868 884 900 existiment,
898 868 1031 903 quemad-
1045 856 1071 886 Β

245 912 355 939 modum
373 913 437 939 olim
453 912 571 940 Verbum
590 913 617 940 in
631 921 853 949 unumquemque
875 918 1033 941 sanctorum

245 958 402 992 descendit,
418 959 454 986 ita
475 959 556 986 etiam
575 960 602 986 in
615 961 753 988 hominem
778 961 885 988 venisse
897 981 905 994 ,
919 966 948 988 ut
971 968 1034 988 eum

245 1008 372 1031 sanctum
395 1004 528 1037 redderet,
545 1009 574 1032 et
588 1005 615 1032 in
628 1006 687 1040 ipso
706 1010 859 1040 appareret,
878 1006 917 1033 uti
933 1006 960 1032 in
973 1006 1035 1032 aliis

245 1049 369 1085 contigit.
386 1049 415 1077 Si
430 1050 503 1077 enim
526 1050 563 1078 ita
584 1058 614 1078 se
628 1059 672 1078 res
686 1051 817 1085 haberet,
837 1056 864 1079 et
879 1052 906 1079 in
925 1052 1035 1079 homine

247 1096 435 1124 tantummodo
450 1097 640 1131 apparuisset:
654 1097 721 1124 nihil
735 1105 802 1126 sane
815 1102 887 1125 esset
899 1098 972 1133 quod
986 1097 1034 1125 ad-

246 1142 419 1169 mirationem
434 1147 524 1177 posset
547 1150 666 1176 movere,
685 1151 735 1171 nec
756 1143 803 1178 qui
819 1151 880 1171 eum
895 1143 977 1180 560
997 1144 1036 1171 vi-

247 1187 357 1220 debant,
373 1187 554 1223 obstupefacti
570 1188 721 1217 dixissent:
732 1190 872 1217 Undenam
885 1190 936 1217 iste
945 1195 987 1218 est
994 1191 1016 1207 ⁷²
1023 1191 1036 1217 '.’

247 1237 285 1265 et,
297 1233 386 1260 ουτω
397 1233 479 1260 homo
486 1241 549 1260 cum
562 1233 612 1267 sis,
626 1234 742 1269 teipsum
759 1233 826 1262 Iacis
835 1234 919 1262 Deum
934 1234 1036 1261 "?Au-

247 1279 307 1306 dire
314 1278 447 1313 siquidem
463 1278 502 1305 illi
515 1286 729 1307 consueverant:
741 1280 852 1307 Factum
867 1286 908 1308 est
917 1280 1034 1308 Verbum

248 1324 357 1352 Domini
377 1324 411 1351 ad
429 1324 550 1359 singulos
569 1326 726 1360 prophetas.
749 1325 827 1353 Nunc
853 1331 941 1354 autem
964 1332 1036 1362 post-

249 1377 331 1404 quam
357 1368 405 1395 Dei
427 1368 557 1402 Verbum,
581 1377 629 1404 per
653 1370 726 1404 quod
751 1371 843 1398 omnia
867 1370 938 1398 facta
962 1375 1035 1403 sunt,

248 1417 330 1444 etiam
348 1416 419 1444 ﬁlius
441 1417 561 1444 hominis
576 1417 635 1445 ﬁeri
656 1425 710 1444 non
735 1418 834 1451 renuit,
850 1425 932 1453 seque
947 1418 1036 1453 ipsum

249 1462 414 1494 humiliavit,
427 1463 497 1489 servi
513 1462 601 1490 forma
619 1468 729 1498 accepta
745 1472 751 1490 :
768 1464 870 1491 idcirco
882 1473 949 1492 crux
961 1465 1038 1492 Chri—

250 1507 285 1534 sti
299 1506 399 1534 Judaeis
414 1511 456 1534 est
470 1508 641 1541 scandalum,
658 1509 736 1537 nobis
751 1514 841 1536 autem
852 1510 978 1538 Christus
990 1510 1036 1538 Dei

249 1553 336 1581 virtus
357 1557 385 1580 et
408 1553 454 1580 Dei
473 1554 604 1588 sapientia
619 1559 662 1582 est
678 1554 712 1581 ⁷⁸.
730 1554 796 1582 Nam
815 1555 936 1589 Verbum,
957 1561 986 1583 ut
1000 1557 1039 1584 ait

249 1598 387 1630 Joannes,
408 1607 469 1626 caro
495 1599 596 1634 factum
621 1605 661 1627 est
677 1601 711 1627 "'.
745 1600 885 1636 Siquidem
910 1610 970 1630 mos
997 1607 1039 1630 est

251 1643 398 1680 Scriptura:
412 1653 497 1673 sacrm
515 1646 653 1674 hominem
673 1654 782 1674 carnem
804 1648 950 1683 appellare.
970 1648 1039 1676 Hinc

251 1690 320 1724 apud
336 1689 438 1717 Joelem
453 1691 612 1725 prophetam
627 1692 726 1719 dicitur
742 1701 748 1718 :
767 1692 911 1727 E/fundam
929 1694 960 1720 de
976 1693 1038 1728 Spi-

251 1737 306 1763 ritu
321 1744 377 1763 meo
395 1737 422 1763 in
437 1745 539 1764 omnem
561 1745 664 1763 carnem
677 1738 710 1765 ⁷⁸.
732 1737 798 1765 Item
818 1738 912 1766 Daniel
927 1740 1038 1775 Astyagi

251 1781 340 1808 dixit:
358 1780 414 1816 Ego
425 1781 497 1808 idola
511 1782 665 1817 manufacta
679 1791 731 1810 non
745 1783 812 1814 colo,
828 1784 872 1810 sed
897 1784 978 1811 Deum
1000 1785 1039 1812 υί-

251 1831 366 1858 υεηιεηι,
387 1827 432 1862 qui
451 1827 544 1854 caelum
560 1833 584 1855 et
606 1833 704 1855 terram
725 1830 832 1861 creavit,
848 1835 871 1856 et
887 1830 913 1856 in
936 1838 1038 1857 omnem

252 1879 359 1898 carnem
379 1871 545 1898 dominatum
571 1871 646 1898 habet
657 1872 690 1899 "'.
707 1871 757 1900 Hic
774 1873 857 1906 enim,
878 1878 908 1901 ut
926 1879 953 1901 et
969 1873 1037 1908 Joel,

251 1916 393 1943 hominum
409 1924 495 1951 genus
509 1917 599 1944 carnis
615 1917 725 1944 nomine
739 1918 883 1953 signiﬁcat.

286 1962 331 1989 5L
352 1961 421 1988 Olim
443 1961 524 1996 igitur
547 1962 580 1988 ad
599 1962 722 1997 singulos
744 1968 852 1991 sanctos
879 1964 979 1992 factum
997 1969 1039 1992 est

255 2005 384 2033 Verbum.
398 2014 501 2041 eosque
511 2027 518 2039 ,
536 2007 582 2041 qui
598 2008 686 2042 ipsum
704 2008 783 2044 digne
797 2015 987 2044 susceperunt,
998 2010 1039 2038 ei—

253 2052 316 2080 Iecit
335 2057 444 2080 sanctos
459 2061 466 2079 ε
484 2060 534 2079 nec
547 2057 637 2080 tamen
658 2061 720 2081 cum
737 2055 775 2081 illi
791 2063 977 2089 nascerentur,
995 2057 1037 2084 di-

252 2102 326 2124 ctum
349 2102 391 2125 est
413 2097 502 2132 ipsum
529 2097 668 2126 hominem
687 2098 789 2127 factum
805 2109 876 2134 esse,
900 2109 951 2130 uec
976 2110 1038 2130 cum

252 2146 417 2176 paterentur,
433 2149 543 2176 passum
560 2150 630 2170 esse.
647 2143 714 2171 Cum
729 2147 866 2173 autem.in
884 2146 937 2175 ﬁne
953 2155 1039 2175 saecu-

1081 232 1140 251 πον
1152 234 1156 239 ·
1173 226 1219 251 ἐπὶ
1229 225 1258 252 δὲ
1272 226 1411 261 συντελείᾳ
1422 226 1475 252 τῶν
1495 226 1600 253 αἰώνων
1613 225 1772 252 ἀπέστειλεν
1785 226 1870 254 αὐτὸν

1082 271 1122 302 είς
1134 270 1180 297 τὸν
1196 271 1308 307 κόσμον,
1328 273 1377 307 οὐχ
1399 273 1441 299 ἵνα
1458 273 1539 309 κρίνῃ
1551 272 1596 299 τὸν
1610 273 1721 307 κόσμον,
1744 273 1801 299 ἀλλ’
1823 273 1869 300 ἵνα

1084 317 1156 352 σωθῇ
1173 317 1227 352 (86)
1240 319 1254 343 ὁ
1268 318 1370 353 κόσμος
1382 318 1415 344 δι’
1431 318 1512 344 αὐτοῦ
1524 327 1530 333 ·
1544 319 1591 344 καὶ
1605 318 1773 353 γέγραπται·
1795 318 1869 346 Ἰδοὺ

1082 364 1102 397 ἡ
1119 364 1271 398 Παρθένιος
1288 364 1323 390 ἐν
1345 364 1450 398 γαστρὶ
1471 364 1531 395 ἔξει
1543 385 1551 396 ,
1570 363 1619 390 καὶ
1639 363 1753 396 τέξεται
1776 365 1846 391 ΥΙόν
1860 373 1868 379 ·

1083 409 1133 435 καὶ
1156 408 1323 436 καλέσουσι
1340 409 1373 435 τὸ
1394 409 1487 442 ὄνομα
1509 409 1602 436 αὑτοῦ
1629 409 1817 443 Ἐμμανουὴλ
1830 429 1837 441 ,
1852 408 1869 435 ὅ

1083 453 1147 480 ἐστι
1160 455 1463 489 μεθερμηνευόμενον,
1481 455 1550 482 Μεθ’
1562 453 1647 488 ἡμῶν
1664 456 1680 481 ό
1697 455 1780 487 Θεός.

1119 546 1164 573 50.
1191 546 1220 572 '0
1241 546 1330 573 τοίνυν
1349 546 1517 581 ἐντυγχάνων
1539 547 1572 581 τῇ
1597 545 1657 581 Θείᾳ
1679 546 1791 582 Γραφῇ,
1815 546 1872 572 ἀπὸ

1086 591 1135 625 μὲν
1148 591 1201 618 τῶν
1219 591 1343 617 Παλαιῶν
1358 590 1392 617 τὰ
1409 591 1478 627 ῥητὰ
1492 590 1720 626 καταμανοανέτω
1738 590 1805 626 (85),
1817 591 1872 617 ἀπὸ

1084 637 1112 663 δὲ
1131 637 1184 663 τῶν
1207 637 1379 671 Εὑαγγελίων
1394 636 1530 672 θεωρείτω
1546 637 1592 663 τὸν
1608 636 1707 672 Κύριον
1725 636 1872 672 γενόμενον

1085 683 1242 720 ἄνθρωπον·
1266 683 1298 709 ’0
1315 683 1409 718 Λόγος
1439 683 1504 718 γὰρ,
1530 683 1616 717 φησὶ,
1641 682 1719 716 σὰρξ
1739 682 1869 718 ἐγένετο,

1085 729 1134 756 καὶ
1150 728 1327 762 ἐσκήνωσεν
1338 729 1373 756 ἐν
1386 729 1470 764 ἡμῖν.
1486 729 1646 764 Ἄνθρωπος
1661 728 1689 754 δὲ
1705 728 1810 763 γέγονε,
1824 729 1872 756 καὶ

1085 774 1134 801 οὐχ
1153 775 1193 806 εἰς
1213 774 1355 810 ἄνθρωπον
1374 773 1439 810 ἦλθε
1452 783 1458 790 ·
1485 775 1532 801 καὶ
1549 774 1627 801 τοῦτο
1645 774 1699 810 γὰρ
1723 774 1872 808 ἀναγκαῖον

1085 821 1198 848 ειδέναι·
1215 822 1320 857 μήποτε
1339 822 1396 853 καὶ,
1414 822 1454 853 είς
1469 821 1549 848 τοῦτο
1563 821 1690 853 πεσόντες
1707 822 1731 847 οι
1751 821 1870 854 ἀσεϐεῖς,

1084 867 1245 902 ἁπατήσωσί
1277 876 1370 900 τινας,
1395 868 1516 894 κάκεῖνοι
1542 867 1690 903 νομίσωσιν
1711 867 1783 902 (86),
1810 868 1870 898 ὃτι,

1085 913 1180 949 ὥσπερ
1197 915 1225 940 ἐν
1243 914 1299 945 τοῖς
1317 913 1470 949 ἔμπροσθεν
1493 914 1599 949 χρόνοις
1620 914 1660 945 είς
1681 913 1795 940 ἕκαστον
1816 913 1872 940 τῶν

1085 959 1170 993 ἁγίων
1185 959 1299 992 ἐγίνετο,
1321 959 1393 985 οὕτω
1409 959 1455 985 καὶ
1477 958 1524 985 νῦν
1543 959 1582 990 εἰς
1607 959 1750 993 ἄνθρωπον
1772 958 1872 993 ἐπεδή-

1086 1013 1172 1040 μησεν
1187 1005 1202 1030 ὁ
1219 1004 1305 1038 Λόγος
1318 1003 1438 1039 ἁγιάζων
1453 1005 1500 1031 καὶ
1513 1003 1619 1036 τοῦτον,
1638 1004 1685 1030 καὶ
1698 1003 1870 1039 φανερούμε-

1084 1059 1129 1083 νος
1140 1050 1235 1086 ὥσπερ
1246 1051 1292 1077 καὶ
1309 1051 1338 1077 ἐν
1353 1051 1408 1082 τοῖς
1428 1050 1527 1082 ἄλλοις.
1552 1050 1583 1076 Εἰ
1595 1050 1648 1085 γὰρ
1665 1049 1751 1081 οὕτως
1763 1047 1806 1084 ἦν,
1823 1050 1874 1076 καὶ

1087 1098 1166 1133 μόνον
1179 1098 1208 1124 ὲν
1216 1096 1351 1132 ἀνθρώπῳ
1363 1096 1457 1131 φανεὶς
1467 1093 1511 1131 ἦν,
1518 1096 1592 1122 οὐδὲν
1601 1094 1634 1131 ἢν
1647 1095 1796 1131 παράδοξον
1804 1096 1872 1130 (87),

1085 1142 1147 1170 οὕτε
1165 1144 1190 1170 οι
1209 1142 1327 1178 ὁρῶντες
1349 1141 1498 1174 ὲξενίζοντο
1511 1141 1652 1176 λέγοντες·
1676 1141 1800 1172 noram;
1819 1142 1874 1176 ἄρα

1085 1189 1159 1216 ἐστὶν
1175 1186 1270 1221 οὗτος;
1294 1188 1352 1220 καὶ,
1377 1188 1428 1215 Διὰ
1447 1188 1474 1214 τί
1491 1189 1540 1220 σὺ,
1563 1188 1705 1223 ἄνθρωπος
1721 1187 1767 1219 ὢν,
1786 1189 1874 1219 ποιεῖς

1088 1235 1198 1262 σεαυτὸν
1214 1234 1300 1268 Θεόν;
1319 1233 1398 1270 Εἶχον
1418 1234 1472 1270 γὰρ
1492 1235 1540 1270 τὴν
1558 1233 1700 1270 συνήθειαν
1716 1233 1872 1264 ἀκούοντες·

1086 1282 1142 1308 Καὶ
1156 1281 1264 1315 ἐγένετο
1276 1281 1361 1315 Λόγος
1371 1280 1474 1316 Κυρίου
1489 1281 1556 1316 πρὸς
1571 1281 1683 1307 ἕκαστον
1695 1280 1748 1306 τῶν
1765 1289 1873 1316 προφη-

1087 1327 1149 1354 τῶν.
1167 1327 1225 1354 Νῦν
1240 1327 1280 1360 δὲ,
1300 1327 1393 1363 ἐπειδὴ
1406 1328 1420 1353 ὁ
1436 1327 1483 1353 τοῦ
1496 1327 1563 1353 Θεοῦ
1577 1327 1672 1360 Λόγος,
1685 1326 1718 1352 δι’
1730 1322 1761 1352 οὗ
1776 1327 1873 1360 γέγονε

1086 1373 1121 1400 τὰ
1142 1374 1240 1405 πάντα,
1259 1373 1389 1408 ὑπέμεινε
1409 1373 1456 1400 καὶ
1480 1373 1544 1399 Υἱὸν
1567 1372 1710 1407 ἀνθρώπου
1733 1372 1872 1406 γενέσθαι,

1087 1420 1135 1446 καὶ
1150 1419 1330 1445 ἐταπείνωσεν
1345 1418 1452 1448 ἑαυτὸν.
1470 1417 1558 1444 λαϐὼν
1573 1417 1665 1443 δούλου
1690 1419 1812 1453 μορφήν·
1828 1418 1874 1445 διὰ

1087 1464 1166 1492 τοῦτο
1184 1465 1321 1496 Ἰουδαίοις
1335 1464 1384 1500 μὲν
1400 1463 1546 1491 σκάνδαλόν
1561 1464 1634 1490 ἐστιν
1651 1464 1665 1490 6
1684 1463 1731 1490 τοῦ
1754 1464 1873 1500 Χριστοῦ

1050 1529 1074 1562 c
1090 1509 1213 1546 σταυρὸς,
1231 1511 1296 1545 ἡμῖν
1306 1509 1334 1535 δὲ
1348 1507 1464 1545 Χριστὸς
1478 1507 1544 1534 Θεοῦ
1558 1507 1672 1544 δύναμις
1684 1508 1731 1535 καὶ
1748 1509 1814 1536 Θεοῦ
1826 1517 1873 1536 σο-

1089 1557 1156 1592 φία·
1178 1556 1204 1582 '0
1221 1556 1315 1590 Λόγῖἲς
1331 1555 1385 1590 γὰρ
1397 1575 1404 1587 ,
1429 1554 1467 1586 ὡς
1486 1552 1562 1581 εἶπεν
1581 1555 1596 1580 ὁ
1628 1554 1773 1590 Ἰωάννης,
1795 1555 1874 1589 σὰρξ

1088 1603 1206 1638 ἐγένετο
1216 1611 1222 1617 ·
1235 1601 1284 1636 τῆς
1300 1601 1410 1636 Γραφῆς
1423 1600 1482 1632 ἔθος
1495 1600 1610 1636 ἐχούσης
1623 1600 1713 1635 λέγειν
1726 1602 1814 1636 σάρκα
1827 1600 1874 1627 τὸν

1087 1649 1240 1685 ἄνθρωπον,
1249 1647 1286 1679 ὡς
1299 1647 1344 1674 διὰ
1356 1648 1432 1683 Ἰωὴλ
1447 1647 1493 1673 τοῦ
1509 1647 1648 1682 προφήτου
1660 1647 1750 1682 φησίν*
1767 1646 1874 1681 Ἐκχεῶ

1088 1695 1147 1723 ἀπὸ
1162 1695 1215 1722 τοῦ
1234 1694 1406 1728 Πνεῦματός
1420 1702 1479 1728 μου
1494 1693 1543 1720 ἐπὶ
1559 1693 1662 1720 πᾶσαν
1680 1693 1778 1726 σάρκα
1792 1701 1798 1708 ·
1825 1693 1874 1719 καὶ

1088 1742 1126 1773 ὡς
1141 1741 1198 1777 (88)
1221 1740 1320 1775 Δανιὴλ
1342 1740 1436 1775 εἴρηκε
1457 1739 1495 1774 τῷ
1518 1739 1669 1774 Ἀστυάγῃ·
1689 1740 1730 1765 Οὺ
1751 1738 1874 1773 σέϐομαι

1088 1788 1198 1815 εἴδωλα
1211 1787 1412 1822 χειροποίητα,
1434 1786 1514 1813 ἀλλὰ
1528 1785 1581 1812 τὸν
1602 1785 1694 1815 ζῶντα
1714 1785 1798 1816 Θεὸν,
1820 1786 1876 1811 τὸν

1088 1834 1235 1860 κτίσαντα
1251 1832 1304 1859 τὸν
1320 1832 1449 1866 οὐρανὸν
1465 1831 1515 1858 καί
1531 1831 1588 1865 τὴν
1605 1831 1677 1866 γῆν,
1700 1831 1749 1858 καὶ
1764 1831 1875 1866 ἔχοντα

1089 1877 1190 1911 πάσης
1205 1878 1319 1912 σαρκὸς
1334 1877 1455 1910 κυρείαν
1469 1885 1476 1892 ’
1494 1877 1583 1912 σάρκα
1603 1876 1658 1912 γὰρ
1675 1877 1722 1903 καὶ
1735 1873 1812 1908 οὗτος
1828 1878 1875 1904 καὶ

1095 1924 1172 1960 Ἰωὴλ
1185 1924 1215 1950 τὸ
1227 1923 1280 1949 τῶν
1295 1922 1444 1958 ἀνθρώπων
1455 1922 1533 1956 γένος
1544 1922 1677 1956 λέγουσιν.

1123 1970 1167 1997 51.
1184 1970 1272 1997 Πάλαι
1298 1970 1346 2005 μὲν
1363 1967 1409 1995 οὗν
1432 1968 1499 2004 πρὸς
1518 1968 1632 1994 ἕκαστον
1646 1967 1702 2003 (89)
1717 1967 1772 1994 τῶν
1789 1968 1877 2002 ἁγίων

1089 2013 1204 2047 ἐγίνετο,
1217 2014 1263 2040 καὶ
1276 2013 1372 2048 ἠγίαζε
1387 2013 1436 2048 μὲν
1449 2012 1512 2043 τοὺς
1525 2013 1643 2046 γνησίως
1655 2013 1816 2048 δεχομένους
1827 2023 1876 2040 αυ-

1089 2059 1144 2086 τόν·
1155 2059 1215 2086 οὔτε
1225 2059 1264 2093 δὲ,
1284 2058 1460 2094 γεννωμένων
1471 2057 1594 2089 ἐκείνων,
1607 2058 1725 2094 εἴρηται,
1736 2060 1775 2086 ὅτι
1794 2060 1877 2091 αὐτὸς

1089 2106 1233 2141 γεγένηται
1258 2106 1409 2140 ἅνθρωπος.
1425 2104 1497 2137 οὒτε,
1517 2105 1675 2140 πασχόντων
1693 2105 1813 2137 ἐκείνων,
1837 2106 1876 2132 εῖ-

1093 2159 1187 2186 ρηται·
1209 2150 1344 2177 Πὲπονοεν
1361 2150 1452 2182 αὑτός.
1472 2150 1536 2176 Ὅτε
1555 2150 1583 2176 δὲ
1602 2151 1634 2176 ὲκ
1657 2150 1766 2185 Μαρίας
1779 2150 1877 2185 ἐπεδῇ

253 2187 341 2214 lorum
356 2187 390 2214 ad
409 2187 601 2215 destruendum
618 2194 759 2223 peccatum
779 2200 811 2218 ex
835 2192 917 2220 Maria
938 2195 1034 2229 prodiit

1093 2205 1177 2232 μησεν
1193 2195 1266 2228 ἅπαξ
1280 2196 1336 2231 (90)
1355 2195 1402 2221 ἐπὶ
1416 2195 1555 2230 συντελείᾳ
1563 2194 1618 2221 τῶν
1635 2195 1740 2222 αἰώνων
1755 2196 1794 2226 εἰς
1809 2195 1875 2222 ἀθέ-

252 2233 300 2268 (ita
311 2233 383 2260 enim
393 2232 464 2259 Patri
474 2234 561 2260 visum
571 2238 613 2261 est
621 2242 701 2262 suum
710 2236 817 2265 mittere
825 2237 923 2266 Filium
933 2240 1034 2268 factum

1089 2250 1167 2277 τησιν
1199 2241 1334 2278 ἁμαρτίας
1360 2240 1450 2275 (οὕτω
1484 2241 1538 2276 γὰρ
1565 2240 1715 2276 εὐδοκήσας
1741 2242 1755 2267 ὸ
1779 2241 1876 2276 Πατὴρ

287 2312 309 2327 ⁸⁷
329 2312 395 2340 Gen.
418 2321 439 2346 I,
458 2313 485 2340 5.
541 2314 564 2329 ⁸³
583 2314 648 2341 ibid.
668 2314 694 2342 6.

760 2315 782 2330 ”
802 2316 866 2343 ibid.
887 2318 931 2345 ‘26.

252 2346 274 2362 "
291 2346 370 2375 Joan.
389 2356 445 2379 ιιι.
464 2350 491 2375 9.
529 2349 553 2364 ⁷³
568 2348 645 2377 Joan.
667 2358 694 2383 ι,
715 2350 758 2377 55.

361 2441 468 2481 goblcr.
483 2447 509 2469 et
524 2441 593 2481 fele.
610 2442 636 2474 I,
651 2442 690 2481 εἰς
704 2441 748 2481 cf”
765 2442 875 2481 κόσμον,
890 2444 933 2481 ἵνα
949 2444 1032 2481 σωθῇ.

287 2477 346 2514 (85I_
361 2476 459 2514 Reguli
474 2477 639 2514 et‘Seguerq
661 2476 694 2502 τὰ
707 2476 777 2514 ρητᾲ
791 2476 1031 2514 καταμανθανέτῶ.

361 2517 387 2554 1:}
398 2510 473 2554 édili,
487 2510 641 2554 τειιματα
658 2510 827 2553 μανθανέτω.

287 2546 341 2582 (813')
363 2545 428 2582 ξος.
449 2549 461 2573 1
480 2552 507 2574 et
521 2545 826 2582 δεέυεῑηγνομίσουσιν.

285 2581 342 2616 (87)
363 2581 428 2615 Reg.
447 2582 478 2617 Ir.
505 2582 617 2617 Seguer.
639 2581 747 2608 Gobler.
766 2587 792 2609 et
811 2582 882 2611 Felc.
908 2584 933 2610 I.
953 2584 989 2611 At
1004 2585 1030 2611 in

251 2615 354 2652 aliiset
367 2617 446 2644 editis
464 2616 498 2652 ἦν
513 2615 596 2645 deest.

288 2650 344 2687 (88)
363 2651 406 2689 ᾨς
421 2650 496 2680 abest
509 2652 648 2689 aVGobIer.
664 2658 690 2681 et
706 2653 777 2682 Felc.
794 2654 817 2680 I.
838 2653 902 2681 Ibid.
917 2659 1032 2689 uterque

250 2684 317 2725 Bck.
334 2684 360 2713 et
378 2686 501 2725 δεμες..
517 2688 662 2725 Ἀστυάγῃ.
677 2690 729 2716 Alii
742 2694 769 2716 et
782 2689 858 2722 editi,
878 2684 1030 2724 Ἀστυάγει.

250 2719 336 2759 Eoi-ro
349 2729 402 2759 non
415 2719 450 2749 ad
463 2719 674 2759 Astyagem,‘q"ui
690 2725 747 2758 jam
760 2719 924 2756 decesserat,
938 2719 987 2751 sed.
998 2725 1032 2752 ad

250 2755 351 2790 Cyrum
368 2756 427 2791 eius
445 2755 705 2786 successorem'hm'c
727 2767 742 2785 a
761 2759 871 2786 Danielc
885 2760 956 2787 dicta
973 2768 1033 2788 esse

251 2796 384 2827 memorat
396 2793 545 2827 Scriptura.
565 2793 629 2821 Item
647 2794 714 2820 ibid.
731 2793 803 2821 Felc.
819 2794 836 2820 2
855 2800 881 2822 et
895 2796 959 2822 editi
973 2815 980 2827 ,
1001 2795 1031 2821 οὐ

251 2825 375 2861 σέὸομεν.
392 2827 427 2855 At
444 2825 533 2856 caeteri
550 2836 616 2856 mss.
635 2833 663 2856 et
685 2829 843 2864 Scriptura,
859 2830 888 2856 οὐ
907 2825 1030 2865 σέεομαι.

989 2320 1012 2335 "°
1030 2319 1110 2348 Joan.
1146 2329 1187 2351 Ill,
1209 2320 1252 2346 I7.

807 2352 830 2368 ⁷⁸
849 2351 858 2378 Ι
877 2353 941 2380 Cor.
963 2363 982 2387 ι,
1003 2355 1048 2382 2i.

1321 2319 1357 2334 "°'
1377 2318 1473 2345 Matth.
1495 2326 1514 2350 ι,
1535 2318 1581 2345 25.

1099 2356 1122 2371 ⁷⁸
1139 2355 1218 2383 Joan.
1239 2363 1259 2387 I,
1283 2355 1323 2382 M.

1645 2319 1666 2334 ⁷¹
1687 2317 1765 2345 Ιοπη.
1788 2327 1808 2350 ι,
1830 2320 1874 2348 Η.

1376 2355 1398 2373 ⁷⁸
1416 2353 1472 2380 Jocl
1494 2362 1523 2386 Il,
1543 2354 1589 2380 ‘28.
1619 2355 1641 2370 ⁷τ
1662 2352 1730 2380 Dan.
1751 2361 1807 2388 Xiv,
1828 2355 1855 2382 4.

1125 2446 1180 2482 (89)
1190 2446 1294 2485 Ileghts
1310 2448 1454 2485 primuset
1468 2447 1591 2485 Seguerq
1605 2448 1653 2485 μὲν
1669 2445 1715 2474 οὖν
1730 2448 1798 2485 πρὸς
1811 2449 1879 2475 ἔκα-

1089 2490 1161 2508 στον.
1186 2481 1396 2513 ϐοὺιθΓηἛθΙο.
1412 2483 1438 2513 I,
1455 2481 1567 2517 utv’oﬁv
1584 2481 1623 2513 είς
1639 2481 1762 2510 ἓκαπονζ
1780 2484 1834 2511 Alii
1849 2489 1879 2511 et

1088 2517 1171 2544 editio
1187 2517 1330 2547 Commel..
1348 2519 1395 2553 μὲν
1415 2519 1454 2549 εις
1469 2518 1590 2544 ἕκαστον.
1610 2517 1695 2544 Paulo
1715 2523 1775 2552 post
1795 2526 1876 2549 ωδε..

1087 2553 1263 2587 γεννωμένων
1276 2553 1398 2579 ἐκείνων.
1423 2553 1511 2579 Ειιὶιίο
1524 2558 1613 2579 autent
1631 2552 1775 2585 Commel.,
1790 2562 1878 2587 γίνω-

1089 2587 1176 2623 μένων
1190 2587 1311 2614 ἐκείνων.
1329 2587 1397 2614 Ibid.
1420 2592 1533 2621 uterque
1554 2587 1638 2623 Reg;
1646 2593 1673 2614 et
1687 2588 1811 2623 Septem,
1829 2597 1879 2622 γε-

1087 2622 1224 2683 γέννηται.
1250 2623 1303 2649 Alii
1332 2631 1410 2654 mss.,
1435 2622 1591 2657 γεγένηται.
1618 2622 1708 2650 Editio
1729 2625 1877 2654 Commel.,

1087 2665 1102 2683 γ
1118 2666 1207 2683 νηται.

1118 2666 1207 2684 νηται.

1085 2665 1309 2729 γείᾷἱίῖῗίὶθςίιᾌιτι
1322 2691 1441 2729 ᾼηειίςη
1453 2693 1504 2719 ὅτι.
1517 2693 1583 2720 Ibid.
1597 2692 1664 2727 Reg.
1682 2693 1693 2720 ί
1709 2698 1736 2721 et
1750 2693 1878 2729 Segne“

1085 2726 1351 2770 txeﬁﬂpnge‘iﬁnag.
1369 2726 1424 2754 Alii
1443 2732 1469 2770 et
1485 2729 1568 2768 editi.
1587 2729 1755 2770 ὲπεδῄρλησεν
1771 2726 1880 2770 ἄνθρω-

1085 2771 1135 2794 πος
1149 2761 1231 2795 ἅπαξ.
1245 2761 1368 2789 Nannius
1381 2769 1434 2789 non
1450 2763 1514 2796 legit
1528 2771 1637 2798 quoque
1649 2761 1801 2799 ἄνθρωπος.
1815 2761 1879 2790 SInx

1086 2796 1151 2826 Reg.
1170 2797 1182 2823 I
1197 2803 1222 2824 ut
1239 2798 1362 2826 Sequor"
1380 2798 1506 2826 ἀθέτησιν
1524 2799 1671 2826 dunaria;
1692 2800 1742 2826 Alii
1756 2804 1783 2826 ct
1798 2799 1878 2826 editi.

1086 2805 1151 2829 ηεξ.
1170 2805 1182 2823 ι
1197 2805 1222 2824 ut
1239 2805 1362 2832 δίεμαι-η
1380 2805 1506 2834 αυετησιν
1524 2805 1671 2834 αμαρτιας.
1692 2805 1742 2826 ΛΙΙΙ
1756 2805 1783 2826 ct
1798 2805 1878 2830 eam,

1086 2833 1214 2868 ἀθέτησιν
1230 2832 1279 2868 τῆς
1295 2833 1443 2870 ἁμαρτίας.
1879 2840 1882 2846 ’
