1964 3038
114 120 168 148 £39

658 121 788 150 ORATIO
809 122 843 149 Ill
861 121 1003 150 CONTRA
1024 122 1185 152 ARIANOS.

1679 121 1733 150 590

114 177 220 213 ἔπεμψε
233 177 278 204 τδν
295 177 390 204 ἑαυτοῦ
404 177 468 204 Υἱὸν
482 177 624 213 γενόμενον
636 177 692 213 (91)
708 179 739 204 ὲκ
756 178 894 212 γυναικὸς,

952 187 978 206 δι
987 179 1108 214 muliere,
1117 179 1218 208 factum
1226 180 1277 208 sub
1286 181 1344 215 lege
1352 179 1397 215 ⁷⁸),
1408 182 1474 207 tunc
1481 179 1583 206 dictutn
1592 183 1634 206 est
1644 179 1733 214 ipsum

113 224 258 259 γενόμενον
271 224 323 250 ὑπὸ
334 223 436 259 νόμον).
451 223 510 250 τότε
527 225 643 258 εἴρηται,
660 225 700 250 ὅτι
715 225 803 260 σάρκα
815 233 898 260 προσ-

113 268 203 296 λαϐὼν
218 269 363 305 γεγένηται
379 269 532 305 ἄνθρωπος,
553 270 598 296 καὶ
614 271 643 296 ὲν
663 269 749 305 ταύτῃ
767 270 897 297 πέπονθεν

114 316 185 351 ὑπὲρ
197 316 284 352 ἡμῶν,
301 316 338 348 ὡς
354 313 430 342 εἶπεν
453 317 466 342 ὁ
489 316 591 351 Πέτρος
602 324 608 331 ·
622 316 749 350 Χριστοῦ
767 314 824 344 οὖν
842 324 898 343 πα-

115 362 219 394 θόντος
233 361 309 395 ὑπὲρ
332 361 417 396 ἡμῶν
440 361 494 397 (92)
517 362 623 395 σαρκί·
646 362 688 388 ῐνα
710 362 802 397 δειχθῇ
820 382 827 394 ,
852 363 898 388 καὶ

114 407 215 438 πάντες
230 407 431 443 πιστεύσωμεν,
444 409 494 439 ὗτι,
509 408 552 434 ἀεὶ
562 407 599 434 ὢν
614 407 690 439 Θεὸς,
704 408 752 434 καὶ
764 407 896 441 ἁγιάζων,

115 453 184 488 πρὸς
199 452 246 484 οὓς
263 453 379 486 ἐγένετο,
397 453 550 488 διακοσμῶν
575 462 606 479 τε
630 453 699 480 κατὰ
722 453 752 480 τὸ
775 453 897 488 βούλημα

113 498 162 524 τοῦ
186 499 291 534 Πατρὸς
308 498 342 525 τὰ
361 498 465 530 πάντα,
488 498 600 535 ὕστερον
623 500 668 525 καὶ
693 499 748 533 (93)
769 499 802 525 δι’
825 500 898 534 ἡμᾶς

113 545 227 578 γέγονεν
255 544 415 580 ἄνθρωπος,
442 545 489 571 καὶ
515 544 678 579 σωματικῶς
693 565 700 575 ,
725 543 761 575 ὥς
789 544 898 578 φησινό

119 589 291 621 Ἀπόστολος,
310 589 496 624 κατῴκησενὴ
516 589 610 623 θεότης
626 589 654 616 ὲν
674 590 707 624 τῇ
728 589 826 624 σαρκί·
842 588 898 614 ἴσον

112 635 154 670 ’τῷ
178 635 277 669 φάναι,
298 634 364 666 Θεὸς
381 633 418 660 ὢν
431 655 438 667 ,
457 634 522 661 ἴδιον
539 634 602 669 ἔσχε
626 634 706 669 σῶμα
720 655 727 666 ,
751 634 796 660 καὶ
812 633 898 669 τούτῳ

113 679 254 715 χρώμενος
261 680 378 716 ὀργάνῳ.
388 681 496 714 γέγονεν
505 679 552 707 ἄνθ
558 688 646 715 ρωπος
653 680 708 715 δι’ὴ
713 681 766 715 μᾶς
773 680 838 714 (94).
846 680 898 713 [Sat

111 726 158 752 διὰ
169 726 247 752 τοῦτο
262 726 297 752 τὰ
316 726 364 761 μὲν
376 726 429 753 ἴδια
441 725 542 761 ταύτης
563 725 645 752 αὐτοῦ
667 726 783 760 λέγεται,
806 725 898 761 ἐπειδὴ

112 771 144 796 ὲν
159 770 226 806 αὐτῇ
239 769 284 805 ἦν,
301 768 345 797 οἷά
356 772 412 797 ἐστι
421 771 453 797 τὴ
466 772 569 806 πεινῇν,
583 770 613 796 τὸ
626 769 715 805 διψῇν,
729 770 759 796 τὸ
768 771 896 805 πάσχειν,

110 815 145 841 τὸ
159 816 269 850 κοπιᾷν,
293 815 339 841 καὶ
361 815 394 841 τὰ
414 816 503 850 ὃμοια,
521 812 558 842 ὧν
573 815 646 841 ἐστιν
663 816 678 849 ἡ
697 814 766 850 σὰρξ
776 815 896 850 δεκτική·

109 860 148 886 τὰ
161 861 189 887 δὲ
207 848 290 888 αι)τοῦ
311 860 356 887 τοῦ
370 848 456 895 Λόγου
472 861 526 888 ἴδια
543 861 620 896 ἔργα,
643 848 688 887 οἶᾶ
704 848 772 893 test,
786 861 817 887 τὸ
830 848 897 895 ὲγεί-
915 848 935 876 Β

111 915 144 941 ρε
150 915 174 933 ιν
185 908 307 942 νεκροὺς,
317 907 362 933 καὶ
374 907 488 941 τυφλοὺς
500 909 585 934 ποιεῖν
601 907 772 939 ἀναϐλέπειν,
788 907 833 933 καὶ
847 907 896 942 τὴν

110 952 313 988 αἱμορῤοῦσαν
328 953 416 979 ἰᾶσθαι
427 953 507 979 αὐτὸν
519 952 585 988 (95),
596 953 641 979 διὰ
659 952 706 980 τοῦ
721 953 785 980 ἰδίου
804 953 896 988 σώμα-

111 1006 159 1029 τος
176 998 256 1030 αὐτὸς
274 999 375 1025 ἐποίει·
392 999 439 1025 καὶ
460 999 474 1024 ὁ
492 999 540 1034 μὲν
559 999 644 1033 Λόγος
659 999 709 1031 τὰς
728 1000 777 1035 τῆς
797 999 896 1034 σαρκὸς

112 1042 262 1075 ἐϐάσταζεν
284 1044 434 1076 ἀσθενείας,
459 1043 497 1075 ὡς
515 1044 582 1076 ἰδίας
597 1052 604 1058 ·
634 1044 716 1071 αὐτοῦ
739 1045 794 1080 γὰρ
818 1042 852 1080 ἦν
880 1046 896 1081 ή

112 1087 184 1124 σάρξ
195 1088 252 1123 (96)
265 1095 274 1103 °
291 1089 338 1115 καὶ
353 1089 370 1124 ὴ
386 1088 454 1122 σὰρξ
466 1088 495 1115 δὲ
509 1088 640 1124 ὐπούργει
658 1090 714 1121 τοῖς
734 1090 783 1125 τῆς
804 1089 897 1125 θεότη-

112 1142 159 1165 τος
175 1134 276 1169 ἔργοις,
293 1135 333 1161 ὅτι
355 1135 383 1161 ὲν
399 1135 468 1171 αὐτῇ
484 1135 593 1169 ἐγένετο
615 1135 686 1171 (97)·
704 1135 770 1162 Θεοῦ
792 1136 846 1172 γὰρ
863 1134 896 1172 ἦν

113 1180 204 1215 σῶμα.
220 1178 257 1207 Εὖ
278 1181 305 1207 δὲ
323 1180 338 1206 ὸ
359 1181 500 1217 προφήτης
525 1181 645 1217 εἴρηκεν,
668 1181 834 1215 ἐϐάσταεε·
850 1185 898 1211 καὶ

111 1228 164 1254 οὐκ
177 1227 283 1262 εἴρηκε,
298 1227 353 1259 Τὰς
369 1227 509 1260 ἀσθενείας
519 1228 598 1263 ήμῶν
611 1228 690 1260 αὐτὸς
704 1229 895 1265 ἐθεράπευσεν,

112 1273 159 1299 tu.
173 1273 222 1307 μὴ,
242 1273 279 1303 ὡς
295 1273 371 1304 ἐκτὸς
389 1271 432 1299 -ὢν
452 1272 500 1299 ’τοῦ
522 1272 656 1307 σώματος,
680 1274 726 1300 καὶ
747 1274 827 1308 μόνον
849 1275 897 1301 αὑο

111 1319 144 1344 τὸ
166 1318 221 1353 (98)
241 1318 402 1353 ἰασάμενος,
420 1318 458 1350 ὡς
481 1318 524 1345 ἀεὶ
546 1319 714 1354 πεποίηκεν,
732 1320 896 1352 ὑπευθύνους

112 1364 195 1391 πάλιν
209 1364 255 1391 τοῦ
272 1364 387 1391 θανάτου
408 1365 471 1396 τοὺς
489 1364 648 1400 ἀνθρώπους
665 1365 822 1401 καταλείψῃ.
841 1366 896 1398 Τὰς

110 1411 140 1436 δὲ
157 1410 297 1442 ἀσθενείας
311 1410 390 1445 ἡμῶν
405 1409 531 1445 βαστάζει
552 1410 622 1446 (99),
638 1411 686 1437 καὶ
701 1410 748 1443 τὰς
760 1412 896 1446 ἁμαρτίας

111 1455 191 1490 ἡμῶν
214 1456 296 1487 αὐτὸς
319 1456 404 1491 φέρει,
425 1456 469 1483 ἵνα
487 1456 578 1491 δειχθῇ
595 1457 634 1482 ὃτι
653 1465 682 1482 τε
704 1457 846 1492 ἄνθρωπος
861 1457 895 1484 δι’

110 1501 186 1535 ἡμᾶς
201 1501 306 1535 γέγονε,
324 1502 371 1528 καὶ
389 1501 468 1536 σῶμα
483 1502 514 1528 τὺ
531 1503 559 1528 ὲν
575 1501 649 1537 αὐτῷ
666 1503 746 1538 φέρον
761 1503 846 1535 αὐτὰς
857 1503 894 1539 (1)

110 1546 195 1572 αὐτοῦ
221 1546 285 1573 ἴδιόν
303 1548 376 1573 ἐστι·
403 1548 451 1574 καὶ
470 1548 550 1578 αὐτὸς
576 1548 624 1583 μὲν
646 1548 722 1575 οὐδὲν
745 1549 895 1576 ὲὸλάπτετο

110 1594 256 1630 ἀναφέρων
275 1595 324 1625 τὰς
341 1595 476 1631 ἁμαρτίας
498 1596 575 1631 ἡμῶν
588 1597 633 1623 ἐπὶ
648 1597 678 1623 τὸ
701 1597 777 1630 ξύλον
790 1598 829 1633 τῷ
846 1598 896 1625 σώ-

113 1649 179 1675 ματι
194 1640 286 1672 αὑτοῦ,
307 1641 345 1673 ὡς
359 1639 433 1668 εἶπεν
450 1643 463 1668 ό
476 1643 593 1678 Πέτρος·
609 1644 689 1678 ἡμεῖς
703 1643 731 1670 δὲ
754 1645 778 1670 ot
794 1643 897 1679 ἄνθρω-

111 1693 171 1716 ποι,
185 1685 240 1711 ἀπὸ
257 1685 306 1720 μὲν
321 1685 373 1712 τῶν
396 1686 468 1713 ἰδίων
485 1687 579 1713 παθῶν
594 1687 787 1724 ὲλυτρούμεθα,
804 1689 852 1724 τῆς
867 1689 895 1717 δὲ

109 1731 160 1757 τοῦ
174 1731 260 1764 Λόγου
273 1731 444 1767 δικαιοσύνης
455 1732 647 1768 ἐπληρούμεθα
661 1734 712 1769 (2).

149 1776 196 1804 52.
215 1777 295 1803 Ὅθεν
316 1778 365 1812 τῆς
389 1778 488 1812 σαρκὸς
505 1779 671 1814 πασχούσης,
697 1779 748 1806 οὐκ
761 1778 794 1817 ἦν
819 1780 896 1811 ἐκτὸς

114 1822 217 1857 ταύτης
227 1822 241 1848 ὁ
253 1822 337 1856 Λόγος
348 1831 355 1838 ⁸
373 1823 416 1849 διὰ
430 1823 508 1849 τοῦτο
518 1823 572 1860 γὰρ
587 1824 670 1850 αὑτοῦ
687 1824 794 1859 λέγεται
810 1825 856 1851 καὶ
867 1825 897 1851 τὸ

113 1869 217 1900 πάθος·
235 1868 283 1895 καὶ
301 1868 397 1900 θεῖκῶς
414 1869 442 1895 δὲ
460 1869 598 1901 ποιοῦντος
617 1870 700 1897 αὐτοῦ
719 1870 753 1897 τὰ
766 1871 833 1906 ἔργα
849 1870 896 1897 τοῦ

112 1915 232 1951 Πατρὸς,
248 1915 297 1941 οὐκ
310 1913 343 1951 ἦν
353 1915 451 1947 ἔξωθεν
467 1916 549 1942 αὑτοῦ
563 1918 578 1951 ὴ
594 1916 661 1952 σάρξ
672 1925 680 1933 ⁸
695 1917 752 1943 ἀλλ’
772 1918 801 1944 ὲν
824 1917 897 1953 αὐτῷ

112 1960 151 1995 τῷ
164 1960 270 1995 σώματι
291 1961 374 1987 ταῦτα
386 1961 465 1988 πάλιν
485 1962 499 1987 ὁ
516 1961 616 1998 Κύριος
634 1963 738 1989 ἐποίει’
754 1962 800 1989 διὰ
818 1963 897 1990 τοῦτο

153 2037 279 2074 Ἶβειιηι.
302 2046 345 2072 tv,
365 2039 393 2066 4.
431 2039 453 2054 ⁷⁶
472 2038 574 2066 l-Pctr.
595 2047 632 2072 Iv,
653 2039 679 2066 l.
717 2040 740 2056 ⁸ο
759 2039 865 2067 Coloss.
885 2048 915 2074 ll,
936 2039 962 2068 9.

114 2081 144 2103 ll,
163 2072 198 2098 21

155 2156 214 2203 (9|).
229 2155 465 2203 Regiu‘sApri‘r-nus,
489 2155 600 2190 Seguer.
619 2155 724 2191 Anglic.
741 2155 849 2183 Gobler.
871 2162 896 2184 et
913 2177 934 2203 υ
1060 2158 1169 2203 ξοιηειν.
1185 2158 1294 2200 et_Felc.
1317 2160 1342 2203 l_,

113 2190 186 2222 Fcl'c.
198 2190 228 2218 ⁷1.
246 2190 418 2226 γεννώμενον.

150 2227 205 2258 (92)
228 2226 292 2260 Reg.
313 2226 337 2257 l,
353 2226 464 2260 Seguer.
481 2225 589 2253 Goliler.
605 2230 631 2252 et
648 2225 720 2252 Felc.
739 2225 750 2252 1
768 2225 898 2252 omittunt

113 2264 185 2298 ὑπὲρ
197 2259 286 2297 ἡμῶν.
308 2261 383 2298 Ibid.‘
395 2259 460 2294 Reg.
478 2261 489 2286 1
507 2265 533 2298 et
551 2261 689 2298 Seguer.,_
704 2260 895 2298 πιστερσομεν.

113 2294 176 2325 Mni
194 2294 306 2330 uterque
320 2295 419 2329 Regius
429 2294 634 2331 rcumﬂSegucrL,
645 2295 712 2331 πρὸς
724 2295 770 2326 οὓς
782 2294 895 2329 ἐγίνετο,

113 2330 267 2366 διακοσμῶν
282 2340 310 2357 τε
328 2331 397 2357 κατὰ
410 2330 441 2366 fro
458 2330 588 2365 βούλημα.
611 2330 679 2364 Reg,
694 2331 725 2363 2,
745 2331 814 2357 κατὰ
837 2330 898 2366 βού-

112 2369 189 2403 ὶημα
203 2365 253 2397 {ut
271 2367 316 2392 alii
337 2371 364 2393 et
385 2365 470 2398 editi,
493 2366 539 2400 qui
557 2366 620 2392 item
638 2366 738 2393 habent
761 2365 829 2401 πρὸς
852 2365 898 2397 οὓς

113 2405 232 2430 ἐγένετο.

135 2428 213 2471 "(95)
230 2435 284 2462 Kal
305 2436 381 2462 deest
395 2435 422 2471 in
437 2435 545 2462 Gobler.
560 2439 590 2471 ret
610 2434 681 2471 Felc.
702 2435 725 2462 t.
753 2434 802 2463 Hic
822 2436 897 2463 locus

113 2470 207 2500 exstat
221 2472 247 2497 in
262 2470 378 2498 concilio
394 2470 566 2497 Lateranensi
582 2471 634 2497 sub
649 2470 765 2497 Martino
791 2471 809 2501 Ι.
831 2476 850 2497 ι.
865 2471 897 2498 VI

115 2507 279 2537 Concilion,
304 2514 330 2539 p.
355 2505 423 2536 501,
449 2505 603 2539 diciturque
624 2513 684 2532 esse
707 2506 740 2531 ὲκ
761 2505 808 2531 τοῦ
828 2507 898 2533 κατὰ

120 2540 362 2579 ’Δρειανῶνηλὸγου
377 2543 411 2574 γ’,
426 2547 457 2579 ea:
472 2541 590 2579 oratione
612 2545 689 2579 tertt__a
707 2545 799 2567 contra
816 2541 897 2579 Aria-

113 2575 162 2605 ιιοὲ
178 2586 187 2604 :
202 2584 252 2612 pro
269 2576 379 2612 ὕστερον
397 2576 443 2612 καί
454 2595 461 2606 ,
480 2575 515 2602 ibi
532 2576 657 2612 habetur,
670 2575 861 2612 batepoyfydp.

153 2610 211 2645 (9ιὶ
231 2611 296 2646 Reg.
317 2610 339 2637 1⁷
351 2616 379 2638 ct
394 2611 507 2645 Seguer.
522 2616 548 2638 et
560 2610 687 2638 Latet-an.
702 2610 801 2638 coincil.
817 2610 898 2638 oinit-

113 2653 174 2676 lunt
191 2647 223 2674 δι’
238 2647 321 2678 ἡμᾶς.

151 2648 215 2718 (956;
349 2681 370 2718 l_
387 2685 414 2708 ct
434 2681 545 2718 Seguer.
558 2700 565 2713 ,
586 2680 685 2718 tegam.
703 2680 755 2708 Alii
779 2686 805 2718 et
821 2682 897 2714 editi,

151 2690 208 2718 (90)
228 2690 268 2708 ne
289 2690 330 2709 lllS
349 2690 361 2707 1
387 2690 414 2708 et
434 2690 545 2714 δεῖμεν.
558 2700 565 2713 ,
586 2690 685 2707 ιασυαι.
703 2690 755 2708 mu
779 2690 805 2708 et
821 2690 896 2714 eam,

115 2718 254 2746 ἰάσασθαι.
270 2690 330 2743 glox
352 2716 417 2749 Reg.
433 2717 459 2747 1,
485 2716 595 2749 Seguer.
614 2716 722 2744 Gobler.
737 2720 764 2743 et
779 2717 850 2744 Felc.
872 2718 896 2750 l,

113 2753 196 2784 αὐτὸς
213 2752 309 2778 ἐποίει.
325 2751 429 2778 Concil.
446 2751 570 2777 Lateran.
586 2752 685 2778 omittit
698 2751 788 2784 αὑτός,
803 2753 898 2779 habet-

114 2798 166 2823 que
188 2789 252 2823 item
269 2786 355 2813 ἐποίει
369 2806 376 2817 ,
398 2787 449 2823 ubi
466 2786 566 2823 desiuit
589 2787 675 2823 locus.
692 2787 744 2814 Alii
768 2792 795 2814 et
813 2788 876 2815 edi'i
888 2807 896 2820 ,

113 2820 195 2851 ποιεῖ.
212 2822 297 2849 Paulo
309 2827 368 2856 post
385 2821 499 2857 Anglie.,
516 2820 673 2854 ἐϐάσταζεν.

947 232 1029 252 carne
1053 231 1190 261 assumpta
1209 227 1346 254 hominem
1370 225 1470 253 factum
1486 233 1546 253 esse
1558 245 1566 258 ,
1588 230 1668 260 atque
1685 233 1734 260 pro

948 270 1026 301 nobis
1043 271 1069 297 in
1080 278 1111 297 ea
1120 279 1180 298 esse
1192 279 1312 306 passum,
1323 270 1515 298 utaitPetrus:
1529 270 1634 297 Christo
1652 271 1736 306 igitur

947 322 994 348 pro
1008 315 1081 341 nobis
1094 323 1171 349 passo
1184 316 1211 342 in
1225 317 1345 348 carne",
1359 320 1389 342 ut
1403 316 1506 342 scilicet
1519 315 1629 350 planum
1646 316 1733 348 tier-et,

948 367 1097 394 omnesque
1127 361 1298 389 crederemus
1326 369 1388 388 eum
1417 361 1528 396 ipsum,
1555 361 1602 395 qui
1627 369 1734 396 semper

949 403 1020 433 Deus
1035 405 1096 439 fuit,
1113 411 1140 433 et
1159 414 1216 440 eos,
1230 406 1264 434 ad
1284 415 1353 441 quos
1366 407 1490 440 accessit,
1510 412 1620 434 sanctos
1634 407 1732 440 eti'eeit,

948 452 1094 486 omniaque
1119 452 1196 487 juxta
1223 451 1312 480 Patris
1337 453 1503 480 voluntatem
1539 452 1733 485 administrat,

948 501 1056 532 propter
1073 505 1122 526 nos
1139 499 1278 525 hominem
1310 503 1401 533 postea
1418 498 1518 525 factum
1535 498 1620 525 fuisse
1642 503 1733 533 atque,

947 543 1108 578 utloquitur
1125 543 1289 578 Apostolus,
1310 543 1479 571 divinitatem
1503 543 1680 578 corporaliter
1705 543 1732 570 in

948 597 1029 616 carne
1054 589 1192 617 habitasse
1205 591 1238 623 ⁸ο,
1273 590 1345 625 quod
1363 590 1433 617 idem
1456 594 1498 617 est
1517 597 1548 617 ac
1574 590 1596 617 si
1621 590 1732 622 diceret,

948 633 1015 661 Cum
1033 633 1103 662 Deus
1118 639 1204 667 esset,
1220 635 1360 669 proprium
1379 634 1473 662 habuit
1495 641 1592 668 corpus
1604 654 1610 666 ,
1629 642 1682 669 quo
1704 638 1734 662 ut

934 670 1129 708 [instrumento
1149 685 1246 713 utens,
1264 681 1346 708 homo
1368 685 1478 715 propter
1499 688 1551 707 nos
1572 680 1659 708 factus
1680 685 1732 708 est.

949 724 1026 758 Hinc,
1039 734 1100 760 qua
1107 726 1198 754 carnis
1209 732 1272 754 sunt
1281 726 1400 762 propria,
1410 727 1447 754 illi
1463 726 1657 757 attribuuntur,
1669 726 1734 761 quia

948 778 1045 806 nempe
1066 771 1092 798 iu
1116 779 1146 798 ea
1168 772 1316 800 exsistebat
1334 780 1340 798 :
1358 772 1397 800 sic
1419 780 1483 807 ergo
1504 772 1603 799 dicitur
1618 772 1732 803 esurire,

950 815 1035 848 sitire,
1049 816 1116 850 pati,
1126 816 1259 848 laborare,
1269 821 1297 843 et
1308 817 1407 844 similia
1422 825 1482 852 quae
1497 817 1530 844 ad
1547 825 1655 844 carnem
1673 825 1735 851 per-

950 861 1045 889 tinent.
1067 862 1101 888 At
1113 869 1174 897 quat
1188 863 1298 897 propria
1314 862 1395 890 Verbi
1413 867 1491 889 erant
1506 870 1598 897 opera,
1617 867 1644 890 ut
1660 870 1733 889 mor-

950 913 1011 936 tuos
1034 909 1066 935 ad
1089 909 1171 936 vitam
1199 916 1345 942 revocare,
1366 909 1445 936 caecis
1469 909 1556 936 visum
1581 909 1732 940 restituere,

950 954 1188 982 ltazmorrhoissam
1215 962 1323 988 sanare,
1351 962 1398 989 per
1425 954 1564 989 proprium
1589 955 1734 989 prastabat

949 1008 1058 1035 corpus.
1075 999 1191 1028 Proinde
1209 999 1324 1028 Verbum
1339 1000 1464 1035 proprias
1478 1000 1569 1028 carnis
1588 1000 1733 1027 inﬁrmita-

949 1053 989 1074 tes
1001 1047 1134 1081 portabat,
1152 1047 1215 1082 quia
1236 1054 1299 1074 earo
1321 1054 1370 1074 sua
1390 1050 1449 1073 erat
1464 1055 1470 1073 :
1489 1051 1516 1073 et
1533 1045 1651 1073 vicissim
1669 1053 1734 1073 caro

948 1092 1096 1120 divinitatis
1117 1092 1244 1127 operibus
1268 1092 1399 1120 faciendis
1422 1091 1595 1124 inserviebat,
1619 1092 1682 1126 quia
1704 1091 1733 1118 in

949 1138 994 1164 illa
1012 1141 1080 1171 erat,
1097 1138 1197 1173 quippe
1210 1145 1271 1172 quae
1285 1137 1332 1165 Dei
1347 1144 1446 1172 corpus
1461 1141 1543 1165 esset.
1560 1136 1628 1171 Apte
1640 1140 1731 1164 autem

949 1182 1076 1217 propheta
1093 1190 1160 1210 voce
1173 1203 1179 1215 ,
1194 1183 1309 1217 portavit
1321 1183 1355 1215 ⁸¹,
1371 1186 1488 1211 ususest
1501 1202 1509 1215 ,
1524 1189 1574 1209 nec
1588 1181 1664 1214 dixit,
1688 1182 1734 1208 In-

949 1229 1088 1257 ﬁrmitates
1101 1233 1209 1257 nostras
1226 1229 1348 1262 sanavit,
1365 1237 1398 1256 ne
1412 1233 1487 1256 extra
1500 1236 1599 1263 corpus
1615 1235 1687 1260 esse,
1702 1227 1735 1254 il-

948 1275 1048 1310 ludque
1062 1275 1193 1302 duntaxat
1207 1282 1313 1306 sanare,
1329 1275 1366 1302 uti
1379 1282 1485 1309 semper
1499 1274 1571 1308 fecit,
1584 1274 1731 1306 videretur,

949 1326 1029 1356 atque
1045 1321 1140 1348 iterum
1157 1321 1278 1348 homines
1303 1321 1383 1347 morti
1406 1320 1540 1347 obnoxios
1558 1319 1730 1354 relinqueret.

949 1365 1047 1393 Verum
1073 1370 1182 1393 nostras
1197 1365 1368 1392 inﬁrmitates
1384 1370 1531 1400 nostraque
1549 1370 1657 1399 peccata
1675 1364 1733 1398 ipse

948 1417 1048 1446 portat,
1063 1417 1092 1438 ut
1104 1412 1231 1439 omnibus
1244 1411 1356 1438 evidens
1370 1412 1416 1442 sit.
1436 1415 1463 1438 et
1475 1411 1611 1437 hominem
1625 1415 1735 1444 propter

948 1465 999 1485 nos
1010 1465 1071 1485 eum
1087 1465 1148 1485 esse
1159 1457 1272 1489 factum,
1287 1461 1314 1483 et
1324 1464 1434 1492 corpus,
1448 1457 1520 1492 quod
1534 1457 1560 1483 in
1579 1457 1624 1483 illo
1639 1461 1732 1482 nostra

947 1508 1054 1538 peccata
1069 1504 1202 1537 portabat,
1217 1503 1356 1537 proprium
1372 1502 1457 1536 ipsius
1470 1509 1540 1530 esse.
1553 1502 1625 1528 Nihil
1642 1507 1733 1528 autem

946 1550 970 1576 ei
985 1549 1077 1576 nocuit
1093 1553 1202 1584 peccata
1222 1553 1314 1576 nostra
1336 1555 1386 1576 suo
1403 1556 1516 1582 corpore
1531 1549 1557 1575 in
1572 1548 1673 1582 lignum
1689 1553 1734 1574 tu-

946 1595 1021 1628 lisse,
1045 1600 1075 1621 ut
1098 1595 1136 1621 ait
1158 1593 1254 1621 Petrus
1265 1594 1308 1621 "2
1324 1598 1351 1621 at
1366 1601 1416 1620 nos
1431 1594 1553 1621 homines
1569 1593 1648 1629 46],
1667 1600 1733 1628 pro-

946 1641 1013 1676 priis
1034 1640 1222 1668 aﬂectionibus
1239 1640 1344 1668 liberati
1362 1647 1468 1672 sumus,
1488 1644 1514 1667 et
1528 1638 1609 1666 Verbi
1625 1638 1732 1674 justitia

947 1686 1049 1721 repleti.

981 1777 1025 1804 52.
1042 1777 1109 1805 Hinc
1121 1785 1182 1805 cum
1200 1785 1264 1805 caro
1279 1781 1425 1813 pateretur,
1441 1781 1516 1804 extra
1532 1785 1592 1804 eam
1608 1785 1660 1805 non
1674 1782 1735 1805 erat

948 1823 1076 1857 Verbum,
1091 1832 1151 1859 quae
1166 1832 1248 1852 causa
1264 1829 1305 1851 est
1322 1832 1370 1851 cur
1391 1823 1451 1858 ejus
1472 1831 1532 1851 esse
1548 1825 1639 1859 passio
1655 1824 1729 1852 dica-

948 1874 1001 1896 tur.
1027 1869 1095 1897 Cunt
1115 1869 1178 1897 item
1199 1870 1256 1904 ipse
1281 1868 1370 1896 Patris
1390 1877 1472 1904 opera
1493 1870 1583 1897 divine
1604 1870 1731 1902 alliceret,

947 1921 1022 1942 extra
1037 1916 1124 1950 ipsum
1143 1923 1196 1943 non
1210 1921 1267 1943 erat
1281 1924 1356 1948 caro,
1371 1917 1418 1943 sed
1431 1916 1456 1943 iu
1474 1916 1532 1951 ipso
1548 1923 1661 1951 corpore
1676 1917 1734 1944 haec

948 1961 1079 1989 efﬁciebat
1094 1960 1234 1989 Dominus.
1250 1961 1353 1989 Idcirco
1373 1963 1445 1989 enim
1464 1962 1552 1990 factus
1574 1962 1656 1990 homo
1678 1963 1734 1990 aie—

1021 2039 1042 2055 “
1063 2039 1117 2066 lsa.
1138 2048 1204 2073 Llll,
1226 2040 1260 2073 4;
1281 2039 1376 2068 Matth.
1399 2048 1459 2073 vut,
1482 2040 1525 2067 l7.
1584 2038 1606 2055 "
1628 2041 1637 2068 l
1658 2041 1732 2069 Petr.

1392 2159 1459 2196 σάρξ
1471 2167 1478 2174 ο
1497 2160 1512 2195 ἡ
1528 2159 1556 2196 δὲ
1575 2159 1658 2196 σάρξ,
1679 2166 1730 2188 etc.

985 2193 1040 2227 (97)
1062 2193 1160 2230 Itegius
1184 2196 1289 2229 primus
1312 2200 1338 2222 et
1365 2193 1488 2230 Seguer.,
1508 2193 1623 2229 ἐγίνετό.
1650 2196 1731 2222 Iidem

948 2235 1009 2264 mox
1027 2228 1138 2264 etilteg.
1161 2228 1196 2262 2,
1220 2230 1324 2264 Anglic.
1342 2228 1449 2258 Gobler.
1471 2230 1542 2257 Felr.
1560 2231 1571 2257 1
1588 2235 1614 2257 et
1629 2230 1654 2263 5,
1669 2231 1731 2257 teat--

949 2263 1038 2295 σταξε.
1056 2263 1195 2299 Scriptura
1207 2285 1214 2297 ,
1230 2263 1388 2292 ἐϐἆστασεν.
1412 2265 1506 2293 Caneri
1523 2270 1550 2292 et
1571 2266 1651 2296 editi,
1667 2266 1731 2292 ἐϐά-

950 2299 1040 2324 σταῖε.

984 2333 1042 2370 (911)
1061 2333 1161 2368 Regius
1180 2335 1203 2366 l,
1229 2334 1340 2369 Seguer.
1368 2339 1393 2362 et
1409 2336 1513 2370 Anglic.
1539 2336 1640 2362 addunt
1655 2335 1730 2367 αὐτό,

948 2369 1063 2405 quodjn
1081 2370 1141 2396 aliis
1154 2374 1180 2396 et
1192 2370 1272 2396 editis
1286 2370 1371 2397 deest.
1388 2369 1471 2397 Paulo
1488 2375 1545 2405 post
1567 2370 1661 2401 Basil.,
1676 2372 1729 2397 πά-

948 2402 989 2465 λέιν
1000 2402 1039 2438 τῷ
1052 2403 1167 2440 θανάτῳ.
1181 2404 1233 2431 Alii
1247 2410 1273 2432 et
1285 2406 1367 2432 editio
1383 2402 1608 2438 Couuuel.,7tdtittv
1623 2405 1670 2431 τοῦ
1685 2405 1732 2432 θα-

948 2446 962 2464 ν
983 2447 1036 2465 του.

948 2446 1036 2465 νατου.

985 2473 1045 2510 (99)
1062 2473 1161 2508 Regius
1185 2475 1197 2500 1
1224 2480 1251 2501 et
1271 2474 1393 2509 Seguer.,
1415 2475 1496 2507 αὐτὸς
1513 2475 1652 2510 βαστάζει.
1671 2475 1730 2502 Mox

949 2507 1051 2546 Felc._"2
1065 2515 1091 2535 et
1104 2507 1181 2538 editi.
1195 2510 1235 2536 ὅτι
1249 2510 1295 2536 καὶ
1309 2507 1459 2546 ἅνθρωπος.
1480 2507 1576 2538 Caeteri
1597 2519 1677 2543 1115s.,
1690 2511 1731 2537 ὃτι

948 2552 977 2570 τε
991 2543 1143 2575 ἄνθρωπος.

971 2578 1023 2622 ,(11)
1043 2578 1114 2606 Felc.
1138 2579 1155 2606 2
1169 2584 1197 2608 et
1209 2580 1291 2608 editio
1306 2580 1450 2614 Commel.,
1464 2580 1554 2612 αὑτός.
1576 2580 1629 2607 Alii
1652 2588 1730 2613 mss..

948 2622 1042 2645 αυτας.

985 2650 1022 2686 (‘2)
1046 2648 1115 2686 llaec
1133 2650 1231 2682 verba,
1255 2650 1304 2685 τῆς
1327 2650 1354 2676 δὲ
1377 2650 1424 2676 τοῦ
1449 2649 1730 2686 Λόγουῖδικαιοσύνης

949 2683 1156 2720 tamquam,
1173 2685 1271 2712 absunt
1284 2683 1307 2712 ἰι
1325 2685 1478 2713 Gobleriau.
1494 2683 1521 2712 et
1535 2685 1607 2712 Felc.
1632 2686 1642 2712 l
1656 2706 1663 2717 ,
1682 2683 1731 2712 nec

948 2718 1028 2745 vertit
1043 2718 1166 2746 Nannius
1185 2721 1211 2746 in
1227 2721 1345 2747 editione
1359 2720 1492 2748 Commel.
1506 2721 1538 2747 At
1556 2721 1690 2747 habentur
1703 2720 1729 2747 iu

950 2754 1171 2816 Littroqug'flegio,
1189 2756 1347 2791 Seguerian.
1362 2756 1443 2784 Basil.
1458 2756 1563 2792 Anglic.
1577 2755 1650 2784 Felc.
1664 2755 1730 2790 2,1",

957 2798 963 2805 ι
990 2797 1016 2816 Ill
1032 2797 1047 2816 e
1068 2798 1073 2816 t
1089 2798 1121 2816 is.

948 2794 974 2815 Cl.
990 2797 1016 2816 Ill
1032 2794 1121 2818 editis.
