1964 3038
253 123 307 153 395

539 122 566 149 S.
587 120 778 149 ATHANASll
798 119 872 147 OPP.
893 116 984 146 PARS
1002 117 1022 144 l.
1041 132 1075 137 ——
1094 113 1280 143 HISTORICA
1299 111 1342 140 ΕΤ
1364 110 1574 140 DOGMATICA.

1814 109 1858 138 396

252 181 326 213 tatis,
338 188 353 208 e
366 185 437 208 terra
448 180 608 211 excitamur,
621 179 709 207 soluta
723 180 825 214 peccati
837 177 1034 207 maledictionc,

1099 174 1141 201 ιπὺ
1156 173 1206 208 γῆς
1218 192 1226 206 ,
1248 171 1375 205 λυθείσης
1393 170 1443 205 τῆς
1466 170 1499 195 δι’
1521 167 1657 204 ἁμαρτίαν
1672 167 1731 203 (22)
1752 167 1861 204 κατάρας

253 227 314 261 ejus
328 227 436 258 merito,
454 226 499 261 qui
517 226 543 252 in
560 225 650 257 nobis,
664 225 751 252 nostri
766 225 862 260 gratia,
884 223 1036 250 maledictio

254 273 342 299 factus
366 275 408 298 est
425 291 433 303 ,
462 270 542 304 idque
565 269 712 297 admodum
740 268 940 296 convenienter.
968 266 1035 294 Nam

253 316 480 352 quemadmodum
494 323 543 343 nos
560 323 666 347 omnes,
680 319 710 342 ut.
726 314 772 349 qui
790 322 823 340 ex
838 318 909 341 terra
923 321 1018 341 sumus
1028 333 1036 345 ,

253 361 280 388 in
300 360 385 388 Adam
400 361 535 388 morimur
554 370 560 386 :
585 360 621 387 ita
635 367 667 386 ex
682 366 752 393 aqua
767 362 795 385 et
815 358 912 392 spiritu
927 364 1037 384 sursum

254 405 402 440 regenerati
415 426 422 438 ,
441 413 536 432 omnes
555 406 582 432 in
598 403 707 431 Christo
723 403 777 429 vita
800 402 945 436 donamur,
960 401 1037 436 quasi

253 458 317 478 caro
337 459 391 478 non
410 451 466 486 jam
482 451 619 479 terrestris
630 471 637 482 ,
656 450 702 477 sed
718 448 835 476 Verbum
856 453 884 476 et
899 449 956 483 ipsa
972 447 1038 475 cﬁ'e-

254 501 296 523 cla
308 501 379 524 esset
394 497 429 524 ob
449 496 539 531 ipsum
557 495 603 523 Dei
624 495 753 528 Verbum,
769 495 841 530 quod
855 494 941 522 nostri
956 500 1039 521 causa

253 550 318 569 caro
337 541 439 568 factum
453 546 504 568 est.

289 588 334 615 54.
356 586 391 614 Ut
417 592 509 614 autem
531 587 686 614 accuratius
704 587 832 621 cognosci
852 585 939 621 possit
961 590 1040 613 natu-

254 641 312 660 ram
329 632 410 660 Verbi
430 633 485 667 pati
505 633 573 658 nihil
588 640 678 667 posse,
702 632 846 666 carnisque
870 631 1040 658 infirmitates

254 683 363 714 propter
375 686 482 706 carnem
498 679 549 712 ipsi
561 677 682 710 attribui,
696 677 765 704 haud
779 677 858 704 absre
870 676 921 704 erit
932 677 1039 703 beatum

255 723 365 752 Petrum
381 724 476 751 audire
491 733 496 750 :
514 724 612 758 dignus
628 723 761 758 siquidem
786 723 861 749 testis
880 725 922 749 est
942 722 985 749 cui
1007 721 1041 748 de

257 771 398 798 Salvatorc
411 769 509 796 dicenti
525 769 592 796 ﬁdes
613 768 756 796 habeatur.
781 768 827 795 Sic
845 776 910 803 ergo
933 768 959 794 in
976 767 1039 802 Epi-

257 816 325 844 stola
339 815 433 842 scribit
445 823 451 840 :
466 814 569 842 Christo
583 814 664 849 igitur
680 823 726 849 pro
740 813 812 840 nobis
829 822 908 840 came
922 821 998 847 passo
1006 813 1039 840 ⁵³.

256 861 373 889 Proinde
383 868 445 888 cum
457 861 562 888 esurire
573 859 671 887 dicitur
682 863 709 886 et
719 859 806 891 sitire,
818 859 953 891 laborare,
967 859 1043 893 igno—
1057 853 1078 880 Β

257 914 329 940 rare,
342 906 470 939 dormire,
485 905 559 937 ﬂere,
579 904 728 940 postulare,
744 903 849 939 fugere.
873 906 961 938 nasci,
979 904 1043 931 cali-

257 960 316 980 cem
326 951 474 987 deprecari,
485 959 517 978 ac
524 951 640 986 denique
650 957 820 985 quzecunque
833 950 924 978 carnis
935 950 1043 985 propria

258 1002 331 1029 sunt,
342 998 376 1025 de
383 997 496 1033 singulis
506 996 637 1024 rectedici
649 996 749 1031 possit:
762 995 873 1023 Christo
884 995 977 1031 igitur,
987 1003 1046 1023 car-

260 1051 294 1071 ne
301 1051 351 1078 pro
360 1042 449 1076 nobis,
461 1042 598 1070 esuriente
609 1046 635 1069 et
647 1041 765 1074 sitiente,
777 1049 860 1076 seque
872 1041 998 1076 ignorare
1009 1042 1046 1069 di-

260 1095 349 1118 cente.
364 1088 486 1123 colaphis
500 1095 581 1119 czeso,
591 1092 617 1114 et
637 1087 778 1114 laborante
788 1095 838 1122 pro
852 1087 931 1114 nobis
942 1095 1024 1115 carne
1037 1096 1043 1114 :

259 1135 377 1162 exaltato
388 1135 462 1167 item,
475 1140 612 1166 nascente,
621 1138 772 1165 crescente,
786 1141 885 1166 carne;
899 1134 1009 1160 timente
1020 1138 1046 1161 et

260 1182 367 1213 latente,
376 1188 467 1214 carne;
477 1188 508 1207 ac
515 1179 620 1206 dicente
626 1179 759 1212 similiter,
769 1178 799 1206 Si
805 1179 863 1213 ﬁeri
870 1178 1045 1215 patest,ﬁ.63

261 1232 376 1254 trunseat
386 1235 402 1253 a
416 1234 456 1253 me
463 1225 533 1252 calix
541 1226 589 1251 iste
596 1225 631 1258 '°,
640 1225 786 1259 vapulante
797 1229 824 1252 ct
837 1225 987 1260 aecipienle
997 1233 1046 1259 pro

262 1273 339 1300 nobis
351 1280 432 1300 carne
448 1281 454 1299 :
468 1271 496 1298 in
509 1271 613 1299 czeteris
637 1270 747 1297 demum
763 1271 900 1298 similibus
919 1270 970 1298 rite
984 1270 1046 1297 addi

261 1323 351 1354 queat,
366 1327 413 1353 pro
426 1318 499 1345 nobis
511 1326 598 1344 carne.
616 1317 719 1344 Idcirco
736 1318 809 1344 enim
824 1322 850 1344 et
865 1318 921 1352 ipse
932 1317 1046 1352 Aposto-

262 1365 305 1392 lus
314 1364 389 1396 dicit,
407 1362 512 1391 Christo
536 1363 619 1398 t'gitur
639 1371 728 1398 passo,
748 1370 803 1389 non
827 1363 983 1393 divinitate.
999 1362 1046 1390 sed

262 1417 308 1444 pro
324 1409 397 1436 nobis
412 1417 500 1441 carne,
508 1413 538 1435 ut
552 1408 604 1435 illa:
615 1407 771 1435 affectiones
780 1415 834 1434 non
844 1408 958 1442 propriae
966 1407 1047 1435 Verbi

263 1460 376 1488 natum,
400 1455 446 1482 sed
468 1455 559 1482 carnis
582 1459 679 1482 natura
700 1454 818 1489 propria:
843 1462 903 1481 esse
917 1461 1048 1489 agnosce-

260 1505 365 1529 rentur.
389 1501 495 1528 Nemini
517 1501 599 1536 igitur
621 1501 677 1528 hzec
701 1501 818 1527 humana
841 1500 895 1527 sint
911 1500 1046 1532 seandalo,

263 1547 310 1574 scd
325 1554 419 1575 omnes
432 1546 524 1581 potius
541 1552 722 1581 agnoscamus
738 1543 858 1571 Verbum
873 1545 981 1578 quidem
998 1552 1047 1580 pro

262 1596 367 1622 natura:
382 1600 438 1620 suae
453 1591 609 1619 cbnditione
625 1591 693 1617 nihil
706 1591 763 1624 pati
776 1598 867 1624 posse,
882 1590 928 1617 sed
940 1595 1049 1625 propter

263 1645 373 1666 carnem
393 1644 474 1672 quam
497 1635 585 1663 induit
610 1636 660 1663 ista
682 1635 720 1662 illi
735 1636 857 1667 attribui,
874 1636 938 1670 quia
953 1643 1049 1671 nempe

264 1684 323 1710 hzec
338 1683 429 1710 carnis
442 1682 550 1717 propria
570 1685 634 1709 sunt
650 1682 793 1716 ipsumque
808 1689 908 1716 corpus
925 1681 1048 1708 Salvato-

264 1727 303 1754 ris
323 1731 364 1754 est
385 1726 536 1762 proprium.
554 1725 687 1758 Quocirca
713 1725 757 1752 ille
779 1725 897 1760 quidem,
913 1725 994 1752 nullis
1014 1733 1048 1752 ex

266 1777 362 1800 natura
372 1779 421 1799 sua
433 1771 568 1799 obnoxius
577 1771 777 1803 aﬂ‘cctionihus,
793 1771 873 1797 sicuti
887 1775 928 1798 est
943 1778 1048 1805 perma-

262 1822 319 1851 net,
336 1825 387 1845 nec
401 1818 436 1844 ab
454 1817 497 1844 his
516 1817 631 1849 laeditur,
648 1817 694 1843 sed
709 1823 756 1844 eas
768 1817 859 1851 potius
874 1816 944 1843 delet
960 1821 986 1844 et
1001 1825 1048 1844 ex-

265 1864 392 1891 terminat
413 1873 420 1890 :
450 1863 572 1890 homines
599 1867 698 1894 autem,
721 1861 788 1896 ipsis
813 1861 1000 1889 all‘ectionibus
1021 1863 1048 1889 in

266 1911 352 1943 illum,
366 1910 412 1945 qui
427 1916 520 1936 earum
534 1916 631 1943 expers
645 1913 696 1939 est,
710 1907 792 1934 veluti
808 1908 947 1935 translatis
962 1913 989 1935 et
1001 1909 1049 1935 de-

266 1957 337 1989 letis,
355 1956 389 1983 iis
402 1959 429 1982 et
448 1955 499 1989 ipsi
521 1954 598 1981 liberi
624 1954 723 1988 pariter
744 1953 771 1980 in
793 1958 952 1988 perpetuum
969 1954 1047 1987 liunt,

265 2001 493 2037 quemadmodum
514 2000 557 2027 his
570 1999 660 2027 verbis
675 1998 794 2026 Joannes
810 1999 888 2025 docet
901 2007 907 2025 :
926 1998 961 2024 Et
976 2000 1048 2027 scitis

262 2048 335 2083 quod
353 2047 398 2073 ille
411 2046 545 2081 apparuit,
557 2049 586 2071 ut
601 2049 708 2079 peccata
723 2048 813 2070 nostra
825 2044 937 2076 tolleret,
952 2050 976 2072 et
990 2054 1050 2080 pec-

301 2114 346 2149 "vl
359 2113 431 2141 Petr.
451 2121 487 2146 tv,
506 2113 532 2140 1.
570 2112 592 2128 ⁸⁸
611 2111 706 2139 Matth.
723 2119 798 2144 xxvx,
814 2111 858 2138 59.

1085 220 1129 246 διὰ
1145 218 1190 245 τὸν
1205 219 1234 244 ὲν
1251 218 1317 253 ἡμῖν
1334 216 1403 251 ὑπὲρ
1419 214 1498 250 ἡμῶν
1514 214 1657 248 γενόμενον
1670 213 1801 248 κατάραν·
1817 214 1859 241 καὶ

1087 265 1200 295 εἰκότως
1214 272 1257 297 γε.
1275 263 1381 297 Ὥσπερ
1397 261 1452 296 γὰρ
1465 261 1497 286 ὲκ
1511 260 1562 296 γῆς
1575 259 1651 290 ὄντες
1671 258 1766 290 πάντες
1786 260 1812 285 ἐν
1826 259 1859 294 τῷ

1094 311 1178 346 Ἀδὰμ
1192 309 1400 343 ἀποθνήσκομεν
1412 327 1419 339 ,
1441 306 1527 338 οὕτως
1550 305 1652 333 ἄνωθεν
1668 304 1696 336 ἐξ
1712 304 1800 336 ὓδατος
1819 305 1860 331 καὶ

1088 357 1242 391 πνεύματος
1259 353 1504 389 ἀναγεννηθέντες,
1532 353 1561 378 ὲν
1583 351 1622 386 τῷ
1642 350 1750 386 Χριστῷ
1771 350 1861 382 πάντες

1088 400 1304 436 ζωοποιούμεθα,
1316 400 1408 426 οὐκέτι
1423 398 1460 430 ὡς
1477 399 1584 433 γηῖνης,
1597 396 1664 423 ἀλλὰ
1681 396 1769 422 λοιπὸν
1785 396 1862 430 λογω-

1089 448 1181 482 θείσης
1198 448 1247 482 τῆς
1271 447 1371 481 σαρκὸς
1385 445 1430 472 διὰ
1445 445 1490 471 τὸν
1505 444 1552 471 τοῦ
1569 442 1636 469 Θεοῦ
1656 443 1739 476 Λόγον
1756 441 1818 477 (25),
1837 441 1864 473 ὃς

1089 494 1122 520 δι’
1133 494 1207 529 ἡμᾶς
1219 493 1327 527 ἐγένετο
1342 491 1419 528 σάρξ.

1125 593 1169 622 54.
1191 593 1251 619 Ἵνα
1264 591 1292 618 δὲ
1304 591 1351 618 καὶ
1364 591 1393 617 τὸ
1410 589 1513 621 ἀπαθὲς
1525 589 1574 623 τῆς
1588 586 1636 614 τοῦ
1653 587 1739 621 Λόγου
1755 585 1865 620 φύσεως,

1091 639 1199 671 καὶτὰς
1218 638 1261 665 διὰ
1281 638 1331 673 τὴν
1353 637 1440 672 σάρκα
1459 634 1606 669 λεγομένας
1628 632 1767 663 ἀσθενείας
1790 631 1866 658 αὐτοῦ

1090 684 1235 720 γινώσκειν
1251 691 1292 714 τις
1307 681 1499 718 ἀκριϐέστερον
1514 679 1563 714 ἔχῃ
1578 677 1645 713 (24),
1662 675 1744 720 καλὸν
1761 674 1868 720 ἀκοῦσαι

1090 719 1136 758 τοῦ
1153 729 1286 766 μακαρίου
1308 728 1422 763 Πέτρου·
1436 726 1590 758 ἀξιόπιστος
1608 723 1662 758 γὰρ
1686 719 1764 753 οὗτος
1778 719 1870 766 γένοιτ’

1090 775 1123 802 ἂν
1142 764 1246 810 μάρτυς
1260 773 1323 808 περὶ
1338 772 1384 798 τοῦ
1400 771 1523 806 Σωτῆρος
1534 777 1541 784 ·
1561 768 1662 804 γράφει
1681 767 1771 793 τοίνυν
1794 767 1821 792 ὲν
1839 764 1870 800 τῇ

1097 819 1239 855 Ἐπιστολῇ
1254 819 1350 853 λέγων·
1364 817 1489 853 Χριστοῦ
1501 815 1555 851 (25)
1569 813 1625 842 οὖν
1638 814 1787 846 παθόντος
1800 812 1872 845 ὑπὲρ

1093 866 1177 902 ’ἡμῶν
1195 866 1295 900 σαρκί.
1321 863 1424 891 Οὐκοῦν
1439 863 1484 889 καὶ
1502 863 1565 888 ὅταν
1582 861 1696 897 λέγηται
1711 860 1816 893 πεινᾷν,
1830 857 1873 884 καὶ

1094 912 1174 947 διψᾷν
1185 932 1192 941 .
1209 911 1256 938 καὶ
1282 911 1398 945 κάμνειν
1411 929 1419 942 ,
1436 908 1483 934 καὶ
1508 907 1545 942 μὴ
1571 906 1671 932 εἰδέναι
1686 924 1693 937 ,
1716 905 1764 931 καὶ
1784 903 1876 930 καθεύ-

1094 958 1149 984 δειν
1165 957 1232 992 (26),
1248 956 1295 983 καὶ
1311 955 1424 985 κλαίειν,
1446 953 1492 980 καὶ
1515 953 1610 983 αἰτεῖν,
1628 952 1677 978 καὶ
1694 949 1816 985 φεύγειν,
1833 947 1876 975 καὶ

1095 1002 1249 1037 γεννᾶσθαι,
1261 1002 1308 1028 καὶ
1322 999 1513 1036 παραιτεῖσθαι
1529 997 1558 1024 τὺ
1575 997 1717 1032 ποτήριον,
1729 996 1777 1022 κα).
1791 994 1878 1025 ἁπλῶς

1095 1049 1182 1075 πάντα
1201 1049 1236 1076 τὰ
1258 1047 1307 1083 τῆς
1327 1046 1447 1082 σαρκὸς,
1469 1044 1578 1080 λεχθείη
1603 1044 1636 1070 ἂν
1661 1041 1818 1073 ἀκολούθως
1840 1039 1878 1073 ἐφ’

1096 1097 1224 1122 ὲκάστοψ
1244 1093 1362 1129 Χριστοῦ
1379 1090 1425 1119 οὖν
1443 1091 1587 1122 πεινῶντος
1606 1092 1653 1117 κα)¹
1670 1089 1802 1124 διψῶντος
1816 1087 1881 1122 ὑπὲρ

1095 1141 1173 1178 ἡμῶν
1191 1141 1290 1176 σαρκί·
1313 1140 1361 1166 καὶ
1380 1139 1416 1175 μὴ
1432 1139 1531 1165 εἰδέναι
1544 1138 1671 1172 λέγοντος
1692 1137 1750 1172 (27)
1771 1136 1816 1162 καὶ
1834 1137 1880 1171 ῥα-

1097 1186 1244 1222 πιζομένου
1258 1206 1264 1217 ,
1283 1185 1330 1212 καὶ
1350 1186 1498 1220 κάμνοντος
1521 1184 1591 1218 ὑπὲρ
1613 1183 1693 1218 ἡμῶν
1718 1182 1816 1217 σαρκί·
1840 1179 1882 1206 καὶ

1096 1233 1247 1268 ὑψουμένου
1272 1231 1362 1264 πάλιν,
1390 1232 1436 1257 κα).
1450 1230 1617 1264 γεννωμένου
1629 1249 1636 1261 ,
1662 1228 1710 1256 καὶ
1727 1227 1882 1259 αὑξάνοντος

1098 1278 1199 1314 σαρκί·
1223 1278 1270 1304 κα).
1293 1275 1478 1312 φοϐουμένου,
1499 1274 1545 1301 καὶ
1566 1274 1760 1309 κρυπτομένου
1788 1271 1881 1307 σαρκί·

1096 1324 1143 1351 καὶ
1154 1324 1288 1357 λέγοντος,
1298 1323 1332 1349 El
1345 1321 1483 1350 δυνατὸν,
1499 1319 1670 1353 παρελθέτω
1681 1319 1733 1346 ἀπ’
1747 1318 1819 1353 ἐμοῦ
1831 1315 1883 1351 (28)

1096 1368 1129 1395 τὸ
1151 1366 1291 1401 ποτήριον
1311 1366 1416 1398 τοῦτο,
1438 1365 1486 1391 καὶ
1510 1363 1693 1398 τυπτομένου,
1715 1363 1763 1389 καὶ
1786 1361 1885 1397 λαμεὰ-

1098 1422 1187 1444 νοντος
1217 1412 1287 1447 ὑπὲρ
1302 1411 1379 1446 ἡμῶν
1393 1410 1489 1445 σαρκί·
1508 1409 1553 1436 καὶ
1567 1409 1635 1440 ὅλως
1649 1409 1742 1435 πάντα
1754 1408 1789 1435 τὰ
1798 1406 1884 1435 τοιαῦ-

1098 1468 1132 1486 τα
1147 1458 1201 1493 (29)
1226 1458 1301 1492 ὑπὲρ
1327 1456 1413 1491 ἡμῶν
1430 1457 1530 1490 σαρκί.
1561 1456 1616 1482 Καὶ
1631 1456 1688 1491 γὰρ
1709 1455 1758 1482 κα).
1779 1453 1856 1484 αὐτὸς
1873 1452 1887 1479 ὕ

1106 1504 1263 1535 Ἀπόστολος
1279 1503 1322 1530 διὰ
1339 1502 1410 1529 τοῦτ’
1427 1502 1530 1537 εἴρηκε,
1551 1502 1683 1535 Χριστοῦ
1703 1499 1763 1529 οὖν
1783 1498 1888 1527 παθόν-

1098 1558 1148 1582 τος
1167 1550 1203 1576 οὑ
1220 1549 1346 1582 θεότητι,
1361 1548 1430 1575 ἀλλ’
1447 1547 1523 1580 ὑπὲρ
1546 1546 1631 1581 ἡμῶν
1658 1547 1764 1581 σαρκὶ,
1786 1546 1830 1573 ἴνα
1854 1543 1888 1579 μὴ

1099 1594 1182 1621 αὑτοῦ
1197 1594 1244 1621 τοῦ
1262 1594 1350 1628 Λόγου
1368 1593 1421 1619 ἴδια
1442 1593 1513 1619 κατὰ
1535 1591 1626 1627 φύσιν,
1653 1592 1715 1618 ἀλλ’
1741 1592 1827 1626 αὐτῆς
1843 1589 1890 1624 τῆς

1099 1639 1199 1674 σαρκὸς
1216 1639 1269 1665 ἴδια
1294 1637 1374 1672 φύσει
1392 1637 1426 1663 τὰ
1448 1637 1522 1672 πάθη
1548 1636 1720 1672 ἐπιγνωσθῇ.
1740 1635 1788 1671 Μὴ
1803 1635 1891 1661 τοίνυν

1098 1685 1130 1711 ἐχ
1145 1684 1198 1710 τῶν
1214 1683 1391 1719 ἀνθρωπίνων
1415 1690 1458 1713 τις
1476 1680 1716 1714 σκανδαλιζέσθω,
1733 1681 1804 1708 ἀλλὰ
1826 1679 1891 1715 μᾶλ-

1098 1729 1143 1756 λον
1157 1728 1322 1762 γινωσκέτω,
1344 1728 1382 1759 ὡς
1399 1728 1448 1762 τὴν
1469 1727 1548 1760 φύσιν
1562 1725 1645 1758 αὐτος
1672 1727 1688 1752 ό
1713 1727 1802 1761 Λόγος
1824 1725 1891 1752 ἁπα-

1101 1773 1150 1809 θής
1166 1775 1233 1805 ἐστι,
1253 1774 1298 1799 καὶ
1313 1774 1388 1808 ὅμως
1400 1773 1455 1807 (50)
1465 1772 1500 1798 δι’
1515 1772 1548 1807 ῆν
1565 1771 1715 1798 ἐνεδύσατο
1734 1772 1836 1807 σάρκα,
1853 1770 1893 1797 λέ-

1100 1827 1177 1853 γεται
1208 1818 1270 1854 περ).
1286 1818 1368 1844 αὐτοῦ
1390 1818 1494 1850 ταῦτα,
1521 1817 1614 1852 ἐπειδὴ
1635 1817 1693 1852 τῆς
1717 1818 1768 1853 μὲν
1793 1815 1892 1852 σαρκὸς

1102 1865 1154 1891 ἴδια
1170 1865 1265 1897 ταῦτα,
1279 1864 1326 1891 τοῦ
1339 1865 1367 1891 δὲ
1384 1865 1509 1900 Σωτῆρος
1522 1863 1586 1890 ἴδιον
1600 1864 1671 1890 αὐτὸ
1685 1864 1718 1891 τδ
1733 1864 1824 1899 σῶμα.
1842 1863 1893 1889 Καὶ

1101 1911 1182 1943 αὐτὸς
1201 1911 1249 1946 μὲν
1264 1911 1373 1946 ἀπαθὴς
1393 1910 1442 1946 τὴν
1459 1910 1549 1944 φύσιν,
1572 1910 1610 1941 ὠς
1627 1909 1691 1936 ἔστι
1716 1910 1788 1945 (51),
1803 1907 1893 1944 διαμέ-

1099 1965 1149 1988 νει,
1169 1956 1206 1992 μὴ
1228 1956 1413 1992 βλαπτόμενος
1429 1956 1483 1982 ἀπὸ
1509 1956 1621 1987 τούτων,
1641 1955 1715 1982 ἀλλὰ
1736 1955 1838 1991 μᾶλλον
1854 1954 1891 1987 ἑξ-

1100 2002 1237 2036 αφανίζων
1249 2002 1296 2028 καὶ
1311 2001 1451 2028 ἀπολλύων
1459 2002 1537 2028 αὐτὼ
1546 2001 1571 2028 οἱ
1582 2001 1610 2028 δὲ
1622 2002 1784 2038 ἄνθρωποι,
1796 2001 1834 2034 ὡς
1842 1999 1893 2036 (52)

1100 2049 1140 2080 εἰς
1155 2048 1200 2076 τὸν
1221 2048 1315 2083 ἀπαθῆ
1340 2048 1513 2084 μεταϐάντων
1529 2047 1619 2075 αὐτῶν
1646 2048 1704 2075 τῶν
1734 2048 1831 2074 παθῶν
1851 2046 1894 2073 καὶ

303 2169 360 2203 (22)
374 2168 419 2195 Sic
436 2168 536 2203 Regius
549 2168 666 2203 primus,
686 2166 844 2202 Seguerian.
863 2171 890 2194 et
907 2167 1045 2195 conciliurr

1103 2177 1143 2200 το,
1161 2169 1208 2194 καὶ
1223 2177 1399 2203 τυπτομενου.

268 2203 445 2239 Ephesinum.
460 2203 511 2230 Alii
523 2211 588 2230 vero
600 2211 661 2230 cum
671 2203 764 2239 editis,
778 2203 809 2239 δι’
822 2203 969 2238 ἁμαρτιας.
987 2203 1049 2239 lllox

285 2237 329 2266 ost
350 2238 493 2273 γενόμενον
515 2239 635 2273 κατάραν
661 2237 759 2265 desinit
785 2237 862 2265 locus
884 2237 911 2265 in
933 2237 1049 2266 concilio

261 2272 403 2309 'Ephesiuo
416 2272 445 2301 et
457 2272 680 2309 Chalcedonensi.

304 2308 359 2344 (25)
374 2307 439 2344 Beg.
453 2310 480 2341 ‘2,
494 2307 687 2344 θινΒοεὶΙἹδιὰ
700 2306 745 2344 τόν
761 2306 826 2334 Θεὸν
834 2307 938 2344 ξΛόγον,

303 2342 359 2378 (⁷24)
378 2342 478 2379 Regius
491 2343 605 2379 primus,
621 2342 813 2379 Seguerianus,
828 2342 1009 2379 Gohlerianus
1023 2347 1050 2371 et

261 2377 463 2411 ~Felckmanfl,
479 2377 600 2414 γινώρκῃ
612 2387 653 2414 τις
661 2377 953 2414 ίάκριὸέστερονᾲέχειν.
985 2379 989 2383 ”

295 2414 359 2448 ’(25)
374 2414 482 2441 Gobler.
496 2417 523 2441 et
536 2412 609 2441 Felc.
623 2413 649 2446 1,
663 2412 726 2448 περὶ
740 2412 785 2438 τοῦ
802 2412 925 2447 Σωτῆρος
937 2413 1049 2448 γράφων

260 2448 362 2480 οὕτως’
377 2448 506 2484 Χριστοῦ,
514 2453 569 2484 etc.

303 2484 359 2519 (26)
372 2481 426 2510 Kal
438 2483 576 2519 καθεύδειν
588 2482 666 2510 deest
686 2482 713 2509 in
725 2481 880 2519 (ioblerian.
894 2486 920 2519 et
935 2481 1007 2510 Felc.
1023 2483 1048 2519 l,

263 2516 404 2580 ‘iigltem'que
419 2519 486 2546 ibid.
502 2522 529 2546 et
550 2517 616 2553 Reg.
635 2519 647 2545 1
660 2537 668 2551 ,
684 2524 716 2544 ac
732 2516 844 2552 Seguer.
857 2518 986 2544 omittunt
1004 2517 1050 2544 καὶ

268 2562 285 2580 α
313 2562 361 2580 ειν.

261 2561 361 2580 αιτειν.

288 2588 361 2649 πὲῒι)
378 2587 441 2630 1190
461 2588 561 2622 verba,
584 2586 621 2623 μὴ
643 2586 741 2614 ειδέναι
759 2586 898 2628 λέγοντος,
922 2592 949 2614 et
967 2594 1029 2614 mox
1040 2607 1048 2619 ,

324 2632 339 2649 ο
352 2624 430 2649 ἡμων
444 2623 535 2649 σαοκί.
552 2623 650 2649 absunt
667 2630 682 2649 a
703 2622 856 2649 Goblertan.
873 2626 900 2648 et
915 2621 1006 2649 Felck.
1022 2623 1048 2649 1.

267 2621 430 2659 ᾧπὲργὴμῶν
444 2623 535 2659 σαρκί,
552 2621 650 2659 absunt
667 2630 682 2649 a
703 2622 856 2659 Goh‘lerian.
873 2626 900 2648 et
915 2621 1006 2659 Felclt.
1022 2623 1048 2649 1.

268 2657 330 2685 Μοή
346 2657 446 2693 Regius
459 2657 574 2693 primus,
584 2657 697 2693 Seguer.
711 2661 740 2693 et
751 2657 905 2693 Anglican.,
919 2657 1049 2693 αὐξάνον-

267 2701 313 2723 τος
329 2692 419 2729 σαρκί.
436 2692 470 2720 At
485 2693 565 2729 σαρκί
581 2693 658 2720 deest
674 2692 701 2719 in
718 2692 779 2720 aliis
798 2697 824 2719 et
838 2692 927 2719 editis.
939 2692 1047 2719 Goblcr.

268 2733 295 2754 et
310 2728 381 2756 Felc.
396 2729 422 2756 1.
436 2728 565 2755 omittunt
583 2728 645 2755 item
672 2727 752 2756 σαρκί
775 2731 835 2756 post
849 2727 1046 2756 κρυπτομένου.

375 2748 381 2755 .
396 2736 422 2760 1,
436 2736 565 2755 omittunt
583 2736 645 2755 “8m
672 2736 752 2760 σαρκι
775 2736 835 2760 Ροὸῐ
849 2736 1046 2760 κρυπτομενου.

310 2735 381 2756 relc.
396 2735 422 2760 1,
436 2735 565 2755 omittunt
583 2735 645 2755 Item
672 2735 752 2762 σαρκι
775 2735 835 2762 post
849 2735 1046 2762 κρυπτομενου.

305 2764 360 2797 (28)
387 2763 445 2789 Ἀπ’
459 2763 526 2797 ὲμοῦ
541 2763 616 2790 deest
628 2763 655 2789 in
671 2762 737 2797 Reg.
755 2762 767 2788 1
784 2767 809 2788 et
824 2762 936 2796 Seguer.
954 2763 1050 2789 Iidem-

269 2805 322 2833 quc
337 2799 436 2826 ibidem
450 2803 476 2824 et
492 2797 598 2825 Gobler.
616 2805 647 2824 ac
669 2797 786 2825 Fclckm.
806 2797 816 2823 l
836 2798 975 2832 omittunt,
988 2798 1048 2824 τοῦ-

1139 2203 1194 2239 (29)
1216 2201 1326 2238 Seguer.
1342 2203 1449 2239 Gobler.
1460 2201 1579 2239 Eelckm.
1594 2202 1607 2229 1
1620 2208 1650 2230 et
1663 2203 1683 2230 2
1698 2205 1837 2232 omittunt
1853 2204 1896 2231 καὶ

1100 2237 1168 2275 {ita};
1181 2237 1269 2275 παντᾷ
1283 2238 1316 2265 τὰ
1326 2238 1449 2275 τοῃῆτᾳ.
1465 2237 1542 2275 Αιηίη
1559 2241 1685 2275 utroque
1703 2239 1806 2275 Regio,
1823 2239 1897 2275 Basi-

1101 2273 1181 2312 liens.
1193 2273 1343 2312 Anglic._et
1359 2272 1478 2312 Felckm.
1496 2272 1523 2312 5ῑ
1537 2276 1639 2312 praeter
1655 2274 1705 2301 illa
1721 2272 1808 2312 verba
1822 2274 1899 2312 addi-

1098 2314 1145 2344 tur
1171 2307 1331 2344 pater)va
1343 2307 1435 2343 σαρκί,
1452 2307 1525 2344 quod
1541 2307 1567 2344 in
1583 2307 1650 2335 aliis
1666 2312 1696 2344 et
1712 2310 1797 2338 editis
1813 2310 1898 2337 deest.

1100 2316 1145 2335 tur
1171 2316 1331 2349 οπερημων
1343 2316 1435 2343 σαρκι,
1452 2316 1525 2369 ἓυοα
1541 2316 1567 2347 in
1583 2316 1650 2335 atus
1666 2316 1696 2335 et
1712 2316 1797 2338 editis
1813 2316 1898 2337 uecss.

1100 2343 1280 2380 Moxﬁkegtus
1294 2343 1399 2380 pr_imus
1412 2348 1444 2380 et
1473 2349 1652 2380 eguertanus,
1668 2343 1810 2380 5t&7105‘t'
1824 2344 1899 2380 εῐρη-

1100 2386 1147 2405 κε’
1163 2376 1279 2413 Χριστοῦ
1294 2376 1352 2404 ὀὖν
1375 2376 1510 2413 παθόντος
1523 2377 1554 2403 οὺ
1571 2376 1699 2413 θεότητι.
1716 2376 1900 2408 Goblerianus

1100 2418 1127 2440 et
1145 2411 1320 2449 Fclckmanni
1343 2413 1457 2449 primus,
1468 2412 1519 2449 __6tdt
1543 2411 1623 2449 τοῦτο
1635 2411 1744 2449 εἴρηκε
1757 2423 1764 2430 ·
1783 2412 1900 2449 Χριστοῦ

1100 2447 1232 2480 παθόντος
1256 2449 1285 2474 οὺ
1310 2446 1425 2482 θεότητι.
1442 2447 1495 2482 Alii
1521 2446 1677 2482 etpeditio'
1691 2446 1843 2481 Commel.,
1859 2449 1901 2475 διὰ

1099 2482 1178 2510 τοῦτο
1192 2484 1241 2519 ουκ
1257 2483 1365 2519 εῐρῃκε·
1381 2481 1498 2519 Χριστοῦ
1511 2481 1652 2519 παθόντος
1669 2482 1795 2519 θεότητι.

1136 2519 1191 2554 (50)
1211 2516 1326 2554 Re.ng
1351 2521 1378 2554 et
1401 2516 1493 2554 editio
1507 2516 1646 2554 Commel.
1667 2519 1719 2544 καὶ
1743 2516 1825 2551 ὅλως.
1839 2517 1901 2545 Mox

1100 2550 1186 2580 Basil.'
1199 2550 1428 2588 ροςῖπερὶῗαὺτοῦ
1441 2551 1542 2588 omittit
1555 2550 1658 2588 τεῦτα,

1101 2585 1278 2649 ἐΰξου-[ωε.
1288 2585 1314 2620 1,
1328 2587 1439 2623 Seguer.
1452 2585 1561 2614 Gohler.
1576 2585 1676 2614 Felck.
1687 2587 1702 2614 1
1718 2588 1851 2616 omittunt
1865 2586 1900 2618 ὡς

1116 2631 1167 2649 στι.

1136 2658 1190 2698 (52)
1210 2657 1382 2698 εἰρηξίθεῑ-ιιε
1403 2657 1511 2698 primus
1536 2654 1858 2698 et_Seg_uerianus._A_t
1875 2655 1900 2682 in

1101 2691 1161 2720 aliis
1182 2691 1209 2720 ct
1230 2693 1310 2720 editis
1325 2691 1412 2719 ‘deest
1423 2691 1469 2723 ὡς.
1487 2691 1547 2718 Mox
1563 2691 1756 2726 Anglicanus,
1775 2693 1824 2720 καὶ
1834 2694 1901 2720 ἀπο-

1100 2729 1263 2764 λειμμένων,
1276 2727 1466 2764 mendOse._At
1480 2726 1583 2764 Regius
1609 2728 1738 2764 primus.
1754 2727 1900 2763 Segueria-

1101 2761 1151 2790 nus
1164 2761 1190 2790 et
1205 2764 1286 2790 editio
1300 2762 1527 2793 Commeliniana,
1542 2761 1590 2788 καὶ
1611 2761 1849 2799 ἀπηλειμμένὶυν.
