1964 3038
238 123 286 150 liii

520 120 550 148 S.
572 119 757 147 ATHANASII
777 119 851 147 OPP.
873 118 964 146 PARS
983 117 1003 145 I.
1025 133 1059 138 —
1079 115 1265 144 HISTORICA
1281 114 1326 142 ET
1345 113 1556 142 DOGMATICA.

1803 112 1857 139 ‘5!

275 181 319 207 6t.
341 178 433 215 Itaque
450 179 472 206 si
485 178 572 206 Filius
591 178 661 205 alius
679 182 720 204 est
739 184 754 204 a
776 177 858 204 rebus
871 177 997 204 omnibus
1011 196 1018 209 ,

1106 175 1150 201 6|.
1165 173 1268 200 Οὐκοῦν
1287 173 1311 199 εί
1330 172 1409 204 ἄλλος
1423 171 1481 198 ἐστὶ
1499 171 1553 198 τῶν
1569 170 1676 197 πάντων
1693 169 1788 204 ὥσπερ
1809 164 1858 195 καὶ

239 227 279 254 ιιιί
299 230 377 253 antea
393 225 535 260 probatum
557 227 614 255 est,
632 223 776 257 potiusque
792 229 872 256 opera
891 230 938 255 per
959 229 1022 249 eum

240 273 310 300 facta
329 275 407 302 sunt;
423 269 494 296 absit
505 274 535 296 ut
549 269 688 295 voluntate
706 268 812 294 dicatur
828 267 974 299 exstitisse,
989 274 1023 293 ne

240 318 297 353 ipse
312 317 405 344 eodem
418 315 499 342 modo
515 315 561 342 fiat
572 334 579 346 ,
594 321 648 349 quo
662 321 704 345 ea,
717 321 778 348 qua:
791 321 838 348 per
852 314 939 348 ipsum
952 313 1023 340 facta

239 367 320 395 sunt,
337 361 506 397 prodierunt.
528 359 650 395 Namque
669 359 770 386 Paulus
788 367 836 394 per
855 359 1023 386 voluntatem

239 408 286 436 Dei
307 408 446 442 apostolus
470 411 563 441 postea
588 406 677 433 factus
693 410 734 432 est
748 405 781 438 ",
807 412 869 431 cum
894 404 919 431 id
943 409 1022 432 antea

238 463 292 482 non
307 458 389 482 esset.
403 452 515 481 Vocatio
532 453 595 479 item
609 457 715 484 nostra,
731 459 792 479 cum
808 451 955 486 aliquando
968 459 1021 478 non

239 498 330 530 fuerit,
347 504 420 525 nunc
441 501 531 524 autem
550 496 621 523 facta
638 496 692 526 sit,
716 495 918 527 antecedentem
943 495 1024 522 habet

239 543 287 571 Dei
304 543 482 575 voluntatem,
498 546 534 573 et,
549 546 579 569 ut
594 541 663 568 idem
679 541 782 568 Paulus
798 540 918 575 loquitur
930 540 963 572 ",
981 547 1023 567 se-

240 590 361 617 cundum
377 589 545 624 propositum
562 587 621 622 ejus
635 587 782 614 voluntatis
796 587 868 613 facta
884 590 935 613 est.
949 585 1022 613 Prte-

240 639 325 666 terea,
344 634 416 669 quod
439 641 487 668 per
513 632 633 668 Moysem
656 632 766 664 dicitur,
792 631 856 658 Fiat
879 631 926 657 lux
941 631 961 664 ¹,
985 635 1021 664 et,

239 680 375 707 l’roducat
399 679 503 712 terra‘,
525 682 562 710 et,
589 678 732 705 Faciamus
761 679 890 705 hominem
901 679 922 710 ⁸,
947 678 1023 713 signa

239 734 303 754 reor
318 733 389 757 esse,
405 724 633 760 quemadmodum
650 732 731 759 supra
745 725 846 751 dictum
862 729 914 757 est,
931 724 1024 751 volun-

240 773 305 800 tatis
317 772 465 800 Creatoris.
482 770 549 797 Nam
557 778 589 798 ea
604 770 724 806 quidem,
737 778 797 805 qum
813 771 958 805 aliquando
969 779 1022 798 non

240 822 329 851 erant,
346 817 393 844 sed
409 817 579 844 extrinsecus
591 820 684 851 postea
705 817 783 849 fiunt,
801 815 891 844 facere
911 816 1023 844 Creator

239 862 399 890 deliberat:
427 869 489 889 cum
514 866 605 889 autem
633 860 751 889 Verbum
775 869 853 889 suum
875 869 909 889 ex
934 862 1024 897 seipso

240 913 336 936 natura
353 908 448 944 gignit,
463 909 590 943 pmviam
607 908 708 936 nullam
725 909 834 936 adhibet
848 909 1022 937 deliberatio-

240 962 312 982 nem.
333 953 471 989 Siquidem
485 955 514 982 in
528 962 560 982 eo
575 953 655 982 Pater
669 955 732 986 alia,
746 963 913 990 quaecunque
924 956 1024 991 produ-

239 1008 302 1028 cere
317 1000 422 1034 statuit,
442 1000 507 1029 facit
529 1005 557 1028 et
577 1005 651 1028 creat
668 1009 675 1027 :
692 1000 731 1028 uti
747 1009 796 1029 nos
810 1002 891 1029 etiam
905 1001 1024 1030 Iacobus

240 1047 381 1082 apostolus
395 1047 437 1074 his
450 1046 540 1075 verbis
554 1047 642 1079 docet,
661 1046 754 1074 Volem
770 1048 859 1083 genuit
872 1056 920 1074 nos
941 1047 1023 1075 Verbo

239 1094 360 1120 veritatis
373 1093 393 1119 ⁸.
409 1093 502 1128 Itaque
525 1093 573 1121 Dei
591 1093 728 1127 voluntas,
744 1102 805 1129 quae
819 1094 876 1122 sive
893 1094 954 1122 illos
977 1094 1024 1130 qui

241 1143 443 1174 regenerantur,
460 1140 516 1167 sive
537 1147 570 1167 ea
585 1147 646 1175 qua
668 1140 751 1168 semel
771 1140 840 1167 fiunt
860 1144 974 1174 spectat,
995 1140 1024 1167 in

241 1184 331 1212 Verbo
344 1188 396 1217 est,
412 1185 440 1211 in
458 1193 513 1220 quo
533 1192 587 1216 res,
603 1190 683 1220 prout
698 1186 749 1214 sibi
764 1186 905 1220 placuerit,
919 1185 983 1213 facit
995 1185 1025 1213 'et

240 1234 398 1264 regenerat,
418 1234 448 1257 ut
469 1230 615 1264 Apostolus
643 1231 677 1258 ad
705 1230 961 1258 Thessalonicenses
981 1231 1024 1258 his

239 1274 331 1302 verbis
342 1275 447 1306 scribit,
467 1274 530 1302 Hm:
544 1280 582 1302 est
600 1276 668 1302 enim
682 1275 802 1303 uoluntas
816 1275 864 1302 Dei
880 1276 908 1302 in
920 1275 1025 1303 Christo

239 1320 306 1348 Jeut
323 1329 386 1356 ergo
401 1329 444 1348 vos
457 1322 477 1348 '.
495 1320 581 1349 Porro
596 1322 619 1349 si
637 1322 670 1354 is,
687 1322 714 1348 in
731 1329 786 1356 quo
799 1329 842 1349 res
857 1321 927 1350 Deus
942 1321 1024 1354 facit,

241 1367 314 1394 idem
330 1371 372 1394 est
386 1366 414 1393 itt
430 1373 484 1401 quo
499 1367 558 1401 ejus
573 1367 698 1395 voluntas
712 1371 769 1400 est;
785 1367 808 1395 si
823 1368 887 1394 item
902 1367 930 1394 in
945 1366 1025 1394 Chri-
1045 1394 1048 1398 ,

241 1414 283 1436 sto
296 1409 420 1437 voluntas
433 1409 521 1438 Patris
535 1414 594 1438 est:
607 1411 654 1446 qui
671 1411 728 1438 fieri
745 1415 835 1446 potest
849 1417 879 1439 ut
897 1411 956 1446 ipse
974 1419 1025 1439 vo-

240 1454 344 1482 Iuntate
362 1458 389 1483 et
409 1455 492 1492 E85
515 1456 628 1484 arbitrio
649 1456 736 1485 factus
760 1457 817 1484 sit?
837 1456 905 1484 Nam
924 1457 948 1485 si
968 1457 1027 1492 ipse

241 1502 389 1529 secundum
406 1509 452 1530 vos
465 1503 602 1530 voluntate
618 1502 706 1531 factus
724 1509 765 1531 est
777 1523 785 1535 ,
805 1511 918 1531 necesse
935 1507 976 1531 est
998 1508 1027 1532 ut

239 1547 370 1574 voluntas
393 1554 454 1574 eum
474 1548 584 1574 creandi
607 1548 634 1575 in
659 1548 712 1575 alio
733 1548 852 1583 quodam
867 1549 960 1581 verbo,
979 1557 1027 1584 per

240 1591 313 1627 quod
333 1597 360 1619 et
380 1592 437 1626 ipse
452 1592 514 1623 ﬁat.
536 1593 726 1622 constituatur.
749 1594 888 1630 Siquidem
908 1595 1028 1622 ostendi-

239 1645 301 1666 mus
314 1637 362 1666 Dei
375 1638 540 1666 voluntatem
557 1646 613 1666 non
630 1639 658 1666 in
674 1640 755 1668 rebus
769 1648 829 1675 qua:
844 1640 921 1673 ﬁunt,
937 1641 984 1668 sed
998 1641 1026 1668 in

239 1683 287 1711 illo
303 1691 365 1712 esse
386 1692 433 1719 per
449 1693 529 1719 quem
548 1690 575 1713 et
596 1686 624 1712 in
647 1693 703 1720 quo
727 1694 771 1714 res
797 1687 877 1714 fiunt.
894 1686 1026 1714 Praterea

239 1728 461 1764 quandoquidem
487 1729 558 1757 idem
579 1730 732 1765 estdicere
746 1731 885 1759 voluntate
908 1732 1026 1767 aliquem

241 1773 435 1808 factum-esse,
451 1779 479 1802 et
501 1774 587 1804 fuisse
606 1776 752 1811 aliquando
772 1784 835 1804 cum
856 1785 910 1804 non
932 1782 1026 1811 esset;

241 1819 308 1847 satis
320 1819 373 1847 illis
384 1820 419 1848 sit
434 1820 568 1850 aﬂirmare
588 1821 671 1850 fuisse
683 1823 829 1858 aliquando
844 1831 905 1850 cum
918 1831 972 1851 non
982 1831 1026 1851 es-

239 1870 292 1899 set,
308 1872 337 1895 ut
350 1868 453 1902 pudore
467 1869 574 1902 sudusi,
590 1869 663 1904 quod
680 1870 836 1905 hujusmodi
849 1869 943 1898 Verbis
959 1875 1027 1898 tem-

239 1921 307 1950 pora
327 1915 523 1951 significentur,
547 1916 699 1951 intelligant
722 1924 761 1949 se,
782 1923 844 1944 cum
860 1915 959 1944 Filium
979 1924 1027 1944 vo—

240 1959 344 1987 luntate
367 1959 468 1988 factum
482 1967 544 1988 esse
560 1961 663 1994 dicunt,
678 1965 800 1996 tempora
820 1961 946 1989 similiter
964 1968 1026 1990 ante

240 2003 338 2032 Filium
350 2005 487 2033 exstitisse
499 2005 662 2041 signiﬁcare.
682 2006 729 2034 His
743 2007 826 2039 cnim,
837 2007 1027 2042 qutealiquan-

240 2051 278 2078 do
294 2059 348 2080 non
367 2051 488 2090 fuerunt,
500 2056 530 2079 ut
541 2052 668 2080 omnibus
689 2052 770 2080 rebus
791 2053 902 2085 creatis,
915 2053 1026 2080 omnino

239 2098 376 2125 antecedlt
397 2090 566 2126 deliberatio].
581 2097 610 2124 Si
626 2105 691 2125 vero
708 2097 823 2126 Verbum
841 2106 931 2126 rerum
948 2107 1025 2126 crea-

240 2147 329 2168 tarum
340 2146 382 2169 est
392 2142 492 2177 opifex,
507 2147 587 2178 atque
598 2150 652 2170 una
665 2150 727 2170 cum
742 2143 823 2171 Patre
838 2141 945 2171 exsistit
957 2154 964 2172 :
978 2145 1024 2180 qui

239 2186 290 2218 Illi.
303 2187 349 2222 qui
361 2187 396 2214 ab
409 2188 559 2216 aeternitate
576 2188 693 2221 exsistit,
708 2189 786 2224 quasi
805 2189 862 2224 ipse
875 2194 953 2217 antea
971 2198 1025 2218 non

275 2243 297 2260 "
310 2243 321 2269 ι
333 2242 396 2271 Cor.
411 2251 431 2278 ι,
448 2244 474 2271 1.
512 2245 534 2261 ³·
553 2244 654 2280 Ephes.
669 2253 689 2278 ι,
702 2245 730 2273 5.
762 2245 771 2261 ¹
787 2245 856 2274 Gen.
870 2254 889 2279 ι,
905 2247 931 2274 5.

984 2246 1072 2274 ‘tbid.
1093 2247 1136 2273 II.

1073 221 1102 247 tv
1115 221 1169 251 τοῖς
1179 219 1247 254 (24‘)
1257 219 1310 254 πρὸ
1322 218 1424 244 τούτων
1437 217 1556 252 ἐδείχθη,
1568 216 1615 243 καὶ
1629 215 1729 251 μᾶλλον
1740 214 1775 241 τὰ
1789 213 1858 250 ἔργα

1072 266 1104 293 δι’
1114 265 1196 292 αὑτοῦ
1208 265 1313 299 γέγονε,
1329 264 1366 300 μὴ
1379 263 1500 298 λεγέσθω
1516 262 1641 298 βουλήσει
1654 282 1662 293 ,
1688 261 1732 287 ἵνα
1753 261 1790 296 μὴ
1810 260 1858 286 καὶ

1073 312 1153 343 αὐτὸς
1169 310 1256 342 οὕτως
1271 310 1380 344 γίνηται
1393 330 1400 342 ,
1417 309 1511 343 ὥσπερ
1525 308 1572 334 καὶ
1587 307 1622 334 τὰ
1633 307 1666 333 δι’
1681 306 1764 333 αὐτοῦ
1784 306 1860 339 γενό-

1074 366 1142 393 μενα
1155 358 1279 392 συνέστη.
1297 357 1351 382 Καὶ
1365 355 1418 391 γὰρ
1432 356 1446 381 ό
1463 355 1512 390 μὲν
1525 354 1641 386 Παῦλος,
1665 353 1714 380 οὐκ
1735 352 1772 379 ὢν
1790 351 1859 387 πρός

1071 412 1159 439 τερον,
1175 402 1287 437 ὕστερον
1301 403 1376 437 ὅμως
1387 401 1431 428 διὰ
1454 400 1606 437 θελήματος
1624 398 1690 426 Θεοῦ
1712 397 1861 428 ἀπόστολος

1072 449 1182 484 γέγονεν
1193 457 1200 464 ·
1218 450 1234 484 ή
1249 449 1277 475 δὲ
1292 448 1388 483 κλῆσις
1405 447 1485 483 ἡμῶν
1496 466 1504 479 ,
1518 446 1566 485 ηῶς
1584 454 1649 472 ποτε
1665 445 1711 472 καὶ
1734 444 1802 479 αὐτὴ
1822 443 1860 478 μὴ

1071 495 1149 529 οὖσα,
1165 497 1212 524 νῦν
1230 497 1258 522 δὲ
1273 495 1452 531 ἐπιγενομένη
1467 514 1475 527 ,
1500 493 1707 529 προηγουμένην
1731 491 1787 526 ἔχει
1809 490 1860 524 τήν

1073 543 1198 578 βούλησιν
1219 541 1274 576 (25)
1287 561 1295 574 ,
1312 542 1359 568 καὶ
1377 540 1416 572 ὥς
1430 540 1511 572 αὐτὸς
1531 539 1611 566 πάλιν
1627 539 1642 564 ὁ
1658 536 1762 568 Παῦλός
1780 543 1859 570 φησι,

1073 588 1143 616 κατὰ
1159 588 1208 623 τήν
1224 587 1349 614 εὐδοκίαν
1364 586 1411 614 τοῦ
1424 585 1575 621 θελήματος
1593 583 1674 611 αὑτοῦ
1693 583 1800 617 γέγονε.
1822 580 1860 607 Τό

1071 634 1177 669 τε(25’)
1192 633 1236 660 διὰ
1248 633 1366 664 Μωσέως
1385 629 1706 666 λεγόμενον,Γενηθήτω
1720 627 1858 662 φῶςριαὶ,

1079 679 1259 715 Ἐξαγαγέτω
1269 680 1288 711 ὴ
1296 679 1344 714 γῆ,
1354 679 1410 710 καὶ,
1421 677 1594 712 Ποιήσωμεν
1601 676 1765 710 ἄνθρωπον,
1777 673 1860 710 ἡγοῦ-

1074 736 1122 762 μαι
1137 726 1204 762 (26),
1222 726 1293 753 καθὰ
1311 725 1359 752 καὶ
1373 725 1402 751 tv
1418 725 1473 756 τοῖς
1494 723 1647 759 ἔμπροσθεν
1667 722 1784 757 εἴρηται,
1807 720 1860 754 τῆς

1074 773 1224 808 βουλήσεως
1238 771 1285 799 τοῦ
1299 770 1439 802 ποιοῦντος
1451 768 1520 796 εἷναι
1532 768 1612 795 τοῦτο
1631 767 1805 803 σημαντικόν.
1818 765 1860 792 Τὰ

1075 821 1122 854 μὲν
1137 819 1191 854 γὰρ
1215 818 1252 854 μὴ
1271 818 1335 845 ὄντα
1356 817 1431 848 ποτὲ,
1447 815 1504 843 ἀλλ’
1526 814 1624 847 ἔξωθεν
1639 813 1827 847 ἐπιγινόμενα.
1844 811 1859 837 ό

1042 855 1061 881 Β
1075 864 1242 900 Δημιουργὺς
1271 862 1425 899 βουλεύεται
1455 862 1565 897 ποιῆσαι
1586 859 1657 895 (27)°
1685 859 1731 885 τὸν
1752 858 1780 884 δὲ
1794 857 1860 883 ἴδιον

1076 910 1161 945 Λόγον
1172 909 1202 942 ἐξ
1212 909 1292 936 αὑτοῦ
1306 909 1385 944 φύσει
1404 906 1577 944 γεννώμενον
1591 906 1621 932 οὺ
1636 902 1859 940 προδουλεύεται·

1075 957 1104 983 tv
1116 956 1203 992 τούτῳ
1227 955 1281 991 γὰρ
1297 956 1312 982 ὸ
1334 955 1429 990 Πατὴρ
1455 953 1490 980 τὰ
1511 952 1596 984 ἄλλα,
1615 952 1665 978 ὅσα
1692 948 1858 986 βουλεύεται,

1075 1003 1156 1033 ποιεῖ,
1169 1002 1216 1027 καὶ
1226 1000 1388 1036 δημιουργεῖ
1398 1001 1427 1026 tv
1438 998 1525 1034 τούτῳ
1537 1007 1543 1013 ·
1558 996 1648 1035 καθὼς
1661 996 1707 1023 καὶ
1730 995 1861 1032 ’ἰάκωόος

1075 1047 1090 1073 ὁ
1100 1046 1244 1078 ἀπόστολος
1256 1045 1387 1072 διδάσκων
1399 1045 1474 1079 ἔλεγε
1487 1053 1495 1060 ·
1512 1042 1673 1076 Βουληθεὶς
1686 1041 1860 1075 ἀπεκύησεν

1075 1092 1154 1128 Mtte
1165 1092 1247 1127 Λόγῳ
1257 1092 1406 1126 ἀληθείας.
1424 1089 1527 1118 Οὐκοῦν
1539 1090 1555 1125 ἡ
1567 1089 1630 1125 περὶ
1646 1089 1753 1115 πάντων
1763 1087 1816 1113 τῶν
1829 1095 1859 1112 τε

1076 1137 1303 1174 ἁναγεννωμένων
1328 1137 1384 1173 (28)
1402 1136 1520 1164 καὶτῶν
1546 1135 1618 1168 ἅπαξ
1644 1134 1791 1170 γινομένων
1811 1132 1859 1159 τοῦ

1076 1184 1143 1211 Θεοῦ
1155 1183 1281 1220 βούλησις
1296 1184 1325 1210 tv
1340 1183 1380 1218 τῷ
1402 1183 1480 1218 Λόγῳ
1503 1182 1577 1208 ἐστὶν
1589 1202 1596 1214 ,
1612 1182 1640 1208 ὲν
1659 1177 1681 1215 ᾧ
1696 1181 1743 1207 καὶ
1762 1179 1797 1206 τὰ
1814 1178 1859 1205 δό-

1077 1229 1160 1264 ξαντα
1179 1231 1250 1256 me!
1260 1229 1307 1256 καὶ
1319 1230 1462 1264 ἀναγεννᾷ.
1477 1229 1531 1255 Καὶ
1549 1227 1626 1255 τοῦτο
1636 1227 1689 1263 γὰρ
1705 1226 1786 1253 πάλιν
1802 1225 1859 1260 (29)

1077 1277 1092 1302 ό
1113 1275 1271 1307 ’Λπόστολος
1295 1275 1432 1310 σημαίνει,
1449 1275 1562 1310 γράφων
1585 1275 1625 1305 είς
1643 1272 1859 1306 Θεσσαλονίκην·

1080 1321 1170 1349 Τοῦτο
1197 1320 1252 1355 τὰρ
1275 1321 1389 1354 θέλημα
1406 1319 1479 1346 Θεοῦ
1499 1319 1534 1346 ἐν
1549 1317 1665 1352 Χριστῷ
1697 1316 1792 1351 Ἰησοῦ
1815 1317 1861 1349 εις

1077 1366 1155 1402 ὑμᾶς
1174 1366 1239 1402 (50).
1250 1366 1290 1392 ‘Et
1303 1365 1330 1392 δὲ
1339 1385 1346 1396 ,
1361 1366 1390 1391 tv
1408 1362 1430 1399 ᾧ
1450 1365 1531 1396 ποιεῖ,
1543 1365 1571 1391 tv
1584 1363 1658 1398 αὐτῷ
1670 1362 1743 1398 καὶὴ
1761 1362 1861 1397 βούλη-

1079 1413 1121 1444 σίς
1132 1414 1200 1444 ἐστι,
1214 1413 1261 1440 καὶ
1272 1413 1301 1439 ἐν
1313 1411 1424 1447 Χριστῷ
1443 1411 1500 1438 ἐστι
1519 1410 1550 1437 τὺ
1564 1409 1668 1445 θέλημα
1677 1408 1722 1436 τοῦ
1736 1408 1839 1443 Πατρός
1851 1417 1859 1423 ·

1079 1457 1136 1489 πῶς
1152 1455 1262 1484 δύναται
1274 1457 1322 1484 καὶ
1333 1456 1413 1488 αὐτὸς
1424 1457 1453 1483 tv
1467 1455 1591 1491 βουλήσει
1601 1455 1657 1489 (31)
1666 1454 1713 1481 καὶ
1729 1453 1863 1489 θελήματι

1078 1502 1220 1538 γίνεσθαι;
1240 1503 1271 1529 El
1286 1503 1340 1538 γὰρ
1354 1503 1400 1529 καὶ
1422 1502 1503 1533 αὐτὸς
1522 1502 1550 1528 tv
1568 1501 1692 1537 βουλήσει
1715 1500 1775 1526 καθ’
1789 1500 1863 1535 ὑμᾶς

1077 1549 1198 1584 γέγονεν,
1226 1548 1334 1583 ἀνάγκη
1359 1542 1405 1574 κα).
1422 1548 1470 1582 τὴν
1494 1547 1557 1583 περὶ
1581 1546 1662 1573 αὑτοῦ
1690 1546 1814 1581 βούλησιν
1831 1547 1862 1572 tv

1076 1595 1161 1631 ἑτέρῳ
1174 1596 1226 1622 τινὶ
1237 1595 1308 1631 γόγῳ
1323 1593 1507 1626 συνίστασθαι,
1526 1593 1559 1620 δι’
1585 1590 1614 1619 οὗ
1634 1593 1681 1619 καὶ
1697 1593 1777 1624 αὐτὸς
1789 1592 1864 1626 γίνε-

1076 1650 1120 1668 ται
1132 1651 1139 1657 ·
1155 1641 1287 1668 δέδεικται
1299 1640 1354 1676 γὰρ
1370 1641 1387 1676 ή
1405 1640 1451 1666 τοῦ
1469 1639 1535 1666 Θεοῦ
1553 1639 1678 1674 βούλησις
1692 1639 1743 1665 οὐκ
1761 1639 1789 1664 tv
1804 1639 1864 1669 τοῖς

1076 1687 1228 1722 γινομένοις
1244 1685 1321 1718 οὖσα,
1343 1686 1400 1713 ἀλλ’
1415 1687 1444 1712 tv
1460 1685 1500 1720 τῷ
1515 1685 1548 1711 δι’
1564 1682 1594 1711 οὗ
1615 1684 1661 1711 καὶ
1673 1684 1702 1710 ἐν
1717 1680 1740 1717 ᾧ
1756 1683 1862 1717 γίνεται

1075 1733 1111 1760 τὰ
1122 1733 1260 1768 ποιήματα
1270 1732 1358 1759 πάντα
1367 1731 1434 1766 (52).
1449 1729 1564 1757 Ἔπειτα
1575 1730 1670 1764 ἐπειδὴ
1678 1729 1775 1756 ταύτόν
1786 1729 1862 1755 ἐστιν

1077 1779 1162 1805 εἰπεῖν
1174 1777 1309 1813 βουλήσει,
1323 1777 1379 1808 καὶ,
1392 1774 1447 1802 Ἦν
1455 1783 1519 1802 ποτε
1529 1776 1573 1802 ὅτε
1584 1775 1634 1801 οὐκ
1647 1772 1690 1810 ἦν,
1709 1773 1863 1810 ἀρκείσθω-

1077 1833 1127 1851 σαν
1139 1824 1178 1859 τῷ
1194 1824 1292 1858 λέγειν,
1307 1821 1361 1849 Ἦν
1383 1831 1447 1849 ποτε
1463 1823 1506 1848 ὅτε
1520 1821 1570 1848 οὐκ
1584 1819 1634 1856 ἦν’
1656 1821 1714 1851 ἴνα,
1734 1820 1861 1854 αἰσχυνό-

1078 1878 1153 1904 μενοι
1170 1869 1214 1895 διὰ
1235 1869 1265 1894 τὸ
1286 1870 1318 1894 ἐκ
1333 1867 1426 1895 τούτου
1443 1867 1555 1903 χρόνους
1582 1865 1638 1901 (53)
1669 1865 1860 1901 σημαίνεσθαι,

1076 1915 1185 1950 γνῶσιν,
1201 1915 1241 1942 ὄτι
1254 1914 1300 1941 καὶ
1315 1914 1438 1950 βουλήσει
1451 1913 1574 1947 λέγοντες
1593 1912 1706 1948 χρόνους
1721 1911 1774 1953 πρὸ
1794 1910 1860 1937 Υίοῦ

1077 1961 1237 1996 σημαίνουσι
1249 1969 1255 1975 ·
1275 1960 1329 1987 τῶν
1346 1961 1400 1996 γάρ
1414 1969 1478 1987 ποτε
1496 1959 1533 1995 μή
1549 1959 1633 1986 ὄντων
1655 1959 1813 1994 προηγεῖται
1830 1957 1862 1984 τὸ

1078 2007 1249 2042 βουλεύεσθαι
1263 2006 1328 2042 (54),
1340 2007 1377 2038 ὡς
1391 2006 1437 2033 ἐπὶ
1452 2006 1560 2033 πάντων
1575 2004 1630 2031 τῶν
1643 2005 1810 2040 κτισμάτων.
1829 2004 1861 2030 Et

1075 2053 1104 2080 δὲ
1116 2055 1130 2080 ὁ
1144 2053 1228 2087 Λόγος
1244 2052 1297 2079 τῶν
1312 2053 1360 2088 μὲν
1376 2051 1533 2086 κτισμάτων
1551 2051 1608 2078 ἐστὶ
1622 2050 1797 2086 δημιουργὸς.
1810 2050 1861 2076 αὗ-

1076 2100 1120 2131 τὺς
1132 2099 1161 2126 δὲ
1177 2099 1343 2134 συνυπάρχει
1351 2097 1390 2132 τῷ
1402 2097 1489 2133 Πατρί
1498 2105 1504 2110 ·
1515 2097 1573 2128 πῶς
1587 2096 1698 2123 δύναται
1708 2095 1755 2122 τοῦ
1767 2095 1862 2126 ἀϊδίως

1076 2145 1167 2176 ὄντος,
1180 2144 1217 2176 ὠς
1230 2145 1266 2180 μὴ
1280 2144 1366 2175 liv-voc,
1383 2142 1562 2178 προηγεῖσθαι
1579 2142 1608 2169 τὸ
1625 2141 1814 2177 βουλεύεσθαις
1828 2141 1860 2166 Et

1079 2189 1132 2226 γὰρ
1155 2191 1314 2226 προηγεῖται
1334 2188 1425 2224 βουλὴ,
1452 2188 1510 2220 πῶς
1536 2188 1569 2214 δι’
1594 2188 1676 2215 αὑτοῦ
1701 2187 1735 2214 τὰ
1754 2188 1859 2217 mina;

1189 2246 1277 2274 'ibid.
1297 2245 1341 2272 26.
1390 2245 1401 2261 ⁵
1415 2243 1473 2272 Jac.
1488 2244 1561 2279 1,18.
1606 2243 1637 2271 ἰ
1652 2243 1747 2272 Thess.
1766 2252 1792 2275 v,
1815 2245 1872 2271 ΠΛ

274 2321 339 2360 (αι’)
356 2320 402 2360 S_ic
415 2320 480 2360 Iteg.
494 2321 512 2355 Η
535 2327 562 2349 et
578 2321 688 2360 Sgguer.
702 2322 736 2360 At
744 2323 789 2350 alii
806 2328 832 2351 et
842 2323 916 2360 editi,
925 2324 1023 2360 @ump

1077 2325 1138 2352 mel.
1154 2325 1194 2356 είς
1209 2325 1291 2360 ὑμᾶς.
1308 2324 1376 2353 Ibid.
1391 2323 1464 2360 Felc.
1479 2324 1506 2357 5,
1522 2324 1554 2360 Et
1566 2321 1614 2360 οὖν
1630 2325 1659 2350 tv
1706 2326 1787 2360 ποιεῖ.

238 2353 406 2417 σῗνδὲντοϊς.
420 2353 503 2390 Infra,
518 2362 580 2392 post
595 2353 699 2394 ὥσπερ,
723 2359 797 2386 deest
816 2359 862 2386 καί
884 2353 915 2386 ὶιί
925 2358 990 2395 Reg.

238 2399 254 2417 e
303 2399 394 2417 eauer.

238 2396 267 2419 et
283 2396 394 2426 Seguer.

275 2425 394 2461 (ﬁsi-Sic
415 2425 480 2461 Reg.
498 2426 524 2457 l,
546 2426 665 2462 Seguer.
684 2426 793 2456 Gobler.
815 2431 842 2456 et
857 2428 929 2457 Feic.
946 2429 972 2456 Ι.
988 2427 1023 2456 At

239 2460 267 2488 in
280 2460 345 2498 aliis
358 2466 387 2498 et
401 2460 482 2498 editis
504 2462 576 2498 deest
585 2460 649 2498 τήν.

275 2495 457 2532 (g5')_ﬂegius
471 2497 575 2532 primus
587 2495 753 2532 et'chuer.,
772 2497 809 2525 Τὸ
820 2497 860 2525 δέ.

274 2530 329 2568 (ξιξ)
341 2530 447 2568 Gobier.
457 2530 491 2568 et
502 2531 573 2559 Felc.
587 2533 612 2565 Ι,
626 2530 777 2568 ἡγούμεθα.
810 2566 823 2568 η
922 2564 924 2566 _

276 2565 332 2603 (27)
356 2565 401 2593 Sic
422 2567 527 2603 primus
542 2567 627 2594 codex
637 2565 748 2602 'Reg'ius
763 2572 790 2595 et
807 2566 918 2603 Seguer.
938 2568 982 2595 hic
994 2572 1021 2596 et

239 2600 326 2638 paulo
334 2600 564 2638 post,__iidemque
586 2610 649 2630 mox
666 2600 856 2638 γὲννώμενονῖ
863 2603 915 2630 Alii
931 2609 1021 2631 autem

238 2639 267 2662 et
277 2635 351 2671 editi,
368 2635 491 2670 βούλεται
506 2635 534 2663 et
549 2637 658 2671 γεννῶν.

275 2669 330 2709 με)
345 2669 410 2709 ειεξιτ
421 2669 574 2709 1,_Seguer.
591 2672 698 2709 Gohler.
711 2677 737 2700 et
749 2672 820 2701 Felc.
835 2674 861 2706 Ι,
874 2673 928 2700 τῶν
940 2673 1020 2707 ἀναγ.

238 2704 336 2742 Διιεει
346 2705 431 2742 editio
443 2704 588 2740 Cortimel.,
600 2707 654 2734 τῶν
667 2716 696 2734 τε
712 2709 792 2742 ἀναγ.

285 2739 330 2778 29)
346 2739 444 2778 [tegius
457 2741 568 2778 primus
576 2739 788 2778 etVSeguerianQ,
809 2743 864 2770 Καὶ
878 2743 954 2769 τοῦτο
969 2742 1021 2778 γὰρ

239 2775 330 2813 amity:
347 2775 376 2813 In
391 2776 451 2813 aliis
465 2780 492 2813 et
507 2776 586 2813 editis
599 2775 675 2813 deest
687 2777 751 2813 γάρ.

275 2808 331 2846 (50)
347 2807 411 2845 Reg.
425 2810 454 2844 2,
469 2810 509 2842 et;
523 2811 605 2846 ἡμᾶς.
618 2807 713 2841 Caeteii
725 2807 794 2841 inss.
806 2817 833 2842 et
846 2812 929 2842 editio
943 2812 1023 2841 Com-

1110 2361 1165 2395 (51)
1183 2358 1234 2388 δὶιί
1247 2360 1313 2395 Reg.
1338 2360 1370 2395 Ir,
1389 2359 1500 2395 ευμεν.
1523 2358 1632 2387 Gohler,
1653 2364 1680 2386 et
1696 2359 1767 2386 Felc.
1786 2360 1811 2395 Ιἶ
1829 2360 1860 2386 In

1074 2394 1139 2429 Reg.
1150 2395 1178 2426 2,
1195 2395 1276 2422 Basil.
1290 2394 1325 2422 iet
1345 2394 1416 2422 Ft-lc.
1430 2394 1457 2425 5,
1474 2394 1586 2429 habetur
1603 2402 1709 2428 quoque
1724 2394 1860 2427 γίνεσθαι.

1073 2428 1126 2456 Alii
1142 2434 1168 2465 et
1183 2430 1257 2461 editi,
1274 2431 1303 2456 tv
1315 2429 1422 2465 θελήσει
1437 2430 1482 2455 καὶ
1498 2428 1645 2465 βουλήματι
1658 2428 1792 2463 γενέσθαι.
1809 2429 1862 2456 lhi-

1074 2465 1134 2500 tlem
1155 2464 1220 2498 Reg.
1247 2466 1261 2492 1
1286 2470 1313 2492 et
1327 2463 1452 2500 Seguer.,
1466 2465 1495 2490 tv
1512 2463 1648 2499 βουλήσει.
1663 2464 1731 2491 Editi
1746 2465 1860 2499 aliique,

1073 2500 1103 2526 ὲν
1117 2500 1196 2527 βουλή
1201 2509 1276 2527 itast.
1866 2508 1870 2511 ‘

1117 2499 1276 2561 βουλήματι.
1368 2499 1373 2500 ⁷

1111 2535 1167 2569 (o2)
1205 2535 1271 2562 αντα
1288 2534 1364 2562 abest
1378 2542 1394 2562 a
1410 2534 1477 2568 Reg.
1502 2533 1516 2561 1
1539 2537 1567 2561 et
1588 2532 1700 2569 Seguer.
1717 2538 1744 2560 et
1763 2533 1863 2561 ἔπειτα

1074 2576 1089 2596 a
1106 2569 1214 2597 Gohler.
1232 2575 1258 2597 et
1269 2569 1340 2597 Felc.
1356 2570 1382 2598 I.

1120 2605 1165 2640 33)
1181 2605 1227 2632 Sic
1244 2605 1344 2640 Regius
1358 2605 1473 2640 primus,
1484 2604 1648 2640 Segueriam
1660 2603 1822 2640 Goblerian.
1831 2609 1862 2631 et

1073 2638 1146 2676 FeIc.
1155 2638 1187 2676 γέ.
1202 2638 1328 2676 ΑιἘεΙιτἱ
1338 2638 1372 2676 5,
1386 2641 1418 2666 ἐκ
1431 2640 1478 2676 τοῦ
1492 2638 1614 2676 χρόνους
1629 2639 1724 2676 ()2!te
1738 2643 1769 2676 et
1781 2638 1860 2671 editi,

1073 2675 1106 2710 tu
1124 2675 1171 2702 τοῦ
1193 2675 1299 2710 χρόνου.
1319 2675 1420 2710 Ibidem
1442 2673 1551 2710 Regii.
1568 2674 1680 2710 Seguer,
1703 2673 1812 2710 Gobler.
1831 2679 1861 2700 et

1072 2709 1145 2737 Felc.
1158 2710 1184 2743 l,
1194 2708 1236 2736 ὅτι
1250 2710 1298 2736 καί
1315 2709 1449 2745 βουλήσει.
1460 2708 1494 2745 illi
1510 2709 1571 2737 aliis
1580 2708 1697 2737 et‘editis
1711 2708 1757 2745 καί
1770 2709 1859 2736 deest.

1109 2745 1164 2780 (54)
1182 2745 1281 2780 Regius
1296 2744 1400 2779 primus
1413 2749 1440 2772 et
1456 2744 1630 2780 seguerahic
1645 2749 1672 2772 et
1689 2744 1771 2779 paulo
1783 2749 1859 2778 post,

1074 2778 1257 2815 βουλεῦεσθᾶι.
1275 2778 1326 2809 Alii
1343 2785 1370 2809 et
1383 2780 1458 2814 editi,
1477 2778 1627 2814 βούλεσθαι.
