1964 3038
240 100 295 142 eis

526 113 555 141 S.
576 113 762 142 ATHANASII
780 114 854 142 OPP.
875 114 965 142 PARS
984 114 1005 141 l.

1079 114 1265 142 ﬂlSTOlthA
1285 113 1330 141 ET
1348 113 1557 142 DOGﬂATICA.

1809 112 1866 141 ιεο

240 172 323 209 485
338 177 440 200 natura
455 172 570 200 alectio.
587 172 664 205 Quod
679 172 718 204 si,
738 173 801 208 quia
826 173 852 200 id
876 173 1022 202 absurdum

1079 173 1199 200 σάτωσαν
1216 173 1288 209 Imp
1304 173 1447 209 εἰρήκασιν
1462 172 1556 199 αὐτοί·
1574 172 1674 199 οὐκοῦν
1695 171 1802 209 ἀνάγκη
1815 175 1865 200 καί

240 223 286 251 sit,
303 218 356 246 dici
372 226 425 245 non
439 222 526 253 potest
543 217 614 245 Deus
628 226 662 246 ex
679 219 816 246 voluntate
831 219 986 247 misericors
999 224 1026 247 et

239 265 329 293 bonus
344 272 414 297 esse,
430 264 542 291 audiant
558 264 623 299 quid
638 272 670 292 ex
686 265 808 300 ipsorum
825 266 914 293 verbis
929 273 1026 301 sequa-

240 315 284 338 tur
297 318 304 337 :
317 317 381 346 ergo
398 310 560 338 necessitate
576 316 602 338 et
622 311 717 338 nolens
730 311 817 338 bonus
830 316 881 339 est.
895 311 963 345 Quis
976 312 1026 347 igi-

239 363 284 385 tur
294 356 481 385 necessitatem
502 356 558 384 Deo
582 356 734 392 imposuit?
748 356 826 390 Quod
844 357 866 385 si
880 357 1024 392 perabsur—

238 403 303 431 dum
324 408 366 430 est
388 403 580 431 necessitatem
602 402 658 431 Deo
680 403 839 435 attribuere,
858 404 1026 439 proindeque

1080 220 1117 255 μὴ
1135 219 1219 246 θέλων
1235 219 1309 246 ἐστὶν
1325 219 1435 253 ἀγαθός.
1450 219 1506 246 Καὶ
1517 218 1559 251 τίς
1574 219 1589 245 6
1601 219 1650 254 τὴν
1663 219 1787 254 ἀνάγκην
1801 219 1864 246 ἑπιο

1078 266 1167 293 ϐαλὼν
1182 265 1275 302 αὐτῷ,
1291 266 1323 292 El
1335 265 1363 292 δὲ
1375 266 1475 293 ἄτοπόν
1489 264 1546 300 (45)
1561 265 1620 291 ἐστι
1634 264 1723 299 λέγειν
1735 265 1782 292 ἐπὶ
1793 265 1864 292 Θεοῦ

1077 313 1210 348 ἀνάγκην,
1231 312 1279 339 καὶ
1295 312 1339 339 διὰ
1353 312 1431 339 τοῦτο
1443 311 1522 346 φύσει
1537 311 1639 345 ἀγαθός
1657 312 1746 338 ἐστιν·
1768 311 1811 347 εἴη
1829 311 1864 338 ἂν

1077 359 1167 394 πολλῷ
1184 358 1284 394 μᾶλλον
1303 359 1351 386 καὶ
1366 358 1546 395 ἀληθέστερον
1565 357 1612 385 τοῦ
1633 357 1698 385 1⁸ιοῦ
1718 357 1798 392 φύσει
1815 358 1864 385 καὶ

1077 404 1127 431 οὐκ
1141 405 1173 431 ὲκ
1186 404 1337 441 βουλήσεως
1351 407 1459 442 Πατήρ.

238 451 369 479 dicendus
390 455 432 479 est
451 455 547 478 natura
569 458 630 478 esse
657 451 745 479 bonus
761 460 767 478 :
784 451 870 479 multo
908 452 994 487 magis
1015 457 1041 479 et
1068 453 1160 480 verius
1177 451 1317 481 fatendum
1337 458 1380 482 est
1400 457 1498 482 natura
1516 461 1571 481 non
1590 454 1728 483 voluntate
1754 454 1864 483 Patrem

238 498 300 526 Filii
314 505 387 526 esse.

272 547 317 574 65.
336 546 364 573 Id
384 550 514 582 praeterea
533 545 611 573 nobis
627 545 707 572 velim
729 545 880 574 edisserant
901 546 976 582 (nam
991 546 1025 574 ad

237 594 346 621 illorum
371 592 591 621 contundendam
615 592 833 627 impudentiam,
858 600 906 620 eos
928 600 1025 620 rursus

236 642 324 677 placet
351 640 529 675 interrogare,
555 638 686 666 audacius
708 637 839 673 quidem,
861 638 906 665 sed
934 642 1024 665 tamen

236 688 343 716 tuenda
368 687 420 720 piae
438 686 500 713 lidei
521 685 623 720 gratia;
646 689 675 712 tu
700 689 802 718 autem,
817 684 940 718 Domine,
959 684 1025 711 mihi

237 736 286 767 sis,
296 741 400 769 qureso,
413 732 557 768 propitius)
569 739 576 759 :
588 731 660 758 Num
675 729 756 757 Pater
769 729 846 765 prius
857 729 1028 763 deliberavit,

236 780 334 809 deinde
357 784 450 815 postca
473 786 555 814 quam
575 777 672 811 voluit,
696 777 734 804 ita
756 776 875 808 exsistit,
891 776 933 802 vel
958 783 1023 802 num

237 830 382 861 antequam
402 824 586 852 deliberaret?
605 823 659 851 Par
681 827 723 851 est
743 823 815 851 enim
832 829 879 850 eos
896 822 943 858 qui
961 822 1024 849 talia

237 873 271 900 de
286 873 355 900 Filio
372 879 427 899 non
446 871 572 899 dubitant
584 870 686 902 dicere,
701 869 796 897 eadem
808 869 842 897 de
853 868 934 896 Patre
948 868 1025 895 audi-

236 927 277 952 re,
295 923 325 947 ut
341 918 494 954 intelligant
507 926 537 946 se
550 925 600 946 sua
617 917 669 944 hac
684 915 835 944 temeritate
854 916 943 950 ipsum
956 922 1025 950 quo-

235 972 290 1001 que
304 964 412 992 Patrem
425 965 565 1000 impetere.
581 963 658 997 Quod
671 963 694 991 si
710 963 780 990 hanc
792 970 870 990 suam
884 962 918 989 de
929 961 1026 989 volun-

238 1016 292 1039 tate
305 1011 470 1039 sententiam
485 1017 658 1046 propugnare
671 1009 722 1044 ipsi
738 1008 918 1036 deliberantes
930 1013 957 1036 et
968 1012 1024 1036 sta-

236 1062 355 1091 tuentes,
362 1057 471 1085 Patrem
483 1065 516 1085 ex
529 1057 668 1084 voluntate
676 1055 813 1084 exstitisse
820 1055 1023 1090 responderint:

237 1105 302 1140 quid
328 1105 410 1140 igitur
430 1108 490 1131 erat
513 1107 660 1138 antequam
691 1101 872 1135 deliberaret,
895 1101 937 1129 vel
959 1101 1025 1136 quid

236 1151 353 1186 amplius
371 1151 475 1183 habuit,
491 1150 531 1178 uti
542 1157 591 1177 vos
609 1149 710 1183 dicitis,
732 1152 876 1184 postquam
889 1146 1024 1174 delibera-

235 1189 385 1232 vit?'Quod
400 1198 424 1226 si
443 1197 562 1225 absurda
578 1200 605 1224 et
618 1195 695 1223 valde
713 1195 798 1222 futilis
814 1198 854 1221 est
868 1192 1024 1228 huiusmodi

235 1245 350 1280 qumstio
366 1244 427 1280 (nec
444 1244 495 1271 ista
517 1243 559 1271 l'as
578 1248 620 1270 est
642 1243 754 1269 omnino
766 1241 868 1273 dicere,
882 1248 945 1268 cum
959 1239 1025 1267 satis

236 1291 273 1318 sit
286 1290 329 1318 vel
347 1290 437 1318 solum
460 1297 560 1318 nomen
579 1288 625 1317 Dei
641 1288 736 1316 audire
752 1292 784 1315 ut
805 1287 926 1315 sciamus
941 1290 968 1314 et
981 1286 1024 1313 in-

236 1336 389 1371 telligamus
399 1343 461 1363 eum
474 1343 536 1363 esse
549 1335 597 1371 qui
611 1335 683 1371 est),
697 1342 790 1362 annon
806 1334 908 1369 pariter
928 1333 1026 1361 absur-

236 1383 302 1410 dum
321 1387 362 1410 est
374 1381 437 1409 talia
450 1382 483 1410 de
496 1381 543 1409 Dei
556 1381 646 1409 Verbo
657 1382 788 1416 cogitare,
801 1380 1026 1415 voluntatemque

236 1434 265 1456 et
280 1428 422 1456 arbitrium
437 1428 516 1456 nobis
528 1428 684 1463 objectare?
695 1415 837 1463 Siquidem
851 1427 919 1455 satis
930 1431 973 1455 est
983 1426 1026 1454 vel
1039 1415 1060 1444 ο

237 1474 326 1503 solum
343 1473 424 1502 Verbi
439 1482 539 1502 nomen
556 1474 661 1507 audire,
676 1474 709 1501 ad
730 1474 872 1502 sciendum
891 1479 919 1501 et
936 1473 1025 1508 perci-

235 1521 364 1556 piendum
382 1520 480 1553 Deum,
492 1521 538 1557 qui
558 1529 613 1549 non
631 1528 664 1549 ex
680 1520 820 1549 voluntate
841 1520 959 1554 exsistit,
976 1527 1026 1556 nec

236 1568 301 1596 item
312 1568 451 1597 voluntate
462 1568 509 1596 sed
520 1573 618 1596 natura
632 1568 772 1604 proprium
785 1569 886 1596 habere
897 1566 1024 1596 Verbum.

236 1615 335 1643 Annon
362 1622 446 1650 porro
465 1622 574 1642 omnem
593 1614 727 1643 insaniam
752 1615 776 1643 is
796 1619 908 1650 superat
922 1614 969 1650 qui
984 1614 1027 1642 vel

237 1662 337 1697 cogitet
350 1661 436 1689 Deum
455 1661 617 1693 deliberare,
631 1661 799 1694 consultare,
816 1662 925 1696 eligere,
942 1668 1027 1696 seque

236 1709 326 1743 ipsum
345 1709 380 1735 ad
391 1708 537 1736 volendum
560 1708 712 1742 adltortari,
729 1712 765 1744 ,ιιι
786 1715 841 1735 non
862 1708 922 1735 sine
936 1707 1027 1735 Verbo

236 1760 264 1783 et
283 1755 423 1790 Sapientia
445 1755 499 1789 sit,
525 1755 573 1783 sed
598 1758 629 1782 ut
658 1755 777 1783 Verbum
803 1759 831 1782 et
859 1753 1025 1789 Sapientiam

237 1801 491 1838 habeanNamque
509 1802 543 1829 de
563 1801 655 1837 seipso
676 1801 831 1829 consultare
845 1801 962 1833 videtur,
979 1800 1026 1835 qui

236 1849 271 1876 de
285 1856 318 1876 eo
328 1848 400 1883 quod
415 1855 471 1875 sua:
483 1852 586 1874 naturae
595 1846 734 1882 proprium
747 1851 790 1874 est
803 1846 944 1874 deliberat.
957 1845 1027 1873 Cum

236 1893 320 1929 igitur
341 1894 420 1921 valde
440 1893 523 1928 impia
548 1893 584 1921 sit
611 1892 768 1927 huiusmodi
792 1892 937 1924 sententia,
960 1898 1027 1918 con-

237 1941 365 1971 gruenter
388 1936 483 1971 pietati
506 1936 652 1964 dicendum
672 1940 715 1964 est
736 1944 782 1964 res
803 1936 913 1971 quidem
929 1935 1025 1970 factas,

236 1982 284 2010 Dei
304 1983 445 2018 proposito
464 1986 491 2010 et
509 1982 648 2011 voluntate
668 1989 730 2010 esse
744 1986 913 2017 procreatas.
927 1981 1025 2010 Filium

237 2035 301 2056 vero
315 2035 369 2055 non
384 2027 532 2055 voluntatis
547 2034 617 2063 opus
639 2034 713 2060 esse,
728 2031 760 2055 ut
782 2034 826 2055 res
846 2031 964 2060 creatas,
978 2028 1026 2055 sed

236 2079 334 2102 natura
349 2075 490 2110 proprium
505 2081 567 2103 esse
580 2074 740 2103 substantiae
754 2073 850 2102 fetum.
868 2073 938 2102 Cum
952 2074 1026 2102 enim

1113 547 1158 574 65.
1176 547 1338 574 Εῐπάτωσαν
1359 546 1388 574 δὲ
1412 546 1492 574 πάλιν
1514 548 1581 582 ἡμῖν
1607 548 1654 575 καὶ
1677 548 1755 576 τοῦτο
1778 550 1865 585 (πρὸς

1077 593 1132 629 γὰρ
1145 593 1193 629 τὴν
1206 593 1398 629 ἀναισχυντίαν
1408 593 1497 620 αὐτῶν
1506 593 1640 630 ἐρώτησιν
1652 595 1744 628 αὐτοῖς
1758 597 1866 630 ἐπαγα-

1077 641 1136 675 γεῖν
1151 640 1190 667 ἐτι
1205 639 1334 676 βούλομαι
1345 640 1412 676 (46),
1426 640 1629 677 τολμηροτέραν
1643 642 1702 677 μὲν,
1713 642 1866 678 βλέπουσαν

1078 687 1107 714 δὲ
1122 687 1195 722 ὅμως
1211 688 1251 719 είς
1266 687 1419 714 εὐσέϐειαν·
1438 687 1702 723 ἱλάσθητι,Δέσποτα
1715 689 1738 724 )'
1759 690 1787 717 '0
1807 692 1865 718 Παρ

1044 736 1066 763 Β
1079 732 1129 768 τὴρ
1145 732 1235 765 αὐτὸς,
1253 732 1463 768 βουλευσάμενος
1484 734 1616 770 πρότερον
1627 753 1634 766 ,
1652 732 1712 761 εἶτα
1733 735 1863 772 θελήσας,

1077 778 1162 810 οὕτως
1183 778 1299 814 ὑπάρχει
1323 779 1378 815 (47)
1390 799 1398 811 ,
1415 779 1432 814 ἢ
1452 779 1499 806 καὶ
1515 780 1567 816 πρὸ
1582 779 1628 807 τοῦ
1644 780 1841 816 βουλεύσασθαι
1854 791 1862 816 ;

1077 824 1137 860 Χρὴ
1150 824 1220 861 γὰρ,
1240 825 1289 852 καὶ
1312 826 1376 861 περ).
1398 824 1445 851 τοῦ
1460 826 1547 860 Λόγου
1574 826 1685 854 τοιαῦτα
1705 828 1864 864 τολμῶντας

1077 870 1186 903 αὐτοὺς,
1201 870 1312 898 τοιαῦτα
1322 872 1371 898 καὶ
1381 871 1500 905 ἀκούειν,
1516 872 1559 899 ῐνα
1576 873 1690 906 γνῶσιν,
1712 874 1752 901 ὄντι
1776 875 1793 909 ἠ
1809 884 1865 902 τοι-

1078 915 1146 952 αύτη
1168 916 1257 943 αὐτῶν
1284 917 1433 953 προπέτεια
1459 919 1507 945 καὶ
1533 919 1573 950 εἰς
1589 919 1670 947 αὐτὸν
1694 920 1739 947 τὸν
1752 922 1865 958 Πατέρα

1078 963 1183 998 φθάνει.
1204 962 1266 990 Ἐὰν
1284 963 1333 999 μὲν
1352 962 1398 991 οὖν
1412 964 1542 997 εἴπωσιν,
1559 964 1631 998 ἅπαξ
1655 965 1865 1002 βουλευσάμενοι

1079 1010 1142 1046 περὶ
1156 1010 1317 1045 βουλήσεως,
1330 1010 1371 1037 ὅτι
1386 1011 1432 1037 καὶ
1446 1011 1527 1043 αὐτὸς
1539 1011 1572 1038 ὲκ
1589 1011 1755 1048 βουλήσεως’
1772 1013 1799 1039 τί
1817 1011 1865 1040 οὖν

1077 1053 1111 1091 ἦν
1121 1056 1174 1091 πρὸ
1190 1056 1237 1083 τοῦ
1251 1056 1305 1092 (48)
1323 1055 1528 1091 βουλεύσασθαι,
1545 1057 1562 1093 ἢ
1574 1058 1600 1084 τί
1615 1058 1694 1086 πλέον
1716 1059 1794 1095 ἔσχεν
1804 1079 1811 1092 ,
1825 1060 1865 1092 ὡς

1079 1102 1157 1137 ὑμεῖς
1169 1101 1271 1136 λέγετε,
1296 1102 1364 1137 μετὰ
1381 1103 1412 1129 τὸ
1429 1102 1638 1138 βουλεύσασθαι;
1659 1105 1691 1132 Εἰ
1713 1105 1742 1132 δὲ
1762 1106 1864 1138 ἄτοπος

1078 1148 1126 1174 καὶ
1140 1147 1289 1180 ἀσύστατός
1303 1149 1376 1175 ἐστιν
1389 1149 1406 1184 ἡ
1417 1149 1528 1185 τοιαύτη
1543 1149 1678 1186 ἐρώτησις
1687 1171 1694 1183 ,
1712 1152 1760 1179 καὶ
1776 1153 1807 1179 οὐ
1821 1152 1866 1180 θέ-

1079 1202 1127 1229 μις
1137 1193 1204 1225 ὅλως
1217 1193 1329 1221 τοιαῦτα
1342 1193 1430 1229 λέγειν
1445 1195 1544 1231 (ἀρκεῖ
1556 1195 1611 1232 γὰρ
1625 1197 1672 1224 καὶ
1689 1197 1767 1233 μόνον
1779 1199 1864 1226 ἁκού-

1078 1249 1157 1272 οντας
1171 1241 1244 1276 ἡμᾶς
1261 1240 1325 1276 περὶ
1346 1239 1411 1267 Θεοῦ
1425 1241 1524 1268 εἰδέναι
1549 1242 1597 1269 καὶ
1624 1244 1707 1276 νοεῖν,
1723 1244 1764 1270 ὅτι
1783 1244 1866 1277 αὑτός

1078 1287 1152 1314 ἐστιν
1173 1287 1187 1314 6
1209 1286 1246 1314 ὧν
1256 1286 1277 1320 ),
1295 1286 1354 1319 πῶς
1369 1288 1428 1326 οὐκ.
1442 1287 1538 1323 ἄλογον
1555 1289 1611 1325 (49)
1628 1289 1661 1316 ἂν
1679 1289 1722 1326 εῐη
1738 1291 1864 1326 περὶτοῦ

1078 1333 1165 1367 Λόγου
1188 1333 1234 1359 τοῦ
1254 1332 1322 1360 Θεοῦ
1337 1324 1449 1360 τοιαῦτα
1461 1324 1646 1370 ἐνθυμεῖσθαι,
1666 1324 1722 1363 καὶὴ
1738 1324 1865 1372 βούλησιν

1078 1379 1126 1405 καὶ
1146 1378 1254 1415 θέλησιν
1279 1379 1497 1415 προϐάλλεσθαι;
1529 1381 1621 1417 ’Λρκεῖ
1631 1382 1686 1418 γὰρ
1709 1383 1756 1410 καὶ
1783 1383 1866 1418 μόνον

1076 1424 1222 1457 ἀκούοντας
1234 1425 1307 1461 ἡμᾶς
1323 1426 1370 1452 καὶ
1381 1426 1444 1462 περὶ
1455 1426 1502 1453 τοῦ
1513 1427 1599 1462 Λόγου
1611 1428 1709 1456 ειδέναι
1724 1429 1772 1456 καὶ
1781 1431 1863 1463 νοεῖν,

1076 1472 1117 1498 ὃτι
1130 1473 1145 1499 6
1159 1472 1197 1508 μὴ
1211 1473 1244 1499 ὲκ
1260 1472 1317 1508 (50)
1335 1473 1487 1509 βουλήσεως
1498 1474 1628 1510 ὑπάρχων
1644 1475 1710 1507 Θεὸς
1723 1477 1753 1503 οὐ
1771 1476 1866 1513 βουλή-

1076 1526 1126 1551 σει,
1144 1518 1212 1545 ἀλλὰ
1228 1518 1308 1553 φύσει
1333 1519 1380 1546 τὸν
1403 1519 1468 1546 ἴδιον
1497 1520 1553 1556 ἔχει
1567 1521 1662 1555 Λόγον.
1685 1522 1748 1554 Πῶς
1770 1523 1798 1549 δὲ
1813 1523 1864 1559 οὐχ

1076 1563 1240 1600 ὑπερὸάλλει
1251 1565 1341 1591 πᾶσαν
1358 1565 1468 1601 μανίαν,
1476 1566 1507 1593 τὸ
1521 1566 1567 1593 καὶ
1585 1567 1664 1602 μόνον
1675 1568 1862 1603 ἐνθυμεῖσθαι,

1075 1611 1116 1638 ὅτι
1127 1611 1208 1643 αὐτὸς
1221 1611 1236 1638 6
1248 1611 1314 1644 Θεὸς
1327 1611 1484 1647 βουλεόεται
1498 1612 1554 1649 (51)
1571 1614 1618 1640 καὶ
1639 1615 1798 1653 σηέπτεται,
1816 1616 1865 1643 καὶ

1075 1658 1257 1693 προαιρεῖται,
1275 1658 1321 1685 καὶ
1335 1658 1422 1685 θέλειν
1435 1660 1531 1686 έαυτὺν
1547 1660 1747 1697 προτρέπεται,
1766 1662 1810 1689 ἵνα
1825 1663 1865 1698 μὴ

1075 1703 1171 1738 ἄλογος
1182 1704 1231 1730 καὶ
1241 1704 1342 1739 ἀσοφος
1355 1703 1383 1741 ᾖ,
1393 1705 1462 1732 ἀλλὰ
1473 1706 1560 1740 Λόγον
1569 1707 1615 1733 καὶ
1625 1707 1725 1742 Σοφίαν
1735 1708 1783 1744 ἔχῃ
1793 1709 1864 1743 (52);

1077 1750 1145 1786 Περὶ
1160 1750 1258 1778 ἑαυτοῦ
1272 1750 1326 1786 γὰρ
1342 1751 1415 1778 δοκεῖ
1430 1751 1593 1779 σκέπτεσθαι
1615 1752 1629 1779 6
1651 1755 1715 1789 περὶ
1731 1754 1779 1781 τοῦ
1797 1755 1865 1782 ἰδίου

1075 1796 1125 1832 τῆς
1137 1797 1231 1828 οὐσίας
1249 1797 1346 1824 ἑαυτοῦ
1363 1797 1565 1833 βουλευόμενος.
1585 1799 1688 1835 Πολλῆς
1700 1800 1788 1827 τοίνυν
1800 1801 1866 1828 δυσ-

1076 1843 1181 1878 φημίας
1199 1843 1283 1879 οὔσης
1305 1844 1334 1869 ὲν
1350 1845 1384 1879 τῇ
1398 1844 1510 1881 τοιαύτῃ
1526 1846 1654 1881 φρονήσει
1666 1865 1674 1878 ,
1696 1846 1817 1879 εὐσεϐῶς
1830 1847 1866 1875 ἂν

1075 1888 1194 1925 λεχθείη,
1207 1889 1248 1916 δτι
1265 1888 1299 1918 τὸ
1313 1889 1363 1925 μὲν
1377 1890 1478 1925 γενητὰ
1491 1890 1599 1927 εὐδοκίᾳ
1611 1891 1659 1918 καὶ
1677 1891 1801 1928 βουλήσει
1818 1894 1866 1928 γέ-

1076 1942 1164 1969 γονεν,
1177 1936 1191 1962 6
1204 1934 1232 1961 δὲ
1251 1935 1316 1968 Υἱὸς
1331 1935 1362 1962 οὐ
1371 1935 1521 1972 θελήματός
1533 1938 1591 1964 ἐστι
1601 1938 1794 1975 δημιούργημα
1806 1940 1865 1976 (53)

1076 1982 1253 2016 ὲπιγεγονὼς,
1267 1982 1394 2018 καθάπερ
1405 1984 1421 2019 ἠ
1433 1984 1531 2016 κτίσις,
1538 1984 1606 2012 ἀλλὰ
1619 1985 1699 2020 φύσει
1709 1987 1759 2021 τῆς
1769 1986 1866 2019 οὐσίας

1077 2028 1142 2055 ίδιον
1160 2028 1292 2064 γέννημα.
1319 2028 1374 2055 Καὶ
1397 2029 1452 2065 γὰρ
1477 2029 1541 2062 ἴδιος
1565 2030 1602 2057 ὢν
1618 2031 1703 2065 Λόγος
1730 2032 1778 2060 τοῦ
1805 2035 1864 2061 Πα-

1075 2074 1139 2110 τρός
1156 2074 1222 2110 (54),
1237 2074 1291 2101 οὐκ
1300 2075 1334 2110 έᾷ
1357 2074 1410 2110 πρὸ
1426 2075 1522 2102 ἑαυτοῦ
1538 2075 1695 2111 λογίσασθαί
1716 2086 1776 2105 τινα
1801 2078 1866 2114 βού-

271 2208 328 2244 (15)
341 2208 407 2244 Reg.
429 2208 443 2236 1
467 2213 495 2237 et
518 2209 690 2246 Seguerian.,
712 2211 821 2239 ἄτοπον.
834 2212 887 2240 Alii
903 2216 930 2241 et
946 2212 1021 2246 editi,

1079 2212 1139 2252 mp}
1153 2211 1209 2252 τοξ.
1221 2212 1274 2240 Alii
1287 2217 1313 2241 et
1323 2213 1399 2246 editi,
1413 2213 1472 2246 πῶς
1484 2211 1530 2241 οὖν
1541 2214 1591 2241 οὐκ
1604 2215 1699 2250 ἄλογον
1714 2215 1747 2243 ἂν
1759 2216 1803 2252 εἴη
1816 2217 1865 2243 καὶ

236 2243 342 2279 ἄλογον.

271 2300 330 2346 (ιδ)
343 2300 633 2346 ϐοδξρςτνησι-Εειρὶξτ
648 2303 729 2346 αὐτδς
748 2304 863 2346 ἑπςγειν
873 2304 1022 2346 βούλομαι.

236 2335 389 2406 afﬁgit
404 2336 563 2372 Segueriau.
579 2338 658 2374 ibid.,
673 2335 833 2375 ἐπαγαγεῖν.
848 2335 901 2368 Alii
912 2345 938 2369 et
948 2335 1024 2374 editi,

271 2417 328 2453 (47)
343 2417 388 2445 Sic
403 2426 471 2447 mss.
490 2426 595 2448 omnes.
615 2420 687 2448 Editi
706 2429 782 2453 vero,
798 2422 855 2450 ὗπά
874 2431 940 2458 χειν,
953 2422 1022 2450 lbid.

236 2450 303 2481 Rea.
331 2453 344 2480 Ι
367 2453 527 2481 Sezuerian.
551 2456 707 2481 Goblerian.
725 2461 753 2481 et.
767 2457 839 2481 Εειη.
854 2431 886 2481 ἵ.
905 2457 958 2481 ποὺ
974 2458 1021 2481 τοῦ

237 2456 276 2479 Ite
295 2472 303 2480 .
331 2456 344 2480 l
367 2456 527 2490 Seguerian.
551 2456 707 2484 Goblerian.
725 2461 753 2484 et
767 2457 839 2486 Felc.
854 2456 890 2491 ις
905 2457 958 2494 πρὸ
974 2458 1021 2484 τοῦ

237 2461 423 2532 βουελεύσῃται.
437 2488 503 2532 Reg.
511 2490 535 2532 ¹1.
548 2495 575 2532 et_
592 2491 706 2532 Seguer;
721 2492 1022 2532 item_ibid_.._Xpi]_Ydtp

236 2523 368 2590 ξεεὲὺῗα
379 2523 446 2552 item
469 2523 671 2562 commtet
685 2526 776 2555 Felck.
789 2527 815 2561 ι,
830 2527 908 2561 ibid.,
918 2523 1023 2564 ξόλέιᾳκι

272 2610 327 2652 μβ)
338 2611 385 2652 §ic
396 2612 497 2652 llegius
507 2614 613 2652 p_rimus_
623 2619 650 2643 et
664 2614 857 2652 Seguerianus.
868 2617 903 2644 At
914 2616 980 2652 Reg.
992 2616 1022 2649 2,

235 2644 323 2688 name:
330 2644 491 2688 sobiegi'an.
503 2644 586 2688 Ἔθις.
602 2650 624 2688 t__
632 2656 662 2688 et
671 2644 742 2688 5,'rc_t
755 2649 802 2688 οὖν
819 2651 881 2688 πρὺν
892 2644 1021 2688 τοῦ.”Λ1ἰῖ

236 2684 263 2706 et
283 2682 357 2721 editi,
372 2682 399 2722 ει
412 2682 448 2722 iv
463 2685 515 2722 πρὸ
528 2684 596 2722 τοῦὲ
607 2682 826 2722 ibidemikegius
842 2682 957 2722 primus,
971 2687 1023 2715 Se-

235 2717 357 2750 guerian.
370 2717 523 2747 Goblerian.
537 2725 564 2749 et
575 2720 648 2748 Felc.
663 2721 689 2753 l,
708 2717 894 2758 βουλὶὐσηιὶαι.

263 2761 446 2806 μωμεεξξιε
470 2766 585 2806 primusz
603 2766 719 2806 Sgguer.
736 2767 844 2806 Gobler.
863 2773 890 2796 et
905 2768 979 2806 Fele.
996 2769 1021 2800 l,

235 2799 297 2827 πῶς
320 2799 375 2833 ,οὐκ
398 2799 505 2834 ἄλογον.
530 2802 597 2829 Ibid.
611 2799 685 2839 Εἰς.
709 2803 770 2840 l_et
791 2804 915 2839 ὅρμοι-η
933 2804 966 2832 ἂν
982 2805 1021 2831 ετν

1076 2247 1140 2274 περὶ
1153 2247 1210 2274 τοῦ.

1122 2282 1168 2352 50)
1182 2282 1280 2317 Regius
1294 2279 1408 2318 primus,
1423 2282 1547 2318 Seguer.,
1563 2285 1603 2312 ὅτι
1621 2285 1658 2321 μὴ
1671 2286 1712 2313 ὲκ.

1124 2317 1154 2344 51
1187 2317 1305 2352 Uterque
1328 2317 1430 2352 Regius
1442 2324 1468 2346 et
1484 2318 1678 2352 Seguerianus,
1694 2321 1712 2352 βι

1111 2317 1168 2358 (5|)
1187 2317 1305 2358 Uterque
1328 2317 1430 2353 Regius
1442 2317 1471 2346 et
1484 2317 1678 2355 Seguerianus,
1694 2321 1863 2357 βουλεύεται.

1075 2352 1127 2379 Alii
1142 2357 1170 2379 et
1186 2353 1262 2380 editi.
1280 2352 1413 2380 Βούλεται.

1110 2357 1127 2379 ii
1142 2357 1170 2379 et
1186 2357 1262 2385 editi,

1111 2387 1248 2424 (52)}leg.
1264 2387 1289 2420 l,
1306 2388 1464 2424 Seguerian.
1479 2389 1634 2418 Goblerian.
1657 2395 1684 2419 et
1706 2391 1828 2420 Felrkm.
1847 2393 1861 2421 I

1075 2422 1125 2461 ἔχῃ
1134 2422 1198 2461 LAlii
1210 2423 1326 2461 et_editi,
1343 2422 1404 2461 ξῑχῇἶ
1417 2424 1482 2461 Mss.
1492 2426 1579 2461 ibid.,
1595 2427 1658 2461 περὶ
1675 2427 1780 2454 ἑαυτοῦ.
1796 2428 1863 2454 Edi-

1075 2457 1116 2496 ρο
1130 2457 1274 2496 Commel.,
1290 2457 1471 2496 περὶαύτοῦ,
1491 2459 1551 2487 Mos
1573 2457 1685 2495 uterque
1708 2461 1809 2496 Regius
1835 2469 1865 2491 et

1076 2492 1205 2533 δέξο-οη...
1213 2493 1305 2525 οὐσίας
1315 2492 1407 2533 αὐτῷ.
1418 2494 1517 2533 Ibidem
1532 2496 1622 2533 Basil,
1637 2492 1861 2533 βουλευᾳῖὶμενος,

1112 2528 1167 2566 (ὕξ)
1186 2528 1302 2566 Uterque
1326 2529 1435 2566 Regius,
1455 2529 1566 2566 Segtter.
1583 2528 1664 2558 Basil.
1680 2538 1707 2559 et
1727 2528 1817 2560 Felt'k.
1832 2528 1862 2566 5,

1076 2563 1585 2603 eos:suntodpmua._lbidem_uterque
1607 2567 1673 2603 Reg.
1686 2571 1712 2594 et
1735 2563 1861 2603 Seguer.,

1269 2599 1363 2626 Caeteri
1386 2604 1413 2627 et
1434 2600 1510 2633 editi,
1535 2598 1593 2629 ἐστι
1613 2598 1863 2640 τὸῆδημωύργημα

1075 2641 1240 2667 επιγεγονος.

1111 2667 1166 2708 (54)
1187 2669 1294 2708 Regius
1310 2669 1430 2708 primus,
1453 2670 1678 2708 sequereBasilq
1702 2672 1741 2700 ὢν
1761 2674 1861 2708 Λόγος.

1076 2703 1261 2745 Aliiet'editi,
1364 2705 1459 2745 Λόγος.
1475 2703 1544 2745 ⁸Βίρχ
1566 2707 1645 2745 Βςκζ
1655 2703 1683 2739 l,
1697 2703 1860 2745 Seguerian.

1076 2737 1230 2767 Goblerian.
1254 2744 1280 2767 ct
1301 2740 1373 2768 Felc.
1392 2737 1417 2776 1,
1435 2741 1488 2778 πρὸ
1504 2737 1720 2772 ὶαυτοῦἶῦειετὶ
1733 2737 1767 2772 ’ξι
1782 2745 1860 2776 editi.

1077 2774 1129 2800 ποὺ
1141 2774 1231 2800 αὐτοῦ.

1099 2781 1129 2810 ρο
1141 2781 1231 2801 αυτου.

1279 2352 1413 2388 βούλεται.
