1964 3038
246 126 304 156 ιω

545 123 573 152 S.
592 123 775 151 ATHANASH
795 123 870 151 OPP.
892 122 982 150 PARS
1002 123 1021 150 1.
1042 137 1077 143 -
1096 123 1282 152 HISTORICA
1298 123 1344 151 ET
1360 122 1572 152 DOGMATICA.

1814 124 1867 152 464

250 185 312 215 dem
326 185 472 217 voluntate,
490 183 575 220 488
592 191 647 219 qua
657 190 724 212 eum
737 184 795 212 vult
815 183 906 216 Pater,
921 183 1028 212 Patrem

1088 184 1110 211 τὸ
1123 184 1160 220 μὴ
1178 184 1324 220 ἀϐούλητον
1343 183 1390 210 τοῦ
1407 184 1474 210 Θεοῦ
1498 192 1540 215 τις
1558 182 1678 214 εὐσεϐῶς
1706 182 1869 217 λογιζέσθω.

250 231 310 266 ipse
331 235 413 263 amat,
439 229 496 257 vult
516 234 543 257 et
567 230 700 262 honorat,
719 238 828 266 unaque
844 235 886 259 est
908 231 1034 259 voluntas

249 285 311 312 quae
324 285 357 305 ex
375 276 454 303 Patre
470 276 496 304 in
513 275 582 303 Filio
598 276 714 309 exsistit,
731 276 768 304 ita
789 281 819 304 ut
833 276 895 304 inde
909 276 995 305 Filius
1007 278 1033 304 in

250 323 330 351 Patre
343 325 371 350 et
384 322 466 350 Pater
480 321 507 349 in
521 321 592 350 Filio
604 323 798 358 conspiciatur.
811 322 897 351 Nemo
909 323 990 359 igitur
1000 331 1033 351 ex

249 369 384 397 Valentini
398 368 532 397 sententia
553 369 757 397 antecedentem
781 368 892 397 inducat
909 369 1034 405 volunta-

244 420 314 446 tem,
330 415 486 450 nulliusque
500 415 703 442 deliberationis
715 415 827 442 obtentu
843 414 962 450 seipsutn
975 423 1033 442 me-

249 462 324 489 dium
337 461 408 488 inter
428 461 516 488 solum
532 460 641 488 Patrem
657 460 802 495 solumque
819 460 917 488 Filium
937 462 1033 489 audeat

249 508 398 536 intrudere.
415 507 559 543 Siquidem
575 507 691 535 insanus
712 507 757 534 ille
776 507 858 534 fuerit
876 508 922 542 qui
937 508 1034 535 volun-

249 558 332 581 tatem
348 557 375 580 et
386 553 609 581 deliberationem
625 552 696 579 inter
708 551 816 579 Patrem
829 556 856 580 et
865 551 966 579 Filium
980 552 1034 580 col-

249 598 388 627 locaverit.
405 597 554 626 Enimvero
577 597 651 625 aliud
672 602 714 625 est
732 598 755 626 si
778 597 854 626 dicas
866 618 874 631 ,
889 597 1034 626 Voluntate

248 644 338 673 factus
350 648 403 676 est.
419 648 446 672 et
459 644 532 671 aliud
554 644 578 671 si
590 644 703 676 dixeris.
717 643 785 671 Eum
803 643 884 671 Pater
901 643 989 679 diligit
1007 649 1034 671 et

248 689 316 721 vult,
335 693 427 724 utpote
440 689 486 723 qui
497 689 731 723 naturaproprius
746 689 789 716 sui
802 689 836 716 sit
854 688 949 716 Filius.
965 689 1032 716 Nam

248 736 296 770 qui
310 735 388 767 dixit,
405 734 444 762 Ex
463 735 600 762 voluntate
613 734 703 762 factus
719 739 771 768 est,
786 735 873 770 primo
893 735 966 762 illum
981 735 1031 762 ali-

248 781 359 816 quando
387 789 439 808 non
465 780 548 808 fuisse
569 780 712 816 signiﬁcat.
736 780 838 812 Deinde
857 782 983 809 voluntas
1005 781 1032 809 in

249 831 394 862 utramque
406 830 510 861 partem
524 827 707 862 propendeudi
720 826 775 854 vim
793 827 883 860 habet,
898 827 937 855 uti
951 835 1033 863 supra

249 873 352 901 dictum
369 878 421 906 est,
435 881 468 901 ac
481 873 595 908 proinde
611 874 731 909 cogitare
746 874 849 906 liceret,
865 873 970 901 Patrem
985 882 1033 909 po-

251 919 334 948 tuisse
353 919 426 946 nolle
449 918 558 947 Filium.
581 919 663 955 Atqui
680 919 781 953 dicere,
796 919 894 947 Filium
913 920 1034 954 potuisse

248 971 304 992 non
326 971 397 998 esse,
416 971 524 991 summa
544 968 617 992 certe
642 965 767 1000 impietas
790 969 818 992 et
844 965 958 993 audacia
981 970 1032 997 est,

249 1017 312 1045 quae
327 1010 413 1045 ipsam
429 1009 518 1038 Patris
536 1015 662 1038 naturam
678 1011 812 1044 lacessat,
826 1011 849 1038 si
865 1011 992 1038 nimirum
1007 1011 1033 1038 id

249 1055 322 1090 quod
341 1056 480 1090 proprium
503 1057 562 1092 ejus
584 1061 626 1084 est
651 1057 770 1091 potuerit
794 1064 848 1084 non
869 1064 941 1084 esse.
958 1056 1033 1084 idem

249 1102 323 1129 enim
339 1107 381 1129 est
394 1109 426 1130 ac
441 1103 465 1130 si
482 1103 618 1130 diceretur
632 1102 739 1131 Patrem
754 1103 876 1138 potuisse
895 1111 948 1130 non
973 1111 1034 1131 esse

248 1146 362 1175 bonum.
375 1146 475 1175 Verum
491 1149 719 1183 quemadmodum
733 1153 760 1176 et
776 1156 883 1183 semper
899 1153 926 1176 et
938 1153 1033 1177 natura

250 1192 340 1221 bonus
359 1198 402 1221 est
415 1192 506 1228 Pater,
533 1194 570 1221 ita
594 1202 702 1230 semper
718 1199 814 1222 natura
832 1200 875 1222 est
891 1203 1032 1230 generans.

250 1238 301 1267 llic
318 1243 408 1267 autern
425 1240 554 1275 loquendi
574 1240 683 1274 modus,
704 1240 784 1268 Pater
798 1241 855 1268 vult
869 1240 978 1273 Filium,
994 1247 1033 1274 et,

250 1284 369 1312 Verbum
396 1285 456 1313 vult
475 1285 600 1319 Patrem,
619 1294 675 1314 non
698 1288 900 1316 antecedentem
923 1288 1035 1316 denotat

249 1330 427 1365 voluntatem,
441 1331 488 1359 sed
503 1337 607 1359 natura!
627 1333 842 1367 germanitatem,
857 1334 1035 1369 essentiteque

249 1377 442 1412 proprietatem
455 1385 488 1405 ac
502 1378 708 1406 similitudinem
722 1379 856 1414 designat.
871 1378 907 1407 Ut
916 1381 989 1408 enim
1000 1381 1034 1409 de

250 1423 393 1458 splendore
412 1428 439 1451 et
457 1424 517 1452 luce
537 1424 592 1452 dici
608 1429 716 1460 potest:
733 1424 866 1461 Splendor
881 1434 936 1454 non
953 1426 1035 1454 habet

247 1468 417 1496 voluntatem
430 1469 457 1496 in
477 1469 538 1497 luce
552 1470 765 1505 antecedentem,
781 1471 829 1499 sed
844 1476 888 1499 est
902 1473 1034 1501 naturalis

1084 229 1140 256 Kal.
1156 230 1209 265 γὰρ
1221 230 1235 256 ὁ
1248 229 1312 261 Υἱὸς
1325 230 1356 264 τῇ
1370 225 1507 266 θελήσειῇ
1524 227 1629 255 θέλεται
1646 228 1701 264 (85)
1722 228 1798 264 παρὰ
1822 227 1869 255 τοῦ

1084 276 1202 311 Πατρὸς,
1215 275 1300 311 ταύτῃ
1320 275 1367 302 καὶ
1377 275 1459 307 αὐτὸς
1470 275 1575 310 ἀγαπᾷ,
1588 276 1634 301 καὶ
1648 274 1729 308 θέλει,
1743 275 1790 302 καὶ
1802 275 1872 311 τιμᾷ

1083 322 1129 348 τὸν
1144 321 1269 357 Πατέρα·
1293 321 1342 348 καὶ
1362 321 1392 348 ἓν
1408 321 1466 348 ἐστι
1486 320 1591 356 θέλημα
1606 320 1636 347 τὸ
1659 321 1691 347 ἐκ
1712 320 1820 356 Πατρδς
1842 321 1872 347 ὲν

1085 367 1152 403 Tit},
1166 368 1204 400 ὠς
1220 368 1267 395 καὶ
1282 368 1315 395 ἐκ
1330 367 1427 395 τούτου
1452 367 1613 404 θεωρεῖσθαι
1632 367 1678 394 τὸν
1697 367 1762 394 Υἱὸν
1784 368 1814 394 ὲν
1833 366 1872 403 τῷ

1084 413 1181 449 Πατρὶ,
1195 414 1243 440 καὶ
1256 414 1301 440 τὸν
1315 413 1425 449 Πατέρα
1444 414 1472 440 ἐν
1487 413 1525 449 τῷ
1542 413 1608 448 Υἱῷ.
1622 412 1668 448 Μὴ
1691 413 1782 448 μέντοι
1799 412 1872 440 κατὰ

1085 459 1260 487 Οὑαλεντῖνον
1276 460 1484 496 προηγουμένην
1498 468 1539 490 τις
1551 459 1607 494 (86)
1630 458 1754 494 βούλησιν
1780 458 1872 485 ἐπεισ-

1085 506 1175 540 αγέτω
1184 513 1191 521 ·
1208 505 1275 541 μηδὲ
1284 505 1366 541 μέσον
1377 514 1419 537 τις
1433 506 1529 533 ἑαυτὸν
1543 505 1647 532 ὠθείτω
1659 504 1706 532 τοῦ
1718 504 1799 540 μόνου
1815 505 1873 531 Παι-

1083 551 1146 587 τρδς
1165 551 1233 587 πρὸς
1253 551 1298 577 τὸν
1317 550 1397 586 μόνον
1419 550 1515 584 Λόγον,
1535 549 1670 586 προφάσει
1684 549 1731 577 τοῦ
1749 549 1874 585 βουλεύε-

1085 597 1146 624 σθαι
1160 597 1225 632 (87).
1241 597 1371 624 Μαίνοιτο
1381 597 1435 632 γὰρ
1450 596 1482 623 ἄν
1495 604 1536 628 τις
1550 596 1651 631 μεταξὺ
1665 595 1749 627 τιθεὶς
1764 595 1874 632 Ila-:96;

1084 643 1131 670 καὶ
1145 642 1210 669 Υἱοῦ
1224 642 1350 678 βούλησιν
1364 643 1411 669 καὶ
1424 642 1530 677 σκέψιν.
1555 643 1611 669 Kal.
1634 642 1688 678 γὰρ
1704 641 1797 677 ἕτερόν
1813 643 1873 668 ἐστι

1084 688 1183 721 λέγειν.
1199 687 1328 723 Βουλήσει
1343 688 1466 722 γέγονεν,
1479 687 1572 724 ἕτερον
1589 687 1633 720 δὲ,
1647 688 1688 714 ὃτι
1711 687 1792 714 Ἴδιον
1807 687 1874 714 ὅντα

1085 734 1163 769 φύσει
1176 735 1221 761 τὸν
1234 735 1297 761 Υἱὸν
1314 734 1396 761 αὑτοῦ
1407 734 1502 769 ἀγαπᾷ
1515 734 1561 761 καὶ
1575 734 1647 761 θέλει
1660 734 1751 762 αὐτόν.
1772 734 1809 761 Τὸ
1822 734 1873 770 μὲν

1083 780 1138 816 γὰρ
1153 780 1242 814 λέγειν
1254 799 1262 812 ,
1289 781 1335 807 Ἐκ
1355 780 1507 816 βουλήσεως
1518 780 1623 815 γέγονε,
1641 780 1748 816 πρῶτον
1771 780 1820 816 μὲν
1841 780 1873 806 τὸ

1087 826 1123 861 μὴ
1141 824 1210 853 εἶναι
1227 835 1292 853 ποτε
1312 826 1406 853 τοῦτον
1420 826 1562 861 σημαίνει·
1577 826 1671 853 ἔπειτα
1692 827 1732 859 δὲ,
1752 827 1799 853 καὶ
1823 825 1873 862 τὴν

1085 873 1127 898 ἐπ’
1144 873 1227 908 ἄμφω
1241 872 1325 908 ῥοπὴν
1337 872 1406 907 ἔχει,
1423 871 1550 907 καθάπερ
1566 872 1673 907 εἴρηται
1684 879 1692 886 ·
1709 871 1781 899 ὥστε
1789 872 1872 899 adva-

1084 919 1146 946 σθαί
1161 927 1221 946 τινα
1237 920 1316 950 νοεῖν,
1337 919 1378 945 ὄτι
1399 918 1516 953 ἠδύνατο
1531 919 1578 945 καὶ
1599 918 1636 954 μὴ
1661 917 1804 954 βούλεσθαι
1826 917 1874 946 τὸν

1085 964 1156 991 Υἰόν.
1178 964 1240 990 Ἐπὶ
1264 963 1329 990 Υιοῦ
1344 963 1372 990 δὲ
1397 963 1487 998 λέγειν
1499 983 1507 995 ,
1527 964 1655 991 Ἦδύνατο
1669 964 1716 991 καὶ
1733 964 1771 999 μὴ
1790 961 1871 995 εἶναι,

1083 1010 1211 1042 δυσσεϐὲς
1223 1011 1280 1037 ἐστι
1298 1011 1344 1037 καὶ
1361 1009 1460 1045 φθάνον
1472 1011 1511 1042 εἱς
1523 1011 1573 1046 τὴν
1585 1010 1632 1037 τοῦ
1652 1009 1759 1045 Ila-:96;
1777 1009 1872 1036 οὐσίαν

1082 1057 1114 1083 τὸ
1132 1057 1276 1092 τόλμημα·
1291 1055 1348 1090 εἴγε
1371 1057 1402 1083 τὸ
1424 1056 1488 1082 ἴδιον
1516 1057 1601 1092 αὐτῆς
1624 1056 1739 1091 ἠδύνατο
1758 1055 1813 1091 (88)
1833 1054 1873 1091 μὴ

1083 1100 1162 1129 εἶναι.
1183 1103 1293 1138 Ὅμοιον
1313 1102 1367 1138 γὰρ
1379 1102 1416 1134 ὼς
1430 1102 1454 1128 εἰ
1472 1102 1598 1136 ἐλέγετο,
1626 1102 1755 1129 Ἡδύνατο
1769 1102 1816 1128 καὶ
1832 1100 1871 1136 μὴ

1083 1147 1152 1176 εἶναι
1169 1149 1270 1183 ἀγαθὸς
1288 1150 1303 1175 6
1319 1150 1424 1184 Πατήρ.
1442 1148 1510 1175 Ἀλλ’
1524 1148 1618 1184 ὥσπερ
1642 1148 1742 1183 ἀγαθὸς
1765 1148 1808 1174 ἀεὶ
1823 1147 1874 1175 καὶ

1083 1196 1117 1230 τῇ
1131 1194 1220 1229 φύσει,
1234 1193 1320 1226 οὕτως
1330 1195 1373 1221 ἀεὶ
1387 1194 1544 1230 γεννητικὸς
1553 1195 1586 1229 τῇ
1598 1193 1677 1228 φύσει
1689 1194 1703 1219 6
1714 1193 1808 1228 Πατήρ
1819 1201 1827 1207 '
1842 1192 1874 1219 τὸ

1083 1240 1111 1266 δὲ
1123 1240 1221 1274 λέγειν,
1230 1241 1258 1267 Ὁ
1270 1240 1363 1276 Πατὴρ
1377 1240 1500 1268 θέλειτὸν
1508 1240 1582 1272 Υὶὸν,
1597 1240 1654 1270 καὶ,
1669 1240 1698 1265 '0
1707 1239 1791 1273 Λόγος
1801 1238 1873 1265 θέλει

1083 1286 1129 1312 τὸν
1145 1287 1269 1322 Πατέρα,
1290 1287 1320 1313 οὐ
1347 1287 1472 1323 βούλησιν
1494 1289 1704 1322 προηγουμένην
1725 1285 1874 1316 δείκνυσιν.

1084 1331 1151 1358 ἀλλὰ
1162 1332 1268 1366 φύσεως
1281 1333 1465 1368 γνησιότητα,
1488 1333 1535 1359 καὶ
1560 1332 1653 1363 οὐσίας
1681 1331 1801 1366 ἰδιότητα
1824 1331 1874 1357 καὶ

1083 1378 1212 1413 ὁμοίωσιν
1228 1377 1366 1414 γνωρίζει.
1388 1378 1431 1409 Ὡς
1449 1377 1503 1413 γὰρ
1515 1376 1562 1404 καὶ
1575 1377 1621 1403 επὶ
1640 1376 1686 1402 τοῦ
1707 1375 1763 1411 (89)
1781 1376 1874 1402 ἀπαυ-

1084 1423 1225 1459 γάσματος
1243 1424 1275 1450 ἄν
1298 1433 1341 1455 τις
1361 1423 1433 1450 εἴποι
1446 1424 1493 1450 καὶ
1506 1422 1554 1449 τοῦ
1569 1423 1667 1457 φωτὸς,
1683 1423 1724 1449 ὅτι
1742 1421 1773 1448 τὺ
1785 1420 1875 1448 ἀπαύ-

1084 1479 1178 1506 γασμα
1202 1470 1251 1496 οὐκ
1270 1470 1326 1505 ἔχει
1347 1469 1396 1505 μὲν
1415 1469 1540 1505 βούλησιν
1559 1468 1767 1505 προηγουμένην
1786 1468 1814 1493 ὲν
1833 1467 1874 1502 τῷ

248 1513 309 1548 ejus
327 1512 408 1546 fetus,
423 1521 504 1549 quem
519 1514 576 1542 vult
597 1514 642 1541 lux
661 1522 677 1542 a
695 1523 750 1550 qua
768 1516 897 1552 gignitur,
914 1525 968 1545 non
984 1525 1033 1545 vo-

1088 1515 1169 1551 φωτι-
1185 1516 1282 1543 ἔστιδὲ
1295 1516 1373 1550 φύσει
1395 1515 1478 1542 αὐτοῦ
1492 1515 1614 1551 γέννημα
1632 1514 1775 1550 θελόμενον
1796 1513 1876 1549 παρὰ

249 1558 361 1586 luntatis
374 1559 576 1593 deliberatione,
590 1560 636 1588 sed
652 1565 749 1589 natura
768 1566 795 1588 et
808 1562 938 1596 veritate;
953 1563 990 1591 ita
1002 1564 1036 1592 de

248 1603 330 1632 Patre
344 1609 372 1632 et
385 1603 454 1632 Filio
469 1610 542 1633 recte
558 1606 610 1633 dici
626 1606 712 1640 possit
728 1614 735 1633 :
752 1605 832 1635 Pater
850 1614 925 1637 amat
937 1612 964 1637 et
977 1610 1036 1638 vult

250 1649 360 1682 Filium,
378 1655 415 1683 et.
428 1650 515 1679 Filius
533 1655 606 1679 amat
618 1657 645 1680 et
659 1653 717 1681 vult
728 1653 848 1682 Patrem.

285 1779 329 1807 67.
353 1779 392 1807 Ne
409 1780 491 1816 igitur
513 1781 661 1809 voluntatis
680 1790 749 1818 opus
764 1783 914 1818 appelletur
929 1783 1015 1813 Filius
1026 1805 1033 1817 ,

250 1834 301 1854 nec
317 1825 453 1854 Valentini
477 1834 555 1855 error
576 1827 604 1854 in
628 1826 778 1856 Ecclesiam
801 1829 962 1863 inducatur;
988 1832 1035 1858 sed

249 1873 343 1901 vivens
358 1873 404 1900 ille
422 1873 567 1900 consilium
589 1881 725 1909 verusque
747 1879 775 1902 et
795 1876 928 1904 naturalis
945 1876 1035 1904 Patris

249 1918 322 1946 fetus
337 1926 399 1946 esse
413 1918 531 1953 dicatur,
546 1923 578 1946 ut
590 1919 660 1947 lucis
678 1920 816 1955 splendor.
839 1921 884 1949 Sic
896 1922 969 1949 enim
985 1922 1036 1950 Pa-

250 1970 291 1992 ter
310 1967 368 2000 ipse
386 1970 429 1993 est
447 1965 566 1999 locutus,
582 1965 723 1993 Eructanit
743 1974 789 1993 cor
811 1975 897 1994 meum
923 1968 1035 1996 Verbum

250 2012 346 2038 bonum
358 2011 382 2027 ’³
397 2020 407 2038 :
428 2013 473 2039 cui
493 2010 578 2040 Filius
596 2011 639 2040 his
659 2012 749 2041 verbis
775 2015 904 2048 concinit,
926 2015 983 2050 Ego
1007 2017 1035 2043 in

249 2056 342 2090 Patre,
356 2061 382 2084 et
397 2056 480 2085 Pater
496 2057 524 2084 in
541 2065 582 2084 me
599 2062 639 2085 est
651 2057 685 2086 “.
702 2057 795 2094 itaque
811 2059 835 2087 si
854 2059 973 2088 Verbum
993 2067 1035 2090 est

249 2104 277 2130 in
294 2103 386 2137 corde,
405 2104 450 2132 ulti
466 2108 508 2132 est
526 2104 675 2132 voluntas?
701 2104 832 2134 Similiter
851 2107 873 2134 si
892 2106 979 2136 Filius
993 2113 1034 2136 est

249 2150 276 2176 in
291 2148 382 2179 Patre.
400 2149 445 2176 ubi
461 2153 503 2176 est
515 2149 679 2176 arbitrium?
694 2149 808 2183 Deinde,
825 2150 849 2178 si
863 2151 921 2186 ipse
935 2157 978 2180 est
990 2159 1036 2180 vo-

282 2207 305 2223 ’³
322 2206 395 2234 Psal.
409 2214 482 2241 XLIV,
496 2207 523 2234 2.
561 2207 584 2223 "
600 2207 681 2235 Joan.
696 2216 752 2241 xtv,
765 2208 810 2236 10,

1085 1562 1133 1589 τοῦ
1150 1562 1238 1597 φωτὸς
1262 1571 1310 1589 του
1327 1563 1375 1589 καὶ
1388 1562 1569 1598 γεννήσαντος
1596 1561 1650 1597 (90)
1671 1561 1748 1591 αὐτὸ,
1771 1560 1822 1586 οὐκ
1845 1561 1875 1587 ὲν

1086 1607 1181 1642 σκέψει
1199 1607 1367 1643 βουλήσεως,
1387 1600 1455 1634 me
1475 1607 1555 1642 φύσει
1580 1606 1627 1634 καὶ
1653 1605 1782 1641 ἀληθείᾳ·
1800 1605 1876 1632 οὕτω

1085 1654 1133 1681 καὶ
1146 1654 1192 1680 ἐπὶ
1204 1654 1250 1680 τοῦ
1267 1654 1373 1688 Πατρὸς
1386 1655 1434 1681 καὶ
1445 1653 1493 1680 τοῦ
1505 1653 1570 1680 Υἰοῦ
1583 1652 1670 1689 ὀρθῶς
1688 1652 1721 1679 ἄν
1732 1661 1775 1683 τις
1788 1651 1874 1685 εἴποι,

1084 1699 1125 1726 ὅτι
1137 1700 1152 1726 6
1174 1699 1270 1736 Πατὴρ
1290 1700 1385 1736 ἀγαπᾷ
1410 1700 1458 1727 καὶ
1474 1699 1546 1726 θέλει
1561 1700 1607 1726 τὸν
1619 1699 1694 1731 Υἱὸν,
1709 1698 1756 1725 καὶ
1770 1698 1784 1724 ὁ
1809 1697 1876 1729 Tib;

1085 1745 1180 1781 ἀγαπᾷ
1195 1746 1242 1773 καὶ
1257 1745 1328 1772 θέλει
1343 1746 1388 1773 τὸν
1403 1746 1526 1782 Πατέρα.

1121 1790 1165 1817 67.
1183 1791 1287 1818 Οὐκοῦν
1299 1791 1337 1827 μὴ
1350 1791 1471 1826 λεγέσθω
1485 1792 1640 1828 θελήματος
1653 1791 1850 1827 δημιούργημα
1860 1792 1876 1817 ὁ

1085 1836 1160 1868 Υἱὸς,
1173 1837 1239 1872 μηδὲ
1249 1837 1284 1864 τὰ
1294 1837 1351 1872 (91)
1366 1836 1543 1864 Οὐαλεντίνου
1556 1836 1744 1870 ὲπεισαγέσθω
1758 1837 1790 1871 τῇ
1812 1836 1877 1863 Ἐκ-

1086 1882 1194 1918 κλησίᾳ,
1203 1882 1271 1910 ἀλλὰ
1279 1882 1360 1918 βουλὴ
1372 1883 1457 1915 ζῶσα,
1472 1883 1520 1910 καὶ
1528 1882 1636 1919 ἀληθῶς
1646 1882 1726 1918 φύσει
1738 1883 1875 1918 γέννημα,

1085 1928 1123 1960 ὡς
1134 1927 1181 1955 τοῦ
1195 1929 1283 1963 φωτὸς
1299 1929 1331 1956 τὸ
1353 1929 1534 1965 ἀπαύγασμα.
1552 1929 1630 1956 Οὕτω
1645 1929 1700 1965 γὰρ
1712 1929 1760 1956 καὶ
1781 1929 1796 1956 6
1825 1929 1876 1964 μὲν

1085 1975 1181 2010 Πατὴρ
1190 1974 1310 2011 εἴρηκεν,
1344 1975 1538 2010 Ἐξηρεύξατο
1556 1976 1575 2010 ἡ
1587 1976 1693 2010 καρδία
1702 1985 1762 2010 μου
1776 1976 1877 2010 Λόγον

1084 2020 1212 2056 ἀγαθόν·
1227 2021 1241 2048 ό
1256 2021 1285 2048 δὲ
1296 2021 1361 2054 Υἱὸς
1371 2021 1534 2055 ἀκολούθως,
1557 2021 1628 2057 Ἐγὼ
1646 2021 1680 2048 ἐν
1702 2022 1742 2054 τῷ
1763 2021 1857 2056 Harp!
1867 2040 1875 2054 ,

1085 2067 1135 2094 καὶ
1148 2068 1164 2094 ὁ
1178 2067 1279 2102 Πατὴρ
1292 2067 1326 2094 ἐν
1335 2067 1412 2102 ἐμοι.
1426 2067 1458 2094 El
1470 2068 1499 2095 δὲ
1509 2069 1523 2095 6
1534 2068 1590 2104 (92)
1608 2068 1694 2102 Λόγος
1714 2068 1743 2094 ὲν
1762 2068 1875 2103 καρδίᾳ,

1085 2111 1137 2138 ποῦ
1153 2113 1169 2148 ἡ
1189 2112 1330 2148 βούλησις;
1348 2113 1403 2140 Καὶ
1420 2114 1445 2140 εἰ
1458 2115 1472 2140 6
1488 2113 1552 2146 Υἱὸς
1573 2113 1602 2140 ὲν
1616 2113 1655 2148 τῷ
1669 2113 1766 2149 Πατρὶ,
1789 2113 1841 2140 ποῦ
1857 2114 1875 2149 ἡ

1086 2157 1210 2193 Θέλησις;
1226 2159 1281 2185 Kal.
1298 2159 1322 2185 εἰ
1338 2159 1356 2194 ἡ
1370 2158 1495 2195 βούλησις
1514 2159 1610 2191 αὐτὸς,
1625 2159 1685 2191 πῶς
1700 2160 1729 2186 ὲν
1746 2159 1876 2195 βουλησει

285 2267 340 2301 (85)
362 2266 473 2301 Seguer.
487 2267 595 2294 Gobler.
611 2271 638 2294 et
653 2267 772 2296 Fclckm.
785 2269 811 2302 1,
837 2269 962 2298 θελείται,
979 2271 1031 2300 Πε-

286 2311 308 2329 ts
326 2302 441 2335 primus,
457 2302 577 2329 τέλυται.

1088 2273 1166 2335 ξὺσει
1181 2271 1339 2334 γενντὲτικος
1354 2273 1368 2298 6
1383 2272 1488 2307 Πατήρ.
1511 2271 1612 2299 Ibidem
1635 2270 1736 2305 Regius
1754 2271 1875 2312 primus,

1107 2315 1198 2335 eauer.
1211 2307 1251 2334 Go
1271 2307 1365 2334 lenan.
1380 2311 1407 2334 et
1420 2306 1539 2334 Felckm.
1556 2307 1581 2335 1.
1596 2305 1627 2333 τὸ
1640 2306 1668 2332 δὲ
1682 2305 1780 2335 λέγειν.
1796 2307 1831 2333 At
1847 2315 1875 2333 lll

247 2304 308 2337 gius
326 2302 441 2337 primus,
457 2302 577 2329 τέλυται.

284 2336 340 2377 (86)
359 2336 440 2377 Basil.
465 2338 516 2373 τήν
539 2345 588 2377 pro
609 2346 653 2377 τις
673 2338 848 2377 habethMox
864 2345 926 2375 post
940 2341 1033 2377 μέσον,

249 2373 349 2411 lit-gius
362 2373 475 2411 primus
490 2377 517 2400 et
544 2372 725 2408 Seguerianus
738 2374 841 2403 addunt
853 2372 906 2408 τις,
920 2372 993 2411 quod
1006 2372 1034 2404 in

247 2409 310 2435 aliis
323 2413 350 2434 et
365 2407 446 2435 editis
461 2408 547 2435 deest.

283 2443 340 2479 (S7)
360 2441 480 2479 Uterque
495 2442 561 2477 Reg.
574 2442 686 2479 Seguer.
703 2444 812 2472 Gobler.
830 2449 857 2472 et
873 2445 993 2473 Felt-ltm.
1007 2446 1033 2479 1,

246 2477 431 2543 ἓξυὲεύεσθαι.
447 2477 543 2505 Cameri
569 2484 596 2506 et
614 2477 703 2507 'editio
727 2479 952 2514 Commeliniana,
970 2477 1034 2516 βούὲ

278 2522 294 2539 σ
312 2522 349 2540 αι.

361 2547 407 2577 Sic
421 2550 487 2585 Reg.
506 2549 531 2581 l,
547 2548 660 2584 Seguer.
676 2550 785 2578 Gobler.
811 2555 838 2578 et
860 2550 980 2578 Felcltm.
1006 2552 1030 2578 1.

248 2582 301 2610 Sed
317 2583 496 2613 Goblerianus
512 2588 539 2612 et
554 2584 731 2612 Felckmanni
753 2586 860 2613 primus
881 2586 980 2613 habent
994 2586 1031 2613 ὡς

248 2588 301 2610 Sed
317 2588 496 2613 uoblerianus
512 2588 539 2612 et
554 2588 731 2612 Fetekmanni
753 2588 860 2620 primus
881 2588 980 2613 habent
994 2588 1031 2618 ὡς

247 2618 539 2661 εξ-ξλεγεντλῇίάςηιιιυο
561 2625 588 2661 et
606 2619 838 2661 Regipsprimus,
852 2621 973 2661 ὲδιόνατο.
997 2622 1032 2661 at

245 2653 293 2694 alii
306 2659 339 2694 et.
346 2654 412 2682 editi
428 2653 556 2694 sic_l_iunc
570 2653 784 2694 locum_habent,
798 2655 854 2694 εζγε
865 2656 895 2682 τὸ
907 2656 971 2694 ἴδιον
982 2657 1031 2694 ad-

245 2689 296 2723 ἰ-ῆς
312 2688 426 2726 λέγοιτο,
450 2689 566 2725 ἠδύνατο
590 2691 627 2726 μὴ
651 2688 720 2717 εἶναι
740 2688 850 2725 άγαθόξ,
868 2696 921 2718 etc.
945 2690 1030 2726 Paulo

246 2728 309 2763 post
324 2723 424 2763 Regius
439 2723 543 2763 primus
559 2723 831 2763 et'Seguerianu'sutt
844 2725 1030 2763 etilegitNan-

246 2760 319 2792 nius,
341 2759 425 2791 οὕτως
440 2759 490 2786 ⁷ἀεὶ
511 2761 668 2795 γεννητικὸς
681 2763 714 2796 τῇ
729 2761 808 2795 φύσει
824 2763 838 2788 6
858 2759 959 2796 Πατὴρ.
978 2761 1030 2789 Re—

246 2795 307 2823 gius
323 2795 468 2823 secundus.
485 2795 556 2821 οὕτω
574 2796 621 2821 καὶ
642 2797 685 2822 ἀεὶ
697 2798 743 2822 καὶ
754 2798 787 2823 τῆ
809 2797 888 2823 φύσει
906 2805 1029 2823 γεννητι-

246 2795 307 2830 gius
323 2795 468 2826 secundus,
485 2795 556 2835 diluo
574 2796 621 2821 ml.
642 2797 685 2822 ἀεὶ
697 2798 743 2836 ζα).
754 2797 888 2832 τῇιφύσει
906 2795 1028 2832 γεννητι-

246 2830 294 2861 κὸς
308 2830 322 2856 ὁ
337 2829 442 2864 Πατήρ.
457 2830 509 2857 Ain
525 2835 616 2858 autem
632 2836 659 2858 et
672 2831 749 2865 editi,
761 2832 863 2865 ἀγαθὸς
876 2832 919 2859 ἀεὶ
935 2832 982 2858 καὶ
996 2832 1028 2867 τῇ

1107 2305 1198 2343 eguer.
1211 2305 1365 2343 Goblerian.
1380 2311 1407 2334 et
1420 2305 1539 2343 Felckm.
1556 2307 1581 2339 1,
1596 2305 1627 2333 τὸ
1640 2306 1668 2332 δὲ
1682 2305 1780 2340 λέγειν.
1796 2307 1831 2333 At
1847 2307 1875 2333 in

1085 2341 1190 2371 caeteris
1203 2346 1229 2368 et
1244 2342 1323 2369 editis
1336 2342 1411 2369 deest
1421 2341 1521 2376 λέγειν.

1121 2377 1177 2413 (89)
1199 2377 1299 2412 Regius
1314 2377 1420 2413 primus
1429 2375 1469 2413 ret
1498 2376 1743 2413 Seguerianus,'ng
1755 2375 1811 2412 γὰρ
1826 2377 1878 2404 καὶ

1085 2410 1132 2440 ὲπῖ
1147 2410 1208 2447 ἰξοῦἒ
1221 2410 1274 2439 Alii
1289 2410 1515 2447 et'editi,"ﬂcrtep
1529 2410 1575 2437 ἐπὶ
1590 2410 1649 2438 τοῦ.

1121 2447 1177 2483 (90)
1198 2446 1300 2482 Regius
1315 2447 1420 2483 primus
1435 2452 1469 2483 et
1479 2445 1673 2483 seguerianus,
1685 2445 1734 2483 τοῦ
1751 2447 1798 2473 xat
1813 2455 1878 2480 γεν-

1085 2480 1226 2518 νήσαντος.
1240 2480 1293 2509 Alii
1308 2480 1335 2518 et
1345 2482 1409 2510 editi
1422 2482 1469 2508 καί
1481 2480 1620 2518 οῐῐὶἱιωιιιζ
1633 2480 1719 2518 Paulo
1727 2486 1788 2515 post
1797 2486 1876 2518 pter:

1086 2516 1139 2552 que
1153 2517 1254 2552 Regius
1265 2524 1292 2545 et
1310 2517 1503 2551 Seguerianus,
1518 2517 1564 2552 ἐπὶ
1574 2516 1621 2543 τοῦ
1632 2516 1743 2552 Πατρος
1759 2516 1808 2552 καὶ
1825 2516 1876 2542 τοῦ

1086 2551 1162 2580 Ῡὶοῦ.
1178 2551 1273 2579 Caneri
1288 2557 1315 2579 et
1331 2552 1406 2585 editi,
1423 2552 1470 2578 ἐπὶ
1491 2551 1536 2578 τοῦ
1554 2551 1660 2586 Πατρὸς
1685 2551 1732 2578 καὶ
1757 2551 1804 2578 ἐπὶ
1827 2551 1876 2578 τοῦ

1086 2587 1162 2615 Υἱοῦ.
1179 2588 1281 2614 Ibidem
1297 2587 1397 2623 Regius
1413 2585 1656 2623 primus,rSegu'cr.
1668 2585 1877 2623 rGoblet-ianget

1084 2622 1203 2665 Felckm.
1219 2621 1431 2658 primusfe't'rtot,
1443 2623 1493 2648 ὅτι.
1508 2622 1560 2649 Alii
1572 2626 1599 2649 et
1610 2621 1686 2654 editi,
1697 2621 1769 2647 εἴποι
1782 2621 1875 2655 τοῦτο,

1083 2667 1133 2684 οτι.

1119 2662 1175 2729 (31)
1195 2692 1296 2729 Regius
1312 2694 1425 2729 primus
1449 2699 1475 2720 et
1503 2693 1697 2727 Seguerianus,
1711 2692 1754 2718 τά.
1773 2691 1827 2718 Alii
1846 2695 1876 2718 et

1084 2728 1159 2759 editi,
1176 2729 1214 2754 τό.
1232 2728 1293 2756 Mox
1309 2728 1403 2761 Basil.,
1424 2729 1490 2755 am
1503 2729 1552 2763 καὶ
1566 2728 1657 2763 βουλή.

1121 2764 1175 2798 (92)
1196 2763 1242 2790 Sic
1266 2764 1371 2798 primus
1394 2762 1485 2791 codex
1501 2762 1567 2797 Reg.
1587 2763 1701 2797 Seguer.
1720 2762 1831 2789 Gobler.
1846 2765 1877 2789 et

1084 2798 1203 2826 Fclcktn.
1222 2799 1247 2826 1.
1262 2800 1297 2826 At
1309 2799 1336 2826 in
1352 2799 1413 2827 aliis
1425 2805 1451 2827 et
1468 2799 1549 2827 editis
1563 2798 1577 2824 ό
1591 2799 1675 2825 deest.
