1964 3038
129 150 178 181 Ᾱῦδ

667 149 795 179 ORATIO
814 150 847 178 lli
864 149 1004 178 CONTRA
1022 148 1181 176 ARIANOS.

1681 145 1733 174 4166

126 208 143 244 ἡ
156 207 243 242 pacti];
260 206 376 233 Ἄτοπον
390 206 444 242 γάρ
453 214 460 221 '
479 206 522 233 ἴνα
538 206 576 242 μὴ
587 207 634 234 καὶ
647 208 676 234 ἐν
685 208 764 244 Λόγῳ
779 208 792 234 ό
802 207 896 242 Λόγος,

950 207 1052 239 luntas,
1064 206 1202 241 quomodo
1218 206 1363 234 consilium
1379 205 1435 233 sive
1448 205 1574 232 voluntas
1587 205 1614 231 in
1632 205 1731 232 volun-

126 254 188 281 καὶό
199 252 260 284 Υἱὸς
273 253 300 279 ὲν
310 252 375 288 Υἱῷ,
392 253 465 288 καὶή
477 253 562 288 Σοφία
577 254 605 280 ὲν
616 254 701 289 Σοφίᾳ
712 254 821 290 γίνηται
833 254 900 290 (93),

128 299 240 334 καθάπερ
253 297 382 330 πολλάκις
391 298 510 335 εἴρηται.
525 299 617 326 Πάντα
641 300 694 336 γάρ
712 300 786 327 ἐστιν
804 301 818 327 ὁ
838 301 902 333 Υἱὸς

127 342 168 370 τοῦ
184 342 285 377 Πατρός
294 351 300 357 ε
316 343 362 369 καὶ
376 342 452 370 οὐδὲν
468 343 496 370 ὲν
508 343 548 379 τῷ
564 344 651 379 Πατρὶ
665 344 717 379 πρὸ
732 343 780 370 τοῦ
794 344 880 378 Λόγου
893 353 900 359 ·

127 389 177 416 ἀλλ’
186 390 212 415 ὲν
226 388 264 424 τῷ
273 388 351 424 Λόγῳ
364 389 411 425 καὶ
426 389 442 424 ἠ
456 389 580 425 βούλησις
589 398 596 404 ·
612 390 658 416 καὶ
669 389 701 417 δι’
715 390 798 417 αὐτοῦ
811 390 844 417 τὰ
854 389 901 417 τοῦ

127 434 286 469 βουλήματος
304 435 344 465 εὶς
361 434 441 470 ἔργον
451 434 609 466 τελειοῦται,
621 435 658 466 ὼς
677 435 781 468 ἔδειξαν
803 435 858 470 (94)
873 437 901 462 αἱ

125 479 188 505 θεῖαι
201 478 315 514 Γραφαὶ.
335 479 500 515 Ἐὁουλόμην
509 480 536 506 δὲ
553 481 617 512 τοὺς
630 480 738 512 ἀσεϐεῖς
749 480 835 513 οὕτως
861 482 901 513 εἰς

125 524 226 559 ἀλογίαν
239 525 427 558 πεπτωκότας,
445 526 492 552 καὶ
504 526 568 562 περὶ.
585 525 736 562 βουλήσεως
749 527 901 562 σκεπτομέ-

125 579 191 602 νους,
206 570 252 597 νῦν
264 571 399 606 ἐρωτῆσαι
416 572 513 607 μηκέτι
527 571 578 604 τὰς
594 572 738 604 τικτούσας
751 572 842 599 αὐτῶν
853 581 901 607 γυ-

123 617 219 647 ναῖκας,
230 615 264 647 ἃς
274 613 346 642 οὗτοι
356 616 412 652 (95)
427 617 559 653 πρότερον
576 617 689 653 ἠρώτων
705 616 829 651 λέγοντες
840 637 848 649 ,
869 618 901 644 Ei

122 658 187 695 εἶχες
199 661 265 692 υἱὸν,
283 662 347 697 πρὶν
362 662 494 698 γεννήσῃς
507 671 513 695 ;
531 662 600 689 ἀλλὰ
612 663 676 694 τοὺς
696 662 828 698 πατέρας,
855 663 902 689 καὶ

122 707 201 733 εἰπεῖν
210 707 301 739 αὐτοῖς
311 715 317 722 ·
330 707 445 742 Πότερον
460 708 645 743 βουλευόμενοι
658 707 764 742 γίνεσθε
773 709 901 744 πατέρες,

121 749 136 786 ἢ
152 751 217 779 κατὰ
233 751 315 786 φύσιν
328 753 433 788 καὶτῆς
446 753 522 788 ὑμῶν
539 753 707 789 βουλήσεως;
727 754 762 780 Ἦ
784 754 832 790 τῆς
849 754 901 789 φύ-

122 804 185 829 σεως
195 798 240 824 καὶ
256 798 349 830 οὐσίας
364 799 378 824 ὑ
383 799 441 834 μῶν
455 800 528 826 ἐστιν
540 800 619 835 ὃμοια
637 800 671 827 τὰ
687 800 782 832 τέκνα;
796 801 839 827 ἴνα
850 800 902 828 κᾶν

120 843 190 877 παρὰ
204 843 260 870 τῶν
273 844 374 878 γονέων
385 845 549 881 ὲντραπῶσι,
565 847 629 882 παρ’
643 842 680 873 ὧν
692 847 722 873 τὸ
740 846 836 882 λῆμμα
851 846 901 881 τῆς

952 256 1006 280 tate
1020 252 1082 280 est?
1096 251 1180 279 Valde
1194 252 1267 279 enim
1292 252 1343 279 hoc
1367 251 1514 278 absurdum
1531 255 1572 279 cst
1588 259 1594 278 :
1614 258 1647 278 ne
1659 251 1734 279 scili-
1769 273 1771 277 ,

951 301 994 324 cet
1013 296 1129 325 Verbum
1149 297 1175 324 in
1188 296 1286 329 Verbo,
1301 296 1385 323 Filius
1408 295 1435 322 in
1454 295 1533 328 Filio,
1549 300 1577 322 et
1598 294 1735 331 Sapientia

951 342 977 370 in
994 342 1130 378 Sapientia
1146 342 1202 369 ﬁeri
1213 342 1392 374 existimetur,
1404 342 1443 369 uti
1457 341 1555 376 saepius
1570 341 1670 369 dictum
1682 346 1733 370 est.

951 387 1072 422 Namque
1084 387 1169 414 Filius
1180 386 1271 414 omnia
1296 387 1355 421 ipse
1367 391 1409 414 est
1419 394 1480 421 quae
1494 386 1583 415 Patris
1599 391 1672 418 sunt,
1689 387 1734 414 ni-

951 433 1043 468 hilque
1062 437 1124 460 ante
1138 432 1256 459 Verbum
1278 437 1320 460 est
1340 432 1366 458 in
1391 432 1471 459 Patre
1491 440 1498 458 :
1527 432 1575 460 sed
1602 433 1628 459 in
1646 431 1734 460 Verbo

950 479 1032 507 etiam
1046 483 1089 506 est
1103 478 1240 510 voluntas,
1257 483 1284 506 et
1296 486 1345 513 per
1359 478 1446 513 ipsum
1461 485 1503 511 ea,
1517 486 1578 513 qute
1589 479 1735 506 voluntatis

951 530 1025 558 sunt,
1042 532 1123 560 opere
1137 525 1326 559 perﬁciuntur,
1346 529 1375 551 ut
1391 532 1423 551 ex
1436 524 1527 552 divina
1540 524 1679 560 Scriptura
1692 525 1735 552 di-

951 571 1079 599 dicimus.
1093 570 1194 598 Vellem
1211 578 1276 598 vero
1300 575 1330 597 ut
1355 570 1429 605 impii
1445 571 1492 606 qui
1515 579 1548 598 eo
1569 572 1736 600 devenerunt

952 616 1086 648 amentiae,
1097 620 1124 644 et
1136 615 1169 643 de
1181 616 1320 644 voluntate
1333 616 1482 651 disputant,
1494 617 1599 649 vellem,
1614 617 1735 652 inquam,

952 667 982 689 ut
997 669 1050 690 non
1064 662 1120 697 jam
1134 662 1334 697 interrogarent
1353 662 1495 695 mulieres,
1515 670 1582 697 quas
1602 662 1639 689 ita
1661 663 1739 697 prius

952 707 1183 743 percontabantur
1195 727 1202 739 ,
1228 707 1388 735 Habuistine
1407 707 1491 734 lilium
1514 708 1673 742 priusquam
1688 716 1736 744 ge-

952 754 1080 781 nuisses?
1102 761 1193 781 verum
1217 758 1307 789 patres
1330 754 1421 789 potius
1444 754 1496 781 hoc
1516 754 1596 781 modo
1621 754 1738 782 interm-

952 804 1015 834 gent
1030 809 1036 827 :
1050 799 1091 827 An
1109 799 1283 827 deliberando
1301 805 1391 835 patres
1407 799 1554 831 eilicimini,
1572 807 1605 827 an
1620 807 1738 828 verose-

952 845 1071 872 cundum
1085 849 1209 872 naturam
1223 850 1320 873 vestrm
1334 845 1415 873 etiam
1427 846 1591 874 voluntatis?
1605 846 1647 873 An
1659 846 1738 875 liberi

119 888 245 922 γενέσεως
258 890 413 926 ἀπῄτησαν,
427 891 473 918 καὶ
488 893 551 928 παρ’
567 888 605 919 ὧν
625 892 742 928 ἤλπισαν
756 892 828 928 ἔχειν
851 893 896 929 τὴν

950 890 1053 918 similes
1066 895 1130 918 sunt
1146 895 1242 918 vestrae
1254 896 1359 919 natura:
1371 897 1399 920 ct
1414 892 1593 920 substantiae?
1607 892 1670 920 Hatc
1685 893 1736 928 igi-

118 933 220 968 γνῶσιν.
236 936 480 972 Ἀποκριθήσονται
496 937 550 974 γὰρ
562 938 667 970 αὐτοῖς,
679 939 722 965 ὅτι
732 938 825 974 (96)‘A
839 947 900 973 γεν-

119 980 212 1015 νῶμεν,
229 981 261 1007 οὐ
279 981 326 1007 τοῦ
340 981 491 1018 θελήματος
503 1002 510 1015 ,
527 983 582 1010 ἀλλ’
606 983 684 1019 ἡμῶν
707 984 781 1011 ἐστιν
802 984 898 1020 ὃμοια·

117 1025 173 1053 οὐδὲ
195 1026 460 1063 προϐουλευσάμενοι
477 1029 608 1065 γινόμεθα
626 1031 729 1064 γονεῖς,
761 1030 829 1057 ἀλλὰ
849 1030 900 1065 τῆς

119 1071 220 1105 φύσεως
237 1072 303 1099 ἴδιόν
315 1074 371 1100 ἐστι
385 1074 416 1100 τὸ
429 1076 525 1110 γεννᾷν
537 1082 544 1090 ⁸
561 1075 621 1102 ἐπεὶ
634 1075 682 1102 καὶ
695 1076 775 1112 ἡμεῖς
790 1075 845 1103 τῶν
856 1084 902 1103 τε-

117 1116 212 1143 κόντων
229 1117 286 1152 (97)
302 1117 385 1153 ἐσμὲν
399 1119 512 1151 εἰκόνες.
540 1120 575 1146 Ἦ
594 1120 683 1148 τοίνυν
697 1120 901 1155 καταγινωσκέ-

115 1171 199 1189 τωσαν
211 1163 328 1195 ἑαυτῶν,
343 1164 392 1191 κα).
405 1165 585 1192 παυέσθωσαν
596 1166 795 1201 πυνθανόμενοι
806 1175 900 1201 γυναι-

116 1207 166 1234 κῶν
179 1209 241 1244 περὶ
251 1208 300 1235 τοῦ
313 1208 379 1236 Υιοῧ
401 1209 448 1237 τοῦ
466 1209 544 1243 Θεοῦ,
565 1211 582 1247 ἢ
606 1211 816 1246 μανθανέτωσαν
834 1213 900 1248 παρ’

115 1255 196 1282 αὐτῶν
211 1255 289 1292 (98),
305 1257 346 1284 ὄτι
361 1258 392 1284 οὒ
417 1257 542 1294 βουλήσει
559 1259 685 1293 γεννᾶται
706 1260 721 1286 ό
744 1259 816 1292 υἱὸς,
832 1258 901 1286 ἀλλὰ

115 1301 188 1335 φύσει
202 1301 248 1328 καὶ
266 1301 390 1338 ἀληθείᾳ.
409 1302 526 1340 Πρὲπων
541 1303 570 1330 δὲ
591 1305 637 1330 καὶ
653 1303 781 1340 ἁρμόζων
794 1304 900 1337 τούτοις

113 1347 126 1372 ό
141 1346 168 1379 ἐξ
184 1346 335 1383 ἀνθρώπων
345 1347 464 1383 ἔλεγχος,
480 1348 574 1385 ἐπειδὴ
594 1349 640 1375 καὶ
657 1348 813 1386 ἀνθρώπινα
835 1350 900 1385 περὶ

113 1391 159 1427 τῆς
170 1392 295 1429 θεότητος
307 1393 501 1428 διαλογίζονται
518 1395 542 1421 οἱ
559 1395 736 1430 κακόφρονες.
759 1395 792 1422 Τί
807 1396 900 1422 τοίνυν

112 1437 149 1464 ἔτι
158 1437 210 1472 (99)
220 1437 361 1473 μαίνονται
377 1439 401 1464 οἱ
412 1438 614 1474 Χριστομάχοι;
628 1439 682 1466 Καὶ
693 1439 772 1466 τοῦτο
784 1440 838 1476 γὰρ
851 1440 900 1467 αὗ-

111 1482 164 1509 τῶν
178 1483 274 1521 ὥσπερ
289 1481 335 1511 οὖν
352 1484 400 1511 καὶ
423 1484 457 1511 τὰ
483 1485 549 1512 ἄλλα
567 1484 748 1521 προὸλήματα
766 1485 899 1513 δέδεικται

111 1529 155 1555 καὶ
167 1529 289 1566 ἠλέγχθη
317 1530 451 1565 φαντασία
477 1530 524 1556 κα)¹
552 1530 740 1565 μυθοπλαστία
757 1531 795 1566 (1)
818 1531 898 1567 μόνον

109 1558 184 1601 ὅνταί
197 1558 300 1602 καζδιᾶ
313 1558 393 1602 τοῦτο
407 1558 560 1610 ὀφείλουσι,
570 1576 621 1603 κᾶν
642 1576 691 1611 ὀψέ
713 1558 898 1613 ποτειθεωρή-
911 1558 932 1586 c

111 1628 200 1652 σαντες
211 1622 250 1653 εἰς
264 1622 327 1648 ὅσον
339 1620 494 1657 ἀφροσύνης
509 1621 669 1648 πεπτώκασι
685 1623 817 1658 κρημνὸν,
834 1623 901 1650 ἀνα-

109 1664 180 1693 δῦναι
194 1668 241 1694 καὶ
256 1667 355 1702 φύγειν
371 1667 409 1703 (2)
422 1667 477 1694 ἀπὸ
497 1667 547 1702 τῆς
564 1667 612 1694 τοῦ
632 1668 755 1694 διασόλου
772 1668 896 1702 παγίδος,

108 1712 311 1749 νουθετούμενοι
329 1714 393 1749 παρ’
410 1713 499 1749 ἡμῶν.
514 1713 706 1751 Φιλάνθρωπος
722 1713 776 1750 γὰρ
797 1715 814 1750 ἠ
831 1715 897 1751 ἀλή-

108 1757 164 1785 θεια
179 1748 321 1794 κράζουσα
335 1748 481 1791 διαπαντός
494 1767 501 1774 ·
513 1760 549 1787 El
563 1748 628 1794 ἐμοὶ
638 1759 681 1794 μὴ
693 1748 848 1787 ,πιστεύετε
857 1748 895 1796 (3)

107 1801 148 1829 διὰ
161 1803 210 1839 τὴν
233 1803 286 1831 τοῦ
303 1804 429 1839 σώματος
456 1804 612 1840 περιϐολὴν,
642 1804 694 1831 κᾶν
720 1804 784 1838 τοῖς
797 1804 894 1840 ἔργοις

107 1849 292 1876 πιστεύσατε
301 1858 307 1865 ’
323 1849 373 1876 ἵνα
389 1848 493 1884 γνῶτε,
508 1849 552 1876 ὅτι
565 1849 622 1884 ἐγὼ
633 1849 669 1876 ἐν
679 1848 719 1882 τῷ
734 1850 835 1884 Πατρὶ,
845 1851 893 1877 καὶ

107 1895 123 1920 ὀ
134 1895 233 1930 Πατὴρ
243 1896 282 1923 ὲν
305 1895 384 1930 ἐμοι·
403 1896 468 1928 καὶ,
485 1895 559 1930 Ἐγὼ
578 1896 616 1931 (4)
633 1895 684 1922 καὶ
708 1897 725 1923 ὁ
738 1896 840 1930 Πατὴρ
861 1897 896 1923 ἓν

105 1939 211 1974 ἐσμενε
229 1941 292 1974 καὶ,
311 1941 338 1967 '0
349 1941 485 1976 ἑωρακὼς
497 1941 560 1976 ἐμὲ,
577 1941 688 1975 ἑώρακε
702 1941 755 1968 τὸν
769 1941 894 1976 Πατέρα.

111 1984 177 2012 Ἀλλ’
194 1986 208 2012 ό
226 1987 279 2023 μὲν
297 1987 398 2023 Κύριος
418 1987 541 2023 συνήθως
558 1986 824 2023 φιλανθρωπεύεται,
848 1987 897 2014 καὶ

105 2030 172 2058 ϐέλει
189 2034 296 2065 πάντας
310 2033 489 2069 ἀνορθοῦσθαι
505 2034 569 2066 τοὺς
589 2034 836 2069 κατερῤαγμένους,
856 2034 895 2066 ὡς

104 2077 119 2111 ἡ
133 2078 234 2110 αῖνεσις
246 2079 322 2112 λέγει
333 2078 380 2105 τοῦ
394 2079 476 2105 Δαϐἱδ
488 2079 526 2114 (5)
538 2088 544 2094 ·
558 2079 582 2105 οἱ
597 2080 626 2106 δὲ
640 2079 748 2111 ἀσεϐεῖς
758 2079 788 2106 οὐ
804 2079 893 2106 θέλον-

104 2130 148 2154 τες
164 2123 275 2150 ἀκούειν
288 2124 432 2159 Κυριακῆς
441 2125 544 2159 φωνῆς,
556 2124 617 2150 οὐδὲ
630 2124 758 2159 φέροντες
770 2125 836 2160 ὁρᾷν
848 2124 894 2152 τὸν

137 2191 159 2206 ’³
177 2190 258 2219 Joan.
282 2198 311 2224 ιη,
330 2191 375 2219 38.
414 2191 437 2207 "
456 2190 523 2218 ibid.
543 2190 588 2218 50.
626 2191 648 2207 "
667 2189 746 2218 Joan.
766 2199 822 2225 xtv,
842 2192 878 2220 9..

950 941 995 963 tur
1011 936 1150 972 inquirant
1171 946 1186 965 a
1210 938 1377 973 parentibus,
1394 942 1425 966 ut
1443 938 1478 966 ab
1496 938 1540 966 his
1556 938 1623 974 ipsis
1641 939 1738 966 conl'u-

950 986 1051 1014 tentur,
1067 982 1151 1018 5.89
1165 991 1180 1010 a
1195 984 1294 1019 quibus
1313 992 1373 1019 quae
1386 984 1517 1012 elicienda
1536 989 1608 1012 esset
1630 993 1662 1012 ex
1687 993 1737 1013 sua

949 1028 984 1056 de
998 1029 1126 1056 nascendi
1138 1029 1219 1057 modo
1231 1030 1382 1065 quastione
1394 1030 1534 1058 conclusio
1546 1034 1601 1058 tam
1615 1031 1738 1066 impense

950 1072 1118 1108 ﬂagitarunt,
1138 1079 1337 1110 speraruntque
1352 1083 1409 1103 rem
1423 1083 1456 1103 ex
1470 1075 1536 1111 ipsis
1549 1076 1629 1111 plane
1642 1077 1737 1112 cogni-

950 1123 1036 1148 turos.
1053 1119 1117 1148 Hazc
1131 1120 1236 1148 scilicet
1259 1121 1297 1148 illi
1322 1125 1387 1149 sunt
1410 1123 1567 1157 responsuri
1587 1132 1593 1150 :
1615 1122 1652 1150 Ea
1675 1131 1737 1158 quae

949 1165 1096 1200 gignimus,
1112 1174 1165 1194 non
1179 1167 1328 1195 voluntatis
1340 1172 1415 1200 sunt,
1428 1168 1475 1195 sed
1488 1169 1574 1196 nostri
1587 1173 1651 1196 sunt
1661 1170 1736 1197 simi-

949 1210 985 1237 lia
999 1218 1006 1236 :
1022 1218 1111 1246 neque
1126 1211 1203 1247 prius
1219 1212 1395 1240 deliberando
1418 1217 1509 1248 patres
1530 1213 1672 1247 efﬁcimur,
1688 1215 1735 1243 sed

949 1255 1059 1291 gignere
1082 1258 1223 1292 proprium
1247 1262 1290 1286 est
1314 1263 1428 1291 natura,
1446 1260 1666 1295 quandoquidem
1684 1269 1735 1289 nos

949 1309 1059 1338 quoque
1082 1303 1134 1338 ipsi
1157 1308 1299 1339 parentum
1323 1312 1420 1333 sumus
1443 1305 1585 1341 imagines.
1601 1305 1648 1334 Vel
1669 1314 1735 1342 ergo

949 1347 1055 1383 seipsos
1070 1348 1261 1382 condemnem,
1277 1353 1305 1375 et
1324 1349 1452 1378 mulieres
1466 1350 1500 1377 de
1516 1350 1585 1378 Filio
1602 1350 1647 1378 Dei
1663 1351 1735 1379 desi-

949 1399 1016 1421 nant
1031 1394 1224 1431 interrogare:
1245 1395 1287 1423 vel
1311 1399 1384 1423 certe
1405 1396 1440 1424 ab
1462 1396 1529 1431 ipsis
1548 1397 1655 1424 discant
1678 1404 1735 1424 non

948 1440 1097 1472 voluntate,
1107 1440 1154 1468 sed
1162 1445 1259 1468 natura
1272 1445 1300 1469 et
1312 1449 1406 1469 revera
1418 1441 1502 1468 ﬁlium
1515 1442 1600 1477 gigni.
1613 1442 1735 1478 [Equum

948 1485 1020 1512 enim
1038 1490 1081 1513 est
1093 1493 1142 1513 eos
1157 1486 1326 1521 argumentis
1344 1494 1377 1514 ex
1393 1486 1534 1513 hominum
1552 1491 1648 1513 natura
1665 1487 1734 1521 peti-

950 1530 985 1557 tis
1004 1530 1101 1561 refelli,
1119 1530 1166 1565 qui
1182 1531 1301 1558 humana
1319 1530 1354 1558 de
1367 1531 1507 1558 divinitate
1520 1531 1641 1566 improbe
1656 1532 1733 1567 cogi-

948 1578 1015 1601 tant.
1029 1574 1100 1608 Quid
1124 1575 1207 1610 igitur
1223 1575 1312 1602 adhuc
1335 1575 1478 1603 insaniunt
1495 1575 1597 1602 Christi
1619 1575 1735 1604 hostes?

946 1619 1014 1647 Nam
1043 1620 1115 1647 hanc
1145 1620 1254 1647 Illorum
1280 1619 1413 1647 rationem
1437 1624 1468 1647 ut
1494 1624 1521 1647 et
1545 1620 1611 1648 alias
1637 1627 1732 1648 omne:

945 1665 1114 1693 ostendimus
1126 1673 1159 1693 ac
1172 1666 1341 1693 convicimus
1354 1665 1422 1692 nihil
1435 1666 1487 1693 nisi
1505 1665 1610 1694 fabulas
1620 1671 1647 1694 et
1657 1673 1733 1694 mera

944 1715 1098 1738 commenta
1119 1719 1190 1739 esse.
1211 1711 1279 1739 Sero
1298 1712 1381 1747 igitur
1402 1713 1496 1740 saltem
1513 1712 1732 1740 animadvertant

946 1757 972 1784 in
986 1762 1114 1792 quantam
1137 1758 1301 1793 insipientia:
1313 1758 1471 1794 voraginem
1496 1766 1557 1787 sese
1580 1758 1732 1794 praecipita-

945 1804 1043 1834 verint,
1073 1811 1105 1831 ac
1129 1805 1229 1832 nostris
1256 1804 1452 1834 monitionibus
1476 1805 1597 1838 excitati,
1621 1806 1731 1832 tandem

946 1849 1009 1876 inde
1030 1849 1158 1878 festinent
1178 1858 1327 1885 cmergere,
1346 1859 1429 1887 seque
1449 1859 1483 1879 ex
1507 1851 1607 1879 diaboli
1626 1851 1731 1886 laqueis

946 1894 1082 1929 expedire.
1103 1894 1242 1931 Siquidem
1261 1897 1377 1932 benigna
1393 1902 1436 1924 est
1450 1897 1552 1924 veritas
1578 1904 1639 1931 quae
1658 1896 1731 1923 assi-

946 1939 999 1967 due
1013 1940 1114 1968 clamat
1129 1950 1135 1968 :
1154 1940 1183 1968 Si
1198 1941 1262 1968 mihi
1276 1942 1310 1969 ob
1326 1942 1449 1977 corporis
1461 1942 1589 1969 amictum
1603 1949 1654 1968 non
1671 1949 1730 1969 cre-

947 1986 1021 2020 ditis,
1040 1987 1161 2021 operibus
1181 1988 1277 2015 saltem
1296 1988 1404 2022 credite,
1426 1992 1456 2014 ut
1473 1988 1652 2023 cognoscatis,
1668 1988 1731 2022 quia

945 2041 991 2068 ego
1005 2034 1034 2060 in
1047 2033 1136 2067 Patre,
1150 2039 1175 2061 et
1194 2033 1278 2061 Pater
1294 2035 1321 2061 in
1336 2043 1376 2062 me
1391 2035 1472 2067 est",
1487 2039 1524 2067 et,
1540 2033 1596 2068 Ego
1612 2037 1636 2060 et
1650 2033 1730 2060 Pater

945 2087 1028 2106 unum
1047 2088 1138 2107 sumus
1149 2081 1181 2114 ’⁸,
1197 2084 1234 2113 et,
1253 2080 1306 2113 Qui
1329 2080 1393 2107 vidit
1418 2088 1467 2113 me,
1488 2080 1554 2107 vidit
1574 2079 1681 2106 Patrem
1695 2079 1727 2105 ".

948 2123 1046 2152 Verum
1070 2124 1202 2153 Dominus
1221 2125 1331 2160 quidem
1349 2132 1398 2161 pro
1413 2132 1490 2152 more
1511 2132 1561 2152 suo
1582 2125 1730 2152 clementer

136 2275 191 2311 (93)
213 2275 261 2306 Sic
272 2276 376 2312 Regius
388 2276 493 2311 primus
507 2281 535 2304 et
556 2276 749 2312 Seguerianus.
765 2276 800 2304 At
814 2277 889 2310 editi.
906 2278 1014 2308 D-Felc.
1039 2280 1065 2307 1.
1092 2281 1126 2307 At
1146 2280 1191 2308 alii
1213 2284 1241 2307 et
1261 2280 1345 2309 editio
1366 2279 1512 2311 Commel.,
1532 2278 1643 2305 τέκνων.
1667 2278 1728 2306 Mox

102 2311 260 2382 ἶέῖθιῖῗιὲίο
289 2346 394 2381 primus
418 2347 501 2374 codex
528 2346 594 2381 Reg.
611 2346 724 2382 Seguer.
739 2346 850 2382 Gobler.
865 2351 892 2374 et

102 2379 219 2415 Felckrn.
237 2382 265 2409 1.
289 2379 387 2409 Caeteri
405 2386 496 2409 autem
512 2386 538 2409 et
553 2379 775 2415 οῐιίιί,,ἑδίδαξαν.
791 2381 892 2409 Ibidem

102 2414 200 2456 Regius
215 2417 324 2456 primus
338 2421 365 2444 ct
379 2416 562 2456 §_eg_ucri_anus
571 2414 761 2456 ,.'E60ti7téttijy
774 2417 803 2444 δὲ
818 2416 892 2456 τους.

101 2450 201 2487 Regius
216 2450 369 2484 secundus,
386 2450 552 2487 Ἐϐουλόμην
566 2450 613 2479 οὖν
627 2452 699 2484 τούς.
707 2450 762 2479 Alii
776 2456 803 2480 et
817 2452 902 2484 editi,

107 2485 274 2522 Ἐβουλόμην
287 2486 359 2518 τούς.

136 2521 192 2557 (95)
212 2521 325 2549 Primus
337 2521 421 2549 codex
442 2521 543 2557 Regius
564 2528 591 2550 et
614 2523 807 2558 Seguerianus,
827 2523 891 2549 ἑαυ-

119 2555 153 2576 EN
168 2558 304 2576 νιιυηῗνηρ
317 2557 350 2576 ἣν·
365 2556 440 2576 ηιίη-ΛΙ
466 2556 567 2576 “ﬁdam
583 2558 696 2576 malum
712 2558 787 2576 alme!
806 2565 820 2576 α
837 2557 891 2576 [ΞΛ-

99 2556 304 2597 τῶνιγυναῖκας
317 2557 350 2589 ἃς
364 2556 452 2598 αὐτοίζ
466 2556 567 2586 Ibidem
583 2556 696 2594 πότερον
712 2558 788 2597 abest
806 2565 821 2584 a
837 2557 891 2585 Go-

100 2590 222 2633 blerlano
233 2591 511 2633 et_i“e!ckm.nprt_mo,
527 2600 578 2633 p_ro
592 2601 647 2628 quo
661 2593 780 2633 Anglic"
792 2592 890 2633 πρότε-

132 2635 156 2662 v.
177 2626 243 2653 Item
267 2627 365 2654 ibidem
391 2626 493 2662 Regius
507 2626 612 2662 primus
637 2632 665 2655 et
692 2626 887 2662 seguerianus,

116 2661 303 2698 ουλευόμενοι,
314 2666 344 2698 et
358 2661 495 2695 ιηοκξκαὶ
507 2661 566 2698 ίτῆς
587 2662 674 2698 ὑμῶν.
689 2661 741 2690 Alii
756 2662 886 2698 editique,

131 2696 270 2732 υλόμενοι,
286 2697 420 2732 iidemque
432 2698 478 2724 καί
492 2696 630 2725 omittunt.

132 2731 189 2768 (96)
204 2732 281 2768 Reg.
301 2731 314 2758 1
327 2737 356 2768 et
370 2731 483 2768 Seguer.
502 2733 605 2760 addunt
625 2734 677 2765 ὃτι,
694 2733 766 2761 (ιιιοὰ
777 2732 811 2768 in,
822 2732 884 2760 aliis

97 2771 132 2801 et,
143 2767 226 2794 editis
242 2769 329 2794 deest.
348 2767 415 2795 Ibid;
433 2767 506 2795 Felc.
524 2768 679 2798 2-eteditio
692 2767 838 2801 Commel.,
855 2768 885 2795 οὐ

99 2799 251 2838 θελῄματος
263 2802 341 2838 ἡμῶν
355 2802 428 2829 ἐστιν
442 2803 541 2838 ὃμοια..

266 2823 671 2874 Ϊὶῖξῖυἷιῖἓίηῖιῗξὲἒςιωιεῖοιι.
688 2839 843 2867 Goblerian.
857 2842 885 2866 et

941 2313 1007 2350 Reg.
1027 2315 1039 2341 1
1054 2335 1062 2348 ,
1084 2315 1196 2350 Seguer.
1221 2314 1330 2344 Gobler.
1346 2319 1373 2343 et
1389 2314 1460 2342 Felc.
1477 2315 1488 2341 1
1502 2334 1510 2346 ,
1537 2312 1726 2342 παυέσθωσαν.

939 2349 992 2377 Alii
1006 2354 1034 2377 et.
1049 2349 1131 2382 editi,
1140 2351 1351 2378 παυσάσθωσαν.

977 2384 1033 2420 (ἓὸ)
1053 2385 1099 2413 Sic
1111 2386 1215 2420 primus
1232 2387 1318 2413 codex
1344 2385 1461 2419 Regius,
1483 2385 1595 2419 Seguer.
1616 2384 1726 2413 Gobler.

941 2424 968 2447 et
985 2419 1055 2447 Felc.
1072 2421 1098 2447 1.
1112 2419 1147 2447 λι
1163 2421 1208 2448 alii
1222 2425 1249 2448 et
1263 2421 1338 2452 editi,
1355 2420 1402 2447 καὶ
1422 2421 1488 2452 παρ’
1504 2420 1604 2447 αὐτῶν.

977 2455 1035 2488 (99)
1057 2456 1117 2482 Ἔτι
1132 2460 1158 2483 et
1173 2463 1235 2483 mox
1251 2457 1303 2483 καίῖ
1314 2456 1415 2483 absunt
1427 2464 1442 2483 a
1456 2455 1523 2490 Reg.
1538 2455 1551 2481 1
1566 2460 1593 2483 et
1612 2455 1724 2490 Seguer.

980 2490 1018 2525 tl)
1039 2490 1089 2526 Sic
1100 2490 1206 2525 primus
1218 2491 1303 2518 codex
1321 2491 1431 2526 Regius,
1448 2491 1560 2526 Seguer.
1575 2490 1684 2518 Gobler.
1700 2495 1727 2518 et

945 2524 1016 2552 Et:ch
1034 2526 1058 2552 1.
1076 2524 1111 2553 At
1126 2526 1171 2553 alii
1185 2529 1212 2561 et
1223 2526 1299 2557 editi.
1317 2524 1498 2561 μυθοπλασίαζ

978 2561 1016 2602 (2)
1038 2561 1139 2596 Regius
1153 2561 1179 2592 1,
1197 2560 1369 2596 Segueriau.,
1381 2562 1488 2596 φυγεῖν.
1501 2560 1596 2588 Caeteri
1612 2565 1638 2588 et
1649 2560 1724 2594 editi,

961 2604 1061 2623 ευγειν.

941 2603 1145 2667 φεῖὦειῖὶεείυς
1161 2631 1282 2666 primus,
1301 2630 1472 2667 SegucrianL,
1492 2631 1527 2667 Et
1542 2631 1604 2666 ἐμοὶ
1611 2630 1658 2667 μὴ
1681 2641 1726 2658 πι-

939 2665 1047 2702 στεύετε
1057 2687 1065 2698 ,
1079 2665 1108 2702 et
1117 2665 1258 2702 ωοὲιηκᾶν
1267 2667 1323 2697 τοῖς
1337 2665 1437 2702 ἔργοις.
1450 2665 1560 2702 Gobler.
1572 2671 1599 2693 et
1610 2665 1682 2694 Fele.
1697 2668 1725 2699 1,

938 2701 1001 2728 item
1016 2701 1165 2738 πιστεύετε.
1174 2701 1227 2728 Alii
1237 2706 1265 2730 et
1273 2701 1357 2735 editi,
1368 2701 1430 2728 Ἐὰν
1441 2702 1503 2737 ἐμοὶ
1515 2701 1554 2737 μὴ
1567 2702 1725 2738 πιστεύητε.

940 2741 967 2764 et
983 2738 1112 2764 omittunt
1124 2736 1186 2764 κᾶν.

976 2772 1014 2807 (4)
1035 2772 1136 2807 Regius
1153 2772 1256 2806 primus
1269 2777 1297 2800 et
1312 2772 1437 2807 Seguer.,
1453 2772 1540 2806 κάγώ.

975 2807 1013 2841 (5)
1032 2807 1140 2835 Goblcr.
1157 2811 1184 2835 et
1199 2807 1270 2835 Felc.
1289 2807 1314 2841 1,
1328 2807 1365 2839 ὡς
1382 2808 1452 2834 αἰνεῖ
1463 2807 1554 2835 Δαῦίό.
