1964 3038
232 132 285 160 467

534 131 563 159 S.
584 131 772 158 ATIIANASII
790 131 863 158 UPP.
886 132 974 160 PARS
991 131 1010 159 1.

1074 131 1260 160 HISTORICA
1278 131 1322 159 ΕΤ
1340 130 1549 159 DOGMATICA.

1797 127 1849 157 468

232 192 298 227 agit,
319 195 346 218 et
360 198 454 219 omnes
466 190 547 217 elisos
562 191 651 226 erigit,
667 195 696 217 ut
711 191 849 218 ait~David
860 191 884 207 ’⁸
899 201 905 218 :
921 196 950 219 at
962 192 1010 218 im-

1065 191 1166 227 Κύριον
1182 191 1218 227 (6)
1235 191 1286 218 ὑπὸ
1300 191 1407 218 πάντων
1418 189 1631 225 ὁμολογούμενον
1641 188 1717 221 Θεδν,
1728 188 1774 215 καὶ
1782 185 1851 214 Θεοῦ

231 237 270 272 pii
290 235 457 263 Dominicam
473 242 566 262 vocem
583 235 706 262 nolentes
722 235 831 268 audire,
848 243 898 263 nec
922 236 1013 263 feren-

230 288 272 310 tes
287 282 442 314 Dominum,
456 281 540 308 Deum
555 285 582 308 et
595 281 641 308 Dei
661 281 759 308 Filium
776 282 865 317 palam
878 282 911 309 ab
924 283 1013 309 omni-
1024 313 1034 326 Ἰ

231 328 282 355 bus
297 327 418 362 agnosci,
438 327 519 354 velmi
541 327 681 359 scat‘abmi,
700 335 762 354 eum
782 335 832 354 suo
855 332 931 362 patre
954 327 1015 354 dia-

230 373 293 400 bolo
311 373 403 399 miseri
426 372 606 403 circumeunt.
623 379 653 399 ut
667 381 736 400 nova
751 373 898 408 impietatis
915 372 1014 400 conﬁr-

230 420 335 446 mandae
355 419 492 454 reperiant
516 423 684 453 argumenta.
704 419 773 452 Quid
791 419 872 454 igitur
887 419 957 446 ultra
973 418 1014 446 vel

229 464 300 491 unde
320 465 442 491 invenire
457 464 571 499 possint,
589 464 641 492 nisi
661 472 676 491 a
689 464 788 492 luditis
803 470 829 491 et
843 465 945 500 Caipba
963 464 1014 491 im-

228 511 272 545 pia
289 515 447 538 mutuentur
459 510 612 543 maledicta,
627 514 653 537 et
676 518 738 537 cum
756 510 902 545 gentilibus
918 517 1012 537 verum

231 554 313 582 Deum
335 555 452 590 negent?
473 555 613 590 Siquidem
643 555 742 583 clausa:
762 555 814 583 illis
835 561 898 582 sunt
918 556 1015 583 divina:

1068 237 1144 269 Υἰδν,
1160 238 1349 272 περιέρχονται
1371 237 1396 262 οἱ
1423 236 1519 268 ἄθλιοι,
1535 235 1572 267 ὡς
1657 235 1682 261 οἱ
1708 233 1849 269 κάνθαροι,

1070 283 1139 318 μετὰ
1154 283 1202 309 τοῦ
1216 282 1317 318 πατρὸς
1330 283 1434 309 ὲαυτων
1447 281 1493 308 τοῦ
1508 281 1630 307 διαϐόλου
1643 280 1793 315 προφάσεις
1811 280 1850 310 είς

1068 327 1194 355 ἀσέϐειαν
1207 327 1360 364 ζητοῦντες.
1376 329 1458 360 Ποίας
1473 326 1518 355 οὖν
1533 328 1586 363 ἄρα
1604 325 1672 361 μετὰ
1695 325 1781 352 ταῦτα
1797 324 1850 351 πά-

1067 372 1109 399 λιν
1126 372 1177 407 (8),
1193 373 1210 407 ἢ
1225 373 1305 399 πόθεν
1322 373 1411 408 εὑρεῖν
1421 373 1588 408 δυνήσονται,
1600 372 1623 397 εί
1647 370 1684 406 μὴ
1701 370 1754 405 ἄρα
1775 368 1850 404 παρὰ

1070 417 1120 453 μὲν
1141 418 1273 445 Ἰουδαίων
1289 418 1394 445 καὶτοῦ
1414 419 1526 453 Καῖάφα
1547 417 1584 453 (9)
1605 416 1778 443 δανείσωνται
1801 414 1851 446 τὰς

1067 464 1232 500 δυσφημίας,
1245 466 1308 501 παρ’
1316 465 1447 501 Ἐλλήνων
1455 465 1483 491 δὲ
1495 464 1597 491 λάϐωσι
1605 463 1653 499 τὴν
1667 461 1798 496 ἀθεότητα
1806 461 1850 491 ;ιι

1066 510 1121 546 γὰρ
1130 510 1199 537 Θείαι
1209 511 1316 545 Γραφαὶ
1329 511 1432 542 τούτοις
1442 509 1618 545 ἐκλείσθησαν
1628 529 1635 541 ,
1653 508 1700 534 ml.
1717 506 1853 540 πανταχό-

1069 555 1114 584 θεν
1128 557 1157 590 ἐξ
1173 557 1261 583 αὐτῶν
1274 557 1444 592 ὴλὲγχθησαν
1463 557 1578 591 ἄφρονες
1593 554 1640 581 καὶ⁸
1653 552 1850 589 Χριστομάχοι.

229 603 385 638 Scriptum,
404 612 437 632 ex
459 603 558 639 quibus
576 603 700 631 videlicet
720 607 748 631 et
773 604 849 631 stulti
870 609 897 631 et
911 603 1011 632 Christi
1027 603 1119 632 hostes
1132 612 1192 633 esse
1204 605 1278 632 omni
1291 612 1324 632 ex
1338 608 1413 640 parte
1427 608 1491 631 sunt
1503 602 1638 631 convicti}-

531 745 650 788 ’ΤΟΥ
695 745 883 790 ΑΥΤΟΥ
931 746 1010 790 ΛΟῙ

1065 746 1113 789 )Σ
1161 746 1439 789 ΤΕΤΑΡΤΟΣ
1456 741 1513 777 (ίθ)
1533 777 1544 788 .

616 812 885 892 EJquEM
921 847 1155 895 ORATIO
1193 848 1454 902 QUARTA.

264 947 291 973 1.
303 945 342 974 Ex
359 946 414 975 Deo
432 947 503 975 Deus
517 952 558 975 est
570 946 687 975 Verbum
713 955 720 974 :
736 956 853 983 namque
875 948 945 976 Deus
957 953 1015 976 erat

235 989 346 1018 Verbum
369 993 407 1026 ";
427 997 453 1020 et
469 1001 566 1020 rursus
581 1002 587 1019 :
603 993 721 1025 Quorum
733 998 866 1028 patres,et
877 1001 909 1020 ex
920 994 1014 1028 quibus

228 1036 348 1064 Christus
374 1038 419 1072 qui
442 1043 479 1064 est
503 1046 581 1072 super
600 1039 689 1065 omnia
716 1037 787 1065 Deus
811 1037 960 1066 benedictus
986 1039 1013 1065 in

227 1082 336 1110 amula.
357 1083 439 1110 Amen
461 1084 494 1109 '°.
519 1083 586 1116 Quia
603 1091 685 1118 porro
702 1091 735 1111 ex
760 1082 815 1111 Deo
835 1082 907 1111 Dens
921 1088 972 1116 est,
987 1090 1015 1111 et

227 1127 275 1155 Dei
290 1127 420 1162 Verbum,
441 1127 588 1163 Sapientia,
602 1129 687 1156 Filius
706 1134 733 1156 et
753 1129 844 1157 Virtus
869 1134 910 1156 est
932 1128 1013 1157 Chri-

227 1179 297 1206 stus;
309 1174 410 1202 idcirco
425 1182 496 1202 unus
509 1173 580 1201 Deus
595 1175 621 1201 in
634 1175 734 1202 divinis
749 1173 895 1209 Seripluris
907 1181 1014 1201 annun-

226 1219 321 1247 tiatur.
344 1220 411 1248 Cum
427 1220 499 1248 enim
514 1219 634 1248 Verbum
657 1221 737 1248 unius
754 1220 800 1248 Dei
818 1221 852 1248 sit
864 1219 959 1252 Filius,
979 1221 1012 1247 ad

226 1265 303 1293 illum
330 1267 409 1301 cujus
432 1272 473 1295 est
494 1267 627 1300 refertur,
643 1268 678 1294 ita
701 1272 730 1294 ut
754 1267 807 1294 duo
828 1267 937 1301 quidem
959 1266 1014 1293 Silll

225 1310 306 1339 Pater
319 1317 345 1339 et
365 1312 460 1346 Filius,
475 1314 565 1341 unitas
581 1321 645 1340 vero
661 1313 809 1340 divinitatis
828 1313 964 1339 imlividua
979 1311 1013 1340 sit

225 1357 356 1392 nulloque
380 1359 462 1386 modo
480 1359 640 1394 separabilis
658 1367 664 1385 ε
687 1366 720 1386 ac
741 1358 854 1393 proinde
866 1358 1011 1386 dicendum

225 1409 268 1429 est
281 1411 365 1430 unum
380 1411 440 1431 esse
454 1404 602 1432 divinitatis
615 1404 789 1439 principium,
806 1412 859 1431 non
871 1404 926 1431 duo
938 1403 1013 1438 prin-

226 1447 295 1483 cipia
311 1457 318 1475 :
333 1450 404 1476 unde
424 1450 531 1484 proprie
547 1455 574 1477 et
591 1450 748 1478 monarchia
763 1454 814 1477 est.
836 1449 875 1476 Ex
890 1449 949 1484 ipso
964 1457 1012 1476 an—

225 1497 278 1521 tem
306 1495 440 1530 principio
458 1495 573 1523 Verbum
597 1495 682 1524 Filius
701 1500 798 1523 natura
818 1495 941 1528 exsistit,
958 1502 1010 1521 non

225 1544 255 1566 ut
271 1540 343 1567 aliud
357 1541 521 1575 principium
541 1549 589 1576 per
608 1542 726 1576 seipsum
744 1541 906 1573 subsistens,
924 1548 1012 1575 neque

225 1585 334 1613 aliunde
347 1594 428 1621 quam
444 1594 476 1613 ex
489 1587 548 1622 ipso
564 1595 619 1614 uno
630 1587 763 1622 principio
779 1592 869 1618 natus.
887 1594 920 1613 ne
932 1586 1012 1622 dyar-

1100 949 1126 975 1.
1150 948 1198 975 Ἐκ
1212 947 1279 974 Θεοῦ
1297 948 1362 979 Θεὸς
1378 948 1451 974 ἐστιν
1463 948 1477 974 ὁ
1488 951 1586 981 Λογος·
1599 946 1646 973 καὶ
1661 945 1732 978 Θεὸς
1745 945 1800 981 γὰρ
1813 943 1854 981 ἤι’

1065 995 1082 1021 ὁ
1097 994 1193 1029 Λόγος
1205 1001 1211 1009 ·
1225 993 1272 1020 καὶ
1288 993 1385 1020 πάλινο
1399 990 1454 1019 Ὧν
1468 993 1494 1018 οἱ
1505 991 1639 1025 πατέρες,
1657 991 1706 1017 καὶ
1726 989 1762 1022 ἐξ
1774 986 1819 1016 ὧν
1837 989 1854 1017 ὀ

1064 1039 1202 1074 Χριστὸς,
1214 1041 1230 1066 ό
1237 1038 1280 1065 ὢν
1288 1039 1337 1066 ἐπὶ
1348 1038 1468 1066 πάντων
1479 1038 1550 1070 Θεὸς
1557 1036 1721 1071 εὐλογητὸς
1730 1037 1772 1068 εἰς
1781 1035 1854 1068 τοὺς

1064 1082 1184 1116 αίῶνας.
1215 1083 1311 1118 Ἀμήν.
1327 1082 1382 1109 Καὶ
1397 1082 1454 1117 (11)
1468 1081 1559 1118 ἐπειδὴ
1571 1083 1603 1107 ὲκ
1619 1080 1686 1107 Θεοῦ
1699 1080 1764 1111 Θεός
1782 1081 1852 1111 ἐστι,

1064 1132 1112 1158 καὶ
1130 1129 1176 1157 τοῦ
1189 1129 1256 1156 Θεοῦ
1268 1129 1362 1163 Λόγος,
1374 1128 1469 1162 Σοφία,
1486 1127 1563 1160 Υἱὸς,
1584 1127 1630 1154 καὶ
1647 1126 1760 1161 δῦναμίς
1777 1127 1854 1152 ἐστιν

1063 1177 1078 1204 ὁ
1092 1175 1220 1212 Χριστὸς,
1232 1175 1276 1202 διὰ
1288 1175 1367 1202 τοῦτο
1383 1172 1423 1206 εἷς
1434 1174 1500 1205 Θεὸς
1512 1174 1541 1200 ὲν
1552 1175 1611 1205 ταῖς
1623 1173 1708 1204 θείαις
1731 1168 1854 1207 Γραφαῖς

1064 1221 1287 1257 καταγγέλλεται.
1303 1220 1356 1248 Τοῦ
1372 1220 1431 1252 ἑνὸς
1443 1220 1497 1256 γὰρ
1511 1219 1578 1246 Θεοῦ
1591 1219 1653 1250 Υὶὺς
1669 1218 1706 1244 ὣν
1725 1220 1738 1245 6
1754 1217 1853 1251 Λόγος,

1063 1269 1104 1301 είς
1119 1268 1210 1301 αὑτὸν,
1226 1264 1255 1294 οὗ
1273 1267 1319 1294 καὶ
1334 1267 1418 1297 ἔστιν,
1430 1265 1594 1301 ἀναφέρεται
1605 1274 1611 1280 ·
1635 1265 1705 1291 ὥστε
1729 1265 1776 1291 δύο
1803 1265 1854 1300 μὲν

1063 1312 1134 1342 εἶναι
1149 1314 1259 1350 Πατέρα
1275 1313 1322 1340 καὶ
1338 1313 1411 1345 Υίὸν,
1426 1312 1527 1348 μονάδα
1539 1312 1566 1338 δὲ
1580 1311 1705 1346 θεότητος
1730 1311 1853 1346 ἀδιαίρε-

1062 1369 1108 1388 τον
1128 1360 1176 1387 καὶ
1199 1359 1336 1395 ἄσχιστον.
1354 1357 1470 1393 Λεχθείη
1485 1357 1507 1383 δ’
1522 1357 1555 1384 ἂν
1569 1357 1616 1384 καὶ
1628 1357 1693 1394 ,(12)
1710 1357 1781 1383 οὕτω
1803 1356 1854 1391 μία

1063 1405 1135 1442 ἁρχὴ
1149 1405 1285 1441 θεότητος,
1304 1404 1350 1431 καὶ
1364 1404 1395 1430 οὐ
1416 1403 1462 1430 δύο
1477 1403 1576 1440 ἀρχαί·
1598 1403 1658 1430 ὅθεν
1682 1402 1785 1438 κυρίως
1804 1402 1853 1428 καὶ

1064 1452 1198 1488 μοναρχία
1213 1451 1296 1478 ἐστίν.
1321 1450 1365 1483 Ἐξ
1384 1450 1468 1486 αὐτῆς
1481 1450 1509 1476 δὲ
1524 1449 1574 1484 τῆς
1588 1449 1673 1484 ἀρχῆς
1699 1449 1756 1474 ἐστι
1771 1447 1853 1482 φύσει

1064 1499 1127 1530 Υἱὸς
1141 1500 1155 1526 6
1167 1498 1262 1532 Λόγος,
1277 1497 1326 1532 οὐχ
1345 1496 1382 1527 ὼς
1401 1497 1471 1532 ἀρχὴ
1497 1497 1576 1531 ἑτέρα
1594 1495 1657 1522 καθ’
1681 1495 1775 1521 ἑαυτὸν
1801 1494 1854 1528 ὐφ-

1064 1543 1152 1576 εστὼς
1164 1544 1218 1571 οὐδ’
1237 1543 1336 1577 ἔξωθεν
1347 1543 1448 1578 ταύτης
1466 1542 1596 1577 γεγονὼς,
1608 1542 1650 1568 ἵνα
1667 1541 1704 1576 μὴ
1716 1541 1748 1576 τῇ
1761 1539 1853 1575 ἑτερό-

1062 1599 1123 1626 τητι
1138 1590 1253 1626 δυαρχία
1273 1590 1320 1618 καὶ
1336 1589 1486 1625 πολυαρχία
1501 1589 1624 1623 γένηται,
1638 1587 1706 1614 ἀλλὰ
1717 1587 1766 1621 τῆς
1786 1586 1852 1621 μιᾶς

224 1630 314 1657 cbiam
327 1636 354 1658 et
365 1632 559 1667 polyarchiam,
574 1633 600 1660 id
617 1637 659 1660 est
675 1632 730 1659 duo
747 1632 789 1659 vel
804 1632 920 1667 pluritna
936 1632 1010 1666 prin-

1065 1635 1149 1671 ἁρχῆς
1164 1635 1229 1667 ἴδιος
1243 1635 1322 1668 Υἱὸς,
1338 1635 1390 1661 ἰδία
1409 1634 1488 1668 σοφία
1503 1634 1569 1668 (15),
1599 1633 1665 1664 ἴδιος
1691 1632 1778 1666 Λόγος
1788 1652 1796 1663 ,
1821 1631 1852 1663 ἐξ

224 1676 295 1711 cipia
315 1676 459 1705 diversitas
482 1678 602 1710 inducat,
619 1679 666 1706 sed
692 1679 772 1706 unius
801 1678 923 1713 principii
949 1685 1012 1712 pro-

223 1722 301 1756 prius
321 1727 363 1750 est
387 1722 488 1756 Filius,
507 1724 616 1760 propria
639 1724 789 1759 sapientia,
817 1723 1011 1758 propriumque

227 1768 345 1796 Verbum
366 1777 398 1797 ex
420 1778 454 1798 eo
482 1770 565 1806 490
588 1771 732 1798 exsistens.
762 1769 846 1802 Nam,
879 1777 906 1798 ul
933 1771 1012 1798 docet

222 1814 354 1846 Joannes,
374 1816 401 1842 in
422 1817 475 1843 isto
492 1816 622 1851 principio
641 1821 698 1844 erat
718 1815 841 1847 Verbum,
856 1822 880 1843 et
901 1815 1011 1844 Verbum

222 1866 279 1889 erat
294 1862 364 1897 apud
378 1862 461 1890 Deum
476 1863 509 1889 “.
521 1862 594 1890 Deus
610 1863 682 1890 enim
696 1863 857 1898 principium
870 1867 921 1890 est.
935 1861 1012 1891 Unde

222 1908 286 1942 quia
297 1916 330 1935 ex
340 1909 390 1936 hoc
399 1909 532 1944 principio
541 1914 592 1942 est,
602 1909 702 1936 idcirco
709 1909 790 1936 etiam
800 1908 869 1935 Dsus
877 1913 933 1936 erat
948 1909 1012 1936 Ver-

222 1953 283 1980 bum
292 1954 334 1982 ³¹“.
354 1953 438 1982 Porro
451 1956 677 1990 quemadmodum
689 1963 773 1982 unutn
786 1959 828 1982 est
837 1955 1009 1990 principium,

221 2005 248 2027 et
260 2001 372 2035 proinde
387 2009 458 2028 unus
474 2001 545 2028 Deus
560 2011 566 2029 ;
579 2002 615 2028 ita
633 2009 694 2036 quae
704 2001 845 2029 verissime
861 2005 903 2028 est
917 2008 1011 2028 essen-

221 2045 259 2072 tia
274 2049 301 2073 et
318 2046 480 2078 substantia,
504 2055 558 2074 una
574 2052 615 2074 est
629 2055 690 2082 qua:
710 2046 775 2074 dicit
791 2055 798 2074 :
822 2045 878 2082 Ego
891 2054 949 2073 sum
964 2046 1010 2081 qui

221 2100 280 2118 sum
297 2092 330 2125 ³¹,
342 2100 395 2120 non
412 2099 503 2122 autem
518 2094 588 2125 dum,
604 2101 638 2120 ue
661 2094 764 2121 scilicet
783 2093 838 2120 duo
860 2094 915 2120 sint
935 2093 1009 2128 priu-

222 2137 301 2172 cipia.
322 2138 433 2169 Eguna
449 2145 539 2166 autem
558 2140 602 2167 illa
623 2140 776 2167 substantia
792 2139 898 2167 exsistit
912 2142 1009 2166 natura

219 2189 247 2210 et
261 2192 323 2211 vere
338 2183 433 2217 Filius,
447 2185 565 2213 Verbum
576 2207 583 2218 ,
601 2186 732 2221 sapientia
742 2207 750 2219 ,
766 2187 929 2221 propriaque
948 2185 1008 2220 ejus

219 2230 317 2262 virtus,
335 2239 384 2258 nec
399 2231 434 2259 ab
453 2240 484 2259 ea
501 2233 671 2269 separabilis.
691 2232 723 2260 Ut
746 2240 810 2260 vero
828 2240 880 2259 non
898 2232 948 2258 alia
967 2236 1008 2258 est

218 2278 336 2304 essentia
357 2286 404 2306 seu
421 2279 583 2311 substantia,
600 2287 633 2306 ne
654 2279 709 2306 duo
725 2279 781 2306 sint
801 2278 953 2313 principia:
968 2277 1008 2304 sic

1062 1681 1148 1716 αὐτῆς
1164 1681 1305 1717 ὑπάρχων,
1318 1680 1396 1708 Κατὰ
1413 1680 1467 1715 γὰρ
1485 1679 1529 1706 τὸν
1550 1679 1694 1714 Ἰωάννην,
1715 1678 1749 1704 ἐν
1764 1677 1852 1713 ταύτῃ

1061 1729 1095 1762 τῇ
1104 1727 1182 1762 ἀρχῇ
1190 1725 1228 1762 ἦν
1238 1729 1254 1754 ό
1261 1728 1366 1762 Λόγος,
1375 1727 1424 1754 καὶ
1440 1727 1456 1754 ὁ
1467 1726 1562 1760 Λόγος
1571 1723 1611 1760 ἦν
1620 1725 1693 1758 πρός
1701 1724 1753 1750 τὸν
1761 1724 1850 1750 Θεόγ-

1062 1773 1128 1805 Θεὸς
1143 1774 1197 1809 γάρ
1213 1774 1287 1800 ἐστιν
1302 1774 1318 1809 ὴ
1335 1774 1423 1808 ἀρχή’
1443 1771 1490 1799 καὶ
1511 1770 1604 1807 ἐπειδὴ
1622 1770 1652 1803 ἐξ
1678 1770 1761 1806 αὐτῆς
1780 1771 1850 1802 ἐστι,

1061 1818 1104 1845 διὰ
1119 1819 1196 1845 τοῦτο
1209 1819 1256 1845 καὶ
1266 1819 1339 1851 Θεὸς
1353 1817 1393 1854 ἦν·
1407 1820 1424 1845 ὀ
1434 1819 1539 1853 Λόγος.
1553 1817 1657 1853 Ὥσπερ
1667 1816 1695 1843 δὲ
1708 1816 1755 1851 μία
1765 1817 1851 1852 ἀρχή·

1061 1865 1108 1893 καὶ
1125 1865 1194 1892 κατὰ
1206 1865 1285 1892 τοῦτο
1296 1862 1335 1897 εἷς
1346 1865 1421 1896 Θεός·
1438 1865 1523 1896 οὕτως
1532 1865 1549 1900 ἡ
1565 1863 1603 1899 τῷ
1612 1863 1668 1890 ὄντι
1682 1863 1728 1890 καὶ
1743 1862 1852 1898 ἀληθῶς

1061 1911 1109 1938 καὶ
1122 1911 1206 1943 ὅντως
1220 1908 1286 1938 οὖσα
1300 1911 1378 1937 οὐσία
1389 1911 1436 1937 καὶ
1454 1910 1603 1942 ὑπόστασις
1621 1909 1670 1944 μία
1686 1909 1759 1936 ἐστὶν
1774 1908 1791 1943 ή
1805 1908 1852 1934 λέ-

1060 1965 1146 1992 γουσα
1158 1977 1165 1988 ,
1185 1957 1258 1992 Ἐγώ
1269 1959 1328 1992 εὶμι
1340 1959 1356 1984 o'
1367 1957 1419 1989 ὢν,
1435 1957 1482 1983 κα)⁸
1497 1956 1528 1983 οὑ
1546 1956 1602 1988 δύο,
1619 1956 1664 1983 ἵνα
1682 1955 1720 1991 μὴ
1740 1955 1786 1982 δύο
1801 1955 1851 1991 ἁρ-

1060 2003 1116 2039 χαί·
1137 2004 1184 2030 Ἐκ
1196 2002 1224 2031 δὲ
1234 2003 1283 2039 τῆς
1296 2005 1359 2038 μιᾶς
1373 2003 1452 2038 φύσει
1461 2003 1507 2030 καὶ
1520 2002 1628 2038 ἀληθῶς
1641 2002 1714 2035 Υἱὸς,
1724 2002 1738 2028 ό
1751 2001 1849 2035 Λόγος,

1060 2050 1077 2085 ὴ
1092 2049 1182 2084 σοφία,
1195 2050 1212 2085 ἡ
1226 2048 1339 2085 δύναμις
1351 2049 1402 2076 [δία
1414 2049 1574 2084 ὑπάρχουσα
1584 2048 1679 2084 αὐτῆς,
1690 2048 1736 2075 καὶ
1755 2047 1785 2079 ἐξ
1798 2048 1850 2073 αὑ-

1059 2094 1110 2130 τῆς
1126 2094 1287 2130 ἀχώριστος.
1303 2094 1409 2130 Ὥσπερ
1422 2094 1451 2120 δὲ
1467 2094 1517 2120 οὐκ
1533 2093 1611 2129 ἄλλη,
1629 2093 1672 2119 ῖνα
1690 2092 1728 2128 μὴ
1741 2092 1787 2119 δύο
1799 2094 1851 2128 ἁρ-

1060 2140 1115 2175 χαί.
1127 2140 1213 2172 οὕτως
1227 2141 1240 2166 ὸ
1251 2141 1283 2166 ὲκ
1294 2139 1343 2175 τῆς
1359 2140 1423 2174 μιᾶς
1432 2139 1517 2173 Λόγος
1532 2139 1562 2165 οὺ
1576 2138 1680 2165 διαλελυ
1685 2138 1764 2174 μένος
1779 2138 1850 2173 (14),

1059 2185 1076 2221 ἦ
1094 2185 1186 2217 ἁπλῶς
1200 2186 1275 2221 φωνὴ
1292 2185 1457 2221 σημαντικὴ.
1475 2184 1542 2212 ἀλλὰ
1556 2184 1687 2219 οὐσιώδης
1701 2184 1785 2218 Λόγος
1801 2184 1851 2210 καὶ

1059 2231 1190 2267 οὐσιώδης
1207 2232 1298 2267 σοφία,
1309 2232 1369 2267 ἥτις
1383 2232 1457 2258 ἐστὶν
1466 2232 1480 2257 6
1491 2231 1555 2263 Υἱὸς
1569 2230 1686 2266 ἀληθῶς.
1700 2231 1732 2256 Εἰ
1747 2230 1800 2266 γὰρ
1814 2230 1850 2266 δὴ

1061 2277 1098 2312 μὴ
1113 2275 1244 2312 οὑσιώδης
1259 2276 1313 2311 εἴη,
1329 2276 1405 2302 ἔσται
1421 2275 1436 2302 ὁ
1448 2275 1515 2307 Θεὸς
1528 2275 1614 2302 λαλῶν
1634 2276 1674 2307 εἰς
1692 2275 1776 2310 ἀέρα,
1800 2275 1850 2301 καὶ

219 2322 337 2351 Verbum
359 2325 483 2360 quodex
509 2333 562 2352 una
583 2325 700 2356 exsistit,
724 2325 793 2353 nihil
813 2325 932 2357 ﬂuxum,
955 2332 1007 2352 nec

1065 2323 1139 2359 σῶμα
1150 2323 1225 2352 οὐδὲν
1240 2323 1319 2351 πλέον
1335 2322 1404 2358 ἒχων
1419 2322 1473 2350 τῶν
1493 2321 1655 2357 ἀνθρώπων.
1686 2321 1793 2358 Ἐπειδὴ
1817 2321 1850 2347 δὲ

257 2382 278 2397 ³⁵
297 2381 370 2410 Psal.
391 2390 470 2414 cxtv,
492 2382 518 2411 8.
559 2383 581 2399 ¹⁹
601 2382 680 2410 Joan.
702 2383 728 2418 ιι,
750 2383 776 2410 1.
816 2383 837 2399 ³ο
858 2382 937 2409 Rom.
959 2390 997 2416 tx,

1085 2382 1107 2397 "
1127 2381 1207 2409 Joan.
1228 2389 1247 2415 ι,
1268 2382 1294 2408 1.
1326 2381 1361 2397 ³¹⁶
1379 2381 1444 2408 ibid.
1485 2380 1507 2396 ³¹
1526 2379 1612 2407 Exod.
1634 2388 1675 2412 ιιι,
1696 2379 1740 2406 14.

257 2442 293 2479 (li)
311 2441 406 2479 Deity]
429 2447 455 2479 et
482 2442 555 2478 Seg.,
569 2443 751 2479 ΚύριονεΑΙῑί
770 2448 796 2469 et
806 2443 849 2469 ed.
861 2441 1003 2479 ,Χριστόν

257 2478 293 2510 (7)
307 2477 352 2504 Sic
366 2478 422 2512 Heg
445 2478 456 2504 1
472 2483 499 2504 et
516 2477 629 2513 Seguer.
640 2479 674 2505 At
687 2478 712 2505 in
728 2478 836 2505 Gobler.
852 2483 879 2504 et
892 2477 962 2513 it'elcr.
977 2477 1004 2508 1,

217 2512 293 2539 deest
307 2512 355 2544 ὡς,
372 2513 398 2539 in
413 2513 473 2541 aliis
491 2517 581 2540 autem
597 2519 624 2540 et
637 2514 717 2540 editis
729 2515 763 2541 οἱ.
781 2513 847 2540 Ibid.
864 2513 929 2547 Reg.
947 2512 959 2538 1
979 2517 1006 2539 et

218 2548 594 2584 Seguer.,_nupbqlau1tbv.
609 2548 654 2576 Ca:
673 2555 699 2576 et
713 2548 889 2584 ει1.,“πατρὸς
903 2546 1003 2574 αὐτῶν.

252 2583 292 2619 (ξ)
313 2582 397 2619 ῌάλιν
414 2582 491 2611 abest
509 2592 524 2610 a
541 2584 607 2618 Reg.
627 2584 639 2610 1
659 2589 685 2611 et
703 2585 815 2619 Seguer.

253 2618 292 2651 (9)
314 2617 360 2645 Sic
379 2618 489 2646 Gobler.
514 2624 540 2646 et
561 2617 633 2646 Felc.
657 2619 682 2645 1.
708 2617 751 2646 At‘
767 2619 868 2653 Regius
887 2619 1003 2653 primus,

217 2653 360 2690 παρὰμὲν
374 2654 507 2690 Ἰουδαίῳν
521 2654 570 2690 τοῦ
584 2655 706 2688 Καῖάφα.
724 2654 847 2690 Seguer.,
866 2654 942 2690 παρὰ
955 2655 1005 2690 μὲν

215 2687 284 2724 τῶν,
299 2687 433 2724 Ἰουδαίων
456 2689 510 2716 τῶν
532 2689 591 2718 τοῦ,
619 2687 672 2717 Alii
701 2695 728 2717 et
752 2687 835 2718 eilitio
858 2687 1002 2724 C0tinnel.,

216 2723 299 2762 ττιιρὸιΔ
310 2723 441 2762 Ἰουδαίων
453 2725 501 2762 καί
512 2725 570 2762 τοᾷ.
596 2725 696 2752 Ibidem
722 2725 846 2762 Segucr.,
859 2725 1003 2752 δανείσων-

216 2766 271 2784 ται.
286 2758 337 2787 Alii
353 2763 380 2785 et
395 2759 475 2791 editi,
490 2760 664 2787 δανείσονται.

253 2793 309 2827 (10)
331 2793 515 2827 Seguerianus
533 2796 605 2822 hunc
622 2796 701 2823 habet
723 2795 831 2822 titulum
849 2794 902 2822 Τοῦ
918 2795 1000 2822 αὐτοῦ

216 2827 294 2864 λόγος
319 2832 348 2857 ε’.
370 2827 472 2864 Regius
487 2838 566 2865 quem
584 2831 702 2866 primum
715 2830 845 2859 Oratione
861 2830 1001 2866 superiore

1058 2441 1271 2477 appellabamus,
1288 2440 1335 2477 τοῦ
1352 2439 1586 2477 αὑτοῦηιτιηιιιηι,
1604 2438 1743 2477 sednidetn
1760 2437 1787 2477 in
1803 2436 1849 2477 in-

1057 2473 1117 2504 dice
1129 2477 1204 2503 addit
1214 2476 1292 2510 λόγος
1306 2476 1443 2511 τέταρτος.
1458 2474 1632 2511 Haee_arutem
1649 2473 1745 2511 Oratio
1755 2473 1790 2511 in
1807 2474 1849 2499 al-

1059 2517 1115 2539 tero
1139 2512 1224 2547 Regio
1235 2508 1320 2547 deest.
1335 2508 1443 2538 Go'bler.
1467 2514 1495 2547 et
1511 2509 1591 2547 ξένιε.
1608 2511 1634 2547 1,
1650 2509 1721 2547 κατὰ
1740 2508 1848 2547 hapsu-

1057 2547 1109 2573 νῶν
1121 2543 1197 2581 λόγος
1208 2550 1239 2573 ε’.
1248 2546 1415 2579 Basiliensis,
1425 2545 1495 2572 κατὰ
1510 2543 1655 2581 Ἀρειαγνῶν
1664 2544 1742 2581 λόγος
1755 2543 1845 2581 ἕκτος..

1057 2581 1125 2609 Vide
1139 2577 1356 2609 Admonitionem
1375 2577 1483 2614 p.518.
1499 2577 1576 2608 num.
1593 2580 1621 2607 2.
1639 2578 1756 2614 Anglic,
1772 2577 1847 2604 κατὰ

1064 2617 1209 2653 Ἀρειανῶν
1222 2617 1310 2652 λόγος,
1324 2617 1400 2653 tmllo
1413 2616 1505 2653 addito
1513 2623 1645 2653 _num_ero.

1093 2650 1149 2688 (11)
1168 2650 1277 2679 Gobler.
1295 2657 1323 2679 et
1338 2651 1410 2688 Fclc.
1429 2651 1454 2688 1,
1471 2650 1518 2677 καί
1531 2651 1671 2678 omittunt.

1103 2689 1147 2720 12)
1167 2688 1222 2714 Καί
1237 2688 1313 2715 abest
1328 2687 1364 2714 ab
1378 2687 1484 2721 Anglic.

1106 2724 1147 2757 15)
1178 2722 1223 2750 Sic
1245 2731 1312 2750 mss.
1338 2722 1371 2750 At
1393 2719 1474 2750 editio
1499 2720 1644 2754 Commel.,
1669 2720 1734 2752 Υἱὸς
1760 2719 1843 2752 Εδιος,

1055 2758 1128 2790 Υἱὸς,
1143 2758 1205 2790 ἰδία,
1220 2762 1271 2786 etc.

1091 2794 1147 2830 (14)
1168 2793 1213 2830 Sic
1231 2794 1342 2830 Seguer.
1358 2793 1442 2822 Basil.
1456 2795 1482 2819 et
1492 2792 1598 2828 Anglic.
1614 2791 1649 2819 At
1663 2791 1708 2819 alii
1720 2795 1748 2818 et
1763 2790 1848 2827 editiﬁ

1054 2829 1159 2857 διαλελυ
1164 2829 1260 2865 μένως.
