1964 3038
126 123 179 153 469

679 125 862 161 ORATIOJV
885 125 1026 154 CONTRA
1045 124 1204 153 ARIANOS.

1697 125 1749 154 ΠΟ

125 186 176 212 οὐκ
189 184 262 212 ἔστιν
276 186 417 221 ἄνθρωπος
427 195 435 202 ·
454 187 503 214 οὐκ
517 188 550 215 ἂν
560 189 601 224 εἴη
614 189 676 216 οὐδὲ
691 191 706 216 ὁ
723 190 809 225 Λόγος
831 190 914 217 αὑτοῦ

968 198 1017 218 vox
1037 195 1140 218 tantum
1159 189 1315 225 signiﬁcans
1336 190 1388 218 est,
1405 185 1450 214 sed
1467 184 1610 213 essentiale
1631 182 1748 211 Verbum

125 231 198 258 κατὰ
209 230 258 266 τὴν
274 231 327 258 τῶν
343 231 492 267 ἀνθρώπων
503 233 654 261 ἀσθένειαν.
671 235 775 271 ’Ὠσπερ
787 235 842 269 (l5)
858 233 912 270 γὰρ

126 279 177 314 μία
193 278 299 315 οὐσίαή
317 280 398 315 ἁρχὴ,
416 280 503 313 οὕτως
519 279 558 313 εἷς
574 281 704 317 οὐσιώδης
725 283 771 309 καὶ
787 282 909 317 ὑφεστὼς

124 325 139 350 ὁ
153 324 253 360 ταύτης
267 325 351 360 Λόγος
366 327 412 353 καὶ
426 327 442 362 ἡ
464 327 553 362 σοφία.
576 328 619 360 Ὠς
631 328 685 364 γὰρ
702 330 734 355 ὲκ
757 329 824 356 Θεοῦ
846 329 912 361 Θεός

124 371 194 402 ἐστι,
208 371 254 398 καὶ
267 372 299 398 ἐκ
315 372 397 406 σοφοῦ
418 373 508 407 σοφία,
526 374 573 400 καὶ
588 375 620 400 ὲκ
631 374 740 409 λογικοῦ
758 375 853 409 Λόγος.
865 375 913 402 καὶ

124 416 158 442 ὲκ
165 417 269 452 Πατρὸς
278 417 342 449 Υἱός
352 426 358 432 ·
368 418 454 450 οὕτως
462 418 491 452 ἐξ
503 419 677 451 ὑποστάσεως
687 419 836 452 ὑπόστατος
846 419 912 455 (i6),

125 463 172 489 καὶ
186 463 214 496 ἐξ
225 463 318 495 οὐσίας
329 464 461 500 οὑσιώδης
470 465 517 491 καὶ
531 465 661 499 ἐνούσιος,
675 467 722 494 καὶ
735 465 847 498 ἐξδντος
863 465 912 492 ὥν.

965 240 993 263 ει
1013 234 1166 263 essentialis
1187 239 1229 261 est
1253 233 1402 268 sapientia,
1424 238 1484 266 qua!
1506 237 1569 257 vere
1591 228 1676 257 Filius
1697 231 1747 257 est.

965 281 1032 308 Nam
1047 281 1098 308 nisi
1111 280 1255 308 essentiale
1266 278 1383 306 Verbum
1398 280 1478 310 esset,
1491 279 1647 311 sequeretur
1664 274 1749 302 Deum

966 327 1048 355 verba
1065 335 1113 354 sua
1129 334 1177 361 per
1193 333 1282 353 aerem
1304 325 1450 355 ell'undere,
1466 328 1626 357 corpusque,
1648 325 1678 347 ut
1701 320 1750 347 ho-

965 373 1064 403 mines.
1086 372 1196 400 habere.
1218 371 1350 404 Quoniam
1369 377 1433 397 vero
1453 369 1535 396 homo
1556 374 1610 395 non
1628 370 1678 399 est,
1701 373 1750 393 nec

966 418 1030 446 item
1053 418 1113 452 ejus
1137 417 1256 444 Verbum
1273 416 1420 452 quidquam
1442 415 1582 442 hominum
1601 412 1750 439 inﬁrmitati

965 463 1055 492 simile
1073 463 1167 490 habet.
1187 462 1222 490 Ut
1235 462 1307 502 enim
1321 460 1485 496 principium
1503 467 1556 487 una
1570 462 1610 486 est
1622 457 1748 488 essentia,

125 508 162 536 ita
177 517 260 561 unum
274 514 317 538 est
332 510 476 538 essentiale
496 515 523 538 et
541 512 694 540 subsistens
712 513 772 547 ejus
789 512 909 540 Verbum
926 515 954 538 et
970 510 1114 546 sapientia.
1139 509 1207 537 Nam
1225 514 1254 536 ut
1266 516 1300 536 ex
1320 507 1374 534 Deo
1391 507 1461 534 Deus
1484 509 1543 538 est,
1567 512 1601 532 ex
1630 504 1752 538 sapiente

380 557 385 561 .
443 557 459 561 ..
579 557 596 561 -
633 558 638 561 .
741 558 763 561 _-
797 559 802 561 ,
976 556 995 561 _
1071 556 1120 561 ..._.
1191 556 1196 561 .
1228 555 1238 561 .
1339 553 1346 561 .
1374 557 1394 561 ,γ
1541 550 1671 561 -,η,,,,,,
1700 553 1748 561 μ,-

123 556 268 590 sapientia,
286 565 319 584 ex
335 557 461 585 rationali
475 563 564 585 mente
579 557 659 586 Ratio
675 566 723 586 seu
741 558 870 591 Verbum,
882 561 910 585 et
928 564 962 585 ex
976 556 1056 584 Patre
1071 556 1158 584 Filius
1171 566 1177 583 :
1191 555 1238 590 ita]
1248 562 1282 582 ex
1306 552 1459 582 substantia
1487 550 1672 579 substantialis
1698 553 1748 577 est!

124 611 158 630 ex
174 603 292 630 essentia
313 603 481 637 essentialis,
506 611 538 632 ac
555 604 671 640 denique
685 612 749 632 vere
766 610 808 633 est
825 603 913 639 utqui
933 602 968 631 sit
984 603 1018 630 ab
1036 610 1069 630 eo
1083 603 1129 638 qui
1143 607 1193 629 est.

161 649 188 676 2.
212 649 287 676 Ἐπεὶ
299 650 328 676 εί·
342 650 379 685 μὴ
401 649 532 686 οὺσιώδης
548 651 629 686 σοφία
639 671 647 681 .
662 653 711 678 καὶ
733 652 853 683 ὲνούσιος
864 651 914 678 Λό-

124 704 186 729 γος,
203 695 251 721 καὶ
263 694 301 721 ὣν
317 695 390 728 Υἱὸς,
406 695 475 723 ἀλλὰ
486 696 579 729 ἁπλῶς
595 697 686 732 σοφία,
700 698 747 725 καὶ
760 698 856 732 Λόγος,
867 699 914 725 καὶ

126 741 192 772 Υἱὸς
206 742 234 767 ὲν
248 740 287 776 τῷ
301 741 388 776 Πατρί
400 750 406 756 ·
423 742 465 778 εἴη
488 742 521 769 ἂν
536 743 617 775 αὐτὸς
638 745 652 770 ό
671 744 766 780 Πατὴρ
790 745 915 777 σύνθετος

125 787 159 814 ὲκ
179 787 274 821 σοφίας
289 787 336 814 καὶ
350 787 449 821 Λόγου.
465 788 498 815 Et
510 788 538 815 δὲ
558 788 638 816 τοῦτο
650 809 658 823 ,
684 789 858 825 ἀκολουθήσει
880 790 914 817 τὰ

124 833 313 869 προειρημένα
324 833 428 860 ἄτοπα·
444 833 520 861 ἔσται
537 835 565 861 δὲ
576 835 624 862 καὶ
643 836 723 868 αὐτὸς
742 836 839 863 ἑαυτοῦ
854 838 913 864 Πα-

123 879 188 914 τὴρ,
206 878 253 905 καὶ
266 879 281 905 ὁ
301 879 364 911 Υίὺς
377 880 458 912 αὐτὸς
470 880 564 907 ἑαυτὸν
577 881 688 915 γεννῶν,
713 882 760 908 καὶ
776 881 913 918 γεννώμε-

123 933 170 956 νος
180 925 225 960 ὑφ’
236 924 332 952 ἑαυτοῦ
343 934 349 941 ·
363 926 380 961 ἢ
394 925 479 961 ὄνομα
489 926 568 961 μόνον
581 927 639 954 ἐστὶ
653 927 748 961 Λόγος,
761 928 807 954 καὶ
818 928 914 963 Σοφία,

999 649 1027 676 2.
1047 649 1175 684 Alioquin
1192 647 1245 676 nisi
1269 645 1424 674 essentialis
1444 648 1516 672 esset
1537 642 1668 678 sapientia
1684 642 1751 670 Ver-

965 696 1085 731 bumque
1101 694 1259 726 essentiale,
1275 697 1303 721 et
1316 692 1402 720 Filius
1414 691 1461 726 qui
1476 697 1538 718 vere
1559 690 1604 722 sit,
1625 689 1670 716 sed
1687 689 1751 716 sim-

965 743 1071 778 pliciter
1083 741 1225 777 sapientia,
1246 739 1374 771 Verbum,
1397 742 1426 766 et
1438 737 1523 764 Filius
1537 737 1566 764 in
1583 735 1671 767 Patre,
1687 743 1752 762 sane

966 789 1024 823 ipse
1045 787 1123 815 Pater
1145 795 1178 814 ex
1195 785 1329 822 sapientia
1344 789 1371 812 et
1384 783 1473 811 Verbo
1484 787 1557 811 esset
1574 781 1750 815 compositus.

966 833 1042 867 Quod
1059 833 1167 869 quidem
1193 832 1216 860 si
1235 830 1335 859 verum‘
1348 834 1400 863 est,
1427 837 1510 865 supra
1535 829 1615 856 allata
1635 827 1752 854 absurda

967 883 1114 914 sequentur
1133 879 1288 906 necessario
1303 887 1310 905 :
1330 877 1388 912 ipse
1403 881 1492 904 autem
1515 875 1615 903 suimet
1631 873 1711 900 Pater
1726 876 1754 899 et

961 926 1053 954 -Filius
1071 926 1180 953 futurus
1193 929 1244 958 est,
1263 924 1322 959 ipse
1342 923 1461 958 seipsum
1475 926 1517 949 est
1532 920 1682 956 geniturus,
1697 923 1724 946 et
1737 927 1753 946 a

124 971 172 997 καὶ
188 971 262 1002 Υἱὸς,
285 971 335 1006 οὐχ
354 971 491 1007 ὑφέστηκε
505 972 534 998 δὲ
545 992 552 1005 ,
573 973 634 1000 καθ’
650 970 680 1001 οὗ
700 973 809 1008 λέγεται
821 974 915 1007 ταῦτα,

968 973 1058 1008 seipso
1071 972 1196 1008 signetur
1212 971 1273 998 :vel
1288 974 1361 998 certe
1383 975 1488 996 merum
1511 974 1608 994 nomen
1621 965 1672 992 erit
1688 964 1754 992 Ver-

125 1017 226 1052 μᾶλλον
241 1017 269 1043 δὲ
279 1018 309 1049 ὃς
322 1018 379 1045 ἐστι
394 1018 489 1044 ταῦτα.
504 1019 536 1045 Et
547 1016 593 1046 οὗν
610 1019 658 1055 οὐχ
670 1020 832 1056 ὑφέστηκεν,
843 1021 916 1056 ἀργὰ

123 1063 158 1090 ἂν
178 1064 221 1100 εἴη
236 1064 282 1090 καὶ
298 1063 365 1090 κενὰ
375 1063 410 1091 τὰ
423 1064 554 1100 ὀνόματα,
572 1066 650 1098 ὲκτὺς
662 1067 685 1092 εἰ
702 1067 739 1102 μὴ
751 1067 784 1094 ἄν
793 1075 835 1099 τις
845 1067 916 1094 είποι

123 1108 290 1142 αὑτοςοφίαν
304 1105 374 1134 εἶναι
403 1109 449 1135 καὶ
473 1109 622 1143 Αὑτολόγον
640 1110 686 1137 τὸν
709 1110 786 1137 Θεόν.
806 1111 875 1138 Ἀλλ’
891 1113 916 1138 εί

124 1152 213 1185 τοῦτο,
228 1152 271 1188 εἴη
282 1152 315 1179 ἂν
327 1153 407 1184 αὐτὸς
423 1153 519 1180 ἑαυτοῦ
542 1155 638 1191 Πατὴρ
655 1155 702 1181 καὶ
722 1155 786 1187 Υἱός
798 1165 805 1172 ·
821 1157 916 1192 Πατὴρ

126 1198 187 1233 μὲν,
203 1199 246 1225 ὅτε
261 1199 351 1233 σοφὸς,
364 1199 427 1230 Υίὸς
440 1199 480 1232 δὲ,
494 1199 538 1226 ὅτε
553 1200 632 1234 σοφία
650 1200 716 1236 (l7).
736 1201 816 1228 Ἀλλὰ
829 1202 866 1238 μὴ
878 1202 916 1235 ὡς

125 1243 238 1279 ποιότης
245 1252 287 1275 τις
297 1243 383 1271 ταῦτα
393 1245 421 1271 ὲν
433 1244 471 1279 τῷ
484 1244 544 1280 Θεῷ
554 1252 560 1258 ·
574 1245 664 1279 ἄπαγε
674 1246 680 1272 !
693 1246 817 1281 ἀπρεπὲς
826 1246 914 1273 τοῦτο·

124 1289 305 1325 εὑρεθήσεται
319 1289 373 1325 γὰρ
392 1289 519 1322 σύνθετος
533 1291 547 1317 ὀ
563 1290 629 1323 Θεὸς
644 1291 673 1323 ἐξ
688 1292 781 1324 οὐσίας
798 1293 844 1319 καὶ
857 1301 916 1319 ποι-

124 1336 231 1371 ότητος.
245 1336 322 1362 Πᾶσα
339 1335 393 1371 γὰρ
411 1336 522 1371 ποιότης
531 1337 560 1363 ὲν
575 1337 654 1372 οὐσίᾳ
669 1338 737 1364 ὲστί.
750 1337 828 1364 Κατὰ
838 1338 916 1364 τοῦτο

123 1382 155 1408 δὲ
168 1382 186 1418 ἡ
202 1381 261 1408 Θεία
279 1382 373 1417 μονὰς,
391 1381 542 1417 ἀδιαίρετος
558 1380 636 1414 οὖσα,
654 1383 781 1415 σύνθετος
797 1385 915 1420 φανήσε-

124 1437 183 1462 ται,
198 1428 350 1464 τεμνομένη
363 1429 404 1460 είς
419 1429 512 1455 οὐσίαν
523 1429 570 1456 καὶ
585 1429 768 1465 συμϐεϐηκός.
782 1431 916 1458 Πευστέον

125 1471 173 1501 οὖν
188 1474 242 1501 τῶν
261 1474 423 1510 προπετῶν·
453 1475 482 1501 '0
503 1475 567 1507 Υἱὸς
587 1475 666 1510 σοφία
683 1476 730 1502 καὶ
751 1476 836 1511 Λόγος
853 1478 916 1513 ἐκη-

127 1520 214 1556 ρύχθη
227 1519 273 1546 τοῦ
285 1520 351 1546 Θεοῦ
362 1529 369 1535 ·
385 1520 444 1552 πῶς
456 1520 547 1547 τοίνυν
562 1521 653 1554 ὲστίν;
669 1522 700 1548 Et
721 1522 769 1557 μὲν
791 1523 828 1555 ὡς
842 1524 916 1550 ποιό-

125 1575 186 1602 της,
203 1566 308 1602 ἐδείχθη
324 1566 354 1593 τὺ
369 1566 467 1594 ἄτοπον
479 1575 487 1582 ·
503 1568 527 1593 εί
539 1567 567 1594 δὲ
581 1567 728 1602 αὐτοσοφία
740 1569 754 1595 ό
767 1569 832 1602 θεὸς
844 1589 851 1602 ,
869 1571 917 1597 καὶ

124 1612 158 1639 τὸ
171 1613 203 1639 ὲκ
216 1612 311 1638 τούτου
323 1612 423 1639 ἄτοπον
436 1613 544 1648 εῐρηται
556 1613 794 1650 παρὰιΣαᾶελλίῳ.
812 1616 916 1643 Οὐκοῦν

966 1020 1042 1052 bum,
1062 1017 1201 1054 Sapientia
1215 1021 1243 1044 et
1261 1016 1366 1049 Filius;
1387 1014 1433 1042 ille
1455 1018 1544 1042 autem
1556 1033 1563 1046 ,
1578 1012 1611 1040 de
1627 1018 1683 1046 quo
1696 1011 1755 1037 haec

966 1065 1103 1097 dicuntur,
1118 1064 1160 1092 vel
1183 1063 1274 1098 potius
1287 1061 1335 1097 qui
1357 1061 1415 1089 hate
1434 1059 1526 1088 omnia
1548 1062 1599 1091 est,
1620 1057 1755 1085 nihil.erit

966 1112 1128 1140 subsistens.
1146 1111 1174 1138 Si
1194 1111 1285 1143 itaque
1304 1109 1373 1137 nihil
1387 1112 1429 1136 est
1442 1106 1604 1137 subsistens,
1619 1104 1753 1139 vanaigi-

967 1154 1011 1186 tur
1032 1163 1060 1186 et
1074 1157 1178 1184 inutilia
1193 1160 1257 1184 sunt
1272 1155 1319 1182 illa
1334 1153 1446 1182 nomina
1456 1173 1464 1186 ,
1480 1152 1533 1180 nisi
1550 1150 1620 1178 forte
1633 1150 1696 1185 quis
1710 1149 1752 1176 di-

965 1209 1008 1231 cat
1021 1203 1109 1238 ipsum
1121 1202 1205 1229 Deum
1217 1200 1379 1236 sapientiam
1393 1199 1480 1234 ipsam
1492 1201 1519 1225 et
1533 1195 1649 1223 Verbum
1664 1195 1752 1229 ipsum

965 1257 1036 1278 esse.
1051 1248 1129 1282 Quod
1151 1248 1173 1275 si
1193 1247 1358 1275 concedatur
1371 1254 1378 1272 :
1392 1252 1456 1272 vere
1479 1244 1536 1278 ipse
1552 1243 1651 1271 suimet
1673 1240 1754 1267 Pater

965 1302 992 1324 et
1006 1296 1092 1323 Filius
1106 1295 1175 1327 erit;
1193 1294 1274 1321 Pater
1288 1292 1414 1320 videlicet
1428 1299 1491 1319 eum
1510 1289 1618 1323 sapiens
1633 1287 1732 1315 dicitur
1744 1294 1751 1312 :

965 1342 1062 1375 Filius,
1083 1349 1144 1368 eum
1163 1339 1307 1375 sapientia.
1332 1337 1415 1372 Atqui
1438 1344 1471 1364 ea
1495 1336 1522 1362 in
1541 1334 1604 1362 Deo.
1620 1341 1674 1360 non
1690 1336 1755 1360 sunt

965 1392 996 1416 ut
1013 1387 1140 1423 qualitas.
1157 1386 1248 1421 Apage
1262 1385 1362 1420 igitur!
1379 1383 1405 1410 id
1422 1382 1563 1416 indignum
1579 1379 1644 1407 Deo.
1657 1378 1696 1406 Ex
1712 1379 1755 1406 his

965 1434 1038 1461 enim
1060 1432 1173 1460 elﬁcitnr
1196 1431 1282 1458 Deum
1298 1438 1331 1458 ex
1348 1428 1512 1457 essentiam
1531 1426 1662 1462 qualitate
1678 1432 1754 1452 coni-

966 1479 1084 1514 positum
1100 1486 1170 1506 esse.
1185 1475 1325 1512 Siquidem
1342 1474 1436 1502 omnis
1453 1472 1572 1514 qualitas
1592 1471 1618 1498 in
1636 1469 1755 1498 essentia

966 1530 1008 1553 est
1023 1534 1029 1551 :
1044 1533 1075 1552 ae
1098 1524 1210 1559 proinde
1225 1510 1324 1550 divina
1347 1522 1450 1553 unitas,
1469 1510 1536 1555 quae.
1548 1518 1687 1546 individua
1701 1521 1754 1549 est,

967 1571 1116 1606 composita
1134 1570 1279 1601 videbitur,
1300 1572 1392 1603 utpote
1419 1567 1448 1594 in
1468 1565 1616 1593 essentiam
1637 1567 1665 1590 et
1684 1562 1756 1590 acci-

967 1617 1034 1645 dens
1051 1616 1146 1644 divisa.
1168 1615 1214 1642 Sic
1234 1615 1325 1649 itaque
1344 1612 1505 1641 temerariOS
1529 1611 1611 1638 hosce
1630 1608 1755 1636 homines

126 1659 166 1690 ὡς
183 1657 306 1694 γέννημα
322 1659 426 1695 κυρίως
448 1659 478 1691 ἐξ
492 1659 574 1688 αὑτοῦ
597 1659 644 1686 τοῦ
663 1660 784 1696 Πατρός,
801 1662 871 1689 κατὰ
886 1663 915 1689 τὸ

968 1663 1168 1697 interrogemus
1186 1668 1192 1686 :
1209 1659 1295 1687 Filius
1309 1658 1441 1694 sapientia
1457 1662 1484 1686 et
1496 1656 1615 1684 Verbum
1631 1654 1678 1682 Dei
1695 1662 1756 1681 esse

125 1704 174 1731 τοῦ
190 1704 278 1738 φωτὸς
306 1704 492 1740 παράδειγμα.
516 1705 560 1737 Ὦς
576 1705 632 1741 γὰρ
660 1706 714 1732 ἀπὸ
736 1707 821 1743 πυρὸς
849 1708 916 1742 φῶς,

126 1750 215 1782 οὕτως
237 1751 269 1777 ὲκ
290 1750 357 1778 Θεοῦ
376 1751 472 1785 Λόγος,
490 1752 538 1778 καὶ
551 1751 632 1786 σοφία
652 1752 684 1778 ἐκ
702 1753 785 1788 σοφοῦ
796 1773 803 1785 ,
821 1754 867 1780 καὶ
886 1756 918 1782 ὲκ

127 1800 236 1836 Πατρὸς
250 1800 314 1831 Υἱός
325 1800 348 1835 (ί
354 1801 393 1835 8).
406 1801 498 1837 Ταύτῃ
514 1799 568 1836 γὰρ
581 1800 653 1836 καὶὴ
670 1800 753 1836 μονὰς
768 1800 918 1837 ἀδιαίρετος

127 1846 176 1873 καὶ
192 1846 338 1882 ὁλόκληρος
356 1846 442 1882 μένει,
463 1847 510 1874 καὶ
531 1847 545 1872 ό
565 1846 668 1881 ταύτης
690 1847 754 1878 Υίδς
772 1847 857 1881 Λόγος
868 1847 918 1873 οὐκ

126 1892 262 1924 ἀνούσιοςς
276 1892 335 1918 οὐδὲ
350 1893 400 1927 οὐχ
411 1891 544 1927 ὑφεστὼς,
566 1892 624 1919 ἀλλ’
645 1891 777 1928 οὐσιώδης
800 1892 916 1928 ἀληθῶς.

135 1937 213 1964 Ἐπεὶ
227 1937 256 1963 ει
266 1937 303 1973 μὴ
314 1936 407 1964 τοῦτον
417 1937 474 1973 ἔχει
485 1937 531 1964 τὸν
541 1937 643 1973 τρόπον
654 1958 662 1970 ,
679 1938 722 1973 εἴη
737 1937 770 1965 ἂν
784 1939 883 1970 πάντα,
900 1938 918 1965 ἃ

127 1982 255 2016 λέγεται,
277 1983 338 2009 κατ’
362 1982 484 2010 ἐπίνοιαν
498 1983 545 2009 καὶ
557 1982 651 2014 ἁπλῶς
669 1983 812 2018 λεγόμενα.
835 1984 867 2018 Et
889 1983 918 2010 δὲ

129 2028 260 2062 φευκτέον
275 2028 305 2055 τὸ
319 2029 350 2055 ὲκ
365 2029 416 2064 τῆς
431 2029 552 2060 ἐπινοίας
562 2029 673 2060 ἄτοπον,
683 2029 737 2065 ἄρα
751 2029 852 2065 ἀληθὴς
868 2030 918 2057 Λό-

129 2082 178 2108 τος
194 2073 326 2109 οὐσιώδης
335 2073 418 2101 ἐστίν.
437 2074 612 2110 Ὠσπερ,γὰρ
628 2074 735 2110 ἀληθῶς
755 2074 859 2110 Πατὴρ,
873 2075 918 2101 οὔ·

128 2129 184 2152 τως
199 2120 307 2156 ἀληθῶς
325 2121 420 2156 Σοφία.
439 2120 519 2147 Κατὰ
534 2120 612 2147 τοῦτο
627 2118 674 2147 οὖν
689 2120 735 2147 δύο
750 2121 809 2155 μὲν,
822 2120 862 2147 ὃτι
881 2121 917 2156 μὴ

129 2167 201 2193 κατὰ
214 2166 357 2194 Σασϋλιον
372 2168 386 2194 ό
402 2167 482 2199 αὐτὸς
496 2167 591 2203 Πατὴρ
604 2167 652 2194 καὶ
665 2167 739 2199 Υἱὸς,
753 2167 822 2193 ἀλλὰ
837 2168 851 2194 ὁ
863 2169 919 2194 Πα-

126 2211 291 2247 τὴρΠατὴρ,
306 2213 353 2238 καὶ
367 2213 382 2238 ὁ
398 2212 463 2244 Υιὸς
474 2212 538 2244 Υίός
548 2221 555 2228 ·
571 2214 601 2239 ἐν
616 2213 656 2246 δὲ,
670 2214 710 2240 ὅτι
725 2213 789 2245 Υἱὸς
802 2213 852 2248 τῆς
873 2214 919 2240 οὐ-

127 2258 189 2288 σίας
207 2257 255 2284 τοῦ
278 2258 384 2294 Πατρός
401 2259 459 2285 ἐστι
484 2258 580 2293 φύσει,
597 2259 661 2291 ῐδιος
683 2259 813 2295 ὑπάρχων
834 2259 918 2294 Λόγος

126 2303 220 2330 αὑτοῦ.
231 2304 317 2331 Τοῦτο
327 2305 340 2331 ὁ
355 2305 457 2340 Κύριος
465 2305 567 2339 ἔλεγεν,
591 2305 665 2340 Ἐγὼ
681 2306 758 2332 καὶὸ
769 2305 869 2340 Πατὴρ
883 2306 918 2333 ἓν

125 2351 230 2384 ἐσμεν.
253 2349 322 2377 Οΰτε
341 2350 395 2386 γὰρ
421 2351 531 2386 όΛόγος
551 2351 716 2387 κεχώρισται
740 2351 787 2377 τοῦ
799 2351 915 2387 Πατρὺς,

969 1708 1131 1744 praedicatus
1146 1711 1187 1734 est
1203 1716 1209 1734 :
1225 1713 1344 1742 quonam
1370 1705 1451 1739 igitur
1477 1702 1558 1730 modo
1582 1702 1608 1729 i‘d
1624 1701 1683 1736 ipse
1696 1700 1758 1728 est?

971 1755 999 1782 Si
1016 1758 1045 1782 ut
1061 1753 1195 1789 qualitas;
1215 1753 1241 1779 id
1256 1751 1406 1779 absurdum
1420 1757 1481 1778 esse
1501 1748 1558 1784 jam
1573 1747 1754 1776 ostendimus.

971 1801 999 1828 Si
1024 1808 1088 1828 vero
1111 1801 1169 1835 ipse
1192 1799 1264 1827 Dens
1285 1797 1418 1833 sapientia
1438 1797 1496 1831 ipsa
1518 1800 1558 1823 est
1573 1804 1579 1820 :
1594 1793 1755 1828 certequod

970 1846 1032 1873 inde
1045 1846 1155 1873 absurdi
1171 1845 1305 1879 sequitur,
1318 1844 1419 1871 dictum
1432 1841 1577 1869 aSabellio
1591 1844 1648 1868 est.
1657 1838 1757 1872 Quaru-

969 1893 1063 1920 obrem
1085 1891 1225 1919 fatendum
1245 1894 1368 1918 est-eum
1393 1893 1521 1923 tanquam
1540 1886 1625 1914 fetum
1646 1884 1756 1920 proprie

968 1948 1000 1968 ex
1017 1940 1075 1975 ipso
1089 1940 1168 1967 Patre
1184 1946 1260 1970 esse,
1272 1939 1349 1974 juxta
1368 1936 1438 1964 lucis
1451 1935 1615 1970 exemplum
1634 1933 1669 1960 Ut
1682 1933 1755 1960 enim

968 1987 1003 2014 ab
1022 1987 1082 2021 igne
1108 1986 1154 2013 lux
1172 1986 1259 2012 oritur
1275 1993 1282 2010 :
1307 1984 1351 2011 ita-
1369 1982 1485 2010 Verbnm
1509 1989 1543 2009 ex
1564 1979 1620 2007 Deo
1640 1983 1694 2011 est,
1711 1986 1753 2005 sa-

969 2032 1070 2067 pientia
1085 2040 1118 2059 ex
1135 2032 1256 2067 sapiente
1267 2052 1275 2064 ,
1299 2035 1327 2058 et
1344 2039 1378 2058 ex
1395 2029 1476 2057 Patre
1492 2027 1588 2054 Filius.
1606 2025 1663 2053 Hac
1683 2025 1756 2063 enim

968 2078 1075 2105 ratione
1088 2078 1178 2105 unitas
1194 2070 1332 2104 individua
1351 2080 1377 2103 et
1399 2076 1503 2110 integra
1525 2077 1626 2104 manet,
1642 2070 1756 2105 ejusque

970 2115 1055 2152 Filius
1071 2123 1191 2152 Verbum
1205 2130 1259 2161 non
1277 2121 1379 2157 aliquid
1392 2125 1435 2148 est
1447 2119 1566 2148 essentia
1579 2125 1697 2146 vacuum
1714 2116 1757 2143 vel

968 2178 1023 2198 non
1040 2170 1204 2203 subsistens,
1226 2170 1273 2198 sed
1296 2175 1360 2196 vere
1384 2165 1530 2195 essentiale
1553 2169 1606 2192 est.
1626 2162 1756 2198 Alioquin

968 2216 1022 2244 nisi
1040 2216 1098 2244 bzec
1121 2216 1157 2244 ita
1179 2224 1239 2244 esse
1264 2215 1439 2246 concedatur,
1461 2220 1528 2241 sane
1547 2210 1681 2247 quidquid
1697 2210 1756 2244 ipse

968 2261 1079 2294 dieitur,
1102 2261 1266 2296 cogitatione
1285 2265 1312 2288 et
1327 2260 1411 2288 verbo
1433 2264 1512 2287 tenus
1535 2258 1671 2285 exsistet:
1695 2263 1756 2289 quae

970 2307 1104 2335 sententia
1120 2308 1143 2335 si
1166 2311 1208 2335 est
1224 2306 1408 2342 repudianda,
1426 2305 1509 2340 igitur
1524 2311 1619 2331 verum
1638 2301 1755 2329 Verbum

970 2353 1116 2380 essentiale
1135 2357 1186 2380 est.
1209 2352 1331 2388 Namque
1353 2356 1384 2379 ut
1397 2359 1460 2378 vere
1475 2350 1556 2377 Pater
1572 2352 1623 2381 est,
1642 2348 1678 2374 ita
1693 2353 1756 2373 vere

126 2395 188 2422 οὒτε
203 2397 218 2422 ὁ
231 2396 327 2432 Πατὴρ
344 2396 439 2431 ἄλογος
450 2396 559 2424 πώποτε
572 2395 606 2432 ἦν
619 2397 635 2432 ἦ
651 2398 719 2424 ἐστι.
733 2397 789 2423 Καὶ
801 2398 815 2424 ὁ
831 2397 915 2431 Λόγος

969 2402 1012 2425 est
1027 2397 1175 2433 Sapientia.
1189 2397 1266 2425 Unde
1281 2397 1396 2425 elIicitur
1407 2400 1436 2422 ut
1448 2395 1503 2422 duo
1517 2395 1572 2433 sint
1582 2392 1662 2419 Pater
1672 2395 1699 2418 et
1715 2390 1757 2417 Fi-

125 2439 174 2492 οὖν
191 2441 268 2492 εεδς,
282 2428 330 2469 xit
343 2443 357 2469 ό
369 2428 464 2479 Πατὴρ
476 2443 526 2470 οὐκ
542 2428 656 2477 ἄλογος·
673 2443 718 2470 διὰ
733 2443 821 2475 τοῦτο,
843 2428 915 2478 Ἐίγὼ

970 2444 1034 2476 lius,
1059 2451 1112 2470 non
1136 2451 1201 2471 vero
1217 2443 1304 2475 idem,
1326 2447 1356 2469 ut
1378 2440 1517 2469 contendit
1533 2428 1667 2466 Sabellius
1683 2444 1690 2463 :
1708 2436 1757 2465 sed

125 2486 161 2513 ἐν
169 2487 211 2520 τῷ
219 2488 323 2522 Πατρι,
338 2488 389 2514 καὶ
402 2490 419 2516 d
429 2488 531 2522 Πατὴρ
541 2488 576 2515 ἐν
590 2488 667 2522 ἐμοὶ,
685 2488 808 2524 εἴρηκεν.

970 2489 1059 2522 Pater,
1083 2489 1163 2517 Pater
1184 2495 1242 2522 est;
1263 2493 1289 2516 et
1309 2488 1410 2520 Filius,
1433 2486 1528 2513 Filius.
1553 2484 1644 2512 Unum
1666 2487 1757 2510 autem

125 2540 201 2567 sunt,
219 2535 283 2570 quia
303 2535 391 2564 Filius
409 2541 535 2564 essentia;
549 2535 639 2563 Patris
655 2540 751 2563 natura
784 2535 870 2563 Filius
901 2541 953 2569 est,
974 2538 1171 2573 propriumque
1197 2537 1257 2573 ejus
1279 2535 1398 2563 Verbum
1429 2533 1545 2561 exsistit.
1571 2530 1599 2558 ιιι
1625 2529 1756 2557 Dominus

124 2582 184 2617 ipse
201 2582 290 2609 aiebat
303 2591 310 2610 :
325 2582 381 2618 Ego
394 2588 418 2610 et
435 2582 517 2610 Pater
529 2591 611 2610 unum
623 2591 713 2609 sumus
726 2582 758 2610 ³³.
776 2581 831 2610 Nec
841 2583 915 2611 enim
935 2582 1054 2612 Verbum
1088 2588 1241 2619 separatum
1257 2591 1273 2610 ιι
1291 2582 1371 2609 Patre
1390 2585 1440 2613 est,
1456 2587 1506 2607 nec
1528 2585 1646 2613 unquam
1678 2575 1758 2603 Pater

124 2629 186 2656 sine
201 2627 318 2656 Ratione
334 2628 414 2664 491
432 2629 490 2657 sive
500 2629 590 2657 Verbo
606 2629 656 2656 fuit
675 2629 717 2656 vel
732 2633 783 2657 est.
798 2628 917 2657 Verbum
936 2629 1021 2665 igitur
1046 2629 1118 2658 Deus
1139 2635 1190 2662 est,
1223 2637 1272 2657 nec
1305 2628 1385 2656 Pater
1412 2628 1472 2655 sine
1488 2625 1578 2652 Verbo
1598 2629 1638 2652 est
1658 2634 1664 2651 :
1685 2622 1758 2650 unde

123 2675 194 2702 dixit
213 2683 219 2700 :
234 2674 292 2709 Ego
308 2675 336 2701 in
349 2675 440 2707 Patre,
457 2681 481 2702 et
497 2675 580 2702 Pater
593 2676 620 2701 in
636 2683 676 2701 me
686 2679 726 2702 est
741 2675 785 2701 δι’.

158 2722 182 2737 ³³
199 2721 279 2749 Joan.
299 2729 327 2754 Χ,
347 2721 392 2748 30.
432 2722 465 2737 ³³·
483 2724 561 2749 Joan.
583 2729 639 2755 xw,
658 2723 700 2748 10.

160 2767 217 2805 (l5)
237 2767 414 2805 Anglicanus,
432 2768 525 2805 Εἴπερ,

239 2803 306 2845 lieg.
325 2808 352 2829 et
367 2803 491 2845 segnem.
510 2804 677 2845 ὑποστατος,
694 2803 788 2845 ultimra
804 2803 891 2845 gravi.

159 2839 217 2874 (Π)
239 2838 352 2872 ιιι-ειυς,
389 2839 499 2874 Sugitur.
528 2838 609 2866 Basil.
637 2839 740 2874 Anglic.
763 2838 869 2867 Gobler.
886 2842 912 2866 et

969 2767 1043 2795 Fele.
1061 2767 1087 2798 Ι,
1105 2767 1149 2793 ὅτε
1165 2765 1255 2800 σοφὸς,
1268 2765 1329 2796 Yth;
1344 2764 1383 2795 δὲ,
1398 2764 1441 2790 ὅτε
1460 2763 1553 2797 σοφία.
1571 2762 1623 2789 Alii
1637 2766 1664 2789 et
1679 2760 1755 2794 editi,

969 2804 1009 2830 ὄτι
1024 2803 1116 2837 σοφὸς,
1131 2801 1193 2832 Υἱὸς
1208 2801 1246 2831 δὲ,
1256 2801 1295 2827 ὅτι
1313 2801 1400 2833 σοφία.

1003 2832 1121 2872 (18)’5ἰε
1140 2845 1203 2864 mss.
1216 2838 1247 2864 At
1263 2832 1354 2866 (ni-1L,
1366 2835 1503 2868 nilne-Ia
1525 2834 1555 2859 ἐκ
1570 2833 1675 2868 nam;
1685 2832 1755 2868 Υἱόςἵ
