1964 3038
259 130 307 158 ΠΙ
557 131 585 160 S.
603 131 790 160 ATHANASII
808 132 884 161 OPP.
904 133 996 161 PARS
1014 132 1036 161 1.

293 188 320 216 3.
334 188 468 216 l’razterea
485 188 610 217 Christus
629 188 745 217 Verbum
760 189 807 218 Dei
818 196 878 219 est:
895 200 958 219 num
971 199 1037 227 ergo

258 241 293 261 ex
314 234 405 269 seipso
421 235 531 267 exstitit,
548 235 699 271 deindeque
718 237 854 265 exsistens
874 246 935 265 cum
958 237 1038 265 Patre

258 283 301 308 est
320 280 479 314 copulatus?
493 280 535 308 An
549 289 613 308 vero
634 281 706 310 Deus
731 283 819 317 ipsum
843 283 925 317 fecit,
945 288 972 311 et
995 284 1038 311 sui

259 323 344 359 ipsius
362 323 479 352 Verbum
493 325 655 360 appellavit?
678 326 706 354 Si
729 327 845 361 primum
860 328 1036 360 concedatur.

258 370 284 397 id
292 374 343 403 est,
359 370 382 398 si
391 371 480 405 seipso
491 372 595 399 exstitit
610 377 637 399 et
651 378 693 400 est
707 372 788 406 Deus,
801 375 854 401 duo
864 374 945 410 igitur
958 379 1038 401 erunt

257 415 399 451 principia,
423 424 473 444 nec
500 417 545 444 ille
564 417 654 444 Patris
672 418 796 452 proprius
818 419 880 451 erit,
895 424 922 446 et
941 420 1038 447 merito

255 461 375 495 quidem,
394 465 488 496 utpote
501 463 546 497 qui
558 470 613 490 non
627 463 711 498 ipsius
723 463 822 498 Patris,
837 464 883 492 sed
898 464 940 492 sui
953 465 1038 499 ipsius

256 507 302 535 sit.
317 507 394 540 Quod
413 507 435 535 si
452 508 622 536 extrinsecus
639 509 726 537 l’actus
739 514 791 542 est,
805 517 850 537 res
863 514 954 538 creata
965 515 1039 538 certe

255 553 316 580 crit.
334 553 427 581 Restat
448 555 539 590 itaque
553 559 583 582 ut
603 563 665 582 eum
683 563 717 583 ex
734 555 792 590 ipso
810 556 865 583 Deo
887 563 948 584 esse
962 557 1038 584 dica-

255 608 317 627 mus
333 600 426 635 :quod
444 601 466 628 si
491 609 582 628 verum
604 606 656 633 est,
673 602 744 629 aliud
757 601 812 637 (19)
825 609 891 630 sane
911 602 993 630 fuerit
1012 603 1038 631 id

254 646 326 680 quod
340 651 381 674 est
395 655 428 674 ex
444 647 545 682 aliquo,
560 652 586 674 et
598 647 672 675 aliud
693 648 718 674 id
736 656 768 675 ex
788 656 842 683 quo
855 653 914 676 est:
926 656 959 676 ac
974 657 1038 683 pro-

255 691 318 719 inde
335 692 472 720 fatendum
487 697 529 720 est
543 693 598 722 duo
618 702 689 722 esse.
702 693 770 722 Nam
792 695 815 722 si
835 695 889 722 duo
903 703 958 722 non
979 695 1038 722 fue-

251 739 320 771 rint,
334 738 381 766 sed
402 738 458 766 haec
473 739 507 766 de
528 739 622 767 eodem
645 740 771 768 dicantur
787 748 794 765 :
814 740 883 768 idem
903 741 984 777 igitur
997 741 1039 768 sui

255 791 338 811 causa
355 788 382 811 et
393 783 506 812 euectus
521 785 584 817 erit,
596 785 666 813 idem
681 786 753 821 quod
765 786 884 821 gignitur
897 792 925 814 et
938 787 1037 822 gignit;

255 828 328 863 quod
345 829 454 864 quidem
476 829 624 857 absurdum
640 837 674 858 ex
692 830 802 859 Sabellii
816 839 908 860 errore
928 839 1040 860 manare

255 881 394 902 ostensum
407 879 457 902 est.
475 873 552 907 Quod
573 875 597 902 si
615 883 648 902 ex
662 875 721 911 ipso
736 877 845 911 quidem
865 881 916 910 est,
933 885 984 906 nec
997 882 1039 905 ta-

255 927 317 947 men
334 919 407 947 aliud
422 921 456 948 ab
467 929 499 948 eo
513 930 519 948 :
533 923 656 956 sequitur
668 926 698 949 ut
711 923 782 951 idem
798 924 834 950 sit
848 928 876 951 et
887 924 1000 959 gignens
1011 928 1039 951 et

255 973 309 993 non
322 967 451 1001 gignens;
466 967 590 1002 gignens,
601 968 666 1003 quia
677 976 711 996 ex
725 977 754 997 se
770 969 836 997 illud
852 969 971 1004 profert;
983 978 1037 997 non

254 1012 378 1048 gignens,
393 1014 457 1048 quia
469 1013 542 1042 aliud
556 1015 591 1041 ab
601 1022 634 1042 eo
647 1023 702 1042 non
716 1019 768 1042 est.
781 1015 858 1048 Quod
870 1020 1036 1050 postremum

255 1059 279 1087 si
302 1059 472 1092 admittatur,
495 1061 631 1096 colligitur
651 1061 775 1088 eumdem
796 1062 957 1096 cogitatione
975 1066 1038 1089 tan-

254 1109 324 1137 tum,
347 1104 454 1133 Patrem
469 1110 496 1134 et
517 1106 615 1134 Filium
638 1107 703 1134 dici.
726 1106 779 1134 Sed
802 1107 824 1135 si
843 1107 869 1134 id
889 1107 1037 1135 absurdum

254 1157 306 1184 est,
332 1151 414 1187 igitur
434 1152 489 1180 duo
504 1157 584 1180 erunt
599 1152 679 1180 Pater
699 1158 728 1181 et
744 1153 839 1180 Filius.
859 1152 948 1180 Unum
973 1154 1037 1181 item

254 1197 335 1225 iidem
348 1202 437 1230 erunt,
451 1198 513 1232 quia
524 1198 609 1226 Filius
620 1206 674 1226 non
686 1199 865 1230 extrinsecus.
875 1200 922 1227 sed
935 1207 967 1227 ex
981 1199 1038 1227 Deo

254 1244 363 1279 genitus
377 1248 428 1272 est.
446 1244 475 1272 Si
493 1245 555 1279 quis
571 1249 662 1272 autem
675 1244 805 1277 Verbum,
819 1245 903 1273 fetum
920 1245 977 1273 sive
990 1253 1038 1280 ge-

255 1289 342 1316 nitum
367 1289 457 1317 dicere
474 1289 641 1323 reformidat,
656 1291 800 1326 ipsumque
817 1299 879 1319 cum
894 1291 950 1319 Deo
966 1291 1039 1319 exsi~

254 1338 326 1361 stere
341 1338 418 1369 putat
443 1335 632 1363 tantummodo
652 1335 796 1364 dicendum
813 1344 820 1362 :
837 1340 931 1364 caveat
945 1336 989 1363 ille
1005 1343 1039 1364 ne

254 1379 365 1407 nomine
380 1379 526 1415 Scriptura:
545 1381 645 1409 usitato
668 1381 707 1408 uti
731 1381 878 1416 refugiens,
896 1382 924 1409 in
939 1382 1038 1410 absur-

254 1425 316 1452 dam
332 1426 433 1454 incidat
446 1427 616 1461 opinionem,
632 1435 686 1463 qua
701 1426 785 1455 Deum
801 1428 916 1463 duplicis
933 1432 1037 1456 natura

255 1471 378 1498 inducat.
394 1471 422 1498 Si
438 1472 510 1499 enim
533 1480 586 1500 non
608 1473 732 1500 concedit
745 1472 864 1501 Verbum
880 1481 914 1501 ex
934 1474 1039 1501 unitate

253 1524 324 1550 esse,
341 1518 388 1545 sed
401 1522 505 1546 tantum
517 1526 580 1546 cum
594 1518 674 1546 Patre
690 1519 773 1547 fuisse
789 1519 956 1554 copulatum,
970 1520 1039 1548 duas

253 1567 326 1591 certe
341 1563 458 1591 admittit
469 1563 613 1596 essentias.
625 1571 741 1599 quarum
757 1569 852 1592 neutra
869 1565 982 1592 alterius
992 1573 1040 1600 pa-

254 1617 316 1638 rens
332 1615 383 1637 est.
402 1609 474 1637 Idem
489 1610 571 1637 etiam
584 1610 617 1637 de
631 1610 730 1638 virtute
743 1610 801 1637 sive
815 1611 933 1645 potentia
947 1611 1040 1638 dicen-

253 1657 318 1684 dum
332 1661 383 1684 est.
399 1656 427 1684 id
448 1660 539 1684 autem
563 1656 670 1684 facilius
696 1657 795 1692 poterit
819 1656 942 1691 intelligi.
967 1657 990 1684 si
1012 1657 1039 1684 in

254 1701 335 1730 Patre
362 1706 508 1737 spectetur.
524 1701 601 1730 Unus
617 1702 689 1729 enim
715 1707 757 1730 est
778 1702 874 1734 Pater,
896 1710 949 1729 non
975 1703 1040 1734 duo,

254 1747 301 1776 sed
315 1755 348 1775 ex
364 1755 420 1775 uno
432 1752 474 1775 est
485 1748 580 1776 Filius.
596 1747 706 1784 Utergo
718 1755 772 1775 non
789 1753 853 1776 sunt
862 1749 916 1776 duo
933 1748 1038 1781 Patres,

253 1799 282 1822 et
304 1802 338 1822 ex
363 1802 419 1822 uno
435 1796 589 1823 essentialis
609 1795 717 1823 exsistit
738 1795 833 1823 Filius.
852 1795 958 1824 Rursus
974 1805 1039 1824 vero

254 1845 328 1869 tores
351 1841 462 1874 attinet,
485 1840 523 1868 illi
543 1848 577 1868 ex
592 1840 652 1867 Filii
668 1840 763 1868 notitia
786 1840 923 1868 refellendi
949 1845 1014 1869 sunt
1032 1851 1039 1869 :

289 1888 316 1916 4.
333 1887 379 1916 Sic
393 1888 475 1923 igitur
497 1888 685 1916 disserendum
703 1892 746 1915 est
760 1895 767 1913 ε
780 1887 829 1915 Vel
843 1887 914 1916 Deus
936 1893 979 1916 est
995 1897 1040 1917 sa-

253 1934 342 1970 piens.
358 1941 409 1962 nec
420 1934 479 1961 sine
491 1933 579 1960 Verbo
590 1935 646 1961 sive
660 1933 793 1965 Ratione;
808 1934 849 1960 vel
865 1939 970 1966 contra,
981 1934 1039 1962 sine

254 1980 387 2016 sapientia
405 1984 448 2008 est
467 1984 496 2007 et
510 1979 600 2007 Verbo
617 1987 663 2007 seu
686 1979 812 2007 Ratione.
837 1980 865 2007 Si
887 1983 1037 2008 secundum

253 2026 417 2059 admittitur,
433 2025 459 2053 id
472 2033 520 2060 per
536 2033 566 2053 se
579 2025 727 2053 absurdum
747 2033 808 2053 esse
823 2025 907 2060 liquet
922 2035 930 2053 :
947 2027 969 2054 si
983 2027 1039 2062 pri-

254 2080 329 2100 mum
345 2071 513 2105 conceditur,
529 2078 624 2098 rursus
639 2071 833 2098 sciscitantium
850 2076 902 2104 est,
917 2079 1036 2106 quonam

254 2118 335 2146 modo
350 2118 386 2146 sit
400 2118 519 2153 sapiens,
533 2125 584 2145 nec
595 2118 654 2144 sine
671 2116 760 2145 Verbo
774 2125 822 2146 seu
840 2117 970 2146 Ratione:
986 2126 1036 2146 ex-

252 2165 422 2192 trinsecusne
441 2163 602 2198 sapientiam
636 2167 664 2190 et
683 2162 821 2193 Verbum.
848 2171 882 2190 an
914 2171 979 2191 vero
1005 2172 1038 2191 ex

253 2211 344 2246 seipso
361 2210 475 2237 habeat?
490 2208 519 2236 Si
533 2209 705 2237 extrinsecus
719 2209 800 2238 habet
817 2218 824 2236 :
840 2210 940 2245 aliquis
955 2210 1039 2246 igitur

252 2255 329 2291 prius
347 2255 386 2282 illi
400 2254 483 2285 dedit.
506 2254 629 2289 ipseque.
650 2259 794 2290 antequam
812 2256 963 2290 acciperet,
979 2257 1039 2284 sine

254 2300 386 2336 sapientia
397 2294 435 2328 'et
455 2299 544 2328 Verbo
565 2301 622 2328 sive
643 2300 758 2329 Ratione
778 2306 846 2330 erat.
862 2301 939 2335 Quod
961 2302 984 2330 si
1005 2310 1038 2330 ex

254 2347 344 2382 seipso
360 2346 442 2374 habet
460 2346 590 2379 Verbum,
613 2346 701 2381 palam
724 2347 803 2382 igitur
830 2352 872 2375 est
899 2348 988 2383 ipsum
1004 2356 1038 2376 ex

254 2393 338 2420 nihilo
357 2400 410 2420 non
429 2399 502 2424 esse,
525 2399 614 2427 neque
631 2392 714 2421 fuisse
735 2394 881 2429 aliquando
897 2402 958 2421 cum
982 2402 1036 2422 non

254 2443 335 2466 esset.
348 2438 488 2474 Siquidem
502 2445 609 2474 semper
623 2437 684 2471 fuit,
695 2439 795 2474 quippe
810 2447 872 2467 cum
886 2440 941 2472 ille,
959 2441 1037 2475 cujus

254 2485 343 2520 imago
352 2481 410 2518 est,’
420 2492 527 2520 semper
536 2484 658 2513 exsistat.
672 2485 706 2513 At
718 2484 741 2512 si
754 2486 941 2520 responderint
952 2486 1036 2514 Deum

254 2531 402 2566 sapientem
415 2532 524 2567 quidem
537 2537 598 2559 esse
608 2538 659 2558 nec
671 2531 730 2558 sine
744 2530 831 2558 Verbo
846 2532 902 2558 sive
913 2531 1036 2565 Ratione.

289 2618 345 2656 (l9)
366 2619 411 2648 Sic
427 2621 473 2649 hic
487 2625 515 2648 et
528 2628 591 2648 mox
603 2641 611 2652 ,
625 2619 747 2656 (έηεοιιηι
769 2619 869 2656 secuti,
887 2619 1037 2656 reddimus.

254 2661 319 2686 non,
335 2653 415 2688 illius,
427 2661 456 2683 ut
470 2657 557 2684 solent
573 2655 647 2690 loqui
660 2655 686 2682 in
703 2655 805 2682 scholis
819 2654 958 2690 Theologi.
971 2653 1037 2681 Υἱός.

255 2696 347 2726 supra.
363 2698 423 2726 pag.
438 2691 501 2721 458,
520 2699 595 2726 num.
614 2690 642 2716 4.

291 2724 346 2759 (9.0)
365 2724 465 2759 Regius
482 2731 509 2752 et
527 2725 817 2760 Seguer..itbvéitaxsv.

290 2759 346 2795 (2i)
358 2759 467 2794 Regius,
480 2758 587 2787 Gobler.
603 2764 630 2787 et
643 2758 734 2788 Felck'.
746 2761 772 2793 1,
789 2759 902 2795 ὑπέστη.
923 2758 1035 2795 seguer.

255 2793 378 2834 BaSII.”et
391 2795 510 2834 Anglic,
521 2795 647 2834 ηὑφέστῃ.
672 2795 740 2834 _l:_‘.diti
753 2815 760 2827 ,
776 2793 928 2834 ῥφέσττλᾶε.
944 2793 1037 2834 _Pa_ulu

254 2834 314 2864 post
335 2829 448 2865 Regius;
466 2829 548 2856 Basil.
566 2835 592 2858 ct
611 2830 727 2865 Anglic,
753 2830 790 2865 μὴ
810 2829 889 2857 ari-.05
911 2829 957 2856 τηε
979 2830 1035 2855 Πα-

1056 148 1090 155 -
1110 131 1294 160 RISTORlCA
1315 131 1359 159 ET
1379 129 1588 159 DOGMATICA.
1811 129 1858 158 ΠΩ

1051 195 1074 222 Α
1122 192 1149 219 ὅ.
1166 192 1219 218 Καὶ
1234 191 1339 218 πάλινὸ
1351 190 1467 227 Χριστὸς
1479 189 1564 224 Λόγος
1581 187 1628 216 τοῦ
1644 188 1709 216 Θεοῦ
1733 189 1797 216 ἐστι.
1812 189 1859 216 Πό-

1091 247 1168 273 τερον
1183 236 1230 265 οὖν
1255 239 1301 272 ἀφ’
1312 236 1409 264 ἑαυτοῦ
1424 237 1539 271 ὑπέστη,
1554 235 1601 262 καὶ
1617 235 1735 267 ὑποστὰς
1753 243 1860 270 προσχε-

1091 285 1216 319 κόλληται
1243 284 1282 319 τῷ
1298 283 1400 319 Πατρὶς
1421 282 1438 318 ἢ
1460 283 1474 309 ὁ
1489 282 1554 313 Θεὸς
1569 280 1648 307 αὑτὸν
1671 280 1798 316 πεποίηκε
1820 281 1860 307 καὶ

1091 329 1231 365 ὠνόμασεν
1242 330 1297 364 (9.0)
1314 328 1410 358 ἑαυτοῦ
1427 328 1529 362 Λόγον;
1543 328 1576 354 Εἰ
1590 327 1638 362 μὲν
1649 325 1695 354 οὗν
1708 327 1738 352 τὸ
1753 327 1860 362 πρῶτον,
1877 355 1879 358 ,

1091 374 1162 408 λέγω
1177 375 1208 409 δὴ
1219 374 1259 406 τὸ,
1276 373 1362 408 ἐαυτῷ
1374 373 1477 408 ὑπέστη
1490 373 1545 408 (9.1)
1561 373 1607 400 καὶ
1619 372 1684 404 Θεός
1699 373 1765 403 ἐστι,
1776 371 1819 399 δύο
1832 372 1861 399 ἂν

1091 419 1145 446 εἷεν
1158 420 1240 455 ἀρχαὶ
1252 439 1260 451 ,
1282 420 1330 446 οὐκ
1354 419 1427 445 ἐσται
1449 418 1478 446 δὲ
1498 419 1608 450 εἰκότως
1623 418 1684 445 οὐδὲ
1704 418 1749 444 τοῦ
1765 418 1861 453 Πατρός

1093 466 1166 498 ἴδιος,
1183 465 1226 492 διὰ
1236 466 1266 492 τὸ
1277 465 1314 501 μὴ
1327 464 1407 491 αὐτοῦ
1421 465 1467 491 τοῦ
1479 464 1595 500 Πατρδς,
1610 464 1666 491 ἀλλ’
1682 464 1774 490 ἑαυτοῦ
1788 462 1860 490 εἶναι·

1091 511 1116 537 εί
1134 511 1163 538 δὲ
1180 510 1276 544 ἔξωθεν
1296 511 1451 545 πεποίηται,
1466 511 1508 545 εἴη
1519 509 1552 536 ἂν
1567 509 1680 545 κτίσμα.
1695 509 1819 536 Λείπεται
1834 509 1863 544 δὴ

1091 557 1120 590 ἐξ
1133 556 1214 584 αὐτοῦ
1227 556 1274 583 τοῦ
1288 556 1355 583 Θεοῦ
1367 556 1456 590 λέγειν
1472 556 1552 583 αὐτόν
1562 564 1569 571 ·
1583 557 1607 582 ει
1620 555 1650 582 δὲ
1661 554 1747 586 τοῦτο,
1762 555 1821 581 ἄλλο
1835 554 1864 581 ἂν

1091 603 1134 638 εἴη
1146 603 1176 630 τὸ
1188 603 1219 630 Ex
1230 611 1313 635 τινος,
1331 603 1378 629 καὶ¹
1388 602 1452 629 ἄλλο
1473 602 1505 629 τὸ
1521 601 1551 634 ἐξ
1565 598 1597 629 οὗ
1619 603 1690 628 ἐστι·
1711 601 1780 628 κατὰ
1794 600 1865 627 τοῦτο

1091 648 1146 684 ἄρα
1155 647 1210 674 δύο.
1221 649 1253 675 Εἰ
1266 648 1294 674 δὲ
1309 647 1345 683 μὴ
1358 648 1404 674 δύο
1414 648 1468 683 ειη,
1481 647 1538 674 ἀλλ’
1550 647 1597 673 ἐπὶ
1607 646 1655 673 τοῦ
1671 646 1751 673 αὑτοῦ
1758 646 1865 680 λέγοιτο,

1092 694 1205 721 Eri-rutro
1219 693 1285 720 αὐτὸ
1299 693 1385 721 αἴτιον
1399 694 1456 728 (ετξ)
1468 693 1514 720 καὶ
1526 693 1657 724 αἱτιατὺν.
1677 692 1724 719 καὶ
1740 691 1867 726 γεννώμε-

1092 749 1136 767 νον
1145 740 1192 767 xu).
1203 740 1313 774 γεννῶν,
1327 741 1395 776 ὅπερ
1407 740 1506 767 ἄτοπον
1517 739 1564 766 ἐπὶ
1577 738 1721 765 Σαδελλίου
1734 737 1865 765 δέδεικται.

1092 786 1124 812 Εἰ
1138 787 1166 813 δὲ
1183 786 1212 820 ἐξ
1226 786 1308 813 αὑτοῦ
1334 786 1384 822 μὲν
1406 786 1491 818 ἐστιν,
1507 785 1557 812 οὐκ
1576 785 1638 811 ἄλλο
1655 784 1684 811 δέ
1695 792 1702 800 ·
1732 783 1804 810 ἔσται
1826 783 1868 810 καὶ

1092 831 1193 865 γεννῶν
1203 851 1211 863 ,
1231 831 1277 858 καὶ
1303 831 1341 866 μὴ
1362 831 1464 865 γεννῶν
1474 839 1481 847 ·
1498 830 1601 864 γεννῶν
1614 830 1664 866 μὲν
1675 849 1683 861 ,
1700 829 1741 856 ὅτι
1752 829 1782 861 ἐξ
1793 828 1868 856 αὑτοῦ

1053 874 1074 901 Β
1089 877 1230 913 προφέρει.
1247 877 1284 913 μὴ
1299 877 1400 912 γεννῶν
1417 877 1462 909 δὲ,
1479 877 1522 904 ὃτι
1536 877 1573 912 μὴ
1596 875 1662 904 ἄλλο
1686 874 1768 903 αὑτοῦ
1791 875 1867 900 ἐστιν.

1088 923 1120 948 El
1131 922 1159 948 δὲ
1173 921 1261 954 τοῦτο,
1273 921 1315 957 εἴη
1330 921 1363 948 ἂν
1376 923 1436 948 κατ’
1452 921 1572 949 ἐπίνοιαν
1587 921 1735 956 λεγόμενος
1754 922 1775 947 ὁ⁹
1790 919 1866 950 αὐτὸς

1089 967 1182 1003 Πατὴρ
1193 967 1240 994 καὶ
1263 967 1337 999 Υἱός.
1353 968 1384 994 Εἰ
1397 967 1426 994 δὲ
1448 967 1571 1003 ἀπρεπὲς
1594 967 1692 999 οὕτως,
1717 967 1759 1001 εῐη
1773 966 1804 993 ἂν
1818 965 1869 997 δύο,

1088 1014 1183 1049 Πατὴρ
1197 1014 1243 1040 καὶ
1259 1014 1332 1046 Υἱός⁶
1349 1013 1378 1040 ἓν
1389 1013 1426 1046 δὲ,
1441 1013 1482 1040 ὅτι
1491 1014 1505 1040 ό
1518 1013 1583 1044 Υἱὸς
1592 1013 1643 1040 οὐκ
1659 1012 1766 1045 ἔξωθεν,
1779 1011 1831 1038 ἀλλ’
1841 1012 1870 1038 ὲκ

1086 1059 1134 1086 τοῦ
1145 1059 1212 1086 Θεοῦ
1227 1060 1388 1094 γεγέννηται
1403 1059 1470 1094 (25).
1491 1059 1523 1085 Εἰ
1538 1059 1567 1085 δὲ
1582 1058 1678 1093 φεύγει
1694 1066 1736 1090 τις
1746 1057 1776 1084 τὸ
1789 1057 1869 1091 λέγειν

1088 1106 1221 1142 γέννημα,
1241 1105 1320 1141 μόνον
1329 1105 1358 1132 δὲ
1373 1104 1448 1139 λέγει
1464 1104 1597 1140 ὑπάρχειν
1613 1103 1660 1131 τὸν
1672 1103 1756 1138 Λόγον
1776 1103 1822 1130 σὺν
1835 1101 1870 1137 τῷ

1086 1151 1161 1187 Θεῷ’
1174 1151 1321 1187 φοϐηθήτω
1333 1152 1348 1178 ό
1360 1151 1480 1182 τοιοῦτος
1505 1151 1554 1186 μὴ,
1574 1150 1684 1185 φεύγων
1707 1150 1738 1177 τὸ
1763 1148 1814 1176 ὑπὸ
1826 1149 1870 1183 τῆς

1087 1198 1198 1234 Γραφῆς
1212 1198 1366 1233 λεγόμενον,
1381 1197 1490 1233 ἐμπέσῃ
1505 1198 1545 1229 εἰς
1559 1196 1686 1229 ἀτοπίαν,
1711 1196 1790 1232 διφυῆ
1815 1203 1870 1222 τινα

1088 1243 1206 1277 εἰσάγων
1216 1243 1263 1270 τὸν
1273 1243 1338 1270 Θεόν
1351 1252 1358 1258 ”
1371 1243 1408 1278 μὴ
1417 1243 1505 1274 διδοὺς
1514 1243 1569 1278 γὰρ
1580 1243 1613 1269 ὲκ
1623 1243 1674 1278 τῆς
1685 1242 1796 1278 μονάδος
1808 1239 1870 1268 εἶναι

1087 1288 1132 1315 τὸν
1147 1288 1244 1322 Λόγον,
1259 1288 1316 1314 ἀλλ’
1330 1287 1423 1320 ἁπλῶς
1439 1287 1617 1323 κεκολλῆσθαι
1632 1288 1672 1323 τῷ
1683 1287 1770 1322 Πατρὶ
1782 1286 1869 1320 Λόγον,

1088 1335 1171 1362 δυάδα
1187 1335 1281 1366 οὐσίας
1294 1334 1409 1368 εἰσάγει,
1431 1333 1581 1369 μηδετέραν
1599 1333 1649 1369 τῆς
1662 1333 1757 1369 ἐτέρας
1770 1332 1871 1367 Πατέρα

1087 1382 1283 1418 τυγχάνουσαν.
1302 1381 1338 1408 Τὸ
1346 1381 1412 1408 αὐτὸ
1425 1381 1454 1408 δὲ
1474 1380 1521 1407 καὶ
1540 1379 1604 1414 περὶ
1621 1379 1772 1414 δυνάμεως.
1793 1379 1870 1405 Φανε-

1090 1427 1207 1464 ρώντερον
1224 1427 1246 1454 δ’
1264 1427 1297 1454 ἄν
1310 1435 1352 1458 τις
1369 1427 1418 1453 ῐδοι
1432 1426 1520 1457 τοῦτο,
1540 1427 1564 1452 εί
1583 1425 1629 1452 ἐπὶ
1654 1425 1762 1460 Πατρὸς
1782 1424 1869 1451 λάϐοιδ

1089 1471 1130 1506 εἷς
1145 1473 1200 1510 γὰρ
1211 1473 1317 1509 Πατὴρ,
1331 1473 1378 1500 καὶ
1393 1473 1425 1500 οὗ
1439 1473 1495 1503 δύο,
1510 1473 1567 1500 ἀλλ’
1579 1473 1612 1498 ἐκ
1629 1471 1678 1498 τοῦ
1699 1472 1757 1503 ὲνὺς
1775 1471 1788 1497 ὗ
1804 1469 1870 1501 Υἱός.

1091 1519 1197 1555 Ὠσπερ
1215 1516 1262 1546 οὖν
1279 1519 1310 1545 οὺ
1324 1519 1372 1545 δύο
1386 1518 1508 1554 Ιιατέρες
1518 1538 1526 1550 ,
1538 1517 1597 1545 ἀλλ’
1610 1514 1661 1549 εἷς,
1681 1517 1766 1549 οὓτως
1782 1516 1811 1543 οὐ
1830 1515 1871 1542 δύο

1053 1549 1075 1580 c
1090 1549 1188 1601 ἀρχαὶ,
1199 1565 1267 1592 ἀλλὰ
1285 1565 1343 1600 μία,
1365 1565 1412 1591 καὶ
1432 1549 1469 1591 ὲκ.
1479 1549 1529 1599 si];
1545 1565 1610 1599 pta;
1625 1563 1757 1599 οὐσιώδης
1775 1564 1789 1590 ὁ
1804 1562 1869 1593 Υἱός.

1091 1611 1164 1647 Πρός
1185 1612 1339 1647 Ἀρειανοὺς
1350 1611 1379 1638 δὲ
1395 1610 1527 1638 ἀνάπαλιν
1544 1611 1700 1646 ὲρωτητέον
1711 1619 1718 1626 ο
1744 1609 1806 1641 τοὺς
1827 1608 1871 1644 μὲν

1091 1657 1146 1692 γὰρ
1161 1656 1369 1690 Σαϐελλίζοντας
1381 1657 1434 1684 ἀπὸ
1444 1657 1493 1692 τῆς
1516 1657 1581 1692 περὶ
1605 1656 1670 1683 Υιοῦ
1689 1656 1790 1687 ἐννοίας
1804 1654 1871 1688 ἐλεγ-

1093 1703 1181 1735 κτέον,
1199 1704 1262 1736 τοὺς
1272 1703 1301 1730 δὲ
1323 1703 1478 1738 ’Δρειανοὺς
1487 1703 1541 1730 ἀπὸ
1554 1703 1603 1738 τῆς
1616 1703 1680 1740 περ).
1692 1702 1807 1738 Πατρός.

1054 1749 1101 1776 sed
1118 1757 1213 1776 unus:
1230 1750 1265 1776 ita
1283 1757 1337 1776 non
1361 1749 1416 1776 duo
1437 1749 1569 1784 principia
1592 1755 1675 1783 sunt,
1701 1749 1748 1776 sed
1777 1754 1869 1775 unum.

1056 1797 1173 1825 Arianos
1189 1798 1396 1832 interrogemus.
1418 1796 1486 1824 Nam
1517 1797 1591 1832 quod
1604 1797 1638 1825 ad
1663 1796 1775 1825 Sabellii
1793 1799 1871 1824 secta-

1058 1842 1151 1869 Ariani
1166 1850 1241 1875 vero,
1259 1850 1292 1869 ex
1308 1842 1396 1870 Patris
1408 1842 1527 1870 notione.

1127 1890 1154 1917 4.
1170 1890 1286 1917 Λεκτέον
1302 1888 1368 1916 οὖν·
1395 1890 1423 1916 '0
1442 1889 1508 1922 Θεὸς
1528 1889 1610 1924 σοφὸς
1636 1890 1686 1917 καὶ
1709 1890 1760 1917 οὐκ
1783 1887 1870 1922 ἄλογός

1091 1937 1176 1968 ἐστιν,
1192 1935 1208 1970 ἢ
1220 1935 1376 1963 τούναντίον
1384 1935 1484 1970 ἅσοφος
1497 1935 1544 1962 καὶ
1559 1935 1666 1970 ἄλογος.
1686 1936 1719 1962 Et
1732 1935 1780 1971 μὲν
1791 1932 1834 1962 οὖν
1844 1934 1870 1960 τὺ

1091 1982 1225 2017 δεύτερον,
1237 1982 1348 2008 αὐτόθεν
1361 1982 1415 2017 ἔχει
1427 1983 1475 2018 τὴν
1490 1982 1604 2009 ἀτοπίαν
1614 1990 1622 1998 ⁶
1635 1983 1660 2009 εἰ
1675 1982 1705 2009 δὲ
1721 1982 1751 2009 τὸ
1762 1981 1869 2018 πρῶτον,

1091 2028 1252 2063 ὲρωτητέον,
1264 2028 1321 2059 πῶς
1335 2029 1393 2054 ἐστι
1408 2028 1498 2063 σοφὸς,
1513 2028 1561 2054 καὶ
1573 2028 1623 2055 οὐκ
1635 2028 1733 2062 ἄλογος
1747 2035 1755 2042 '
1766 2027 1869 2062 πότερον

1092 2073 1190 2107 ἔξωθεν
1206 2073 1331 2109 ἐσχηκὼς
1341 2074 1387 2101 τὸν
1400 2074 1484 2108 Λόγον
1498 2074 1545 2100 καὶ
1556 2074 1606 2109 τὴν
1618 2074 1725 2109 σοφίαν,
1740 2074 1756 2109 ἢ
1772 2073 1799 2106 ἐξ
1815 2073 1869 2100 ἑαυ-

1091 2119 1155 2152 τοῦ;
1172 2120 1203 2146 Εἰ
1215 2119 1264 2154 μὲν
1276 2117 1322 2146 οὖν
1332 2118 1441 2152 ἔξωθεν,
1459 2119 1535 2146 ἔσται
1552 2127 1594 2150 τις
1606 2120 1620 2146 ὁ
1635 2118 1810 2154 προδεδωκὼς
1819 2117 1868 2153 (26)

1091 2165 1175 2200 αὐτῷ,
1193 2165 1241 2191 καὶ
1254 2165 1318 2200 πρὶν
1332 2163 1424 2191 λαεεῖν
1444 2164 1544 2199 ἄσοφος
1562 2164 1614 2191 ικαὶ
1631 2163 1744 2198 ἄλογος·
1755 2164 1779 2190 εί
1792 2163 1819 2190 δὲ
1843 2162 1868 2194 ἐξ

1089 2210 1183 2242 αὐτοϋ,
1197 2209 1274 2244 δῆλον
1290 2210 1395 2243 ὃτιίὲὅ)
1409 2210 1459 2236 οὐκ
1475 2209 1504 2242 ἐξ
1521 2209 1571 2236 οὐκ
1584 2210 1680 2241 ὄντων,
1693 2209 1749 2236 οὐδ’
1762 2206 1795 2244 ἦν
1809 2215 1868 2234 ποτε

1089 2257 1133 2283 ὅτε
1147 2253 1239 2291 οὒκῆν
1249 2263 1256 2269 ⁸
1274 2256 1318 2282 ἀεὶ
1332 2256 1386 2291 γὰρ
1402 2253 1436 2291 ἦν
1446 2264 1452 2272 ·
1464 2256 1525 2282 inst
1538 2255 1585 2282 καὶ
1597 2252 1626 2282 οὗ
1640 2256 1714 2282 ἐστιν
1727 2253 1815 2285 εἰκὼν,
1829 2252 1868 2279 ἀεὶ

1091 2302 1217 2338 ὑπάρχει.
1242 2301 1305 2328 Ἐὰν
1319 2302 1347 2328 δὲ
1366 2302 1496 2336 λέγωσιν,
1512 2302 1554 2328 ὅτι
1576 2301 1656 2335 σοφὸς
1681 2301 1731 2336 μὲν
1754 2300 1809 2327 ἔστι
1827 2297 1868 2325 καὶ

1089 2347 1138 2374 οὐκ
1155 2347 1262 2381 ἄλογος,
1283 2347 1351 2374 ἰδίαν
1364 2347 1392 2373 δὲ
1411 2346 1467 2382 ἔχει
1480 2348 1509 2373 ὲν
1520 2346 1610 2382 ἑαυτῷ
1631 2346 1726 2380 σοφίαν
1747 2345 1792 2372 καὶ
1809 2344 1868 2370 [διον

1091 2393 1188 2427 Λόγον,
1203 2393 1233 2419 οὐ
1250 2393 1295 2419 τὸν
1306 2393 1424 2428 Χριστὸν
1433 2392 1472 2424 δὲ,
1485 2392 1542 2419 ἀλλ’
1556 2393 1585 2419 ὲν
1635 2392 1682 2419 καὶ
1699 2391 1744 2418 τὸν
1759 2388 1867 2426 Χριστὸν

1091 2438 1215 2474 ἐποίησε·
1232 2437 1351 2471 λεκτέον,
1359 2438 1411 2468 ὅτι.
1420 2439 1444 2464 ει
1457 2438 1594 2474 ὸΧριστὺς
1605 2439 1633 2465 ὲν
1647 2438 1744 2472 ἐκείνῳ
1751 2437 1789 2472 τῷ
1796 2435 1867 2469 Λόγῳ

1090 2485 1194 2518 γέγονε,
1211 2484 1289 2519 δῆλον
1302 2485 1343 2511 ὅτι
1356 2485 1403 2511 καὶ
1418 2484 1452 2512 τὰ
1465 2485 1570 2512 πάντα·
1586 2484 1633 2511 καὶ
1656 2483 1736 2514 αὐτὸς
1755 2482 1787 2509 ἂν
1805 2480 1843 2516 εἴη
1859 2499 1864 2510 τ

1091 2531 1155 2566 περὶ
1166 2527 1196 2557 οὗ
1211 2530 1284 2564 λέγει
1305 2530 1440 2565 Ἰωάννης,
1455 2530 1557 2558 Πάντα
1572 2529 1610 2556 δι’
1628 2529 1720 2558 αὑτοῦ
1739 2528 1863 2563 ἐγένετο’

1055 2178 1076 2205 D

1089 2620 1166 2657 τοός,
1180 2619 1219 2657 ln_
1226 2620 1287 2657 aliis
1298 2624 1325 2648 et
1338 2620 1456 2657 editione
1469 2618 1694 2657 commeliniana,
1714 2616 1770 2657 τοῦ.
1782 2616 1860 2657 (ἔρρεξ-

1127 2655 1182 2690 (22)
1201 2654 1303 2690 Regius
1326 2655 1430 2690 primus
1448 2659 1474 2682 et
1489 2654 1656 2689 Seguerian.,
1671 2654 1700 2680 τὸ
1714 2651 1777 2680 αὺτῆ
1791 2651 1863 2676 αὑτο-

1090 2689 1185 2716 αίτιον.
1247 2689 1250 2690 ⁷
1327 2689 1333 2690 ί

1125 2725 1181 2759 (23)
1203 2725 1370 2759 Basilicnsis,
1382 2724 1538 2760 γεγένηται.

1125 2761 1180 2794 (24)
1200 2760 1309 2796 Regius,
1325 2759 1527 2796 προσδεδωκώς.

1125 2795 1182 2830 (25)
1202 2793 1303 2830 Regius
1320 2793 1485 2830 ct‘Segucrq
1501 2793 1630 2829 δηλονότι.
