  <div class='ocr_page' id='page_1' title='image "/cluster/home/n/w/nwhite01/storage/ocr_20150623/26/njp.32101077772521/242.png"; bbox 0 0 1964 3038; ppageno 0'>
   <div class='ocr_carea' id='block_1_1' title="bbox 97 141 146 169">
    <p class='ocr_par' dir='ltr' id='par_1_1' title="bbox 97 141 146 169">
     <span class='ocr_line' id='line_1_1' title="bbox 97 141 146 169; baseline 0.02 -1"><span class='ocrx_word' id='word_1_1' title='bbox 97 141 146 169; x_wconf 75' lang='lat'><strong>675</strong></span> 
     </span>
    </p>
   </div>
   <div class='ocr_carea' id='block_1_2' title="bbox 631 143 1154 174">
    <p class='ocr_par' dir='ltr' id='par_1_2' title="bbox 631 143 1154 174">
     <span class='ocr_line' id='line_1_2' title="bbox 631 143 1154 174; baseline 0.004 -2"><span class='ocrx_word' id='word_1_2' title='bbox 631 143 762 172; x_wconf 77' lang='lat' dir='ltr'><strong>ORATIO</strong></span> <span class='ocrx_word' id='word_1_3' title='bbox 782 144 816 172; x_wconf 95' lang='lat' dir='ltr'><strong>lV</strong></span> <span class='ocrx_word' id='word_1_4' title='bbox 835 144 976 174; x_wconf 78' lang='lat' dir='ltr'><strong>CONTRA</strong></span> <span class='ocrx_word' id='word_1_5' title='bbox 993 145 1154 174; x_wconf 77' lang='lat' dir='ltr'><strong>ARIANOS.</strong></span> 
     </span>
    </p>
   </div>
   <div class='ocr_carea' id='block_1_3' title="bbox 1658 141 1711 170">
    <p class='ocr_par' dir='ltr' id='par_1_3' title="bbox 1658 141 1711 170">
     <span class='ocr_line' id='line_1_3' title="bbox 1658 141 1711 170; baseline 0 0"><span class='ocrx_word' id='word_1_6' title='bbox 1658 141 1711 170; x_wconf 72' lang='grc'><strong>474</strong></span> 
     </span>
    </p>
   </div>
   <div class='ocr_carea' id='block_1_4' title="bbox 96 198 868 241">
    <p class='ocr_par' dir='ltr' id='par_1_4' title="bbox 96 198 868 238">
     <span class='ocr_line' id='line_1_4' title="bbox 96 198 868 238; baseline 0.008 -13"><span class='ocrx_word' id='word_1_7' title='bbox 96 200 141 226; x_wconf 81' lang='grc' dir='ltr'>καὶ</span> <span class='ocrx_word' id='word_1_8' title='bbox 153 199 168 225; x_wconf 88' lang='lat'><strong>6</strong></span> <span class='ocrx_word' id='word_1_9' title='bbox 175 198 322 235; x_wconf 60' lang='grc' dir='ltr'>Ψαλμιικῖκ</span> <span class='ocrx_word' id='word_1_10' title='bbox 329 200 366 233; x_wconf 83' lang='grc' dir='ltr'><strong>δὲ,</strong></span> <span class='ocrx_word' id='word_1_11' title='bbox 376 201 476 229; x_wconf 81' lang='grc' dir='ltr'><em>Πάντα</em></span> <span class='ocrx_word' id='word_1_12' title='bbox 488 203 544 237; x_wconf 79' lang='lat'><strong>(‘26)</strong></span> <span class='ocrx_word' id='word_1_13' title='bbox 555 203 590 230; x_wconf 77' lang='grc' dir='ltr'>ἐν</span> <span class='ocrx_word' id='word_1_14' title='bbox 608 205 701 238; x_wconf 66' lang='grc' dir='ltr'><strong>σοφίᾳ</strong></span> <span class='ocrx_word' id='word_1_15' title='bbox 720 204 868 238; x_wconf 52' lang='grc' dir='ltr'><strong>ἐποίησας-η</strong></span> 
     </span>
    </p>
   </div>
   <div class='ocr_carea' id='block_1_5' title="bbox 919 198 1711 241">
    <p class='ocr_par' dir='ltr' id='par_1_5' title="bbox 927 201 1711 241">
     <span class='ocr_line' id='line_1_5' title="bbox 927 201 1711 241; baseline -0.008 -8"><span class='ocrx_word' id='word_1_16' title='bbox 927 205 973 232; x_wconf 86' lang='lat' dir='ltr'><strong>sed</strong></span> <span class='ocrx_word' id='word_1_17' title='bbox 996 206 1132 241; x_wconf 83' lang='lat' dir='ltr'><strong>propriam</strong></span> <span class='ocrx_word' id='word_1_18' title='bbox 1160 205 1187 232; x_wconf 92' lang='lat' dir='ltr'><strong>in</strong></span> <span class='ocrx_word' id='word_1_19' title='bbox 1210 203 1432 240; x_wconf 56' lang='lat' dir='ltr'><strong>seipsofhabere</strong></span> <span class='ocrx_word' id='word_1_20' title='bbox 1454 201 1624 237; x_wconf 78' lang='lat' dir='ltr'><strong>sapientiam,</strong></span> <span class='ocrx_word' id='word_1_21' title='bbox 1646 208 1711 235; x_wconf 86' lang='lat' dir='ltr'><strong>pro-</strong></span> 
     </span>
    </p>
   </div>
   <div class='ocr_carea' id='block_1_6' title="bbox 95 243 875 284">
    <p class='ocr_par' dir='ltr' id='par_1_6' title="bbox 95 243 875 284">
     <span class='ocr_line' id='line_1_6' title="bbox 95 243 875 284; baseline 0.009 -15"><span class='ocrx_word' id='word_1_22' title='bbox 95 243 273 280; x_wconf 78' lang='grc' dir='ltr'>Εὐρεθήσεται</span> <span class='ocrx_word' id='word_1_23' title='bbox 287 245 315 272; x_wconf 78' lang='grc' dir='ltr'><strong>δὲ</strong></span> <span class='ocrx_word' id='word_1_24' title='bbox 330 247 343 272; x_wconf 98' lang='lat'><strong>6</strong></span> <span class='ocrx_word' id='word_1_25' title='bbox 356 246 471 282; x_wconf 80' lang='grc' dir='ltr'>Χριστὸς</span> <span class='ocrx_word' id='word_1_26' title='bbox 485 247 658 283; x_wconf 78' lang='grc' dir='ltr'>ψευδόμενος,</span> <span class='ocrx_word' id='word_1_27' title='bbox 684 249 755 284; x_wconf 81' lang='grc' dir='ltr'><strong>Ἐγὼ</strong></span> <span class='ocrx_word' id='word_1_28' title='bbox 779 250 814 276; x_wconf 76' lang='grc' dir='ltr'><strong>ἐν</strong></span> <span class='ocrx_word' id='word_1_29' title='bbox 835 249 875 282; x_wconf 83' lang='grc' dir='ltr'>τῷ</span> 
     </span>
    </p>
   </div>
   <div class='ocr_carea' id='block_1_7' title="bbox 94 291 875 330">
    <p class='ocr_par' dir='ltr' id='par_1_7' title="bbox 94 291 875 330">
     <span class='ocr_line' id='line_1_7' title="bbox 94 291 875 330; baseline 0.006 -13"><span class='ocrx_word' id='word_1_30' title='bbox 94 291 194 324; x_wconf 74' lang='grc' dir='ltr'><strong>Πατρὶ,</strong></span> <span class='ocrx_word' id='word_1_31' title='bbox 207 291 278 323; x_wconf 73' lang='grc' dir='ltr'>ὄντος</span> <span class='ocrx_word' id='word_1_32' title='bbox 289 291 382 328; x_wconf 74' lang='grc' dir='ltr'>ἑτέρου</span> <span class='ocrx_word' id='word_1_33' title='bbox 399 294 428 319; x_wconf 78' lang='grc' dir='ltr'>ὲν</span> <span class='ocrx_word' id='word_1_34' title='bbox 444 292 482 328; x_wconf 77' lang='grc' dir='ltr'>τῷ</span> <span class='ocrx_word' id='word_1_35' title='bbox 497 293 596 329; x_wconf 73' lang='lat' dir='ltr'><strong>Ila-cpi.</strong></span> <span class='ocrx_word' id='word_1_36' title='bbox 611 294 676 327; x_wconf 73' lang='grc' dir='ltr'><strong>Καὶ,</strong></span> <span class='ocrx_word' id='word_1_37' title='bbox 700 295 730 321; x_wconf 93' lang='lat'><strong>&#39;0</strong></span> <span class='ocrx_word' id='word_1_38' title='bbox 743 295 838 330; x_wconf 72' lang='grc' dir='ltr'>Λόγος</span> <span class='ocrx_word' id='word_1_39' title='bbox 846 296 875 322; x_wconf 79' lang='grc' dir='ltr'><strong>δὲ</strong></span> 
     </span>
    </p>
   </div>
   <div class='ocr_carea' id='block_1_8' title="bbox 94 336 874 377">
    <p class='ocr_par' dir='ltr' id='par_1_8' title="bbox 94 336 874 377">
     <span class='ocr_line' id='line_1_8' title="bbox 94 336 874 377; baseline 0.006 -14"><span class='ocrx_word' id='word_1_40' title='bbox 94 336 171 371; x_wconf 76' lang='grc' dir='ltr'><strong>σὰρξ</strong></span> <span class='ocrx_word' id='word_1_41' title='bbox 180 337 304 371; x_wconf 75' lang='grc' dir='ltr'>ἐγένετο,</span> <span class='ocrx_word' id='word_1_42' title='bbox 320 339 370 365; x_wconf 88' lang='grc' dir='ltr'>οὐκ</span> <span class='ocrx_word' id='word_1_43' title='bbox 382 339 480 374; x_wconf 78' lang='grc' dir='ltr'><strong>ἀληθὲς</strong></span> <span class='ocrx_word' id='word_1_44' title='bbox 494 340 553 366; x_wconf 79' lang='grc' dir='ltr'>κατ’</span> <span class='ocrx_word' id='word_1_45' title='bbox 564 340 676 372; x_wconf 76' lang='grc' dir='ltr'>αὐτούς·</span> <span class='ocrx_word' id='word_1_46' title='bbox 691 341 716 367; x_wconf 77' lang='grc' dir='ltr'><strong>εἰ</strong></span> <span class='ocrx_word' id='word_1_47' title='bbox 730 341 794 377; x_wconf 70' lang='grc' dir='ltr'>γὰρ,</span> <span class='ocrx_word' id='word_1_48' title='bbox 808 342 837 368; x_wconf 84' lang='grc' dir='ltr'>ὲν</span> <span class='ocrx_word' id='word_1_49' title='bbox 852 338 874 376; x_wconf 87' lang='grc' dir='ltr'>ᾧ</span> 
     </span>
    </p>
   </div>
   <div class='ocr_carea' id='block_1_9' title="bbox 93 383 875 423">
    <p class='ocr_par' dir='ltr' id='par_1_9' title="bbox 93 383 875 423">
     <span class='ocr_line' id='line_1_9' title="bbox 93 383 875 423; baseline 0.008 -14"><span class='ocrx_word' id='word_1_50' title='bbox 93 383 126 410; x_wconf 73' lang='grc' dir='ltr'><strong>τὰ</strong></span> <span class='ocrx_word' id='word_1_51' title='bbox 138 383 224 410; x_wconf 76' lang='grc' dir='ltr'>πάντα</span> <span class='ocrx_word' id='word_1_52' title='bbox 239 384 356 418; x_wconf 75' lang='grc' dir='ltr'>ἐγένετο,</span> <span class='ocrx_word' id='word_1_53' title='bbox 376 386 456 417; x_wconf 74' lang='grc' dir='ltr'>αὐτὸς</span> <span class='ocrx_word' id='word_1_54' title='bbox 466 386 574 420; x_wconf 78' lang='grc' dir='ltr'>ἐγένετο</span> <span class='ocrx_word' id='word_1_55' title='bbox 590 386 668 422; x_wconf 81' lang='grc' dir='ltr'>σὰρξ,</span> <span class='ocrx_word' id='word_1_56' title='bbox 686 389 700 414; x_wconf 94' lang='lat'><strong>6</strong></span> <span class='ocrx_word' id='word_1_57' title='bbox 713 388 741 414; x_wconf 80' lang='grc' dir='ltr'><strong>δὲ</strong></span> <span class='ocrx_word' id='word_1_58' title='bbox 758 387 875 423; x_wconf 80' lang='grc' dir='ltr'>Χριστὸς</span> 
     </span>
    </p>
   </div>
   <div class='ocr_carea' id='block_1_10' title="bbox 93 430 874 469">
    <p class='ocr_par' dir='ltr' id='par_1_10' title="bbox 93 430 874 469">
     <span class='ocr_line' id='line_1_10' title="bbox 93 430 874 469; baseline 0.008 -14"><span class='ocrx_word' id='word_1_59' title='bbox 93 430 140 456; x_wconf 81' lang='grc' dir='ltr'><strong>οὐκ</strong></span> <span class='ocrx_word' id='word_1_60' title='bbox 153 430 224 456; x_wconf 78' lang='grc' dir='ltr'>εστιν</span> <span class='ocrx_word' id='word_1_61' title='bbox 239 431 269 457; x_wconf 85' lang='grc' dir='ltr'>ὲν</span> <span class='ocrx_word' id='word_1_62' title='bbox 287 431 326 466; x_wconf 89' lang='grc' dir='ltr'>τῷ</span> <span class='ocrx_word' id='word_1_63' title='bbox 339 433 427 468; x_wconf 80' lang='grc' dir='ltr'>Πατρὶ</span> <span class='ocrx_word' id='word_1_64' title='bbox 441 433 537 467; x_wconf 70' lang='grc' dir='ltr'>Λόγος,</span> <span class='ocrx_word' id='word_1_65' title='bbox 552 433 584 460; x_wconf 80' lang='grc' dir='ltr'><strong>δι’</strong></span> <span class='ocrx_word' id='word_1_66' title='bbox 607 432 638 461; x_wconf 71' lang='grc' dir='ltr'><strong>οὗ</strong></span> <span class='ocrx_word' id='word_1_67' title='bbox 657 434 692 461; x_wconf 77' lang='grc' dir='ltr'><strong>τὰ</strong></span> <span class='ocrx_word' id='word_1_68' title='bbox 707 435 796 461; x_wconf 72' lang='grc' dir='ltr'>πάντα</span> <span class='ocrx_word' id='word_1_69' title='bbox 814 435 874 469; x_wconf 78' lang='grc' dir='ltr'><strong>ὲγέ-</strong></span> 
     </span>
    </p>
   </div>
   <div class='ocr_carea' id='block_1_11' title="bbox 92 475 874 515">
    <p class='ocr_par' dir='ltr' id='par_1_11' title="bbox 92 475 874 515">
     <span class='ocr_line' id='line_1_11' title="bbox 92 475 874 515; baseline 0.008 -14"><span class='ocrx_word' id='word_1_70' title='bbox 92 483 149 501; x_wconf 85' lang='grc' dir='ltr'>νετο</span> <span class='ocrx_word' id='word_1_71' title='bbox 160 483 166 490; x_wconf 94' lang='grc'><strong>·</strong></span> <span class='ocrx_word' id='word_1_72' title='bbox 180 475 232 510; x_wconf 79' lang='grc' dir='ltr'><strong>ἄρα</strong></span> <span class='ocrx_word' id='word_1_73' title='bbox 251 477 265 503; x_wconf 90' lang='lat'><strong>6</strong></span> <span class='ocrx_word' id='word_1_74' title='bbox 278 477 395 513; x_wconf 77' lang='grc' dir='ltr'>Χριστὸς</span> <span class='ocrx_word' id='word_1_75' title='bbox 412 478 466 513; x_wconf 75' lang='grc'><strong>(27)</strong></span> <span class='ocrx_word' id='word_1_76' title='bbox 481 479 511 505; x_wconf 86' lang='grc' dir='ltr'>οὺ</span> <span class='ocrx_word' id='word_1_77' title='bbox 528 479 623 513; x_wconf 82' lang='grc' dir='ltr'>γέγονε</span> <span class='ocrx_word' id='word_1_78' title='bbox 643 480 721 515; x_wconf 80' lang='grc' dir='ltr'><strong>σὰρξ,</strong></span> <span class='ocrx_word' id='word_1_79' title='bbox 737 480 793 507; x_wconf 75' lang='grc' dir='ltr'><strong>ἀ).λ“</strong></span> <span class='ocrx_word' id='word_1_80' title='bbox 809 480 874 512; x_wconf 78' lang='grc' dir='ltr'><strong>ἴσως</strong></span> 
     </span>
    </p>
   </div>
   <div class='ocr_carea' id='block_1_12' title="bbox 92 521 874 562">
    <p class='ocr_par' dir='ltr' id='par_1_12' title="bbox 92 521 874 562">
     <span class='ocr_line' id='line_1_12' title="bbox 92 521 874 562; baseline 0.008 -15"><span class='ocrx_word' id='word_1_81' title='bbox 92 521 230 558; x_wconf 75' lang='grc' dir='ltr'><strong>ὠνομάσθη</strong></span> <span class='ocrx_word' id='word_1_82' title='bbox 248 522 334 557; x_wconf 83' lang='grc' dir='ltr'>Λόγος</span> <span class='ocrx_word' id='word_1_83' title='bbox 360 524 374 549; x_wconf 90' lang='lat'><strong>6</strong></span> <span class='ocrx_word' id='word_1_84' title='bbox 387 524 513 559; x_wconf 80' lang='grc' dir='ltr'>Χριστός.</span> <span class='ocrx_word' id='word_1_85' title='bbox 539 526 594 552; x_wconf 79' lang='grc' dir='ltr'><strong>Καὶ</strong></span> <span class='ocrx_word' id='word_1_86' title='bbox 616 527 640 552; x_wconf 77' lang='lat' dir='ltr'><strong>sl</strong></span> <span class='ocrx_word' id='word_1_87' title='bbox 653 525 748 557; x_wconf 80' lang='grc' dir='ltr'>τοῦτο,</span> <span class='ocrx_word' id='word_1_88' title='bbox 766 527 874 562; x_wconf 76' lang='grc' dir='ltr'>πρῶτον</span> 
     </span>
    </p>
   </div>
   <div class='ocr_carea' id='block_1_13' title="bbox 93 566 873 606">
    <p class='ocr_par' dir='ltr' id='par_1_13' title="bbox 93 566 873 606">
     <span class='ocr_line' id='line_1_13' title="bbox 93 566 873 606; baseline 0.008 -14"><span class='ocrx_word' id='word_1_89' title='bbox 93 566 138 601; x_wconf 67' lang='grc' dir='ltr'>μὲν</span> <span class='ocrx_word' id='word_1_90' title='bbox 153 566 230 598; x_wconf 83' lang='grc' dir='ltr'>ἄλλος</span> <span class='ocrx_word' id='word_1_91' title='bbox 247 567 280 594; x_wconf 88' lang='grc' dir='ltr'>ἆν</span> <span class='ocrx_word' id='word_1_92' title='bbox 295 567 338 603; x_wconf 83' lang='grc' dir='ltr'>εἴη</span> <span class='ocrx_word' id='word_1_93' title='bbox 353 570 426 604; x_wconf 82' lang='grc' dir='ltr'>παρὰ</span> <span class='ocrx_word' id='word_1_94' title='bbox 439 570 468 596; x_wconf 81' lang='grc' dir='ltr'>τὸ</span> <span class='ocrx_word' id='word_1_95' title='bbox 479 570 564 606; x_wconf 75' lang='grc' dir='ltr'>ὄνομα</span> <span class='ocrx_word' id='word_1_96' title='bbox 573 579 579 586; x_wconf 94' lang='grc'><strong>·</strong></span> <span class='ocrx_word' id='word_1_97' title='bbox 593 571 688 597; x_wconf 73' lang='grc' dir='ltr'>ἔπειτα</span> <span class='ocrx_word' id='word_1_98' title='bbox 702 571 732 597; x_wconf 81' lang='grc' dir='ltr'>οὐ</span> <span class='ocrx_word' id='word_1_99' title='bbox 745 571 779 598; x_wconf 79' lang='grc' dir='ltr'><strong>δι’</strong></span> <span class='ocrx_word' id='word_1_100' title='bbox 790 571 873 598; x_wconf 79' lang='grc' dir='ltr'>αὑτοῦ</span> 
     </span>
    </p>
   </div>
   <div class='ocr_carea' id='block_1_14' title="bbox 91 612 873 654">
    <p class='ocr_par' dir='ltr' id='par_1_14' title="bbox 91 612 873 654">
     <span class='ocr_line' id='line_1_14' title="bbox 91 612 873 654; baseline 0.008 -16"><span class='ocrx_word' id='word_1_101' title='bbox 91 612 193 646; x_wconf 77' lang='grc' dir='ltr'>ἐγένετο</span> <span class='ocrx_word' id='word_1_102' title='bbox 208 613 243 640; x_wconf 82' lang='grc' dir='ltr'><strong>τὰ</strong></span> <span class='ocrx_word' id='word_1_103' title='bbox 266 614 367 646; x_wconf 77' lang='grc' dir='ltr'>πάντα,</span> <span class='ocrx_word' id='word_1_104' title='bbox 384 615 441 642; x_wconf 79' lang='grc' dir='ltr'><strong>ἀλλ’</strong></span> <span class='ocrx_word' id='word_1_105' title='bbox 456 617 484 642; x_wconf 84' lang='grc' dir='ltr'>ὲν</span> <span class='ocrx_word' id='word_1_106' title='bbox 500 617 607 652; x_wconf 77' lang='grc' dir='ltr'>ἐκείνῳ,</span> <span class='ocrx_word' id='word_1_107' title='bbox 624 618 653 644; x_wconf 72' lang='grc' dir='ltr'>ἐν</span> <span class='ocrx_word' id='word_1_108' title='bbox 671 614 693 651; x_wconf 82' lang='grc' dir='ltr'>ᾧ</span> <span class='ocrx_word' id='word_1_109' title='bbox 718 618 764 644; x_wconf 71' lang='grc' dir='ltr'>καὶ</span> <span class='ocrx_word' id='word_1_110' title='bbox 776 618 790 644; x_wconf 91' lang='lat'><strong>6</strong></span> <span class='ocrx_word' id='word_1_111' title='bbox 806 618 873 654; x_wconf 85' lang='grc' dir='ltr'>Χρι-</span> 
     </span>
    </p>
   </div>
   <div class='ocr_carea' id='block_1_15' title="bbox 91 657 873 697">
    <p class='ocr_par' dir='ltr' id='par_1_15' title="bbox 91 657 873 697">
     <span class='ocr_line' id='line_1_15' title="bbox 91 657 873 697; baseline 0.005 -13"><span class='ocrx_word' id='word_1_112' title='bbox 91 657 157 689; x_wconf 79' lang='grc' dir='ltr'>στός.</span> <span class='ocrx_word' id='word_1_113' title='bbox 171 658 202 684; x_wconf 78' lang='grc' dir='ltr'><strong>ΕΞ</strong></span> <span class='ocrx_word' id='word_1_114' title='bbox 217 657 246 684; x_wconf 85' lang='grc' dir='ltr'><strong>δὲ</strong></span> <span class='ocrx_word' id='word_1_115' title='bbox 262 659 387 694; x_wconf 75' lang='grc' dir='ltr'><strong>φήσαιεν,</strong></span> <span class='ocrx_word' id='word_1_116' title='bbox 403 661 442 692; x_wconf 84' lang='grc' dir='ltr'>ὡς</span> <span class='ocrx_word' id='word_1_117' title='bbox 456 662 586 696; x_wconf 82' lang='grc' dir='ltr'>ποιότητα</span> <span class='ocrx_word' id='word_1_118' title='bbox 602 659 671 688; x_wconf 85' lang='grc' dir='ltr'>εἶναι</span> <span class='ocrx_word' id='word_1_119' title='bbox 687 663 715 688; x_wconf 72' lang='grc' dir='ltr'>ὲν</span> <span class='ocrx_word' id='word_1_120' title='bbox 726 662 766 697; x_wconf 87' lang='grc' dir='ltr'>τῷ</span> <span class='ocrx_word' id='word_1_121' title='bbox 786 662 873 697; x_wconf 60' lang='lat' dir='ltr'><strong>Harp!</strong></span> 
     </span>
    </p>
   </div>
   <div class='ocr_carea' id='block_1_16' title="bbox 89 703 873 743">
    <p class='ocr_par' dir='ltr' id='par_1_16' title="bbox 89 703 873 743">
     <span class='ocr_line' id='line_1_16' title="bbox 89 703 873 743; baseline 0.009 -15"><span class='ocrx_word' id='word_1_122' title='bbox 89 703 134 737; x_wconf 78' lang='grc' dir='ltr'>τὴν</span> <span class='ocrx_word' id='word_1_123' title='bbox 150 703 256 738; x_wconf 70' lang='grc' dir='ltr'>σοψίαν,</span> <span class='ocrx_word' id='word_1_124' title='bbox 273 704 289 740; x_wconf 75' lang='grc' dir='ltr'><strong>ἢ</strong></span> <span class='ocrx_word' id='word_1_125' title='bbox 306 705 468 740; x_wconf 73' lang='grc' dir='ltr'>αὑτοσοφίαν</span> <span class='ocrx_word' id='word_1_126' title='bbox 485 705 556 733; x_wconf 80' lang='grc' dir='ltr'>εἶναι</span> <span class='ocrx_word' id='word_1_127' title='bbox 568 715 575 722; x_wconf 85' lang='grc'><strong>·</strong></span> <span class='ocrx_word' id='word_1_128' title='bbox 588 707 765 743; x_wconf 78' lang='grc' dir='ltr'><strong>ἀκολουθήσει</strong></span> <span class='ocrx_word' id='word_1_129' title='bbox 787 708 822 734; x_wconf 78' lang='grc' dir='ltr'><strong>τὰ</strong></span> <span class='ocrx_word' id='word_1_130' title='bbox 844 709 873 734; x_wconf 76' lang='grc' dir='ltr'>ἐν</span> 
     </span>
    </p>
   </div>
   <div class='ocr_carea' id='block_1_17' title="bbox 88 748 871 790">
    <p class='ocr_par' dir='ltr' id='par_1_17' title="bbox 88 748 871 790">
     <span class='ocr_line' id='line_1_17' title="bbox 88 748 871 790; baseline 0.009 -16"><span class='ocrx_word' id='word_1_131' title='bbox 88 749 139 780; x_wconf 80' lang='grc' dir='ltr'>τοῖς</span> <span class='ocrx_word' id='word_1_132' title='bbox 149 748 303 784; x_wconf 75' lang='grc' dir='ltr'>ἐμπροσθεν</span> <span class='ocrx_word' id='word_1_133' title='bbox 313 751 400 778; x_wconf 78' lang='grc' dir='ltr'>ἄτοπα</span> <span class='ocrx_word' id='word_1_134' title='bbox 411 753 470 788; x_wconf 82' lang='grc' dir='ltr'>εἰρη</span> <span class='ocrx_word' id='word_1_135' title='bbox 475 753 554 788; x_wconf 85' lang='grc' dir='ltr'>μένα.</span> <span class='ocrx_word' id='word_1_136' title='bbox 564 754 660 781; x_wconf 79' lang='grc' dir='ltr'>Ἔσται</span> <span class='ocrx_word' id='word_1_137' title='bbox 672 755 726 790; x_wconf 84' lang='grc' dir='ltr'>γὰρ</span> <span class='ocrx_word' id='word_1_138' title='bbox 737 754 871 787; x_wconf 79' lang='grc' dir='ltr'>σύνθετος,</span> 
     </span>
    </p>
   </div>
   <div class='ocr_carea' id='block_1_18' title="bbox 88 793 871 834">
    <p class='ocr_par' dir='ltr' id='par_1_18' title="bbox 88 793 871 834">
     <span class='ocr_line' id='line_1_18' title="bbox 88 793 871 834; baseline 0.009 -15"><span class='ocrx_word' id='word_1_139' title='bbox 88 793 131 819; x_wconf 78' lang='grc' dir='ltr'>καὶ</span> <span class='ocrx_word' id='word_1_140' title='bbox 155 794 238 826; x_wconf 83' lang='grc' dir='ltr'>αὐτὸς</span> <span class='ocrx_word' id='word_1_141' title='bbox 260 796 359 822; x_wconf 69' lang='grc' dir='ltr'>ἑαυτοῦ</span> <span class='ocrx_word' id='word_1_142' title='bbox 376 797 440 828; x_wconf 80' lang='grc' dir='ltr'>Υἱὸς</span> <span class='ocrx_word' id='word_1_143' title='bbox 464 798 511 824; x_wconf 75' lang='grc' dir='ltr'><strong>καὶ</strong></span> <span class='ocrx_word' id='word_1_144' title='bbox 527 798 622 834; x_wconf 86' lang='grc' dir='ltr'>Πατὴρ</span> <span class='ocrx_word' id='word_1_145' title='bbox 636 799 778 834; x_wconf 82' lang='grc' dir='ltr'>γινόμενος</span> <span class='ocrx_word' id='word_1_146' title='bbox 802 799 871 834; x_wconf 65' lang='grc'><strong>(98).</strong></span> 
     </span>
    </p>
   </div>
   <div class='ocr_carea' id='block_1_19' title="bbox 87 839 871 880">
    <p class='ocr_par' dir='ltr' id='par_1_19' title="bbox 87 839 871 880">
     <span class='ocr_line' id='line_1_19' title="bbox 87 839 871 880; baseline 0.009 -15"><span class='ocrx_word' id='word_1_147' title='bbox 87 839 155 874; x_wconf 78' lang='grc' dir='ltr'>Πλὴν</span> <span class='ocrx_word' id='word_1_148' title='bbox 170 840 314 875; x_wconf 70' lang='grc' dir='ltr'><strong>ἐλεγκτέον</strong></span> <span class='ocrx_word' id='word_1_149' title='bbox 325 843 373 869; x_wconf 78' lang='grc' dir='ltr'>καὶ</span> <span class='ocrx_word' id='word_1_150' title='bbox 382 843 555 879; x_wconf 78' lang='grc' dir='ltr'>δυο-ωπητέον</span> <span class='ocrx_word' id='word_1_151' title='bbox 566 844 675 876; x_wconf 74' lang='grc' dir='ltr'>αὐτοὺς,</span> <span class='ocrx_word' id='word_1_152' title='bbox 697 845 738 871; x_wconf 83' lang='grc' dir='ltr'>ὅτι</span> <span class='ocrx_word' id='word_1_153' title='bbox 756 846 770 872; x_wconf 96' lang='lat'><strong>6</strong></span> <span class='ocrx_word' id='word_1_154' title='bbox 787 845 815 871; x_wconf 77' lang='grc' dir='ltr'>ἐν</span> <span class='ocrx_word' id='word_1_155' title='bbox 832 845 871 880; x_wconf 82' lang='grc' dir='ltr'>τῷ</span> 
     </span>
    </p>
   </div>
   <div class='ocr_carea' id='block_1_20' title="bbox 926 246 1710 286">
    <p class='ocr_par' dir='ltr' id='par_1_20' title="bbox 926 246 1710 286">
     <span class='ocr_line' id='line_1_20' title="bbox 926 246 1710 286; baseline -0.006 -8"><span class='ocrx_word' id='word_1_156' title='bbox 926 251 1068 286; x_wconf 85' lang='lat' dir='ltr'><strong>priumque</strong></span> <span class='ocrx_word' id='word_1_157' title='bbox 1087 250 1222 281; x_wconf 84' lang='lat' dir='ltr'><strong>Verbum.</strong></span> <span class='ocrx_word' id='word_1_158' title='bbox 1240 258 1294 278; x_wconf 90' lang='lat' dir='ltr'><strong>non</strong></span> <span class='ocrx_word' id='word_1_159' title='bbox 1320 254 1409 276; x_wconf 85' lang='lat' dir='ltr'><strong>autem</strong></span> <span class='ocrx_word' id='word_1_160' title='bbox 1434 248 1585 278; x_wconf 81' lang='lat' dir='ltr'><strong>Christum,</strong></span> <span class='ocrx_word' id='word_1_161' title='bbox 1610 246 1656 274; x_wconf 87' lang='lat' dir='ltr'><strong>sed</strong></span> <span class='ocrx_word' id='word_1_162' title='bbox 1682 246 1710 273; x_wconf 91' lang='lat' dir='ltr'><strong>in</strong></span> 
     </span>
    </p>
   </div>
   <div class='ocr_carea' id='block_1_21' title="bbox 925 292 1710 332">
    <p class='ocr_par' dir='ltr' id='par_1_21' title="bbox 925 292 1710 332">
     <span class='ocr_line' id='line_1_21' title="bbox 925 292 1710 332; baseline -0.009 -6"><span class='ocrx_word' id='word_1_163' title='bbox 925 305 979 332; x_wconf 91' lang='lat' dir='ltr'><strong>quo</strong></span> <span class='ocrx_word' id='word_1_164' title='bbox 992 298 1079 332; x_wconf 88' lang='lat' dir='ltr'><strong>ipsum</strong></span> <span class='ocrx_word' id='word_1_165' title='bbox 1091 297 1172 325; x_wconf 87' lang='lat' dir='ltr'><strong>etiam</strong></span> <span class='ocrx_word' id='word_1_166' title='bbox 1188 297 1326 324; x_wconf 75' lang='lat' dir='ltr'><strong>Christum</strong></span> <span class='ocrx_word' id='word_1_167' title='bbox 1345 295 1436 322; x_wconf 83' lang='lat' dir='ltr'><strong>fecerit</strong></span> <span class='ocrx_word' id='word_1_168' title='bbox 1449 302 1455 320; x_wconf 90' lang='lat'>:</span> <span class='ocrx_word' id='word_1_169' title='bbox 1470 293 1612 321; x_wconf 87' lang='lat' dir='ltr'><strong>dicendum</strong></span> <span class='ocrx_word' id='word_1_170' title='bbox 1626 292 1710 327; x_wconf 86' lang='lat' dir='ltr'><strong>quod,</strong></span> 
     </span>
    </p>
   </div>
   <div class='ocr_carea' id='block_1_22' title="bbox 925 337 1710 371">
    <p class='ocr_par' dir='ltr' id='par_1_22' title="bbox 925 337 1710 371">
     <span class='ocr_line' id='line_1_22' title="bbox 925 337 1710 371; baseline -0.006 -1"><span class='ocrx_word' id='word_1_171' title='bbox 925 343 948 370; x_wconf 86' lang='lat' dir='ltr'><strong>si</strong></span> <span class='ocrx_word' id='word_1_172' title='bbox 973 343 1099 370; x_wconf 78' lang='lat' dir='ltr'><strong>Christus</strong></span> <span class='ocrx_word' id='word_1_173' title='bbox 1122 343 1149 369; x_wconf 88' lang='lat' dir='ltr'><strong>in</strong></span> <span class='ocrx_word' id='word_1_174' title='bbox 1172 342 1220 370; x_wconf 90' lang='lat' dir='ltr'><strong>illo</strong></span> <span class='ocrx_word' id='word_1_175' title='bbox 1246 341 1336 369; x_wconf 89' lang='lat' dir='ltr'><strong>Verbo</strong></span> <span class='ocrx_word' id='word_1_176' title='bbox 1357 341 1446 368; x_wconf 82' lang='lat' dir='ltr'><strong>factus</strong></span> <span class='ocrx_word' id='word_1_177' title='bbox 1467 341 1518 371; x_wconf 84' lang='lat' dir='ltr'><strong>sit.</strong></span> <span class='ocrx_word' id='word_1_178' title='bbox 1544 339 1604 366; x_wconf 85' lang='lat' dir='ltr'><strong>sine</strong></span> <span class='ocrx_word' id='word_1_179' title='bbox 1626 337 1710 366; x_wconf 83' lang='lat' dir='ltr'><strong>dubio</strong></span> 
     </span>
    </p>
   </div>
   <div class='ocr_carea' id='block_1_23' title="bbox 924 384 1708 424">
    <p class='ocr_par' dir='ltr' id='par_1_23' title="bbox 924 384 1708 424">
     <span class='ocr_line' id='line_1_23' title="bbox 924 384 1708 424; baseline -0.004 -9"><span class='ocrx_word' id='word_1_180' title='bbox 924 389 1015 415; x_wconf 84' lang='lat' dir='ltr'><strong>omnia</strong></span> <span class='ocrx_word' id='word_1_181' title='bbox 1030 396 1140 424; x_wconf 87' lang='lat' dir='ltr'><strong>quoque</strong></span> <span class='ocrx_word' id='word_1_182' title='bbox 1158 389 1186 416; x_wconf 92' lang='lat' dir='ltr'><strong>in</strong></span> <span class='ocrx_word' id='word_1_183' title='bbox 1202 389 1297 416; x_wconf 78' lang='lat' dir='ltr'><strong>eodem</strong></span> <span class='ocrx_word' id='word_1_184' title='bbox 1314 387 1384 414; x_wconf 77' lang='lat' dir='ltr'><strong>facta</strong></span> <span class='ocrx_word' id='word_1_185' title='bbox 1401 391 1476 417; x_wconf 88' lang='lat' dir='ltr'><strong>sunt,</strong></span> <span class='ocrx_word' id='word_1_186' title='bbox 1490 386 1632 421; x_wconf 87' lang='lat' dir='ltr'><strong>ipsumque</strong></span> <span class='ocrx_word' id='word_1_187' title='bbox 1644 384 1708 412; x_wconf 85' lang='lat' dir='ltr'><strong>illud</strong></span> 
     </span>
    </p>
   </div>
   <div class='ocr_carea' id='block_1_24' title="bbox 924 431 1709 468">
    <p class='ocr_par' dir='ltr' id='par_1_24' title="bbox 924 431 1709 468">
     <span class='ocr_line' id='line_1_24' title="bbox 924 431 1709 468; baseline -0.005 -8"><span class='ocrx_word' id='word_1_188' title='bbox 924 437 965 460; x_wconf 85' lang='lat' dir='ltr'><strong>est</strong></span> <span class='ocrx_word' id='word_1_189' title='bbox 975 433 1097 463; x_wconf 78' lang='lat' dir='ltr'><strong>Verbum.</strong></span> <span class='ocrx_word' id='word_1_190' title='bbox 1111 434 1143 460; x_wconf 88' lang='lat' dir='ltr'><strong>de</strong></span> <span class='ocrx_word' id='word_1_191' title='bbox 1155 441 1208 468; x_wconf 88' lang='lat' dir='ltr'><strong>quo</strong></span> <span class='ocrx_word' id='word_1_192' title='bbox 1224 433 1342 460; x_wconf 84' lang='lat' dir='ltr'><strong>Joannes</strong></span> <span class='ocrx_word' id='word_1_193' title='bbox 1353 431 1418 460; x_wconf 88' lang='lat' dir='ltr'><strong>dicit</strong></span> <span class='ocrx_word' id='word_1_194' title='bbox 1431 441 1438 458; x_wconf 89' lang='lat'>:</span> <span class='ocrx_word' id='word_1_195' title='bbox 1452 431 1548 458; x_wconf 84' lang='lat' dir='ltr'><strong>Omnia</strong></span> <span class='ocrx_word' id='word_1_196' title='bbox 1564 439 1609 465; x_wconf 79' lang='lat' dir='ltr'><strong>per</strong></span> <span class='ocrx_word' id='word_1_197' title='bbox 1623 431 1709 464; x_wconf 81' lang='lat' dir='ltr'><strong>ipsum</strong></span> 
     </span>
    </p>
   </div>
   <div class='ocr_carea' id='block_1_25' title="bbox 924 476 1710 514">
    <p class='ocr_par' dir='ltr' id='par_1_25' title="bbox 924 476 1710 514">
     <span class='ocr_line' id='line_1_25' title="bbox 924 476 1710 514; baseline -0.005 -8"><span class='ocrx_word' id='word_1_198' title='bbox 924 479 996 514; x_wconf 78' lang='lat' dir='ltr'><strong>facta</strong></span> <span class='ocrx_word' id='word_1_199' title='bbox 1013 483 1073 506; x_wconf 76' lang='lat' dir='ltr'><strong>sunt</strong></span> <span class='ocrx_word' id='word_1_200' title='bbox 1089 479 1111 494; x_wconf 76' lang='grc'><strong>³⁸</strong></span> <span class='ocrx_word' id='word_1_201' title='bbox 1125 486 1134 510; x_wconf 89' lang='lat'><em>;</em></span> <span class='ocrx_word' id='word_1_202' title='bbox 1151 484 1178 506; x_wconf 84' lang='lat' dir='ltr'><strong>et</strong></span> <span class='ocrx_word' id='word_1_203' title='bbox 1194 478 1338 506; x_wconf 84' lang='lat' dir='ltr'><strong>Psalmista</strong></span> <span class='ocrx_word' id='word_1_204' title='bbox 1349 497 1357 510; x_wconf 91' lang='lat'><strong>,</strong></span> <span class='ocrx_word' id='word_1_205' title='bbox 1373 476 1469 505; x_wconf 84' lang='lat' dir='ltr'><strong>Omnia</strong></span> <span class='ocrx_word' id='word_1_206' title='bbox 1482 477 1509 503; x_wconf 86' lang='lat' dir='ltr'><strong>in</strong></span> <span class='ocrx_word' id='word_1_207' title='bbox 1525 476 1655 511; x_wconf 73' lang='lat' dir='ltr'><strong>sapientia</strong></span> <span class='ocrx_word' id='word_1_208' title='bbox 1670 476 1710 510; x_wconf 79' lang='lat' dir='ltr'><strong>fe-</strong></span> 
     </span>
    </p>
   </div>
   <div class='ocr_carea' id='block_1_26' title="bbox 923 523 1712 560">
    <p class='ocr_par' dir='ltr' id='par_1_26' title="bbox 923 523 1712 560">
     <span class='ocr_line' id='line_1_26' title="bbox 923 523 1712 560; baseline -0.004 -8"><span class='ocrx_word' id='word_1_209' title='bbox 923 526 984 553; x_wconf 78' lang='lat' dir='ltr'><strong>cisti</strong></span> <span class='ocrx_word' id='word_1_210' title='bbox 999 526 1032 552; x_wconf 81' lang='grc'><strong>³⁸.</strong></span> <span class='ocrx_word' id='word_1_211' title='bbox 1047 525 1117 558; x_wconf 87' lang='lat' dir='ltr'><strong>Quin</strong></span> <span class='ocrx_word' id='word_1_212' title='bbox 1140 530 1167 552; x_wconf 91' lang='lat' dir='ltr'><strong>et</strong></span> <span class='ocrx_word' id='word_1_213' title='bbox 1187 526 1244 560; x_wconf 82' lang='lat' dir='ltr'><strong>ipse</strong></span> <span class='ocrx_word' id='word_1_214' title='bbox 1263 525 1387 553; x_wconf 76' lang='lat' dir='ltr'><strong>Christus</strong></span> <span class='ocrx_word' id='word_1_215' title='bbox 1404 523 1534 552; x_wconf 89' lang='lat' dir='ltr'><strong>mentitus</strong></span> <span class='ocrx_word' id='word_1_216' title='bbox 1555 529 1616 550; x_wconf 86' lang='lat' dir='ltr'><strong>esse</strong></span> <span class='ocrx_word' id='word_1_217' title='bbox 1633 530 1712 556; x_wconf 75' lang='lat' dir='ltr'><strong>repe-</strong></span> 
     </span>
    </p>
   </div>
   <div class='ocr_carea' id='block_1_27' title="bbox 924 569 1711 607">
    <p class='ocr_par' dir='ltr' id='par_1_27' title="bbox 924 569 1711 607">
     <span class='ocr_line' id='line_1_27' title="bbox 924 569 1711 607; baseline -0.004 -9"><span class='ocrx_word' id='word_1_218' title='bbox 924 572 1010 598; x_wconf 85' lang='lat' dir='ltr'><strong>rietur</strong></span> <span class='ocrx_word' id='word_1_219' title='bbox 1026 579 1088 599; x_wconf 87' lang='lat' dir='ltr'><strong>eum</strong></span> <span class='ocrx_word' id='word_1_220' title='bbox 1106 572 1158 604; x_wconf 81' lang='lat' dir='ltr'><strong>ait,</strong></span> <span class='ocrx_word' id='word_1_221' title='bbox 1176 571 1232 607; x_wconf 80' lang='lat' dir='ltr'><strong>Ego</strong></span> <span class='ocrx_word' id='word_1_222' title='bbox 1254 572 1281 598; x_wconf 82' lang='lat' dir='ltr'><strong>in</strong></span> <span class='ocrx_word' id='word_1_223' title='bbox 1298 572 1387 604; x_wconf 81' lang='lat' dir='ltr'><strong>Patre,</strong></span> <span class='ocrx_word' id='word_1_224' title='bbox 1403 569 1623 606; x_wconf 89' lang='lat' dir='ltr'><strong>quandoquidem</strong></span> <span class='ocrx_word' id='word_1_225' title='bbox 1640 569 1711 596; x_wconf 83' lang='lat' dir='ltr'><strong>alius</strong></span> 
     </span>
    </p>
   </div>
   <div class='ocr_carea' id='block_1_28' title="bbox 922 613 1712 644">
    <p class='ocr_par' dir='ltr' id='par_1_28' title="bbox 922 613 1712 644">
     <span class='ocr_line' id='line_1_28' title="bbox 922 613 1712 644; baseline -0.003 -2"><span class='ocrx_word' id='word_1_226' title='bbox 922 620 965 643; x_wconf 79' lang='lat' dir='ltr'><strong>est</strong></span> <span class='ocrx_word' id='word_1_227' title='bbox 979 616 1006 642; x_wconf 88' lang='lat' dir='ltr'><strong>in</strong></span> <span class='ocrx_word' id='word_1_228' title='bbox 1022 615 1114 644; x_wconf 86' lang='lat' dir='ltr'><strong>Patre.</strong></span> <span class='ocrx_word' id='word_1_229' title='bbox 1137 615 1246 643; x_wconf 83' lang='lat' dir='ltr'><strong>Falsum</strong></span> <span class='ocrx_word' id='word_1_230' title='bbox 1263 616 1325 642; x_wconf 80' lang='lat' dir='ltr'><strong>item</strong></span> <span class='ocrx_word' id='word_1_231' title='bbox 1341 623 1374 642; x_wconf 81' lang='lat' dir='ltr'><strong>ex</strong></span> <span class='ocrx_word' id='word_1_232' title='bbox 1392 616 1499 642; x_wconf 90' lang='lat' dir='ltr'><strong>illorum</strong></span> <span class='ocrx_word' id='word_1_233' title='bbox 1515 614 1646 642; x_wconf 85' lang='lat' dir='ltr'><strong>sententia</strong></span> <span class='ocrx_word' id='word_1_234' title='bbox 1659 613 1712 640; x_wconf 85' lang='lat' dir='ltr'><strong>erit</strong></span> 
     </span>
    </p>
   </div>
   <div class='ocr_carea' id='block_1_29' title="bbox 923 658 1711 696">
    <p class='ocr_par' dir='ltr' id='par_1_29' title="bbox 923 658 1711 696">
     <span class='ocr_line' id='line_1_29' title="bbox 923 658 1711 696; baseline -0.004 -8"><span class='ocrx_word' id='word_1_235' title='bbox 923 661 994 696; x_wconf 90' lang='lat' dir='ltr'><strong>quod</strong></span> <span class='ocrx_word' id='word_1_236' title='bbox 1015 662 1131 694; x_wconf 85' lang='lat' dir='ltr'><strong>dicitur,</strong></span> <span class='ocrx_word' id='word_1_237' title='bbox 1149 661 1262 688; x_wconf 79' lang='lat' dir='ltr'><strong>Verbum</strong></span> <span class='ocrx_word' id='word_1_238' title='bbox 1285 670 1347 688; x_wconf 87' lang='lat' dir='ltr'><strong>caro</strong></span> <span class='ocrx_word' id='word_1_239' title='bbox 1366 661 1466 696; x_wconf 84' lang='lat' dir='ltr'><strong>factum</strong></span> <span class='ocrx_word' id='word_1_240' title='bbox 1484 664 1522 687; x_wconf 77' lang='lat' dir='ltr'><strong>est</strong></span> <span class='ocrx_word' id='word_1_241' title='bbox 1540 659 1573 686; x_wconf 79' lang='grc'><strong>³⁸.</strong></span> <span class='ocrx_word' id='word_1_242' title='bbox 1588 658 1711 693; x_wconf 82' lang='lat' dir='ltr'><strong>Namque</strong></span> 
     </span>
    </p>
   </div>
   <div class='ocr_carea' id='block_1_30' title="bbox 923 706 1711 743">
    <p class='ocr_par' dir='ltr' id='par_1_30' title="bbox 923 706 1711 743">
     <span class='ocr_line' id='line_1_30' title="bbox 923 706 1711 743; baseline -0.005 -7"><span class='ocrx_word' id='word_1_243' title='bbox 923 708 947 736; x_wconf 87' lang='lat' dir='ltr'><strong>si</strong></span> <span class='ocrx_word' id='word_1_244' title='bbox 977 709 1043 736; x_wconf 82' lang='lat' dir='ltr'><strong>illud</strong></span> <span class='ocrx_word' id='word_1_245' title='bbox 1067 709 1185 736; x_wconf 82' lang='lat' dir='ltr'><strong>Verbum</strong></span> <span class='ocrx_word' id='word_1_246' title='bbox 1213 716 1278 736; x_wconf 82' lang='lat' dir='ltr'><strong>caro</strong></span> <span class='ocrx_word' id='word_1_247' title='bbox 1302 708 1402 735; x_wconf 81' lang='lat' dir='ltr'><strong>factum</strong></span> <span class='ocrx_word' id='word_1_248' title='bbox 1436 707 1517 743; x_wconf 59' lang='lat'><strong>592</strong></span> <span class='ocrx_word' id='word_1_249' title='bbox 1539 710 1580 733; x_wconf 91' lang='lat' dir='ltr'><strong>est</strong></span> <span class='ocrx_word' id='word_1_250' title='bbox 1601 706 1628 733; x_wconf 88' lang='lat' dir='ltr'><strong>in</strong></span> <span class='ocrx_word' id='word_1_251' title='bbox 1656 713 1711 740; x_wconf 86' lang='lat' dir='ltr'><strong>quo</strong></span> 
     </span>
    </p>
   </div>
   <div class='ocr_carea' id='block_1_31' title="bbox 922 750 1711 787">
    <p class='ocr_par' dir='ltr' id='par_1_31' title="bbox 922 750 1711 787">
     <span class='ocr_line' id='line_1_31' title="bbox 922 750 1711 787; baseline -0.005 -5"><span class='ocrx_word' id='word_1_252' title='bbox 922 756 1013 783; x_wconf 87' lang='lat' dir='ltr'><strong>omnia</strong></span> <span class='ocrx_word' id='word_1_253' title='bbox 1031 755 1101 782; x_wconf 81' lang='lat' dir='ltr'><strong>facta</strong></span> <span class='ocrx_word' id='word_1_254' title='bbox 1126 759 1204 787; x_wconf 88' lang='lat' dir='ltr'><strong>sunt,</strong></span> <span class='ocrx_word' id='word_1_255' title='bbox 1229 761 1278 782; x_wconf 74' lang='lat' dir='ltr'><strong>nec</strong></span> <span class='ocrx_word' id='word_1_256' title='bbox 1294 754 1418 781; x_wconf 74' lang='lat' dir='ltr'><strong>Christus</strong></span> <span class='ocrx_word' id='word_1_257' title='bbox 1440 758 1482 780; x_wconf 89' lang='lat' dir='ltr'><strong>est</strong></span> <span class='ocrx_word' id='word_1_258' title='bbox 1499 753 1525 779; x_wconf 93' lang='lat' dir='ltr'><strong>in</strong></span> <span class='ocrx_word' id='word_1_259' title='bbox 1552 751 1631 779; x_wconf 87' lang='lat' dir='ltr'><strong>Patre</strong></span> <span class='ocrx_word' id='word_1_260' title='bbox 1643 750 1711 778; x_wconf 91' lang='lat' dir='ltr'><strong>Ver-</strong></span> 
     </span>
    </p>
   </div>
   <div class='ocr_carea' id='block_1_32' title="bbox 922 796 1711 836">
    <p class='ocr_par' dir='ltr' id='par_1_32' title="bbox 922 796 1711 836">
     <span class='ocr_line' id='line_1_32' title="bbox 922 796 1711 836; baseline -0.005 -8"><span class='ocrx_word' id='word_1_261' title='bbox 922 801 986 828; x_wconf 90' lang='lat' dir='ltr'><strong>bum</strong></span> <span class='ocrx_word' id='word_1_262' title='bbox 1002 809 1050 836; x_wconf 87' lang='lat' dir='ltr'><strong>per</strong></span> <span class='ocrx_word' id='word_1_263' title='bbox 1072 801 1144 836; x_wconf 90' lang='lat' dir='ltr'><strong>quod</strong></span> <span class='ocrx_word' id='word_1_264' title='bbox 1167 801 1257 827; x_wconf 85' lang='lat' dir='ltr'><strong>omnia</strong></span> <span class='ocrx_word' id='word_1_265' title='bbox 1281 799 1350 827; x_wconf 78' lang='lat' dir='ltr'><strong>facta</strong></span> <span class='ocrx_word' id='word_1_266' title='bbox 1375 803 1439 826; x_wconf 87' lang='lat' dir='ltr'><strong>sunt</strong></span> <span class='ocrx_word' id='word_1_267' title='bbox 1464 796 1571 834; x_wconf 77' lang='lat' dir='ltr'><strong>:igitur</strong></span> <span class='ocrx_word' id='word_1_268' title='bbox 1584 797 1711 825; x_wconf 80' lang='lat' dir='ltr'><strong>Christus</strong></span> 
     </span>
    </p>
   </div>
   <div class='ocr_carea' id='block_1_33' title="bbox 923 842 1712 877">
    <p class='ocr_par' dir='ltr' id='par_1_33' title="bbox 923 842 1712 877">
     <span class='ocr_line' id='line_1_33' title="bbox 923 842 1712 877; baseline -0.005 -4"><span class='ocrx_word' id='word_1_269' title='bbox 923 854 977 873; x_wconf 91' lang='lat' dir='ltr'><strong>non</strong></span> <span class='ocrx_word' id='word_1_270' title='bbox 992 846 1080 873; x_wconf 78' lang='lat' dir='ltr'><strong>factus</strong></span> <span class='ocrx_word' id='word_1_271' title='bbox 1093 850 1135 873; x_wconf 86' lang='lat' dir='ltr'><strong>est</strong></span> <span class='ocrx_word' id='word_1_272' title='bbox 1152 853 1226 877; x_wconf 86' lang='lat' dir='ltr'><strong>caro,</strong></span> <span class='ocrx_word' id='word_1_273' title='bbox 1244 846 1290 873; x_wconf 84' lang='lat' dir='ltr'><strong>sed</strong></span> <span class='ocrx_word' id='word_1_274' title='bbox 1307 845 1375 872; x_wconf 77' lang='lat' dir='ltr'><strong>fat-te</strong></span> <span class='ocrx_word' id='word_1_275' title='bbox 1389 844 1516 872; x_wconf 89' lang='lat' dir='ltr'><strong>Christus</strong></span> <span class='ocrx_word' id='word_1_276' title='bbox 1533 842 1652 870; x_wconf 84' lang='lat' dir='ltr'><strong>Verbum</strong></span> <span class='ocrx_word' id='word_1_277' title='bbox 1667 850 1712 877; x_wconf 87' lang='lat' dir='ltr'><strong>ap-</strong></span> 
     </span>
    </p>
   </div>
   <div class='ocr_carea' id='block_1_34' title="bbox 86 882 868 927">
    <p class='ocr_par' dir='ltr' id='par_1_34' title="bbox 86 882 868 926">
     <span class='ocr_line' id='line_1_34' title="bbox 86 882 868 926; baseline 0.01 -17"><span class='ocrx_word' id='word_1_278' title='bbox 86 882 140 919; x_wconf 83' lang='grc' dir='ltr'><strong>Θεῷ</strong></span> <span class='ocrx_word' id='word_1_279' title='bbox 149 885 246 920; x_wconf 82' lang='grc' dir='ltr'>Λόγος,</span> <span class='ocrx_word' id='word_1_280' title='bbox 262 886 312 913; x_wconf 78' lang='grc' dir='ltr'>οὐκ</span> <span class='ocrx_word' id='word_1_281' title='bbox 330 887 362 914; x_wconf 76' lang='grc' dir='ltr'>ἂν</span> <span class='ocrx_word' id='word_1_282' title='bbox 379 887 422 924; x_wconf 79' lang='grc' dir='ltr'>εἴη</span> <span class='ocrx_word' id='word_1_283' title='bbox 436 889 550 924; x_wconf 80' lang='grc' dir='ltr'>κτίσμα,</span> <span class='ocrx_word' id='word_1_284' title='bbox 569 889 630 916; x_wconf 69' lang='grc' dir='ltr'>οὐδὲ</span> <span class='ocrx_word' id='word_1_285' title='bbox 646 891 679 916; x_wconf 81' lang='grc' dir='ltr'>ὲκ</span> <span class='ocrx_word' id='word_1_286' title='bbox 704 889 751 916; x_wconf 73' lang='grc' dir='ltr'>τοῦ</span> <span class='ocrx_word' id='word_1_287' title='bbox 772 889 809 926; x_wconf 80' lang='grc' dir='ltr'>μὴ</span> <span class='ocrx_word' id='word_1_288' title='bbox 825 891 868 917; x_wconf 80' lang='lat' dir='ltr'><strong>6v-</strong></span> 
     </span>
    </p>
   </div>
   <div class='ocr_carea' id='block_1_35' title="bbox 919 882 1708 927">
    <p class='ocr_par' dir='ltr' id='par_1_35' title="bbox 922 888 1708 927">
     <span class='ocr_line' id='line_1_35' title="bbox 922 888 1708 927; baseline -0.008 -8"><span class='ocrx_word' id='word_1_289' title='bbox 922 893 1038 927; x_wconf 88' lang='lat' dir='ltr'><strong>pellatus</strong></span> <span class='ocrx_word' id='word_1_290' title='bbox 1054 895 1104 919; x_wconf 84' lang='lat' dir='ltr'><strong>est.</strong></span> <span class='ocrx_word' id='word_1_291' title='bbox 1123 891 1201 924; x_wconf 87' lang='lat' dir='ltr'><strong>Quod</strong></span> <span class='ocrx_word' id='word_1_292' title='bbox 1217 891 1326 926; x_wconf 77' lang='lat' dir='ltr'><strong>quidem</strong></span> <span class='ocrx_word' id='word_1_293' title='bbox 1351 890 1374 917; x_wconf 88' lang='lat' dir='ltr'><strong>si</strong></span> <span class='ocrx_word' id='word_1_294' title='bbox 1400 897 1495 916; x_wconf 88' lang='lat' dir='ltr'><strong>verum</strong></span> <span class='ocrx_word' id='word_1_295' title='bbox 1519 893 1577 921; x_wconf 85' lang='lat' dir='ltr'><strong>est,</strong></span> <span class='ocrx_word' id='word_1_296' title='bbox 1604 888 1708 923; x_wconf 87' lang='lat' dir='ltr'><strong>primo,</strong></span> 
     </span>
    </p>
   </div>
   <div class='ocr_carea' id='block_1_36' title="bbox 86 930 871 972">
    <p class='ocr_par' dir='ltr' id='par_1_36' title="bbox 86 930 871 972">
     <span class='ocr_line' id='line_1_36' title="bbox 86 930 871 972; baseline 0.009 -16"><span class='ocrx_word' id='word_1_297' title='bbox 86 937 142 961; x_wconf 63' lang='grc' dir='ltr'>τοςε</span> <span class='ocrx_word' id='word_1_298' title='bbox 156 930 232 963; x_wconf 77' lang='grc' dir='ltr'>ὄντος</span> <span class='ocrx_word' id='word_1_299' title='bbox 261 932 290 958; x_wconf 76' lang='grc' dir='ltr'><strong>δὲ</strong></span> <span class='ocrx_word' id='word_1_300' title='bbox 305 933 377 966; x_wconf 81' lang='grc' dir='ltr'><strong>ἆπαξ</strong></span> <span class='ocrx_word' id='word_1_301' title='bbox 402 934 431 960; x_wconf 79' lang='grc' dir='ltr'>ὲν</span> <span class='ocrx_word' id='word_1_302' title='bbox 456 934 516 970; x_wconf 84' lang='grc' dir='ltr'><strong>Θεῷ</strong></span> <span class='ocrx_word' id='word_1_303' title='bbox 527 935 613 969; x_wconf 88' lang='grc' dir='ltr'>Λόγου</span> <span class='ocrx_word' id='word_1_304' title='bbox 627 955 634 967; x_wconf 87' lang='grc'>,</span> <span class='ocrx_word' id='word_1_305' title='bbox 649 935 730 968; x_wconf 75' lang='grc' dir='ltr'>αὐτὸς</span> <span class='ocrx_word' id='word_1_306' title='bbox 743 935 776 962; x_wconf 82' lang='grc' dir='ltr'>ἂν</span> <span class='ocrx_word' id='word_1_307' title='bbox 801 937 843 972; x_wconf 76' lang='grc' dir='ltr'>εἴη</span> <span class='ocrx_word' id='word_1_308' title='bbox 856 937 871 963; x_wconf 90' lang='lat'><strong>6</strong></span> 
     </span>
    </p>
   </div>
   <div class='ocr_carea' id='block_1_37' title="bbox 85 973 870 1015">
    <p class='ocr_par' dir='ltr' id='par_1_37' title="bbox 85 973 870 1015">
     <span class='ocr_line' id='line_1_37' title="bbox 85 973 870 1015; baseline 0.011 -15"><span class='ocrx_word' id='word_1_309' title='bbox 85 973 196 1010; x_wconf 79' lang='grc' dir='ltr'>Χριστὸς</span> <span class='ocrx_word' id='word_1_310' title='bbox 208 977 223 1003; x_wconf 91' lang='lat'><strong>6</strong></span> <span class='ocrx_word' id='word_1_311' title='bbox 237 976 336 1010; x_wconf 80' lang='grc' dir='ltr'>λέγων,</span> <span class='ocrx_word' id='word_1_312' title='bbox 356 978 428 1013; x_wconf 81' lang='grc' dir='ltr'><strong>Ἐγὼ</strong></span> <span class='ocrx_word' id='word_1_313' title='bbox 444 979 479 1005; x_wconf 85' lang='grc' dir='ltr'>ἐν</span> <span class='ocrx_word' id='word_1_314' title='bbox 500 979 540 1013; x_wconf 83' lang='grc' dir='ltr'>τῷ</span> <span class='ocrx_word' id='word_1_315' title='bbox 554 980 655 1014; x_wconf 78' lang='grc' dir='ltr'><strong>Πατρὶ,</strong></span> <span class='ocrx_word' id='word_1_316' title='bbox 667 981 716 1008; x_wconf 78' lang='grc' dir='ltr'>καὶ</span> <span class='ocrx_word' id='word_1_317' title='bbox 734 982 750 1008; x_wconf 84' lang='grc' dir='ltr'><em>ὀ</em></span> <span class='ocrx_word' id='word_1_318' title='bbox 769 981 870 1015; x_wconf 76' lang='grc' dir='ltr'>Πατὴρ</span> 
     </span>
    </p>
   </div>
   <div class='ocr_carea' id='block_1_38' title="bbox 84 1019 870 1062">
    <p class='ocr_par' dir='ltr' id='par_1_38' title="bbox 84 1019 870 1062">
     <span class='ocr_line' id='line_1_38' title="bbox 84 1019 870 1062; baseline 0.01 -16"><span class='ocrx_word' id='word_1_319' title='bbox 84 1019 198 1055; x_wconf 78' lang='grc' dir='ltr'><strong>ἐνέμοὶ,</strong></span> <span class='ocrx_word' id='word_1_320' title='bbox 209 1023 223 1048; x_wconf 92' lang='lat'><strong>6</strong></span> <span class='ocrx_word' id='word_1_321' title='bbox 238 1022 284 1049; x_wconf 85' lang='grc' dir='ltr'>διὰ</span> <span class='ocrx_word' id='word_1_322' title='bbox 298 1023 377 1050; x_wconf 80' lang='grc' dir='ltr'>τοῦτο</span> <span class='ocrx_word' id='word_1_323' title='bbox 393 1024 441 1050; x_wconf 76' lang='grc' dir='ltr'>καὶ</span> <span class='ocrx_word' id='word_1_324' title='bbox 456 1025 602 1061; x_wconf 80' lang='grc' dir='ltr'>μονογενὴς</span> <span class='ocrx_word' id='word_1_325' title='bbox 624 1024 674 1058; x_wconf 86' lang='grc' dir='ltr'><strong>ὢν,</strong></span> <span class='ocrx_word' id='word_1_326' title='bbox 700 1027 792 1062; x_wconf 78' lang='grc' dir='ltr'>ἐπειδὴ</span> <span class='ocrx_word' id='word_1_327' title='bbox 819 1027 870 1054; x_wconf 85' lang='grc' dir='ltr'>οὐκ</span> 
     </span>
    </p>
   </div>
   <div class='ocr_carea' id='block_1_39' title="bbox 83 1065 870 1108">
    <p class='ocr_par' dir='ltr' id='par_1_39' title="bbox 83 1065 870 1108">
     <span class='ocr_line' id='line_1_39' title="bbox 83 1065 870 1108; baseline 0.011 -16"><span class='ocrx_word' id='word_1_328' title='bbox 83 1065 156 1098; x_wconf 78' lang='grc' dir='ltr'>ἄλλος</span> <span class='ocrx_word' id='word_1_329' title='bbox 167 1075 208 1099; x_wconf 81' lang='grc' dir='ltr'><strong>τις</strong></span> <span class='ocrx_word' id='word_1_330' title='bbox 218 1067 249 1101; x_wconf 73' lang='grc' dir='ltr'>ἐξ</span> <span class='ocrx_word' id='word_1_331' title='bbox 261 1068 342 1095; x_wconf 80' lang='grc' dir='ltr'>αὐτοῦ</span> <span class='ocrx_word' id='word_1_332' title='bbox 356 1070 498 1106; x_wconf 81' lang='grc' dir='ltr'>ἐγεννήθη.</span> <span class='ocrx_word' id='word_1_333' title='bbox 512 1068 561 1102; x_wconf 75' lang='grc' dir='ltr'><strong>Εἷς</strong></span> <span class='ocrx_word' id='word_1_334' title='bbox 578 1069 655 1104; x_wconf 75' lang='grc' dir='ltr'>οὗτος</span> <span class='ocrx_word' id='word_1_335' title='bbox 669 1072 733 1104; x_wconf 73' lang='grc' dir='ltr'><strong>Υἱὸς</strong></span> <span class='ocrx_word' id='word_1_336' title='bbox 744 1072 799 1108; x_wconf 66' lang='grc'><strong>(99)</strong></span> <span class='ocrx_word' id='word_1_337' title='bbox 814 1093 821 1104; x_wconf 86' lang='grc'>,</span> <span class='ocrx_word' id='word_1_338' title='bbox 840 1073 870 1103; x_wconf 80' lang='grc' dir='ltr'><strong>ὃς</strong></span> 
     </span>
    </p>
   </div>
   <div class='ocr_carea' id='block_1_40' title="bbox 83 1111 869 1152">
    <p class='ocr_par' dir='ltr' id='par_1_40' title="bbox 83 1111 869 1152">
     <span class='ocr_line' id='line_1_40' title="bbox 83 1111 869 1152; baseline 0.011 -16"><span class='ocrx_word' id='word_1_339' title='bbox 83 1111 239 1146; x_wconf 77' lang='grc' dir='ltr'>ὲοτιΛάγος,</span> <span class='ocrx_word' id='word_1_340' title='bbox 257 1114 348 1148; x_wconf 79' lang='grc' dir='ltr'>σοφία,</span> <span class='ocrx_word' id='word_1_341' title='bbox 364 1114 492 1151; x_wconf 76' lang='grc' dir='ltr'>δύναμις-</span> <span class='ocrx_word' id='word_1_342' title='bbox 509 1116 539 1143; x_wconf 83' lang='grc' dir='ltr'>οὐ</span> <span class='ocrx_word' id='word_1_343' title='bbox 551 1116 605 1152; x_wconf 78' lang='grc' dir='ltr'>γὰρ</span> <span class='ocrx_word' id='word_1_344' title='bbox 621 1117 747 1149; x_wconf 81' lang='grc' dir='ltr'>σύνθετος</span> <span class='ocrx_word' id='word_1_345' title='bbox 760 1119 792 1144; x_wconf 80' lang='grc' dir='ltr'>ὲκ</span> <span class='ocrx_word' id='word_1_346' title='bbox 806 1117 869 1144; x_wconf 82' lang='grc' dir='ltr'>τού-</span> 
     </span>
    </p>
   </div>
   <div class='ocr_carea' id='block_1_41' title="bbox 82 1157 871 1198">
    <p class='ocr_par' dir='ltr' id='par_1_41' title="bbox 82 1157 871 1198">
     <span class='ocr_line' id='line_1_41' title="bbox 82 1157 871 1198; baseline 0.009 -15"><span class='ocrx_word' id='word_1_347' title='bbox 82 1163 131 1183; x_wconf 75' lang='grc' dir='ltr'>των</span> <span class='ocrx_word' id='word_1_348' title='bbox 143 1157 157 1183; x_wconf 91' lang='lat'><strong>6</strong></span> <span class='ocrx_word' id='word_1_349' title='bbox 177 1158 255 1190; x_wconf 70' lang='grc' dir='ltr'>Θεὸς.</span> <span class='ocrx_word' id='word_1_350' title='bbox 275 1159 344 1186; x_wconf 79' lang='grc' dir='ltr'>ἀλλὰ</span> <span class='ocrx_word' id='word_1_351' title='bbox 361 1162 530 1196; x_wconf 76' lang='grc' dir='ltr'>γεννητικός.</span> <span class='ocrx_word' id='word_1_352' title='bbox 559 1162 664 1198; x_wconf 82' lang='grc' dir='ltr'>Ὥσπερ</span> <span class='ocrx_word' id='word_1_353' title='bbox 682 1163 737 1198; x_wconf 85' lang='grc' dir='ltr'>γὰρ</span> <span class='ocrx_word' id='word_1_354' title='bbox 756 1163 791 1190; x_wconf 82' lang='grc' dir='ltr'><strong>τὰ</strong></span> <span class='ocrx_word' id='word_1_355' title='bbox 815 1163 871 1190; x_wconf 78' lang='grc' dir='ltr'>κτι-</span> 
     </span>
    </p>
   </div>
   <div class='ocr_carea' id='block_1_42' title="bbox 83 1204 870 1244">
    <p class='ocr_par' dir='ltr' id='par_1_42' title="bbox 83 1204 870 1244">
     <span class='ocr_line' id='line_1_42' title="bbox 83 1204 870 1244; baseline 0.011 -17"><span class='ocrx_word' id='word_1_356' title='bbox 83 1209 167 1237; x_wconf 79' lang='grc' dir='ltr'>σματα</span> <span class='ocrx_word' id='word_1_357' title='bbox 179 1204 261 1240; x_wconf 86' lang='grc' dir='ltr'>Λόγῳ</span> <span class='ocrx_word' id='word_1_358' title='bbox 275 1205 448 1242; x_wconf 77' lang='grc' dir='ltr'><strong>δημιουργεῖ,</strong></span> <span class='ocrx_word' id='word_1_359' title='bbox 464 1207 535 1234; x_wconf 78' lang='grc' dir='ltr'>οὕτω</span> <span class='ocrx_word' id='word_1_360' title='bbox 552 1208 622 1234; x_wconf 85' lang='grc' dir='ltr'>κατὰ</span> <span class='ocrx_word' id='word_1_361' title='bbox 638 1208 718 1243; x_wconf 84' lang='grc' dir='ltr'>φύσιν</span> <span class='ocrx_word' id='word_1_362' title='bbox 737 1209 785 1244; x_wconf 82' lang='grc' dir='ltr'><strong>τῆς</strong></span> <span class='ocrx_word' id='word_1_363' title='bbox 802 1208 870 1241; x_wconf 77' lang='grc' dir='ltr'><strong>ἰδίας</strong></span> 
     </span>
    </p>
   </div>
   <div class='ocr_carea' id='block_1_43' title="bbox 81 1247 867 1291">
    <p class='ocr_par' dir='ltr' id='par_1_43' title="bbox 81 1247 867 1291">
     <span class='ocr_line' id='line_1_43' title="bbox 81 1247 867 1291; baseline 0.01 -17"><span class='ocrx_word' id='word_1_364' title='bbox 81 1247 168 1281; x_wconf 75' lang='grc' dir='ltr'>οὐσίας</span> <span class='ocrx_word' id='word_1_365' title='bbox 181 1249 238 1286; x_wconf 74' lang='grc' dir='ltr'>ἔχει</span> <span class='ocrx_word' id='word_1_366' title='bbox 249 1251 374 1288; x_wconf 78' lang='grc' dir='ltr'>γέννημα</span> <span class='ocrx_word' id='word_1_367' title='bbox 382 1252 428 1279; x_wconf 81' lang='grc' dir='ltr'><strong>τὸν</strong></span> <span class='ocrx_word' id='word_1_368' title='bbox 443 1253 581 1288; x_wconf 83' lang='grc' dir='ltr'>Λόγον,δι’</span> <span class='ocrx_word' id='word_1_369' title='bbox 592 1251 623 1281; x_wconf 76' lang='grc' dir='ltr'>οὖ</span> <span class='ocrx_word' id='word_1_370' title='bbox 639 1255 685 1281; x_wconf 71' lang='grc' dir='ltr'>καὶ</span> <span class='ocrx_word' id='word_1_371' title='bbox 698 1255 867 1291; x_wconf 79' lang='grc' dir='ltr'><strong>δημιουργεῖ,</strong></span> 
     </span>
    </p>
   </div>
   <div class='ocr_carea' id='block_1_44' title="bbox 81 1295 868 1337">
    <p class='ocr_par' dir='ltr' id='par_1_44' title="bbox 81 1295 868 1337">
     <span class='ocr_line' id='line_1_44' title="bbox 81 1295 868 1337; baseline 0.009 -16"><span class='ocrx_word' id='word_1_372' title='bbox 81 1295 124 1322; x_wconf 78' lang='grc' dir='ltr'><strong>καὶ</strong></span> <span class='ocrx_word' id='word_1_373' title='bbox 139 1296 237 1330; x_wconf 78' lang='grc' dir='ltr'><strong>κτίζει,</strong></span> <span class='ocrx_word' id='word_1_374' title='bbox 256 1298 305 1324; x_wconf 78' lang='grc' dir='ltr'>καὶ</span> <span class='ocrx_word' id='word_1_375' title='bbox 325 1299 464 1334; x_wconf 78' lang='grc' dir='ltr'>οἰκονομεῖ</span> <span class='ocrx_word' id='word_1_376' title='bbox 477 1299 512 1326; x_wconf 84' lang='grc' dir='ltr'>τὰ</span> <span class='ocrx_word' id='word_1_377' title='bbox 533 1300 633 1328; x_wconf 73' lang='grc' dir='ltr'>πάντα.</span> <span class='ocrx_word' id='word_1_378' title='bbox 655 1301 700 1336; x_wconf 85' lang='grc' dir='ltr'><strong>Τῷ</strong></span> <span class='ocrx_word' id='word_1_379' title='bbox 721 1300 776 1337; x_wconf 77' lang='grc' dir='ltr'>γὰρ</span> <span class='ocrx_word' id='word_1_380' title='bbox 790 1302 868 1337; x_wconf 83' lang='grc' dir='ltr'>Λόγῳ</span> 
     </span>
    </p>
   </div>
   <div class='ocr_carea' id='block_1_45' title="bbox 80 1341 867 1381">
    <p class='ocr_par' dir='ltr' id='par_1_45' title="bbox 80 1341 867 1381">
     <span class='ocr_line' id='line_1_45' title="bbox 80 1341 867 1381; baseline 0.008 -13"><span class='ocrx_word' id='word_1_381' title='bbox 80 1341 123 1367; x_wconf 74' lang='grc' dir='ltr'>καὶ</span> <span class='ocrx_word' id='word_1_382' title='bbox 136 1344 168 1378; x_wconf 81' lang='grc' dir='ltr'><strong>τῇ</strong></span> <span class='ocrx_word' id='word_1_383' title='bbox 182 1343 266 1379; x_wconf 79' lang='grc' dir='ltr'>σοφίᾳ</span> <span class='ocrx_word' id='word_1_384' title='bbox 278 1344 313 1371; x_wconf 80' lang='grc' dir='ltr'><strong>τὰ</strong></span> <span class='ocrx_word' id='word_1_385' title='bbox 328 1344 417 1371; x_wconf 82' lang='grc' dir='ltr'>πάντα</span> <span class='ocrx_word' id='word_1_386' title='bbox 428 1345 533 1379; x_wconf 84' lang='grc' dir='ltr'>γέγονε,</span> <span class='ocrx_word' id='word_1_387' title='bbox 550 1346 596 1373; x_wconf 79' lang='grc' dir='ltr'>καὶ</span> <span class='ocrx_word' id='word_1_388' title='bbox 607 1347 641 1381; x_wconf 84' lang='grc' dir='ltr'><strong>τῇ</strong></span> <span class='ocrx_word' id='word_1_389' title='bbox 653 1346 773 1379; x_wconf 78' lang='grc' dir='ltr'><strong>διατάξει</strong></span> <span class='ocrx_word' id='word_1_390' title='bbox 786 1347 867 1374; x_wconf 73' lang='grc' dir='ltr'>αὑτοῦ</span> 
     </span>
    </p>
   </div>
   <div class='ocr_carea' id='block_1_46' title="bbox 79 1386 868 1428">
    <p class='ocr_par' dir='ltr' id='par_1_46' title="bbox 79 1386 868 1428">
     <span class='ocr_line' id='line_1_46' title="bbox 79 1386 868 1428; baseline 0.008 -15"><span class='ocrx_word' id='word_1_391' title='bbox 79 1386 193 1422; x_wconf 81' lang='grc' dir='ltr'>διαμένει</span> <span class='ocrx_word' id='word_1_392' title='bbox 207 1389 242 1416; x_wconf 79' lang='grc' dir='ltr'><strong>τὰ</strong></span> <span class='ocrx_word' id='word_1_393' title='bbox 259 1389 416 1425; x_wconf 84' lang='grc' dir='ltr'>σύμπαντα.</span> <span class='ocrx_word' id='word_1_394' title='bbox 431 1391 468 1418; x_wconf 88' lang='grc' dir='ltr'><strong>Τδ</strong></span> <span class='ocrx_word' id='word_1_395' title='bbox 482 1391 550 1418; x_wconf 77' lang='grc' dir='ltr'>αὐτὸ</span> <span class='ocrx_word' id='word_1_396' title='bbox 563 1391 591 1418; x_wconf 77' lang='grc' dir='ltr'><strong>δὲ</strong></span> <span class='ocrx_word' id='word_1_397' title='bbox 607 1392 656 1418; x_wconf 81' lang='grc' dir='ltr'>καὶ</span> <span class='ocrx_word' id='word_1_398' title='bbox 669 1392 733 1428; x_wconf 79' lang='grc' dir='ltr'>περὶ</span> <span class='ocrx_word' id='word_1_399' title='bbox 746 1392 810 1419; x_wconf 89' lang='grc' dir='ltr'>Υἱοῦ</span> <span class='ocrx_word' id='word_1_400' title='bbox 819 1401 825 1408; x_wconf 91' lang='grc'><strong>·</strong></span> <span class='ocrx_word' id='word_1_401' title='bbox 843 1393 868 1420; x_wconf 76' lang='grc' dir='ltr'>εἰ</span> 
     </span>
    </p>
   </div>
   <div class='ocr_carea' id='block_1_47' title="bbox 79 1433 867 1474">
    <p class='ocr_par' dir='ltr' id='par_1_47' title="bbox 79 1433 867 1474">
     <span class='ocr_line' id='line_1_47' title="bbox 79 1433 867 1474; baseline 0.006 -14"><span class='ocrx_word' id='word_1_402' title='bbox 79 1433 178 1469; x_wconf 74' lang='grc' dir='ltr'>ἄγονος,</span> <span class='ocrx_word' id='word_1_403' title='bbox 191 1436 238 1462; x_wconf 80' lang='grc' dir='ltr'>καὶ</span> <span class='ocrx_word' id='word_1_404' title='bbox 257 1436 440 1472; x_wconf 76' lang='grc' dir='ltr'>ἀνενέργητος</span> <span class='ocrx_word' id='word_1_405' title='bbox 451 1438 466 1464; x_wconf 92' lang='lat'><strong>6</strong></span> <span class='ocrx_word' id='word_1_406' title='bbox 480 1438 546 1470; x_wconf 81' lang='grc' dir='ltr'><strong>Θεός</strong></span> <span class='ocrx_word' id='word_1_407' title='bbox 557 1446 564 1453; x_wconf 91' lang='grc'><strong>·</strong></span> <span class='ocrx_word' id='word_1_408' title='bbox 578 1437 703 1473; x_wconf 77' lang='grc' dir='ltr'>γέννημα</span> <span class='ocrx_word' id='word_1_409' title='bbox 718 1438 772 1474; x_wconf 84' lang='grc' dir='ltr'>γὰρ</span> <span class='ocrx_word' id='word_1_410' title='bbox 784 1439 867 1466; x_wconf 81' lang='grc' dir='ltr'>αὐτοῦ</span> 
     </span>
    </p>
   </div>
   <div class='ocr_carea' id='block_1_48' title="bbox 78 1480 867 1521">
    <p class='ocr_par' dir='ltr' id='par_1_48' title="bbox 78 1480 867 1521">
     <span class='ocr_line' id='line_1_48' title="bbox 78 1480 867 1521; baseline 0.004 -13"><span class='ocrx_word' id='word_1_411' title='bbox 78 1482 91 1508; x_wconf 91' lang='lat'><strong>6</strong></span> <span class='ocrx_word' id='word_1_412' title='bbox 101 1482 160 1514; x_wconf 80' lang='grc' dir='ltr'><strong>Υἱὸς</strong></span> <span class='ocrx_word' id='word_1_413' title='bbox 171 1483 226 1519; x_wconf 75' lang='grc'><strong>(50)</strong></span> <span class='ocrx_word' id='word_1_414' title='bbox 240 1482 278 1510; x_wconf 86' lang='grc' dir='ltr'><strong>δι’</strong></span> <span class='ocrx_word' id='word_1_415' title='bbox 294 1480 325 1510; x_wconf 82' lang='grc' dir='ltr'><strong>οὗ</strong></span> <span class='ocrx_word' id='word_1_416' title='bbox 340 1483 495 1519; x_wconf 81' lang='grc' dir='ltr'>ἐργάζεται.</span> <span class='ocrx_word' id='word_1_417' title='bbox 511 1485 543 1511; x_wconf 81' lang='lat' dir='ltr'><strong>Et</strong></span> <span class='ocrx_word' id='word_1_418' title='bbox 555 1484 583 1511; x_wconf 75' lang='grc' dir='ltr'><strong>δὲ</strong></span> <span class='ocrx_word' id='word_1_419' title='bbox 602 1484 649 1519; x_wconf 85' lang='grc' dir='ltr'><strong>μὴ,</strong></span> <span class='ocrx_word' id='word_1_420' title='bbox 665 1485 692 1511; x_wconf 86' lang='grc' dir='ltr'>αἱ</span> <span class='ocrx_word' id='word_1_421' title='bbox 703 1485 784 1512; x_wconf 78' lang='grc' dir='ltr'>αὐταὶ</span> <span class='ocrx_word' id='word_1_422' title='bbox 799 1486 867 1521; x_wconf 81' lang='grc' dir='ltr'><strong>ἐρω-</strong></span> 
     </span>
    </p>
   </div>
   <div class='ocr_carea' id='block_1_49' title="bbox 78 1528 867 1565">
    <p class='ocr_par' dir='ltr' id='par_1_49' title="bbox 78 1528 867 1565">
     <span class='ocr_line' id='line_1_49' title="bbox 78 1528 867 1565; baseline 0.004 -10"><span class='ocrx_word' id='word_1_423' title='bbox 78 1528 165 1563; x_wconf 67' lang='grc' dir='ltr'>τήςεις</span> <span class='ocrx_word' id='word_1_424' title='bbox 176 1530 224 1556; x_wconf 71' lang='grc' dir='ltr'>καὶ</span> <span class='ocrx_word' id='word_1_425' title='bbox 237 1529 276 1556; x_wconf 79' lang='grc' dir='ltr'>τὰ</span> <span class='ocrx_word' id='word_1_426' title='bbox 290 1529 360 1556; x_wconf 73' lang='grc' dir='ltr'>αὐτὰ</span> <span class='ocrx_word' id='word_1_427' title='bbox 373 1529 463 1557; x_wconf 77' lang='grc' dir='ltr'>ἄτοπα</span> <span class='ocrx_word' id='word_1_428' title='bbox 477 1531 533 1562; x_wconf 81' lang='grc' dir='ltr'>τοῖς</span> <span class='ocrx_word' id='word_1_429' title='bbox 549 1530 781 1565; x_wconf 41' lang='grc' dir='ltr'>,ἀναισχυντοῦσιν</span> <span class='ocrx_word' id='word_1_430' title='bbox 802 1532 867 1558; x_wconf 85' lang='grc' dir='ltr'>ἀκο-</span> 
     </span>
    </p>
   </div>
   <div class='ocr_carea' id='block_1_50' title="bbox 921 933 1709 973">
    <p class='ocr_par' dir='ltr' id='par_1_50' title="bbox 921 933 1709 973">
     <span class='ocr_line' id='line_1_50' title="bbox 921 933 1709 973; baseline -0.006 -9"><span class='ocrx_word' id='word_1_431' title='bbox 921 938 991 966; x_wconf 87' lang='lat' dir='ltr'><strong>alius</strong></span> <span class='ocrx_word' id='word_1_432' title='bbox 1013 938 1066 966; x_wconf 86' lang='lat' dir='ltr'><strong>erit</strong></span> <span class='ocrx_word' id='word_1_433' title='bbox 1082 945 1163 973; x_wconf 91' lang='lat' dir='ltr'><strong>quam</strong></span> <span class='ocrx_word' id='word_1_434' title='bbox 1189 937 1236 972; x_wconf 90' lang='lat' dir='ltr'><strong>qui</strong></span> <span class='ocrx_word' id='word_1_435' title='bbox 1261 937 1372 963; x_wconf 85' lang='lat' dir='ltr'><strong>nomine</strong></span> <span class='ocrx_word' id='word_1_436' title='bbox 1395 936 1565 970; x_wconf 84' lang='lat' dir='ltr'><strong>signillcatur</strong></span> <span class='ocrx_word' id='word_1_437' title='bbox 1580 943 1586 961; x_wconf 89' lang='lat'>:</span> <span class='ocrx_word' id='word_1_438' title='bbox 1601 933 1709 966; x_wconf 80' lang='lat' dir='ltr'><strong>deinde,</strong></span> 
     </span>
    </p>
   </div>
   <div class='ocr_carea' id='block_1_51' title="bbox 921 981 1711 1019">
    <p class='ocr_par' dir='ltr' id='par_1_51' title="bbox 921 981 1711 1019">
     <span class='ocr_line' id='line_1_51' title="bbox 921 981 1711 1019; baseline -0.006 -8"><span class='ocrx_word' id='word_1_439' title='bbox 921 992 975 1011; x_wconf 92' lang='lat' dir='ltr'><strong>non</strong></span> <span class='ocrx_word' id='word_1_440' title='bbox 999 992 1047 1019; x_wconf 85' lang='lat' dir='ltr'><strong>per</strong></span> <span class='ocrx_word' id='word_1_441' title='bbox 1060 992 1122 1011; x_wconf 87' lang='lat' dir='ltr'><strong>cum</strong></span> <span class='ocrx_word' id='word_1_442' title='bbox 1141 984 1232 1011; x_wconf 87' lang='lat' dir='ltr'><strong>omnia</strong></span> <span class='ocrx_word' id='word_1_443' title='bbox 1249 983 1319 1010; x_wconf 81' lang='lat' dir='ltr'><strong>facta</strong></span> <span class='ocrx_word' id='word_1_444' title='bbox 1334 987 1425 1015; x_wconf 87' lang='lat' dir='ltr'><strong>erunt,</strong></span> <span class='ocrx_word' id='word_1_445' title='bbox 1439 982 1486 1010; x_wconf 90' lang='lat' dir='ltr'><strong>sed</strong></span> <span class='ocrx_word' id='word_1_446' title='bbox 1502 982 1528 1008; x_wconf 94' lang='lat' dir='ltr'><strong>in</strong></span> <span class='ocrx_word' id='word_1_447' title='bbox 1543 981 1599 1014; x_wconf 89' lang='lat' dir='ltr'><strong>illo,</strong></span> <span class='ocrx_word' id='word_1_448' title='bbox 1615 981 1642 1007; x_wconf 91' lang='lat' dir='ltr'><strong>in</strong></span> <span class='ocrx_word' id='word_1_449' title='bbox 1656 988 1711 1015; x_wconf 89' lang='lat' dir='ltr'><strong>quo</strong></span> 
     </span>
    </p>
   </div>
   <div class='ocr_carea' id='block_1_52' title="bbox 920 1027 1711 1065">
    <p class='ocr_par' dir='ltr' id='par_1_52' title="bbox 920 1027 1711 1065">
     <span class='ocr_line' id='line_1_52' title="bbox 920 1027 1711 1065; baseline -0.004 -9"><span class='ocrx_word' id='word_1_450' title='bbox 920 1029 1047 1057; x_wconf 82' lang='lat' dir='ltr'><strong>Christus</strong></span> <span class='ocrx_word' id='word_1_451' title='bbox 1058 1037 1167 1065; x_wconf 90' lang='lat' dir='ltr'><strong>quoque</strong></span> <span class='ocrx_word' id='word_1_452' title='bbox 1186 1029 1243 1065; x_wconf 88' lang='lat' dir='ltr'><strong>ipse</strong></span> <span class='ocrx_word' id='word_1_453' title='bbox 1256 1029 1345 1058; x_wconf 78' lang='lat' dir='ltr'><strong>factus</strong></span> <span class='ocrx_word' id='word_1_454' title='bbox 1358 1033 1409 1056; x_wconf 87' lang='lat' dir='ltr'><strong>est.</strong></span> <span class='ocrx_word' id='word_1_455' title='bbox 1425 1028 1472 1055; x_wconf 90' lang='lat' dir='ltr'><strong>Sin</strong></span> <span class='ocrx_word' id='word_1_456' title='bbox 1486 1032 1576 1055; x_wconf 89' lang='lat' dir='ltr'><strong>autem</strong></span> <span class='ocrx_word' id='word_1_457' title='bbox 1591 1027 1711 1054; x_wconf 80' lang='lat' dir='ltr'><strong>dixerint</strong></span> 
     </span>
    </p>
   </div>
   <div class='ocr_carea' id='block_1_53' title="bbox 920 1074 1710 1112">
    <p class='ocr_par' dir='ltr' id='par_1_53' title="bbox 920 1074 1710 1112">
     <span class='ocr_line' id='line_1_53' title="bbox 920 1074 1710 1112; baseline -0.004 -9"><span class='ocrx_word' id='word_1_458' title='bbox 920 1076 1084 1112; x_wconf 85' lang='lat' dir='ltr'><strong>sapientiam</strong></span> <span class='ocrx_word' id='word_1_459' title='bbox 1108 1077 1135 1103; x_wconf 91' lang='lat' dir='ltr'><strong>in</strong></span> <span class='ocrx_word' id='word_1_460' title='bbox 1153 1076 1233 1103; x_wconf 87' lang='lat' dir='ltr'><strong>Patre</strong></span> <span class='ocrx_word' id='word_1_461' title='bbox 1249 1077 1335 1104; x_wconf 83' lang='lat' dir='ltr'><strong>instar</strong></span> <span class='ocrx_word' id='word_1_462' title='bbox 1349 1075 1487 1110; x_wconf 84' lang='lat' dir='ltr'><strong>qualitatis</strong></span> <span class='ocrx_word' id='word_1_463' title='bbox 1501 1081 1571 1107; x_wconf 85' lang='lat' dir='ltr'><strong>esse,</strong></span> <span class='ocrx_word' id='word_1_464' title='bbox 1590 1074 1632 1100; x_wconf 87' lang='lat' dir='ltr'><strong>vel</strong></span> <span class='ocrx_word' id='word_1_465' title='bbox 1646 1081 1710 1100; x_wconf 85' lang='lat' dir='ltr'><strong>eum</strong></span> 
     </span>
    </p>
   </div>
   <div class='ocr_carea' id='block_1_54' title="bbox 919 1119 1710 1156">
    <p class='ocr_par' dir='ltr' id='par_1_54' title="bbox 919 1119 1710 1156">
     <span class='ocr_line' id='line_1_54' title="bbox 919 1119 1710 1156; baseline -0.003 -8"><span class='ocrx_word' id='word_1_466' title='bbox 919 1122 1080 1156; x_wconf 85' lang='lat' dir='ltr'><strong>sapientiam</strong></span> <span class='ocrx_word' id='word_1_467' title='bbox 1104 1122 1190 1156; x_wconf 90' lang='lat' dir='ltr'><strong>ipsam</strong></span> <span class='ocrx_word' id='word_1_468' title='bbox 1215 1129 1302 1154; x_wconf 81' lang='lat' dir='ltr'><strong>esse;</strong></span> <span class='ocrx_word' id='word_1_469' title='bbox 1328 1128 1389 1156; x_wconf 64' lang='lat' dir='ltr'><strong>qua:</strong></span> <span class='ocrx_word' id='word_1_470' title='bbox 1415 1127 1498 1155; x_wconf 84' lang='lat' dir='ltr'><strong>supra</strong></span> <span class='ocrx_word' id='word_1_471' title='bbox 1524 1119 1710 1146; x_wconf 82' lang='lat' dir='ltr'><strong>recensuimus</strong></span> 
     </span>
    </p>
   </div>
   <div class='ocr_carea' id='block_1_55' title="bbox 919 1164 1710 1202">
    <p class='ocr_par' dir='ltr' id='par_1_55' title="bbox 919 1164 1710 1202">
     <span class='ocr_line' id='line_1_55' title="bbox 919 1164 1710 1202; baseline -0.004 -8"><span class='ocrx_word' id='word_1_472' title='bbox 919 1167 1037 1194; x_wconf 84' lang='lat' dir='ltr'><strong>absurda</strong></span> <span class='ocrx_word' id='word_1_473' title='bbox 1050 1188 1057 1200; x_wconf 88' lang='lat'><strong>,</strong></span> <span class='ocrx_word' id='word_1_474' title='bbox 1084 1167 1239 1194; x_wconf 88' lang='lat' dir='ltr'><strong>necessario</strong></span> <span class='ocrx_word' id='word_1_475' title='bbox 1264 1170 1468 1202; x_wconf 87' lang='lat' dir='ltr'><strong>consequentur</strong></span> <span class='ocrx_word' id='word_1_476' title='bbox 1479 1187 1487 1199; x_wconf 87' lang='lat'><strong>,</strong></span> <span class='ocrx_word' id='word_1_477' title='bbox 1508 1164 1633 1193; x_wconf 85' lang='lat' dir='ltr'><strong>videlicet</strong></span> <span class='ocrx_word' id='word_1_478' title='bbox 1646 1171 1710 1191; x_wconf 90' lang='lat' dir='ltr'><strong>eum</strong></span> 
     </span>
    </p>
   </div>
   <div class='ocr_carea' id='block_1_56' title="bbox 919 1209 1710 1247">
    <p class='ocr_par' dir='ltr' id='par_1_56' title="bbox 919 1209 1710 1247">
     <span class='ocr_line' id='line_1_56' title="bbox 919 1209 1710 1247; baseline -0.004 -8"><span class='ocrx_word' id='word_1_479' title='bbox 919 1213 1099 1247; x_wconf 88' lang='lat' dir='ltr'><strong>compositum</strong></span> <span class='ocrx_word' id='word_1_480' title='bbox 1117 1219 1193 1245; x_wconf 86' lang='lat' dir='ltr'><strong>esse,</strong></span> <span class='ocrx_word' id='word_1_481' title='bbox 1209 1211 1307 1247; x_wconf 90' lang='lat' dir='ltr'><strong>suique</strong></span> <span class='ocrx_word' id='word_1_482' title='bbox 1324 1211 1410 1246; x_wconf 83' lang='lat' dir='ltr'><strong>ipsius</strong></span> <span class='ocrx_word' id='word_1_483' title='bbox 1421 1218 1482 1238; x_wconf 85' lang='lat' dir='ltr'><strong>esse</strong></span> <span class='ocrx_word' id='word_1_484' title='bbox 1495 1209 1605 1237; x_wconf 85' lang='lat' dir='ltr'><strong>Patrem</strong></span> <span class='ocrx_word' id='word_1_485' title='bbox 1620 1214 1648 1236; x_wconf 88' lang='lat' dir='ltr'><strong>et</strong></span> <span class='ocrx_word' id='word_1_486' title='bbox 1663 1209 1710 1236; x_wconf 84' lang='lat' dir='ltr'><strong>Fi-</strong></span> 
     </span>
    </p>
   </div>
   <div class='ocr_carea' id='block_1_57' title="bbox 918 1255 1709 1292">
    <p class='ocr_par' dir='ltr' id='par_1_57' title="bbox 918 1255 1709 1292">
     <span class='ocr_line' id='line_1_57' title="bbox 918 1255 1709 1292; baseline -0.003 -8"><span class='ocrx_word' id='word_1_487' title='bbox 918 1257 995 1284; x_wconf 91' lang='lat' dir='ltr'><strong>lium.</strong></span> <span class='ocrx_word' id='word_1_488' title='bbox 1023 1257 1121 1284; x_wconf 90' lang='lat' dir='ltr'><strong>Verum</strong></span> <span class='ocrx_word' id='word_1_489' title='bbox 1143 1256 1309 1292; x_wconf 82' lang='lat' dir='ltr'><strong>coarguendi</strong></span> <span class='ocrx_word' id='word_1_490' title='bbox 1335 1256 1373 1283; x_wconf 92' lang='lat' dir='ltr'><strong>illi</strong></span> <span class='ocrx_word' id='word_1_491' title='bbox 1397 1261 1460 1284; x_wconf 88' lang='lat' dir='ltr'><strong>sunt</strong></span> <span class='ocrx_word' id='word_1_492' title='bbox 1483 1260 1511 1283; x_wconf 90' lang='lat' dir='ltr'><strong>et</strong></span> <span class='ocrx_word' id='word_1_493' title='bbox 1538 1255 1709 1283; x_wconf 78' lang='lat' dir='ltr'><strong>confutandi.</strong></span> 
     </span>
    </p>
   </div>
   <div class='ocr_carea' id='block_1_58' title="bbox 919 1302 1709 1339">
    <p class='ocr_par' dir='ltr' id='par_1_58' title="bbox 919 1302 1709 1339">
     <span class='ocr_line' id='line_1_58' title="bbox 919 1302 1709 1339; baseline -0.004 -8"><span class='ocrx_word' id='word_1_494' title='bbox 919 1303 1059 1339; x_wconf 89' lang='lat' dir='ltr'><strong>Siquidem</strong></span> <span class='ocrx_word' id='word_1_495' title='bbox 1076 1303 1205 1336; x_wconf 82' lang='lat' dir='ltr'><strong>Verbum,</strong></span> <span class='ocrx_word' id='word_1_496' title='bbox 1227 1303 1300 1339; x_wconf 88' lang='lat' dir='ltr'><strong>quod</strong></span> <span class='ocrx_word' id='word_1_497' title='bbox 1315 1303 1342 1330; x_wconf 95' lang='lat' dir='ltr'><strong>in</strong></span> <span class='ocrx_word' id='word_1_498' title='bbox 1359 1302 1414 1330; x_wconf 85' lang='lat' dir='ltr'><strong>Deo</strong></span> <span class='ocrx_word' id='word_1_499' title='bbox 1434 1306 1487 1334; x_wconf 87' lang='lat' dir='ltr'><strong>est,</strong></span> <span class='ocrx_word' id='word_1_500' title='bbox 1504 1309 1554 1329; x_wconf 90' lang='lat' dir='ltr'><strong>nec</strong></span> <span class='ocrx_word' id='word_1_501' title='bbox 1574 1307 1709 1334; x_wconf 86' lang='lat' dir='ltr'><strong>creatum,</strong></span> 
     </span>
    </p>
   </div>
   <div class='ocr_carea' id='block_1_59' title="bbox 918 1346 1710 1384">
    <p class='ocr_par' dir='ltr' id='par_1_59' title="bbox 918 1346 1710 1384">
     <span class='ocr_line' id='line_1_59' title="bbox 918 1346 1710 1384; baseline -0.004 -8"><span class='ocrx_word' id='word_1_502' title='bbox 918 1356 969 1376; x_wconf 89' lang='lat' dir='ltr'><strong>nec</strong></span> <span class='ocrx_word' id='word_1_503' title='bbox 984 1356 1018 1376; x_wconf 82' lang='lat' dir='ltr'><strong>ex</strong></span> <span class='ocrx_word' id='word_1_504' title='bbox 1043 1349 1128 1376; x_wconf 91' lang='lat' dir='ltr'><strong>nihilo</strong></span> <span class='ocrx_word' id='word_1_505' title='bbox 1147 1352 1236 1384; x_wconf 85' lang='lat' dir='ltr'><strong>potest</strong></span> <span class='ocrx_word' id='word_1_506' title='bbox 1256 1356 1328 1376; x_wconf 87' lang='lat' dir='ltr'><strong>esse.</strong></span> <span class='ocrx_word' id='word_1_507' title='bbox 1347 1347 1376 1375; x_wconf 90' lang='lat' dir='ltr'><strong>Si</strong></span> <span class='ocrx_word' id='word_1_508' title='bbox 1392 1348 1455 1376; x_wconf 90' lang='lat' dir='ltr'><strong>item</strong></span> <span class='ocrx_word' id='word_1_509' title='bbox 1470 1347 1588 1375; x_wconf 87' lang='lat' dir='ltr'><strong>Verbum</strong></span> <span class='ocrx_word' id='word_1_510' title='bbox 1610 1348 1636 1374; x_wconf 90' lang='lat' dir='ltr'><strong>in</strong></span> <span class='ocrx_word' id='word_1_511' title='bbox 1656 1346 1710 1374; x_wconf 87' lang='lat' dir='ltr'><strong>Deo</strong></span> 
     </span>
    </p>
   </div>
   <div class='ocr_carea' id='block_1_60' title="bbox 917 1392 1711 1430">
    <p class='ocr_par' dir='ltr' id='par_1_60' title="bbox 917 1392 1711 1430">
     <span class='ocr_line' id='line_1_60' title="bbox 917 1392 1711 1430; baseline -0.001 -9"><span class='ocrx_word' id='word_1_512' title='bbox 917 1397 976 1427; x_wconf 84' lang='lat' dir='ltr'><strong>est;</strong></span> <span class='ocrx_word' id='word_1_513' title='bbox 992 1394 1050 1429; x_wconf 82' lang='lat' dir='ltr'><strong>ipse</strong></span> <span class='ocrx_word' id='word_1_514' title='bbox 1063 1399 1136 1422; x_wconf 85' lang='lat' dir='ltr'><strong>certe</strong></span> <span class='ocrx_word' id='word_1_515' title='bbox 1150 1394 1278 1422; x_wconf 84' lang='lat' dir='ltr'><strong>Christus</strong></span> <span class='ocrx_word' id='word_1_516' title='bbox 1298 1393 1390 1428; x_wconf 75' lang='lat' dir='ltr'><strong>fuerit,</strong></span> <span class='ocrx_word' id='word_1_517' title='bbox 1402 1394 1448 1430; x_wconf 88' lang='lat' dir='ltr'><strong>qui</strong></span> <span class='ocrx_word' id='word_1_518' title='bbox 1468 1394 1521 1425; x_wconf 87' lang='lat' dir='ltr'><strong>ait,</strong></span> <span class='ocrx_word' id='word_1_519' title='bbox 1536 1393 1592 1429; x_wconf 87' lang='lat' dir='ltr'><strong>Ego</strong></span> <span class='ocrx_word' id='word_1_520' title='bbox 1606 1393 1634 1420; x_wconf 80' lang='lat' dir='ltr'><strong>in</strong></span> <span class='ocrx_word' id='word_1_521' title='bbox 1656 1392 1711 1420; x_wconf 77' lang='lat' dir='ltr'><strong>I’a-</strong></span> 
     </span>
    </p>
   </div>
   <div class='ocr_carea' id='block_1_61' title="bbox 918 1440 1710 1476">
    <p class='ocr_par' dir='ltr' id='par_1_61' title="bbox 918 1440 1710 1476">
     <span class='ocr_line' id='line_1_61' title="bbox 918 1440 1710 1476; baseline -0.001 -9"><span class='ocrx_word' id='word_1_522' title='bbox 918 1444 967 1473; x_wconf 84' lang='lat' dir='ltr'><strong>tre,</strong></span> <span class='ocrx_word' id='word_1_523' title='bbox 983 1446 1007 1468; x_wconf 83' lang='lat' dir='ltr'><strong>et</strong></span> <span class='ocrx_word' id='word_1_524' title='bbox 1026 1440 1109 1468; x_wconf 81' lang='lat' dir='ltr'><strong>Pater</strong></span> <span class='ocrx_word' id='word_1_525' title='bbox 1128 1441 1155 1468; x_wconf 84' lang='lat' dir='ltr'><strong>in</strong></span> <span class='ocrx_word' id='word_1_526' title='bbox 1168 1449 1209 1468; x_wconf 87' lang='lat' dir='ltr'><strong>me</strong></span> <span class='ocrx_word' id='word_1_527' title='bbox 1224 1445 1263 1468; x_wconf 80' lang='lat' dir='ltr'><strong>est</strong></span> <span class='ocrx_word' id='word_1_528' title='bbox 1279 1441 1321 1474; x_wconf 69' lang='lat'><strong>&quot;,-</strong></span> <span class='ocrx_word' id='word_1_529' title='bbox 1338 1441 1385 1476; x_wconf 90' lang='lat' dir='ltr'><strong>qui</strong></span> <span class='ocrx_word' id='word_1_530' title='bbox 1405 1440 1477 1468; x_wconf 89' lang='lat' dir='ltr'><strong>idem</strong></span> <span class='ocrx_word' id='word_1_531' title='bbox 1499 1440 1601 1467; x_wconf 84' lang='lat' dir='ltr'><strong>idcirco</strong></span> <span class='ocrx_word' id='word_1_532' title='bbox 1615 1441 1710 1474; x_wconf 82' lang='lat' dir='ltr'><strong>unige-</strong></span> 
     </span>
    </p>
   </div>
   <div class='ocr_carea' id='block_1_62' title="bbox 917 1483 1709 1521">
    <p class='ocr_par' dir='ltr' id='par_1_62' title="bbox 917 1483 1709 1521">
     <span class='ocr_line' id='line_1_62' title="bbox 917 1483 1709 1521; baseline -0.001 -8"><span class='ocrx_word' id='word_1_533' title='bbox 917 1486 991 1514; x_wconf 89' lang='lat' dir='ltr'><strong>nitus</strong></span> <span class='ocrx_word' id='word_1_534' title='bbox 1008 1491 1059 1518; x_wconf 89' lang='lat' dir='ltr'><strong>est,</strong></span> <span class='ocrx_word' id='word_1_535' title='bbox 1075 1486 1139 1521; x_wconf 92' lang='lat' dir='ltr'><strong>quia</strong></span> <span class='ocrx_word' id='word_1_536' title='bbox 1162 1486 1252 1514; x_wconf 90' lang='lat' dir='ltr'><strong>nullus</strong></span> <span class='ocrx_word' id='word_1_537' title='bbox 1266 1486 1337 1514; x_wconf 89' lang='lat' dir='ltr'><strong>alius</strong></span> <span class='ocrx_word' id='word_1_538' title='bbox 1350 1494 1383 1513; x_wconf 85' lang='lat' dir='ltr'><strong>cx</strong></span> <span class='ocrx_word' id='word_1_539' title='bbox 1398 1494 1430 1513; x_wconf 87' lang='lat' dir='ltr'><strong>eo</strong></span> <span class='ocrx_word' id='word_1_540' title='bbox 1445 1486 1481 1514; x_wconf 90' lang='lat' dir='ltr'><strong>sit</strong></span> <span class='ocrx_word' id='word_1_541' title='bbox 1495 1486 1613 1521; x_wconf 81' lang='lat' dir='ltr'><strong>genitus.</strong></span> <span class='ocrx_word' id='word_1_542' title='bbox 1630 1483 1709 1513; x_wconf 86' lang='lat' dir='ltr'><strong>Unus</strong></span> 
     </span>
    </p>
   </div>
   <div class='ocr_carea' id='block_1_63' title="bbox 919 1531 1710 1568">
    <p class='ocr_par' dir='ltr' id='par_1_63' title="bbox 919 1531 1710 1568">
     <span class='ocr_line' id='line_1_63' title="bbox 919 1531 1710 1568; baseline -0.001 -9"><span class='ocrx_word' id='word_1_543' title='bbox 919 1532 963 1559; x_wconf 91' lang='lat' dir='ltr'><strong>hic</strong></span> <span class='ocrx_word' id='word_1_544' title='bbox 983 1536 1026 1559; x_wconf 88' lang='lat' dir='ltr'><strong>est</strong></span> <span class='ocrx_word' id='word_1_545' title='bbox 1049 1531 1145 1565; x_wconf 84' lang='lat' dir='ltr'><strong>Filius,</strong></span> <span class='ocrx_word' id='word_1_546' title='bbox 1161 1533 1208 1568; x_wconf 86' lang='lat' dir='ltr'><strong>qui</strong></span> <span class='ocrx_word' id='word_1_547' title='bbox 1229 1537 1258 1559; x_wconf 87' lang='lat' dir='ltr'><strong>et</strong></span> <span class='ocrx_word' id='word_1_548' title='bbox 1272 1531 1407 1567; x_wconf 65' lang='lat' dir='ltr'><strong>Verbumf,</strong></span> <span class='ocrx_word' id='word_1_549' title='bbox 1424 1532 1556 1567; x_wconf 85' lang='lat' dir='ltr'><strong>sapientia</strong></span> <span class='ocrx_word' id='word_1_550' title='bbox 1574 1536 1601 1558; x_wconf 86' lang='lat' dir='ltr'><strong>ct</strong></span> <span class='ocrx_word' id='word_1_551' title='bbox 1622 1531 1710 1558; x_wconf 83' lang='lat' dir='ltr'><strong>virtus</strong></span> 
     </span>
    </p>
   </div>
   <div class='ocr_carea' id='block_1_64' title="bbox 78 1573 1709 1619">
    <p class='ocr_par' dir='ltr' id='par_1_64' title="bbox 78 1573 1709 1619">
     <span class='ocr_line' id='line_1_64' title="bbox 78 1573 1709 1619; baseline 0.002 -17"><span class='ocrx_word' id='word_1_552' title='bbox 78 1573 208 1611; x_wconf 78' lang='grc' dir='ltr'>λουθήσει.</span> <span class='ocrx_word' id='word_1_553' title='bbox 405 1597 410 1602; x_wconf 92' lang='grc'><strong><em>.</em></strong></span> <span class='ocrx_word' id='word_1_554' title='bbox 879 1576 901 1605; x_wconf 88' lang='lat' dir='ltr'><strong>C</strong></span> <span class='ocrx_word' id='word_1_555' title='bbox 919 1578 976 1606; x_wconf 83' lang='lat' dir='ltr'><strong>sive</strong></span> <span class='ocrx_word' id='word_1_556' title='bbox 993 1578 1115 1613; x_wconf 85' lang='lat' dir='ltr'><strong>potentia</strong></span> <span class='ocrx_word' id='word_1_557' title='bbox 1135 1582 1186 1605; x_wconf 90' lang='lat' dir='ltr'><strong>est.</strong></span> <span class='ocrx_word' id='word_1_558' title='bbox 1206 1577 1261 1606; x_wconf 89' lang='lat' dir='ltr'><strong>Nec</strong></span> <span class='ocrx_word' id='word_1_559' title='bbox 1279 1578 1351 1605; x_wconf 87' lang='lat' dir='ltr'><strong>enim</strong></span> <span class='ocrx_word' id='word_1_560' title='bbox 1365 1585 1398 1605; x_wconf 80' lang='lat' dir='ltr'><strong>ex</strong></span> <span class='ocrx_word' id='word_1_561' title='bbox 1418 1578 1461 1606; x_wconf 87' lang='lat' dir='ltr'><strong>his</strong></span> <span class='ocrx_word' id='word_1_562' title='bbox 1483 1582 1526 1605; x_wconf 88' lang='lat' dir='ltr'><strong>est</strong></span> <span class='ocrx_word' id='word_1_563' title='bbox 1541 1577 1709 1619; x_wconf 81' lang='lat' dir='ltr'><strong>compositus</strong></span> 
     </span>
    </p>
   </div>
   <div class='ocr_carea' id='block_1_65' title="bbox 79 1620 1710 1660">
    <p class='ocr_par' dir='ltr' id='par_1_65' title="bbox 79 1620 1710 1660">
     <span class='ocr_line' id='line_1_65' title="bbox 79 1620 1710 1660; baseline 0.002 -11"><span class='ocrx_word' id='word_1_564' title='bbox 79 1620 155 1654; x_wconf 85' lang='lat' dir='ltr'><strong>Deus,</strong></span> <span class='ocrx_word' id='word_1_565' title='bbox 173 1623 220 1650; x_wconf 85' lang='lat' dir='ltr'><strong>sed</strong></span> <span class='ocrx_word' id='word_1_566' title='bbox 237 1623 339 1650; x_wconf 90' lang='lat' dir='ltr'><strong>horum</strong></span> <span class='ocrx_word' id='word_1_567' title='bbox 368 1627 410 1651; x_wconf 87' lang='lat' dir='ltr'><strong>est</strong></span> <span class='ocrx_word' id='word_1_568' title='bbox 439 1623 556 1659; x_wconf 83' lang='lat' dir='ltr'><strong>genitor.</strong></span> <span class='ocrx_word' id='word_1_569' title='bbox 570 1623 694 1660; x_wconf 83' lang='lat' dir='ltr'><strong>Namque</strong></span> <span class='ocrx_word' id='word_1_570' title='bbox 709 1625 938 1660; x_wconf 84' lang='lat' dir='ltr'><strong>quemadmodum</strong></span> <span class='ocrx_word' id='word_1_571' title='bbox 956 1633 1000 1653; x_wconf 86' lang='lat' dir='ltr'><strong>res</strong></span> <span class='ocrx_word' id='word_1_572' title='bbox 1030 1630 1136 1653; x_wconf 87' lang='lat' dir='ltr'><strong>creatas</strong></span> <span class='ocrx_word' id='word_1_573' title='bbox 1152 1625 1240 1653; x_wconf 87' lang='lat' dir='ltr'><strong>Verbo</strong></span> <span class='ocrx_word' id='word_1_574' title='bbox 1269 1625 1403 1660; x_wconf 85' lang='lat' dir='ltr'><strong>producit,</strong></span> <span class='ocrx_word' id='word_1_575' title='bbox 1423 1625 1460 1652; x_wconf 86' lang='lat' dir='ltr'><strong>ita</strong></span> <span class='ocrx_word' id='word_1_576' title='bbox 1481 1625 1630 1652; x_wconf 83' lang='lat' dir='ltr'><strong>secundum</strong></span> <span class='ocrx_word' id='word_1_577' title='bbox 1647 1632 1710 1660; x_wconf 87' lang='lat' dir='ltr'><strong>pro-</strong></span> 
     </span>
    </p>
   </div>
   <div class='ocr_carea' id='block_1_66' title="bbox 78 1668 1710 1707">
    <p class='ocr_par' dir='ltr' id='par_1_66' title="bbox 78 1668 1710 1707">
     <span class='ocr_line' id='line_1_66' title="bbox 78 1668 1710 1707; baseline 0.002 -12"><span class='ocrx_word' id='word_1_578' title='bbox 78 1668 139 1702; x_wconf 75' lang='lat' dir='ltr'><strong>prize</strong></span> <span class='ocrx_word' id='word_1_579' title='bbox 165 1670 297 1697; x_wconf 63' lang='lat' dir='ltr'><strong>essentia:</strong></span> <span class='ocrx_word' id='word_1_580' title='bbox 315 1674 440 1697; x_wconf 89' lang='lat' dir='ltr'><strong>naturam</strong></span> <span class='ocrx_word' id='word_1_581' title='bbox 465 1669 584 1698; x_wconf 88' lang='lat' dir='ltr'><strong>Verbum</strong></span> <span class='ocrx_word' id='word_1_582' title='bbox 598 1671 712 1706; x_wconf 69' lang='lat' dir='ltr'><strong>.gignit,</strong></span> <span class='ocrx_word' id='word_1_583' title='bbox 732 1678 780 1706; x_wconf 89' lang='lat' dir='ltr'><strong>per</strong></span> <span class='ocrx_word' id='word_1_584' title='bbox 810 1671 881 1706; x_wconf 85' lang='lat' dir='ltr'><strong>quod</strong></span> <span class='ocrx_word' id='word_1_585' title='bbox 901 1672 993 1699; x_wconf 87' lang='lat' dir='ltr'><strong>omnia</strong></span> <span class='ocrx_word' id='word_1_586' title='bbox 1010 1671 1107 1704; x_wconf 80' lang='lat' dir='ltr'><strong>eﬂicit,</strong></span> <span class='ocrx_word' id='word_1_587' title='bbox 1123 1677 1198 1700; x_wconf 86' lang='lat' dir='ltr'><strong>creat</strong></span> <span class='ocrx_word' id='word_1_588' title='bbox 1213 1676 1241 1699; x_wconf 88' lang='lat' dir='ltr'><strong>et</strong></span> <span class='ocrx_word' id='word_1_589' title='bbox 1254 1671 1435 1699; x_wconf 88' lang='lat' dir='ltr'><strong>administrat.</strong></span> <span class='ocrx_word' id='word_1_590' title='bbox 1453 1671 1591 1706; x_wconf 88' lang='lat' dir='ltr'><strong>Siquidem</strong></span> <span class='ocrx_word' id='word_1_591' title='bbox 1617 1671 1710 1707; x_wconf 59' lang='lat' dir='ltr'><strong>omni.</strong></span> 
     </span>
    </p>
   </div>
   <div class='ocr_carea' id='block_1_67' title="bbox 77 1713 1709 1754">
    <p class='ocr_par' dir='ltr' id='par_1_67' title="bbox 77 1713 1709 1754">
     <span class='ocr_line' id='line_1_67' title="bbox 77 1713 1709 1754; baseline 0.001 -12"><span class='ocrx_word' id='word_1_592' title='bbox 77 1713 162 1743; x_wconf 86' lang='lat' dir='ltr'><strong>Verbo</strong></span> <span class='ocrx_word' id='word_1_593' title='bbox 192 1720 221 1743; x_wconf 89' lang='lat' dir='ltr'><strong>et</strong></span> <span class='ocrx_word' id='word_1_594' title='bbox 252 1716 387 1751; x_wconf 87' lang='lat' dir='ltr'><strong>sapientia</strong></span> <span class='ocrx_word' id='word_1_595' title='bbox 421 1716 491 1744; x_wconf 82' lang='lat' dir='ltr'><strong>facta</strong></span> <span class='ocrx_word' id='word_1_596' title='bbox 514 1721 588 1750; x_wconf 79' lang='lat' dir='ltr'><strong>sunt,</strong></span> <span class='ocrx_word' id='word_1_597' title='bbox 604 1717 719 1752; x_wconf 82' lang='lat' dir='ltr'><strong>ejusque</strong></span> <span class='ocrx_word' id='word_1_598' title='bbox 735 1717 850 1752; x_wconf 85' lang='lat' dir='ltr'><strong>imperio</strong></span> <span class='ocrx_word' id='word_1_599' title='bbox 868 1718 995 1746; x_wconf 84' lang='lat' dir='ltr'><strong>universa</strong></span> <span class='ocrx_word' id='word_1_600' title='bbox 1012 1723 1187 1754; x_wconf 80' lang='lat' dir='ltr'><strong>perseverant</strong></span> <span class='ocrx_word' id='word_1_601' title='bbox 1201 1718 1234 1745; x_wconf 77' lang='grc'><strong>⁸⁸.</strong></span> <span class='ocrx_word' id='word_1_602' title='bbox 1258 1717 1328 1745; x_wconf 90' lang='lat' dir='ltr'><strong>ldcm</strong></span> <span class='ocrx_word' id='word_1_603' title='bbox 1354 1723 1444 1746; x_wconf 83' lang='lat' dir='ltr'><strong>autem</strong></span> <span class='ocrx_word' id='word_1_604' title='bbox 1468 1718 1502 1746; x_wconf 86' lang='lat' dir='ltr'><strong>de</strong></span> <span class='ocrx_word' id='word_1_605' title='bbox 1523 1716 1592 1744; x_wconf 87' lang='lat' dir='ltr'><strong>Filio</strong></span> <span class='ocrx_word' id='word_1_606' title='bbox 1614 1716 1709 1744; x_wconf 88' lang='lat' dir='ltr'><strong>dicen-</strong></span> 
     </span>
    </p>
   </div>
   <div class='ocr_carea' id='block_1_68' title="bbox 77 1761 1708 1801">
    <p class='ocr_par' dir='ltr' id='par_1_68' title="bbox 77 1761 1708 1801">
     <span class='ocr_line' id='line_1_68' title="bbox 77 1761 1708 1801; baseline 0.001 -12"><span class='ocrx_word' id='word_1_607' title='bbox 77 1761 136 1789; x_wconf 86' lang='lat' dir='ltr'><strong>dum</strong></span> <span class='ocrx_word' id='word_1_608' title='bbox 152 1772 158 1790; x_wconf 85' lang='lat'><strong>:</strong></span> <span class='ocrx_word' id='word_1_609' title='bbox 174 1763 308 1790; x_wconf 88' lang='lat' dir='ltr'><strong>nimirum</strong></span> <span class='ocrx_word' id='word_1_610' title='bbox 331 1763 353 1791; x_wconf 89' lang='lat' dir='ltr'><strong>si</strong></span> <span class='ocrx_word' id='word_1_611' title='bbox 368 1764 435 1791; x_wconf 84' lang='lat' dir='ltr'><strong>nihil</strong></span> <span class='ocrx_word' id='word_1_612' title='bbox 451 1764 536 1799; x_wconf 81' lang='lat' dir='ltr'><strong>gignit</strong></span> <span class='ocrx_word' id='word_1_613' title='bbox 551 1763 633 1797; x_wconf 80' lang='lat' dir='ltr'><strong>Deus,</strong></span> <span class='ocrx_word' id='word_1_614' title='bbox 649 1765 717 1792; x_wconf 90' lang='lat' dir='ltr'><strong>nihil</strong></span> <span class='ocrx_word' id='word_1_615' title='bbox 751 1765 814 1792; x_wconf 87' lang='lat' dir='ltr'><strong>item</strong></span> <span class='ocrx_word' id='word_1_616' title='bbox 848 1765 903 1800; x_wconf 81' lang='lat' dir='ltr'><strong>agit</strong></span> <span class='ocrx_word' id='word_1_617' title='bbox 920 1766 978 1793; x_wconf 79' lang='lat' dir='ltr'><strong>sire</strong></span> <span class='ocrx_word' id='word_1_618' title='bbox 1001 1765 1103 1793; x_wconf 79' lang='lat' dir='ltr'><strong>cﬂicit:</strong></span> <span class='ocrx_word' id='word_1_619' title='bbox 1130 1774 1192 1793; x_wconf 90' lang='lat' dir='ltr'><strong>nam</strong></span> <span class='ocrx_word' id='word_1_620' title='bbox 1216 1765 1275 1801; x_wconf 83' lang='lat' dir='ltr'><strong>ejus</strong></span> <span class='ocrx_word' id='word_1_621' title='bbox 1299 1764 1370 1793; x_wconf 80' lang='lat' dir='ltr'><strong>fetus</strong></span> <span class='ocrx_word' id='word_1_622' title='bbox 1391 1770 1434 1792; x_wconf 82' lang='lat' dir='ltr'><strong>est</strong></span> <span class='ocrx_word' id='word_1_623' title='bbox 1454 1764 1539 1792; x_wconf 80' lang='lat' dir='ltr'><strong>Filius</strong></span> <span class='ocrx_word' id='word_1_624' title='bbox 1562 1771 1608 1799; x_wconf 86' lang='lat' dir='ltr'><strong>per</strong></span> <span class='ocrx_word' id='word_1_625' title='bbox 1627 1770 1708 1799; x_wconf 87' lang='lat' dir='ltr'><strong>quem</strong></span> 
     </span>
    </p>
   </div>
   <div class='ocr_carea' id='block_1_69' title="bbox 77 1808 1601 1846">
    <p class='ocr_par' dir='ltr' id='par_1_69' title="bbox 77 1808 1601 1846">
     <span class='ocr_line' id='line_1_69' title="bbox 77 1808 1601 1846; baseline 0.001 -11"><span class='ocrx_word' id='word_1_626' title='bbox 77 1808 136 1843; x_wconf 78' lang='lat' dir='ltr'><strong>agit.</strong></span> <span class='ocrx_word' id='word_1_627' title='bbox 149 1808 196 1836; x_wconf 89' lang='lat' dir='ltr'><strong>Sin</strong></span> <span class='ocrx_word' id='word_1_628' title='bbox 211 1809 309 1836; x_wconf 89' lang='lat' dir='ltr'><strong>minus</strong></span> <span class='ocrx_word' id='word_1_629' title='bbox 324 1818 331 1836; x_wconf 73' lang='grc' dir='ltr'><strong>τ</strong></span> <span class='ocrx_word' id='word_1_630' title='bbox 347 1809 380 1836; x_wconf 88' lang='lat' dir='ltr'><strong>ad</strong></span> <span class='ocrx_word' id='word_1_631' title='bbox 393 1810 501 1837; x_wconf 90' lang='lat' dir='ltr'><strong>easdem</strong></span> <span class='ocrx_word' id='word_1_632' title='bbox 515 1810 742 1844; x_wconf 85' lang='lat' dir='ltr'><strong>interrogationes</strong></span> <span class='ocrx_word' id='word_1_633' title='bbox 756 1811 905 1846; x_wconf 84' lang='lat' dir='ltr'><strong>eademque</strong></span> <span class='ocrx_word' id='word_1_634' title='bbox 918 1811 1036 1839; x_wconf 83' lang='lat' dir='ltr'><strong>absurda</strong></span> <span class='ocrx_word' id='word_1_635' title='bbox 1049 1811 1221 1846; x_wconf 88' lang='lat' dir='ltr'><strong>impudentes</strong></span> <span class='ocrx_word' id='word_1_636' title='bbox 1236 1811 1263 1838; x_wconf 93' lang='lat' dir='ltr'><strong>hi</strong></span> <span class='ocrx_word' id='word_1_637' title='bbox 1277 1811 1402 1838; x_wconf 86' lang='lat' dir='ltr'><strong>homines</strong></span> <span class='ocrx_word' id='word_1_638' title='bbox 1418 1811 1601 1838; x_wconf 85' lang='lat' dir='ltr'><strong>revolventur.</strong></span> 
     </span>
    </p>
   </div>
   <div class='ocr_carea' id='block_1_70' title="bbox 108 1845 868 1890">
    <p class='ocr_par' dir='ltr' id='par_1_70' title="bbox 108 1854 868 1890">
     <span class='ocr_line' id='line_1_70' title="bbox 108 1854 868 1890; baseline 0.001 -9"><span class='ocrx_word' id='word_1_639' title='bbox 108 1854 132 1881; x_wconf 85' lang='lat'><strong><em>5.</em></strong></span> <span class='ocrx_word' id='word_1_640' title='bbox 154 1855 200 1881; x_wconf 83' lang='grc' dir='ltr'><strong>Ὲκ</strong></span> <span class='ocrx_word' id='word_1_641' title='bbox 217 1854 269 1881; x_wconf 79' lang='grc' dir='ltr'><strong>τοῦ</strong></span> <span class='ocrx_word' id='word_1_642' title='bbox 287 1855 514 1890; x_wconf 76' lang='grc' dir='ltr'>Δευτερονομίου·</span> <span class='ocrx_word' id='word_1_643' title='bbox 542 1855 635 1890; x_wconf 75' lang='grc' dir='ltr'><strong>Ὑμεῖς</strong></span> <span class='ocrx_word' id='word_1_644' title='bbox 649 1855 683 1882; x_wconf 76' lang='grc' dir='ltr'><strong>δὲ</strong></span> <span class='ocrx_word' id='word_1_645' title='bbox 697 1856 868 1890; x_wconf 76' lang='grc' dir='ltr'>οἱπροσκει-</span> 
     </span>
    </p>
   </div>
   <div class='ocr_carea' id='block_1_71' title="bbox 919 1845 1707 1890">
    <p class='ocr_par' dir='ltr' id='par_1_71' title="bbox 961 1845 1707 1890">
     <span class='ocr_line' id='line_1_71' title="bbox 961 1845 1707 1890; baseline -0.003 -7"><span class='ocrx_word' id='word_1_646' title='bbox 961 1856 987 1883; x_wconf 80' lang='grc'><strong>5.</strong></span> <span class='ocrx_word' id='word_1_647' title='bbox 1004 1855 1043 1883; x_wconf 87' lang='lat' dir='ltr'><strong>Ex</strong></span> <span class='ocrx_word' id='word_1_648' title='bbox 1067 1845 1295 1884; x_wconf 76' lang='lat' dir='ltr'><strong>Deuteronomio:</strong></span> <span class='ocrx_word' id='word_1_649' title='bbox 1317 1855 1366 1883; x_wconf 81' lang='lat' dir='ltr'><strong>Vos</strong></span> <span class='ocrx_word' id='word_1_650' title='bbox 1387 1845 1491 1889; x_wconf 63' lang='lat' dir='ltr'><strong>autem,</strong></span> <span class='ocrx_word' id='word_1_651' title='bbox 1506 1856 1552 1890; x_wconf 83' lang='lat' dir='ltr'><strong>qui</strong></span> <span class='ocrx_word' id='word_1_652' title='bbox 1568 1855 1707 1883; x_wconf 65' lang='lat' dir='ltr'><strong>adheretis</strong></span> 
     </span>
    </p>
   </div>
   <div class='ocr_carea' id='block_1_72' title="bbox 73 1899 868 1936">
    <p class='ocr_par' dir='ltr' id='par_1_72' title="bbox 73 1899 868 1936">
     <span class='ocr_line' id='line_1_72' title="bbox 73 1899 868 1936; baseline 0.001 -9"><span class='ocrx_word' id='word_1_653' title='bbox 73 1907 155 1934; x_wconf 77' lang='grc' dir='ltr'>μενοι</span> <span class='ocrx_word' id='word_1_654' title='bbox 167 1901 271 1935; x_wconf 80' lang='grc' dir='ltr'><strong>Κυρίῳ</strong></span> <span class='ocrx_word' id='word_1_655' title='bbox 283 1899 322 1933; x_wconf 82' lang='grc' dir='ltr'>τῷ</span> <span class='ocrx_word' id='word_1_656' title='bbox 339 1900 400 1933; x_wconf 85' lang='grc' dir='ltr'><strong>Θεῷ</strong></span> <span class='ocrx_word' id='word_1_657' title='bbox 412 1901 513 1936; x_wconf 80' lang='grc' dir='ltr'>ὑμῶν,</span> <span class='ocrx_word' id='word_1_658' title='bbox 535 1900 602 1935; x_wconf 79' lang='grc' dir='ltr'><strong>ζῆτε</strong></span> <span class='ocrx_word' id='word_1_659' title='bbox 619 1901 674 1936; x_wconf 78' lang='lat' dir='ltr'><strong>(3i)</strong></span> <span class='ocrx_word' id='word_1_660' title='bbox 699 1901 811 1934; x_wconf 80' lang='grc' dir='ltr'><strong>πάντες</strong></span> <span class='ocrx_word' id='word_1_661' title='bbox 836 1901 868 1928; x_wconf 76' lang='grc' dir='ltr'>ἐν</span> 
     </span>
    </p>
   </div>
   <div class='ocr_carea' id='block_1_73' title="bbox 919 1899 1705 1936">
    <p class='ocr_par' dir='ltr' id='par_1_73' title="bbox 922 1901 1705 1935">
     <span class='ocr_line' id='line_1_73' title="bbox 922 1901 1705 1935; baseline 0 -7"><span class='ocrx_word' id='word_1_662' title='bbox 922 1901 1034 1928; x_wconf 82' lang='lat' dir='ltr'><strong>Domino</strong></span> <span class='ocrx_word' id='word_1_663' title='bbox 1054 1901 1108 1929; x_wconf 81' lang='lat' dir='ltr'><strong>Deo</strong></span> <span class='ocrx_word' id='word_1_664' title='bbox 1128 1907 1222 1935; x_wconf 79' lang='lat' dir='ltr'><strong>uestro,</strong></span> <span class='ocrx_word' id='word_1_665' title='bbox 1235 1902 1322 1929; x_wconf 77' lang='lat' dir='ltr'><strong>vivitis</strong></span> <span class='ocrx_word' id='word_1_666' title='bbox 1343 1902 1458 1928; x_wconf 73' lang='lat' dir='ltr'><strong>uniuersi</strong></span> <span class='ocrx_word' id='word_1_667' title='bbox 1477 1902 1604 1928; x_wconf 82' lang='lat' dir='ltr'><strong>hodierna</strong></span> <span class='ocrx_word' id='word_1_668' title='bbox 1618 1902 1659 1928; x_wconf 75' lang='lat' dir='ltr'><strong>die</strong></span> <span class='ocrx_word' id='word_1_669' title='bbox 1673 1901 1705 1928; x_wconf 83' lang='grc'><strong>³⁹.</strong></span> 
     </span>
    </p>
   </div>
   <div class='ocr_carea' id='block_1_74' title="bbox 77 1945 868 1983">
    <p class='ocr_par' dir='ltr' id='par_1_74' title="bbox 77 1945 868 1983">
     <span class='ocr_line' id='line_1_74' title="bbox 77 1945 868 1983; baseline -0.001 -8"><span class='ocrx_word' id='word_1_670' title='bbox 77 1945 111 1981; x_wconf 73' lang='grc' dir='ltr'><em>τῇ</em></span> <span class='ocrx_word' id='word_1_671' title='bbox 120 1947 264 1982; x_wconf 84' lang='grc' dir='ltr'><strong>σήμερον.</strong></span> <span class='ocrx_word' id='word_1_672' title='bbox 291 1947 341 1974; x_wconf 84' lang='grc' dir='ltr'><strong>Ἕκ</strong></span> <span class='ocrx_word' id='word_1_673' title='bbox 356 1947 451 1974; x_wconf 80' lang='grc' dir='ltr'>τούτου</span> <span class='ocrx_word' id='word_1_674' title='bbox 471 1947 583 1974; x_wconf 79' lang='grc' dir='ltr'>δυνατὸν</span> <span class='ocrx_word' id='word_1_675' title='bbox 597 1947 697 1974; x_wconf 83' lang='grc' dir='ltr'>εἰδέναι</span> <span class='ocrx_word' id='word_1_676' title='bbox 709 1947 759 1983; x_wconf 81' lang='grc' dir='ltr'>τὴν</span> <span class='ocrx_word' id='word_1_677' title='bbox 775 1947 868 1982; x_wconf 81' lang='grc' dir='ltr'>διαφο-</span> 
     </span>
    </p>
   </div>
   <div class='ocr_carea' id='block_1_75' title="bbox 919 1945 1707 1983">
    <p class='ocr_par' dir='ltr' id='par_1_75' title="bbox 921 1946 1707 1975">
     <span class='ocr_line' id='line_1_75' title="bbox 921 1946 1707 1975; baseline 0.001 -2"><span class='ocrx_word' id='word_1_678' title='bbox 921 1946 960 1974; x_wconf 84' lang='lat' dir='ltr'><strong>Ex</strong></span> <span class='ocrx_word' id='word_1_679' title='bbox 979 1947 1022 1975; x_wconf 87' lang='lat' dir='ltr'><strong>his</strong></span> <span class='ocrx_word' id='word_1_680' title='bbox 1041 1947 1132 1975; x_wconf 84' lang='lat' dir='ltr'><strong>verbis</strong></span> <span class='ocrx_word' id='word_1_681' title='bbox 1150 1947 1297 1975; x_wconf 81' lang='lat' dir='ltr'><strong>discrimen</strong></span> <span class='ocrx_word' id='word_1_682' title='bbox 1314 1947 1374 1974; x_wconf 88' lang='lat' dir='ltr'><strong>Filii</strong></span> <span class='ocrx_word' id='word_1_683' title='bbox 1398 1952 1426 1975; x_wconf 87' lang='lat' dir='ltr'><strong>et</strong></span> <span class='ocrx_word' id='word_1_684' title='bbox 1440 1954 1532 1974; x_wconf 90' lang='lat' dir='ltr'><strong>rerum</strong></span> <span class='ocrx_word' id='word_1_685' title='bbox 1553 1951 1707 1974; x_wconf 85' lang='lat' dir='ltr'><strong>creatarum</strong></span> 
     </span>
    </p>
   </div>
   <div class='ocr_carea' id='block_1_76' title="bbox 77 1990 868 2029">
    <p class='ocr_par' dir='ltr' id='par_1_76' title="bbox 77 1991 866 2029">
     <span class='ocr_line' id='line_1_76' title="bbox 77 1991 866 2029; baseline 0 -9"><span class='ocrx_word' id='word_1_686' title='bbox 77 1991 132 2027; x_wconf 81' lang='grc' dir='ltr'><strong>ρὰν,</strong></span> <span class='ocrx_word' id='word_1_687' title='bbox 145 1994 191 2020; x_wconf 75' lang='grc' dir='ltr'>καὶ</span> <span class='ocrx_word' id='word_1_688' title='bbox 201 1994 319 2028; x_wconf 76' lang='grc' dir='ltr'>γνῶναι,</span> <span class='ocrx_word' id='word_1_689' title='bbox 331 1994 372 2020; x_wconf 82' lang='grc' dir='ltr'>ὃτι</span> <span class='ocrx_word' id='word_1_690' title='bbox 382 1994 432 2020; x_wconf 75' lang='grc' dir='ltr'>οὐκ</span> <span class='ocrx_word' id='word_1_691' title='bbox 446 1993 504 2020; x_wconf 72' lang='grc' dir='ltr'>ἐστι</span> <span class='ocrx_word' id='word_1_692' title='bbox 515 1994 618 2029; x_wconf 79' lang='grc' dir='ltr'>κτίσμα</span> <span class='ocrx_word' id='word_1_693' title='bbox 627 1995 642 2020; x_wconf 89' lang='lat'><strong>6</strong></span> <span class='ocrx_word' id='word_1_694' title='bbox 655 1994 717 2025; x_wconf 79' lang='grc' dir='ltr'><strong>Υἱὸς</strong></span> <span class='ocrx_word' id='word_1_695' title='bbox 729 1994 776 2020; x_wconf 79' lang='grc' dir='ltr'>τοῦ</span> <span class='ocrx_word' id='word_1_696' title='bbox 787 1993 866 2020; x_wconf 85' lang='grc' dir='ltr'><strong>Θεοῦ.</strong></span> 
     </span>
    </p>
   </div>
   <div class='ocr_carea' id='block_1_77' title="bbox 919 1990 1707 2029">
    <p class='ocr_par' dir='ltr' id='par_1_77' title="bbox 919 1990 1707 2027">
     <span class='ocr_line' id='line_1_77' title="bbox 919 1990 1707 2027; baseline 0.003 -10"><span class='ocrx_word' id='word_1_697' title='bbox 919 1990 982 2017; x_wconf 87' lang='lat' dir='ltr'><strong>licet</strong></span> <span class='ocrx_word' id='word_1_698' title='bbox 1004 1991 1168 2026; x_wconf 81' lang='lat' dir='ltr'><strong>perspicere,</strong></span> <span class='ocrx_word' id='word_1_699' title='bbox 1191 1991 1397 2027; x_wconf 87' lang='lat' dir='ltr'><strong>intelligereque</strong></span> <span class='ocrx_word' id='word_1_700' title='bbox 1411 1991 1509 2019; x_wconf 83' lang='lat' dir='ltr'><strong>Filium</strong></span> <span class='ocrx_word' id='word_1_701' title='bbox 1525 1991 1572 2019; x_wconf 90' lang='lat' dir='ltr'><strong>Dei</strong></span> <span class='ocrx_word' id='word_1_702' title='bbox 1584 1996 1707 2019; x_wconf 89' lang='lat' dir='ltr'><strong>creatum</strong></span> 
     </span>
    </p>
   </div>
   <div class='ocr_carea' id='block_1_78' title="bbox 80 2036 868 2075">
    <p class='ocr_par' dir='ltr' id='par_1_78' title="bbox 80 2037 867 2075">
     <span class='ocr_line' id='line_1_78' title="bbox 80 2037 867 2075; baseline 0.003 -11"><span class='ocrx_word' id='word_1_703' title='bbox 80 2037 107 2064; x_wconf 89' lang='lat'><strong>&#39;0</strong></span> <span class='ocrx_word' id='word_1_704' title='bbox 122 2040 168 2074; x_wconf 80' lang='grc' dir='ltr'>μὲν</span> <span class='ocrx_word' id='word_1_705' title='bbox 185 2039 242 2074; x_wconf 70' lang='grc'><strong>(52)</strong></span> <span class='ocrx_word' id='word_1_706' title='bbox 255 2039 312 2075; x_wconf 83' lang='grc' dir='ltr'><strong>γὰρ</strong></span> <span class='ocrx_word' id='word_1_707' title='bbox 329 2039 395 2070; x_wconf 80' lang='grc' dir='ltr'>Υἱὸς</span> <span class='ocrx_word' id='word_1_708' title='bbox 411 2039 496 2074; x_wconf 76' lang='grc' dir='ltr'>λέγει,</span> <span class='ocrx_word' id='word_1_709' title='bbox 519 2039 590 2074; x_wconf 79' lang='grc' dir='ltr'><strong>Ἐγὼ</strong></span> <span class='ocrx_word' id='word_1_710' title='bbox 609 2039 658 2066; x_wconf 73' lang='grc' dir='ltr'>καὶ</span> <span class='ocrx_word' id='word_1_711' title='bbox 683 2041 699 2066; x_wconf 84' lang='grc' dir='ltr'><strong><em>ό</em></strong></span> <span class='ocrx_word' id='word_1_712' title='bbox 716 2040 817 2074; x_wconf 81' lang='grc' dir='ltr'>Πατὴρ</span> <span class='ocrx_word' id='word_1_713' title='bbox 832 2039 867 2066; x_wconf 76' lang='grc' dir='ltr'>ἓν</span> 
     </span>
    </p>
   </div>
   <div class='ocr_carea' id='block_1_79' title="bbox 919 2036 1708 2075">
    <p class='ocr_par' dir='ltr' id='par_1_79' title="bbox 919 2036 1708 2072">
     <span class='ocr_line' id='line_1_79' title="bbox 919 2036 1708 2072; baseline 0.001 -9"><span class='ocrx_word' id='word_1_714' title='bbox 919 2036 1032 2064; x_wconf 90' lang='lat' dir='ltr'><strong>minime</strong></span> <span class='ocrx_word' id='word_1_715' title='bbox 1051 2044 1122 2064; x_wconf 89' lang='lat' dir='ltr'><strong>esse.</strong></span> <span class='ocrx_word' id='word_1_716' title='bbox 1143 2036 1287 2064; x_wconf 84' lang='lat' dir='ltr'><strong>Enimvero</strong></span> <span class='ocrx_word' id='word_1_717' title='bbox 1306 2037 1392 2065; x_wconf 87' lang='lat' dir='ltr'><strong>Filius</strong></span> <span class='ocrx_word' id='word_1_718' title='bbox 1405 2037 1488 2069; x_wconf 87' lang='lat' dir='ltr'><strong>dicit,</strong></span> <span class='ocrx_word' id='word_1_719' title='bbox 1505 2036 1561 2072; x_wconf 86' lang='lat' dir='ltr'><strong>Ego</strong></span> <span class='ocrx_word' id='word_1_720' title='bbox 1579 2042 1603 2064; x_wconf 87' lang='lat' dir='ltr'><strong>et</strong></span> <span class='ocrx_word' id='word_1_721' title='bbox 1625 2036 1708 2064; x_wconf 79' lang='lat' dir='ltr'><strong>Pater</strong></span> 
     </span>
    </p>
   </div>
   <div class='ocr_carea' id='block_1_80' title="bbox 74 2082 868 2119">
    <p class='ocr_par' dir='ltr' id='par_1_80' title="bbox 74 2082 868 2119">
     <span class='ocr_line' id='line_1_80' title="bbox 74 2082 868 2119; baseline 0.003 -10"><span class='ocrx_word' id='word_1_722' title='bbox 74 2082 178 2118; x_wconf 77' lang='grc' dir='ltr'>ἐσμεν·</span> <span class='ocrx_word' id='word_1_723' title='bbox 191 2085 255 2116; x_wconf 76' lang='grc' dir='ltr'>καὶ,</span> <span class='ocrx_word' id='word_1_724' title='bbox 279 2084 350 2119; x_wconf 69' lang='grc' dir='ltr'><strong>Ἐγὼ</strong></span> <span class='ocrx_word' id='word_1_725' title='bbox 374 2084 409 2110; x_wconf 76' lang='grc' dir='ltr'>ἐν</span> <span class='ocrx_word' id='word_1_726' title='bbox 433 2084 473 2117; x_wconf 84' lang='grc' dir='ltr'>τῷ</span> <span class='ocrx_word' id='word_1_727' title='bbox 483 2086 585 2119; x_wconf 65' lang='lat' dir='ltr'><strong>Harp).</strong></span> <span class='ocrx_word' id='word_1_728' title='bbox 605 2085 653 2112; x_wconf 77' lang='grc' dir='ltr'>καὶ</span> <span class='ocrx_word' id='word_1_729' title='bbox 671 2087 688 2112; x_wconf 85' lang='grc' dir='ltr'><em>ό</em></span> <span class='ocrx_word' id='word_1_730' title='bbox 712 2085 813 2119; x_wconf 79' lang='grc' dir='ltr'>Πατὴρ</span> <span class='ocrx_word' id='word_1_731' title='bbox 833 2085 868 2112; x_wconf 80' lang='grc' dir='ltr'>ἐν</span> 
     </span>
    </p>
   </div>
   <div class='ocr_carea' id='block_1_81' title="bbox 919 2082 1705 2119">
    <p class='ocr_par' dir='ltr' id='par_1_81' title="bbox 923 2083 1705 2118">
     <span class='ocr_line' id='line_1_81' title="bbox 923 2083 1705 2118; baseline 0.003 -9"><span class='ocrx_word' id='word_1_732' title='bbox 923 2091 1004 2109; x_wconf 86' lang='lat' dir='ltr'><strong>unum</strong></span> <span class='ocrx_word' id='word_1_733' title='bbox 1018 2091 1108 2110; x_wconf 77' lang='lat' dir='ltr'><strong>sumus</strong></span> <span class='ocrx_word' id='word_1_734' title='bbox 1122 2083 1155 2115; x_wconf 79' lang='lat'><strong>“,</strong></span> <span class='ocrx_word' id='word_1_735' title='bbox 1169 2087 1204 2115; x_wconf 86' lang='lat' dir='ltr'><strong>et,</strong></span> <span class='ocrx_word' id='word_1_736' title='bbox 1218 2083 1273 2118; x_wconf 80' lang='lat' dir='ltr'><strong>Ego</strong></span> <span class='ocrx_word' id='word_1_737' title='bbox 1288 2084 1315 2110; x_wconf 84' lang='lat' dir='ltr'><strong>in</strong></span> <span class='ocrx_word' id='word_1_738' title='bbox 1330 2083 1422 2116; x_wconf 82' lang='lat' dir='ltr'><strong>Patre,</strong></span> <span class='ocrx_word' id='word_1_739' title='bbox 1434 2088 1458 2110; x_wconf 82' lang='lat' dir='ltr'><strong>et</strong></span> <span class='ocrx_word' id='word_1_740' title='bbox 1466 2083 1547 2110; x_wconf 85' lang='lat' dir='ltr'><strong>Pater</strong></span> <span class='ocrx_word' id='word_1_741' title='bbox 1558 2083 1586 2110; x_wconf 73' lang='lat' dir='ltr'><strong>in</strong></span> <span class='ocrx_word' id='word_1_742' title='bbox 1597 2091 1636 2110; x_wconf 88' lang='lat' dir='ltr'><strong>me</strong></span> <span class='ocrx_word' id='word_1_743' title='bbox 1648 2089 1705 2111; x_wconf 79' lang='lat' dir='ltr'><strong>est:</strong></span> 
     </span>
    </p>
   </div>
   <div class='ocr_carea' id='block_1_82' title="bbox 73 2128 868 2166">
    <p class='ocr_par' dir='ltr' id='par_1_82' title="bbox 73 2129 866 2166">
     <span class='ocr_line' id='line_1_82' title="bbox 73 2129 866 2166; baseline 0 -10"><span class='ocrx_word' id='word_1_744' title='bbox 73 2129 149 2164; x_wconf 73' lang='grc' dir='ltr'>ἐμοὶ·</span> <span class='ocrx_word' id='word_1_745' title='bbox 167 2131 201 2157; x_wconf 82' lang='grc' dir='ltr'><strong>τὰ</strong></span> <span class='ocrx_word' id='word_1_746' title='bbox 215 2131 244 2157; x_wconf 76' lang='grc' dir='ltr'>δὲ</span> <span class='ocrx_word' id='word_1_747' title='bbox 258 2130 372 2165; x_wconf 79' lang='grc' dir='ltr'>γενητὰ,</span> <span class='ocrx_word' id='word_1_748' title='bbox 389 2131 428 2156; x_wconf 77' lang='grc' dir='ltr'><strong>ὅτ’</strong></span> <span class='ocrx_word' id='word_1_749' title='bbox 447 2130 479 2156; x_wconf 80' lang='grc' dir='ltr'>ἂν</span> <span class='ocrx_word' id='word_1_750' title='bbox 491 2131 642 2166; x_wconf 78' lang='grc' dir='ltr'>προκύπτῃ.</span> <span class='ocrx_word' id='word_1_751' title='bbox 653 2130 813 2166; x_wconf 77' lang='grc' dir='ltr'>πρόσκειται</span> <span class='ocrx_word' id='word_1_752' title='bbox 827 2130 866 2165; x_wconf 86' lang='grc' dir='ltr'>τῷ</span> 
     </span>
    </p>
   </div>
   <div class='ocr_carea' id='block_1_83' title="bbox 919 2128 1705 2166">
    <p class='ocr_par' dir='ltr' id='par_1_83' title="bbox 921 2128 1705 2164">
     <span class='ocr_line' id='line_1_83' title="bbox 921 2128 1705 2164; baseline 0.003 -10"><span class='ocrx_word' id='word_1_753' title='bbox 921 2135 966 2155; x_wconf 86' lang='lat' dir='ltr'><strong>res</strong></span> <span class='ocrx_word' id='word_1_754' title='bbox 982 2133 1071 2155; x_wconf 91' lang='lat' dir='ltr'><strong>autem</strong></span> <span class='ocrx_word' id='word_1_755' title='bbox 1089 2128 1167 2156; x_wconf 60' lang='lat' dir='ltr'><strong>factae</strong></span> <span class='ocrx_word' id='word_1_756' title='bbox 1180 2137 1241 2156; x_wconf 88' lang='lat' dir='ltr'><strong>eum</strong></span> <span class='ocrx_word' id='word_1_757' title='bbox 1259 2129 1412 2164; x_wconf 85' lang='lat' dir='ltr'><strong>proﬁciunt,</strong></span> <span class='ocrx_word' id='word_1_758' title='bbox 1427 2128 1542 2156; x_wconf 91' lang='lat' dir='ltr'><strong>Domino</strong></span> <span class='ocrx_word' id='word_1_759' title='bbox 1555 2128 1705 2156; x_wconf 69' lang='lat' dir='ltr'><strong>adhaerent.</strong></span> 
     </span>
    </p>
   </div>
   <div class='ocr_carea' id='block_1_84' title="bbox 74 2172 868 2212">
    <p class='ocr_par' dir='ltr' id='par_1_84' title="bbox 74 2175 863 2212">
     <span class='ocr_line' id='line_1_84' title="bbox 74 2175 863 2212; baseline 0 -10"><span class='ocrx_word' id='word_1_760' title='bbox 74 2176 173 2212; x_wconf 83' lang='grc' dir='ltr'>Κυρίῳ.</span> <span class='ocrx_word' id='word_1_761' title='bbox 193 2177 223 2204; x_wconf 84' lang='grc' dir='ltr'>Ὀ</span> <span class='ocrx_word' id='word_1_762' title='bbox 242 2176 294 2212; x_wconf 81' lang='grc' dir='ltr'>μὲν</span> <span class='ocrx_word' id='word_1_763' title='bbox 310 2176 365 2212; x_wconf 78' lang='grc' dir='ltr'><strong>γὰρ</strong></span> <span class='ocrx_word' id='word_1_764' title='bbox 393 2176 488 2210; x_wconf 81' lang='grc' dir='ltr'>Λόγος,</span> <span class='ocrx_word' id='word_1_765' title='bbox 506 2176 544 2208; x_wconf 82' lang='grc' dir='ltr'><strong>ὡς</strong></span> <span class='ocrx_word' id='word_1_766' title='bbox 561 2176 634 2208; x_wconf 76' lang='grc' dir='ltr'>ἴδιος,</span> <span class='ocrx_word' id='word_1_767' title='bbox 654 2177 683 2202; x_wconf 87' lang='grc' dir='ltr'>ὲν</span> <span class='ocrx_word' id='word_1_768' title='bbox 713 2175 752 2211; x_wconf 86' lang='grc' dir='ltr'>τῷ</span> <span class='ocrx_word' id='word_1_769' title='bbox 776 2176 863 2211; x_wconf 83' lang='grc' dir='ltr'>Πατρί</span> 
     </span>
    </p>
   </div>
   <div class='ocr_carea' id='block_1_85' title="bbox 919 2172 1704 2212">
    <p class='ocr_par' dir='ltr' id='par_1_85' title="bbox 919 2172 1704 2209">
     <span class='ocr_line' id='line_1_85' title="bbox 919 2172 1704 2209; baseline 0.003 -9"><span class='ocrx_word' id='word_1_770' title='bbox 919 2172 1020 2208; x_wconf 86' lang='lat' dir='ltr'><strong>Nempe</strong></span> <span class='ocrx_word' id='word_1_771' title='bbox 1032 2172 1162 2206; x_wconf 86' lang='lat' dir='ltr'><strong>Verbum,</strong></span> <span class='ocrx_word' id='word_1_772' title='bbox 1179 2179 1307 2209; x_wconf 90' lang='lat' dir='ltr'><strong>tanquam</strong></span> <span class='ocrx_word' id='word_1_773' title='bbox 1327 2174 1466 2209; x_wconf 90' lang='lat' dir='ltr'><strong>proprium</strong></span> <span class='ocrx_word' id='word_1_774' title='bbox 1478 2194 1485 2207; x_wconf 92' lang='lat'><strong>,</strong></span> <span class='ocrx_word' id='word_1_775' title='bbox 1500 2179 1542 2202; x_wconf 88' lang='lat' dir='ltr'><strong>est</strong></span> <span class='ocrx_word' id='word_1_776' title='bbox 1558 2175 1584 2201; x_wconf 93' lang='lat' dir='ltr'><strong>in</strong></span> <span class='ocrx_word' id='word_1_777' title='bbox 1602 2174 1681 2202; x_wconf 89' lang='lat' dir='ltr'><strong>Patre</strong></span> <span class='ocrx_word' id='word_1_778' title='bbox 1697 2185 1704 2202; x_wconf 93' lang='lat'>:</span> 
     </span>
    </p>
   </div>
   <div class='ocr_carea' id='block_1_86' title="bbox 74 2218 868 2257">
    <p class='ocr_par' dir='ltr' id='par_1_86' title="bbox 74 2221 860 2257">
     <span class='ocr_line' id='line_1_86' title="bbox 74 2221 860 2257; baseline 0 -10"><span class='ocrx_word' id='word_1_779' title='bbox 74 2222 127 2247; x_wconf 73' lang='grc' dir='ltr'>ἔστι</span> <span class='ocrx_word' id='word_1_780' title='bbox 137 2229 143 2236; x_wconf 78' lang='lat'>&#39;</span> <span class='ocrx_word' id='word_1_781' title='bbox 158 2221 192 2248; x_wconf 78' lang='grc' dir='ltr'>τὰ</span> <span class='ocrx_word' id='word_1_782' title='bbox 202 2222 230 2248; x_wconf 81' lang='grc' dir='ltr'><strong>δὲ</strong></span> <span class='ocrx_word' id='word_1_783' title='bbox 245 2221 359 2257; x_wconf 78' lang='grc' dir='ltr'>γενητὰ,</span> <span class='ocrx_word' id='word_1_784' title='bbox 371 2221 470 2253; x_wconf 78' lang='grc' dir='ltr'>ἔξωθεν</span> <span class='ocrx_word' id='word_1_785' title='bbox 487 2221 561 2253; x_wconf 75' lang='grc' dir='ltr'>ὄντα,</span> <span class='ocrx_word' id='word_1_786' title='bbox 576 2221 748 2256; x_wconf 78' lang='grc' dir='ltr'>πρόσκειται,</span> <span class='ocrx_word' id='word_1_787' title='bbox 765 2221 804 2252; x_wconf 85' lang='grc' dir='ltr'><strong>ὡς</strong></span> <span class='ocrx_word' id='word_1_788' title='bbox 827 2223 860 2257; x_wconf 81' lang='grc' dir='ltr'>τῇ</span> 
     </span>
    </p>
   </div>
   <div class='ocr_carea' id='block_1_87' title="bbox 919 2218 1705 2257">
    <p class='ocr_par' dir='ltr' id='par_1_87' title="bbox 919 2218 1705 2254">
     <span class='ocr_line' id='line_1_87' title="bbox 919 2218 1705 2254; baseline 0.001 -8"><span class='ocrx_word' id='word_1_789' title='bbox 919 2224 946 2247; x_wconf 83' lang='lat' dir='ltr'><strong>at</strong></span> <span class='ocrx_word' id='word_1_790' title='bbox 962 2227 1007 2246; x_wconf 87' lang='lat' dir='ltr'><strong>res</strong></span> <span class='ocrx_word' id='word_1_791' title='bbox 1030 2218 1118 2252; x_wconf 68' lang='lat' dir='ltr'><strong>iactae,</strong></span> <span class='ocrx_word' id='word_1_792' title='bbox 1133 2223 1229 2254; x_wconf 87' lang='lat' dir='ltr'><strong>utpote</strong></span> <span class='ocrx_word' id='word_1_793' title='bbox 1244 2227 1305 2253; x_wconf 68' lang='lat' dir='ltr'><strong>quae</strong></span> <span class='ocrx_word' id='word_1_794' title='bbox 1317 2220 1485 2248; x_wconf 83' lang='lat' dir='ltr'><strong>extrinsecus</strong></span> <span class='ocrx_word' id='word_1_795' title='bbox 1498 2221 1642 2252; x_wconf 85' lang='lat' dir='ltr'><strong>exsistunt,</strong></span> <span class='ocrx_word' id='word_1_796' title='bbox 1656 2220 1705 2247; x_wconf 90' lang='lat' dir='ltr'><strong>ad-</strong></span> 
     </span>
    </p>
   </div>
   <div class='ocr_carea' id='block_1_88' title="bbox 75 2264 868 2303">
    <p class='ocr_par' dir='ltr' id='par_1_88' title="bbox 75 2266 858 2303">
     <span class='ocr_line' id='line_1_88' title="bbox 75 2266 858 2303; baseline 0 -9"><span class='ocrx_word' id='word_1_797' title='bbox 75 2266 120 2302; x_wconf 65' lang='grc' dir='ltr'>μὲν</span> <span class='ocrx_word' id='word_1_798' title='bbox 132 2267 210 2302; x_wconf 79' lang='grc' dir='ltr'>φύσει</span> <span class='ocrx_word' id='word_1_799' title='bbox 226 2267 369 2303; x_wconf 81' lang='grc' dir='ltr'>ἀλλότρια,</span> <span class='ocrx_word' id='word_1_800' title='bbox 384 2268 417 2302; x_wconf 77' lang='grc' dir='ltr'>τῇ</span> <span class='ocrx_word' id='word_1_801' title='bbox 435 2267 463 2293; x_wconf 85' lang='grc' dir='ltr'><strong>δὲ</strong></span> <span class='ocrx_word' id='word_1_802' title='bbox 486 2267 645 2303; x_wconf 80' lang='grc' dir='ltr'>προαιρέσει</span> <span class='ocrx_word' id='word_1_803' title='bbox 663 2267 858 2302; x_wconf 81' lang='grc' dir='ltr'>προσκείμενα.</span> 
     </span>
    </p>
   </div>
   <div class='ocr_carea' id='block_1_89' title="bbox 919 2264 1706 2303">
    <p class='ocr_par' dir='ltr' id='par_1_89' title="bbox 919 2264 1706 2299">
     <span class='ocr_line' id='line_1_89' title="bbox 919 2264 1706 2299; baseline 0.003 -8"><span class='ocrx_word' id='word_1_804' title='bbox 919 2265 1017 2292; x_wconf 71' lang='lat' dir='ltr'><strong>luerent</strong></span> <span class='ocrx_word' id='word_1_805' title='bbox 1039 2273 1046 2291; x_wconf 91' lang='lat'>:</span> <span class='ocrx_word' id='word_1_806' title='bbox 1071 2264 1201 2292; x_wconf 91' lang='lat' dir='ltr'><strong>nimirum</strong></span> <span class='ocrx_word' id='word_1_807' title='bbox 1226 2271 1323 2293; x_wconf 89' lang='lat' dir='ltr'><strong>natura</strong></span> <span class='ocrx_word' id='word_1_808' title='bbox 1347 2266 1442 2293; x_wconf 71' lang='lat' dir='ltr'><strong>alienae</strong></span> <span class='ocrx_word' id='word_1_809' title='bbox 1466 2270 1540 2299; x_wconf 86' lang='lat' dir='ltr'><strong>sunt,</strong></span> <span class='ocrx_word' id='word_1_810' title='bbox 1566 2266 1706 2294; x_wconf 82' lang='lat' dir='ltr'><strong>voluntate</strong></span> 
     </span>
    </p>
   </div>
   <div class='ocr_carea' id='block_1_90' title="bbox 105 2345 1702 2381">
    <p class='ocr_par' dir='ltr' id='par_1_90' title="bbox 105 2345 1702 2381">
     <span class='ocr_line' id='line_1_90' title="bbox 105 2345 1702 2381; baseline -0.002 -6"><span class='ocrx_word' id='word_1_811' title='bbox 105 2346 127 2362; x_wconf 77' lang='lat'><strong>&quot;</strong></span> <span class='ocrx_word' id='word_1_812' title='bbox 145 2347 225 2375; x_wconf 85' lang='lat' dir='ltr'><strong>Joan.</strong></span> <span class='ocrx_word' id='word_1_813' title='bbox 247 2356 270 2380; x_wconf 88' lang='grc' dir='ltr'>ι,</span> <span class='ocrx_word' id='word_1_814' title='bbox 292 2348 320 2376; x_wconf 81' lang='lat'><strong><em>5.</em></strong></span> <span class='ocrx_word' id='word_1_815' title='bbox 356 2348 378 2364; x_wconf 81' lang='grc'><em>³⁸</em></span> <span class='ocrx_word' id='word_1_816' title='bbox 399 2347 470 2375; x_wconf 83' lang='lat' dir='ltr'><strong>Psal.</strong></span> <span class='ocrx_word' id='word_1_817' title='bbox 490 2356 553 2381; x_wconf 86' lang='lat' dir='ltr'><strong>cm,</strong></span> <span class='ocrx_word' id='word_1_818' title='bbox 575 2348 620 2376; x_wconf 61' lang='lat'><strong><em>26.</em></strong></span> <span class='ocrx_word' id='word_1_819' title='bbox 660 2349 682 2365; x_wconf 82' lang='lat'>&quot;</span> <span class='ocrx_word' id='word_1_820' title='bbox 700 2348 779 2377; x_wconf 74' lang='lat' dir='ltr'><strong>Joan.</strong></span> <span class='ocrx_word' id='word_1_821' title='bbox 801 2356 827 2380; x_wconf 90' lang='lat' dir='ltr'><strong>I,</strong></span> <span class='ocrx_word' id='word_1_822' title='bbox 849 2349 892 2376; x_wconf 75' lang='grc'><strong>14.</strong></span> <span class='ocrx_word' id='word_1_823' title='bbox 932 2348 954 2363; x_wconf 92' lang='grc'><strong>³⁷</strong></span> <span class='ocrx_word' id='word_1_824' title='bbox 973 2346 1053 2375; x_wconf 83' lang='lat' dir='ltr'><strong>Joan.</strong></span> <span class='ocrx_word' id='word_1_825' title='bbox 1075 2355 1138 2379; x_wconf 79' lang='lat' dir='ltr'><strong>xiv,</strong></span> <span class='ocrx_word' id='word_1_826' title='bbox 1158 2347 1200 2374; x_wconf 85' lang='lat' dir='ltr'><strong>l0.</strong></span> <span class='ocrx_word' id='word_1_827' title='bbox 1239 2347 1260 2362; x_wconf 79' lang='grc'><strong>³⁸</strong></span> <span class='ocrx_word' id='word_1_828' title='bbox 1281 2345 1352 2374; x_wconf 75' lang='lat' dir='ltr'><strong>Psal.</strong></span> <span class='ocrx_word' id='word_1_829' title='bbox 1372 2354 1476 2378; x_wconf 84' lang='lat' dir='ltr'><strong>cxvm,</strong></span> <span class='ocrx_word' id='word_1_830' title='bbox 1497 2347 1542 2374; x_wconf 81' lang='lat' dir='ltr'><strong>9i.</strong></span> <span class='ocrx_word' id='word_1_831' title='bbox 1581 2347 1603 2362; x_wconf 86' lang='grc'><em>³³</em></span> <span class='ocrx_word' id='word_1_832' title='bbox 1623 2345 1702 2373; x_wconf 86' lang='lat' dir='ltr'><strong>Deut.</strong></span> 
     </span>
    </p>
   </div>
   <div class='ocr_carea' id='block_1_91' title="bbox 71 2382 433 2416">
    <p class='ocr_par' dir='ltr' id='par_1_91' title="bbox 71 2382 433 2416">
     <span class='ocr_line' id='line_1_91' title="bbox 71 2382 433 2416; baseline 0 -7"><span class='ocrx_word' id='word_1_833' title='bbox 71 2389 107 2414; x_wconf 86' lang='lat' dir='ltr'><strong>tv,</strong></span> <span class='ocrx_word' id='word_1_834' title='bbox 125 2383 151 2410; x_wconf 76' lang='grc' dir='ltr'>ι.</span> <span class='ocrx_word' id='word_1_835' title='bbox 194 2383 218 2399; x_wconf 65' lang='grc'>⁸⁸</span> <span class='ocrx_word' id='word_1_836' title='bbox 237 2382 320 2411; x_wconf 78' lang='lat' dir='ltr'><strong>Joan.</strong></span> <span class='ocrx_word' id='word_1_837' title='bbox 342 2391 370 2416; x_wconf 84' lang='lat' dir='ltr'><strong>x,</strong></span> <span class='ocrx_word' id='word_1_838' title='bbox 387 2383 433 2411; x_wconf 75' lang='lat'><strong>30.</strong></span> 
     </span>
    </p>
   </div>
   <div class='ocr_carea' id='block_1_92' title="bbox 910 2461 1704 2503">
    <p class='ocr_par' dir='ltr' id='par_1_92' title="bbox 910 2461 1704 2503">
     <span class='ocr_line' id='line_1_92' title="bbox 910 2461 1704 2503; baseline -0.006 -7"><span class='ocrx_word' id='word_1_839' title='bbox 910 2469 985 2499; x_wconf 88' lang='lat' dir='ltr'><strong>hunc</strong></span> <span class='ocrx_word' id='word_1_840' title='bbox 1001 2468 1093 2496; x_wconf 90' lang='lat' dir='ltr'><strong>locum</strong></span> <span class='ocrx_word' id='word_1_841' title='bbox 1107 2475 1250 2503; x_wconf 83' lang='lat' dir='ltr'><strong>perperam</strong></span> <span class='ocrx_word' id='word_1_842' title='bbox 1268 2467 1399 2495; x_wconf 83' lang='lat' dir='ltr'><strong>intellexit</strong></span> <span class='ocrx_word' id='word_1_843' title='bbox 1412 2466 1544 2498; x_wconf 79' lang='lat' dir='ltr'><strong>Nannius,</strong></span> <span class='ocrx_word' id='word_1_844' title='bbox 1555 2465 1634 2503; x_wconf 74' lang='lat' dir='ltr'><strong>cujus</strong></span> <span class='ocrx_word' id='word_1_845' title='bbox 1646 2461 1704 2492; x_wconf 55' lang='lat' dir='ltr'><strong>haec</strong></span> 
     </span>
    </p>
   </div>
   <div class='ocr_carea' id='block_1_93' title="bbox 911 2500 1704 2534">
    <p class='ocr_par' dir='ltr' id='par_1_93' title="bbox 911 2500 1704 2534">
     <span class='ocr_line' id='line_1_93' title="bbox 911 2500 1704 2534; baseline -0.008 -3"><span class='ocrx_word' id='word_1_846' title='bbox 911 2510 953 2531; x_wconf 80' lang='lat' dir='ltr'><strong>est</strong></span> <span class='ocrx_word' id='word_1_847' title='bbox 968 2504 1057 2531; x_wconf 85' lang='lat' dir='ltr'><strong>versio</strong></span> <span class='ocrx_word' id='word_1_848' title='bbox 1079 2500 1240 2530; x_wconf 53' lang='lat' dir='ltr'><strong>in&#39;editione</strong></span> <span class='ocrx_word' id='word_1_849' title='bbox 1261 2503 1394 2530; x_wconf 82' lang='lat' dir='ltr'><strong>Commel.</strong></span> <span class='ocrx_word' id='word_1_850' title='bbox 1408 2511 1415 2529; x_wconf 90' lang='lat'><strong>:</strong></span> <span class='ocrx_word' id='word_1_851' title='bbox 1429 2502 1505 2534; x_wconf 80' lang='lat' dir='ltr'><strong>Quod</strong></span> <span class='ocrx_word' id='word_1_852' title='bbox 1523 2503 1546 2528; x_wconf 79' lang='lat' dir='ltr'><strong>si</strong></span> <span class='ocrx_word' id='word_1_853' title='bbox 1565 2500 1632 2527; x_wconf 85' lang='lat' dir='ltr'><strong>illud</strong></span> <span class='ocrx_word' id='word_1_854' title='bbox 1652 2508 1704 2526; x_wconf 80' lang='lat' dir='ltr'><strong>non</strong></span> 
     </span>
    </p>
   </div>
   <div class='ocr_carea' id='block_1_94' title="bbox 912 2535 1704 2571">
    <p class='ocr_par' dir='ltr' id='par_1_94' title="bbox 912 2535 1704 2571">
     <span class='ocr_line' id='line_1_94' title="bbox 912 2535 1704 2571; baseline -0.004 -6"><span class='ocrx_word' id='word_1_855' title='bbox 912 2539 1048 2570; x_wconf 79' lang='lat' dir='ltr'><strong>admittes,</strong></span> <span class='ocrx_word' id='word_1_856' title='bbox 1065 2538 1163 2565; x_wconf 75' lang='lat' dir='ltr'><strong>ewdem</strong></span> <span class='ocrx_word' id='word_1_857' title='bbox 1183 2539 1367 2565; x_wconf 65' lang='lat' dir='ltr'><strong>contrauersim</strong></span> <span class='ocrx_word' id='word_1_858' title='bbox 1383 2537 1533 2570; x_wconf 76' lang='lat' dir='ltr'><strong>similesque</strong></span> <span class='ocrx_word' id='word_1_859' title='bbox 1548 2535 1704 2571; x_wconf 80' lang='lat' dir='ltr'><strong>importuni-</strong></span> 
     </span>
    </p>
   </div>
   <div class='ocr_carea' id='block_1_95' title="bbox 913 2570 1704 2608">
    <p class='ocr_par' dir='ltr' id='par_1_95' title="bbox 913 2570 1704 2608">
     <span class='ocr_line' id='line_1_95' title="bbox 913 2570 1704 2608; baseline -0.005 -8"><span class='ocrx_word' id='word_1_860' title='bbox 913 2578 980 2600; x_wconf 84' lang='lat' dir='ltr'><strong>tates</strong></span> <span class='ocrx_word' id='word_1_861' title='bbox 1005 2573 1203 2608; x_wconf 81' lang='lat' dir='ltr'><strong>impudentibus</strong></span> <span class='ocrx_word' id='word_1_862' title='bbox 1221 2574 1276 2600; x_wconf 71' lang='lat' dir='ltr'><strong>illis</strong></span> <span class='ocrx_word' id='word_1_863' title='bbox 1298 2578 1443 2600; x_wconf 81' lang='lat' dir='ltr'><strong>occurrent.</strong></span> <span class='ocrx_word' id='word_1_864' title='bbox 1471 2571 1527 2598; x_wconf 84' lang='lat' dir='ltr'><strong>Nos</strong></span> <span class='ocrx_word' id='word_1_865' title='bbox 1553 2576 1641 2598; x_wconf 83' lang='lat' dir='ltr'><strong>autem</strong></span> <span class='ocrx_word' id='word_1_866' title='bbox 1660 2570 1704 2608; x_wconf 76' lang='lat' dir='ltr'><strong>qui</strong></span> 
     </span>
    </p>
   </div>
   <div class='ocr_carea' id='block_1_96' title="bbox 912 2606 1703 2643">
    <p class='ocr_par' dir='ltr' id='par_1_96' title="bbox 912 2606 1703 2643">
     <span class='ocr_line' id='line_1_96' title="bbox 912 2606 1703 2643; baseline -0.005 -8"><span class='ocrx_word' id='word_1_867' title='bbox 912 2609 967 2636; x_wconf 85' lang='lat' dir='ltr'><strong>Deo</strong></span> <span class='ocrx_word' id='word_1_868' title='bbox 992 2606 1108 2643; x_wconf 75' lang='lat' dir='ltr'><strong>appositi</strong></span> <span class='ocrx_word' id='word_1_869' title='bbox 1130 2609 1281 2642; x_wconf 78' lang='lat' dir='ltr'><strong>addictique</strong></span> <span class='ocrx_word' id='word_1_870' title='bbox 1297 2616 1388 2635; x_wconf 79' lang='lat' dir='ltr'><strong>sumus</strong></span> <span class='ocrx_word' id='word_1_871' title='bbox 1402 2627 1409 2639; x_wconf 89' lang='lat'><strong>,</strong></span> <span class='ocrx_word' id='word_1_872' title='bbox 1427 2615 1577 2643; x_wconf 72' lang='lat' dir='ltr'><strong>quaramus</strong></span> <span class='ocrx_word' id='word_1_873' title='bbox 1597 2614 1654 2643; x_wconf 74' lang='lat' dir='ltr'><strong>eum</strong></span> <span class='ocrx_word' id='word_1_874' title='bbox 1676 2606 1703 2632; x_wconf 82' lang='lat' dir='ltr'><strong>in</strong></span> 
     </span>
    </p>
   </div>
   <div class='ocr_carea' id='block_1_97' title="bbox 913 2641 1703 2679">
    <p class='ocr_par' dir='ltr' id='par_1_97' title="bbox 913 2641 1703 2679">
     <span class='ocr_line' id='line_1_97' title="bbox 913 2641 1703 2679; baseline -0.004 -8"><span class='ocrx_word' id='word_1_875' title='bbox 913 2645 961 2671; x_wconf 77' lang='lat' dir='ltr'><strong>hoc</strong></span> <span class='ocrx_word' id='word_1_876' title='bbox 985 2641 1042 2679; x_wconf 63' lang='lat' dir='ltr'><strong>ipso</strong></span> <span class='ocrx_word' id='word_1_877' title='bbox 1058 2644 1111 2670; x_wconf 83' lang='lat' dir='ltr'><strong>die.</strong></span> <span class='ocrx_word' id='word_1_878' title='bbox 1133 2644 1160 2670; x_wconf 94' lang='lat' dir='ltr'><strong>In</strong></span> <span class='ocrx_word' id='word_1_879' title='bbox 1186 2644 1248 2671; x_wconf 82' lang='lat' dir='ltr'><strong>aliis</strong></span> <span class='ocrx_word' id='word_1_880' title='bbox 1266 2645 1329 2670; x_wconf 88' lang='lat' dir='ltr'><strong>item</strong></span> <span class='ocrx_word' id='word_1_881' title='bbox 1347 2641 1585 2679; x_wconf 14' lang='lat' dir='ltr'><strong>editiornibus‘non</strong></span> <span class='ocrx_word' id='word_1_882' title='bbox 1610 2641 1703 2679; x_wconf 82' lang='lat' dir='ltr'><strong>minus</strong></span> 
     </span>
    </p>
   </div>
   <div class='ocr_carea' id='block_1_98' title="bbox 915 2676 1702 2710">
    <p class='ocr_par' dir='ltr' id='par_1_98' title="bbox 915 2676 1702 2710">
     <span class='ocr_line' id='line_1_98' title="bbox 915 2676 1702 2710; baseline -0.006 -4"><span class='ocrx_word' id='word_1_883' title='bbox 915 2680 985 2706; x_wconf 89' lang='lat' dir='ltr'><strong>male</strong></span> <span class='ocrx_word' id='word_1_884' title='bbox 996 2676 1170 2706; x_wconf 79' lang='lat' dir='ltr'><strong>emendatum</strong></span> <span class='ocrx_word' id='word_1_885' title='bbox 1185 2685 1226 2706; x_wconf 84' lang='lat' dir='ltr'><strong>est</strong></span> <span class='ocrx_word' id='word_1_886' title='bbox 1240 2679 1290 2705; x_wconf 86' lang='lat' dir='ltr'><strong>hoc</strong></span> <span class='ocrx_word' id='word_1_887' title='bbox 1303 2679 1384 2706; x_wconf 88' lang='lat' dir='ltr'><strong>modo</strong></span> <span class='ocrx_word' id='word_1_888' title='bbox 1399 2686 1406 2704; x_wconf 72' lang='grc' dir='ltr'>ς</span> <span class='ocrx_word' id='word_1_889' title='bbox 1419 2677 1494 2710; x_wconf 81' lang='lat' dir='ltr'><strong>Quod</strong></span> <span class='ocrx_word' id='word_1_890' title='bbox 1507 2677 1530 2703; x_wconf 69' lang='lat' dir='ltr'><strong>si</strong></span> <span class='ocrx_word' id='word_1_891' title='bbox 1547 2676 1625 2706; x_wconf 76' lang='lat' dir='ltr'><strong>illud,</strong></span> <span class='ocrx_word' id='word_1_892' title='bbox 1638 2681 1702 2706; x_wconf 54' lang='lat' dir='ltr'><strong>etin,</strong></span> 
     </span>
    </p>
   </div>
   <div class='ocr_carea' id='block_1_99' title="bbox 912 2711 1703 2749">
    <p class='ocr_par' dir='ltr' id='par_1_99' title="bbox 912 2711 1703 2749">
     <span class='ocr_line' id='line_1_99' title="bbox 912 2711 1703 2749; baseline -0.004 -8"><span class='ocrx_word' id='word_1_893' title='bbox 912 2715 1108 2749; x_wconf 78' lang='lat' dir='ltr'><strong>impudentibus</strong></span> <span class='ocrx_word' id='word_1_894' title='bbox 1126 2714 1185 2740; x_wconf 73' lang='lat' dir='ltr'><strong>istis</strong></span> <span class='ocrx_word' id='word_1_895' title='bbox 1201 2718 1338 2740; x_wconf 80' lang='lat' dir='ltr'><strong>occurrent</strong></span> <span class='ocrx_word' id='word_1_896' title='bbox 1351 2733 1358 2746; x_wconf 94' lang='lat'><strong>,</strong></span> <span class='ocrx_word' id='word_1_897' title='bbox 1375 2721 1407 2740; x_wconf 74' lang='lat' dir='ltr'><strong>ea:</strong></span> <span class='ocrx_word' id='word_1_898' title='bbox 1421 2713 1468 2739; x_wconf 81' lang='lat' dir='ltr'><strong>illo</strong></span> <span class='ocrx_word' id='word_1_899' title='bbox 1484 2711 1678 2738; x_wconf 69' lang='lat' dir='ltr'><strong>Deuti-ronnmii</strong></span> <span class='ocrx_word' id='word_1_900' title='bbox 1692 2718 1703 2738; x_wconf 91' lang='lat'><strong><em>:</em></strong></span> 
     </span>
    </p>
   </div>
   <div class='ocr_carea' id='block_1_100' title="bbox 916 2748 1704 2784">
    <p class='ocr_par' dir='ltr' id='par_1_100' title="bbox 916 2748 1704 2784">
     <span class='ocr_line' id='line_1_100' title="bbox 916 2748 1704 2784; baseline -0.003 -9"><span class='ocrx_word' id='word_1_901' title='bbox 916 2748 968 2777; x_wconf 76' lang='lat' dir='ltr'><strong>Vos</strong></span> <span class='ocrx_word' id='word_1_902' title='bbox 985 2755 1077 2776; x_wconf 83' lang='lat' dir='ltr'><strong>autem</strong></span> <span class='ocrx_word' id='word_1_903' title='bbox 1090 2749 1136 2784; x_wconf 90' lang='lat' dir='ltr'><strong>qui</strong></span> <span class='ocrx_word' id='word_1_904' title='bbox 1155 2749 1209 2777; x_wconf 81' lang='lat' dir='ltr'><strong>Deo</strong></span> <span class='ocrx_word' id='word_1_905' title='bbox 1226 2750 1342 2784; x_wconf 75' lang='lat' dir='ltr'><strong>appositi</strong></span> <span class='ocrx_word' id='word_1_906' title='bbox 1355 2748 1508 2782; x_wconf 77' lang='lat' dir='ltr'><strong>addictique</strong></span> <span class='ocrx_word' id='word_1_907' title='bbox 1529 2749 1594 2774; x_wconf 75' lang='lat' dir='ltr'><strong>estis</strong></span> <span class='ocrx_word' id='word_1_908' title='bbox 1605 2767 1612 2780; x_wconf 91' lang='lat'><strong>,</strong></span> <span class='ocrx_word' id='word_1_909' title='bbox 1629 2753 1704 2780; x_wconf 75' lang='lat' dir='ltr'><strong>qua:-</strong></span> 
     </span>
    </p>
   </div>
   <div class='ocr_carea' id='block_1_101' title="bbox 913 2784 1296 2818">
    <p class='ocr_par' dir='ltr' id='par_1_101' title="bbox 913 2784 1296 2818">
     <span class='ocr_line' id='line_1_101' title="bbox 913 2784 1296 2818; baseline -0.005 -6"><span class='ocrx_word' id='word_1_910' title='bbox 913 2785 965 2812; x_wconf 78' lang='lat' dir='ltr'><strong>rite</strong></span> <span class='ocrx_word' id='word_1_911' title='bbox 980 2793 1042 2812; x_wconf 74' lang='lat' dir='ltr'><strong>eum</strong></span> <span class='ocrx_word' id='word_1_912' title='bbox 1060 2784 1086 2811; x_wconf 91' lang='lat' dir='ltr'><strong>in</strong></span> <span class='ocrx_word' id='word_1_913' title='bbox 1103 2785 1154 2811; x_wconf 88' lang='lat' dir='ltr'><strong>hoc</strong></span> <span class='ocrx_word' id='word_1_914' title='bbox 1170 2785 1228 2818; x_wconf 80' lang='lat' dir='ltr'><strong>ipso</strong></span> <span class='ocrx_word' id='word_1_915' title='bbox 1244 2785 1296 2811; x_wconf 87' lang='lat' dir='ltr'><strong>die.</strong></span> 
     </span>
    </p>
   </div>
   <div class='ocr_carea' id='block_1_102' title="bbox 948 2815 1703 2855">
    <p class='ocr_par' dir='ltr' id='par_1_102' title="bbox 948 2815 1703 2855">
     <span class='ocr_line' id='line_1_102' title="bbox 948 2815 1703 2855; baseline -0.005 -9"><span class='ocrx_word' id='word_1_916' title='bbox 948 2820 1004 2853; x_wconf 72' lang='grc'><strong>(52)</strong></span> <span class='ocrx_word' id='word_1_917' title='bbox 1027 2819 1070 2846; x_wconf 88' lang='lat' dir='ltr'><strong>Sic</strong></span> <span class='ocrx_word' id='word_1_918' title='bbox 1094 2819 1158 2854; x_wconf 77' lang='lat' dir='ltr'><strong>Reg.</strong></span> <span class='ocrx_word' id='word_1_919' title='bbox 1180 2815 1205 2846; x_wconf 74' lang='lat' dir='ltr'><strong>et</strong></span> <span class='ocrx_word' id='word_1_920' title='bbox 1231 2821 1342 2855; x_wconf 58' lang='grc' dir='ltr'><strong>δέδηεν.</strong></span> <span class='ocrx_word' id='word_1_921' title='bbox 1366 2819 1397 2846; x_wconf 71' lang='lat' dir='ltr'><strong>At</strong></span> <span class='ocrx_word' id='word_1_922' title='bbox 1424 2818 1467 2846; x_wconf 73' lang='lat' dir='ltr'><strong>alii</strong></span> <span class='ocrx_word' id='word_1_923' title='bbox 1489 2823 1515 2844; x_wconf 79' lang='lat' dir='ltr'><strong>ct</strong></span> <span class='ocrx_word' id='word_1_924' title='bbox 1535 2817 1617 2848; x_wconf 77' lang='lat' dir='ltr'><strong>editi,</strong></span> <span class='ocrx_word' id='word_1_925' title='bbox 1653 2815 1703 2850; x_wconf 80' lang='grc' dir='ltr'>μέν</span> 
     </span>
    </p>
   </div>
   <div class='ocr_carea' id='block_1_103' title="bbox 913 2860 1050 2883">
    <p class='ocr_par' dir='ltr' id='par_1_103' title="bbox 913 2860 1050 2883">
     <span class='ocr_line' id='line_1_103' title="bbox 913 2860 1050 2883; baseline -0.007 0"><span class='ocrx_word' id='word_1_926' title='bbox 913 2860 1050 2883; x_wconf 80' lang='grc' dir='ltr'>οιιηιιιιιιῐ.</span> 
     </span>
    </p>
   </div>
   <div class='ocr_carea' id='block_1_104' title="bbox 104 2467 857 2511">
    <p class='ocr_par' dir='ltr' id='par_1_104' title="bbox 104 2467 857 2511">
     <span class='ocr_line' id='line_1_104' title="bbox 104 2467 857 2511; baseline 0.004 -18"><span class='ocrx_word' id='word_1_927' title='bbox 180 2468 227 2496; x_wconf 91' lang='lat' dir='ltr'><strong>Sic</strong></span> <span class='ocrx_word' id='word_1_928' title='bbox 239 2468 355 2511; x_wconf 34' lang='lat' dir='ltr'><strong>‘Regiu&#39;s‘.</strong></span> <span class='ocrx_word' id='word_1_929' title='bbox 371 2469 484 2511; x_wconf 76' lang='lat' dir='ltr'><strong>Seguer.</strong></span> <span class='ocrx_word' id='word_1_930' title='bbox 499 2468 582 2511; x_wconf 83' lang='lat' dir='ltr'><strong>Basil.</strong></span> <span class='ocrx_word' id='word_1_931' title='bbox 599 2472 626 2496; x_wconf 84' lang='lat' dir='ltr'><strong>et</strong></span> <span class='ocrx_word' id='word_1_932' title='bbox 641 2468 747 2504; x_wconf 76' lang='lat' dir='ltr'><strong>Anglic.</strong></span> <span class='ocrx_word' id='word_1_933' title='bbox 760 2469 795 2496; x_wconf 87' lang='lat' dir='ltr'><strong>At</strong></span> <span class='ocrx_word' id='word_1_934' title='bbox 811 2469 857 2496; x_wconf 88' lang='lat' dir='ltr'><strong>alii</strong></span> 
     </span>
    </p>
   </div>
   <div class='ocr_carea' id='block_1_105' title="bbox 70 2503 549 2535">
    <p class='ocr_par' dir='ltr' id='par_1_105' title="bbox 70 2503 549 2535">
     <span class='ocr_line' id='line_1_105' title="bbox 70 2503 549 2535; baseline 0.008 -7"><span class='ocrx_word' id='word_1_935' title='bbox 70 2507 95 2529; x_wconf 84' lang='lat' dir='ltr'><strong>et</strong></span> <span class='ocrx_word' id='word_1_936' title='bbox 107 2503 181 2535; x_wconf 84' lang='lat' dir='ltr'><strong>editi,</strong></span> <span class='ocrx_word' id='word_1_937' title='bbox 202 2505 251 2530; x_wconf 66' lang='grc' dir='ltr'>καὶ</span> <span class='ocrx_word' id='word_1_938' title='bbox 268 2503 364 2531; x_wconf 78' lang='grc' dir='ltr'><strong>Δαὸίδ·</strong></span> <span class='ocrx_word' id='word_1_939' title='bbox 381 2503 481 2535; x_wconf 77' lang='grc' dir='ltr'>πάντα,</span> <span class='ocrx_word' id='word_1_940' title='bbox 497 2509 549 2532; x_wconf 84' lang='lat' dir='ltr'><strong>etc.</strong></span> 
     </span>
    </p>
   </div>
   <div class='ocr_carea' id='block_1_106' title="bbox 104 2537 858 2576">
    <p class='ocr_par' dir='ltr' id='par_1_106' title="bbox 104 2537 858 2576">
     <span class='ocr_line' id='line_1_106' title="bbox 104 2537 858 2576; baseline 0.003 -12"><span class='ocrx_word' id='word_1_941' title='bbox 104 2537 166 2576; x_wconf 47' lang='lat'><strong>(2:11</strong></span> <span class='ocrx_word' id='word_1_942' title='bbox 169 2538 228 2576; x_wconf 90' lang='lat' dir='ltr'><strong>_Sic</strong></span> <span class='ocrx_word' id='word_1_943' title='bbox 246 2539 315 2576; x_wconf 63' lang='lat' dir='ltr'><strong>Reg.</strong></span> <span class='ocrx_word' id='word_1_944' title='bbox 331 2539 445 2575; x_wconf 78' lang='lat' dir='ltr'><strong>Seguer.</strong></span> <span class='ocrx_word' id='word_1_945' title='bbox 461 2540 545 2568; x_wconf 88' lang='lat' dir='ltr'><strong>Basil.</strong></span> <span class='ocrx_word' id='word_1_946' title='bbox 560 2539 667 2576; x_wconf 84' lang='lat' dir='ltr'><strong>Anglic.</strong></span> <span class='ocrx_word' id='word_1_947' title='bbox 684 2539 718 2567; x_wconf 87' lang='lat' dir='ltr'><strong>At</strong></span> <span class='ocrx_word' id='word_1_948' title='bbox 733 2539 858 2571; x_wconf 87' lang='lat' dir='ltr'><strong>Gobler.,</strong></span> 
     </span>
    </p>
   </div>
   <div class='ocr_carea' id='block_1_107' title="bbox 70 2567 284 2608">
    <p class='ocr_par' dir='ltr' id='par_1_107' title="bbox 70 2567 284 2608">
     <span class='ocr_line' id='line_1_107' title="bbox 70 2567 284 2608; baseline 0.019 -11"><span class='ocrx_word' id='word_1_949' title='bbox 70 2567 141 2608; x_wconf 45' lang='lat' dir='ltr'><strong>5E6</strong></span> <span class='ocrx_word' id='word_1_950' title='bbox 153 2567 284 2608; x_wconf 78' lang='grc' dir='ltr'>Χριστός.</span> 
     </span>
    </p>
   </div>
   <div class='ocr_carea' id='block_1_108' title="bbox 102 2606 656 2645">
    <p class='ocr_par' dir='ltr' id='par_1_108' title="bbox 102 2606 656 2645">
     <span class='ocr_line' id='line_1_108' title="bbox 102 2606 656 2645; baseline 0.004 -10"><span class='ocrx_word' id='word_1_951' title='bbox 102 2606 159 2645; x_wconf 64' lang='lat' dir='ltr'><strong>(gs)</strong></span> <span class='ocrx_word' id='word_1_952' title='bbox 174 2606 292 2645; x_wconf 56' lang='lat' dir='ltr'><strong>poltler.</strong></span> <span class='ocrx_word' id='word_1_953' title='bbox 308 2614 335 2638; x_wconf 87' lang='lat' dir='ltr'><strong>et</strong></span> <span class='ocrx_word' id='word_1_954' title='bbox 347 2610 439 2639; x_wconf 80' lang='lat' dir='ltr'><strong>Felck.</strong></span> <span class='ocrx_word' id='word_1_955' title='bbox 454 2610 481 2641; x_wconf 77' lang='grc' dir='ltr'><strong>Ι,</strong></span> <span class='ocrx_word' id='word_1_956' title='bbox 502 2610 656 2645; x_wconf 85' lang='grc' dir='ltr'>γενόμενος.</span> 
     </span>
    </p>
   </div>
   <div class='ocr_carea' id='block_1_109' title="bbox 103 2642 858 2687">
    <p class='ocr_par' dir='ltr' id='par_1_109' title="bbox 103 2642 858 2687">
     <span class='ocr_line' id='line_1_109' title="bbox 103 2642 858 2687; baseline 0.003 -17"><span class='ocrx_word' id='word_1_957' title='bbox 173 2642 514 2687; x_wconf 44' lang='lat' dir='ltr'><strong>Regias.fSeguer._.[§asil.&#39;</strong></span> <span class='ocrx_word' id='word_1_958' title='bbox 523 2650 550 2674; x_wconf 90' lang='lat' dir='ltr'><strong>et</strong></span> <span class='ocrx_word' id='word_1_959' title='bbox 560 2642 678 2682; x_wconf 85' lang='lat' dir='ltr'><strong>Anglic.,</strong></span> <span class='ocrx_word' id='word_1_960' title='bbox 693 2642 769 2687; x_wconf 62' lang='grc' dir='ltr'>οὗτος</span> <span class='ocrx_word' id='word_1_961' title='bbox 785 2645 858 2678; x_wconf 85' lang='grc' dir='ltr'>Υἱός.</span> 
     </span>
    </p>
   </div>
   <div class='ocr_carea' id='block_1_110' title="bbox 70 2676 470 2713">
    <p class='ocr_par' dir='ltr' id='par_1_110' title="bbox 70 2676 470 2713">
     <span class='ocr_line' id='line_1_110' title="bbox 70 2676 470 2713; baseline 0.01 -9"><span class='ocrx_word' id='word_1_962' title='bbox 70 2676 120 2704; x_wconf 71' lang='lat' dir='ltr'><strong>Alii</strong></span> <span class='ocrx_word' id='word_1_963' title='bbox 136 2676 163 2706; x_wconf 78' lang='lat' dir='ltr'><strong>et</strong></span> <span class='ocrx_word' id='word_1_964' title='bbox 179 2676 258 2709; x_wconf 79' lang='lat' dir='ltr'><strong>editi.</strong></span> <span class='ocrx_word' id='word_1_965' title='bbox 275 2676 351 2713; x_wconf 72' lang='grc' dir='ltr'>οὖτοξ</span> <span class='ocrx_word' id='word_1_966' title='bbox 366 2682 380 2708; x_wconf 90' lang='lat'><strong>6</strong></span> <span class='ocrx_word' id='word_1_967' title='bbox 396 2682 470 2713; x_wconf 68' lang='grc' dir='ltr'><strong>Υἱός.</strong></span> 
     </span>
    </p>
   </div>
   <div class='ocr_carea' id='block_1_111' title="bbox 102 2713 862 2752">
    <p class='ocr_par' dir='ltr' id='par_1_111' title="bbox 102 2713 862 2752">
     <span class='ocr_line' id='line_1_111' title="bbox 102 2713 862 2752; baseline 0.004 -12"><span class='ocrx_word' id='word_1_968' title='bbox 102 2713 157 2749; x_wconf 77' lang='grc'>(50)</span> <span class='ocrx_word' id='word_1_969' title='bbox 175 2713 290 2752; x_wconf 63' lang='grc' dir='ltr'>σουιετ,</span> <span class='ocrx_word' id='word_1_970' title='bbox 306 2721 333 2743; x_wconf 86' lang='lat' dir='ltr'><strong>et</strong></span> <span class='ocrx_word' id='word_1_971' title='bbox 350 2715 441 2744; x_wconf 83' lang='lat' dir='ltr'><strong>Fclck.</strong></span> <span class='ocrx_word' id='word_1_972' title='bbox 465 2717 492 2748; x_wconf 84' lang='lat' dir='ltr'><strong>l,</strong></span> <span class='ocrx_word' id='word_1_973' title='bbox 515 2716 530 2742; x_wconf 91' lang='lat'><strong>6</strong></span> <span class='ocrx_word' id='word_1_974' title='bbox 549 2716 625 2749; x_wconf 84' lang='grc' dir='ltr'>Θεός.</span> <span class='ocrx_word' id='word_1_975' title='bbox 641 2716 702 2744; x_wconf 86' lang='lat' dir='ltr'><strong>Mox</strong></span> <span class='ocrx_word' id='word_1_976' title='bbox 718 2715 820 2752; x_wconf 79' lang='lat' dir='ltr'><strong>Regius</strong></span> <span class='ocrx_word' id='word_1_977' title='bbox 834 2720 862 2744; x_wconf 84' lang='lat' dir='ltr'><strong>et.</strong></span> 
     </span>
    </p>
   </div>
   <div class='ocr_carea' id='block_1_112' title="bbox 71 2745 512 2788">
    <p class='ocr_par' dir='ltr' id='par_1_112' title="bbox 71 2745 512 2788">
     <span class='ocr_line' id='line_1_112' title="bbox 71 2745 512 2788; baseline 0.009 -14"><span class='ocrx_word' id='word_1_978' title='bbox 71 2745 296 2788; x_wconf 39' lang='grc' dir='ltr'><strong>δρῆυψῚ-αὺεαὶ</strong></span> <span class='ocrx_word' id='word_1_979' title='bbox 309 2751 338 2778; x_wconf 89' lang='grc' dir='ltr'><strong>αι</strong></span> <span class='ocrx_word' id='word_1_980' title='bbox 354 2745 512 2788; x_wconf 63' lang='grc' dir='ltr'>ὲρῳτήσειξ.</span> 
     </span>
    </p>
   </div>
   <div class='ocr_carea' id='block_1_113' title="bbox 102 2784 860 2820">
    <p class='ocr_par' dir='ltr' id='par_1_113' title="bbox 102 2784 860 2820">
     <span class='ocr_line' id='line_1_113' title="bbox 102 2784 860 2820; baseline 0.003 -9"><span class='ocrx_word' id='word_1_981' title='bbox 102 2785 156 2818; x_wconf 80' lang='grc'><strong>(51)</strong></span> <span class='ocrx_word' id='word_1_982' title='bbox 178 2784 226 2813; x_wconf 89' lang='lat' dir='ltr'><strong>Sic</strong></span> <span class='ocrx_word' id='word_1_983' title='bbox 253 2784 473 2820; x_wconf 72' lang='lat' dir='ltr'><strong>Seguer.&#39;Basil.</strong></span> <span class='ocrx_word' id='word_1_984' title='bbox 498 2786 616 2820; x_wconf 58' lang='lat' dir='ltr'><strong>Anglic,</strong></span> <span class='ocrx_word' id='word_1_985' title='bbox 644 2791 672 2814; x_wconf 88' lang='lat' dir='ltr'><strong>ut</strong></span> <span class='ocrx_word' id='word_1_986' title='bbox 694 2791 721 2815; x_wconf 85' lang='lat' dir='ltr'><strong>et.</strong></span> <span class='ocrx_word' id='word_1_987' title='bbox 746 2786 860 2814; x_wconf 88' lang='lat' dir='ltr'><strong>habetur</strong></span> 
     </span>
    </p>
   </div>
   <div class='ocr_carea' id='block_1_114' title="bbox 70 2816 857 2856">
    <p class='ocr_par' dir='ltr' id='par_1_114' title="bbox 70 2816 857 2856">
     <span class='ocr_line' id='line_1_114' title="bbox 70 2816 857 2856; baseline 0.004 -11"><span class='ocrx_word' id='word_1_988' title='bbox 70 2816 211 2848; x_wconf 28' lang='lat' dir='ltr'><strong>Dente-ron.</strong></span> <span class='ocrx_word' id='word_1_989' title='bbox 229 2829 267 2851; x_wconf 84' lang='lat' dir='ltr'><strong>Iv,</strong></span> <span class='ocrx_word' id='word_1_990' title='bbox 285 2816 309 2847; x_wconf 66' lang='grc' dir='ltr'><strong>ἱ.</strong></span> <span class='ocrx_word' id='word_1_991' title='bbox 325 2823 360 2848; x_wconf 88' lang='lat' dir='ltr'><strong>At.</strong></span> <span class='ocrx_word' id='word_1_992' title='bbox 372 2822 417 2848; x_wconf 85' lang='lat' dir='ltr'><strong>alii</strong></span> <span class='ocrx_word' id='word_1_993' title='bbox 431 2827 458 2849; x_wconf 84' lang='lat' dir='ltr'><strong>et</strong></span> <span class='ocrx_word' id='word_1_994' title='bbox 470 2816 649 2856; x_wconf 56' lang='lat' dir='ltr'><strong>Qdill,“‘i][.1(:l‘l.</strong></span> <span class='ocrx_word' id='word_1_995' title='bbox 672 2823 771 2849; x_wconf 86' lang='lat' dir='ltr'><strong>[bidem</strong></span> <span class='ocrx_word' id='word_1_996' title='bbox 790 2830 857 2849; x_wconf 83' lang='lat' dir='ltr'><strong>ntss.</strong></span> 
     </span>
    </p>
   </div>
   <div class='ocr_carea' id='block_1_115' title="bbox 70 2855 858 2892">
    <p class='ocr_par' dir='ltr' id='par_1_115' title="bbox 70 2855 858 2892">
     <span class='ocr_line' id='line_1_115' title="bbox 70 2855 858 2892; baseline 0.004 -12"><span class='ocrx_word' id='word_1_997' title='bbox 70 2862 160 2882; x_wconf 79' lang='lat' dir='ltr'><strong>nilincs</strong></span> <span class='ocrx_word' id='word_1_998' title='bbox 173 2876 180 2887; x_wconf 85' lang='lat'><strong>,</strong></span> <span class='ocrx_word' id='word_1_999' title='bbox 199 2855 277 2891; x_wconf 78' lang='grc' dir='ltr'>ζῆτε.</span> <span class='ocrx_word' id='word_1_1000' title='bbox 295 2856 365 2884; x_wconf 84' lang='lat' dir='ltr'><strong>Editi</strong></span> <span class='ocrx_word' id='word_1_1001' title='bbox 377 2877 383 2887; x_wconf 69' lang='grc' dir='ltr'>ι</span> <span class='ocrx_word' id='word_1_1002' title='bbox 402 2856 508 2892; x_wconf 74' lang='grc' dir='ltr'>ζητεῖτε</span> <span class='ocrx_word' id='word_1_1003' title='bbox 521 2877 528 2889; x_wconf 83' lang='grc'><em>,</em></span> <span class='ocrx_word' id='word_1_1004' title='bbox 547 2855 625 2884; x_wconf 69' lang='lat' dir='ltr'><strong>male.</strong></span> <span class='ocrx_word' id='word_1_1005' title='bbox 645 2857 742 2885; x_wconf 82' lang='lat' dir='ltr'><strong>Totum</strong></span> <span class='ocrx_word' id='word_1_1006' title='bbox 769 2863 858 2884; x_wconf 77' lang='lat' dir='ltr'><strong>autent</strong></span> 
     </span>
    </p>
   </div>
  </div>
