1964 3038
90 154 140 181 47-!
637 153 768 181 ORATIO
789 153 822 180 IV
841 153 982 181 CONTRA
1000 146 1169 183 annuos."
1655 153 1707 181 473

94 209 130 236 ὣν
141 211 156 236 ὁ
174 210 313 246 ἄνθρωπος
327 209 430 242 λαϐεῖν,
447 211 508 238 ὅσον
519 207 586 246 ἧκεν
606 211 646 242 εἰς
658 211 708 247 τὴν
724 210 807 237 αὑτοῦ
825 210 869 245 φύ-

930 209 1047 238 Verbum
1060 219 1125 238 caro
1139 211 1238 238 factum
1253 215 1294 238 est
1309 220 1314 238 :
1332 211 1366 238 ita
1381 215 1408 238 et
1426 210 1507 237 homo
1520 217 1580 245 qum
1591 210 1705 245 accepit,

95 263 147 286 σιν,
165 256 239 291 ὅμως
253 255 294 282 διὰ
318 256 364 282 τὸν
383 256 527 291 γενόμενον
544 256 632 292 σάρκα
646 257 730 291 Λόγον
753 256 869 293 εἴληφεν.

926 264 974 291 per
988 256 1105 284 Verbum
1120 257 1232 292 accepit.
1247 256 1343 283 Omnia
1354 257 1426 283 enim
1441 264 1501 291 qua:
1520 256 1602 282 homo
1627 263 1706 292 aece;

95 301 174 327 Ὅθεν
187 301 234 328 ἐάν
246 311 270 328 τι
282 301 394 337 λέγηται
407 302 522 329 δίδοσθαι
535 302 574 337 τῷ
589 302 694 338 Κυρίῳ.
708 303 725 338 ἦ
745 311 771 329 τι
787 302 869 329 τοιοῦ-

925 303 976 337 pit,
993 302 1110 330 Verbum
1131 304 1267 337 accepisse
1278 303 1377 330 dicitur
1393 312 1398 329 :
1422 307 1450 329 ut
1475 302 1599 329 videlicet
1614 306 1706 328 osten-

91 356 146 378 τον,
166 349 234 374 νοεῖν
245 348 285 374 δεῖ
302 348 339 384 μὴ
358 349 432 384 αὐτῷ
445 349 483 380 ὡς
506 349 633 384 χρῄζοντι
656 349 772 376 δίδοσθαι
796 349 869 384 (44),

925 349 1044 381 deretur,
1059 350 1188 384 quoniam
1204 350 1284 376 homo
1299 356 1347 383 pro
1361 356 1416 375 sua:
1435 352 1538 374 naturae,
1552 347 1706 374 conditione

93 393 157 420 ἀλλὰ
169 393 207 428 τῷ
220 393 353 430 ἀνθρώπῳ
364 395 408 421 διὰ
421 395 467 421 τοῦ
484 395 579 429 Λόγου.
598 395 652 422 Καὶ
671 395 725 430 γὰρ
741 396 795 426 πᾶς
807 403 869 430 πρε-

925 395 1024 430 dignus
1039 404 1091 422 non
1111 400 1193 427 esset,
1217 395 1262 430 qui
1298 395 1341 421 illa
1358 395 1501 429 acciperet,
1518 402 1565 428 per
1586 393 1705 421 Verbum

93 437 192 463 σϐεὐων
205 438 273 473 ὑπὲρ
282 438 372 469 ἄλλον,
381 439 462 471 αὐτὸς
471 439 520 474 τὴν
527 440 606 475 χάριν
617 439 760 475 λαμὸάνει,
768 440 798 466 οὑ
810 439 869 476 χρῇ⁴

925 449 1036 469 carnem
1057 441 1169 472 factum,
1187 448 1218 467 ea
1246 441 1320 467 illum
1346 440 1492 474 accepisse.
1521 439 1654 472 Quocirca
1681 439 1704 465 si

91 484 151 516 ζων,
171 484 241 511 ἀλλὰ
251 485 295 511 διὰ
310 486 355 511 τὸν
372 486 440 522 ὑπὲρ
457 483 487 512 οὗ
506 487 661 522 πρεσϐεύει.

928 487 993 523 quid
1006 487 1122 514 Domino
1136 487 1228 514 datum
1239 494 1309 518 esse,
1324 486 1365 513 vel
1393 486 1494 520 aliquid
1516 485 1704 520 hujuscemodi

89 530 195 562 dicitur,
211 531 413 566 intelligendum
429 536 469 558 est
483 539 536 559 non
552 532 578 559 ei
596 536 725 567 tanquam
740 531 871 568 indigenti
888 531 976 560 fuisse
1000 533 1104 564 datum,
1133 532 1180 558 sed
1198 531 1301 558 homini
1323 539 1370 565 per
1391 530 1478 565 ipsum
1500 529 1628 557 Verbum.
1643 528 1706 555 Ete-

89 576 142 603 nim
158 576 284 611 quisquis
297 584 347 611 pro
362 576 416 603 alio
430 576 580 610 intercedit,
600 578 716 612 gratiam
742 577 800 612 ipse
821 576 932 612 accipit,
949 584 1002 604 non
1024 577 1088 612 quia
1101 575 1230 612 indigeat,
1245 576 1292 603 sed
1312 579 1420 610 propter
1437 575 1512 602 illum
1530 574 1608 610 cujus
1621 581 1704 602 causa

89 621 239 648 intercedit.

121 668 146 694 7.
166 667 273 703 Ὥσπερ
286 668 340 703 γὰρ
354 667 404 699 τὰς
417 667 560 700 ἀσθενείας
575 667 631 703 (45)
646 669 662 704 ὴ
667 668 726 704 μῶν
740 668 872 704 λαμϐάνει

87 714 134 740 οὐκ
148 712 281 745 ἀσθενῶν,
299 713 346 740 καὶ
367 714 447 748 πεινᾷ
469 713 500 739 οὑ
520 714 630 746 πεινῶν,
652 714 721 741 ἀλλά
738 714 774 741 τὰ
793 713 871 749 ἡμῶν

87 759 243 794 ἀναπέμπει
261 759 300 790 εἰς
314 759 346 785 τὸ
362 758 570 794 ἐξαλειφθῆναι·
588 758 660 786 οὕτω
678 759 728 791 τὰς
743 760 803 786 ἀντὶ
817 759 872 787 τῶν

87 804 230 831 ἀσθενειῶν
319 804 395 840 παρὰ
405 803 471 830 Θεοῦ
486 804 592 840 δωρεὰς
609 804 690 831 πάλιν
706 805 787 836 αὐτὸς
800 804 872 839 δέχε-

85 859 137 882 ται,
149 851 193 877 ῐνα
207 851 355 885 συναφθεὶς
369 851 510 886 ἄνθρωπος
526 851 687 886 μεταλαϐεῖν
701 850 811 886 δυνηθῇ.
825 850 871 877 Λέ-

85 903 126 929 γει
143 894 207 929 γοῦν
226 896 242 922 ό
269 895 386 930 Κύριος·
411 895 514 922 Πάντα
533 896 593 922 ὅσα
605 895 736 928 δέδωκάς
745 904 807 930 μοι,
825 894 871 921 δέ-

86 939 162 966 δωκα
188 939 310 972 αὐτοῖς·
337 940 383 966 καὶ
412 940 512 973 πάλιν,
536 939 620 974 ’Υπὲρ
641 939 741 967 αὐτῶν
764 939 868 974 ἐρωτῶ.

91 985 197 1021 Ἦρώτα
213 986 271 1021 γὰρ
285 985 355 1021 ὑπὲρ
372 985 450 1021 ἡμῶν
464 986 498 1012 τά
511 986 589 1022 ἡμῶν
606 986 809 1021 ἀναδεχόμενος,
824 986 871 1013 καὶ

86 1030 168 1057 ἐδίδου
184 1031 201 1057 ἃ
217 1031 382 1066 ἐλάμϐανεν.
404 1031 512 1066 Ἐπειδὴ
534 1029 581 1058 οὖν
592 1052 600 1064 ,
623 1032 802 1066 συναφθέντος
817 1031 870 1066 ίτοῦ

85 1076 169 1110 Λόγου
185 1077 225 1111 τῷ
242 1077 390 1112 ἀνθρώπῳ,
413 1078 453 1109 εἰς
468 1077 514 1103 τὸν
527 1077 612 1111 Λόγον
632 1077 791 1104 ἀποϐλέπων
807 1079 870 1113 ἐχα-

88 1123 172 1157 ρίζετο
185 1123 199 1148 ὀ
216 1122 313 1158 Πατὴρ
327 1122 365 1157 τῷ
379 1122 514 1158 ἀνθρώπῳ
527 1122 557 1149 τὸ
578 1122 728 1158 ὑψωθῆναι,
749 1123 779 1149 τὸ
798 1122 871 1158 ἔχειν

88 1167 172 1193 πᾶσαν
196 1166 335 1199 ἐξουσίαν,
358 1167 405 1193 καὶ
421 1167 471 1192 ὅσα
492 1166 603 1193 τοιαῦτα
614 1175 621 1181 '
636 1166 681 1192 διὰ
697 1166 775 1192 τοῦτο
796 1166 870 1202 αὺτῷ

87 1212 122 1247 τῷ
135 1213 211 1247 Λόγῳ
229 1212 323 1239 πάντα
339 1212 575 1248 ἀναφέρεταιωιαὶ
591 1212 628 1243 ὡς
648 1212 723 1247 αὐτῷ
744 1212 870 1247 διδόμενά

87 1259 166 1291 ἐστιν,
190 1259 208 1285 ἂ
225 1259 263 1285 δι’
280 1258 362 1285 αὑτοῦ
387 1259 466 1293 ἡμεῖς
490 1258 673 1294 λαμϐάνομεν.
696 1259 739 1290 Ὠς
759 1259 812 1294 γὰρ
837 1258 869 1285 δι’

87 1305 157 1339 ἡμᾶς
181 1304 394 1340 ἑνηνθριὶιπησεν
416 1304 497 1336 αὐτὸς
509 1325 516 1337 ,
535 1304 621 1336 οὕτως
642 1305 722 1340 ἡμεῖς
739 1304 774 1330 δι’
790 1304 870 1331 αὑτὸν

87 1350 232 1386 ὑψοὺμεθα.
261 1350 343 1377 Οὐδὲν
363 1348 408 1376 οὖν
425 1350 539 1382 ἄτοπον,
561 1351 603 1382 εἰ,
625 1350 718 1386 ὥσπερ
740 1350 774 1376 δι’
796 1351 869 1386 ἡμᾶς

86 1395 266 1422 ἐταπείνωσεν
281 1397 386 1429 ἑαυτὸν,
404 1397 450 1423 καὶ
461 1397 493 1423 δι’
503 1397 577 1432 ἡμᾶς
591 1396 645 1432 (47)
663 1396 770 1430 λέγεται
787 1396 870 1430 ὑπερ-

88 1442 212 1476 υῷὦσθαι.
235 1442 415 1476 Ἐχηρίσατο
435 1440 481 1469 οὖν
498 1442 589 1474 αὐτῷ,
604 1442 664 1469 ἀντὶ
684 1441 742 1473 τοῦ,
758 1443 823 1477 ἡμῖν
833 1442 866 1468 δι’

86 1487 173 1519 αὐτὸν,
198 1487 244 1514 καὶ
264 1488 475 1521 ὑπερύψωσεν,
496 1487 555 1514 ἀντὶ
577 1487 634 1518 τοῦ,
650 1487 724 1523 ἡμᾶς
738 1489 766 1514 ὲν
783 1486 867 1522 αὐτῷ.
882 1502 905 1533 c

86 1534 138 1559 Καὶ
156 1533 235 1565 αὐτὸς
262 1533 290 1559 δὲ
305 1534 319 1559 ὁ
332 1533 426 1567 Λόγος,
442 1533 519 1568 ἡμῶν
535 1532 704 1568 ὑψουμένων,
728 1534 775 1560 καὶ
800 1533 870 1569 λαμ-

86 1577 224 1611 ϐανόντων,
246 1578 297 1605 καὶ
317 1578 505 1614 βοηθουμένων
518 1598 524 1610 ,
540 1578 577 1611 ὡς
595 1579 683 1611 ,αὐτὸς
707 1579 869 1614 ὕψούμενος,

87 1623 131 1649 καὶ
148 1623 306 1658 λαμϐάνων,
324 1624 370 1650 καὶ
379 1623 570 1658 βοηθούμενος,
589 1623 746 1660 εὐχαριστεῖ
760 1624 798 1660 τῷ
813 1625 870 1654 Πα-

86 1669 138 1704 τρὶ,
157 1669 191 1695 τὰ
213 1669 339 1704 ἡμέτερα
361 1670 400 1701 είς
424 1670 520 1696 ἑαυτὸν
538 1671 681 1706 ἀναφέρων
702 1671 749 1697 καὶ
771 1671 869 1705 λέγων·

85 1712 182 1739 Πάντα
197 1713 259 1740 ὅσα
274 1713 406 1746 δέδωκάς
417 1723 476 1748 μοι,
491 1714 605 1741 δέδωκα
621 1714 733 1748 αὐτοῖς.

118 1759 143 1786 8.
164 1760 194 1786 Οἱ
219 1760 288 1795 περὶ
309 1760 438 1787 Εὐσέϐιον
453 1761 477 1787 oi
493 1760 548 1796 (48)
576 1761 794 1797 ’Λρειομανῖται,
819 1762 872 1797 ἀρ-

86 1804 132 1840 χὴν
146 1805 192 1832 τοῦ
212 1803 287 1832 εἶναι
307 1805 346 1840 τῷ
364 1805 420 1841 Υἱῷ
439 1806 573 1838 διδόντες,
596 1806 807 1842 προσποιοῦνται
831 1807 869 1843 μὴ

87 1850 225 1885 βούλεσθαι
240 1851 330 1886 ἀρχὴν
342 1851 422 1878 αὐτὸν
438 1851 509 1887 ἔχειν
525 1851 672 1887 βασιλείας.
691 1853 768 1879 Ἔστι
782 1853 809 1879 δὲ
824 1861 871 1887 γε-

87 1896 162 1925 λοϊον.
183 1898 211 1924 '0
228 1897 288 1932 γὰρ
310 1897 397 1932 ἀρχὴν
418 1897 464 1923 τοῦ
480 1896 548 1924 εἶναι
563 1898 649 1929 διδοὺς
663 1898 702 1933 τῷ
718 1898 784 1934 Υἱῷ,
801 1899 869 1934 πρό»-

85 1942 168 1978 δηλον,
188 1945 229 1970 ὅτι
251 1944 302 1970 καὶ
313 1943 360 1969 τοῦ
384 1943 532 1977 βασιλεύειν
549 1942 635 1980 ἀρχὴν
653 1944 760 1971 δίδωσιν
780 1945 866 1980 αὐτῷ·

86 1988 151 2016 ὥστε
167 1988 366 2025 ὁμολογοῦντες
387 1989 402 2015 ὃ
422 1989 577 2025 ἀρνοῦνται,
596 1989 791 2024 τυφλώστουσι.
813 1991 870 2018 Καὶ

86 2035 160 2061 πάλιν
173 2036 196 2062 οἱ
211 2035 341 2069 λέγοντες
361 2035 440 2069 μόνον
462 2035 547 2070 ὄνομα
561 2033 629 2062 εἶναι
651 2035 728 2067 Υιοῦ,
746 2036 869 2063 ἀνούσιον

85 2080 164 2108 δὲκαὶ
179 2081 367 2108 ἀνυπόστατον
382 2080 450 2108 εἶναι
461 2081 506 2107 τὸν
521 2081 585 2108 Υἱὸν
596 2080 642 2108 τοῦ
655 2081 733 2113 Θεοῦ,
747 2082 868 2109 τουτέστι

86 2124 128 2150 τὸν
150 2126 234 2160 Λόγον
254 2125 304 2152 τοῦ
332 2125 439 2161 Πατρός
453 2145 460 2156 ,
477 2125 687 2161 προσποιοῦνται
712 2125 768 2155 (49‘.
782 2127 869 2161 ἀγαν-

960 667 986 693 7.
1001 665 1132 692 Nimirum
1152 664 1379 700 quemadmodum
1403 668 1512 691 nostras
1532 663 1702 691 inﬁrmitates

925 713 984 748 ipse
997 719 1051 739 non
1071 711 1195 738 inﬁrmus
1206 710 1336 745 suscepit,
1352 714 1379 737 et
1389 710 1501 737 esurivit
1513 710 1636 744 quamvis
1649 717 1703 736 non

924 757 1058 789 esuriens,
1074 760 1103 783 ut
1117 760 1211 783 nostra
1234 754 1308 782 Patri
1323 755 1440 782 oﬂ'erens
1454 754 1554 781 deleret
1568 763 1574 781 :
1593 754 1629 781 ita
1657 762 1704 786 pm

924 802 1138 834 inﬁrmitatibus,
1154 801 1226 828 dona
1251 808 1266 828 a
1290 800 1345 827 Deo
1365 799 1422 834 ipse
1446 799 1554 834 accipit,
1569 804 1598 826 ut
1623 799 1704 826 homo

925 849 975 884 ipsi
991 849 1154 884 coniunctus
1170 848 1267 875 horum
1282 847 1418 882 particeps
1434 854 1495 874 esse
1519 851 1609 881 queat.
1635 844 1705 872 Hinc

924 895 982 930 ipse
995 895 1033 922 ait
1045 904 1052 921 :
1066 893 1161 921 Omnia
1171 901 1330 929 quaecunque
1342 892 1439 920 dedisti
1454 892 1528 924 mihi,
1541 892 1601 918 dedi
1616 892 1702 918 eis“:

923 945 950 968 et
964 941 1071 972 iterum,
1089 939 1142 966 Pro
1155 939 1192 966 eis
1216 947 1278 974 roga
1293 938 1326 966 ³¹,
1353 937 1406 965 Pro
1419 937 1498 965 nobis
1515 945 1610 972 nempe
1625 944 1705 972 roga-

923 986 980 1017 bat,
997 985 1040 1012 his
1053 992 1114 1019 qua:
1130 988 1221 1011 nostra
1238 988 1302 1011 sunt
1327 983 1471 1018 susceptis,
1489 986 1516 1010 et
1533 982 1616 1009 dabat
1642 989 1704 1016 qua:

923 1031 981 1067 ipse
991 1031 1148 1065 accipiebat.
1155 1029 1288 1063 Quoniam
1300 1029 1381 1064 igitur
1390 1028 1478 1056 Verbo
1487 1028 1632 1063 conjuncto
1641 1036 1702 1055 cum

924 1077 1042 1108 homine.
1056 1076 1135 1104 Pater
1151 1080 1260 1112 propter
1271 1076 1360 1111 ipsum
1369 1074 1488 1102 Verbum
1507 1074 1610 1102 homini
1622 1074 1704 1101 dabat

923 1128 953 1151 ut
971 1124 1145 1156 exaltaretur,
1165 1131 1327 1158 omnemque
1348 1127 1508 1158 potestatem
1527 1122 1647 1154 haberet,
1677 1125 1704 1148 et

923 1169 976 1196 alia
997 1169 1153 1204 huiusmodi
1175 1179 1181 1196 :
1202 1169 1303 1196 Idcirco
1326 1169 1418 1196 omnia
1449 1168 1623 1196 ascribuntur
1651 1167 1703 1202 ipsi

926 1214 1022 1247 Verbo,
1045 1216 1088 1242 cui
1105 1218 1132 1242 ct
1154 1215 1235 1242 veluti
1263 1214 1363 1242 dantur
1386 1221 1556 1250 quaecunque
1577 1221 1627 1241 nos
1657 1221 1704 1248 per

922 1260 1011 1296 ipsum
1024 1260 1181 1295 accipimus.
1195 1260 1308 1288 Utcnim
1325 1265 1435 1295 propter
1451 1267 1501 1287 nos
1517 1259 1598 1286 homo
1615 1259 1703 1286 factus

922 1311 966 1334 est
981 1316 988 1333 :
1003 1307 1039 1334 ita
1058 1314 1108 1334 nos
1124 1312 1234 1342 propter
1259 1315 1321 1334 eum
1344 1307 1506 1334 exaltamur.
1527 1305 1598 1332 Nihil
1622 1305 1704 1340 igitur

923 1352 1032 1379 absurdi
1044 1357 1087 1380 est
1099 1352 1133 1382 si.
1150 1352 1378 1387 quemadmodum
1397 1352 1516 1386 seipsum
1533 1355 1642 1386 propter
1654 1357 1703 1376 nos

923 1398 1086 1430 humiliavit,
1105 1398 1142 1425 ila
1156 1403 1184 1425 et
1196 1402 1306 1433 propter
1317 1406 1366 1426 nos
1382 1397 1494 1425 exaltari
1519 1397 1634 1424 dicatur.
1650 1395 1704 1422 lta<

923 1451 976 1478 que
991 1443 1099 1470 donavit
1126 1443 1177 1476 illi,
1194 1443 1221 1470 id
1246 1447 1296 1474 est,
1314 1443 1393 1470 nobis
1419 1447 1529 1477 propter
1552 1443 1639 1477 ipsum
1655 1461 1662 1474 ,
1677 1445 1704 1468 et

922 1489 1059 1522 exultavit,
1077 1490 1103 1517 id
1115 1495 1166 1523 est,
1183 1497 1234 1518 nos
1259 1489 1285 1516 in
1306 1489 1375 1524 ipso.
1392 1488 1509 1516 Verbum
1525 1495 1617 1523 porro,
1641 1495 1703 1514 cum

922 1543 971 1563 nos
993 1536 1156 1567 exaltamur,
1184 1535 1343 1569 accipimus,
1364 1539 1391 1561 et
1413 1534 1574 1568 adiuvamur
1589 1554 1598 1566 ,
1623 1532 1702 1567 quasi

920 1582 1009 1618 ipsum
1023 1582 1198 1614 exaltaretur,
1214 1581 1349 1616 acciperet
1363 1585 1390 1608 et
1400 1581 1584 1615 adjuvaretur,
1601 1579 1702 1615 gratias

920 1628 976 1663 agit
990 1627 1071 1660 Patri,
1091 1631 1237 1662 nostraque
1253 1628 1279 1654 in
1298 1628 1416 1662 seipsum
1435 1625 1575 1658 transfert,
1592 1630 1619 1653 et
1638 1625 1677 1652 ait
1693 1633 1702 1652 :

923 1674 1019 1701 Omnia
1031 1681 1190 1708 quacunque
1201 1673 1299 1700 dedisti
1314 1674 1389 1707 mihi,
1411 1673 1472 1700 dedi
1485 1674 1521 1700 eis
1534 1672 1568 1700 ".

955 1762 982 1789 8.
992 1762 1096 1793 Ariani,
1113 1761 1222 1790 Eusebii
1236 1762 1367 1798 gregales,
1379 1770 1440 1790 cum
1458 1762 1528 1790 Filio
1540 1763 1702 1797 principium

920 1808 1069 1835 exsisteudi
1082 1808 1217 1841 tribuunt,
1233 1809 1362 1836 simulant
1383 1816 1412 1836 se
1440 1808 1512 1836 nolle
1539 1816 1600 1835 eum
1627 1809 1702 1842 regni

920 1853 1084 1888 principium
1097 1854 1207 1882 habere.
1219 1854 1300 1889 Atqui
1311 1855 1381 1882 istud
1396 1853 1480 1890 494
1490 1854 1633 1881 ridiculum
1645 1855 1703 1881 lue-

919 1899 963 1926 rit.
979 1898 1116 1934 Siquidem
1139 1900 1185 1934 qui
1203 1899 1273 1928 Filio
1295 1900 1341 1927 dat
1355 1899 1501 1927 exsistendi
1519 1899 1680 1933 principium
1694 1920 1701 1931 ,

919 1944 1063 1972 manifeste
1079 1944 1243 1980 principium
1260 1952 1370 1980 quoque
1384 1944 1514 1980 regnandi
1530 1944 1567 1971 illi
1588 1944 1654 1976 dat;
1670 1952 1702 1970 ac

919 1991 1033 2026 proinde
1045 1990 1155 2018 fatendo
1168 1991 1240 2025 quod
1255 1995 1365 2026 negant,
1392 1998 1422 2018 se
1444 1998 1532 2018 caecos
1558 1990 1609 2024 ipsi
1640 1997 1702 2016 esse

921 2037 1048 2071 produnt.
1064 2037 1115 2070 Qui
1134 2037 1197 2064 item
1211 2037 1289 2064 aiunt
1305 2044 1410 2065 merum
1425 2043 1524 2064 nomen
1556 2035 1616 2062 Filii
1630 2043 1701 2068 esse,

920 2082 1018 2110 Filium
1035 2087 1125 2110 autem
1140 2082 1198 2115 Dei,
1213 2082 1239 2110 id
1255 2087 1307 2115 est,
1332 2081 1451 2109 Verbum
1467 2081 1566 2115 Patris,
1585 2081 1703 2109 essentia

921 2133 948 2156 et
964 2129 1117 2156 substantia
1133 2136 1249 2156 vacuum
1265 2136 1336 2160 esse,
1349 2128 1453 2163 ﬁngunt
1474 2135 1503 2155 se
1516 2128 1647 2155 adversus
1672 2127 1705 2154 il-

87 2172 175 2197 ακτεῖν
198 2171 269 2198 κατά
289 2170 343 2197 τῶν
367 2170 509 2205 λεγόντων,
525 2169 579 2198 Ἦν
596 2179 671 2203 ποτε,
693 2171 738 2198 ὅτε
757 2173 807 2198 οὐκ
822 2170 867 2208 ἦν.

925 2174 963 2202 los
980 2174 1116 2209 indignari
1133 2175 1180 2209 qui
1203 2174 1312 2206 dicunt,
1327 2173 1390 2201 Fuit
1401 2173 1547 2208 aliquando
1562 2181 1623 2201 cum
1649 2180 1704 2200 non

88 2216 162 2243 Ἐστι
176 2217 204 2243 δὲ
218 2217 266 2243 καὶ
289 2215 369 2242 τοῦτο
393 2216 506 2250 γελοῖον.
534 2217 565 2243 Οἱ
585 2217 639 2252 γὰρ
660 2217 728 2250 ὅλως
747 2218 777 2245 τὸ
799 2216 869 2246 εἶναι

86 2263 156 2298 αὐτῷ
174 2262 210 2298 μὴ
225 2263 352 2294 διδόντες,
366 2262 549 2296 ἀγανακτοῦσι
568 2262 639 2290 κατὰ
652 2263 705 2290 τῶν
719 2264 770 2290 κάν
781 2265 869 2300 χρόνῳ

85 2309 214 2336 διδόντων.
236 2309 292 2336 Καὶ
307 2306 378 2336 οὗτοι
389 2307 435 2335 οὖν
446 2309 514 2345 ὅπερ
525 2309 679 2345 ἀρνοῦνται,
695 2310 739 2337 διὰ
749 2310 795 2337 τοῦ
808 2311 868 2337 ξιπι-

87 2357 164 2390 τιμᾷν
178 2357 235 2387 τοῖς
250 2355 352 2387 ἄλλοις,
366 2354 535 2391 ὁμολογοῦσι.
555 2355 640 2383 Πάλιν
653 2365 683 2383 τε
698 2357 722 2383 οἱ
738 2356 801 2392 περὶ
817 2357 870 2383 Εὑ-

88 2400 182 2432 σέϐιον,
206 2400 272 2427 Υἰὸν
293 2399 498 2435 ὁμολογοῦντες,
531 2400 674 2435 ἀρνοῦνται
699 2401 780 2428 αὑτὸν
801 2399 869 2428 εἶναι

87 2446 162 2480 φύσει
180 2447 277 2480 Λόγον,
293 2447 340 2473 καὶ
358 2445 418 2473 κατ’
433 2446 554 2473 ἐπίνοιαν
570 2446 655 2481 Λόγον
674 2447 802 2481 λέγεσθαι
823 2448 869 2474 τὸν

86 2491 148 2519 Υἱδν
167 2493 324 2528 βούλονταιο
348 2493 373 2519 oi
393 2493 422 2519 δὲ
439 2492 538 2528 ἕτεροι,
557 2492 643 2527 Λόγον
666 2493 868 2529 ὁμολογοῦντες,

120 2584 143 2601 ⁸⁸⁷
160 2585 239 2613 Joan.
261 2593 327 2618 xvu,
347 2586 372 2614 7.
409 2587 432 2602 "
453 2586 519 2614 ibid.
540 2586 566 2614 9.
606 2587 628 2602 "
649 2585 715 2613 ibid.
736 2585 762 2612 7.

123 2663 176 2697 (iii
198 2663 244 2690 Sic
261 2663 375 2699 Regius,
400 2664 511 2699 Seguer.
533 2668 559 2691 et
575 2663 657 2690 editio
675 2662 808 2690 Commel.
835 2662 870 2690 At

87 2699 140 2726 alii.
156 2699 289 2725 δεδόσθαι.

121 2733 175 2770 (45)
194 2734 372 2770 ᾖηθῌεοηυς.
382 2734 436 2770 (τὴν
451 2734 602 2762 ἀσθένειαν.

121 2767 174 2801 (Δῇ)
191 2767 319 2804 Sicjieg.
334 2775 360 2796 et
372 2767 482 2804 Seguer.
498 2770 533 2796 At
546 2770 591 2796 alii
606 2775 632 2797 et
647 2769 724 2802 editi,
736 2767 868 2796 ἀσθενῶν.

122 2804 176 2840 (Π)
197 2803 224 2830 lu
242 2803 306 2838 Reg:
329 2810 355 2832 et
376 2803 487 2840 Segucr.
502 2805 600 2831 destitit
615 2805 671 2833 haec
690 2805 787 2836 v:rba,
806 2804 868 2830 ἐτα-

91 2838 217 2866 πείνωσεν
234 2839 328 2866 ἑαυτὸν
341 2838 470 2868 οὖτοίκαὶ
484 2841 517 2868 δι’
533 2841 615 2875 ἡμᾶς.

922 2225 1005 2248 esset.
1020 2220 1102 2255 Atqui
1117 2220 1143 2247 id
1159 2220 1240 2247 etiam
1257 2220 1401 2247 ridiculum
1416 2224 1466 2246 est.
1482 2218 1549 2246 Nam
1565 2219 1611 2254 qui
1628 2219 1704 2246 illum

923 2274 957 2294 ne
968 2274 1028 2294 esse
1042 2266 1152 2301 quidem
1167 2266 1274 2298 volunt,
1300 2266 1354 2293 illis
1372 2266 1546 2299 succensent,
1572 2265 1618 2299 qui
1641 2271 1703 2291 eum

921 2313 1016 2340 saltem
1034 2313 1060 2340 in
1072 2319 1192 2348 tempore
1211 2320 1272 2340 esse
1292 2312 1454 2340 concedunt.
1468 2313 1559 2346 Itaque
1576 2311 1602 2338 lii
1623 2311 1703 2337 etiam

922 2358 1084 2385 conﬁtentur
1100 2358 1171 2393 quod
1186 2362 1294 2392 negant,
1315 2365 1376 2384 cum
1402 2357 1468 2384 alios
1496 2356 1702 2391 reprehendunt.

922 2401 1066 2435 Prmterea,
1076 2402 1221 2430 Eusebiani
1238 2402 1282 2437 qui
1293 2401 1392 2429 Filium
1401 2401 1574 2431 conﬁtentur,
1583 2407 1643 2426 eum
1656 2408 1704 2426 na-

923 2453 985 2476 tura
994 2448 1113 2476 Verbum
1131 2456 1192 2476 esse
1204 2453 1312 2483 negant,
1326 2448 1438 2482 solaque
1452 2446 1614 2482 cogitatione
1622 2444 1703 2471 Verbi

924 2503 1023 2524 nomen
1036 2495 1107 2522 Filio
1123 2495 1217 2522 volunt
1232 2495 1362 2522 concedi:
1380 2495 1427 2522 alii
1440 2503 1504 2522 vero
1529 2493 1575 2528 qui
1584 2492 1702 2520 Verbum

957 2662 1012 2697 (48)
1034 2662 1079 2689 Sic
1101 2662 1166 2697 Reg.
1186 2667 1213 2689 ct
1238 2661 1350 2696 Seguer.
1376 2663 1409 2688 At
1422 2663 1448 2689 in
1465 2661 1525 2689 aliis
1541 2666 1567 2689 et
1584 2662 1662 2690 editis
1676 2662 1702 2690 οἱ

919 2698 1004 2740 dfest.
1114 2698 1184 2740 Κείς..
1195 2697 1306 2740 Segiipr.
1324 2697 1522 2740 llasil.nAnglic.
1532 2717 1539 2728 .
1553 2697 1640 2740 ἀρχὴν
1653 2697 1701 2725 τοῦ

919 2731 998 2760 εἶναι,
1013 2733 1064 2759 Alii
1080 2737 1106 2760 et
1121 2731 1196 2764 editi,
1210 2731 1296 2768 ἀρχὴν
1311 2731 1390 2760 εἶναι.
1407 2732 1490 2760 Paulo
1502 2737 1562 2760 uost
1576 2731 1701 2766 segnem,

920 2768 1147 2830 ph‘ﬁpulstisaeat
1163 2768 1260 2810 ἀρχὴν,
1277 2773 1328 2808 υιεἶ

1005 2807 1010 2830 l
1032 2804 1077 2830 διε
1092 2803 1156 2830 Rea.
1175 2809 1202 2830 ct
1219 2804 1328 2830 beauert

954 2802 1010 2838 (49)
1032 2803 1077 2830 Sic
1092 2803 1156 2838 Reg.
1175 2802 1202 2830 ct
1219 2803 1374 2838 Seguerian.
1391 2802 1424 2831 At
1439 2802 1484 2830 alii
1501 2807 1528 2830 ct
1544 2803 1621 2836 editi,
1634 2810 1702 2839 προ-

919 2847 1066 2865 ποιουνται.
