1964 3038
258 128 312 158 179

544 129 574 157 3.
595 128 780 157 ATHANASll
799 129 874 157 OPP.
894 128 985 156 PARS
1004 128 1025 155 l.
1045 143 1080 149 —
1099 125 1284 154 lllSTORlCA
1302 123 1348 152 ET
1368 122 1575 152 DOGMATICA.

1814 124 1861 152 ιδυ

260 190 433 222 conﬁtentur,
449 193 549 225 negant
562 189 651 224 ipsum
667 197 728 218 esse
742 189 853 223 Filium,
866 190 979 225 solaque
991 197 1038 217 co-

1103 187 1235 223 ιρνοῦνται
1250 186 1330 212 αὑτὸν
1345 183 1413 212 εἶναι
1432 185 1506 217 Υἱὸν,
1530 185 1578 212 καὶ
1594 185 1653 211 κατ’
1669 184 1785 211 ἐπίνοιαν
1805 185 1860 211 Υιὸν

261 236 391 271 gitatione
405 242 504 262 nomen
521 235 584 269 Filii
601 235 691 263 Verbo
720 237 803 264 tribui
828 236 923 264 volunt
937 246 944 264 :
973 245 1044 265 vano

262 281 371 316 utrique
387 285 498 308 conatu.

296 327 322 355 9.
337 327 392 362 Eyo
404 332 428 354 et
444 327 527 354 Pater
537 336 618 354 unum
633 336 723 356 sumus
734 328 819 356 ".Vel
832 329 887 357 duo
897 338 945 357 vos
960 338 1045 358 unum

260 381 321 401 esse
331 373 432 405 dicitis,
444 373 485 401 vel
497 382 581 401 unum
601 374 703 410 duplici
716 376 827 403 nomine
835 381 962 404 ornatum
975 384 1046 410 esse,

260 420 303 446 vel
317 427 401 446 unum
421 419 448 447 in
463 419 517 447 duo
529 428 589 448 esse
603 420 731 449 divisum.
752 420 780 448 Si
799 429 883 449 unum
898 422 925 448 in
938 422 992 449 duo
1005 422 1048 450 di-

261 464 348 492 visum
361 468 413 497 est,
424 473 536 492 necesse
548 470 591 500 est
603 473 701 500 corpus
715 474 776 494 esse
797 467 824 493 id
842 467 915 501 quod
929 467 1047 494 divisum

260 515 314 543 est,
327 514 509 545 neutrumque
516 519 576 539 esse
583 511 744 547 perfectum.
756 512 856 548 quippe
866 520 927 539 cum
940 517 1047 540 utrum-

261 563 315 589 que
325 562 389 590 pars
401 556 446 589 sit,
461 564 515 583 non
527 564 591 584 vero
607 561 708 584 totum.
726 557 779 585 Sed
801 558 825 585 si
844 566 929 585 unum
941 563 984 586 est
997 558 1048 586 du-

262 601 325 636 plici
345 607 472 629 ornatum
489 603 600 631 nomine
614 612 620 631 :
636 603 695 632 haec
709 603 822 632 Sabellii
837 606 972 632 sententia
995 609 1048 638 est,

262 648 310 683 qui
327 647 434 676 Patrem
450 654 477 676 et
488 649 587 676 Filium
598 650 722 677 eumdem
736 658 797 678 esse
808 651 932 685 docet,et
941 656 1049 679 utrum-

263 702 316 729 que
327 694 406 725 tollit.
418 694 526 722 Patrem
549 695 670 730 quidem,
696 703 758 723 cum
771 696 858 724 Filius
871 700 914 724 est
926 705 934 729 ;
950 696 1048 724 Filium

263 747 339 773 vero,
353 747 415 767 cum
436 744 478 768 est
500 740 590 768 Pater.
606 741 683 774 Quod
698 742 722 769 si
748 742 803 769 duo
818 750 903 770 unum
919 743 985 774 sint,
1002 750 1051 770 ne-

264 793 341 813 cesse
354 790 395 813 est
410 785 472 813 illos
486 786 556 814 duos
569 787 679 822 quidem
691 795 763 821 esse,
777 796 862 816 unum
875 796 941 816 vero
952 796 1051 816 secun-

264 831 328 857 dum
342 831 522 863 divinitatem,
548 836 574 860 et
587 837 722 867 quatenus
736 833 823 861 Filius
838 833 912 862 Patri
925 838 968 862 est
983 842 1049 861 con-

1095 234 1222 268 λέγεσθαι
1249 232 1294 259 τὸν
1320 232 1406 266 Λόγον
1436 231 1592 266 βούλονται,
1621 229 1651 263 ἐξ
1680 230 1734 256 ἴσου
1765 229 1862 257 κενώα-

1095 281 1214 311 τοῧντες.
1425 291 1428 295 λ

1131 326 1157 353 9.
1169 326 1225 361 (50)
1235 325 1308 359 Ἐγὼ
1323 325 1372 351 καὶ
1385 326 1401 351 ὁ
1412 323 1513 358 Πατὴρ
1523 323 1557 350 ἓν
1563 323 1664 357 ἐσμεν.
1671 322 1711 348 Τὰ
1719 321 1763 348 δύο
1770 322 1796 348 ἓν
1806 319 1865 350 εἷναί

1097 382 1175 408 φατε,
1194 372 1210 408 ἢ
1227 371 1257 398 τὸ
1271 371 1300 398 ἒν
1316 370 1460 406 διώνυμον,
1479 370 1496 405 ἢ
1517 369 1597 395 πάλιν
1615 368 1644 395 τὸ
1660 368 1688 394 ἓν
1710 369 1747 399 εἰς
1763 367 1805 394 δύο
1818 367 1866 404 διῃ-

1099 418 1208 455 ρῆσθαι.
1232 418 1264 444 El
1283 417 1332 452 μὲν
1348 414 1394 444 οὖν
1413 415 1444 442 τὸ
1459 415 1488 442 ἒν
1503 416 1543 447 εἰς
1562 414 1608 441 δύο
1622 414 1754 450 διῄρηται.
1772 414 1866 449 ἀνάγκη
1924 441 1925 448 γ

1098 464 1178 499 σῶμα
1195 461 1264 489 εἶναι
1280 462 1311 488 τὸ
1327 461 1471 497 διαιρεθὲν,
1487 460 1534 486 καὶ
1548 459 1692 495 μηδέτερον
1704 458 1866 494 τέλειονβί),

1100 511 1182 546 μέρος
1199 509 1254 545 γὰρ
1267 508 1398 543 ἑκάτερον
1418 507 1466 533 καὶ
1481 507 1531 541 οὐχ
1549 506 1621 533 ὃλον·
1644 506 1667 532 εἰ
1689 505 1717 532 δὲ
1734 505 1803 531 τὸὲν
1817 503 1869 531 διώ-

1097 566 1192 593 νυμον,
1210 555 1356 582 Σαϐελλίου
1373 555 1404 580 τὸ
1416 553 1593 588 ἐπιτήδευμα,
1608 551 1654 578 τὸν
1667 551 1744 578 αὑτὸν
1757 550 1816 577 Υἱὸν
1829 551 1870 577 καὶ

1099 603 1209 639 Πατέρα
1218 602 1354 636 λέγοντος,
1373 600 1419 627 καὶ
1431 599 1561 635 ἑκάτερον
1575 597 1758 634 ἀναιροῦντος,
1774 597 1815 623 ὅτε
1829 597 1869 631 μὲν

1100 649 1174 681 Υἱὸς,
1187 649 1234 675 τὸν
1247 647 1368 683 Πατέρα,
1384 647 1428 672 ὅτε
1439 645 1467 672 δὲ
1484 644 1588 680 Πατὴρ,
1602 644 1647 670 τὸν
1664 643 1735 670 Υξόν.
1759 643 1788 669 Ei
1805 642 1830 668 δὲ
1841 642 1869 668 τὰ

1098 695 1145 722 δύο
1162 695 1202 727 ἓν,
1222 695 1329 728 ἀνάγκη
1350 692 1397 720 δύο
1419 693 1467 727 μὲν
1484 689 1564 723 εἶναι,
1585 690 1614 717 ἒν
1630 690 1659 716 δὲ
1679 689 1734 723 (5Ξ)
1751 688 1816 715 κατὰ
1830 688 1870 723 τὴν

1100 741 1225 776 θεότητα,
1241 739 1290 767 καὶ
1306 739 1378 766 κατὰ
1400 738 1431 765 τὸ
1452 737 1593 773 ὁμοούσιον
1609 735 1679 762 εἶναι
1700 734 1743 761 τὸν
1763 734 1821 760 Υἱὸν
1837 733 1870 769 τῷ

1100 787 1199 823 Πατρὶ,
1215 786 1262 813 καὶ
1279 785 1309 818 ἐξ
1324 784 1407 812 αὐτοῦ
1429 783 1476 810 τοῦ
1499 783 1606 819 Πατρὸς
1623 780 1693 809 εἶναι
1714 781 1758 808 τὸν
1777 780 1868 815 Λόγον·

1101 832 1171 860 ὥστε
1189 832 1236 859 δύο
1253 831 1303 867 μὲν
1322 829 1401 862 εἶναι,
1417 830 1457 856 ὅτι
1476 829 1570 864 Πατήρ
1593 827 1649 863 (55)
1667 828 1724 854 ἐστι
1743 826 1788 852 καὶ
1806 825 1870 856 Υἱὶς,

265 875 464 909 substantialis,
476 881 502 904 et
518 885 550 904 ex
571 878 629 913 ipso
646 878 725 906 Patre
741 878 861 907 Verbum
875 884 918 907 est
934 889 940 907 :
963 880 999 907 ita
1017 883 1048 907 ut

1103 880 1114 906 ὅ
1131 880 1190 905 ὲστι
1208 878 1303 913 Λόγος,
1318 877 1347 904 ἒν
1360 877 1400 908 δὲ,
1415 876 1457 902 ὅτι
1474 871 1514 906 εἷς
1533 875 1607 906 Θεὸς.
1625 875 1657 901 Εἰ
1671 873 1724 909 γὰρ
1740 872 1776 908 μὴ
1798 871 1872 902 οὕτως

264 922 319 948 duo
335 921 444 955 quidem
456 923 520 956 sint,
536 924 599 958 quia
614 923 693 951 Pater
709 928 752 952 est
763 929 790 952 et
805 925 902 958 Filius,
916 925 988 960 quod
1005 929 1048 953 est

265 967 403 999 Verbum;
418 976 501 996 unum
514 975 614 1002 autem,
628 970 692 1004 quia
712 970 784 998 Deus
812 979 885 999 unus
902 975 957 999 est.
979 970 1048 998 Nam

265 1014 318 1041 nisi
334 1014 371 1041 ita
387 1014 432 1047 sit,
446 1015 592 1042 dicendum
616 1021 689 1044 certe
701 1017 740 1044 illi
753 1022 832 1045 erat:
850 1017 907 1053 Ego
918 1025 978 1045 sum
995 1017 1048 1044 Pa-

265 1065 316 1092 tcr,
332 1061 374 1088 vel
389 1059 446 1095 Ego
460 1066 486 1088 et
495 1061 574 1089 Pater
585 1070 656 1090 sum.
668 1062 746 1091 Nunc
754 1071 817 1091 vero
829 1063 880 1091 ista
893 1071 970 1095 voce,
982 1063 1049 1099 Ego,

265 1105 364 1133 Filium
380 1106 517 1141 signiﬁcat
529 1116 536 1140 ;
552 1108 702 1142 genitorem
714 1114 816 1142 autem,
834 1117 896 1137 cum
910 1109 1012 1141 subdit,
1024 1114 1049 1137 et

266 1152 348 1180 Pater
359 1160 369 1179 :
384 1152 502 1188 denique
520 1153 649 1188 dictione,
671 1163 764 1188 unum,
780 1163 864 1182 unam
879 1155 1049 1183 divinitatem

265 1206 398 1233 suamque
415 1198 539 1233 designat
555 1201 878 1232 consubstantialitatem.
896 1201 951 1229 Nec
966 1202 1049 1235 enim,

265 1248 296 1271 ut
311 1244 427 1278 gentiles
442 1249 548 1279 putant.
563 1245 632 1272 idem
650 1249 693 1274 est
708 1246 818 1281 sapiens
842 1250 870 1274 et
893 1247 1026 1282 sapientia
1040 1268 1048 1281 ,

264 1289 307 1316 vel
325 1289 396 1317 idem
423 1289 504 1317 Pater
531 1295 559 1318 et
577 1290 715 1325 Verbum;
733 1292 883 1320 absurdum
908 1294 981 1320 enim
1009 1297 1052 1320 est

266 1335 392 1362 eumdem
410 1336 452 1363 sui
470 1336 555 1370 ipsius
569 1341 673 1371 patrem
694 1345 772 1366 esse:
789 1346 884 1365 verum
896 1338 988 1366 divina
999 1339 1050 1365 do-

1101 926 1185 958 ὲστὶν,
1200 925 1254 952 ἔδει
1268 924 1366 955 εἰπεῖν,
1387 922 1457 957 Ἐγώ
1477 923 1534 957 εἰμι
1556 922 1570 948 6
1584 920 1690 956 Πατὴρ,
1704 919 1732 955 ἦ,
1754 918 1820 952 Ἐγὼ
1833 917 1872 945 καὶ

1100 973 1115 999 6
1129 971 1223 1007 Πατήρ
1243 971 1312 1006 εἰμι.
1339 969 1396 996 Νῦν
1419 969 1448 995 δὲ
1473 969 1502 995 ὲν
1517 967 1567 1002 τῷ,
1587 967 1659 1002 Ἐγὼ
1676 966 1743 1001 (54),
1762 965 1805 992 τὸν
1818 964 1872 990 Υιὸν

1101 1018 1248 1054 σημαίνει·
1268 1018 1296 1043 ὲν
1314 1016 1343 1043 δὲ
1357 1015 1405 1051 τῷ,
1422 1016 1470 1042 καὶ
1488 1017 1505 1042 ὁ
1516 1014 1629 1048 Πατὴρ,
1647 1014 1691 1041 τὸν
1706 1013 1871 1047 γεννήσαντα·

1102 1063 1132 1090 ὲν
1147 1063 1175 1089 δὲ
1186 1062 1235 1097 τῷ,
1250 1061 1295 1094 ἓν,
1307 1060 1356 1096 τὴν
1371 1060 1435 1095 μίαν
1448 1059 1562 1094 θεότητα
1574 1058 1621 1085 καὶ
1636 1058 1668 1084 τὸ
1688 1056 1821 1092 ὁμοοὺσιον
1832 1055 1870 1082 αὑ-

1102 1109 1160 1136 τοῦ.
1179 1109 1216 1136 Οὐ
1227 1108 1281 1143 γὰρ
1293 1107 1352 1134 καθ’
1369 1106 1502 1141 ’Έλληνας
1518 1106 1531 1132 6
1552 1104 1633 1136 αὐτὸς
1651 1103 1731 1138 σοφὸς
1744 1103 1789 1129 καὶ
1804 1100 1874 1135 σοφία

1103 1155 1187 1186 ἐστὶν,
1210 1153 1227 1189 ἢ
1246 1153 1260 1180 6
1277 1153 1359 1184 αὐτὸς
1378 1151 1474 1187 Πατὴρ
1495 1150 1542 1178 καὶ
1558 1150 1645 1184 Λόγος
1661 1149 1749 1176 ἐστίν·
1767 1147 1874 1184 ἀπρεπὲς

1103 1200 1157 1235 γὰρ
1176 1199 1256 1226 αὑτὸν
1271 1198 1367 1225 ἑαυτοῦ
1384 1198 1490 1232 πατέρα
1504 1194 1575 1223 εἶναι
1585 1205 1591 1211 ·
1611 1197 1627 1231 ἡ
1645 1196 1674 1222 δὲ
1689 1195 1747 1221 θεία
1763 1194 1874 1220 διδασκα-

1101 1245 1147 1272 λία
1160 1242 1213 1271 οἶδε
1229 1244 1339 1279 Πατέρα
1359 1243 1404 1270 καὶ
1420 1242 1493 1275 Υιὸν,
1508 1242 1555 1269 χαὶ
1574 1242 1656 1276 σοφὸν
1665 1241 1711 1268 καὶ
1721 1240 1821 1274 σοφίαν,
1835 1240 1875 1265 καὶ

1103 1290 1169 1317 Θεὸν
1183 1290 1231 1316 καὶ
1243 1289 1328 1323 Λόγον
1342 1297 1348 1303 ·
1362 1288 1474 1315 καθόλου
1490 1288 1580 1323 μέντοι
1591 1287 1720 1322 φυλάττει
1733 1286 1786 1320 (55)
1800 1284 1875 1311 ἀδιαι-

1104 1345 1191 1372 ρετον,
1206 1335 1254 1362 καὶ
1270 1335 1464 1366 ἀδιάσπαστον,
1480 1333 1528 1361 καὶ
1544 1334 1692 1370 ἀμέριστον
1707 1332 1774 1360 κατὰ
1789 1331 1874 1358 πάντα.

265 1379 354 1406 ctrina
368 1379 474 1408 Patrem
495 1386 521 1408 et
541 1381 640 1413 Filium
659 1382 744 1416 novit,
759 1383 909 1418 sapientem
926 1388 952 1411 et
969 1382 1142 1419 sapientiam,
1167 1381 1250 1408 Deum
1277 1385 1305 1408 et
1330 1379 1448 1408 Verbum
1464 1387 1471 1406 :
1490 1379 1608 1406 maxime
1637 1383 1729 1406 autem
1754 1381 1827 1404 cavet
1848 1382 1876 1402 ne

266 1426 332 1462 quid
349 1426 501 1460 dividuum,
521 1428 682 1458 dissolubile
696 1431 737 1458 vel
763 1432 914 1466 separabile
938 1431 1052 1459 omnino
1070 1431 1097 1457 in
1115 1429 1169 1456 Deo
1183 1429 1318 1455 admittat.

301 1472 345 1500 10.
362 1474 496 1502 Caeterum
510 1475 534 1503 si
547 1476 609 1510 quis
620 1477 690 1504 duos
706 1484 766 1505 esse
786 1478 894 1506 Patrem
909 1483 937 1506 et
950 1478 1048 1506 Filium

1137 1476 1181 1502 10.
1208 1475 1272 1502 Ἐὰν
1292 1475 1331 1507 δὲ,
1356 1475 1398 1501 ὅτι
1420 1474 1467 1500 δύο
1485 1473 1559 1500 ἐστὶν
1573 1473 1587 1500 ὁ
1604 1473 1702 1508 Πατὴρ
1719 1473 1765 1499 καὶ
1779 1472 1793 1498 6
1812 1470 1875 1502 Υἱὸς.

265 1519 389 1551 audiens,
407 1528 457 1547 nos
480 1521 664 1549 calumnietur
678 1524 756 1557 quasi
772 1524 819 1558 qui
842 1525 912 1552 duos
927 1524 994 1552 deos
1009 1524 1052 1551 iu-

265 1564 400 1593 dueamus
418 1565 553 1600 (nonnulli
565 1568 639 1595 enim
657 1569 683 1596 id
699 1568 752 1596 sibi
774 1569 891 1604 ﬁngunt,
906 1570 1054 1605 statimque

265 1617 316 1638 nos
327 1611 369 1638 his
380 1611 470 1640 verbis
481 1613 605 1646 irrident,
614 1613 670 1642 Vos
683 1615 752 1643 duos
765 1615 831 1643 deos
845 1616 992 1650 asseritis),
1002 1616 1054 1644 hu-

265 1655 385 1692 iusmodi
402 1658 557 1687 hominibus
580 1661 620 1689 sic
644 1661 865 1696 respondendum
885 1667 948 1690 est:
966 1662 994 1689 Si
1009 1663 1052 1695 is,

266 1703 314 1737 qui
331 1703 437 1731 Patrem
451 1710 478 1732 et
499 1705 596 1732 Filium
614 1707 758 1742 agnoscit,
782 1707 852 1735 duos
872 1708 938 1735 deos
964 1707 1051 1735 dicit:

267 1756 379 1777 necesse
394 1755 437 1778 est
460 1751 544 1785 igitur
560 1755 591 1778 ut
615 1751 684 1780 Filio
703 1753 858 1788 repudiato.
891 1761 906 1780 a
933 1753 1053 1781 Sabellio

267 1798 319 1821 stet
331 1795 376 1829 qui
394 1803 477 1822 unum
489 1804 551 1824 esse
565 1797 662 1825 credit.
675 1797 801 1834 Namque
815 1799 838 1826 si
856 1799 890 1831 is,
906 1799 954 1834 qui
982 1799 1053 1828 duos

267 1839 342 1870 dicit.
364 1841 472 1875 gentilis
483 1845 544 1869 est:
558 1842 642 1877 igitur
663 1843 719 1877 ille,
742 1845 790 1879 qui
803 1852 888 1871 unum
903 1844 981 1875 dicit.
1002 1844 1053 1872 Sa-

267 1886 400 1914 bellianus
415 1892 466 1915 est.
481 1887 579 1915 Verum
596 1896 649 1916 non
663 1889 701 1916 ita
721 1897 750 1916 se
774 1897 818 1917 res
843 1889 941 1923 habet;
954 1890 1027 1918 absit
1042 1891 1049 1917 ι

267 1932 314 1960 sed
329 1932 559 1968 quemadmodum
576 1933 610 1966 is,
624 1934 670 1969 qui
685 1934 792 1962 Patrem
814 1939 841 1963 et
856 1935 957 1963 Filium
982 1936 1052 1965 duos

267 1985 328 2006 esse
337 1979 470 2014 agnoscit,
483 1987 566 2007 unum
584 1980 667 2008 Deum
686 1989 748 2009 esse
764 1982 931 2010 conﬁtetur:
951 1984 988 2010 ita
1006 1983 1053 2012 ille

267 2025 314 2059 qui
329 2024 413 2052 Deum
427 2034 510 2053 unum
525 2027 621 2058 credit,
639 2026 746 2055 Patrem
755 2032 783 2055 et
799 2028 896 2056 Filium
912 2029 982 2057 duos
995 2037 1054 2057 cre—

267 2071 314 2098 dat
328 2079 398 2103 esse,
416 2072 462 2099 sed
478 2080 562 2099 unum
576 2073 726 2107 divinitate,
744 2080 771 2102 et
783 2079 917 2110 quatenus
929 2083 963 2104 ex
972 2075 1051 2104 Patre

268 2120 361 2143 natum
378 2116 507 2148 Verbum.
523 2119 558 2145 ab
574 2119 632 2153 ipso
647 2119 728 2147 Patre
746 2128 796 2148 nec
813 2121 934 2156 separari
945 2129 995 2149 nec
1009 2122 1051 2149 di-

269 2161 322 2188 vidi
342 2169 391 2189 nec
406 2161 510 2197 sejungi
526 2151 624 2197 potest.
638 2162 773 2198 Humano,
789 2165 812 2192 si
828 2151 926 2200 placet,
941 2170 1052 2194 utantur
1067 2151 1089 2179 Β

267 2207 402 2241 exemplo.
416 2206 488 2241 Ignis
502 2212 530 2235 et
545 2208 674 2242 splendor
686 2216 720 2236 ex
731 2217 764 2237 eo
775 2215 861 2244 ortus,
871 2210 926 2238 duo
940 2211 1050 2247 quidem

1104 1521 1213 1548 ἀκούων
1221 1529 1263 1552 τις
1274 1519 1422 1552 διαϐάλλοι,
1434 1519 1472 1551 ὡς
1484 1518 1529 1545 δύο
1552 1518 1619 1545 θεῶν
1632 1515 1876 1552 καταγγελλομένων

1105 1567 1235 1604 (τοιαῦτα
1252 1567 1306 1601 γάρ
1320 1575 1391 1598 τινες
1405 1566 1512 1597 ἑαυτοῖς
1532 1565 1760 1596 ἀναπλάττονται,
1777 1562 1821 1590 καὶ
1834 1561 1878 1587 εὑ-

1104 1613 1173 1645 θέως
1187 1613 1312 1648 γελῶσιν,
1329 1613 1369 1640 ὅτι
1386 1611 1439 1639 Δύο
1451 1612 1529 1643 θεοὺς
1546 1611 1639 1645 λέγετε
1652 1611 1671 1646 )·
1699 1610 1804 1637 λεκτέον
1818 1607 1877 1642 πρὸς

1103 1660 1168 1691 τοὺς
1181 1660 1332 1691 τοιούτους·
1349 1659 1381 1686 Εἰ
1395 1660 1408 1686 6
1425 1658 1534 1694 Πατέρα
1548 1658 1595 1684 καὶ
1607 1658 1673 1684 Υἱὸν
1686 1656 1822 1692 γινώσκων
1837 1653 1877 1680 δύο

1104 1706 1181 1737 θεοὺς
1194 1706 1267 1740 λέγει
1282 1705 1349 1741 (56),
1363 1705 1422 1740 ὥρα
1434 1705 1482 1731 καὶ
1502 1703 1547 1730 τὸν
1562 1703 1677 1738 λέγοντα
1693 1703 1750 1734 ἕνα,
1768 1700 1877 1735 ἀναιρεῖν

1100 1753 1148 1779 1τὸν
1160 1752 1234 1785 Υῑὸν,
1247 1752 1294 1778 καὶ
1310 1751 1487 1783 Σαδελλίζειν.
1502 1751 1533 1777 El
1550 1749 1604 1785 γὰρ
1618 1750 1633 1775 ὁ
1646 1749 1733 1783 λέγων
1752 1747 1805 1779 δύο,
1826 1745 1875 1772 Ἐλ-

1102 1798 1219 1834 ληνίζει,
1233 1797 1331 1824 οὐκοῦν
1351 1798 1366 1824 ὀ
1385 1797 1472 1831 λέγων
1494 1796 1523 1823 ἓν
1545 1796 1601 1831 (57)
1619 1794 1783 1825 Σαὸεὶλίςει.
1803 1791 1877 1818 Τοῦτο

1101 1845 1129 1872 δὲ
1140 1845 1190 1872 οὐκ
1204 1845 1261 1872 ἔστι
1271 1854 1278 1860 ·
1296 1845 1332 1880 μὴ
1344 1844 1448 1878 γένοιτο
1460 1844 1466 1870 ι
1480 1843 1537 1870 ἀλλ’
1550 1843 1644 1877 ὥσπερ
1658 1843 1671 1869 6
1683 1842 1768 1875 λέγων
1781 1839 1876 1873 Πιτέρα

1102 1892 1148 1918 καὶ
1167 1891 1232 1918 Υἱὸν
1251 1891 1299 1917 δύο
1316 1890 1363 1916 ἕνα
1388 1889 1455 1916 Θεὸν
1479 1889 1564 1923 λέγει,
1586 1888 1673 1919 οὕτως
1695 1889 1709 1914 6
1736 1887 1816 1919 λέγων
1836 1884 1876 1910 ἕνα

1102 1937 1168 1965 Θεὸν
1189 1937 1236 1963 δύο
1252 1936 1383 1972 φρονείτω
1397 1935 1452 1971 (58)
1472 1935 1584 1970 Πατέρα
1606 1934 1653 1961 καὶ
1676 1934 1750 1965 Υἱὸν,
1771 1932 1798 1958 ἓν
1810 1931 1876 1960 ὗντας

1101 1985 1133 2020 τῇ
1146 1983 1262 2019 θεότητι,
1282 1983 1329 2010 καὶ
1342 1982 1380 2018 τῷ
1395 1981 1425 2014 ἐξ
1437 1981 1519 2009 αὑτοῦ
1540 1980 1689 2016 ἀμέριστον
1711 1980 1756 2006 καὶ
1770 1976 1874 2012 ἀδιαίρε-

1101 2037 1147 2055 τον
1160 2028 1208 2055 καὶ
1224 2027 1375 2064 ἀχώριστον
1391 2025 1459 2054 εἶναι
1474 2027 1519 2054 τὸν
1534 2027 1619 2060 Λόγον
1636 2025 1690 2052 ἀπὸ
1710 2024 1756 2051 τοῦ
1770 2021 1874 2057 Πατρόςο

1103 2075 1194 2101 Ἔστω
1205 2074 1232 2100 δὲ
1249 2073 1424 2109 παράδειγμα
1441 2071 1620 2108 ἀνθρώπινον,
1633 2071 1664 2097 τὸ
1681 2070 1736 2106 πῦρ
1750 2069 1794 2096 καὶ
1808 2068 1834 2094 τὸ
1851 2065 1875 2098 ἐξ

1101 2119 1183 2147 αὑτοῦ
1198 2119 1380 2154 ἀπαύγασμα,
1393 2118 1440 2145 δύο
1453 2118 1503 2153 μὲν
1514 2117 1553 2153 τῷ
1566 2115 1635 2144 εἶναι
1650 2117 1698 2143 καὶ
1717 2114 1836 2150 ὁρᾶσθαι,
1851 2111 1875 2137 ἓν

1103 2167 1132 2194 δὲ
1147 2166 1185 2202 τῷ
1205 2166 1235 2198 ἐξ
1248 2165 1330 2192 αὐτοῦ
1348 2165 1403 2201 (59)
1427 2164 1474 2191 καὶ
1492 2163 1642 2199 ἀδιαίρετον
1667 2160 1737 2190 εἶναι
1756 2161 1784 2188 τὸ
1799 2157 1877 2187 ἀπαύ-

1104 2219 1199 2246 γασμα
1213 2210 1305 2237 αὐτοῦ.

268 2257 332 2280 sunt
347 2256 481 2288 quatenus
494 2254 627 2282 exsistunt
643 2259 670 2282 et
690 2260 840 2284 cernuntur
856 2266 862 2284 :
879 2265 964 2286 unum
981 2265 1046 2285 vero
1065 2262 1139 2290 sunt,
1154 2261 1289 2293 quatenus
1303 2256 1432 2291 splendor
1446 2256 1480 2283 ab
1494 2255 1556 2290 igne
1582 2259 1637 2288 est,
1663 2263 1713 2283 nec
1728 2255 1762 2282 ab
1786 2260 1817 2280 eo
1842 2249 1877 2277 di-

266 2299 322 2328 vidi
336 2304 433 2335 potest.

302 2369 326 2385 "
343 2373 423 2396 toan.
442 2376 470 2402 χ,
489 2368 535 2397 '50.

303 2426 429 2468 (5:9)7'Hic
445 2427 471 2454 in
493 2427 579 2468 Basili
592 2431 625 2468 _et
639 2427 933 2468 Anglicainterseritur
954 2428 1052 2468 lniujus-

267 2462 340 2488 modi
357 2462 463 2494 titulus,
487 2467 513 2490 et
534 2463 642 2497 quidem
660 2462 780 2490 miniatis
794 2463 891 2490 litteris
911 2464 937 2490 in
954 2463 1051 2496 Basil.,

267 2497 343 2534 ΤοὸςΔ
352 2497 559 2534 Σαϐελλίζοντας
572 2499 619 2525 καὶ
635 2499 696 2534 τοὺς
710 2498 805 2530 ἄλλους
817 2499 951 2534 ’Έλληνας
971 2498 1051 2530 ὄντας

267 2531 377 2590 ῗρέσῼαι
391 2532 494 2567 οὕτως,
516 2533 541 2560 id
555 2537 623 2574 'est.
650 2533 841 2574 Sabellizantes
862 2531 984 2565 et'alios,
1004 2535 1050 2569 qui

278 2568 383 2590 .ennlea
397 2572 459 2590 sunt
471 2588 478 2590 _
496 2569 534 2590 εἰς
551 2573 720 2590 nilei-ranan
738 2568 805 2590 Οιιιμ
827 2574 890 2590 ιΙριη
915 2569 1049 2590 hnlwnlur

277 2568 383 2604 Zenliles
395 2572 459 2604 sunt
471 2588 478 2600 ,
496 2569 534 2604 εἰς
551 2569 722 2604 interrogare.
738 2568 805 2601 Quae
827 2569 891 2596 item
915 2569 1049 2596 habentur

268 2602 300 2638 ad
317 2603 464 2638 marginem
477 2604 503 2630 in
517 2603 611 2638 Regio,
624 2602 735 2638 Séguer.
750 2603 859 2631 Gobler.
874 2608 901 2631 et
915 2603 1005 2631 Felck.
1021 2605 1046 2631 l.

268 2636 329 2674 Μριι
345 2636 411 2674 Reg.
425 2642 456 2674 ret
471 2636 596 2673 Seguer.,
612 2638 629 2674 ἢ
644 2636 724 2665 πᾶλιν
738 2639 769 2665 τὸ
784 2638 825 2671 ἓν,
840 2644 892 2667 etc.
913 2639 1010 2667 Caeteri
1024 2643 1052 2666 et

267 2671 342 2703 editi,
358 2671 486 2704 εἱίπάλιν,
503 2671 574 2701 (ἕως

303 2706 358 2773 (51)
378 2707 459 2734 Basil.
472 2712 499 2735 et
515 2708 631 2744 Anglic.,
646 2709 693 2735 xui.
709 2708 747 2744 μὴ
760 2708 853 2744 ἕτερον
868 2708 978 2735 τέλειον.

315 2740 358 2773 52)
379 2742 479 2773 Regius
493 2743 522 2769 δέ
536 2743 646 2771 omittit.

315 2740 358 2774 52)
379 2742 479 2776 Regius
493 2743 522 2769 δέ
536 2740 646 2771 omittit.

380 2775 489 2814 liegills,
502 2778 542 2814 οτι
556 2779 570 2804 6
587 2779 693 2814 Πατήρ.

302 2810 359 2845 (54)
382 2810 429 2839 Sic
450 2812 558 2848 Regius,
584 2810 696 2849 Segue'r.
711 2818 738 2842 ct
751 2813 893 2849 Anglican.
913 2815 946 2842 At
963 2815 1008 2842 alii
1025 2820 1051 2843 et

1101 2744 1140 2779 τῷ
1156 2744 1274 2779 Πατέρα.
1289 2743 1350 2770 Mox

1105 2428 1190 2465 editi).
1206 2427 1254 2465 VEV
1267 2427 1297 2465 δὲ
1311 2427 1342 2454 τδ
1357 2428 1431 2465 ἐγωε,
1525 2463 1530 2465 .
1549 2463 1554 2465 _
1775 2461 1793 2465 _
1829 2459 1835 2465 .

1141 2463 1196 2499 (55)
1216 2462 1342 2506 [insilia
1354 2463 1471 2506 Anglic.”
1487 2463 1648 2506 «lpum-Eram,
1660 2461 1760 2490 lbidem
1775 2461 1876 2506 licentiusz

1105 2496 1216 2533 Seguer.
1227 2497 1336 2525 Gobler.
1348 2502 1375 2525 et
1386 2496 1476 2526 lt‘elck.
1486 2496 1499 2526 ἱ
1509 2519 1518 2532 ,
1532 2500 1580 2526 καὶ
1589 2498 1760 2525 ἀδιάστατον.
1783 2496 1831 2522 Alii
1852 2498 1876 2521 et

1102 2532 1166 2560 editi
1177 2553 1183 2564 ,
1202 2533 1250 2559 καὶ
1263 2532 1456 2560 ἀδιάσπαστον.

1137 2568 1193 2602 (56)
1214 2567 1313 2603 Regius
1334 2573 1361 2596 et
1383 2568 1507 2603 Seguer.,
1523 2568 1620 2602 λέγων.
1644 2567 1697 2596 Sed
1722 2567 1749 2594 in
1771 2565 1873 2603 Seguer.

1102 2602 1273 2631 emendatum
1286 2607 1343 2635 est,
1360 2602 1433 2637 λέγεὶ
1445 2624 1452 2634 ,
1471 2608 1501 2630 ιιι
1515 2608 1542 2631 et
1555 2604 1602 2631 alii
1616 2608 1642 2631 et
1654 2604 1719 2631 editi
1737 2602 1840 2629 habent.

1137 2639 1195 2673 (57)
1213 2637 1390 2673 Anglicanus.
1405 2639 1462 2665 ἕνα.

1138 2668 1193 2708 (58)
1215 2668 1340 2708 Sicvlleg.
1366 2668 1393 2700 et
1414 2673 1527 2735 Sequer.
1542 2674 1577 2700 At
1595 2673 1673 2701 Gobl.
1699 2678 1727 2700 et
1749 2669 1834 2699 Felck.
1848 2668 1875 2710 l._

1138 2711 1211 2735 ovat.
1228 2708 1273 2734 τὸν
1290 2708 1410 2735 Πατέρα.
1433 2710 1453 2735 Α
1468 2709 1485 2735 ii
1498 2714 1526 2735 et
1537 2709 1620 2735 editio
1634 2707 1776 2735 Commel..
1790 2712 1874 2735 φρονει

1102 2711 1211 2744 φρονεῖ,
1228 2708 1273 2734 τὸν
1290 2707 1410 2770 Πατέρα.
1433 2707 1485 2736 ΑΙίί
1498 2714 1526 2736 et
1537 2709 1620 2736 editio
1634 2707 1776 2737 Commel..
1790 2707 1874 2748 φρονρῖ

1102 2744 1140 2774 τῷ
1156 2744 1274 2774 Πατέρα.
1289 2743 1350 2770 Mox
1388 2752 1430 2774 ea.
1447 2744 1555 2771 Gobler.
1570 2749 1596 2772 et
1608 2743 1696 2771 Felt'k.
1714 2743 1736 2770 l.
1751 2742 1779 2768 τὸ
1792 2741 1817 2774 εξ
1831 2748 1874 2765 αυ-

1104 2752 1140 2779 τῳ
1156 2752 1274 2779 ιιατερα.
1290 2752 1350 2770 mox
1365 2752 1430 2779 neg.
1447 2752 1555 2771 uenter.
1570 2752 1596 2772 et
1608 2752 1696 2771 rea-is.
1714 2752 1736 2770 ι.
1751 2752 1779 2781 περ

1104 2780 1160 2806 τοῦ.
1179 2779 1274 2814 Creteri
1291 2783 1318 2806 et
1334 2780 1417 2806 editio
1431 2779 1575 2810 Commel.,
1592 2779 1630 2814 τῷ
1645 2778 1779 2814 seiunget.

1139 2815 1195 2848 (59)
1216 2813 1315 2849 Regius
1332 2819 1358 2842 et
1379 2814 1506 2849 Seguer.,
1521 2815 1552 2840 τὸ
1566 2814 1594 2847 ἐξ
1612 2812 1704 2841 αὑτοῦ.
1725 2812 1784 2840 Mox
1807 2814 1872 2840 ante,
