1964 3038
276 107 330 138 483

573 111 601 137 S.
622 110 807 137 ATIIANASII
825 109 899 138 OPI’.
920 110 1010 138 PARS
1029 110 1050 138 Ι.
1072 126 1107 131 ——
1125 110 1311 139 HISTORICA
1332 111 1375 138 ET
1394 110 1604 139 DOGMATICA.

1828 116 1875 144 481

276 168 442 197 etmutabile
456 176 515 196 esse
543 169 688 196 videretur.
711 169 740 195 Si
763 169 836 196 enim
851 170 925 204 quod
939 174 1008 203 erat,
1033 170 1057 197 id

1113 169 1183 197 τοῦτ’
1209 170 1285 197 ἔσται
1305 170 1374 206 μετὰ
1395 169 1482 196 ταῦτα
1495 191 1503 202 ,
1519 170 1557 202 ὡς
1580 169 1627 196 νῦν
1648 170 1696 196 οὐκ
1711 170 1747 197 ὧν
1759 179 1766 186 ⁵
1787 171 1876 207 δῆλον,

276 218 369 248 postea
383 213 445 245 erit,
465 213 543 248 quasi
561 222 634 241 nunc
648 222 700 241 non
713 214 738 240 id
753 214 842 248 ipsum
855 221 927 242 esset
941 224 949 248 ;
976 215 1060 250 igitur

277 267 349 286 nunc
363 266 414 285 non
425 263 467 286 est
478 259 550 293 quod
564 264 622 286 erat
633 264 660 287 et
672 260 733 286 erit.
745 259 810 286 Rem
827 259 928 287 clarius
943 267 1059 294 expono.

276 303 306 330 Si
320 305 346 330 in
360 303 414 330 Deo
429 309 507 331 antea
524 309 592 337 erat,
609 309 634 331 et
649 310 742 340 postea
757 313 852 332 rursus
866 305 918 332 erit
931 314 938 332 :
955 305 1062 340 perspi-

275 358 356 378 cuum
370 355 412 377 est
426 349 544 377 Verbum
564 358 636 377 nunc
661 351 687 378 in
707 350 762 378 Deo
789 359 842 378 non
864 359 935 378 esse.
960 350 1061 378 Verum

275 396 450 423 revincuntur
465 397 516 423 hac
527 396 634 423 Domini
653 405 718 424 voce
732 406 738 423 :
758 396 812 431 Ego
823 398 850 423 in
862 397 951 430 Patre,
966 402 990 424 et
1007 397 1063 424 Pa-

276 447 316 468 ter
330 446 356 468 tn
368 451 407 468 me
433 447 481 469 est.
507 441 553 469 Sic
568 443 641 469 enim
655 450 728 469 nunc
741 448 795 475 est,
821 443 859 469 uti
875 442 926 470 fuit
941 451 1060 477 semper.

276 487 304 514 Si
321 496 401 522 porro
417 496 489 515 nunc
506 494 546 515 est
558 489 596 516 uti
612 488 663 515 fuit
681 496 788 522 semper
802 498 809 516 :
831 497 886 516 non
906 489 989 523 igitur
1010 488 1061 515 ali-

274 534 384 569 quando
397 534 567 569 gignebatur,
584 539 611 561 et
622 534 770 568 aliquando
795 542 849 562 non
875 535 1037 569 gignebatur
1052 543 1060 567 ;

274 588 324 608 nec
336 581 399 608 item
412 581 558 616 aliquando
571 580 598 607 in
615 580 670 607 Deo
682 580 833 615 silentium]
844 585 871 607 et
885 580 964 616 quies
989 579 1040 606 fuit
1052 599 1059 612 ,

234 655 237 658 ,
275 626 420 661 aliquando
432 631 522 653 autem
542 626 612 653 idem
630 625 739 653 locutus
754 629 796 653 est
813 635 819 652 :
839 626 885 653 sed
899 633 1006 660 semper
1019 629 1062 653 est

275 671 364 704 Pater,
382 677 408 699 et
420 672 506 700 Filius
519 672 578 707 ejus
591 671 719 704 Verbum,
733 672 781 707 qui
808 671 894 699 Filius
923 679 978 699 non
1003 671 1061 699 solo

275 719 384 746 nomine
400 718 518 746 Verbum
532 723 583 750 est,
611 727 661 746 nec
675 718 794 746 Verbum
823 708 988 753 cogitatione
1019 720 1062 744 est

274 764 372 795 Filius.
398 764 445 791 sed
463 763 535 791 Patri
552 764 796 792 consubstantialis
812 764 919 791 exsistit
933 773 940 790 :
953 771 1004 790 nec
1016 763 1061 791 ille

274 815 385 845 propter
403 818 452 837 nos
470 815 511 838 est
526 811 644 845 genitus,
662 811 708 838 sed
729 818 780 838 nos
799 814 910 845 propter
927 810 1003 837 illum
1017 809 1060 836 fa-

274 856 310 883 cti
331 863 434 883 sumus.
448 855 598 891 Caeteroqui
611 856 634 883 si
654 860 762 891 propter
783 863 833 883 nos
845 856 954 890 genitus
965 861 1017 888 est,
1034 860 1061 883 et
1074 852 1098 882 Β

274 909 324 929 nos
337 906 412 934 tunc,
426 909 487 928 cum
511 906 553 929 est
567 902 684 936 genitus,
710 900 794 928 creati
820 908 926 931 sumus,
947 900 1062 935 ejusque

274 952 334 974 ortu
350 947 502 975 constituta:
519 951 583 974 sunt
602 954 646 974 res
662 951 768 978 creatae,
784 952 816 973 ac
833 945 931 979 deinde
947 945 1062 972 recurrit

274 994 331 1028 ipse
346 998 374 1021 ut
388 994 423 1021 sit
431 993 503 1029 quod
520 993 597 1028 prius
610 996 688 1024 erat;
706 992 825 1027 primum
845 990 928 1027 496
946 991 1010 1019 inde
1025 990 1062 1018 ef-

274 1040 364 1067 ﬁcitur
379 1044 408 1067 ut
419 1040 537 1075 genitus,
566 1047 664 1066 rursus
687 1046 742 1065 non
766 1043 921 1073 generetur.
943 1036 1012 1064 Nam
1037 1037 1061 1066 si

272 1094 335 1114 eum
351 1087 506 1121 procedere,
521 1085 609 1120 ipsum
625 1089 667 1112 est
681 1084 754 1120 gigni
769 1093 775 1111 :
798 1084 879 1119 igitur
893 1091 956 1110 cum
971 1091 1062 1111 rever-

272 1133 349 1165 titur,
367 1132 440 1168 gigni
458 1131 567 1158 desinit.
577 1130 725 1166 Postquam
738 1130 810 1157 enim
828 1131 861 1157 ad
874 1129 959 1157 Deum
970 1137 1061 1157 rever-

273 1179 345 1211 terit,
361 1178 432 1205 Deus
444 1185 540 1205 rursus
556 1177 655 1204 silebit.
671 1176 753 1211 Atqui
770 1176 792 1204 si
804 1175 905 1208 silebit,
919 1176 973 1203 erit
987 1175 1061 1211 quod

273 1232 306 1252 eo
328 1224 425 1252 silente
443 1228 511 1256 erat,
544 1230 641 1257 nempe
666 1222 756 1257 quies,
775 1230 829 1249 non
847 1226 939 1249 autem
968 1228 1060 1247 rerum

273 1272 386 1304 creatio,
406 1278 466 1305 quae
482 1269 595 1305 proinde
617 1269 699 1296 ﬁnem
723 1269 843 1296 habebit.
866 1267 934 1295 Nam
953 1273 982 1295 ut
998 1275 1062 1302 pro-

273 1318 385 1346 cedente
393 1316 496 1348 Verbo,
508 1315 586 1343 factae
599 1320 664 1343 sunt
678 1320 705 1342 et
717 1315 881 1342 exstiterunt
889 1322 934 1341 res
942 1318 1039 1342 creatae
1052 1323 1058 1341 :

274 1364 311 1391 ita
320 1367 477 1391 recurrente
492 1361 591 1393 Verbo,
603 1361 659 1396 jam
674 1368 728 1388 non
742 1361 858 1396 amplius
869 1361 1003 1388 exsistent
1016 1367 1060 1387 res

273 1415 380 1437 creatae.
399 1409 469 1442 Quid
486 1409 569 1444 igitur
587 1415 634 1435 eas
658 1407 716 1434 tieri
733 1415 802 1442 opus
816 1407 877 1438 fuit,
892 1407 914 1434 si
934 1414 996 1434 esse
1010 1407 1060 1433 de-

273 1455 379 1482 sinent?
390 1454 446 1486 Vel,
462 1461 546 1489 quare
562 1453 669 1480 locutus
681 1457 722 1480 est
735 1451 817 1485 Deus,
834 1457 864 1480 ut
876 1456 938 1488 post
949 1452 1008 1479 haec
1021 1452 1060 1486 si-

272 1501 357 1528 leret?
378 1500 433 1528 Cur
453 1507 515 1527 vero
530 1499 642 1534 protulit
655 1506 736 1534 quem
747 1498 845 1526 deinde
860 1499 991 1526 revocat?
1004 1498 1060 1526 Cur

271 1557 333 1576 eum
352 1548 448 1584 gignit,
469 1547 547 1582 cujus
573 1546 776 1582 generationem
802 1546 883 1572 tinem
906 1545 991 1572 voluit
1006 1545 1057 1572 ha—

1073 1523 1094 1553 C

1114 216 1154 242 ὅτι
1172 216 1229 250 (70)
1246 217 1296 243 οὐκ
1310 216 1367 243 ἔστι
1383 216 1441 249 νῦν,
1456 217 1524 252 ὅπερ
1538 214 1572 251 ἦν
1590 216 1636 242 καὶ
1650 215 1733 244 ἔσται.
1751 217 1823 252 Λέγω
1833 218 1874 245 δέ’

1114 263 1146 289 El.
1161 263 1190 289 ὲν
1203 261 1263 297 Θεῷ
1276 260 1310 298 ἦν
1322 263 1465 298 πρότερον,
1479 263 1525 290 καὶ
1538 262 1605 297 μετὰ
1618 262 1700 289 ταῦτα
1711 263 1785 290 πάλιν
1797 263 1876 291 ἔσται·

1114 309 1203 345 δῆλον,
1221 309 1261 336 ὅτι
1275 310 1324 336 οὐκ
1343 309 1400 336 ἐστι
1421 309 1469 336 νῦν
1483 310 1511 336 έν
1525 309 1564 344 τῷ
1587 309 1645 344 Θεῷ
1666 310 1680 335 6
1703 309 1793 343 Λόγος.
1819 311 1878 338 Ἀλλ’

1115 356 1221 391 ἐλέγχει
1244 355 1353 388 τούτους
1369 357 1383 382 6
1402 355 1504 392 Κύριος
1524 355 1610 390 λέγων
1623 363 1630 370 ο
1651 354 1719 389 Ἐγὼ
1739 355 1772 381 ἐν
1788 355 1824 388 τῷ
1833 358 1878 382 Πα-

1115 402 1171 436 τρὶ,
1182 401 1231 429 καὶ
1240 404 1256 428 ὁ
1272 401 1374 436 Πατὴρ
1385 402 1421 428 ἐν
1432 402 1506 436 ἐμοί·
1520 401 1591 428 οὕτω
1603 401 1656 436 γάρ
1671 402 1727 427 ἐστι
1735 401 1788 433 νῦν,
1799 401 1881 438 ὣσπερ

1117 445 1152 482 ἦν
1165 447 1218 474 ἀεί.
1235 448 1266 474 Et
1283 448 1312 474 δὲ
1326 447 1397 474 οὕτω
1410 447 1456 474 νῦν
1475 448 1560 479 ἐστιν,
1580 447 1673 482 ὥσπερ
1686 445 1719 482 ἦν
1731 448 1786 473 ἀεί·
1802 447 1880 482 δῆλον,

1114 494 1154 520 ὅτι
1168 494 1198 520 οὑ
1213 494 1277 520 ποτὲ
1292 494 1341 529 μὲν
1353 495 1490 528 ἐγεννᾶτο,
1505 494 1569 520 ποτὲ
1582 494 1611 520 δὲ
1623 493 1653 520 οὗ
1665 503 1671 508 ·
1689 494 1748 520 οὐδὲ
1763 494 1823 520 ποτέ
1841 495 1882 529 μὲν

1115 540 1144 566 ὲν
1157 539 1217 574 Θεῷ
1239 540 1339 575 ⁴ἡσυχία
1358 538 1403 575 ἦν,
1423 540 1488 568 ποτὲ
1510 539 1538 566 δὲ
1558 539 1664 566 ὲλάλει’
1688 540 1743 566 ἀλλ’
1762 540 1829 566 ἐστιν
1846 541 1882 566 ἀεὶ

1115 585 1219 621 Πατὴρ,
1239 586 1285 612 καὶ
1302 585 1366 617 Υἱὸς
1378 587 1393 612 6
1410 585 1504 612 τούτου
1518 585 1614 620 Λόγος,
1631 587 1680 612 οὐκ
1696 585 1802 621 ὀνόματι
1814 586 1882 620 μόνον

1114 631 1209 665 Λόγος,
1227 631 1288 658 οὐδὲ
1311 631 1372 658 κατ’
1392 631 1513 658 ἐπίνοιαν
1538 631 1628 663 Υἱὸςὸ
1647 631 1729 665 Λόγος
1752 631 1814 665 (71),
1834 630 1881 657 ἀλλ’

1115 677 1244 713 ὑπάρχων
1266 677 1408 712 ὁμοούσιος
1424 677 1463 712 τῷ
1487 677 1592 713 Παιιρί⁸
1610 677 1641 703 οὐ
1660 677 1692 703 δι’
1710 677 1781 712 ἡμᾶς
1800 685 1883 711 γεννη-

1115 723 1189 755 θεῑς’
1214 723 1294 758 ἡμεῖς
1310 723 1363 758 γὰρ
1385 723 1418 749 δι’
1435 724 1538 749 ἐκεῖνον
1551 723 1711 758 γεγόναμεν.
1731 723 1803 748 Ἐπεὶ
1821 722 1842 748 εἰ
1855 721 1882 747 δι’

1115 769 1189 804 ἡμᾶς
1208 768 1351 804 ἐγεννήθη,
1372 768 1418 795 καὶ
1437 769 1465 795 ὲν
1479 767 1519 803 τῷ
1533 768 1711 802 γεγεννῆσθαι
1728 767 1805 794 αὑτὸν
1822 767 1883 793 ἐκτί-

1116 815 1219 850 σθημεν
1241 814 1309 850 (ἹΞ),
1337 814 1384 841 καὶ
1402 815 1434 850 τῇ
1459 815 1583 849 γεννήσει
1602 813 1684 840 αὐτοῦ
1705 813 1883 847 συνέστηκε·μὴ

1112 861 1212 893 κτίσις,
1232 860 1377 896 ἀνατρέχει
1396 860 1425 886 δὲ
1445 861 1488 887 ἵνα
1532 861 1600 895 ὅπερ
1614 860 1744 895 πρότερον
1755 856 1787 894 ἦν
1798 867 1804 873 ·
1818 858 1882 893 πρῶ-

1111 915 1158 933 τον
1177 906 1226 942 μὲν
1241 906 1316 932 ἔσται
1339 905 1420 932 πάλιν
1441 906 1477 942 μὴ
1492 914 1662 941 γεννωμενος
1677 907 1691 932 ὁ
1703 903 1842 939 γεννηθείς.
1858 903 1883 929 Ei

1111 953 1166 989 γὰρ
1185 954 1202 988 ὴ
1227 952 1339 988 πρόοδος
1362 953 1444 979 αὑτοῦ
1467 953 1593 988 γέννησίς
1613 954 1698 983 ἐστιν,
1721 953 1737 986 ή
1759 950 1883 984 ἀναδρομὴ

1112 999 1193 1026 πάλιν
1209 998 1298 1025 παῦλα
1313 998 1363 1034 τῆς
1383 999 1551 1034 γεννήσεως·
1575 998 1721 1033 γενομένου
1740 995 1792 1032 γὰρ
1813 994 1883 1022 αὑτοῦ

1111 1045 1142 1071 ὲν
1155 1044 1195 1080 τῷ
1208 1044 1277 1080 Θεῷ,
1296 1045 1431 1080 σιωπήσει
1443 1042 1524 1070 πάλιν
1538 1044 1553 1069 6
1569 1043 1644 1074 Θεός.
1661 1043 1692 1069 Εἰ
1711 1042 1738 1068 δὲ
1755 1042 1883 1076 σιωπήσει,

1112 1091 1188 1118 ἔσται
1203 1090 1282 1127 ,ὅπερ
1296 1088 1341 1126 ἦν,
1369 1090 1528 1122 σιωπῶντος
1543 1089 1636 1121 αὑτοῦ.
1664 1089 1763 1124 ἡσυχία
1775 1109 1782 1120 ,
1801 1087 1843 1114 καὶ
1860 1087 1884 1112 οὑ

1111 1138 1200 1169 κτίσις
1212 1146 1218 1152 ·
1234 1136 1368 1163 παύσεται
1383 1136 1436 1171 ἄρα
1455 1137 1472 1172 ἡ
1493 1136 1591 1167 κτίσις.
1612 1136 1719 1171 Ὠσπερ
1734 1135 1786 1170 γὰρ
1800 1133 1886 1169 προελ-

1112 1183 1203 1215 θόντος
1219 1182 1267 1209 τοῦ
1288 1182 1385 1216 Λόγου,
1410 1182 1522 1216 γέγονεν
1543 1182 1560 1216 ἡ
1585 1182 1684 1213 κτίσις,
1703 1181 1750 1207 καὶ
1765 1179 1882 1215 ὑπῆρξεν·

1114 1229 1187 1256 οὕτω
1208 1227 1456 1264 παλινδρομοῦντος
1479 1227 1526 1254 τοῦ
1550 1227 1649 1261 Λόγου,
1673 1227 1723 1261 οὑχ
1743 1224 1851 1260 ὑπάρξει
1869 1224 1882 1258 ἡ

1111 1275 1199 1306 κτίσις
1215 1274 1282 1310 (73).
1306 1274 1353 1306 Τίς
1369 1272 1415 1301 οὖν
1436 1274 1516 1310 χρεία
1539 1273 1586 1300 τοῦ
1605 1273 1753 1307 γενέσθαι,
1779 1273 1802 1298 εί
1826 1270 1885 1297 παύ-

1112 1329 1187 1348 σεται
1200 1329 1207 1353 ;
1223 1321 1258 1347 Ἦ
1274 1320 1300 1346 τί
1316 1321 1363 1347 καὶ
1374 1320 1464 1347 ἐλάλει
1479 1319 1493 1346 6
1507 1318 1582 1351 Θεὸς,
1597 1319 1640 1345 ἵνα
1658 1318 1727 1354 μετὰ
1739 1318 1822 1345 ταῦτα
1836 1325 1887 1343 σιω-

1111 1368 1186 1403 πήσῃ
1201 1375 1208 1399 ;
1226 1367 1258 1393 Τί
1278 1367 1306 1393 δὲ
1326 1365 1507 1403 προεϐάλλετο
1519 1385 1526 1397 ,
1547 1366 1576 1392 ὃν
1600 1365 1793 1396 ἀνακαλεῖται;
1812 1363 1840 1389 Τί
1862 1361 1886 1388 δὲ

1111 1412 1159 1438 καὶ
1180 1411 1288 1446 ἐγέννα,
1303 1408 1333 1438 οὗ
1350 1410 1398 1446 τὴν
1417 1410 1544 1445 γέννησιν
1566 1409 1684 1436 παύσειν
1701 1409 1797 1445 ἦθελε;
1817 1408 1845 1433 Τί
1863 1406 1885 1433 δὲ

1112 1456 1192 1483 πάλιν
1209 1455 1297 1487 ἔσται,
1311 1454 1418 1490 ἄδηλον.
1437 1456 1471 1481 Ἣ
1486 1455 1540 1490 γὰρ
1555 1455 1691 1489 σιωπήσει
1711 1455 1770 1485 ἀεὶ,
1786 1453 1801 1489 ἦ
1817 1451 1885 1478 πάλιν

1111 1502 1255 1538 γεννήσει,
1273 1502 1320 1528 καὶ
1340 1501 1435 1536 ἑτέραν
1455 1501 1543 1528 κτίσιν
1560 1501 1699 1536 ἐπινοήσει
1711 1509 1717 1515 ·
1735 1501 1765 1526 οὐ
1781 1499 1832 1535 γὰρ
1845 1498 1886 1532 τὴν

1112 1547 1197 1582 αὐτὴν
1211 1547 1318 1583 ποιήσει
1331 1554 1338 1562 ο
1356 1547 1372 1581 ἦ
1390 1546 1444 1582 γὰρ
1461 1546 1493 1572 ἂν
1506 1546 1638 1581 διέμεινεν
1652 1547 1669 1581 ή
1680 1545 1810 1581 γενομένη
1820 1543 1867 1579 (74)
1879 1551 1884 1557 '

270 1596 507 1625 here?lncertum
531 1599 621 1622 autem
642 1599 685 1621 est
708 1593 772 1628 quid
804 1593 903 1621 iterum
930 1593 992 1621 erit.
1009 1592 1057 1621 Vel

1113 1593 1167 1620 ἀλλ’
1189 1593 1301 1628 ἐτέρανθ
1316 1592 1470 1624 ἀκολούθως
1491 1592 1520 1618 δὲ
1541 1593 1588 1619 καὶ
1604 1592 1708 1627 ταύτην
1725 1591 1832 1622 παύσει,
1848 1589 1886 1616 καὶ

272 1643 345 1670 enim
361 1649 468 1676 semper
477 1640 610 1668 taciturus
621 1644 673 1672 est,
685 1639 727 1666 vel
738 1647 834 1667 rursus
847 1644 888 1666 est
904 1639 1056 1674 geniturus,

1112 1639 1209 1675 ἑτέραν
1224 1639 1373 1674 ὲπινοήσει,
1391 1638 1439 1665 καὶ
1452 1636 1531 1664 τοῦτο
1545 1639 1584 1670 εἰς
1599 1639 1725 1674 ἄπειρον.

273 1690 396 1724 aliasque
417 1696 461 1716 res
479 1687 612 1716 creandas
629 1687 814 1722 cogitaturus;
846 1695 897 1714 nec
924 1688 998 1714 enim
1017 1687 1126 1715 easdem
1141 1691 1184 1715 est
1208 1687 1367 1720 etfecturus,
1382 1686 1483 1721 quippe
1511 1694 1580 1721 quas
1602 1686 1692 1714 factas
1717 1684 1886 1722 permansisse

273 1737 359 1765 satius
370 1736 484 1764 fuisset:
500 1735 548 1764 sed
563 1736 630 1763 alias
645 1735 831 1770 producturus
845 1739 898 1767 est,
921 1743 990 1770 quas
1018 1735 1119 1763 delebit
1147 1735 1284 1769 similiter,
1311 1735 1436 1770 aliasque
1453 1735 1552 1762 iterum
1580 1735 1723 1771 cogitabit,
1752 1735 1829 1769 idque
1852 1732 1887 1758 in-

273 1784 358 1812 ﬁnite.

307 1830 351 1857 i5.
368 1829 449 1857 Forte
474 1834 566 1856 autem
579 1829 737 1864 hujusmodi
750 1828 843 1863 opinio
853 1836 886 1856 ex
903 1828 1058 1856 Stoicorum

271 1876 364 1903 schola
374 1876 513 1903 emanavit
523 1875 590 1910 (69),
609 1875 655 1909 qui
673 1882 770 1908 nempe
786 1873 872 1901 Deum
886 1878 983 1909 putant
996 1882 1060 1902 cono

270 1919 342 1946 trahi
363 1926 514 1954 rursusque
529 1926 591 1945 cum
613 1918 696 1946 rebus
711 1919 811 1946 creatis
828 1918 947 1949 dilatari.
965 1919 1057 1946 inﬁni—

270 1969 350 1999 teque
366 1963 515 1998 quiescere.
530 1963 607 1996 Quod
621 1963 694 1990 enim
717 1962 857 1995 dilatatur,
883 1966 1055 1989 contractum

270 2010 415 2042 dilatatur;
430 2013 457 2036 et
473 2008 546 2043 quod
560 2008 726 2041 extenditur,
747 2013 917 2035 contractum
931 2007 1055 2034 extendi-

270 2060 314 2082 tur
327 2065 334 2083 :
350 2060 432 2090 atque
451 2055 522 2082 idem
537 2054 646 2090 quidem
655 2058 705 2085 est,
718 2053 787 2081 nihil
800 2058 890 2080 autem
906 2052 979 2079 aliud
990 2060 1056 2087 prab-

271 2105 311 2127 ter
323 2099 494 2126 atl‘ectionem
511 2097 658 2133 quamdam
675 2097 785 2133 patitur.
803 2096 897 2132 Itaque
911 2097 934 2124 si
957 2095 1056 2125 Unitas

270 2147 391 2178 dilatata,
407 2145 478 2172 facta
497 2150 540 2173 est
553 2144 688 2177 Trinitas;
702 2145 724 2172 si
742 2145 806 2172 item
818 2143 915 2172 Unitas
936 2150 978 2173 est
1000 2144 1052 2172 Pa-

271 2197 321 2225 ter,
335 2191 455 2218 Trinitas
467 2197 530 2217 vero
542 2195 583 2217 est
599 2189 689 2222 Pater,
705 2189 802 2223 Filius,
812 2193 839 2216 et
858 2188 977 2224 Spiritus
988 2198 1053 2218 san-

307 2258 362 2293 (09)
383 2257 537 2293 Stoicorum
551 2257 712 2293 sententiam
729 2257 769 2293 sic
785 2257 901 2293 explicat
918 2256 1052 2293 Diogenes
1067 2259 1094 2290 υ

270 2291 394 2332 Laertius
405 2293 434 2332 in
448 2291 550 2332 Zenone
560 2297 665 2332 ,_prout
679 2292 742 2332 legit
750 2291 965 2332 JustusALipsius
973 2291 1052 2332 7P]:ng

269 2329 386 2363 siologiw
402 2328 551 2363 Stoicorum
572 2326 619 2354 lib.
638 2326 827 2363 xt,rdissertat.
839 2326 877 2363 76:
890 2326 1008 2363 ᾉέγουσι
1024 2327 1052 2354 δὲ

269 2362 370 2399 κόσμον
392 2362 491 2399 τριχῶς
502 2371 508 2377 ·
527 2363 607 2399 αὐτον
617 2362 710 2399 ’τε-τὸν
727 2362 798 2399 ’Θεὸν
821 2362 873 2399 τὸν»
880 2362 928 2397 τῆς
939 2362 1051 2399 λὰπάσης

269 2396 360 2431 οὐσίας
379 2396 513 2429 tantum,
528 2398 556 2429 ὃς
568 2398 599 2432 δὴ
612 2396 749 2432 ἄφθαρτός
760 2398 818 2423 ἐστι
833 2397 880 2423 καὶ
895 2396 1050 2431 ἀγέννητος,

269 2433 434 2470 δημιουργὸς
442 2433 481 2470 ὢν
492 2433 541 2470 τῆς
551 2431 766 2470 διακοσμήσεως,
777 2431 847 2470 κατᾲ
859 2432 1052 2470 χρόνων-ποιὰς

269 2466 407 2504 πέβιὸδὸυς
423 2466 578 2504 ἀναλίσκων
589 2469 629 2499 είς
644 2466 806 2504 ἑαυτὸν.τήν
825 2466 933 2504 ἅπασαν
946 2466 1050 2498 οὐσίαν,

270 2501 316 2531 καὶ
332 2504 411 2530 πάλιν
433 2503 463 2535 ἐξ
485 2503 580 2529 ἑαυτοῦ
594 2502 704 2536 γεννῶν.
727 2502 753 2528 ld
773 2501 826 2533 est,
843 2501 971 2528 Mundum
992 2509 1052 2528 vero

271 2539 408 2573 triplicitcr
424 2539 515 2565 dirum
532 2545 540 2564 :
561 2540 646 2571 primo
661 2538 746 2571 ipsum
758 2537 850 2568 Deum,
871 2538 998 2573 universae
1011 2544 1052 2562 es-

269 2572 359 2601 sentne
373 2574 508 2608 proprium
523 2573 681 2607 effectorem,
693 2573 808 2607 quisane
822 2572 997 2606 corruptionis
1007 2578 1053 2597 ex-

269 2618 327 2643 pers
343 2615 380 2635 est
399 2614 423 2635 ει
445 2609 587 2642 ingenitus.
601 2608 701 2634 ordinis
719 2613 743 2633 et
767 2608 946 2641 dispositionis
964 2614 1051 2643 rerum

269 2641 367 2679 opifex,
387 2652 432 2677 prr
449 2641 531 2670 certas
549 2648 694 2677 lentporum
716 2643 836 2679 periodos
860 2642 1007 2679 universam
1023 2641 1050 2679 in

269 2677 378 2713 senisu."
398 2678 534 2704 absumens
552 2679 701 2708 essentiam,
712 2678 856 2712 iterumque
871 2684 904 2703 ea:
915 2677 999 2710 seipse
1008 2677 1050 2713 g_i-

268 2711 358 2749 gneus.
374 2713 481 2749 Sllldaﬁ
495 2714 585 2749 habet,
603 2713 679 2749 θεον,
697 2712 743 2738 κα).
757 2712 803 2749 τον
816 2713 935 2749 ἁπάσης,
950 2715 1007 2749 etc._
1018 2711 1046 2737 In

267 2746 386 2775 étlitione
402 2747 510 2774 chrici
528 2747 658 2782 Stephani
674 2754 738 2773 ann.
754 2747 832 2779 1570,
856 2746 986 2774 mendose
1001 2746 1049 2772 ha-

267 2783 357 2814 betur,
371 2783 416 2808 τὸν
425 2783 457 2808 ὲκ
468 2783 517 2816 τῆς
533 2781 640 2817 ἁπάσης
654 2781 747 2813 οὐσίας
759 2782 843 2815 ποιόν,
859 2782 900 2809 vel
916 2785 944 2809 ut
960 2782 988 2808 in
1002 2788 1050 2808 no-

268 2820 304 2847 tis
319 2818 489 2849 emendatur,
507 2817 578 2849 ίδῐως
595 2817 680 2843 ποιόν.
862 2818 868 2823 ‘

1145 1829 1190 1855 15.
1211 1826 1296 1854 Τοῦτο
1316 1827 1345 1853 δὲ
1373 1826 1438 1858 ἴσως
1458 1826 1512 1853 ἀπὺ
1534 1826 1588 1853 τῶν
1604 1826 1734 1853 Στωϊκῶν
1761 1823 1886 1853 ὑπέλαϐεν

1109 1872 1354 1908 διαϐεϐαιουμένων
1371 1871 1562 1898 συστέλλεσθαι
1578 1872 1625 1898 καὶ
1632 1873 1716 1898 πάλιν
1733 1869 1886 1898 ὲκτείνεσθαι

1108 1918 1154 1945 τδν
1169 1917 1236 1944 Θεὸν
1251 1916 1319 1952 μετὰ
1337 1916 1387 1951 τῆς
1402 1916 1527 1949 κτίσεως,
1550 1917 1596 1943 καὶ
1614 1917 1739 1953 ἀπείρως
1753 1913 1885 1943 παύεσθαι.

1108 1963 1145 1990 T6
1161 1963 1215 1999 γὰρ
1236 1962 1439 1998 πλατυνόμενον
1455 1962 1510 1989 ἀπὸ
1535 1962 1694 1998 στενότητος
1716 1961 1884 1989 πλατύνεται·

1109 2010 1156 2037 καὶ
1172 2010 1202 2037 τὸ
1215 2009 1404 2044 ἐκτεινόμενον
1428 2009 1643 2044 συνεσταλμένον
1669 2010 1833 2036 ἐκτείνεται·
1848 2005 1886 2033 καὶ

1108 2054 1174 2081 αὐτὸ
1193 2054 1242 2090 μὲν
1253 2054 1322 2085 ἐστι,
1339 2054 1421 2080 πλέον
1435 2053 1463 2080 δὲ
1481 2054 1556 2080 οὐδὲν
1573 2054 1589 2089 ἢ
1603 2053 1690 2086 πάθος
1706 2053 1842 2089 ὑπομένει.
1860 2051 1884 2077 El

1108 2101 1228 2135 τοίνυνή
1246 2099 1347 2132 Μονὰς,
1371 2098 1564 2129 πλατυνθεῖσα,
1584 2099 1681 2133 γέγονε
1703 2096 1788 2135 Τριάς
1800 2107 1806 2113 ·
1830 2098 1844 2132 ἡ
1863 2096 1885 2121 δὲ

1106 2145 1198 2177 Μονάς
1221 2145 1295 2171 ὲστιν
1321 2146 1335 2172 6
1362 2144 1458 2181 Πατὴρ
1476 2165 1483 2177 ,
1512 2145 1596 2181 Τριὰς
1621 2145 1649 2171 δὲ
1679 2146 1792 2180 Πατὴρ,
1820 2143 1884 2173 Υίδς,

1105 2191 1182 2226 ἅγιον
1206 2191 1263 2226 (75)
1288 2191 1400 2227 Πνεῦμα
1418 2199 1426 2207 ⁵
1455 2191 1563 2228 πρῶτον
1591 2192 1639 2227 μὲν
1670 2191 1850 2218 πλατυνθεῖσα
1871 2193 1884 2227 ἡ

1139 2257 1195 2292 (70)
1215 2257 1396 2285 Gohlerianus
1407 2261 1434 2285 et
1445 2256 1620 2285 Felckmanni
1635 2257 1743 2292 primus
1755 2257 1798 2284 hic
1811 2262 1838 2284 et
1849 2256 1886 2282 in-

1106 2292 1158 2320 fra.
1174 2292 1306 2320 δηλονότι.

1119 2301 1158 2325 ra,
1174 2301 1306 2325 οηΑονοτι.

1142 2301 1357 2367 lilyﬁgiiset
1372 2327 1554 2367 _Seguerianus
1571 2327 1672 2355 addunt
1685 2328 1700 2354 6
1714 2327 1809 2362 Λόγος,
1821 2324 1885 2361 quod

1107 2363 1134 2390 in
1151 2363 1211 2390 aliis
1225 2367 1252 2389 et
1267 2363 1348 2390 editis
1362 2363 1448 2390 deest.

1141 2397 1197 2432 (72)
1218 2396 1264 2425 Sic
1280 2405 1348 2424 mss.
1361 2401 1388 2424 et
1404 2397 1634 2431 editio'jCommel.

1140 2430 1196 2467 (75)
1216 2432 1396 2468 Qoblerianus
1406 2437 1433 2468 et
1446 2432 1746 2468 Felckmanniprimus,
1759 2430 1882 2468 ὑπῆρξεν-

1104 2467 1204 2504 Ibidem
1216 2467 1282 2504 Beg.
1300 2467 1382 2504 Basil.
1401 2466 1518 2504 Anglic.,
1534 2468 1582 2504 Τίς
1597 2466 1643 2495 οὖν
1658 2470 1675 2504 ἡ
1691 2466 1847 2504 χρείαηᾼιιὶ
1861 2469 1884 2490 et

1104 2503 1188 2538 editio
1210 2501 1435 2538 Commeliniana,
1448 2501 1497 2534 Τίς
1520 2501 1566 2530 οὖν
1587 2501 1674 2538 χρείαξ
1692 2501 1767 2530 item
1789 2501 1881 2529 ibidem

1104 2537 1257 2572 Gobleraet
1269 2536 1387 2564 Felckm.
1403 2537 1429 2567 l,
1444 2537 1540 2565 τούτου
1552 2536 1687 2572 γενέσθαι.

1139 2572 1204 2615 (Ἱέ).
1215 2571 1341 2615 διιειῆεεί
1357 2571 1470 2615 δεδυοῂ
1486 2569 1568 2615 Basil.
1583 2578 1611 2600 et
1625 2572 1783 2615 Anglican
1798 2569 1881 2615 ueteri

1103 2613 1130 2634 et
1143 2607 1218 2636 editi.
1233 2607 1280 2633 καὶ
1296 2606 1360 2642 γὰρ,
1375 2606 1428 2634 etc.
1446 2607 1507 2634 Mox
1521 2608 1554 2635 ad
1573 2606 1720 2642 marginem
1737 2607 1801 2642 Reg.
1824 2606 1879 2642 Sag.

1104 2616 1130 2634 et
1143 2616 1218 2648 eum.
1233 2616 1280 2633 και
1296 2616 1360 2669 γαρ,
1375 2616 1428 2634 etc.
1446 2616 1507 2634 mox
1521 2616 1554 2635 au
1573 2616 1720 2642 marginem
1737 2616 1801 2642 tteg.
1824 2616 1879 2638 δεμ.

1104 2642 1187 2682 Dasn.
1202 2641 1281 2682 Gobl.
1295 2648 1322 2669 et
1356 2642 1530 2682 οιςιίηίλίιίιιρ
1547 2643 1684 2682 Ιεευ-ηιιιιξ
1692 2642 1810 2682 Δτὰαιιιερὶ
1822 2639 1880 2682 51.6:

1103 2678 1193 2713 ϐάτων
1205 2678 1251 2703 καὶ
1266 2677 1417 2713 περιτομῆς
1429 2677 1438 2712 (
1450 2676 1532 2705 Basil.
1549 2673 1633 2713 τονμῆς
1645 2679 1653 2712 )
1667 2675 1718 2705 ὧδε
1731 2673 1840 2713 ἔκειντο.
1856 2673 1880 2699 ld

1101 2717 1152 2742 est.
1173 2711 1314 2739 Tractulus
1326 2713 1357 2740 de
1365 2711 1489 2739 Vsabb'atis
1508 2718 1532 2739 et
1559 2711 1757 2740 circumcisione
1778 2711 1818 2737 hic
1836 2716 1879 2736 cz-

1103 2748 1202 2774 stabat.
1221 2747 1258 2782 De
1271 2755 1304 2773 eo
1319 2755 1431 2782 agemus
1446 2756 1497 2775 suo
1508 2748 1578 2775 loco.

1140 2782 1196 2817 (75)
1218 2781 1262 2810 Sic
1279 2777 1378 2819 Regius
1392 2787 1419 2810 et
1432 2782 1591 2818 Seguerian.
1606 2784 1639 2811 At
1653 2783 1697 2811 alii
1714 2787 1741 2810 et
1753 2780 1826 2813 editi,
1839 2777 1880 2805 καὶ

1105 2817 1190 2850 ᾱγιον.
