1964 3038
268 103 320 131 487

569 103 598 131 S.
618 102 805 131 ATHANASII
823 102 898 130 OPP.
920 102 1010 130 PARS
1029 101 1050 129 Ι.
1071 117 1106 122 -
1124 101 1313 130 HISTOBICA
1332 101 1377 128 ET
1396 101 1607 130 DOGMATICA.

1822 103 1867 131 ιεε

270 172 352 200 quam
366 165 503 193 dilatetur.
524 165 553 192 Si
573 171 603 192 ut
617 164 736 193 Verbum
753 169 780 192 et
793 164 914 199 Spiritus
929 171 991 192 cum
1009 164 1049 191 illc

1109 164 1139 190 τὸ
1153 163 1229 196 αὐτὸ,
1248 163 1305 190 ἀλλ’
1328 163 1440 198 ὕστερον
1457 163 1673 198 πλατυνόμενον,
1690 161 1757 197 ἔχειν
1777 163 1869 198 ἀνάγκῃ

269 218 350 245 esset,
381 217 575 247 praeposterum
595 217 637 240 est
651 212 742 239 dicere
765 211 924 245 Unitatem;
949 210 1057 244 deinde,

268 259 408 286 dilatatam
425 266 494 286 esse.
507 257 562 286 Nec
579 259 654 285 enim
679 259 817 293 posterius
829 265 872 286 est
889 258 1008 286 Verbum
1031 252 1059 286 et

269 304 397 339 Spiritus,
412 304 459 331 sed
476 311 595 338 semper,
611 311 646 331 ne
657 303 782 331 videlicet
795 303 867 331 Deus
887 304 946 331 sine
969 302 1057 330 Verbo

268 358 316 378 seu
334 351 440 377 ratione
449 357 510 377 esse
524 354 647 385 putetur,
663 350 703 377 uti
718 349 841 377 sentiunt
860 349 968 377 Ariani.
989 349 1059 382 Quo-

267 398 351 428 circa,
377 396 400 424 si
424 403 532 430 semper
558 395 610 423 fuit
626 395 745 423 Verbum
763 399 791 423 et
801 394 932 430 Spiritus,
949 402 1058 429 semper

267 449 376 477 quoque
389 441 500 469 dilatata
516 441 566 468 fuit
577 461 584 472 ,
603 449 656 468 non
672 446 763 468 autem
778 441 898 476 primum
921 440 972 467 iuit
987 439 1056 467 Uni-

267 494 318 516 tas.
335 488 412 521 Quod
428 489 450 515 si
465 488 600 523 posterius
612 487 726 515 dilatata
746 493 799 520 est,
819 487 957 522 posterius
974 488 1056 522 igitur

266 540 308 562 est
321 534 453 562 Verbum.
470 533 499 561 Si
523 542 588 561 vero
600 538 712 569 propter
735 533 863 560 humana:
878 539 984 560 natura!
1008 541 1055 560 as-

267 581 450 615 sumptionem
467 580 579 607 dilatata
598 583 650 612 est,
667 583 788 614 tuncque
815 577 889 606 facta
908 584 950 606 est
964 578 1056 605 'l'rini-

266 631 328 654 tas:
355 627 437 662 igitur
468 631 530 654 ante
558 630 684 653 naturam
715 626 864 653 humanam
885 631 1054 660 assumptam

266 673 386 701 nondum
403 678 461 700 erat
475 673 604 700 Trinitas.
619 671 687 700 lude
700 673 764 699 item
777 676 908 707 sequetur
931 676 961 699 ut
978 672 1055 700 Pater

265 727 332 746 caro
348 719 438 746 factus
449 719 494 750 sit,
509 719 533 746 si
546 726 644 753 nempe
660 719 728 754 ipse,
744 719 791 754 qui
805 717 905 746 Unitas
919 723 988 751 erat,
1005 719 1055 746 bo-

266 764 366 790 minem
384 764 548 791 assumendo
570 764 700 791 dilatatus
716 768 777 791 est:
802 764 850 799 qui
865 768 893 791 et
911 763 983 791 idem
997 763 1055 791 for-

265 810 348 837 tassis
358 808 453 838 Unitas
468 815 561 845 postea
574 811 636 844 erit,
656 815 683 838 et
699 818 775 844 caro,
793 815 830 844 et,
854 810 928 845 quod
943 811 1054 838 tertium

264 860 316 888 est,
330 855 460 891 Spiritus,
484 857 506 883 si
524 863 621 891 nempe
635 857 692 891 ipse
711 861 753 884 est
771 857 819 892 qui
836 856 965 884 dilatatus
988 862 1051 885 est:
1069 851 1091 879 Β

264 909 297 928 ac
312 902 427 937 proinde
440 902 498 930 solo
511 902 622 930 nomine
645 902 766 930 Trinitas
787 902 878 930 futura
893 907 945 931 est.
973 902 1052 936 Quod

265 949 288 975 si
301 949 334 975 ad
348 948 494 976 creandum
508 948 620 976 dilatata
637 949 759 982 dicatur,
779 949 806 976 id
829 957 940 985 quoque
959 949 1054 977 absur-

264 995 328 1021 dum
343 998 394 1022 est.
412 995 484 1022 Fieri
499 995 571 1022 enim
585 999 692 1030 poterat
702 1000 732 1023 ut
745 995 804 1030 ipsa
815 1003 930 1023 manens
942 994 1051 1027 Unitas,

263 1041 357 1068 omnia
371 1040 562 1069 eiliceret.Nec
573 1041 646 1068 enim
661 1040 820 1069 dilatatione
834 1041 973 1077 indigebat
989 1041 1053 1069 Uni-

263 1089 317 1116 tas,
335 1092 385 1112 nec
403 1085 510 1112 inlirma
535 1090 595 1112 erat
610 1086 769 1121 priusquam
787 1086 958 1114 dilataretur.
983 1086 1052 1114 Nam

263 1130 412 1158 absurdum
426 1135 453 1158 et
466 1131 579 1166 impium
596 1136 639 1159 est
650 1131 677 1158 id
689 1132 722 1159 de
733 1132 897 1161 Deosentire
910 1138 938 1161 et
949 1133 1050 1161 dicere.

263 1176 343 1203 Aliud
361 1176 472 1211 insuper
484 1177 633 1204 absurdum
651 1177 713 1205 inde
727 1183 920 1214 consequetur.
938 1178 967 1206 Si
977 1180 1051 1207 enim

263 1230 354 1249 rerum
375 1229 527 1250 creatarum
558 1223 644 1258 gratia
673 1224 785 1251 dilatata
800 1229 858 1258 est;
884 1225 908 1252 si
929 1225 1051 1260 quandiu

261 1273 321 1295 erat
337 1267 444 1299 Uuitas,
464 1269 546 1296 nulla:
557 1275 636 1297 erant
648 1277 691 1297 res
707 1274 824 1298 creata:
844 1278 906 1298 cum
926 1276 988 1306 post
1001 1270 1052 1298 ab-

1107 210 1149 237 δεῖ
1159 210 1208 246 τὴν
1220 210 1321 237 αἰτίαν.
1333 209 1366 236 δι’
1381 210 1415 244 ἦν
1431 210 1478 236 καὶ
1496 208 1659 244 ὲπλατύνθη.
1678 209 1709 234 El.
1722 208 1768 244 μὲν
1781 207 1822 236 οὖν
1833 209 1870 236 ἶνα

1108 257 1193 291 Λόγος
1214 257 1260 282 καὶ
1281 255 1394 292 Πνεῦμα
1415 257 1480 292 συνῇ
1503 255 1588 291 αὐτῷ,
1608 255 1730 290 περιττὸν
1744 255 1772 281 τὸ
1784 254 1870 289 λέγειν,

1108 302 1200 334 Μονάς
1214 302 1280 338 (86)·
1293 300 1362 334 εἶτα,
1377 302 1540 338 ὲπλατύνθη.
1553 302 1590 328 Οὐ
1604 301 1657 338 γὰρ
1675 301 1782 336 ὕστερον
1799 301 1871 334 Λόγος

1107 350 1155 376 καὶ
1175 349 1297 384 Πνεῦμα,
1311 348 1369 376 ἀλλ’
1386 349 1439 380 ἀεὶ,
1464 348 1507 375 ἵνα
1523 348 1560 383 μὴ
1581 347 1674 381 ἄλογος
1696 348 1709 374 6
1732 346 1793 378 Θεὸς
1812 347 1872 373 κατὰ

1106 395 1169 427 τοὺς
1183 395 1347 431 Ἀρειανούς.
1363 395 1457 428 Ὥστε,
1469 396 1493 422 εἰ
1510 395 1554 422 ἀεὶ
1566 392 1600 430 ἦν
1611 394 1692 428 Λόγος
1706 393 1751 419 καὶ
1763 392 1871 427 Πνεῦμα,

1107 442 1151 468 ἀεὶ
1166 441 1281 468 πλατεῖα
1294 462 1301 473 ,
1320 442 1367 468 καὶ
1383 441 1413 468 οὐ
1430 441 1538 478 πρῶτον
1560 441 1661 472 Μονάς.
1685 441 1716 466 El.
1730 439 1757 466 δὲ
1777 439 1873 474 ὕστερον

1107 487 1272 523 ὲπλατύνθη.
1291 487 1405 522 ὕστερον
1421 488 1469 514 καὶ
1485 487 1581 522 Λόγος.
1599 487 1630 513 Εἰ
1648 486 1676 513 δὲ
1692 485 1734 512 διὰ
1749 485 1794 520 τὴν
1806 485 1874 510 ἔναν-

1107 533 1247 570 θρὼπησιν
1265 534 1429 570 ὲπλατύνθη,
1450 535 1496 561 καὶ¹
1519 534 1615 568 γέγονε
1632 533 1692 559 τότε
1715 531 1812 566 Τριάς·
1830 531 1875 565 ἄρα

1107 581 1160 616 πρὸ
1178 580 1229 615 τῆς
1243 580 1478 616 ὲνανθρωπήσεως
1497 578 1574 606 οὔπω
1586 576 1620 614 ἦν
1633 577 1727 613 Τριάς.
1740 576 1876 611 Φανήσεται

1103 627 1134 654 δὲ
1150 627 1164 653 ὁ
1176 627 1272 663 Πατὴρ
1288 627 1343 662 (87)
1359 626 1406 653 καὶ
1422 625 1541 661 γεγονὼς
1561 624 1640 661 σὰρξ,
1657 625 1713 658 εἴγε
1732 623 1816 654 αὐτὸς,
1829 622 1877 648 Μο-

1105 673 1154 705 νὰς
1169 673 1218 705 ὣν,
1234 674 1262 699 ἐν
1273 673 1312 708 τῷ
1327 672 1463 708 ἀνθρώπῳ
1476 671 1628 707 ὲπλατύνθη
1643 679 1650 686 ·
1663 670 1710 697 καὶ
1721 670 1787 704 τάχα
1798 667 1877 694 λοιπὸν

1105 717 1198 750 Μονὰς
1210 717 1285 744 ἔσται
1300 718 1348 744 καὶ
1366 717 1444 753 σὰρξ,
1458 717 1516 748 καὶ,
1532 716 1563 743 τὸ
1576 716 1678 752 τρίτον,
1693 715 1814 749 Πνεῦμα’
1829 712 1877 745 εἴγε

1106 764 1186 796 αὐτὸς
1200 764 1368 800 ὲπλατύνθη’
1383 763 1459 790 ἔσται
1475 764 1502 789 δὲ
1516 764 1562 790 καὶ
1577 763 1689 798 ὀνόματι
1705 761 1782 797 μόνον
1795 759 1876 795 Τριάςι

1106 811 1138 837 El.
1152 811 1180 837 δὲ
1194 810 1238 838 διὰ
1248 811 1278 837 τὸ
1292 811 1383 837 κτίσαι
1399 809 1565 845 ὲπλατύνθη,
1581 810 1692 837 ἄτοπον.
1708 806 1819 834 Δυνατδν
1833 804 1877 839 γὰρ

1105 855 1150 893 ἦν,
1161 857 1210 884 καὶ
1222 857 1332 884 Μονάδα
1347 857 1480 893 μένουσαν
1498 856 1583 892 αὐτὴν
1598 856 1667 891 (88),
1683 855 1771 882 πάντα
1784 852 1861 879 ποιεῖν
1871 859 1877 864 ο

1106 903 1137 930 οὐ
1154 903 1208 940 γὰρ
1225 903 1317 939 ἐνδεὴς
1329 901 1363 938 ἦν
1374 894 1534 938 πλατυσμοῦ
1548 903 1565 938 ἡ
1586 902 1690 934 Μονὰς,
1707 900 1767 928 οὐδὲ
1779 897 1878 932 ἀσθενὴς

1106 947 1140 985 ἦν
1156 950 1210 986 πρὸ
1224 949 1278 985 (89)
1293 949 1340 977 τοῦ
1357 949 1554 983 πλατυνθῆναι.
1573 949 1692 974 ’Λτοπον
1705 947 1758 982 γὰρ
1772 945 1816 972 καὶ
1824 944 1878 970 ἀσε-

1107 995 1154 1028 ϐὲς
1169 995 1248 1022 τοῦτό
1266 1004 1299 1030 γε
1315 995 1362 1022 ἐπὶ
1376 994 1444 1021 Θεοῦ
1459 995 1528 1022 νοεῖν
1551 994 1598 1021 καὶ
1613 993 1714 1027 λέγειν.
1736 988 1880 1023 Ἀκολουθή-

1108 1049 1148 1067 σει
1166 1040 1194 1067 δὲ
1212 1041 1258 1067 καὶ
1276 1040 1340 1067 ἄλλο
1360 1040 1471 1068 ἄτοπον.
1491 1040 1523 1066 Εἰ
1540 1039 1595 1074 γὰρ
1613 1038 1670 1074 (90)
1686 1037 1731 1065 διὰ
1746 1037 1793 1073 τὴν
1805 1035 1880 1062 κτίσιν

1105 1087 1271 1123 ὲπλατύνθη,
1287 1087 1340 1119 ἕως
1355 1087 1382 1113 δὲ
1394 1087 1485 1119 Μονὰς
1495 1084 1542 1121 ἧν,
1552 1086 1602 1113 οὐκ
1612 1083 1647 1121 ἦν
1663 1086 1681 1120 ὴ
1696 1084 1783 1115 κτίσις
1794 1092 1799 1097 ·
1811 1081 1881 1108 πάλιν

1104 1133 1133 1160 δὲ
1149 1133 1205 1169 (91)
1221 1133 1296 1160 ἔσται
1318 1133 1387 1168 μετὰ
1407 1133 1457 1169 τὴν
1473 1132 1628 1159 συντέλειαν
1650 1131 1743 1162 Μονὰς
1757 1129 1809 1156 ἀπὸ
1823 1128 1881 1154 πλα-

1104 1178 1209 1215 τυσμοῦ
1224 1187 1231 1194 ·
1248 1179 1461 1215 ἀναιρεθήσεται
1485 1178 1533 1205 καὶ
1554 1179 1572 1214 ἡ
1597 1177 1698 1209 κτίσις.
1716 1177 1818 1211 ’Ὥσπερ
1837 1173 1882 1209 γὰρ

1104 1225 1150 1251 διὰ
1168 1225 1199 1251 τὸ
1219 1224 1310 1252 κτίσαι
1345 1223 1500 1260 ὲπλατύνθη
1513 1243 1520 1256 ,
1549 1222 1640 1250 οὓτωθ
1669 1220 1821 1257 παυομένου
1843 1216 1882 1244 τοῦ

1104 1270 1273 1306 πλατυσμοῦ,
1290 1270 1424 1297 παύσεται
1441 1270 1488 1296 καὶ
1500 1270 1517 1305 ἡ
1535 1269 1634 1301 κτίσις.

261 1316 381 1343 solutam
408 1317 587 1349 creationem,
601 1325 697 1345 rursus
714 1325 730 1345 e
752 1318 865 1346 dilatata
887 1318 946 1346 ﬁeri
969 1319 1067 1347 debeat
1085 1317 1203 1353 Unitas;
1222 1319 1317 1354 utique
1342 1317 1506 1345 delebuntur
1529 1323 1640 1352 quoque
1660 1323 1705 1344 res
1737 1319 1839 1342 creatae.
1855 1308 1884 1336 Ut

261 1365 335 1391 cnim
347 1365 458 1392 creandi
470 1372 552 1393 causa
564 1366 676 1394 dilatata
689 1370 740 1399 est;
754 1367 791 1394 ita
802 1374 864 1394 cum
873 1367 985 1395 dilatata
993 1375 1055 1396 esse
1074 1367 1192 1399 desinet,
1209 1367 1342 1395 exsistere
1356 1366 1483 1394 similiter
1492 1365 1619 1393 desinent
1631 1373 1678 1392 res
1694 1367 1800 1392 creatae.

298 1411 342 1439 15.
360 1410 422 1438 Haec
434 1412 526 1447 itaque
540 1413 658 1440 absurda
673 1421 706 1440 ex
718 1414 762 1441 illa
775 1414 898 1442 orientur
910 1415 1048 1451 opinione.

261 1464 315 1491 qua
332 1455 428 1484 Unitas
443 1457 471 1484 in
494 1456 655 1485 Trinitatem
678 1458 786 1486 dilatari
808 1460 917 1488 dicitur.
935 1459 1050 1493 Quando

262 1509 326 1529 vero
341 1502 388 1537 qui
415 1502 452 1529 ita
467 1502 599 1535 sentiunt,
615 1502 734 1530 Verbum
749 1508 776 1531 et
802 1503 902 1532 Filium
929 1505 1051 1533 dividere

261 1547 372 1580 audent,
387 1548 611 1583 contenduntque
623 1549 697 1576 aliud
710 1557 770 1577 esse
785 1548 915 1583 Verbum,
927 1555 955 1578 et
967 1551 1050 1579 alium

262 1590 360 1619 Filium
374 1602 382 1625 ς
398 1592 475 1627 prius
491 1591 612 1620 Verbum
638 1601 709 1626 esse,
729 1594 827 1622 deinde
854 1594 953 1623 Filium
968 1605 975 1623 τ
991 1604 1049 1632 age,

261 1637 314 1666 ista
329 1646 446 1674 quoque,
464 1639 488 1666 si
504 1639 604 1675 placet,
620 1640 830 1675 perpendamus.
859 1640 941 1670 Varia
958 1648 1050 1670 autem

263 1684 373 1711 illorum
391 1689 434 1712 est
458 1686 608 1713 temeritas.
633 1686 686 1713 Alii
711 1687 785 1714 enim
803 1687 953 1720 hominem,
968 1697 1051 1724 quem

266 1731 392 1758 Salvator
405 1732 563 1766 assumpsit,
576 1731 675 1760 Filium
687 1741 748 1760 esse
759 1735 855 1761 volunt
867 1743 874 1762 :
886 1735 931 1762 alii
944 1738 1052 1762 utrum-

264 1784 328 1812 que,
345 1784 442 1812 nempe
458 1777 597 1805 hominem
616 1783 643 1805 et
659 1777 787 1811 Verbum.
811 1785 876 1807 tunc
890 1779 989 1807 Filium
1010 1780 1052 1807 fa-

260 1826 334 1849 ctum
359 1821 446 1850 fuisse
469 1827 576 1857 putant,
604 1831 667 1850 cum
686 1823 758 1851 inter
782 1832 812 1851 se
837 1825 957 1860 copulati
974 1831 1048 1854 sunt.

260 1868 314 1896 Alii
331 1871 422 1896 autem
442 1868 610 1896 arbitrantur
626 1869 715 1904 ipsum
730 1868 849 1897 Verbum
868 1875 932 1899 tunc
947 1871 1049 1899 Filium

261 1914 363 1942 factum
387 1921 458 1947 esse,
488 1922 551 1941 eum
576 1914 659 1942 homo
677 1914 765 1943 factus
781 1920 843 1944 est:
859 1915 1001 1952 Siquidem
1015 1925 1048 1945 ex

261 1958 362 1992 Verbo,
381 1959 519 1994 inquiunt.
534 1958 623 1986 factus
638 1964 680 1987 est
706 1959 802 1994 Filius,
824 1961 871 1996 qui
886 1967 965 1989 antea
994 1970 1050 1990 non

260 2005 362 2039 Filius,
385 2006 433 2033 sed
453 2006 586 2033 duntaxat
603 2005 720 2034 Verbum
736 2011 804 2034 erat.
832 2007 918 2035 Porro
936 2013 1050 2044 uterque

260 2063 337 2083 error
355 2055 511 2083 Stoicorum
527 2059 579 2087 est,
599 2062 655 2091 quo
669 2061 697 2083 et
712 2055 784 2083 Deus
805 2055 913 2084 dilatari
937 2057 1048 2091 dicitur,

259 2106 286 2128 et
300 2100 386 2128 Filius
399 2101 483 2137 498
495 2106 618 2137 negatur.
635 2100 721 2130 Valde
735 2107 827 2129 autem
842 2103 908 2130 illud
926 2103 1049 2138 ineptum

260 2152 303 2175 est
325 2148 407 2183 quod,
434 2155 497 2175 cum
515 2147 636 2176 Verbum
660 2151 811 2183 agnoscant
836 2153 863 2176 et
879 2149 1045 2182 nominent,

1141 1415 1185 1442 15.
1202 1415 1321 1442 Τοιαῦτα
1336 1414 1384 1450 μὲν
1395 1411 1442 1441 οὖν
1455 1413 1544 1441 ἄτοπα
1554 1414 1587 1440 ἐκ
1596 1413 1645 1439 τοῦ
1659 1409 1838 1439 πλατύνεσθαι
1848 1407 1885 1434 λέ-

1103 1470 1161 1497 γειν
1178 1461 1218 1493 εἰς
1232 1460 1335 1496 Τριάδα
1349 1460 1398 1496 τὴν
1419 1459 1528 1488 Mox/6.60.
1549 1459 1713 1495 ἀπαντήσει.
1745 1454 1848 1490 Ἐπειδὴ
1863 1453 1885 1480 δὲ

1103 1507 1129 1534 οἱ
1145 1506 1201 1543 (9‘2)
1217 1506 1296 1533 τοῦτο
1317 1507 1444 1541 λέγοντες
1467 1505 1587 1542 τολμῶσι
1611 1505 1729 1540 διαιρεῖν
1745 1502 1828 1537 Λόγον
1849 1499 1886 1526 καὶ

1103 1553 1168 1579 Υξὺν
1179 1572 1186 1584 ,
1205 1552 1252 1579 καὶ
1267 1553 1357 1587 λέγειν
1374 1552 1453 1580 ἄλλον
1469 1552 1518 1587 μὲν
1535 1548 1606 1578 εἶναι
1619 1550 1771 1584 τὸν.Λόγον
1781 1568 1789 1580 ,
1805 1547 1886 1581 ἕτερον

1101 1599 1131 1626 δὲ
1146 1599 1191 1625 τὸν
1205 1598 1280 1631 Υίδν,
1295 1599 1343 1625 καὶ
1356 1598 1489 1634 πρότερον
1507 1597 1556 1632 μὲν
1571 1594 1641 1623 εἶναι
1657 1596 1705 1623 τὸν
1721 1595 1816 1629 Λόγον,
1837 1590 1888 1618 εἶτα

1102 1645 1148 1672 τὸν
1162 1644 1226 1671 Υῑόν
1246 1644 1303 1680 (95)
1315 1652 1321 1658 ·
1331 1644 1414 1679 φέρε,
1429 1643 1477 1670 καὶ
1490 1642 1673 1679 περὶτούτων
1690 1642 1801 1677 [δωμεν.
1820 1638 1888 1665 Ἐστι

1102 1691 1130 1718 δὲ
1144 1691 1246 1718 τούτων
1262 1690 1390 1726 διάφορος
1405 1691 1422 1725 ἡ
1439 1689 1538 1725 τόλμα.
1552 1689 1584 1716 Ol
1598 1688 1651 1724 μὲν
1668 1687 1725 1723 γὰρ
1739 1687 1784 1714 τὸν
1795 1685 1888 1720 ἄνθρω-

1102 1746 1153 1764 πον
1162 1758 1170 1770 ,
1190 1737 1220 1764 ὃν
1236 1736 1366 1764 ἀνέλαϐεν
1378 1737 1393 1762 6
1405 1735 1500 1771 Σωτὴρ
1509 1755 1517 1768 ,
1531 1735 1611 1762 αὐτὸν
1627 1732 1702 1762 εἶναι
1716 1734 1763 1760 τὸν
1779 1732 1840 1759 Υἱδν
1851 1730 1889 1756 λέ-

1102 1791 1212 1817 γουσιν·
1227 1783 1252 1809 οἰ
1264 1782 1292 1809 δὲ
1303 1782 1334 1808 τὺ
1351 1781 1565 1817 συναμφότερον,
1579 1780 1624 1807 τόν
1645 1789 1677 1807 τε
1696 1779 1838 1815 ἄνθρωπον
1850 1775 1888 1803 καὶ

1101 1828 1139 1855 τὸκ
1163 1828 1260 1862 Λόγον,
1276 1828 1341 1855 Υὶὸν
1357 1827 1418 1854 τότε
1437 1827 1682 1862 γεγενῆσθαι,ιότε
1712 1824 1887 1861 συνήφθησαν.

1103 1874 1196 1900 ’Λλλοι
1210 1874 1239 1900 δέ
1250 1875 1320 1900 εἰσιν
1331 1874 1356 1911 οι
1367 1873 1501 1907 λέγοντες,
1512 1872 1595 1900 αὑτὸν
1608 1872 1655 1899 τὸν
1666 1872 1756 1907 Λόγον
1763 1871 1823 1897 τότε
1834 1867 1887 1896 Υἱὺν

1102 1919 1275 1955 γεγενῆσθαι,
1285 1920 1329 1946 ὅτε
1339 1918 1559 1955 ὲνηνθρώπησεν·
1576 1919 1642 1946 Ἀπὸ
1650 1918 1812 1955 γὰρΛόγου,
1821 1915 1886 1951 φασὶ,

1101 1966 1211 2000 γέγονεν
1228 1966 1303 1998 Υἱὸς,
1317 1967 1368 1993 οὐκ
1381 1965 1423 1994 ὢν.
1434 1966 1566 2002 πρότερον
1577 1965 1652 1998 Υἰδς,
1671 1965 1742 1993 ἀλλὰ
1754 1965 1837 1999 Λόγος
1850 1962 1888 1997 μό-

1101 2019 1156 2038 νον.
1186 2011 1293 2037 Στωϊκὰ
1310 2011 1358 2047 μὲν
1379 2009 1425 2039 οὖν
1444 2012 1600 2047 ἀμφότερα,
1618 2011 1650 2038 τό
1666 2019 1698 2038 τε
1717 2008 1888 2038 πλατύνεσθαι

1101 2056 1191 2092 λέγειν
1203 2057 1248 2083 τὸν
1261 2057 1336 2090 Θεὸν,
1349 2057 1396 2084 καὶ
1409 2057 1549 2093 ἀρνεῖσθαι
1560 2057 1606 2084 τὸν
1620 2058 1698 2084 Υίόν.
1711 2057 1793 2083 Κατὰ
1806 2061 1888 2089 περιτ-

1101 2103 1145 2130 τὸν
1161 2103 1189 2129 δὲ
1202 2103 1315 2138 ἀνόητον
1325 2124 1332 2136 ,
1347 2104 1388 2130 ὅτι
1398 2123 1406 2135 ,
1432 2103 1610 2139 ὀνομάζοντες
1624 2103 1715 2137 Λόγον
1726 2122 1734 2134 ,
1754 2101 1889 2138 ἀρνοῦνται

1101 2150 1182 2177 αὑτὸν
1201 2149 1266 2177 Υἱδν
1279 2148 1360 2177 εἶναι.
1377 2150 1409 2177 Εἰ
1423 2150 1473 2186 μὲν
1489 2149 1543 2186 γὰρ
1555 2150 1606 2177 οὐκ
1628 2149 1707 2176 ἐστιν
1720 2150 1755 2177 ὲκ
1768 2148 1816 2176 τοῦ
1831 2145 1889 2174 θεοῦ

260 2194 349 2229 ipsum
364 2193 463 2220 Filium
475 2201 536 2221 esse
548 2193 710 2221 inﬁtiantur.
725 2193 871 2222 Enimvero
887 2194 910 2222 si
924 2194 1044 2223 Verbum

1105 2196 1114 2222 5
1128 2195 1226 2229 Λόγος,
1241 2195 1354 2227 εἰκότως
1365 2195 1398 2222 ἂν
1414 2196 1495 2223 αὐτὸν
1508 2196 1631 2230 ἀρνοῖντο
1642 2193 1717 2222 εἶναι
1733 2195 1800 2222 Υἱόν
1810 2203 1816 2210 ·
1832 2194 1854 2219 εί
1867 2191 1890 2218 δὲ

258 2248 293 2267 ex
309 2239 365 2268 Deo
390 2247 443 2267 non
466 2244 550 2273 esset,
577 2240 648 2268 haud
673 2240 810 2268 immerito
836 2241 925 2276 ipsum
948 2240 1047 2269 Filium

258 2295 320 2315 esse
333 2293 472 2322 negarent.
483 2285 518 2313 At
533 2286 556 2314 si
569 2294 602 2314 ex
613 2287 669 2314 Deo
679 2290 731 2319 est,
745 2294 794 2314 cur
807 2294 861 2314 non
876 2287 1048 2323 perspiciunt

258 2331 296 2363 id,
313 2331 387 2367 quod
398 2339 431 2358 ex
445 2331 538 2366 aliquo
549 2331 656 2360 exsistit
665 2352 672 2363 ,
689 2331 774 2359 tilium
789 2332 851 2366 ejus
865 2340 927 2360 esse
938 2341 972 2360 ex
983 2341 1038 2369 quo

257 2377 320 2404 est?
340 2377 451 2409 Deinde,
463 2376 486 2404 si
506 2375 585 2403 Verbi
598 2376 670 2404 Deus
687 2375 768 2403 Pater
791 2381 842 2408 est,
860 2377 957 2412 quidni
976 2376 1046 2405 Ver-

295 2490 349 2526 (86)
369 2489 529 2526 Βθείυςῗειν
543 2488 737 2526 Seguerianus,
763 2490 871 2523 Μονάς·
890 2489 959 2523 εἶτα,
974 2495 1039 2525 etc.,

257 2522 357 2560 puncto
373 2522 444 2560 inter
459 2525 550 2556 Μονάς
565 2522 592 2552 εἰ
607 2522 667 2552 εἶτα
690 2526 860 2560 interposito.
873 2526 926 2553 Alii
938 2531 966 2554 et
981 2522 1039 2553 edi;

257 2558 288 2594 ti,
303 2560 395 2597 Μονὰς
414 2558 568 2597 εἶταλειοη
581 2558 862 2597 conjunctimfl’aulo
886 2566 948 2596 post
972 2561 1039 2597 Reg.

258 2596 320 2631 ch.
333 2600 360 2623 et
372 2595 463 2628 Gobl.,
473 2595 569 2631 ἄλογος
576 2595 679 2631 όῨΘεός.
689 2595 741 2623 Alii
754 2601 782 2622 et
796 2597 859 2623 editi
872 2595 1037 2631 6’9mittun‘t.

256 2629 323 2667 Ibid.
339 2631 405 2666 Reg.
417 2631 480 2666 Seg.
496 2630 574 2667 Qobl.
587 2630 670 2667 Basil.
685 2635 712 2659 et
726 2631 880 2666 Anglican.,
896 2629 930 2667 ἧν
940 2632 1037 2666 Λόγος.

257 2666 351 2693 Caneri
366 2664 393 2693 ei
408 2664 482 2697 ediﬁ,
496 2664 531 2701 ἦν
543 2666 557 2692 6
572 2666 667 2700 Λόγος.

292 2701 348 2738 (87)
367 2701 412 2738 Sic
425 2701 525 2738 Regius
535 2702 621 2738 codex
633 2707 660 2729 et
672 2701 865 2738 Seguerianus.
877 2701 912 2728 At
920 2702 966 2730 alii
976 2710 1040 2730 cum

292 2709 348 2741 (σι)
367 2709 412 2728 διο
425 2709 525 2762 negius
535 2709 597 2729 coue

255 2736 346 2766 editis,
364 2737 411 2772 καὶ
424 2736 453 2772 6t
478 2736 597 2772 ηΠατήρ.

294 2772 348 2805 (88)
363 2770 580 2807 SieBasiliensi's
589 2776 616 2799 et
628 2772 794 2807 Anglicanus
806 2777 887 2807 atque
899 2772 936 2800 ita
946 2780 1040 2800 emen-

256 2805 350 2845 datum
363 2806 389 2833 in
405 2805 542 2847 Βεείοᾼι
554 2807 599 2848 alii
613 2813 640 2835 et
652 2805 734 2837 editio
747 2805 1037 2838 Comm-eliniauaJuév

1101 2242 1134 2267 ὲκ
1146 2241 1193 2268 τοῦ
1205 2240 1272 2268 Θεοῦ
1286 2242 1353 2274 ἐστι,
1365 2241 1408 2268 διὰ
1423 2241 1449 2268 τί
1461 2242 1498 2277 μὴ
1510 2241 1670 2278 συνορῶσιν,
1682 2243 1726 2269 ὅτι
1738 2241 1770 2268 τὸ
1785 2241 1816 2268 ἐκ
1829 2246 1891 2270 τινος

1101 2287 1224 2323 ὑπάρχον
1239 2288 1297 2319 υἱός
1319 2289 1392 2315 ἐστιν
1409 2289 1514 2316 ἐκείνου
1525 2308 1531 2320 ,
1556 2289 1586 2322 ἐξ
1600 2285 1631 2315 οὗ
1650 2289 1701 2315 καὶ
1716 2288 1809 2320 ἑστινς
1832 2284 1891 2313 Εἶτα

1100 2335 1125 2360 εἰ
1145 2333 1193 2360 τοῦ
1210 2334 1297 2368 Λόγου
1314 2335 1410 2370 Πατήρ
1424 2335 1496 2361 ἐστιν
1519 2335 1533 2360 6
1549 2333 1633 2366 Θεὸς,
1652 2334 1700 2361 διὰ
1717 2335 1744 2361 τί
1762 2334 1800 2370 μὴ
1817 2333 1861 2360 καὶ
1881 2332 1892 2358 6

1100 2379 1186 2414 Λόγος
1203 2379 1266 2412 Υἱὸς
1282 2379 1316 2407 ἂν
1337 2379 1382 2415 εἴη
1397 2379 1445 2407 τοῦ
1460 2379 1557 2407 ἑαυτοῦ
1572 2380 1699 2416 Πατρ6ς;
1728 2380 1826 2415 Πατὴρ
1843 2377 1892 2413 γὰρ

1097 2501 1192 2590 ἓξὲξ)
1214 2527 1260 2556 Sic
1283 2537 1350 2558 mss.
1377 2529 1407 2557 lu
1432 2529 1552 2558 editione
1578 2534 1669 2558 autem
1686 2529 1823 2558 Commel.
1842 2527 1892 2563 πρό

1116 2568 1188 2636 ea?)
1207 2599 1264 2636 Γάρ
1277 2600 1354 2627 abest
1365 2608 1380 2626 λ
1398 2599 1482 2628 Basil.
1496 2606 1524 2628 et
1538 2600 1710 2636 Anglicano;
1727 2601 1775 2636 qui
1788 2599 1890 2635 Anglic.

1094 2635 1330 2672 mQXAhaPtBltﬂdi
1345 2635 1382 2667 ὡς
1399 2635 1537 2672 δὲῗΜονὰς
1551 2635 1595 2672 ἦνζ

1131 2668 1196 2707 (θλ)
1208 2669 1254 2707 Sic
1266 2670 1368 2705 Regius
1381 2676 1408 2698 et
1423 2668 1611 2707 Seguerianus
1625 2671 1732 2706 aliique
1747 2679 1816 2707 mss.
1830 2676 1892 2705 pra!-

1094 2709 1136 2731 ter
1152 2704 1271 2732 Felckm.
1286 2704 1416 2734 primum.
1433 2704 1541 2734 lu'aliis
1553 2711 1580 2734 et
1594 2704 1773 2734 editis-deest
1783 2705 1823 2732 δέ.

1116 2714 1136 2730 :r
1153 2714 1271 2732 Petelini.
1308 2714 1416 2734 rimum.
1433 2714 1463 2733 In
1479 2714 1541 2734 alus
1553 2714 1580 2734 et
1594 2714 1675 2734 emus
1691 2714 1823 2734 αθεειοε.

1367 2746 1394 2768 ct
1407 2742 1526 2778 Anglia,
1537 2742 1643 2778 Ἐπειδὴ
1661 2742 1692 2768 δὲ
1705 2743 1744 2768 οἱ.
1761 2739 1858 2769 Ceteri
1867 2742 1892 2767 et

1092 2781 1167 2805 eum.
1180 2781 1253 2802 Ἐπεὶ
1267 2781 1295 2802 δε
1312 2781 1347 2804 οὶ.

1127 2809 1182 2845 (95)
1203 2811 1360 2840 Basiliensis
1377 2817 1403 2841 et
1420 2813 1598 2849 Anglicanus,
1614 2810 1671 2839 εἶτα
1686 2811 1716 2839 δὲ
1734 2811 1781 2839 τὸν
1801 2809 1874 2838 Υιόν.
