1964 3038
289 147 342 175 495

289 254 361 281 enim
376 253 545 288 evangelista
559 253 638 280 initio
654 252 792 288 Evangelii
808 253 844 280 ita
859 253 892 280 de
907 252 1011 281 Joanne
1022 252 1073 280 Ba-

289 299 370 334 ptista
388 298 508 333 loquitur
525 307 530 324 :
549 297 611 324 Non
632 303 689 325 erat
704 298 748 325 ille
762 298 820 332 lux,
840 298 885 325 sed
906 302 934 325 ut
955 299 1072 325 testimo-

288 345 363 371 nium
375 344 519 379 perhiberet
534 344 565 370 de
576 343 676 371 lumine
687 344 720 371 ⁷³.
739 343 850 379 Nempe,
867 349 895 371 ut
906 349 984 371 antea
1000 343 1071 371 dixi-

289 397 367 422 mus,
393 389 450 424 ipse
474 389 601 417 Christus
625 389 672 416 huc
696 398 756 416 vera
781 394 834 422 est,
859 397 917 425 quae
938 389 1072 417 illuminat

289 443 389 462 omnem
404 434 533 461 hominem
543 435 685 461 venientem
700 435 726 461 in
740 434 905 468 mundum".
917 433 1039 469 Namque
1049 434 1072 462 si

290 480 318 507 in
333 480 434 507 mundo
449 480 507 514 ipse
517 483 585 511 erat,
600 484 627 506 et
642 479 759 507 mundus
773 488 820 515 per
831 487 893 508 eum
907 479 994 507 factus
1010 484 1070 507 est:

288 534 401 555 necesse
414 526 497 561 igitur
508 530 550 553 est
561 526 649 560 ipsum
662 525 711 553 Dei
724 525 840 553 Verbum
855 533 925 559 esse,
940 533 988 560 per
1000 525 1073 560 quod

287 573 379 600 omnia
397 572 468 599 facta
494 571 580 599 fuisse
596 571 666 599 idem
694 576 818 599 testatur.
845 571 893 599 Vel
917 571 989 598 enim
1003 571 1072 598 duos

288 618 405 645 mundos
420 617 564 644 admittere
582 622 723 652 cogemur,
741 621 771 643 ut
794 624 865 644 unus
891 624 938 651 per
961 615 1071 648 Filium,

287 669 314 691 ct
329 664 398 691 alius
413 671 460 698 per
487 663 605 690 Verbum
626 662 714 690 factus
741 663 797 690 sit:
824 663 865 689 vel
891 662 915 690 si
933 669 1005 690 unus
1031 665 1073 689 est

288 709 418 742 mundus,
442 713 466 736 et
485 716 539 735 una
557 713 648 735 creata
668 713 776 741 natura,
801 707 923 743 sequitur
943 711 970 735 et
987 713 1071 734 unum

287 761 315 784 et
327 756 451 783 eumdem
466 754 565 782 Filium
581 762 613 782 ac
625 753 743 781 Verbum
759 758 822 782 ante
833 761 941 781 omnem
953 757 1071 781 creatam

288 806 414 829 naturam
431 801 579 832 exstitisse,
606 801 706 835 quippe
728 807 789 835 qua:
812 808 860 835 per
886 800 974 834 ipsum
1001 799 1071 826 facta

289 847 534 881 luerit.Quocirca,
556 847 579 875 si
595 847 823 882 quemadmodum
838 853 884 881 per
894 845 1023 878 Verbum,
1034 846 1070 872 ita

288 900 316 923 et
331 902 377 929 per
395 893 493 921 Filium
507 894 599 921 omnia
623 894 693 920 facta
715 897 789 926 sunt,
819 893 888 919 nihil
901 892 1068 921 contrarium

286 948 348 968 esse
363 940 514 976 apparebit,
531 941 578 968 sed
589 940 680 975 potius
693 939 764 967 idem
779 939 891 966 omnino
908 939 959 967 erit
968 939 1067 972 dicere,

289 987 322 1014 In
344 987 474 1022 principio
496 991 553 1014 erat
588 985 718 1020 Verbum,
745 990 783 1018 et,
806 984 835 1013 In
852 985 986 1020 principio
1011 989 1070 1013 erat

287 1032 384 1060 Filius.
413 1032 466 1060 Sed
483 1032 516 1064 si,
540 1039 573 1060 eo
600 1031 674 1067 quod
697 1039 752 1060 non
778 1031 877 1059 dixerit
893 1030 1024 1063 Joannes,
1039 1029 1068 1057 ln

287 1078 422 1114 principio
440 1082 499 1105 erat
522 1077 619 1112 Filius,
644 1081 745 1113 negant
761 1077 831 1105 Filio
845 1077 992 1105 convenire
1009 1084 1071 1112 qua:

290 1125 369 1152 Verbi
382 1124 491 1160 propria
504 1127 589 1157 sunt,
603 1123 728 1151 similiter
739 1122 821 1158 igitur
833 1121 922 1151 Verbo
935 1129 990 1150 non
1002 1129 1070 1149 con-

288 1172 402 1199 veniunt
414 1178 476 1206 quae
484 1169 596 1205 propria
607 1168 748 1198 suutFilii.
761 1169 844 1205 Atqui
856 1169 1070 1197 demonstratum

288 1221 331 1245 est
352 1216 386 1244 ad
407 1215 506 1243 Filium
534 1216 592 1242 haec
615 1215 750 1250 pertinere
766 1215 859 1248 verba,
879 1216 935 1250 Ego
950 1219 975 1241 et
987 1213 1071 1241 Pater

287 1270 371 1290 unum
385 1269 476 1289 sumus
488 1261 523 1293 ⁷⁵,
537 1261 683 1296 ipsumque
696 1267 768 1292 esse,
782 1261 828 1295 qui
838 1264 878 1287 ett
889 1260 917 1286 in
934 1260 995 1287 sinu
1016 1258 1072 1286 Pa-

289 1309 337 1336 tris
350 1309 393 1342 ";
409 1309 459 1336 bas
474 1307 600 1335 similiter
616 1314 695 1334 voces
707 1306 767 1341 ejus
787 1313 858 1338 esse,
874 1306 920 1341 qui
935 1305 1003 1333 videt
1019 1314 1070 1338 me,

287 1355 420 1382 videteum
429 1351 473 1384 qui
478 1352 549 1380 misit
561 1360 601 1379 me
607 1353 629 1367 ""
639 1351 808 1379 :Verboitem
817 1356 843 1379 et
850 1350 919 1378 Filio
927 1358 1072 1378 commune

287 1407 350 1428 esse
357 1399 429 1435 quod
437 1399 549 1433 dicitur,
556 1397 689 1426 mundum
698 1405 794 1432 nempe
804 1404 849 1432 per
859 1397 948 1432 ipsum
968 1396 1071 1424 factum

287 1452 368 1473 esse:
385 1451 419 1471 ex
432 1443 532 1479 quibus
550 1443 661 1471 evidens
678 1443 714 1470 sit
732 1441 832 1470 Filium
856 1446 919 1470 ante
939 1443 1071 1470 mundum

287 1490 436 1523 exstitisse,
451 1489 586 1525 siquidem
601 1496 713 1518 necesse
726 1492 768 1516 est
776 1488 901 1524 opiﬁcem
913 1493 976 1516 ante
990 1496 1072 1524 opera

286 1543 357 1564 esse.
371 1535 473 1563 Deinde
487 1543 521 1563 ex
539 1535 651 1562 illorum
667 1534 801 1562 sententia
819 1533 942 1569 sequitur
960 1534 987 1561 id
998 1533 1071 1568 quod

287 1581 322 1609 ad
340 1581 494 1617 Philippum
516 1581 620 1609 dictum
634 1585 686 1614 est,
703 1588 759 1608 non
776 1580 811 1608 ad
825 1579 955 1613 Verbum,
971 1579 1020 1607 sed
1036 1579 1071 1607 ad

287 1628 386 1656 Filium
399 1628 544 1664 pertinere.
557 1627 638 1661 Nam,
659 1632 689 1655 ut
705 1632 798 1655 narrat
813 1627 989 1663 evangelista,
1003 1627 1072 1654 dixit

287 1670 386 1703 Jesiis:
404 1674 489 1702 Tanto
501 1680 614 1710 tempore
627 1675 760 1702 vobiscum
774 1683 844 1706 sum,
865 1682 911 1702 nec
926 1675 1070 1709 cognovisti

287 1728 339 1753 me,
353 1719 474 1754 Philippe
484 1720 497 1746 .9
508 1719 561 1752 Qui
578 1719 644 1747 uidit
657 1728 708 1752 me,
730 1719 794 1746 vidit
808 1718 928 1746 Patrem.
951 1718 987 1746 Et
1006 1727 1072 1754 quo-

288 1764 365 1791 modo
385 1768 413 1791 tu
433 1765 512 1798 dicit,
528 1763 641 1792 Ostende
654 1764 728 1791 nobis
745 1763 875 1791 Patrem?
894 1763 957 1791 Non
975 1764 1070 1798 credit,

287 1811 351 1846 quia
359 1819 406 1847 ego
420 1811 449 1838 in
462 1810 544 1838 Patre
566 1816 592 1837 et
608 1810 688 1837 Pater
708 1810 737 1836 in
757 1818 798 1837 me
811 1814 848 1837 est
861 1811 874 1837 .9
900 1809 995 1843 Verba,
1013 1818 1071 1846 quae

286 1865 334 1894 ego
350 1857 445 1893 loquor
456 1857 540 1890 vobis,
552 1865 569 1883 a
579 1865 620 1884 me
633 1857 689 1892 ipso
700 1864 753 1883 non
766 1856 878 1891 loquor:
890 1856 971 1883 Pater
983 1861 1071 1884 autem

287 1903 333 1939 qui
346 1903 375 1930 in
387 1910 427 1930 me
440 1907 539 1934 manet,
552 1900 631 1936 501
643 1901 699 1936 ipse
710 1900 777 1936 facit
792 1908 881 1935 opera.
892 1900 997 1927 Credite
1008 1900 1072 1927 mihi

287 1949 356 1984 quod
378 1956 425 1984 ego
438 1947 466 1974 in
484 1945 568 1974 Patre
586 1953 656 1978 sum,
679 1949 704 1972 et
727 1945 809 1973 Pater
829 1945 858 1972 in
877 1953 927 1972 me.
944 1944 1071 1980 Alioquin

286 1998 393 2030 propter
409 2000 489 2028 opera
511 1993 570 2027 ipsa
591 1991 688 2019 credite
703 1991 778 2018 mihi.
803 1990 897 2024 Amen,
919 1998 996 2018 amen
1012 1990 1070 2016 dico

287 2040 370 2073 vobis,
383 2039 429 2074 qui
444 2037 527 2066 credit
544 2038 572 2065 in
585 2045 636 2071 me,
659 2044 738 2072 opera
750 2044 809 2072 quia
822 2045 868 2072 ego
888 2036 958 2071 facio
973 2040 998 2063 et
1016 2036 1070 2070 ipse

287 2086 378 2121 faciet,
390 2090 415 2113 et
426 2085 530 2120 majora
539 2084 579 2111 Itis
592 2083 682 2119 faciet,
695 2083 759 2118 quia
773 2091 817 2118 ego
828 2082 862 2110 ad
874 2082 981 2109 Patrem
992 2083 1068 2110 vado.

287 2131 324 2160 Et
337 2132 507 2167 quodcunque
521 2130 650 2166 petieritit
664 2130 692 2156 in
704 2130 808 2157 nomine
819 2137 886 2161 meo,
898 2129 946 2156 hoc
960 2130 1068 2164 faciam,

287 2182 316 2204 ut
331 2178 492 2213 gloriﬁcatur
506 2176 588 2204 Pater
602 2177 630 2202 in
654 2174 724 2202 Filio
735 2175 768 2203 ".
785 2175 878 2210 Itaque
899 2176 923 2203 si
945 2174 1026 2203 Pater
1042 2175 1070 2202 in

591 148 618 175 S.
640 147 825 175 ATHANASH
844 147 920 177 OPP.
940 147 1030 176 PARS
1049 149 1069 175 l.
1090 163 1125 169 —
1142 148 1328 177 HISTORICA
1347 149 1390 176 ET
1408 148 1623 178 DOGMATICA.

290 209 383 243 quitur
407 211 436 234 ut
459 214 506 242 per
533 206 631 234 Filium
652 207 739 235 lactus
765 206 849 234 fuerit
870 207 998 235 mundus.
1024 206 1070 234 Sic

1124 207 1236 242 ἐγένετο.
1262 209 1305 235 Ἐν
1326 208 1380 244 γὰρ
1395 210 1427 244 τῇ
1444 209 1514 244 ἀρχῇ
1536 208 1583 235 τοῦ
1599 206 1765 242 Εὑαγγελὶου
1781 207 1846 242 περ).
1861 177 1914 233 τοῖό

1086 883 1106 910 Β

1855 147 1904 176 ι96

1892 217 1897 224 ν

1123 254 1273 281 Barcino?»
1284 254 1370 288 λέγων
1384 255 1505 282 Ἰωάννου
1515 254 1570 289 (24)
1578 255 1592 280 6
1602 253 1801 289 Εὑαγγελιστής
1811 261 1892 288 φησιν
1899 261 1906 268 ·

1124 302 1184 328 Οὐκ
1196 299 1236 336 ἦν
1249 301 1363 333 ἐκεῖνος
1376 301 1407 327 τὸ
1419 300 1492 335 φῶς,
1507 301 1574 328 ἀλλ’
1588 301 1637 327 ἵνα
1649 299 1826 334 μαρτυρήσῃ
1841 298 1908 332 περὶ

1122 347 1176 374 τοῦ
1190 347 1296 382 φωτός.
1313 345 1366 374 Ἦν
1378 347 1431 383 γὰρ
1443 367 1450 379 ,
1463 348 1500 380 ὡς
1512 348 1673 383 προὲφημεν
1683 367 1690 379 ,
1704 347 1738 372 τὸ
1750 345 1813 381 φῶς
1827 344 1909 376 αὐτὸς

1122 395 1136 420 6
1148 394 1263 430 Χριστὸς
1276 394 1309 421 τὸ
1326 394 1480 428 ἀληθινὸν,
1498 394 1532 421 τὸ
1544 393 1668 428 φωτίζον
1682 392 1780 419 πάντα
1797 392 1909 426 ἅνθρω-

1123 446 1181 466 πον
1191 440 1245 466 τὸν
1255 440 1417 474 ἐρχόμενον
1429 441 1472 473 εὶς
1493 439 1546 466 τὸν
1559 440 1674 473 κόσμον
1769 438 1800 465 Εἰ
1812 437 1867 473 γὰρ
1881 438 1911 463 ὲν

1122 485 1160 520 τῷ
1171 485 1265 521 κόσμῳ
1276 483 1320 521 ἦν,
1338 486 1384 512 καὶ
1395 487 1409 512 6
1421 485 1522 520 κόσμος
1533 485 1566 512 δι’
1578 484 1658 511 αὐτοῦ
1669 484 1790 518 ἐγένετο,
1802 483 1910 518 ἀνάγκη

1121 530 1168 557 οὖν
1183 530 1263 557 αὑτὸν
1279 529 1347 557 εἶναι
1361 531 1406 557 τὸν
1418 531 1503 564 Λόγον
1516 529 1562 557 τοῦ
1573 529 1650 562 Θεοῦ,
1668 530 1732 566 περὶ
1741 525 1772 556 οὗ
1783 529 1830 555 καὶ
1841 529 1911 555 πάν-

1121 585 1155 603 τα
1167 577 1200 603 δι’
1212 576 1293 602 αὑτοῦ
1307 576 1469 611 γεγενῆσθαι
1483 576 1592 612 ἔφησεν.
1610 575 1644 602 Ἦ
1658 575 1713 610 γὰρ
1729 575 1776 602 δύο
1791 575 1913 609 κόσμους

1122 621 1372 657 ἀναγκασθήσονται
1387 621 1492 656 λέγειν,
1510 622 1542 648 ἵν’
1556 622 1570 648 6
1585 621 1634 656 μὲν
1650 620 1684 647 δι’
1696 620 1776 651 Υἰοῦ,
1793 621 1808 646 6
1823 620 1852 646 δὲ
1868 619 1913 646 διὰ

1122 668 1167 695 τοῦ
1182 669 1268 702 Λόγου
1282 667 1325 703 εἴη
1336 667 1454 702 γεγονὼς
1464 676 1470 682 ·
1493 667 1508 702 ἢ
1520 689 1526 700 ,
1542 668 1566 693 εὶ
1578 664 1617 698 εἷς
1632 667 1704 693 ἐστιν
1717 667 1732 693 6
1743 666 1846 701 κόσμος
1861 666 1912 693 καὶ

1123 714 1172 749 μία.
1188 715 1204 749 ἡ
1220 714 1307 745 κτίσις
1318 734 1324 745 ,
1342 713 1486 740 ἀκόλουθον
1499 714 1546 740 καὶ
1561 713 1615 748 (26)
1636 713 1684 739 ἕνα
1699 713 1746 739 καὶ
1766 712 1812 738 τὸν
1827 712 1911 738 αὑτὸν

1122 760 1186 787 Υἱὸν
1209 761 1257 786 καὶ
1273 760 1357 794 Λόγον
1375 760 1428 795 πρὸ
1448 761 1538 795 πάσης
1561 759 1689 791 κτίσεως·
1712 758 1745 785 δι’
1760 758 1842 786 αὑτοῦ
1857 758 1912 793 γὰρ

1121 806 1240 841 γέγονεν.
1256 805 1360 832 Οὐκοῦν
1375 806 1398 831 εἰ
1413 805 1449 837 ὡς
1466 805 1521 840 (27)
1534 805 1579 832 διὰ
1599 804 1646 831 τοῦ
1662 804 1759 839 Λόγου,
1773 804 1845 831 οὕτω
1863 804 1912 830 καὶ

1121 851 1164 878 διὰ
1177 851 1241 878 Υἱοῦ
1252 850 1285 877 τὰ
1297 851 1385 877 πάντα.
1398 851 1517 885 γέγονεν,
1528 850 1602 876 οὐδὲν
1613 849 1731 877 ἐναντιον
1744 849 1907 885 φανήσεται,

1121 898 1188 925 ἀλλὰ
1204 898 1251 925 καὶ
1265 897 1360 924 ταύτὸν
1377 897 1419 932 εἴη
1441 897 1473 924 ἂν
1493 897 1595 928 εἰπεῖν,
1611 896 1666 930 ὡς,
1687 897 1735 923 Ἐν
1747 895 1826 930 ἀρχῇ
1840 893 1881 930 ἦν
1894 897 1911 922 ό

1121 945 1226 979 Λόγος,
1241 943 1284 970 Ἐν
1291 944 1362 979 ἀρχῇ
1376 941 1409 978 ἦν
1421 943 1435 969 6
1451 943 1523 974 Υἱός.
1537 943 1568 969 Εἰ
1581 943 1618 975 δὲ,
1629 943 1669 969 ὅτι
1683 941 1721 978 μὴ
1735 940 1835 968 εἶπενό
1853 942 1909 967 Ἰω-

1123 991 1219 1026 άννης,
1241 991 1286 1017 Ἐν
1302 991 1372 1026 ἀρχῇ
1389 987 1423 1024 ἦν
1444 989 1459 1015 6
1483 989 1545 1020 Υἱὸς
1556 1008 1564 1021 ,
1582 989 1631 1023 οὑχ
1646 988 1777 1023 ἁρμόζειν
1791 987 1909 1023 φήσουσι

1121 1037 1160 1072 τῷ
1174 1037 1230 1072 Υἰῷ
1247 1036 1281 1063 τὰ
1295 1036 1342 1062 τοῦ
1357 1035 1443 1069 Λόγου
1453 1054 1460 1066 ,
1474 1034 1532 1070 ὥρα.
1548 1035 1594 1061 καὶ
1608 1034 1642 1060 τὰ
1655 1033 1702 1061 τοῦ
1719 1033 1784 1060 Υἱοῦ
1803 1033 1842 1069 μὴ
1857 1034 1908 1069 ἁρ-

1125 1082 1216 1119 μόζειν
1230 1082 1269 1117 τῷ
1283 1082 1371 1116 Λόγῳ.
1387 1080 1438 1108 Τοῦ
1454 1080 1484 1107 δὲ
1500 1080 1566 1107 Υἱοῦ
1585 1079 1691 1115 ἐδείχθη
1706 1079 1747 1112 τὸ,
1772 1079 1848 1113 Ἐγὼ
1861 1080 1911 1106 καὶ

1123 1130 1140 1156 ὀ
1158 1127 1257 1162 Πατὴρ
1267 1127 1302 1154 ἐν
1312 1127 1414 1161 ἐσμεν,
1435 1126 1481 1153 καὶ
1493 1126 1522 1152 τὸ
1539 1125 1608 1160 (28),
1623 1127 1639 1152 ό
1654 1125 1696 1152 ὢν
1714 1125 1750 1151 ὲν
1764 1125 1826 1158 τοῖς
1837 1125 1911 1152 κόλ-

1124 1182 1190 1207 ποις
1203 1174 1256 1201 τοῦ
1272 1173 1385 1208 Πατρός
1395 1193 1402 1205 ,
1416 1172 1548 1207 ὑπάρχειν
1559 1171 1641 1198 αὐτόν
1650 1179 1658 1187 θ
1676 1171 1722 1197 καὶ
1736 1170 1766 1197 τὸ
1775 1190 1782 1202 ,
1800 1171 1828 1196 '0
1842 1171 1914 1197 θεω-

1119 1221 1183 1256 ρῶν
1203 1220 1265 1255 ἐμὲ,
1283 1218 1384 1253 θεωρεῖ
1392 1218 1446 1245 τὸν
1461 1216 1620 1253 πέμψαντά
1634 1225 1672 1251 με
1683 1225 1690 1231 ·
1709 1215 1797 1243 κοινὸν
1819 1216 1914 1252 μέντοι

1124 1267 1192 1301 πρός
1202 1275 1232 1293 τε
1244 1266 1289 1292 τὸν
1301 1265 1386 1299 Λόγον
1400 1264 1448 1291 καὶ
1461 1264 1507 1290 τὸν
1518 1263 1581 1290 Υἱὸν
1594 1262 1625 1289 τὸ
1640 1262 1685 1289 τδν
1699 1262 1800 1297 κόσμον
1812 1261 1846 1288 δι’
1860 1261 1913 1287 αὺ-

1124 1312 1169 1339 τοῦ
1191 1311 1369 1346 γεγενῆσθαι·
1396 1311 1434 1342 ὡς
1462 1311 1494 1336 ὲκ
1510 1309 1605 1336 τούτου
1624 1307 1777 1335 δείκνυσθαι
1794 1306 1848 1343 πρὸ
1863 1306 1912 1333 τοῦ

1124 1358 1226 1393 κόσμου
1240 1354 1310 1384 εἶναι
1322 1357 1367 1383 τὸν
1385 1356 1458 1383 Υἱόν.
1478 1355 1597 1390 Ἀνάγκη
1613 1354 1666 1390 γὰρ
1678 1353 1725 1380 τὸν
1743 1351 1912 1388 δημιουργὸν

1124 1403 1177 1439 πρὸ
1189 1403 1242 1430 τῶν
1256 1402 1403 1438 γινομένων
1417 1401 1474 1437 (29)
1490 1399 1569 1428 εἶναι.
1588 1401 1643 1428 Καὶ
1659 1400 1688 1426 τὸ
1700 1398 1768 1435 πρὸς
1778 1398 1914 1424 Φίλιππον

1124 1450 1152 1476 δὲ
1172 1449 1316 1485 λεγόμενον
1337 1449 1367 1475 οὐ
1385 1448 1430 1475 τοῦ
1446 1447 1533 1482 Λόγου
1549 1446 1609 1474 κατ’
1623 1446 1720 1477 αὐτοὺς
1735 1445 1768 1472 ἂν
1785 1444 1828 1479 εῐη
1842 1443 1914 1471 ἀλλὰ

1107 1524 1113 1529 ,
1124 1496 1170 1523 τοῦ
1186 1496 1260 1523 Υῑοῦ.
1277 1494 1346 1522 Εἷπε
1363 1495 1429 1530 γὰρ,
1443 1494 1535 1530 φησὶν,
1550 1494 1565 1521 6
1583 1492 1684 1528 Ἰησοῦς
1696 1492 1752 1527 (50)
1763 1499 1770 1507 ·
1799 1490 1913 1518 Τοσοῦ-

1085 1562 1106 1591 C

1124 1551 1178 1569 τον
1189 1542 1299 1576 χρόνον
1309 1541 1373 1576 μεθ’
1386 1540 1470 1576 ὑμῶν
1482 1541 1541 1575 ειμι
1550 1559 1557 1572 ,
1581 1539 1630 1566 καὶ
1646 1539 1702 1566 οὐκ
1716 1536 1849 1572 ἔγνωκάς
1860 1544 1912 1571 με,

1123 1589 1250 1616 Φίλιππε
1259 1596 1268 1619 ;
1281 1588 1312 1614 ‘0
1322 1587 1456 1622 ἑωρακὼς
1464 1585 1527 1621 ἐμὲ,
1537 1584 1645 1619 ἑώρακε
1657 1583 1710 1610 τὸν
1719 1582 1844 1616 Πατέρα.
1854 1581 1914 1609 Kal

1123 1634 1186 1667 πῶς
1201 1634 1241 1660 σὺ
1253 1633 1361 1668 λέγεις,
1382 1632 1485 1664 Δεῖξον
1498 1630 1570 1666 ἡμῖν
1583 1630 1638 1656 τὸν
1646 1630 1760 1665 Πατξρα
1776 1628 1833 1664 (3i)
1845 1637 1853 1662 ς
1868 1629 1914 1656 οὺ

1123 1680 1289 1712 πιστεύεις,
1305 1678 1349 1706 ὅτι
1362 1679 1418 1714 ἐγὼ
1430 1678 1466 1705 ἐν
1477 1677 1517 1710 τῷ
1535 1676 1627 1710 Harp!
1638 1695 1645 1707 ,
1663 1675 1712 1702 καὶ
1727 1677 1744 1702 ό
1758 1674 1860 1709 Πατὴρ
1875 1673 1913 1701 ἐν·

1123 1725 1187 1760 ἐμοί
1197 1725 1278 1757 ἑστι;
1294 1724 1331 1752 Τὰ
1340 1724 1469 1758 ῥήματα,
1481 1722 1501 1750 ἆ
1511 1722 1567 1758 ἐγὼ
1577 1721 1662 1750 λαλῶ
1672 1720 1754 1756 ὑμῖν,
1765 1720 1913 1755 ἀκᾋμαυ-

1123 1770 1176 1797 τοῦ
1187 1772 1222 1798 οὺ
1240 1769 1339 1798 λαλῶ·
1358 1771 1374 1797 ό
1388 1769 1423 1796 δὲ
1432 1768 1540 1803 ’Πατὴρ
1551 1788 1558 1800 ,
1574 1769 1591 1795 d
1600 1767 1636 1794 ἐν
1648 1766 1713 1802 ἐμοὶ
1725 1765 1826 1802 μένων
1836 1785 1844 1798 ,
1857 1766 1915 1792 αὺ-

1122 1815 1174 1848 τὸς
1187 1815 1242 1850 (52)
1257 1814 1336 1841 ποιεῖ
1344 1814 1383 1841 τὰ.
1393 1813 1474 1849 ἔργα.
1489 1811 1648 1840 Πιστεύπέ
1661 1821 1712 1847 μοι
1721 1831 1729 1844 ,
1742 1811 1787 1838 ὅτι
1802 1810 1861 1845 ἐγὼ
1874 1810 1913 1837 ὲν

1123 1861 1163 1893 τῷ
1179 1861 1285 1895 Harp),
1297 1860 1346 1887 καὶ
1365 1861 1382 1887 ό
1396 1859 1496 1893 Πατὴρ
1508 1859 1543 1886 ἐν
1553 1858 1619 1894 ἐμοί
1622 1878 1629 1885 .
1645 1858 1679 1885 ΕΖ
1695 1857 1729 1884 δὲ
1740 1857 1792 1892 μὴ,
1810 1856 1860 1883 διὰ
1873 1856 1913 1883 τὰ

1122 1906 1193 1940 ἔργα
1205 1904 1280 1933 αὐτὰ
1291 1904 1445 1933 πιστεύετέ
1454 1912 1517 1938 μοι.
1540 1903 1638 1938 Ἀμὴν,
1646 1902 1729 1937 ἀμὴν
1738 1902 1816 1936 λέγω
1826 1901 1910 1935 ὑμῖν,

1123 1953 1140 1979 ὁ
1155 1951 1303 1978 πιστεύων
1315 1952 1358 1984 εὶς
1373 1950 1436 1985 ἐμὲ,
1451 1950 1487 1977 τὰ
1499 1949 1587 1985 ἔργα,
1599 1948 1619 1977 ἆ
1633 1948 1691 1983 ἐγὼ
1708 1946 1792 1980 ποιῶ,
1807 1946 1909 1974 κά.κεῖ-

1123 2007 1176 2030 νος
1187 1997 1321 2032 ποιήσει,
1338 1997 1386 2024 καὶ
1397 1997 1517 2033 μείζονα
1530 1997 1642 2024 τούτων
1655 1995 1784 2028 ποιήσει,
1798 1992 1911 2027 cum

1124 2043 1198 2078 πρὸς
1209 2042 1262 2070 τὸν
1271 2042 1384 2078 Πατέρα
1397 2042 1568 2077 πορεύομαι.
1580 2041 1635 2068 Kal
1646 2040 1663 2068 ὅ
1676 2048 1704 2067 τι
1715 2039 1754 2066 ἂν
1765 2037 1911 2072 αἰτήσητε

1123 2090 1158 2116 ἐν
1168 2088 1208 2121 τῷ
1226 2088 1347 2123 ὀνόματι
1358 2097 1417 2122 μου
1427 2108 1434 2117 .
1449 2087 1536 2115 τοῦτο
1552 2086 1667 2120 ποιήσω
1677 2105 1685 2118 ,
1702 2086 1752 2112 ἵνα
1772 2082 1910 2117 δοξασθῇ

1124 2135 1140 2161 ὁ
1156 2133 1254 2167 Πατὴρ
1264 2133 1299 2160 ἐν
1311 2132 1351 2165 τῷ
1367 2132 1430 2165 Υιῷ.
1443 2132 1546 2159 Οὐκοῦν
1557 2132 1581 2158 εἰ
1593 2131 1607 2157 ὁ
1621 2131 1714 2166 Πατὴρ
1725 2128 1865 2162 δοξάζεται
1879 2128 1910 2153 ὲν

1123 2179 1163 2215 τῷ
1179 2178 1245 2214 Υἰῷ,
1256 2179 1270 2205 ὁ
1286 2178 1349 2210 Υἱὸς
1365 2178 1398 2205 ἂν
1410 2179 1452 2214 εἴη
1468 2179 1482 2204 6
1498 2177 1600 2212 ὶέγων·
1625 2175 1698 2211 Ἐγὼ
1717 2175 1752 2202 ἐν
1764 2174 1805 2206 τῷ
1817 2172 1912 2207 Hetth

286 2222 357 2251 Filio
373 2223 552 2259 gloriﬁcatur,
568 2221 653 2250 Filius
667 2222 728 2250 sine
751 2221 835 2249 dubio
852 2221 934 2249 fuerit
946 2222 993 2257 qui
1011 2223 1068 2250 ait:

1124 2224 1172 2251 καὶ
1186 2225 1202 2251 ό
1214 2223 1314 2258 Πατὴρ
1336 2224 1371 2250 ὲν
1383 2223 1448 2258 ἐμοι
1459 2230 1467 2238 ·
1490 2223 1571 2254 αὐτὸς
1586 2222 1633 2249 καὶ
1646 2221 1687 2253 τὸ,
1708 2221 1739 2247 ὀ
1753 2221 1806 2255 ἐμὲ
1820 2219 1912 2253 ἐώρα-

286 2269 344 2306 Ego
360 2269 390 2296 in
401 2268 493 2302 Patre,
505 2272 530 2295 et
547 2267 629 2295 Pater
644 2267 673 2294 in
689 2275 730 2294 me
748 2271 798 2300 est,
810 2272 848 2300 et,
869 2267 922 2300 Qui
939 2276 980 2295 me
994 2268 1068 2301 vidit,

1123 2269 1193 2302 κὼς,
1207 2268 1318 2303 ἑώρακε
1330 2267 1383 2295 τὸν
1395 2269 1519 2303 Πατέρα.
1536 2267 1622 2299 Αὐτὸς
1633 2266 1687 2302 γὰρ
1697 2266 1712 2293 6
1721 2265 1807 2293 ταῦτα
1822 2264 1911 2299 λέγων

323 2349 345 2365 ⁷³
362 2347 440 2376 Joan.
457 2356 476 2380 ι,
491 2347 519 2375 8.
557 2347 580 2363 ⁷⁸
598 2346 664 2374 ibid.
679 2346 706 2374 9.
742 2347 766 2362 "
784 2345 863 2374 Joan.
878 2355 906 2379 Ι,
925 2347 968 2375 50.
1007 2349 1030 2364 ⁷⁸
1048 2357 1070 2376 ,ι

1124 2371 1126 2376 ι
1140 2357 1160 2382 I,
1176 2349 1218 2376 l8.
1259 2349 1280 2364 ⁷⁷
1301 2347 1380 2376 Joan.
1398 2356 1446 2382 xu,
1462 2347 1507 2375 45.
1547 2346 1666 2388 πόθου.
1682 2354 1738 2379 xw,
1752 2345 1829 2373 9-l3.

322 2418 378 2461 (24.)
387 2419 433 2461 διε
445 2417 513 2461 ,Res-
531 2416 643 2461 595316.:-
657 2416 738 2461 9asil~
750 2417 940 2461 elevation;
952 2419 999 2461 sed
1015 2419 1069 2460 εισυ

285 2452 374 2484 ultimi
395 2453 520 2488 Ἰωάννης
545 2459 594 2487 pro
606 2452 736 2488 d’lmdtvvou
760 2452 869 2488 habent.
887 2453 921 2481 At
937 2454 1025 2481 centeri
1043 2459 1071 2482 et

285 2491 360 2523 editi,
373 2489 410 2522 ὡς
427 2489 442 2515 6
457 2486 581 2522 Ἰωάννης
605 2486 655 2522 ἔφη
681 2487 745 2522 περὶ
767 2487 932 2515 Βαπτιστοῧ·
950 2490 1007 2516 Οὐκ
1024 2487 1068 2525 ἦν,

285 2531 338 2554 etc.

321 2560 379 2596 (25)
399 2558 444 2587 Sic
452 2557 560 2596 Regius
573 2562 601 2596 et
617 2558 812 2596 Segnenanus.
826 2558 860 2596 ln_
870 2558 937 2596 aliis
946 2564 973 2586 et
987 2560 1069 2596 editis

285 2593 331 2622 τόν
353 2593 438 2623 deest.
452 2593 554 2621 Ibidem
579 2593 645 2627 Reg.
659 2593 771 2628 Seguer.
790 2593 873 2621 Basil.
887 2598 914 2621 et
924 2594 1067 2628 Anglican.

285 2629 449 2672 ardeam.va
469 2629 523 2664 γὰρ
544 2628 583 2664 τῷ
599 2628 704 2664 κόσμῳ,
717 2633 768 2656 etc.
785 2628 830 2656 Sic
850 2629 914 2656 item
929 2628 1006 2656 Gobl.
1022 2630 1069 2658 sed

291 2671 340 2701 γαρ
356 2671 469 2692 omisso.

321 2700 377 2739 (ἓξ)
397 2699 482 2739 ῼρὴιπ
493 2704 520 2726 et
536 2697 682 2739 Felcltni.__i
697 2697 744 2724 καί
759 2699 896 2726 omittunt.

322 2735 377 2770 (27)
398 2735 447 2770 :0;
459 2735 534 2762 abest
548 2734 583 2760 ab
594 2734 752 2770 Anglicani).

322 2768 378 2804 (28)
398 2769 434 2798 Τό
458 2771 535 2796 abest
559 2769 593 2805 ab
615 2769 774 2805 Anglicano.
798 2768 860 2796 Mox
880 2768 947 2804 Reg.
964 2769 1025 2805 Seg.
1042 2776 1069 2797 et

286 2803 372 2844 Basil.
391 2805 495 2832 addunt.
530 2804 661 2839 ὑπάρχειν
682 2804 772 2835 αὐτόν,
797 2812 857 2838 qua:
881 2803 932 2831 alii,
950 2810 976 2832 ct
1001 2803 1068 2833 editi

286 2843 423 2867 omittunt.

285 2847 423 2868 υιιηιιυιιι.

1158 2419 1214 2456 (29)
1234 2419 1300 2455 Reg.
1315 2419 1378 2454 Seg.
1392 2423 1419 2447 et
1433 2418 1510 2447 Gobl.
1529 2416 1688 2453 γινομένων.
1705 2415 1802 2444 Ceteri
1816 2419 1845 2444 et
1854 2416 1915 2444 edi-

1167 2455 1330 2481 γενομένων.

1123 2455 1155 2482 ti.
1167 2455 1330 2482 γενομένων.

1147 2475 1155 2488 ,
1167 2463 1330 2490 γενομενων.

1159 2490 1214 2526 (50)
1237 2489 1282 2526 Sic
1296 2489 1363 2526 Reg.
1382 2488 1451 2526 ses.
1462 2488 1545 2526 Basilt
1563 2493 1589 2526 et
1602 2487 1720 2526 Anglic;
1735 2485 1781 2526 sed
1789 2485 1914 2526 μοσχι(-

1123 2521 1192 2557 limi,
1205 2521 1257 2560 pro
1274 2521 1387 2560 Ἰησιῖῦς,
1409 2521 1509 2560 Habent
1528 2521 1663 2558 Ἰωάννηςζ
1677 2521 1773 2551 Caeteri
1787 2521 1815 2549 et
1831 2521 1913 2552 editi,

1123 2559 1254 2587 Τοσοῦξον
1268 2559 1331 2595 γὰρ,
1347 2559 1410 2595 ἔφη,
1423 2559 1529 2594 χρόνον.

1157 2596 1212 2631 (51)
1234 2590 1548 2631 Εᾱίιὶδῦεὶιιὶιιὶἐᾎὶηὶιιιιιι
1560 2598 1587 2631 et
1598 2593 1782 2631 aliqu9t_mss.
1792 2590 1839 2618 τὸν
1854 2590 1915 2616 Πα-

1122 2627 1261 2666 τέρα,’καὶ
1283 2630 1316 2656 τὰ
1340 2629 1413 2664 ἑξῆς.
1437 2630 1468 2656 Εἰ
1487 2630 1536 2664 μὲν
1551 2627 1597 2666 οὖν
1612 2627 1657 2666 τὸν
1673 2628 1827 2666 ᾶνρρωῖξον,
1842 2631 1913 2666 etc.,

1122 2661 1232 2693 omissis
1247 2661 1423 2696 intermediis,
1439 2661 1500 2699 qua}
1512 2665 1539 2692 in
1555 2664 1620 2699 Reg.
1639 2663 1701 2697 Seg.
1716 2661 1798 2699 Basil.
1811 2667 1840 2699 St
1853 2661 1913 2699 An-

1122 2700 1184 2735 glic.
1198 2705 1317 2728 exstant.
1332 2700 1383 2727 Sed
1400 2700 1427 2727 in
1442 2696 1503 2733 Seg.
1522 2705 1582 2734 past
1595 2696 1640 2725 ῗνα
1653 2696 1800 2735 δοξασθῇλὸ
1813 2696 1912 2735 ῌιτῂρ

1122 2731 1151 2761 ἓν
1166 2735 1205 2771 τῷ
1221 2736 1287 2770 Υἱῴ,
1305 2736 1404 2762 desunt
1417 2731 1645 2770 quaanse'quuutur
1665 2738 1728 2761 ante
1748 2731 1780 2759 Et
1795 2732 1846 2766 μὲν
1861 2731 1910 2759 οὖν

1121 2770 1166 2797 τὸν
1183 2770 1335 2806 ἄνθρωπον.

1157 2806 1212 2840 (52)
1233 2803 1316 2834 Basil.
1333 2810 1359 2832 et
1373 2804 1477 2840 Anglic.
1491 2805 1505 2831 6
1519 2808 1546 2832 et
1561 2804 1652 2836 αὐτὸς,
1668 2803 1807 2836 omittunt,
1824 2808 1856 2832 ut
1881 2805 1911 2831 et

1123 2841 1192 2868 αὐτὰ
1206 2841 1276 2868 infra
1291 2845 1350 2876 post
1362 2840 1396 2867 τὰ
1410 2841 1487 2875 ἔργα.
