1964 3038
73 111 116 140 ιθτ

596 114 723 142 ORATIO
740 114 773 142 iv
792 113 931 142 comm
949 100 1118 142 ARIANOS.‘

1607 113 1659 142 698

72 167 125 196 Υιὸν
139 167 226 195 ἑαυτὸν
240 168 371 197 δείκνυσιν
387 171 496 206 ἐπάγων
506 191 514 204 ,
531 172 581 199 ἵνα
591 166 726 207 δοξασθῇ
740 175 756 200 ὀ
771 175 826 200 Πα-

878 174 943 200 vidit
955 173 1074 200 Patrem.
1083 172 1134 206 Qui
1142 171 1212 200 enim
1221 171 1278 200 haec
1285 172 1414 207 loquitur,
1429 172 1547 208 seipsum
1558 171 1657 201 Filium

72 213 118 248 σὴρ
133 213 164 239 ἐν
177 212 214 245 τῷ
232 214 293 246 rte.

99 258 140 286 ΞΟ.
155 259 183 285 Ei
195 259 242 294 μὲν
252 258 299 286 οὖν
314 261 360 287 τὸν
386 261 537 297 ἄνθρωπον,
568 261 598 288 6v
610 262 738 298 ὲφόρεσεν
753 263 767 288 6
778 262 830 288 Λό-

70 310 118 338 γος,
130 303 203 331 αὐτὸν
223 302 292 331 εἶναι
310 305 419 339 λέγουσι
432 306 477 333 τὸν
489 307 551 333 Υἰὺν
577 307 623 333 τοῦ
638 307 704 334 Θεοῦ
718 307 764 334 τὸν
783 315 830 342 μο-

69 350 162 385 νογενῆ,
176 350 219 376 καὶ
235 351 271 386 μὴ
285 351 330 377 τὸν
349 352 434 387 Λόγον
462 353 533 379 Υἰόν·
547 355 562 380 6
575 354 716 389 ἄνθρωπος
728 353 760 380 ἂν
786 354 830 388 εἴη

67 395 203 428 ἀκολούθως
217 397 230 422 6
245 398 273 423 ἐν
287 397 326 432 τῷ
342 397 439 434 Πατρὶ,
455 399 483 425 ὲν
493 395 515 432 ᾦ
533 400 579 426 καὶ
592 401 606 426 6
629 399 723 435 Πατὴρ
736 400 765 426 ὲν
781 400 830 426 αὑ-

67 441 100 476 τῷ
111 441 168 477 (53)·
180 441 225 468 καὶ
239 443 254 468 6
266 442 408 478 ἄνθρωπος
423 443 456 470 ἂν
474 445 526 480 εἴη,
542 446 557 472 6
569 445 597 472 ἓν
613 445 650 472 ὢν
665 446 745 477 αὐτὸς
757 447 803 472 καὶ
816 447 831 472 6

67 487 157 522 Πατὴρ,
173 487 217 514 καὶ
231 488 245 514 6
264 489 293 514 ὲν
319 489 375 520 τοῖς
398 489 507 522 κόλποις
533 490 580 517 τοῦ
596 490 710 526 Πατρδς,
731 492 777 518 καὶ
800 491 831 518 τὸ

66 532 115 566 φῶς
124 532 151 558 τὸ
164 531 296 567 ἀληθινόν.
322 533 585 569 Ἀναγκασθήσονται
609 534 638 561 δὲ
649 534 696 560 καὶ
706 534 738 560 δι’
749 534 829 561 αὺτοῦ

64 577 104 604 τοῦ
121 577 255 613 ἀνθρώπου
269 579 355 606 εἰπεῖν
381 579 426 606 τὸν
457 580 556 615 κόσμον
585 580 757 616 γεγενῆσθαι,
781 581 828 607 καὶ

65 623 104 649 τὸν
116 622 249 658 ἄνθρωπον
258 622 326 651 εἶναι
347 625 394 651 τὸν
413 625 526 652 ὲλῢόντα
545 626 582 661 μὴ
606 627 696 661 κρῖναι
711 627 757 653 τὸν
788 626 831 653 κό-

63 677 132 704 σμον,
146 669 210 696 ἀλλὰ
224 669 306 696 σῶσαι
332 671 421 697 αὐτόν·
451 671 531 698 αὐτὸν
552 671 580 698 δὲ
607 670 677 698 εἶναι
698 673 743 698 καὶ
766 672 830 708 πρὶν

68 712 177 748 ’Δὸραὰμ
191 713 326 747 γενέσθαι,
352 715 466 748 Ἰησοῦς
484 715 548 752 γὰρ,
570 717 650 751 φησιν
668 716 734 752 (54),
747 715 830 744 εἶπεν

59 757 158 790 αὐτοῖς·
178 758 277 792 Ἀμὴν,
289 758 370 794 ἀμὴν
379 760 457 794 λέγω
468 760 548 794 ὑμῖν,
565 761 635 795 πρὶν
647 761 773 796 Ἀϐραὰμ
782 770 828 797 Τε-

59 802 160 836 νέσθιιι,
177 803 234 838 ἐγώ
248 805 315 838 ειμι.
330 805 385 831 Καὶ
401 805 459 837 πῶς
471 805 520 833 οὐκ
541 806 639 834 ἄτοπον
656 807 715 834 κατ’
731 808 829 840 αὐτοὺς

57 849 96 875 τὸν
108 849 138 874 ὲκ
148 849 303 884 σπέρματος
319 849 445 885 ’Δὸραὰμ
470 851 539 886 μετὰ
565 851 611 878 δύο
635 852 682 879 καὶ
699 853 829 889 τεσσαρά-

56 901 129 921 κοντα
143 894 236 928 γενεὰς
255 894 398 930 γενόμενον
414 895 470 931 (55)
485 895 572 931 λέγειν
585 917 593 930 ,
620 897 684 933 πρὶν
706 898 829 934 Ἀϐραὰμ.

55 937 179 972 γενέσθαι,
193 940 347 976 ὑπάρχειν;
378 941 440 973 Πῶς
455 942 484 968 δὲ
500 943 549 969 οὐκ
565 943 673 976 ἄτοπον,
698 945 721 971 εὶ
741 945 758 980 ἡ
772 944 827 979 (56)

52 983 164 1020 dpE,ﬂv
178 985 308 1021 ἑφόρεσεν
319 986 333 1012 6
347 986 442 1021 Λόγος,
459 987 527 1023 αὕτη
546 988 618 1015 ἐστὶν
633 990 647 1015 6
662 988 828 1022 Υἱὸς,λέγειν

51 1029 97 1065 τὴν
111 1031 141 1056 ὲκ
157 1031 269 1065 Μαρίας
284 1031 373 1068 σάρκα
386 1032 488 1068 ταύτην
503 1031 583 1065 εἶναι,
611 1034 644 1061 δι’
657 1033 690 1071 ἧς
701 1036 715 1062 6
728 1036 828 1071 κόσμος

50 1074 162 1108 ὲγένετος
178 1076 244 1108 Πῶς
255 1076 283 1103 δὲ
292 1078 406 1112 φήσουσι
421 1078 467 1105 καὶ
484 1079 522 1111 τὺ,
543 1079 594 1107 Ἐν
607 1080 647 1113 τῷ
666 1082 767 1115 κόσμῳ
776 1080 827 1117 ἥν;

49 1119 83 1146 T6
98 1121 149 1157 γὰρ
159 1122 211 1156 πρὸ
221 1122 273 1157 τῆς
293 1122 363 1149 κατὰ
376 1122 466 1159 σάρκα
480 1124 612 1158 γενέσεως
625 1125 673 1152 τοῦ
698 1126 763 1153 Υἱοῦ
777 1135 826 1162 ση-

49 1165 144 1200 μαίνων
155 1168 169 1194 6
183 1167 389 1203 εὐαγγελιστὴς,
410 1169 532 1205 ἐπήγαγε
549 1170 646 1205 λέγων,
663 1172 710 1197 Ἐν
723 1171 762 1204 τῷ
779 1173 828 1199 κός

46 1218 108 1245 σμῳ
116 1211 163 1247 ἦν.
177 1214 242 1246 Πῶς
258 1213 286 1241 δὲ
309 1215 334 1241 el
351 1215 388 1252 μὴ
402 1217 416 1243 6
441 1216 525 1250 Λόγος
545 1217 610 1247 Υἱός
638 1218 722 1251 ἐστιν,
741 1219 798 1246 ἀλλ’
813 1221 827 1246 6

45 1257 180 1293 ἄνθρωπος
200 1259 279 1292 Υἱὸς,
295 1260 406 1288 δύναται
430 1262 476 1289 τὸν
494 1263 596 1297 κόσμον
615 1263 709 1295 σῶσαι,
726 1262 766 1297 εἷς
788 1264 826 1292 ὢν

45 1302 89 1329 καὶ
102 1303 180 1336 αὐτὸς
191 1305 242 1332 τοῦ
258 1306 377 1342 κόσμου;
396 1308 427 1334 El
439 1308 468 1334 δὲ
488 1308 686 1344 ὰναισχυντοίεν
703 1311 750 1338 ἐπὶ
762 1312 825 1338 τού-

43 1356 105 1381 τοις,
119 1349 169 1377 ποῦ
178 1351 259 1378 ἔσται
274 1353 289 1379 6
300 1353 395 1388 Λόγος,
418 1352 465 1380 τοῦ
482 1354 625 1390 ἀνθρώπου
640 1354 714 1388 ὄντος
735 1357 764 1384 ἐν
789 1357 826 1392 τῷ

42 1394 125 1430 Πατρί
135 1404 143 1429 ;
157 1397 264 1429 Πόστος
281 1397 336 1433 (57)
347 1398 374 1424 δὲ
398 1398 473 1426 ἔσται
491 1401 505 1426 6
522 1399 607 1434 Λόγος
621 1401 688 1436 πρὸς
711 1401 757 1428 τὸν
774 1403 826 1430 Πα-

40 1439 113 1475 τέρα,
126 1441 172 1468 τοῦ
187 1442 336 1478 ἀνθρώπου
348 1444 395 1470 καὶ
409 1444 455 1470 τοῦ
468 1445 574 1481 Πατρός
596 1445 625 1472 ἒν
641 1446 740 1479 ὅντων;
755 1447 785 1474 Ei
796 1448 825 1475 δὲ

39 1484 53 1510 ό
67 1484 208 1521 ἄνθρωπος
227 1489 378 1524 μονογενής
393 1489 461 1521 ἐστι,
485 1489 583 1521 πόστος
595 1490 671 1517 ἔσται
684 1493 698 1517 6
720 1492 822 1526 Λόγος;

40 1529 72 1555 Ἦ
85 1530 138 1565 γὰρ
151 1531 283 1569 δεύτερον
292 1530 360 1559 εἶναι
371 1533 452 1561 αὑτὸν
466 1533 553 1566 λέξειέ
563 1543 615 1566 τις·
626 1535 642 1570 ἢ
652 1536 675 1562 ei
688 1535 745 1571 (58)
754 1536 824 1572 ὑπὲρ

36 1574 66 1601 τὸ
72 1576 225 1612 Μονογενὲς
233 1579 323 1611 ἐστιν,
332 1580 413 1611 αὐτὸς
421 1579 454 1607 ἂν
465 1580 508 1616 εἴη
520 1582 534 1607 6
544 1581 647 1616 Πατήρ.
660 1581 764 1618 Ὥσπερ
771 1582 825 1618 γὰρ

37 1618 74 1652 εἷς
86 1622 158 1650 ἐστιν
171 1624 307 1660 όΠατὴρ,
326 1624 411 1657 οὕτως
434 1625 463 1652 ἓν
482 1626 529 1653 καὶ
547 1626 577 1653 τὸ
592 1626 622 1659 ἐξ
646 1627 727 1654 αὑτοῦ
741 1628 826 1655 Μονο-

34 1667 119 1701 γενές.
132 1669 165 1696 Τί
176 1670 207 1697 δὲ
223 1670 276 1698 καὶ
296 1671 377 1698 πλέον
399 1673 413 1699 6
437 1673 521 1708 Λόγος
537 1673 594 1708 ἔχει
608 1673 654 1700 τοῦ
671 1673 823 1710 ἀνθρώπου,

36 1713 62 1739 ει
74 1722 105 1748 γε
116 1715 165 1750 οὐχ
180 1717 195 1743 6
207 1716 299 1750 Λόγος
312 1716 375 1749 Υἱός
387 1717 459 1750 ἐστι;
478 1718 528 1744 Διὰ
542 1719 590 1753 μὲν
615 1718 670 1754 γὰρ
688 1719 752 1746 Υῑοῦ
778 1719 825 1746 καὶ

33 1758 80 1785 τοῦ
91 1760 180 1795 Λόγου
194 1762 209 1788 6
223 1761 328 1797 κόσμος
342 1763 504 1799 γεγενῆσθαι
527 1764 690 1800 γέγραπται,
707 1765 754 1792 καὶ
769 1774 825 1792 κοι-

33 1805 76 1832 νόν
89 1807 147 1834 ὲστι
163 1807 206 1843 τῷ
222 1817 256 1835 τε
271 1808 350 1844 Λόγῳ
364 1810 411 1836 καὶ
421 1809 460 1845 τῷ
477 1809 534 1845 Υῑῷ
549 1811 580 1837 τὸ
591 1810 765 1847 δημιουργεῖν
778 1811 824 1839 τὸν

30 1851 139 1887 κόσμον·
158 1853 192 1880 τὸ
203 1853 234 1880 δὲ
245 1854 314 1889 ὁρᾷν
335 1854 383 1882 τὸν
398 1855 507 1891 Πατέρα
519 1856 569 1883 οὐκ
588 1856 628 1883 ἔτι
648 1857 677 1883 ὲν
687 1857 726 1892 τῷ
745 1857 824 1893 Λόγῳ

31 1895 194 1932 γέγραπται,
206 1898 272 1926 ἀλλ’
286 1899 315 1926 ὲν
328 1899 367 1934 τῷ
394 1899 462 1935 Υἱῷο
487 1901 534 1928 καὶ
561 1902 592 1928 τὸ
605 1901 701 1934 σώζειν
721 1903 766 1930 τὸν
779 1903 824 1930 κό-

30 1949 96 1976 σμον
109 1943 205 1970 οὐκέτι
219 1943 270 1970 διὰ
281 1944 326 1970 τοῦ
343 1944 429 1979 Λόγου
444 1945 551 1980 ἐλέχθη,
569 1946 636 1973 ἀλλὰ
652 1946 696 1973 διὰ
708 1947 755 1974 τοῦ
776 1956 824 1984 μο-

28 1987 151 2021 νογενοῦς
163 1989 245 2017 Υἱοῦ.
261 1987 336 2016 Εἴπε
352 1989 416 2026 γὰρ,
429 1991 520 2026 φησὶν,
532 1993 548 2018 ὁ
579 1991 702 2026 Ἰησοῦς·
714 1991 824 2020 T00013-

27 2040 79 2059 τον
94 2035 212 2068 χρόνον
234 2035 303 2070 μεθ’
315 2034 398 2070 ὑμῶν
416 2037 484 2070 ειμι,
498 2037 546 2063 καὶ
565 2038 619 2063 οὐκ
635 2037 766 2072 ἔγνωκάς
774 2047 822 2072 με,

25 2077 174 2112 (humare;
199 2080 227 2106 Ὀ
258 2080 394 2114 ἑωρακὼς
406 2081 466 2116 ἐμὲ,
486 2081 594 2116 ἑώρακε
621 2083 674 2109 τὸν
695 2084 820 2118 Πατέρα.

25 2122 79 2149 Καὶ
91 2124 137 2151 τὸν
145 2125 268 2161 Πατέρα
282 2125 309 2152 δὲ
323 2126 372 2161 οὐχ
381 2127 394 2152 6
406 2126 490 2159 Λόγος
502 2127 654 2162 γέγραπται
668 2128 822 2161 γινώσκειν,

871 227 940 247 'esse
955 219 1131 255 probat,cum
1147 218 1231 252 addit,
1239 222 1268 245 ut
1277 218 1438 254 gloriﬁcatur
1450 218 1530 245 Pater
1536 219 1564 246 in
1575 218 1656 246 Filio.

915 263 959 291 20.
976 263 1005 290 Si
1027 264 1109 298 igitur
1125 263 1292 291 contendunt
1306 263 1453 295 hominem,
1470 270 1551 297 quem
1566 266 1657 298 gesta-

880 308 919 336 vit
932 308 1060 342 Verbum,
1085 308 1185 336 Filium
1201 308 1248 336 Dei
1266 308 1433 344 unigenitum
1449 315 1519 340 esse,
1534 315 1588 336 non
1606 315 1657 336 au-

881 360 933 381 tem
945 354 1064 383 Verbum
1077 362 1084 382 :
1100 354 1222 389 sequitur
1235 358 1266 382 ut
1281 355 1363 382 homo
1380 354 1416 382 sit
1433 354 1477 382 ille
1492 355 1538 389 qui
1563 354 1590 381 in
1604 353 1657 381 Pa-

881 403 922 427 tre
936 404 988 432 est,
1013 404 1040 427 et
1055 399 1081 426 in
1097 407 1152 435 quo
1164 399 1244 427 Pater
1258 403 1299 428 est
1312 409 1318 426 :
1342 400 1424 428 homo
1436 400 1500 427 item
1517 399 1562 427 ille
1576 399 1658 427 fuerit

880 446 927 480 qui
941 453 1024 472 unum
1039 445 1096 480 ipse
1109 449 1136 472 et
1152 444 1232 472 Pater
1247 448 1298 478 est,
1313 445 1414 480 quique
1430 444 1457 472 in
1472 444 1534 472 sinu
1551 449 1593 472 est
1606 444 1658 472 Pa<

880 490 940 522 tris,
955 494 982 516 et
997 490 1044 517 lux
1058 497 1120 517 vera
1135 493 1186 518 est.
1202 489 1270 517 Hinc
1288 489 1366 517 fateri
1381 493 1510 524 cogentur
1524 489 1656 517 mundum

880 542 928 570 per
943 534 1081 561 hominem
1109 533 1210 561 factum
1231 540 1301 564 esse.
1317 537 1345 560 et
1359 532 1495 560 hominem
1510 540 1573 560 eum
1596 540 1658 560 esse

879 579 926 615 qui
939 580 1013 608 venit
1029 587 1083 607 non
1098 583 1128 607 ut
1139 579 1282 614 iudicaret,
1297 578 1345 607 sed
1362 583 1393 606 ut
1408 578 1538 606 mundum
1552 578 1657 606 salvum

880 625 979 653 taceret
994 634 1001 652 :
1020 625 1109 660 ipsum
1126 625 1242 659 denique
1262 631 1322 652 esse
1340 623 1416 659 prius
1427 631 1508 659 quam
1519 624 1656 652 Abraham

879 671 965 698 ﬁeret.
982 670 1060 698 Jews
1070 671 1154 704 enim,
1174 670 1273 706 inquit,
1297 670 1367 696 dixit
1380 669 1454 697 illis:
1468 669 1560 704 Amen,
1581 678 1657 698 amen

879 715 939 743 dico
962 716 1043 748 vobis,
1059 720 1199 751 antequam
1219 715 1353 743 Abraham
1376 715 1468 749 fieret,
1492 723 1538 751 ego
1553 723 1610 742 tum
1621 716 1654 743 ".

880 761 920 788 An
937 770 991 789 non
1006 769 1070 790 vero
1084 761 1281 797 perabsurdum
1295 761 1370 789 dictu
1382 765 1424 789 est
1438 769 1499 789 eum
1515 761 1656 796 exsistere,

879 811 1025 842 antequam
1039 807 1112 835 ﬁeret
1125 807 1273 841 Abraham,
1285 815 1365 842 quem
1380 815 1414 834 ex
1429 807 1531 835 semine
1542 807 1657 836 Abrahae

843 838 865 868 Β
879 857 940 886 post
952 838 1138 887 quadraginta
1159 852 1226 879 duas
1241 838 1335 880 aetates
1350 855 1445 879 natum
1468 859 1528 879 esse
1540 851 1657 879 volunt?

879 897 908 925 Si
933 898 996 925 item
1015 905 1089 931 caro,
1106 905 1187 932 quam
1216 896 1331 925 Verbum
1353 898 1477 933 gestavit,
1495 896 1581 926 Filius
1594 903 1655 926 est:

877 951 912 970 an
926 950 979 970 non
992 943 1165 970 vehementer
1174 946 1305 978 repugnat
1316 943 1477 971 contendere
1488 943 1558 971 hanc
1569 943 1656 978 ipsam

877 996 997 1020 carnem,
1020 996 1101 1024 quam
1124 996 1157 1016 ex
1181 988 1395 1023 Maria-accepit,
1422 996 1484 1016 esse
1500 996 1548 1023 per
1573 996 1656 1023 quam

877 1034 995 1061 mundus
1011 1033 1098 1062 tactus
1115 1034 1176 1061 est?
1192 1033 1262 1067 Quid
1274 1041 1339 1060 vero
1352 1033 1386 1061 de
1402 1033 1444 1061 his
1454 1033 1544 1061 verbis
1559 1034 1655 1061 dicturi

877 1084 952 1111 sunt,
962 1079 994 1106 Iu
1007 1079 1104 1106 mundo
1119 1085 1175 1106 erat
1185 1080 1197 1106 .9
1209 1078 1332 1114 Namque
1345 1079 1518 1114 evangelista,
1531 1083 1562 1106 ut
1572 1079 1656 1114 signi-

879 1124 972 1155 ﬁcaret
987 1125 1125 1152 exstitisse
1137 1124 1247 1158 Filium,
1262 1124 1421 1160 priusquam
1436 1124 1585 1152 secundum
1597 1132 1656 1152 car-

877 1178 938 1197 nem
949 1174 1116 1203 nasceretur,
1125 1171 1182 1198 haec
1189 1170 1304 1205 subjecit
1312 1170 1404 1204 verba,
1411 1170 1444 1197 lu
1453 1170 1549 1204 mundo
1557 1174 1614 1197 erat
1620 1170 1653 1197 ⁸⁸.

875 1215 960 1243 Porro
975 1216 999 1242 si
1016 1223 1070 1243 non
1085 1214 1201 1243 Verbum
1215 1221 1257 1243 est
1275 1214 1371 1248 Filius,
1387 1215 1436 1243 sed
1450 1215 1533 1243 homo
1554 1220 1595 1243 est
1610 1215 1655 1243 Fi-

875 1261 938 1294 lius,
955 1260 1093 1296 quomodo
1117 1260 1248 1288 mundum
1273 1261 1359 1296 possit
1374 1267 1493 1294 servare,
1515 1268 1578 1288 cum
1598 1261 1656 1296 ipse

875 1313 984 1340 quoque
999 1305 1034 1333 sit
1050 1313 1084 1332 ex
1099 1305 1221 1332 mundo?
1235 1305 1313 1339 Quod
1329 1306 1352 1333 si
1367 1313 1418 1333 nec
1433 1305 1477 1333 his
1490 1305 1653 1340 rationibus.

875 1359 969 1379 eorum
985 1351 1182 1386 comprimetur
1197 1351 1375 1386 impudentia,
1393 1351 1574 1386 respondeant
1592 1351 1655 1379 ubi-

875 1405 938 1424 nam
962 1396 1083 1424 futurum
1109 1397 1144 1424 sit
1159 1396 1286 1429 Verbum,
1307 1397 1330 1424 si
1346 1397 1428 1424 homo
1445 1400 1487 1424 est
1501 1397 1528 1423 in
1553 1397 1656 1424 Patre?

875 1441 993 1475 Quotum
1008 1446 1096 1470 autem
1111 1441 1228 1469 Verbum
1243 1442 1295 1469 erit
1308 1448 1370 1470 cum
1388 1441 1478 1475 Patre,
1494 1449 1556 1469 cum
1572 1442 1654 1469 homo

874 1492 901 1516 et
913 1487 991 1515 Pater
1006 1495 1089 1515 unum
1109 1488 1163 1514 sint
1174 1487 1185 1514 ?
1198 1486 1276 1520 Quod
1291 1487 1314 1515 si
1333 1487 1415 1514 homo
1430 1487 1586 1523 unigenitus
1595 1491 1653 1520 est;

875 1539 999 1569 quotum,
1016 1541 1120 1569 quaeso,
1137 1533 1189 1561 erit
1203 1533 1322 1561 Verbum
1334 1533 1345 1560 ?
1355 1532 1404 1560 Vel
1416 1533 1488 1561 enim
1504 1533 1654 1561 secundum

875 1587 934 1607 esse
953 1579 1127 1614 respondebit
1143 1578 1241 1613 aliquis
1256 1587 1264 1605 :
1280 1579 1322 1606 vel
1341 1579 1365 1606 si
1383 1586 1465 1614 supra
1480 1578 1653 1614 Unigenitum

874 1628 935 1657 est,
957 1624 1014 1659 ipse
1028 1628 1101 1651 certe
1124 1623 1205 1651 Pater
1221 1623 1313 1651 fuerit.
1330 1623 1561 1657 Quemadmodum
1580 1624 1653 1652 enim

874 1677 945 1697 unus
961 1673 1004 1697 est
1018 1669 1100 1696 Pater
1113 1691 1120 1702 ,
1135 1669 1173 1696 ita
1193 1668 1354 1704 Unigenitus
1369 1677 1401 1697 ex
1421 1677 1454 1697 eo
1475 1674 1565 1703 natus,
1582 1678 1654 1698 unus

874 1719 925 1743 est.
941 1715 1011 1748 Quid
1029 1719 1158 1750 praeterea
1175 1714 1292 1742 Verbum
1307 1715 1416 1742 homine
1431 1716 1548 1750 amplius
1560 1716 1652 1748 habet.

874 1761 898 1788 si
913 1760 1033 1789 Verbum
1047 1760 1133 1788 Filius
1145 1768 1200 1788 non
1214 1761 1250 1788 sit
1262 1761 1273 1788 i
1287 1760 1417 1789 Mundum
1430 1761 1537 1796 quidem
1549 1769 1597 1796 per
1609 1761 1653 1789 Fi-

872 1808 940 1836 lium
960 1813 987 1835 et
1007 1806 1127 1835 Verbum
1149 1807 1250 1835 factum
1270 1815 1330 1835 esse
1355 1807 1485 1842 scriptum
1501 1812 1552 1840 est,
1576 1815 1652 1835 com-

873 1861 1010 1889 muneque
1034 1857 1076 1882 est
1101 1852 1191 1881 Verbo
1213 1858 1240 1881 et
1258 1852 1327 1881 Filio
1350 1853 1482 1881 mundum
1497 1860 1609 1881 creare:
1626 1858 1654 1881 at

873 1899 981 1927 Patrem
1006 1907 1061 1927 non
1081 1907 1097 1926 a
1124 1898 1213 1927 Verbo
1229 1899 1276 1927 sed
1292 1907 1307 1926 a
1331 1898 1402 1926 Filio
1426 1899 1511 1927 videri
1535 1899 1654 1927 declarat

875 1943 1014 1981 Scriptura
1028 1955 1035 1980 ;
1052 1953 1103 1973 nec
1115 1945 1181 1972 item
1197 1945 1321 1973 mundus.
1334 1953 1381 1981 per
1394 1945 1523 1978 Verbum,
1544 1945 1591 1973 sed
1606 1952 1653 1980 per

873 1992 1041 2027 unigenitum
1063 1990 1159 2018 Filium
1186 1991 1280 2019 salvus
1300 1991 1359 2019 ﬁeri
1382 1991 1492 2020 dicitur.
1515 1991 1651 2026 Namque.

873 2037 970 2072 inquit,
988 2036 1062 2064 Dixit
1073 2035 1165 2063 Iesus:
1178 2036 1261 2063 Tanto
1278 2041 1390 2071 tempore
1401 2037 1532 2064 vobiscum
1543 2045 1612 2069 sum,
1628 2040 1653 2063 et

874 2091 926 2110 non
939 2081 1082 2116 cognovisti
1092 2089 1142 2114 me,
1156 2081 1300 2116 Philippe?
1317 2081 1368 2113 Qui
1382 2081 1446 2108 vidit
1459 2089 1509 2114 me,
1520 2081 1586 2108 vidit
1597 2081 1653 2108 Pa-

874 2135 940 2156 trem
951 2129 984 2155 “.
997 2126 1051 2155 Nec
1067 2127 1148 2154 etiam
1160 2135 1174 2154 a
1191 2126 1289 2160 Verbo,
1309 2128 1355 2154 sed
1374 2135 1389 2154 a
1404 2126 1472 2154 Filio
1488 2127 1593 2154 Patrem
1607 2135 1654 2155 co-

23 2169 79 2196 ἀλλ’
99 2172 113 2197 6
125 2172 202 2203 Υἱός·
220 2172 292 2207 ὁρᾷν
308 2172 363 2206 (59)
386 2172 414 2198 δὲ
437 2173 482 2199 τὸν
497 2173 606 2207 Πατέρα
628 2173 676 2208 οὐχ
698 2174 712 2199 6
737 2174 822 2208 Λόγος

878 2175 967 2210 gnosci
982 2175 1121 2208 legimus:
1145 2173 1182 2200 uti
1206 2180 1256 2200 nec
1286 2171 1404 2201 Verbum
1429 2172 1521 2201 videre
1544 2172 1652 2201 Patrem

24 2215 144 2251 εἴρηται,
166 2217 229 2244 ἀλλ’
246 2218 262 2243 ὀ
278 2217 423 2253 μονογενὴς
438 2218 501 2249 Υῑὺς
519 2219 533 2244 6
549 2218 586 2244 ὣν
599 2219 639 2251 εὶς
663 2219 708 2245 τὸν
723 2220 821 2246 κόλπον

20 2263 68 2288 τοῦ
79 2264 204 2299 Πατρός.

55 2308 101 2335 21.
120 2309 156 2335 Τί
174 2310 207 2336 δὲ
220 2309 306 2335 πλέον
316 2310 355 2340 εἰς
374 2310 510 2345 σωτηρίαν
525 2308 602 2344 ὴμῶν
616 2310 630 2336 ὁ
651 2310 735 2344 Λόγος
753 2319 821 2348 συμ-

19 2353 150 2381 ϐάλλεται
168 2355 281 2390 μᾶλλον
306 2355 352 2381 τοῦ
366 2355 441 2387 Υἰοῦ,
457 2356 483 2382 sl
497 2364 528 2390 γε
541 2356 599 2382 κατ’
619 2355 716 2387 αὐτοὺς
743 2356 821 2388 ἄλλος

17 2399 94 2427 ἐστὶν
109 2402 124 2428 6
138 2401 220 2433 Υἱὸς,
235 2401 287 2427 καὶ
303 2401 380 2432 ἄλλος
394 2402 408 2427 6
420 2401 520 2435 Λόγος;
533 2401 673 2428 Πιστεύειν
684 2401 738 2437 γὰρ
747 2403 822 2438 ἡμᾶς

14 2446 66 2472 οὐκ
76 2446 119 2478 εἰς
130 2447 181 2472 τὸν
205 2446 310 2480 Λόγον,
333 2447 388 2473 ἀλλ’
409 2447 449 2478 εἰς
460 2446 505 2472 τὸν
520 2446 582 2473 Υἱὺν
598 2446 742 2481 πρόσταξις
751 2448 819 2474 ἐστι.

875 2220 992 2252 dicitur,’
1010 2218 1064 2253 sed
1093 2217 1255 2252 Uuigenitus
1283 2217 1368 2246 Filius
1395 2218 1442 2253 qui
1469 2223 1511 2245 est
1539 2218 1566 2245 in
1590 2218 1652 2245 sinu

875 2265 972 2292 Patris.
1417 2288 1419 2292 .

909 2311 953 2337 2i.
973 2309 1076 2344 Ecquid
1099 2316 1180 2344 porro
1198 2308 1316 2337 Verbum
1338 2309 1372 2336 ad
1392 2313 1511 2337 nostram
1537 2309 1652 2337 salutem

874 2356 991 2390 amplius
1012 2355 1099 2390 possit
1113 2354 1237 2382 conferre
1251 2363 1334 2390 quam
1352 2354 1447 2386 Filius,
1463 2356 1487 2383 si
1500 2362 1605 2390 nempe,
1623 2360 1653 2383 ut

874 2402 1050 2434 arbitrantur,
1067 2401 1136 2428 alius
1154 2405 1195 2428 est
1209 2400 1305 2434 Filius,
1319 2405 1345 2429 et
1357 2401 1430 2428 aliud
1444 2401 1563 2428 Verbum
1574 2402 1585 2428 Τ
1597 2400 1652 2429 Nos

874 2447 946 2474 enim
965 2454 1019 2474 non
1037 2447 1063 2473 in
1082 2445 1211 2478 Verbum,
1229 2447 1275 2474 sed
1297 2447 1323 2473 in
1341 2445 1439 2474 Filium
1454 2446 1564 2474 credere
1574 2446 1652 2481 jube-

49 2527 73 2542 ⁷⁹
91 2526 181 2555 Joan.
199 2535 269 2559 vni,
288 2528 331 2554 58.
371 2527 394 2543 ⁸ο
413 2526 491 2554 Joan.
504 2535 523 2559 i,
543 2527 586 2554 iO.
624 2527 646 2543 ⁸¹
667 2527 744 2556 Joan.
763 2537 819 2562 xiv,
833 2529 859 2556 9.

48 2598 108 2632 (55)
131 2597 183 2625 Sic
200 2605 277 2624 mss.
293 2606 396 2625 omnes.
415 2597 503 2625 Editio
524 2597 748 2630 Commcliuiana,
762 2599 776 2624 6
790 2599 818 2625 ἐν

14 2631 57 2667 τῷ
68 2634 174 2667 “arpi,
196 2633 251 2668 καὶ
274 2633 288 2658 6
302 2633 395 2668 Πατὴρ
412 2634 440 2659 ἐν
454 2633 537 2668 αὐτῷ.

47 2668 106 2702 (54)
130 2668 181 2695 Sic
203 2667 279 2700 Reg.
306 2667 465 2702 chjilasil.
482 2667 668 2703 l-t'Anglican.
684 2668 718 2694 At
735 2668 781 2695 alii
794 2673 820 2696 et

14 2702 196 2738 ειΙὶιί,Ἀμὴν
214 2703 290 2738 γὰρἱ
302 2702 352 2737 ἔφη
366 2704 380 2729 6
398 2703 510 2738 Ἰησοῦς,
528 2702 607 2737 λέγω,
627 2707 678 2730 etc.

46 2738 105 2774 (55)
126 2737 307 2774 Basilir-nsis
320 2738 533 2774 et_Anglu:auus,
550 2738 702 2773 γενόμενον.
720 2737 820 2774 Regius

14 2777 38 2799 st
55 2773 278 2812 Segni-ﬂantis,
299 2772 450 2807 λεγόμενον.
470 2773 521 2800 Alii
545 2774 663 2808 edilique
674 2772 820 2809 utrumque

14 2812 158 2836 omnium.

904 2598 959 2634 (56)
981 2597 1026 2626 Sic
1041 2598 1140 2633 Regius
1156 2602 1182 2625 et
1197 2597 1388 2634 Seguerianus,
1402 2602 1431 2624 ut
1445 2603 1472 2625 et
1480 2597 1601 2627 Nannius
1615 2599 1653 2627 le—

869 2634 917 2668 git.
934 2634 985 2660 Alii
1000 2639 1028 2660 et
1041 2634 1116 2665 editi,
1134 2633 1186 2668 εἴη,
1203 2633 1341 2660 mendose.

904 2668 959 2703 (57)
979 2668 1155 2703 Goblerianus
1170 2668 1214 2695 hic
1228 2674 1254 2695 et
1266 2676 1338 2699 mox,
1355 2668 1446 2699 πόσος.

905 2704 960 2737 (58)
981 2703 1024 2730 Sic
1040 2702 1104 2738 Reg.
1123 2703 1184 2738 ch.
1199 2703 1281 2730 Basil.
1299 2708 1326 2730 et
1337 2703 1441 2739 Anglic.
1458 2702 1492 2730 At
1507 2703 1533 2730 iu
1551 2703 1612 2732 aliis
1624 2707 1654 2734 et

870 2738 949 2765 editis
962 2738 1037 2765 deest
1050 2739 1083 2764 ει.

908 2772 962 2809 (59)
983 2773 1140 2801 Basiliensis
1154 2777 1178 2801 et
1191 2772 1366 2807 Anglicanus,
1383 2773 1429 2800 καὶ
1442 2773 1516 2810 όρᾷν.
