1964 3038
291 134 342 162 £99

583 132 612 160 S.
632 127 818 157 ATHANASII
837 127 912 155 OPP.
931 126 1021 154 PARS
1040 125 1061 152 Ι.
1081 140 1116 146 --
1134 123 1318 152 HISTORICA
1337 122 1382 150 ET
1401 121 1608 150 DOGMATICA.

1833 119 1879 149 500

287 198 362 222 mur.
381 193 410 218 ut
423 191 541 217 Joannes
557 188 599 216 bis
621 187 710 214 verbis
721 187 841 214 declarat.
857 195 863 213 :
881 184 933 217 Qui
947 183 1027 211 credit
1040 183 1065 209 iu
1080 207 1082 211 Α

1131 182 1184 217 nisi
1193 182 1246 218 γὰρ
1259 183 1273 208 6
1300 182 1424 216 Ἰωάννης
1448 179 1515 216 (40)’
1551 180 1582 209 ὀ
1607 179 1753 206 πιστεύων
1775 181 1816 213 εις
1835 181 1881 208 τὸν

291 237 402 268 Filium,
424 235 500 262 habet
516 235 598 262 vitam
613 238 740 261 meritam
751 241 760 259 :
775 233 821 267 qui
831 236 918 258 autem
933 228 1002 256 Filio
1015 235 1066 254 non

289 283 382 314 credit,
407 289 457 307 non
479 280 575 307 videbit
590 279 712 307 vitam".
733 279 848 312 Insuper
870 281 993 304 sanctum
1016 273 1066 301 ba-

288 328 398 363 ptisma,
415 326 442 354 in
459 333 514 360 quo
530 325 613 352 totius
635 329 736 352 nostra:
754 323 815 350 ﬁdei
838 321 926 357 posita
949 324 990 348 est
1003 326 1069 347 con.-

287 371 405 404 stitutio,
421 379 475 399 non
489 371 516 398 in
530 370 660 402 Verbum,
684 369 732 397 sed
747 369 775 396 in
792 367 898 395 Patrem
922 369 948 394 et
970 364 1067 392 Filium

290 422 320 445 et
335 421 459 444 sanctum
483 415 615 451 Spiritum
640 415 729 442 datur.
755 412 924 448 Quapropter
940 410 1021 445 502
1046 409 1069 436 si

290 462 438 490 secundum
461 461 523 489 illos
543 461 617 488 aliud
633 464 676 488 est
693 459 820 490 Verbum,
838 463 864 485 et
885 457 954 484 alius
974 455 1069 487 Filius,

291 515 341 535 nec
357 506 476 535 Verbum
490 511 532 534 est
548 505 633 533 Filius
647 515 654 532 :
675 505 742 532 nihil
756 512 822 532 sane
836 503 870 531 ad
885 502 1003 530 Verbum
1024 501 1070 528 ba-

290 555 390 590 ptisma
405 554 533 589 pertinet.
546 553 689 586 Quomodo
700 552 782 588 igitur
792 550 910 578 Verbum
923 548 1070 577 secundum

292 601 355 629 illos
371 608 425 627 una
438 604 479 627 est
495 607 557 627 cum
572 597 663 629 Patre,
679 605 739 624 cum
752 597 779 624 in
789 594 914 631 baptismi
927 593 1072 621 donatione

290 653 346 680 una
357 653 419 673 cum
435 653 467 673 eo
481 652 534 672 non
549 645 585 672 sit
598 644 609 670 ?
622 643 657 673 At
673 643 742 670 forte
755 640 914 676 responsuri
929 643 992 667 sunt
1006 637 1074 665 Ver-

292 691 357 718 bum
373 692 400 718 in
421 690 510 718 Patris
535 690 644 717 nomine
669 688 812 716 contineri.
839 686 936 720 Quidni
959 693 1024 720 ergo
1046 688 1074 711 et

294 737 435 773 Spiritus?
454 737 494 764 An
510 744 574 764 vero
592 741 666 764 extra
685 734 793 763 Patrem
809 733 916 762 exsistit
934 730 1074 766 Spiritus?

294 782 407 815 Deinde,
422 782 444 810 si
460 781 576 809 Verbum
591 788 644 808 non
661 784 702 808 est
714 779 811 813 Filius,
823 779 906 806 homo
919 777 1000 812 igitur
1014 780 1075 811 post

293 826 402 855 Patrem
414 827 595 854 nominandus
605 825 666 859 erit,
675 831 700 853 et
715 825 832 860 Spiritus
848 828 908 858 post
923 823 1072 850 hominem:

293 879 345 900 nec
359 872 416 907 jam
433 873 524 899 unitas
546 880 577 898 ex
597 871 705 898 illorum
735 869 868 898 sententia
886 869 912 895 in
930 868 1074 894 trinitatem

293 913 461 950 dilatabitur,
477 917 523 944 sed
536 917 564 943 in
578 916 798 951 quaternitatem,
811 921 907 949 nempe
919 913 946 940 in
957 912 1074 944 Patrem,

295 963 424 996 Verbum,
443 963 551 993 Filium,
569 968 596 990 et
613 961 744 996 Spiritum
762 964 895 991 sanctum.
913 958 1011 985 Verum
1034 958 1077 984 hic

295 1017 342 1037 eos
368 1009 454 1044 pudor
479 1010 506 1036 in
522 1009 595 1036 aliud
617 1006 846 1043 cogiteonl‘ugere
871 1004 1075 1032 deverticulum.

295 1055 380 1084 Aiunt
395 1056 477 1091 igitur
492 1063 546 1083 non
563 1055 698 1082 hominem
716 1061 850 1085 seorsum,
865 1060 944 1086 quem
965 1051 1079 1085 gestavit

297 1102 439 1134 Dominus,
458 1103 504 1130 sed
521 1107 675 1136 utrumque,
696 1101 812 1128 Verbum
829 1100 932 1127 scilicet
946 1103 973 1126 et
993 1097 1079 1125 homi—

298 1156 370 1180 nem,
387 1156 446 1176 esse
469 1148 567 1175 Filium
583 1159 589 1175 :
608 1149 688 1175 ambo
702 1147 774 1174 enim
790 1145 869 1174 simul
887 1144 1034 1180 conjuncti.
1050 1147 1080 1170 ut

299 1195 436 1230 inquiunt,
450 1194 535 1222 Filius
551 1195 730 1230 appellantur.
747 1192 813 1226 Quis
828 1192 911 1226 igitur
926 1191 1078 1221 amborum,

299 1247 382 1267 causa
397 1240 507 1267 alterius
521 1239 584 1267 est?
599 1238 665 1266 Uter
681 1243 771 1265 utrum
788 1237 876 1264 elTecit
887 1236 1006 1263 Filium?
1020 1235 1079 1267 Vel,

301 1290 331 1313 ut
348 1286 455 1321 planius
469 1285 564 1320 loquar
577 1305 584 1317 ,
598 1292 662 1311 num
677 1283 794 1312 Verbum
815 1282 900 1310 Filius
914 1288 954 1309 est
971 1287 1081 1317 propter

300 1332 431 1359 carnem?
445 1339 478 1359 an
493 1339 557 1359 vero
572 1339 636 1359 caro
656 1335 764 1365 propter
782 1328 900 1356 Verbum
920 1328 1004 1356 Filius
1015 1328 1082 1356 dici-

301 1378 368 1405 tur?
383 1377 567 1413 Annepotius
584 1382 707 1404 neutrum
729 1376 804 1404 alteri
822 1383 904 1402 causa
917 1379 957 1402 est
973 1382 1022 1401 cur
1037 1373 1082 1401 Fi-

302 1423 356 1451 lius
379 1424 542 1459 appelletur,
569 1423 616 1450 sed
631 1423 706 1450 solus
731 1421 874 1449 amborum
899 1420 1083 1456 congressus?

304 1468 381 1501 Quod
398 1469 420 1496 si
436 1469 554 1496 Verbum
571 1473 680 1503 propter
694 1474 819 1498 carnem,
844 1465 941 1493 Filium
965 1473 1026 1493 esse
1040 1473 1083 1492 re-

303 1515 463 1550 sponderint
476 1536 483 1548 ,
503 1519 576 1542 certe
588 1521 698 1541 carnem
713 1512 813 1539 Filium
826 1519 886 1539 esse
899 1518 1009 1538 necesse
1024 1514 1081 1538 est:
1097 1525 1117 1554 ο

303 1568 358 1595 quo
371 1568 405 1588 ex
417 1567 548 1594 responso
567 1559 657 1586 omnia
676 1558 721 1585 illa
735 1556 852 1584 absurda
872 1560 1083 1590 consequentur,

302 1614 364 1641 quae
379 1613 412 1633 ex
429 1605 537 1633 illorum
552 1605 676 1639 superius
688 1604 788 1630 dictum
801 1607 843 1629 est
860 1601 924 1628 oriri
940 1602 1083 1632 sententia,

304 1651 351 1685 qui
372 1650 507 1677 hominem
523 1650 620 1677 Filium
641 1656 701 1676 esse
723 1649 867 1675 allirmant.
896 1646 923 1673 Si
942 1653 1006 1673 vero
1022 1653 1085 1680 pro-

305 1700 364 1732 pter
388 1694 507 1723 Verbum
534 1704 598 1723 caro
623 1694 707 1721 Filius
722 1694 840 1724 dicitur,
867 1692 948 1726 igitur
965 1690 1083 1718 Verbum

305 1743 386 1773 etiam
400 1747 462 1770 ante
479 1750 588 1769 carnem
605 1740 690 1768 Filius
702 1745 769 1767 erat.
786 1738 853 1766 Nam
863 1739 909 1774 qui
926 1738 989 1765 ﬁeri
998 1741 1085 1772 potest

306 1791 337 1814 ut
357 1788 425 1815 alios
443 1788 487 1814 ille
514 1786 586 1814 ﬁlios
603 1786 706 1816 reddat.
731 1785 776 1819 qui
795 1785 853 1818 ipse
870 1783 941 1810 [ilius
958 1790 1011 1809 non
1031 1786 1082 1815 est,

1091 241 1098 248 -
1115 227 1183 255 Υἱὸν
1200 228 1261 262 ἔχει
1277 227 1352 261 ζωὴν
1367 227 1518 254 αἰώνιονθό
1532 225 1567 252 δὲ
1581 225 1710 253 ἀπειθῶν
1719 225 1759 258 τῷ
1773 225 1823 258 Υιῷ
1835 227 1881 254 οὐκ

1117 274 1222 308 ὄψεται
1246 273 1332 308 ζωήν.
1356 273 1411 301 Καὶ
1433 273 1463 299 τὸ
1493 271 1570 306 ἅγιον
1594 272 1622 298 δὲ
1648 272 1795 307 βάπτισμα,
1819 273 1845 299 ὲν

1117 322 1207 356 πάσης
1217 321 1333 351 πίστεως
1351 319 1428 354 ἡμῶν
1450 319 1466 354 ἡ
1485 318 1611 350 σύστασις
1627 318 1716 353 ὁρμεῖ,
1732 318 1781 344 οὐκ
1793 319 1830 350 εἰς
1840 319 1884 345 Λό-

1117 376 1176 401 γον,
1199 367 1255 394 ἀλλ’
1277 367 1316 398 εἰς
1342 366 1450 401 Πατέρα
1477 365 1524 392 καὶ
1539 365 1602 391 Υἰὸν
1625 364 1670 391 καὶ
1694 364 1768 398 ἆγιον
1786 364 1885 400 Πνεῦμα

1119 413 1228 440 δίδοται.
1239 412 1326 444 Εἴπερ
1339 409 1386 438 οὖν
1400 412 1459 438 κατ’
1476 411 1574 442 αὐτοὺς
1590 410 1668 441 ἄλλος
1685 410 1757 437 ἐστὶν
1775 411 1788 437 6
1801 410 1885 445 Λόγος,

1119 457 1167 484 καὶ
1181 457 1258 489 ἄλλος
1273 458 1287 484 6
1304 457 1378 489 Υἱὸς,
1391 457 1436 482 καὶ
1447 456 1496 482 οὐκ
1512 455 1585 482 ἔστιν
1604 455 1667 487 Υἱὸς
1681 455 1696 481 ό
1713 455 1806 489 Λόγος,
1821 455 1888 483 οὐδὲν

1120 503 1189 540 πρὸς
1201 503 1246 529 τδν
1260 503 1344 536 Λόγον
1371 502 1402 528 τὸ
1428 502 1578 536 βάπτισμα.
1609 501 1671 533 Πῶς
1687 499 1733 528 οὖν
1752 501 1865 529 σύνεστιν
1876 503 1889 528 6

1121 549 1205 583 Λόγος
1224 549 1284 575 κατ’
1295 548 1393 579 αὐτοὺς
1408 547 1446 582 τῷ
1471 548 1569 582 Πατρὶ,
1585 548 1615 574 οὑ
1632 547 1716 574 συνὼν
1737 547 1809 582 αὺτῷ
1827 549 1890 583 ὲντῇ

1122 595 1168 621 τοῦ
1182 594 1368 630 βαπτίσματος
1397 594 1486 626 δόσει;
1509 593 1578 619 Ἀλλ’
1595 592 1660 625 ἴσως
1678 593 1711 620 ἂν
1727 593 1833 620 εἴποιεν.
1854 594 1890 620 Ἐν

1121 640 1160 675 τῷ
1173 640 1220 667 τοῦ
1237 640 1343 676 Πατρὺς
1353 640 1466 675 ὀνόματι
1479 639 1634 675 περιέχεται
1649 639 1695 665 καὶ
1711 640 1725 666 6
1747 639 1839 673 Λόγος.
1849 639 1891 666 Διὰ

1122 687 1147 712 τί
1158 686 1213 721 (Η)
1229 684 1275 713 οὖν
1288 686 1348 721 οὐχὶ
1360 686 1405 712 καὶ
1418 685 1449 711 τὸ
1465 684 1590 720 Πνεῦμα;
1606 685 1641 711 Ἢ
1656 685 1732 716 ἐκτὸς
1742 684 1787 711 τοῦ
1800 685 1893 720 Πατρός

1123 732 1153 758 τὸ
1167 731 1296 767 Πνεῦμα;
1308 731 1363 758 Καὶ
1378 730 1425 758 ἄνθ
1430 738 1520 766 ρωπος
1534 730 1593 765 μὲν,
1605 730 1682 766 εἴπερ
1696 730 1746 756 οὐκ
1757 730 1826 757 ἔστιν
1839 729 1893 761 Υἱὸς

1123 779 1138 805 6
1151 778 1245 812 Λόγος,
1263 777 1332 813 μετὰ
1352 777 1397 804 τὸν
1410 776 1519 812 Πατέρα
1530 776 1702 810 ὀνομάζεται,
1711 776 1743 802 τὸ
1752 775 1780 802 δὲ
1795 775 1894 810 Πνεῦμα

1126 823 1195 859 μετὰ
1208 823 1253 849 τὸν
1266 820 1417 856 ἄνθρωπον·
1433 822 1483 848 οὐκ
1496 821 1537 847 ἑτι
1560 821 1588 847 δὲ
1607 820 1665 847 οὐδὲ
1683 821 1724 852 εἰς
1739 821 1832 856 τριάδα
1843 821 1896 848 κατ’

1129 869 1254 903 αὑτοὺςὴ
1273 868 1355 903 μονὰς
1382 867 1554 898 πλατύνεται,
1583 866 1639 893 ἀλλ’
1657 867 1697 898 εἰς
1713 866 1836 903 τετράδα,
1850 868 1897 893 Πα-

1125 916 1202 951 τέρα,
1226 915 1273 941 καὶ
1287 914 1372 948 Λόγον
1386 913 1454 949 (42),
1469 913 1516 940 καὶ
1541 912 1617 944 Υἰὸν,
1628 913 1674 939 καὶ
1696 912 1807 950 Πνεῦμα
1820 912 1896 947 ἄγων.

1132 961 1176 987 Ἑν
1193 960 1296 992 τούτοις
1319 959 1350 996 δὴ
1379 959 1574 994 αἰσχυνόμενοι,
1598 958 1638 990 εἰς
1658 959 1751 994 ἕτερον
1773 957 1898 993 καταφεύ-

1127 1015 1214 1041 γουσι,
1236 1005 1282 1032 καί
1306 1013 1372 1039 φασι
1387 1004 1423 1040 μὴ
1446 1004 1492 1031 τὸν
1513 1004 1654 1040 ἄνθρωπον
1681 1005 1744 1032 καθ’
1758 1005 1858 1038 ἑαυτὸν,
1875 1005 1900 1032 ὃν

1128 1052 1254 1088 ἑφόρεσεν
1276 1051 1291 1077 6
1307 1051 1421 1086 Κύριος,
1437 1049 1505 1076 ἀλλὰ
1528 1050 1559 1076 τὸ
1575 1050 1789 1087 συναμφότερον,
1811 1051 1855 1078 τόν
1875 1059 1900 1077 τι

1128 1098 1213 1132 Λόγον
1231 1097 1279 1124 καὶ
1293 1096 1336 1123 τὸν
1345 1096 1496 1131 ἄνθρωπον,
1508 1093 1576 1122 εἶναι
1593 1095 1666 1122 Υξόν·
1686 1096 1844 1132 συνημμένα
1855 1095 1902 1131 γὰρ

1128 1143 1270 1178 ἀμφότερα
1286 1142 1361 1174 Υἱὸς,
1377 1142 1414 1174 ὡς
1431 1142 1507 1169 αὐτοὶ
1533 1142 1668 1176 λέγουσιν,
1691 1142 1860 1178 ὀνομάζεται.
1875 1141 1902 1175 Τι

1129 1187 1216 1214 τοίνυν
1230 1188 1301 1219 τίνος
1317 1187 1412 1218 αἴτιον,
1427 1187 1473 1213 καὶ
1488 1187 1600 1222 πότερος
1620 1187 1735 1222 πότερον
1762 1186 1826 1214 Υἱὸν
1844 1194 1903 1214 κατ-

1130 1232 1295 1265 εσκεύασεν;
1319 1233 1364 1264 Ἦ,
1389 1233 1432 1259 ἵνα
1458 1231 1617 1269 λευκότερον
1641 1233 1759 1267 εἴποιμι,
1786 1232 1838 1266 ἄρα
1856 1230 1903 1266 (45)
1939 1226 1940 1229 ¹

1129 1279 1173 1306 διὰ
1188 1279 1238 1314 τὴν
1256 1279 1344 1313 σάρκα
1359 1279 1374 1305 6
1398 1278 1484 1312 Λόγος
1503 1278 1583 1310 Υἱόςς
1612 1278 1629 1313 ἢ
1660 1278 1705 1305 διὰ
1732 1278 1778 1305 τὸν
1798 1277 1904 1311 Λόγονή

1132 1324 1198 1360 σὰρξ
1213 1324 1276 1356 Υἱὸς
1286 1324 1414 1359 λέγεταις
1438 1325 1473 1350 Ἦ
1503 1324 1556 1351 οὐδ’
1580 1324 1707 1358 ὁπότερον
1730 1323 1841 1355 τούτων,
1856 1321 1904 1349 ἀλλ’

1131 1371 1148 1406 ὴ
1160 1370 1215 1405 (44)
1230 1371 1330 1406 ἀμφοῖν
1349 1370 1474 1402 σύνοδος;
1498 1369 1529 1396 Et
1548 1369 1596 1404 μὲν
1617 1367 1663 1396 οὖν
1678 1369 1692 1395 ὸ
1705 1368 1793 1403 Λόγος
1808 1367 1850 1395 διὰ
1863 1366 1905 1401 τὴν

1133 1417 1230 1451 σάρκα,
1245 1417 1351 1451 ἀνάγκη
1365 1416 1414 1451 τὴν
1433 1416 1520 1452 σάρκα
1532 1413 1601 1442 εἶναι
1623 1415 1697 1446 Υἱὺν,
1715 1414 1764 1441 καὶ
1779 1411 1906 1440 ἀκολουθεῖ

1133 1463 1166 1489 τὰ
1181 1463 1277 1494 ἄτοπα,
1292 1462 1341 1488 ὅσα
1357 1462 1516 1498 προείρηται
1533 1462 1564 1488 ὲκ
1586 1460 1632 1487 τοῦ
1647 1460 1739 1494 λέγειν
1754 1459 1800 1486 τὸν
1815 1457 1906 1493 ἄνθρω-

1135 1517 1184 1535 πον
1201 1508 1275 1534 Υἱόν·
1292 1509 1316 1534 εἰ
1330 1508 1357 1534 δὲ
1370 1508 1413 1534 διὰ
1428 1507 1472 1534 τὸν
1494 1507 1577 1541 Λόγον
1593 1507 1610 1542 ὴ
1640 1505 1707 1541 σὰρξ
1724 1505 1790 1536 Υἱὸς
1799 1504 1906 1538 λέγεται,
1939 1537 1940 1541 η

1134 1555 1181 1581 καὶ
1194 1554 1247 1589 πρὸ
1260 1553 1309 1588 τῆς
1334 1553 1434 1589 σαρκὸς
1447 1553 1556 1584 πάντως
1575 1553 1589 1579 6
1605 1551 1690 1585 Λόγος
1716 1551 1756 1578 ὢν
1785 1549 1845 1581 Υἱὸς
1869 1546 1906 1583 ἦν.

1134 1601 1196 1632 Πῶς
1206 1601 1260 1636 γὰρ
1273 1597 1327 1627 οἶόν
1345 1609 1375 1626 τε
1391 1601 1520 1626 υἱοποιεῖν
1534 1608 1592 1626 τινα
1602 1598 1723 1634 ἑτέρους,
1745 1597 1782 1633 μὴ
1795 1597 1856 1623 ὄντα
1869 1595 1909 1621 αὺ-

1134 1647 1180 1673 τὸν
1191 1647 1257 1679 υἱὸν,
1273 1646 1348 1678 ὄντος
1370 1645 1486 1682 μάλιστα
1501 1645 1602 1681 πατρός
1616 1653 1623 1677 ;
1645 1645 1676 1670 El
1707 1644 1759 1679 μὲν
1773 1640 1818 1669 οὖν
1833 1638 1909 1674 ἑαυτῷ

1137 1692 1259 1725 υἰοποιεί,
1284 1692 1378 1727 Πατὴρ
1407 1691 1487 1722 αὐτὸς
1512 1691 1544 1718 ἂν
1576 1691 1630 1725 εἶη-
1657 1689 1682 1716 εἰ
1709 1688 1740 1716 δὲ
1764 1688 1803 1725 τῷ
1822 1685 1909 1721 Πατρὶ,

1137 1737 1243 1773 ἀνάγκη
1258 1738 1339 1764 αὑτὸν
1352 1735 1423 1764 εἶναι
1438 1737 1513 1768 Υἱὸν,
1529 1736 1627 1772 μᾶλλον
1641 1736 1669 1762 δὲ
1693 1735 1776 1762 αὑτὸν
1795 1731 1861 1761 εἶναι
1873 1730 1910 1757 τὸν

1137 1782 1201 1809 Υἱὸν
1218 1783 1284 1817 (45),
1297 1782 1328 1808 δι’
1342 1783 1371 1809 ὃν
1387 1782 1434 1809 καὶ
1448 1782 1472 1808 οἱ
1485 1781 1558 1809 ἄλλοι
1577 1780 1770 1808 υἱοποιοῦνται.

309 1836 459 1870 praesertim
485 1839 561 1869 patre
587 1832 756 1860 cxsistcnte?
771 1831 909 1862 Profecto,
932 1830 954 1858 si
973 1830 1022 1857 sibi
1046 1830 1103 1864 ipse
1120 1829 1190 1858 ﬁlios
1203 1830 1291 1861 elIicit.
1321 1829 1401 1857 Pater
1422 1830 1551 1857 dicendus
1575 1834 1634 1856 est:
1649 1829 1671 1856 si
1695 1827 1780 1861 Patri,
1807 1827 1861 1861 ipse
1881 1822 1912 1859 sit

309 1892 417 1920 quoque
435 1884 531 1915 Filius,
559 1883 599 1910 vel
623 1882 712 1918 potius
734 1881 790 1916 ipse
807 1887 889 1907 verus
913 1879 948 1906 sit
969 1877 1054 1904 Filius
1087 1884 1199 1905 necesse
1219 1878 1331 1905 omnino
1361 1881 1422 1910 est,
1445 1880 1555 1912 propter
1574 1883 1653 1911 quem
1675 1875 1779 1902 scilicet
1809 1872 1853 1901 alii
1872 1870 1911 1897 ﬁlii

309 1930 472 1958 eﬂiciuntur.

343 1977 388 2003 2'2.
404 1975 584 2010 leeroquin,
601 1975 624 2002 si
640 1974 684 2001 ille
698 1981 751 2001 non
768 1971 803 2000 sit
814 1971 910 2002 Filius,
930 1974 957 1997 et
980 1977 1029 1997 nos
1044 1969 1091 1996 ﬁlii

310 2032 415 2054 sumus,
430 2023 539 2057 utrique.
549 2029 602 2048 non
618 2021 689 2047 illius
703 2019 748 2047 sed
760 2017 845 2045 nostri
859 2016 938 2043 Pater
946 2016 998 2043 erit
1010 2015 1089 2041 Deus.

1178 1969 1221 1995 22.
1250 1968 1325 1994 Ἐπεὶ
1348 1968 1383 1999 ει,
1413 1966 1449 2002 μὴ
1466 1966 1541 1997 ὄντος
1563 1964 1645 1992 αὑτοῦ
1665 1963 1744 1994 Υὶοῦ,
1766 1963 1845 1998 ἡμεῖς
1869 1956 1912 1986 uio!

1143 2015 1236 2048 ἐσμεν,
1249 2012 1327 2048 ἡμῶν
1343 2011 1376 2038 ἂν
1388 2012 1430 2046 εἴη
1450 2012 1464 2037 ὀ
1480 2011 1546 2041 Θεὸς
1568 2009 1674 2045 Πατὴρ,
1696 2009 1744 2035 καὶ
1757 2009 1808 2034 οὐκ
1832 2004 1911 2033 αὐτοῦ.

310 2068 363 2101 Qui
377 2077 401 2095 ci
409 2075 443 2103 go
458 2068 485 2094 id
499 2067 549 2095 sibi
564 2071 692 2100 tanquam
709 2063 848 2098 proprium
863 2062 906 2088 bis
925 2060 1013 2087 verbis
1033 2059 1082 2086 vini

1144 2059 1206 2091 Πῶς
1222 2057 1268 2085 οὖν
1282 2058 1446 2085 ἰδιοποιεῖται
1462 2056 1559 2091 μᾶλλον
1573 2055 1670 2089 λέγων,
1693 2054 1726 2080 ’0
1738 2052 1838 2086 Πατήρ
1853 2058 1912 2086 μου,

312 2117 393 2147 dicat,
410 2115 492 2142 Pater
514 2122 585 2141 meus
597 2113 630 2144 ⁸³,
651 2117 677 2138 et
692 2111 747 2146 Ego
769 2118 801 2137 ex
818 2108 898 2135 Patre
908 2107 953 2134 “‘2
968 2107 996 2134 Si
1019 2107 1082 2134 enin

1144 2106 1200 2137 καὶ,
1229 2103 1298 2139 Ἐγὼ
1311 2104 1345 2130 ἐκ
1359 2102 1411 2129 τοῦ
1427 2102 1558 2136 Πατρόςς
1579 2101 1611 2127 Εἰ
1633 2100 1686 2135 γὰρ
1714 2099 1804 2130 κοινὸς
1819 2098 1914 2124 πάντων

312 2161 466 2188 communis
484 2159 605 2187 omnium
633 2157 712 2184 Pater
733 2161 786 2188 est,
804 2163 858 2182 non
875 2154 934 2189 ejus
950 2153 1034 2180 solius
1051 2157 1092 2180 est

311 2206 402 2237 Pater,
427 2213 514 2239 neque
531 2205 604 2231 solus
619 2204 663 2230 ille
679 2211 711 2230 ex
735 2203 814 2230 Patre
838 2200 930 2228 exivit.
956 2199 1090 2226 interdum

313 2256 403 2279 autem
418 2256 539 2277 nostrum
554 2250 634 2277 etiam
654 2248 761 2275 Patrem
783 2246 836 2274 dici
850 2246 937 2278 docet,
963 2245 998 2272 ob
1016 2252 1092 2272 suam

312 2288 418 2325 scilicet
433 2303 494 2323 cum
506 2301 598 2322 nostra
611 2302 692 2322 carne
704 2294 933 2321 communionem.
946 2291 1008 2318 Ideo
1021 2291 1094 2318 enim

314 2342 433 2370 Verbum
451 2349 514 2369 caro
531 2341 630 2368 factum
646 2345 697 2372 est,
716 2344 756 2371 ut,
771 2339 899 2374 quoniam
923 2337 1040 2364 Verbum
1054 2341 1095 2363 est

315 2388 411 2420 Filius.
423 2392 532 2423 propter
552 2387 648 2414 Filium
674 2387 700 2413 in
719 2386 796 2413 nobis
820 2385 985 2412 babilantem
1003 2388 1095 2410 noster

315 2442 425 2471 quoque
442 2434 521 2462 Pater
534 2434 722 2469 appellaretur.
738 2432 816 2462 Nam.
830 2430 927 2466 inquit,
945 2430 1017 2456 misit
1033 2428 1095 2463 Spi-

351 2505 372 2520 “
392 2504 470 2531 Joan.
488 2512 529 2536 ιιι,
544 2504 588 2530 56.

353 2571 408 2612 tte)
429 2558 475 2598 Sic
489 2571 555 2606 neg.
573 2571 635 2605 Seg.
653 2575 680 2598 et
693 2569 773 2596 nusn.
798 2568 849 2595 Alii
863 2573 952 2594 autem
966 2571 993 2594 et
1006 2565 1070 2593 editi
1085 2566 1099 2591 ι

321 2611 475 2675 οῃίὲιὶῑῖιὲίο
489 2641 553 2675 Reg.
570 2641 632 2675 ch.
648 2639 729 2667 Basil.
744 2637 849 2674 Anglic.
863 2643 890 2664 et
900 2636 979 2664 Gobl.
998 2635 1033 2662 At
1043 2634 1100 2662 edi-

319 2675 357 2702 tio
373 2677 598 2705 (anmcliniana,
615 2675 695 2702 Διότι.

357 2711 411 2745 (42)
433 2711 543 2745 Regius,
561 2711 753 2745 chnerianus,
767 2707 923 2745 Basiliensis
937 2705 1100 2745 8i_{\tlgilc_ll-

322 2753 371 2806 ξιιμ
390 2741 460 2773 recte
473 2741 577 2772 addunt
594 2741 639 2772 καὶ
650 2746 744 2779 Λόγον,
757 2743 828 2778 quod
842 2743 886 2769 alii
905 2746 931 2769 ct
943 2741 1005 2767 editi
1022 2742 1101 2767 omit-

335 2786 391 2806 unI.

359 2816 412 2851 (45)
432 2815 590 2844 Basiiiensis
614 2819 640 2843 et
662 2814 852 2857 Gohlerianus,
877 2810 939 2859 ἆρα.
955 2809 1050 2847 (ἔκιοιῇ
1077 2813 1103 2846 et

626 2503 648 2518 ⁸³
667 2502 782 2533 Joan.v,
799 2501 840 2527 17.
878 2500 901 2515 ⁸⁵
919 2498 997 2525 Joan.
1013 2506 1068 2530 xw,
1082 2496 1129 2523 '28.

1145 2151 1249 2186 Πατὴρ,
1275 2150 1306 2176 οὐ
1334 2149 1412 2184 μόνου
1434 2148 1514 2174 αὐτοῦ
1541 2146 1644 2182 Πατὴρ,
1658 2146 1717 2172 οὐδὲ
1748 2146 1825 2181 μόνος
1845 2141 1914 2171 αὐτὸς

1146 2196 1256 2230 ἐξῆλθεν
1272 2195 1304 2220 ὲκ
1316 2193 1363 2219 τοῦ
1381 2192 1495 2228 Πατρός.
1510 2191 1590 2225 Λέγει
1603 2191 1631 2216 δέ
1650 2198 1712 2216 ποτε
1724 2190 1773 2215 καὶ
1784 2187 1860 2224 ἡμῶν
1875 2186 1916 2212 αὐ-

1144 2242 1190 2268 τὸν
1201 2239 1326 2275 λέγεσθαι
1338 2238 1457 2274 Πατέρα,
1478 2237 1522 2264 διὰ
1542 2236 1574 2262 τὸ
1600 2235 1678 2262 αὑτὸν
1704 2231 1916 2267 κεκοινωνηκέναι

1142 2289 1175 2322 τῇ
1190 2286 1312 2322 ἡμετέρᾳ
1330 2283 1421 2320 σαρκί.
1452 2283 1501 2310 Διὰ
1530 2281 1608 2308 τοῦτο
1619 2281 1672 2316 γὰρ
1687 2281 1799 2315 γέγονεν
1815 2280 1829 2305 6
1843 2277 1917 2310 Λόγος

1143 2334 1221 2370 σὰρξ,
1240 2333 1283 2365 ἵν’,
1300 2332 1392 2367 ἐπειδὴ
1410 2332 1424 2358 ὸ
1439 2331 1524 2365 Λόγος
1539 2329 1613 2356 ἐστὶν
1642 2328 1716 2360 Υἱὸς,
1739 2327 1784 2354 διὰ
1800 2327 1845 2353 τὸν
1859 2326 1918 2351 tvo:-

1143 2381 1240 2408 κοῦντα
1251 2380 1279 2405 ὲν
1293 2379 1357 2413 ἡμῖν
1381 2377 1444 2403 Υἱὸν
1461 2376 1572 2411 λέγηται
1597 2374 1652 2410 (46)
1671 2374 1717 2400 καὶ
1729 2372 1808 2407 ἡμῶν
1822 2369 1918 2403 Πατήρ.

1149 2425 1320 2453 Ἀπέστειλε
1336 2422 1399 2458 γὰρ,
1418 2422 1495 2456 φησὶ,
1511 2421 1544 2447 τὸ
1567 2419 1688 2454 Πνεῦμα
1702 2418 1755 2445 τοῦ
1782 2416 1848 2444 Υὶοῦ
1871 2414 1919 2440 αὑ-

1153 2563 1235 2591 editio
1249 2559 1474 2590 Commeliniana,
1490 2558 1554 2594 ἄρα.
1586 2593 1591 2594 γ
1691 2590 1700 2594 _
1827 2591 1833 2594 _
1855 2583 1907 2594 Vm,

1158 2585 1675 2641 'lieéiuset'Séguerianus.
1691 2590 1718 2617 ln
1735 2588 1796 2616 aliis
1810 2591 1835 2615 et
1850 2585 1923 2613 editis

1152 2643 1168 2669 η
1184 2634 1363 2722 ῗὲἕῗῑὶὶθξίυε
1376 2670 1403 2692 et
1415 2663 1595 2699 Seguerianus
1605 2661 1721 2700 addunt,
1732 2657 1830 2697 μᾶλλον
1842 2655 1869 2682 δὲ
1878 2653 1922 2681 αὐ-

1153 2703 1197 2722 »...
1212 2702 1276 2722 ςῐυη.
1295 2710 1308 2722 ς
1320 2709 1340 2722 ,ν
1354 2700 1426 2722 Tutu.
1445 2707 1505 2722 mm
1518 2698 1607 2722 caeteri
1621 2701 1648 2722 et
1661 2696 1723 2722 editi
1738 2695 1874 2720 omittunt.

1153 2695 1197 2729 τὸν
1211 2695 1281 2738 εἶναι
1295 2695 1434 2738 τ’ἓκίΥἱόνι
1445 2695 1607 2738 (Ῑυαὶοαςιθιί
1621 2701 1648 2738 et
1661 2696 1723 2738 editi
1738 2695 1886 2738 οιιιίιιιιιιιιἒς

1159 2723 1580 2799 ’ῌζμξέᾖηέἑίέἰιὲέῖἑδξῖᾟςὶὲίιῖ
1595 2736 1621 2759 et
1634 2730 1774 2765 Anglican.
1793 2727 1826 2754 At
1846 2724 1887 2751 alii
1899 2723 1924 2749 et

1156 2780 1169 2800 c
1191 2779 1230 2805 ιιι,
1247 2779 1362 2805 Λ-γεται.
