1964 3038
89 91 132 120 801
621 91 748 121 ORATIO
767 93 800 121 IV
818 94 958 123 CONTRA
976 95 1136 125 ARIANOS.

89 150 137 178 τοῦ
148 150 188 184 εις
200 148 253 182 τὰς
267 149 389 183 καρδίας
400 149 494 184 ἡμῶν,
522 150 636 185 κρᾶζον,
660 151 751 185 Ἇϐϐᾶ,
771 154 788 180 ὁ
800 154 860 180 Πα-

916 155 993 181 ritum
1007 154 1073 182 Filii
1096 156 1137 183 sui
1160 155 1189 183 in
1210 156 1289 183 corda
1303 161 1395 184 nostra
1417 157 1585 192 clamantem,
1609 159 1693 194 Abba,

90 194 148 230 τήρ.
163 193 262 221 Οὐκοῦν
277 195 291 222 ὁ
302 196 331 221 ὲν
345 196 411 230 ἡμῖν
422 195 494 227 Υἱὸς,
512 196 559 224 τὸν
591 197 656 223 ἴδιον
679 198 789 233 Πατέρα
803 199 863 226 ὲπι-

90 237 255 273 καλούμενος,
265 239 310 265 καὶ
325 239 340 274 ἡ
345 239 401 274 μῶν
415 240 505 267 αὐτῶν
519 242 591 268 ποιεῖ
602 241 711 277 Πατέρα
728 242 863 277 λέγεσθαι.

96 283 196 318 ’Δμέλει
213 279 250 309 ὥν
265 283 314 310 οὐκ
329 284 402 310 ἐστιν
419 285 458 316 εἰς
481 285 531 317 τὰς
558 286 671 322 καρδίας
684 288 698 313 6
715 286 789 319 Υἱὸς,
808 288 866 315 τού-

89 338 139 356 των
154 329 210 356 οὐδὲ
225 329 319 365 Πατὴρ
335 330 349 356 ό
373 329 439 362 Θεὸς
463 331 495 358 ἂν
518 331 635 368 λεχθείη.
666 333 750 369 Εἴπερ
765 332 810 360 οὖν
822 334 866 361 διὰ

90 374 131 400 τὸν
144 374 247 408 Λόγονό
262 374 403 410 ἄνθρωπος
431 375 537 409 λέγεται
554 376 627 408 Υἱὸς,
649 377 754 413 ἀνάγκη
779 379 863 411 πᾶσα,

89 419 230 455 λεγομένων
245 421 292 446 καὶ
306 421 359 456 πρὸ
374 420 423 455 τῆς
435 421 664 457 ὲνανθρωπήσεως
677 423 731 450 τῶν
746 424 865 450 παλαιῶν

91 465 159 499 υἱῶν,
177 463 245 492 ιῖναι
258 466 305 492 καὶ
319 466 372 502 πρὸ
386 467 436 502 τῆς
462 468 608 503 ἐπιδημίας
623 469 669 496 τὸν
692 469 777 504 Λόγον
789 471 863 498 Υιὸν.

88 510 165 544 Υιοὺς
189 511 253 547 γὰρ,
284 512 368 548 φησὶν
391 512 457 547 (47),
471 513 628 548 ἐγέννησεν
652 515 699 542 καὶ
727 517 772 543 ἐπὶ
790 517 862 543 Νῶε·

95 555 205 590 Ἰδόντες
218 558 244 584 ol
258 558 316 584 υἱοὶ
338 558 390 585 τοῦ
402 559 489 586 Θεοῦ’
504 560 549 586 καὶ
562 561 590 586 ὲν
606 561 639 596 τῇ
661 561 731 597 ᾮδῇ·
742 563 802 589 οὐκ
813 564 863 590 αὐ-

89 602 135 636 τὸς
145 600 231 636 οὗτός
252 612 310 630 σου
335 604 454 640 Πατήρ;
482 606 586 633 Οὐκοῦν
605 604 639 642 ἦν
660 608 706 634 καὶ
732 609 745 635 6
759 608 867 644 ἀληθῶς

88 648 155 680 Υιὸς.
168 648 200 675 δι’
211 649 241 676 ὃν
254 650 374 676 κάκεῖνοι
392 651 454 677 υἱοί.
472 651 502 678 El
516 652 544 678 δὲ
573 653 630 679 κατ’
645 653 766 686 ἐκείνους
786 654 866 682 πάλιν

88 695 137 721 οὐδ’
151 695 280 731 ὁπότερον
302 695 403 724 τούτων
432 697 508 730 Υἱὸς,
535 698 602 725 ἀλλὰ
628 699 673 725 διὰ
698 699 747 736 τὴν
766 700 866 736 ἀμφοῖν

88 739 197 772 σύνοδον,
209 740 316 775 ἀνάγκη
330 742 392 777 μηδ’
407 743 536 779 ὁπότερον
554 741 624 771 εἶναι
650 744 723 772 Υἱόν·
738 754 774 781 φη
780 746 809 782 μ).
823 746 865 782 δὴ,

89 787 150 822 μήτε
169 787 214 814 τὸν
238 789 331 823 Λόγον,
363 791 431 825 μήτε
457 790 502 817 τὸν
529 791 680 827 ἄνθρωπον,
714 793 782 820 ἀλλά
807 803 866 821 τινα

915 199 998 226 Pater
1009 200 1043 226 ⁸⁸.
1061 199 1154 235 Itaque
1175 199 1271 233 Filius,
1287 201 1334 236 qui
1353 201 1381 228 in
1397 201 1476 230 nobis
1489 206 1541 235 est,
1554 203 1696 238 proprium
1727 217 1738 238 ι

915 253 994 272 suum
1019 245 1127 273 Patrem
1152 246 1295 279 invocans,
1312 252 1436 274 nostrum
1461 248 1542 275 etiam
1560 247 1667 276 Patrem
1680 257 1696 281 δ

915 292 994 319 nobis
1008 292 1136 327 appellari
1160 292 1294 321 concedit.
1319 292 1511 322 Verumtamen
1534 294 1562 322 in
1578 302 1696 330 quorum

915 337 1043 365 cordibus
1067 336 1151 365 Filius
1171 345 1226 366 non
1248 343 1300 370 est,
1323 346 1374 366 nec
1399 339 1481 366 etiam
1505 339 1578 368 Deus
1602 347 1698 368 eorum

914 382 994 410 Pater
1008 383 1060 411 dici
1078 388 1176 418 potest.
1197 384 1291 421 Igitur,
1308 385 1331 412 si
1357 385 1439 412 homo
1455 390 1565 422 propter
1578 385 1698 414 Verbum

915 428 1001 456 Filius
1014 428 1123 462 dicitur,
1141 436 1202 456 cum
1216 434 1332 461 veteres,
1345 434 1490 465 antequam
1504 429 1624 458 Verbum
1646 431 1699 457 hu-

915 481 1024 501 manam
1048 475 1240 510 assumpsisset
1263 479 1400 508 naturam,
1419 475 1467 502 ﬁlii
1484 475 1539 502 sint
1551 475 1675 510 appellati
1689 494 1698 508 ,

916 520 1027 548 omnino
1044 528 1156 549 necesse
1171 524 1212 548 est
1227 519 1346 547 Verbum
1369 520 1450 547 etiam
1466 526 1528 548 ante
1550 528 1630 548 suum
1648 520 1700 548 ad-

917 570 1026 594 ventum
1044 565 1142 594 Filium
1168 565 1263 594 fuisse.
1288 565 1357 594 Hinc
1378 566 1425 593 illa
1444 566 1593 601 Scriptura:
1606 567 1699 600 verba,

917 612 1002 640 Filios
1025 613 1102 648 genui
1114 612 1137 628 ’⁸⁸
1150 621 1158 646 ;
1172 617 1198 640 et
1221 612 1248 640 in
1269 612 1383 640 historia
1402 611 1480 640 Noe:
1507 612 1629 640 Videntes
1647 613 1700 648 ﬁlii

919 659 994 686 Dei"
1009 669 1017 693 ;
1037 663 1063 687 et
1076 659 1104 687 in
1120 653 1232 687 Cantico
1247 668 1253 688 :
1271 659 1398 694 Nunquid
1423 668 1474 687 non
1489 660 1544 695 ipse
1561 664 1599 687 ett
1622 659 1702 687 Pater

918 709 976 731 tum
986 704 1029 731 "‘3
1047 704 1109 732 Erat
1124 712 1188 740 ergo
1207 709 1234 733 et
1246 712 1327 733 verus
1337 705 1432 739 Filius,
1441 710 1550 741 propter
1565 714 1646 741 quem
1662 706 1702 734 illi

917 750 963 778 ﬁlii
993 751 1131 779 dicuntur.
1156 750 1233 784 Quod
1260 751 1283 779 si
1310 752 1460 779 secundum
1487 752 1548 780 illos
1574 756 1702 780 neutrum

918 795 1015 823 horum
1033 788 1074 824 est
1089 795 1185 830 Filius,
1210 796 1257 824 sed
1274 797 1415 824 amborum
1436 804 1584 832 congressu
1597 797 1702 825 consti-

87 835 179 866 αἰτίαν,
193 835 280 872 δι”ἠν
309 838 356 864 καὶ
387 838 570 874 συνήφθησαν·
604 841 650 866 καὶ
672 840 741 867 οὓτω
763 841 790 868 δὲ
808 841 863 877 (48)

916 838 1010 870 tuitur,
1026 845 1137 866 necesse
1157 839 1270 867 omnino
1288 842 1329 866 est
1343 842 1471 866 neutrum
1493 831 1556 868 esse
1579 838 1701 873 Filium;

87 883 267 918 προηγήσεται
283 883 299 919 ὴ
316 884 390 911 αἰτία
408 885 456 920 τῆς
473 886 622 921 συνάψεως,
634 888 694 923 ἥτις
708 887 771 915 Υιὸν
782 890 863 915 ποιεῖ.

86 926 184 954 οὐκοῦν
199 927 250 954 καὶ
267 929 338 956 κατὰ
354 929 408 964 (49)
425 930 504 957 τοῦτο
520 931 572 967 πρὸ
587 933 636 968 τῆς
663 933 763 968 σαρκὸς
780 934 866 969 προῆν

84 971 99 998 ὁ
111 970 180 1004 Υἱός.
193 973 303 1001 Τούτων
317 975 349 1011 δὴ
369 974 534 1011 λεγομένων,
560 978 600 1009 εις
625 977 716 1014 ἕτερον
732 979 868 1014 καταφεύ-

86 1016 179 1051 ξονται,
190 1019 316 1054 λέγοντες
328 1021 365 1056 μὴ
375 1021 420 1048 τὸν
437 1022 578 1058 ἄνθρωπον
590 1021 658 1050 εἶναι
672 1024 745 1057 Υιὺν,
760 1024 826 1059 μηδὲ
838 1025 869 1052 τὺ

86 1065 292 1101 συναμφότερον,
315 1066 383 1093 ἀλλά
407 1067 454 1094 τὸν
477 1068 562 1102 Λόγον
585 1069 614 1095 ὲν
640 1069 709 1104 ἀρχῇ
728 1070 776 1103 μὲν
793 1068 863 1097 εἶναι

85 1109 164 1144 Δόγον
177 1112 272 1144 ἁπλῶς
286 1121 292 1127 ·
310 1113 354 1139 ὅτε
371 1113 399 1140 δὲ
413 1114 616 1150 ὲνηνθρώπησε,
629 1115 689 1142 τότε
710 1115 866 1151 ὠνομάσθαι

84 1154 152 1183 Υἱόψ
167 1157 220 1194 πρὸ
235 1158 289 1194 γὰρ
301 1159 349 1194 τῆς
362 1160 523 1195 ἐπιφανείας
539 1161 576 1197 μὴ
602 1159 671 1188 εἶναι
705 1161 780 1194 Υὶδν,
799 1162 866 1189 ἀλλὰ

83 1200 162 1235 Λόγον
183 1203 276 1238 μόνον’
295 1204 341 1230 καὶ
357 1203 450 1241 ὥσπερ
466 1206 480 1232 ό
495 1205 580 1240 Λόγος
602 1205 670 1242 σὰρξ
684 1207 802 1241 ἐγένετο.
816 1206 866 1234 οὐκ

81 1245 117 1274 ὣν
131 1248 262 1284 πρότερον
277 1249 355 1285 σὰρξ,
368 1250 453 1282 οὕτως
466 1251 480 1278 6
493 1250 578 1285 Λόγος
600 1251 664 1282 Υἱὸς
679 1251 801 1286 γέγονεν,
816 1251 866 1278 οὐκ

82 1292 117 1319 ὢν
130 1295 262 1331 πρότερον
279 1296 352 1328 Υἱός.
384 1296 477 1323 Ταῦτα
503 1297 552 1332 μὲν
568 1297 679 1324 ἐκείνων
699 1298 734 1324 τὰ
746 1298 867 1334 φλυαρή-

82 1347 159 1374 ματα·
173 1341 230 1376 ἔχει
247 1341 275 1368 δὲ
294 1342 338 1368 τὸν
350 1342 458 1378 ἔλεγχον
469 1344 570 1379 ὲναργῆ
589 1343 655 1379 (50).

916 883 942 910 id
959 888 1010 916 est,
1029 891 1079 911 nec
1093 883 1211 911 Verbum
1229 891 1278 911 nec
1292 883 1431 911 hominem
1449 883 1550 912 Filium
1564 892 1636 917 esse.
1654 884 1703 918 sed

916 929 1062 964 quamdam
1079 937 1191 958 causam
1211 934 1320 965 propter
1332 937 1415 965 quam
1439 930 1558 965 copulati
1574 933 1655 957 sunt:
1670 937 1704 958 ac

916 975 1031 1010 proinde
1046 983 1129 1003 causa
1144 976 1188 1002 illa
1209 983 1269 1011 quae
1293 974 1391 1003 Filium
1411 975 1503 1009 eIIicit,
1528 975 1703 1012 copulatione

918 1022 994 1056 prior
1005 1021 1067 1050 erit.
1087 1020 1159 1056 Ergo
1171 1029 1204 1049 ex
1224 1021 1276 1050 hoc
1291 1022 1356 1050 item
1372 1029 1505 1057 responso
1519 1022 1643 1057 sequitur
1655 1019 1703 1049 Fi-

918 1068 984 1095 lium
1006 1073 1068 1095 ante
1083 1068 1161 1104 503
1178 1076 1287 1096 carnem
1309 1069 1457 1097 exstitisse.
1474 1069 1575 1097 Verum
1600 1069 1643 1097 his
1664 1068 1703 1097 ita

917 1113 1131 1146 demonstratis,
1162 1114 1234 1142 aliud
1262 1119 1389 1150 quierunt
1416 1114 1575 1151 eﬂ'ugium:
1605 1121 1703 1150 nempe

918 1159 996 1187 aiunt
1009 1167 1062 1188 non
1077 1160 1214 1188 hominem
1230 1159 1328 1188 Filium
1352 1169 1425 1194 esse,
1449 1169 1538 1197 neque
1555 1166 1704 1195 utrumque

918 1206 1010 1238 simul,
1026 1206 1073 1234 sed
1096 1206 1225 1240 Verbum,
1245 1207 1318 1243 quod
1333 1208 1441 1243 quidem
1458 1207 1485 1235 in
1500 1207 1635 1243 principio
1651 1206 1704 1243 fuit

917 1252 1050 1280 duntaxat
1075 1251 1214 1286 Verbum;
1240 1261 1303 1282 cum
1321 1258 1411 1282 autem
1432 1254 1515 1282 homo
1537 1253 1626 1283 iactus
1649 1257 1701 1288 est,

916 1301 982 1327 tunc
1003 1297 1090 1327 Filius
1113 1304 1155 1327 est
1172 1300 1339 1328 nominatus.
1362 1300 1430 1328 Nam
1455 1305 1603 1336 antequam
1621 1300 1703 1328 advec

917 1344 1012 1378 uisset,
1030 1344 1166 1379 inquiunt,
1181 1353 1236 1372 non
1253 1351 1312 1373 erat
1331 1344 1426 1378 Filius,
1448 1345 1495 1373 sed
1512 1346 1702 1374 tantummodo

85 1384 194 1414 Verbum
209 1397 216 1414 :
243 1395 275 1414 ac
291 1387 403 1422 proinde
418 1393 447 1415 ut
457 1387 574 1416 Verbum
586 1396 650 1416 caro
667 1388 767 1416 factum
785 1393 835 1422 est,
853 1396 915 1416 cum
930 1395 1007 1418 antea
1021 1399 1084 1418 caro
1098 1398 1151 1418 non
1163 1395 1244 1423 esset,
1260 1391 1296 1418 ita
1307 1390 1424 1419 Verbum
1436 1390 1522 1420 Filius
1534 1391 1635 1422 factum
1648 1397 1701 1426 est,

80 1440 138 1460 cum
153 1437 229 1468 prius
253 1434 339 1462 Filius
354 1443 407 1462 non
427 1440 508 1463 esset.
531 1435 578 1463 Ila:
595 1436 702 1463 illorum
728 1441 791 1464 sunt
808 1437 924 1471 ineptiae,
939 1444 1007 1471 quas
1024 1436 1143 1464 refutare
1156 1436 1227 1464 haud
1244 1441 1286 1464 est
1300 1437 1417 1465 diIIicile.

113 1479 155 1507 23.
169 1480 270 1516 Ειγὰρ
294 1480 361 1513 ὅλως
384 1481 596 1517 ὲνανθρωπήσας
621 1482 732 1516 γέγονεν
756 1482 830 1513 Υἱὸς,
845 1483 862 1516 ὴ

948 1482 993 1509 23.
1019 1481 1086 1509 Nam
1105 1482 1127 1509 si
1154 1481 1283 1514 Verbum,
1310 1483 1428 1510 humana
1452 1487 1562 1517 accepta
1591 1487 1702 1517 natura,

79 1526 282 1562 Ξνανθρὼπησις
297 1527 380 1553 αἰτία.
397 1527 452 1553 Καὶ
465 1527 489 1553 εἱ
504 1527 518 1553 ό
546 1527 688 1563 ἄνθρωπος
711 1527 797 1559 αἴτιος
816 1527 862 1553 τοῦ

79 1569 143 1598 εἶναι
162 1573 246 1599 αὑτὸν
262 1572 336 1604 Υὶδν,
365 1572 381 1608 ἦ
398 1572 428 1599 τὸ
450 1573 661 1609 συναμφότερον,
688 1574 735 1600 καὶ
759 1573 814 1608 (51)
830 1572 864 1599 τὰ

78 1617 144 1644 αὐτὰ
160 1617 252 1645 ἄτοπα
276 1617 436 1654 ἀπαντήσει.
455 1619 587 1649 Ἔπειτα,
613 1619 637 1645 ei
651 1619 756 1654 πρῶτον
768 1618 863 1652 Λόγος,

78 1663 122 1689 καὶ
135 1663 251 1700 ὕστερον
267 1663 341 1696 Υἱὸς,
363 1665 511 1699 φανήσεται
537 1664 650 1700 ὕστερον
678 1664 805 1698 ἐγνωκὼς
817 1663 864 1690 τὸν

79 1709 193 1744 Πατέρα,
207 1709 257 1736 καὶ
273 1710 304 1736 οὑ
316 1709 455 1745 πρότερον.
472 1709 509 1737 Οὐ
522 1710 576 1745 γὰρ
638 1709 693 1746 (5‘2)
711 1710 796 1743 Λόγος
821 1717 864 1744 γι-

77 1755 189 1789 νώσκει,
205 1754 296 1793 ὰλλ¹ᾖ
322 1757 396 1788 Υἱός.
426 1757 529 1790 οὐδεὶς
562 1757 616 1793 γὰρ
644 1755 781 1792 γινώσκει
811 1756 865 1783 τὸν

78 1802 197 1836 Πατέρα,
213 1803 241 1829 el
257 1802 300 1837 μὴ
328 1803 344 1829 ό
363 1803 438 1836 Υἱός.
460 1803 624 1838 ’Λπαντήσει
650 1803 678 1829 δὲ
702 1802 749 1829 καὶ
771 1801 862 1834 τοῦτο,

76 1846 114 1872 ὅτι
125 1847 239 1885 ὕστερον
256 1849 284 1875 ὲν
303 1847 413 1880 κόλποις
429 1847 476 1875 τοῦ
488 1849 593 1884 Πατρός
608 1848 713 1883 γέγονε,
729 1848 776 1874 καὶ
791 1847 864 1875 ὓστε-

79 1900 122 1928 ρον
138 1894 218 1926 αὑτὺς
236 1893 286 1920 καὶ
299 1895 313 1920 ό
328 1893 421 1929 Πατὴρ
436 1893 465 1920 ἓν
480 1895 618 1929 γεγόνασι,
637 1894 683 1921 καὶ
699 1894 810 1929 ὕστερον
822 1894 862 1927 τὸ,

82 1937 112 1964 '0
120 1938 257 1973 ἑωρακὼς
269 1938 331 1974 ἐμὲ,
345 1939 453 1973 ἑώρακε
468 1939 520 1966 τὸν
542 1939 666 1974 Πατέρα.
689 1939 782 1966 Ταῦτα
809 1939 863 1975 γὰρ

78 1984 161 2012 πάντα
177 1985 225 2012 ἐπὶ
242 1985 308 2011 Tia?)
326 1984 432 2020 ἐλέχθη.
456 1985 503 2012 ‘Ex
518 1985 549 2020 δὴ
573 1985 675 2012 τούτων
690 1985 863 2020 ἀναγκασθή-

77 2037 165 2056 σονται
181 2031 281 2057 εἰπεῖν·
298 2030 380 2057 Οὐδὲν
389 2028 423 2065 ἦν
436 2030 451 2056 6
475 2030 569 2064 Λόγος,
596 2030 652 2056 ἀλλ’
663 2030 747 2065 ὄνομα
773 2031 862 2065 μόνον.

76 2073 141 2102 Οὔτε
155 2076 210 2111 γὰρ
225 2077 257 2102 ὲν
274 2077 339 2111 ἡμῖν
354 2075 421 2111 μετὰ
444 2076 490 2102 τοῦ
507 2076 624 2111 Πατρδς,
648 2075 709 2102 οὔτε
725 2076 739 2102 6
753 2076 807 2111 (55)
819 2076 863 2102 τὸν

76 2122 158 2156 Λόγον
173 2122 307 2158 ἑωρακὼς
321 2121 417 2148 ἕϐλεπε
441 2122 486 2148 τὸν
506 2122 626 2157 Πατέρα,
644 2121 705 2148 οὔτε
727 2121 794 2154 ὅλως
811 2122 864 2149 τινὶ

915 1524 1001 1553 Filius
1017 1531 1058 1553 est
1074 1525 1162 1553 factus
1177 1536 1183 1552 :
1201 1526 1283 1561 igitur
1295 1530 1399 1554 naturae
1413 1527 1539 1555 humanae
1550 1521 1700 1564 assumptio

914 1577 997 1597 causa
1015 1570 1075 1605 ejus
1103 1571 1140 1598 rei
1166 1575 1217 1598 est.
1235 1571 1406 1606 Quapropter
1421 1572 1443 1599 si
1463 1572 1545 1599 homo
1559 1580 1642 1601 causa
1659 1579 1701 1602 est

914 1623 963 1643 cur
978 1615 1097 1643 Verbum
1121 1616 1156 1644 sit
1176 1616 1271 1648 Filius,
1297 1617 1338 1644 vel
1361 1621 1506 1653 utrumque
1518 1618 1589 1654 (54):
1604 1618 1699 1648 eadem

915 1665 987 1688 certe
1007 1661 1124 1688 absurda
1140 1667 1294 1690 occurrent.
1312 1662 1423 1697 Deinde,
1439 1663 1462 1690 si
1477 1664 1554 1699 prius
1579 1663 1698 1692 Verbum

914 1713 964 1740 est,
980 1712 1007 1735 et
1024 1709 1160 1743 posterius
1175 1708 1271 1741 Filius,
1294 1709 1417 1744 sequitur
1432 1714 1461 1737 ut
1477 1709 1584 1738 Patrem
1606 1715 1698 1746 poste—

914 1754 982 1787 rius,
1000 1762 1052 1781 non
1072 1755 1148 1789 prius
1171 1755 1338 1790 cognoverit.
1361 1754 1416 1783 Nec
1441 1757 1512 1783 enim
1536 1764 1598 1784 eum
1624 1757 1700 1785 novit

915 1806 1049 1836 quatenus
1063 1801 1183 1829 Verbum
1200 1807 1251 1832 est.
1271 1801 1317 1828 sed
1339 1806 1473 1836 quatenus
1494 1802 1590 1830 Filius.
1614 1802 1699 1830 Nemo

915 1848 986 1874 enim
995 1849 1066 1874 novit
1079 1847 1196 1879 Patrem,
1207 1848 1258 1874 nisi
1270 1847 1357 1875 Filius
1365 1848 1397 1875 ’9.
1413 1848 1542 1883 Sequitur
1556 1849 1619 1876 item
1636 1856 1700 1876 non-

916 1893 967 1920 nisi
981 1893 1115 1927 posterius
1136 1893 1283 1928 contigisse
1306 1898 1335 1921 ut
1361 1895 1388 1920 in
1410 1894 1470 1921 sinu
1494 1893 1582 1922 Patris
1607 1893 1698 1926 fuerit.

915 1939 1027 1974 ipseque
1051 1944 1078 1966 et
1093 1939 1171 1966 Pater
1195 1947 1278 1966 unum
1296 1939 1360 1967 iacti
1385 1940 1450 1972 sint,
1475 1939 1648 1976 eveneritque
1672 1940 1700 1968 id

914 1985 987 2020 quod
1004 1985 1091 2012 dixit:
1112 1985 1163 2018 Qui
1177 1986 1240 2012 vidit
1251 1994 1300 2019 me,
1313 1987 1378 2013 vidit
1396 1986 1502 2014 Patrem
1514 1987 1548 2014 ’°.
1562 1986 1629 2014 Nam
1643 1987 1701 2016 hac

915 2029 1005 2056 omnia
1022 2029 1055 2056 de
1069 2028 1138 2056 Filio
1154 2030 1225 2057 dicta
1239 2035 1311 2058 sunt.
1327 2031 1440 2066 Insuper
1458 2039 1490 2059 ex
1505 2032 1548 2059 bis
1566 2036 1701 2068 cogentur

916 2074 994 2102 fateri
1013 2074 1133 2103 Verbum
1158 2075 1227 2103 nihil
1250 2075 1335 2103 fuisse
1352 2081 1450 2112 praeter
1466 2085 1571 2105 merum
1587 2085 1698 2107 nomen.

915 2120 1008 2156 Neque
1023 2122 1095 2149 enim
1112 2122 1138 2148 in
1153 2123 1231 2150 nobis
1244 2131 1304 2150 cum
1322 2122 1401 2151 Patre
1423 2129 1492 2156 erat,
1508 2131 1558 2152 nec
1570 2124 1617 2160 qui
1634 2124 1700 2153 Ver—

75 2155 195 2203 ἐγνώσθη
247 2168 351 2203 Πατήρ
371 2167 414 2194 διὰ
438 2167 492 2203 γὰρ
520 2155 586 2194 Itoni
603 2168 764 2202 γινώσκεται
778 2169 792 2195 ὁ
808 2170 863 2195 Πα-

916 2155 979 2193 bum
995 2167 1113 2199 videbat,
1125 2166 1232 2194 Patrem
1247 2168 1365 2200 videbat,
1382 2176 1431 2195 nec
1443 2169 1569 2204 cuiquam
1579 2155 1699 2198 omnino

75 2213 134 2248 ’τήρ⁴
152 2213 224 2240 οὕτω
237 2211 292 2248 γὰρ
322 2213 369 2239 καὶ
391 2213 555 2249 γέγραπται,
580 2214 634 2240 Καὶ
658 2210 682 2246 ᾧ
696 2213 734 2240 ἂν
749 2215 765 2240 ὀ
799 2214 864 2246 Υἱὸς

74 2258 271 2293 ἀποκαλύψῃ.
300 2259 391 2294 Μήπω
405 2258 434 2285 δὲ
455 2258 530 2290 ὄντος
553 2258 600 2285 τοῦ
626 2259 712 2292 Λόγου
730 2258 805 2290 Υῑοῦ,
819 2259 864 2285 οὐ-

74 2303 146 2330 δέπω
155 2313 197 2336 τις
213 2304 346 2338 ἐγίνωσκε
359 2305 404 2330 τὸν
418 2304 536 2339 Πατέρα.
555 2304 616 2336 Πῶς
627 2303 674 2331 οὖν
690 2305 793 2336 Μωσεῖ,
805 2304 863 2336 πῶς

73 2351 127 2380 τοῖς
137 2350 276 2385 πατράσιν
289 2349 382 2385 ὤφθης
410 2351 495 2382 Αὐτὸς
512 2351 565 2386 γὰρ
581 2351 609 2377 ὲν
629 2352 688 2382 ταῖς
712 2351 864 2383 Βασιλείαις

74 2395 165 2429 φησίν·
188 2395 421 2430 Ἀποκαλυφθεὶς
433 2396 647 2430 ἀπεκαλύφθην
657 2396 731 2430 πρὸς
747 2395 861 2429 πάντας

72 2441 142 2475 τοὺς
157 2442 292 2476 πατέρας
314 2442 406 2478 ὑμῶν.
425 2443 455 2470 Εἰ
472 2443 501 2470 δὲ
525 2443 702 2478 ἀπεκαλύφθη
725 2443 800 2476 θεὸς,
813 2444 861 2479 δῆ-

914 2217 996 2239 notus
1009 2217 1068 2240 erat
1082 2212 1176 2240 I‘ater:
1190 2214 1288 2249 quippe
1307 2214 1353 2249 qui
1370 2222 1416 2249 per
1432 2214 1531 2242 Filium
1550 2223 1699 2251 cognosca-

914 2262 976 2285 tur:
993 2259 1033 2285 sic
1047 2258 1118 2286 enim
1134 2260 1264 2295 scriptum
1282 2266 1334 2293 est,
1357 2260 1389 2288 Et
1405 2262 1447 2288 cui
1471 2261 1558 2289 Filius
1569 2262 1697 2288 revelare-

915 2305 950 2331 rit
963 2305 996 2331 “.
1023 2304 1098 2332 Unde
1120 2313 1182 2332 cum
1208 2305 1326 2333 Verbum
1350 2308 1469 2334 uetulum
1493 2310 1566 2335 esset
1591 2307 1696 2339 Filius,

915 2351 1034 2378 nondum
1059 2359 1167 2386 quoque
1190 2351 1270 2380 Pater
1299 2354 1524 2388 cognoscebatur.
1555 2353 1697 2386 Quomodo

915 2397 998 2432 igitur
1013 2397 1099 2433 Moysi
1113 2403 1139 2424 et
1155 2398 1277 2432 patribus
1293 2399 1441 2433 apparuit?
1455 2399 1513 2434 Ipse
1532 2399 1605 2427 enim
1619 2400 1647 2426 in
1661 2401 1696 2428 Ii—

915 2443 972 2471 bris
985 2443 1140 2478 Regnorum
1154 2444 1191 2471 ita
1206 2444 1341 2479 loquitur:
1356 2444 1493 2472 Revelatus
1508 2453 1566 2473 sum
1577 2446 1697 2475 omnibus

107 2499 233 2535 {'7Galat.
251 2507 287 2533 tv,
305 2500 331 2527 6.
364 2500 387 2516 "
407 2500 458 2528 Isa.
475 2509 494 2534 t,
513 2501 539 2528 2.
578 2501 600 2517 ³⁷
620 2500 687 2528 Gen.
704 2509 740 2534 vt,
755 2501 783 2528 ΞΔ
820 2501 843 2517 ⁸⁸
863 2501 973 2530 Deuter.
990 2509 1076 2535 xxxii,
1090 2502 1116 2529 6.
1155 2501 1178 2517 θ’
1198 2500 1291 2529 Matth.
1310 2510 1354 2535 xi,
1368 2502 1414 2530 27.
1450 2503 1474 2519 ’°
1492 2502 1571 2531 Joan.
1587 2511 1650 2535 xtv,
1668 2503 1694 2531 9.

70 2534 90 2549 "
113 2534 211 2562 Matth.
240 2543 278 2568 ιι,
297 2535 342 2563 27.

107 2591 164 2628 (47)
184 2591 272 2628 Φησιν
295 2593 371 2619 abest
397 2600 412 2619 τι
437 2592 530 2620 codice
544 2591 627 2628 Regio
641 2598 667 2619 et
681 2592 860 2628 Segueriano,

74 2625 224 2662 Basilien_si'
238 2632 264 2662 et
277 2627 435 2662 Anglicano.

107 2661 175 2698 (4A8)7
186 2660 291 2698 Regius
303 2660 331 2689 et
343 2662 526 2698 Seguerianus
542 2663 570 2689 δέ
590 2663 702 2694 addunt,
719 2663 790 2698 quod
816 2663 860 2690 alii

72 2703 98 2723 et
110 2696 177 2723 editi
193 2697 335 2724 omittunt.

107 2731 166 2769 {49)
188 2731 292 2769 Regius
301 2737 328 2760 et
343 2733 535 2769 chuerianus,
549 2734 595 2760 καὶ
613 2733 692 2761 κατά,
708 2734 736 2761 In
756 2734 815 2762 aliis
833 2739 859 2763 et

70 2767 151 2794 editis
168 2767 218 2793 καί
229 2767 317 2794 deest.

102 2801 159 2839 (50)
181 2801 364 2836 Anglicanus,
380 2803 407 2829 ὲν
420 2803 501 2840 ἀρχῇ.

946 2593 1002 2627 (Si)
1027 2591 1191 2627 Basiliensis
1201 2595 1226 2617 et
1241 2590 1406 2627 Anglicanus
1422 2591 1467 2617 καί
1485 2591 1623 2627 οιηίιιιηῃ.

1022 2626 1122 2664 ξξςςῇιδ
1135 2621 1387 2664 et§eguer."_hic»et
1404 2627 1510 2664 mo‘xﬁt’}
1527 2635 1574 2664 pro

947 2659 1003 2695 (55)
1024 2662 1068 2688 Sic
1083 2661 1148 2695 Reg.
1166 2659 1278 2696 chuer.
1296 2660 1377 2687 Basil.
1393 2666 1420 2688 et
1434 2659 1542 2688 Gobler.
1559 2659 1652 2691 At"a|ii
1667 2665 1697 2692 et

911 2698 975 2726 editi
993 2698 1006 2724 ό
1021 2697 1158 2724 omittunt.

948 2732 1004 2767 (54)
1022 2731 1125 2767 liliest,
1143 2731 1184 2758 vel
1205 2730 1229 2767 si
1253 2729 1367 2767 Verbum
1386 2737 1412 2757 et
1427 2731 1526 2764 homo,
1550 2732 1605 2767 sive
1629 2740 1695 2760 con-

910 2765 1015 2802 jmictio
1034 2766 1114 2795 Verbi
1128 2774 1190 2794 cum
1205 2765 1324 2799 homine,
1351 2773 1433 2794 causa
1452 2771 1492 2795 est
1508 2774 1556 2794 cur
1574 2766 1693 2796 Verbum

910 2805 945 2832 sit
960 2802 1053 2831 Filius.
