1964 3038
114 90 165 120 ωδ

661 92 789 122 ORATIO
814 94 849 122 IV
866 94 1005 123 CONTRA
1022 94 1184 123 ARIANOS.

1676 95 1730 124 506

110 151 179 185 ρίου
208 151 236 177 οι
256 149 375 184 οὐρανοὶ
401 149 633 184 ἐστερεώθησαν.
659 151 696 177 οὺ
722 150 777 186 γὰρ
807 148 894 183 εἶπεν,

953 155 1006 178 sunt
1018 151 1040 178 ⁸.
1064 150 1120 179 Nec
1132 151 1205 179 enim
1220 150 1298 183 dixit.
1314 150 1381 186 facti
1408 154 1481 182 sunt.
1496 150 1540 178 vel
1555 150 1626 185 fecit.
1652 150 1730 184 Quod

114 197 263 233 ere-rma.
276 197 346 230 οὐδὲ,
359 197 512 230 ἐποίησεν.
529 197 589 224 Ὅτι
604 197 632 223 δὲ
644 197 686 228 τὸ,
705 196 897 231 ἐστερέωσεν,

115 245 162 272 ἐπὶ
177 244 326 279 μέλλοντος,
343 243 433 278 φησίψ
451 243 478 269 '0
490 243 595 276 Κύριος
608 243 816 270 ἐϐασίλευσεν*
829 241 896 270 εἶτα·

115 290 169 317 Καὶ
182 289 236 323 τὰρ
249 288 411 322 ἐστερέωσε
429 288 487 322 τὴν
501 288 692 323 οἰκουμένην,
706 289 771 322 ἣτις
789 290 825 316 οὑ
844 297 900 317 σα-

114 335 304 370 λευθήσεται.
320 335 376 361 Καὶ
390 335 413 361 εἰ
437 335 468 361 τὸ
492 335 547 370 (66)
573 336 601 362 ἐν
624 335 662 370 τῷ
690 335 900 371 τεσσαρακοστῷ

114 381 245 417 τετάρτῳ,
263 380 353 415 ’Υπὲρ
370 381 422 408 τοῦ
443 381 615 416 Ἆγαπητοῦ,
630 381 677 408 ἐπ).
689 381 839 416 μέλλοντος,
854 381 900 417 δῆ-

115 427 160 454 λον
176 428 216 454 ὅτι
234 427 280 454 καὶ
303 427 334 453 τὸ
363 427 557 462 ἐπιφερόμενον
585 427 625 460 τὸ,
660 427 853 461 Ἐξηρεύξατο
878 427 898 460 ἠ

114 473 221 507 καρδία
227 481 286 507 μου
299 473 396 506 Λόγον
406 472 527 507 ἀγαθόν.
542 473 596 499 Καὶ
608 473 632 498 εἰ
645 473 686 501 τὺ,
698 473 749 499 Ἐκ
759 471 897 507 γαστρὸς,

115 519 161 546 ἐπὶ
177 519 332 554 ἀνθρώπου,
347 518 401 554 ἄρα
430 518 527 550 καὶτὸ,
559 519 590 544 ἐκ
616 518 740 553 καρδίας.
755 518 786 544 El
812 518 865 553 γὰρ
882 518 899 552 ἡ

115 566 220 601 γαστὴρ
235 564 412 601 ἀνθρώπινον,
439 564 485 591 καὶ
500 565 516 599 ἡ
531 564 629 600 καρδία
651 563 706 599 (67)
734 563 898 598 σωματικόν.

115 607 196 639 Ειιδέ
222 611 252 638 τό
271 612 304 637 ὲκ
319 611 444 646 καρδίας,
462 610 557 642 ἀΐδιον,
585 610 631 636 κα).
650 610 681 636 τὸ
711 610 743 636 ὲκ
771 609 898 645 γαστρὸς,

115 657 211 684 ἀίδιον·
227 656 273 683 καὶ
284 656 308 683 εἰ
322 657 336 682 6
359 655 513 690 Μονογενὴς
540 655 569 681 ὲν
583 654 704 686 κόλποις,
723 655 769 681 καὶ
781 655 795 681 6
820 655 900 688 ’Λεία-

114 702 201 738 πητδς
215 703 244 729 ὲν
258 702 378 733 κόλποις.
392 701 497 727 Ταύτὸν
512 701 566 736 γάρ
586 701 644 727 ἐστι
665 701 695 727 τό
708 708 738 726 τε
750 700 899 734 Μονογενὲς
918 727 921 730 _

115 748 201 776 καὶτὸ
222 747 383 784 ’Λγαπητδν,
398 747 437 778 ὡς
462 747 502 779 τὸ,
513 745 607 779 οὗτός
634 747 719 774 ἐστιν
734 747 750 773 ὀ
767 747 832 780 Υλός
842 755 899 781 μου

113 795 132 821 δ
145 794 306 828 ἀγαπητός.
324 794 361 822 Οὐ
375 793 428 828 γὰρ
442 793 473 828 δὴ
490 793 540 829 τὴν
564 794 604 824 εἰς
620 793 701 820 αὑτὸν
719 792 774 828 (68)
787 793 898 828 ἀγάπην

115 841 234 878 σημεζναι
250 839 344 871 θέλων,
357 837 417 865 εἶπε
429 839 470 871 τὸ,
493 838 656 874 ’Δγαπητδς,
671 839 714 865 ἵνα
728 839 765 875 μὴ
778 839 841 871 τοὺς
856 839 900 866 ἆλ-

114 884 178 916 λους
195 886 284 920 μισεῖν
297 885 370 921 δόξῃ·
394 884 462 911 ἀλλὰ
487 884 516 911 τὸ
528 885 678 918 Μονογενὲς
693 885 797 920 ἐδήλου,
811 885 854 912 ἵνα
870 884 900 911 τὸ

115 931 196 966 μόνον
209 930 239 963 ἐξ
255 930 337 957 αὐτοῦ
352 928 420 957 εἶναι
447 930 527 957 αὑτὸν
539 930 622 966 δείξῃ.
652 931 707 957 Καὶ
720 930 759 966 τῷ
777 930 901 966 Ἀϐραὰμ

114 975 180 1010 γοῦν
197 975 252 1012 (69)
267 977 386 1012 σημᾶναι
401 975 484 1002 θέλων
497 975 604 1010 όΛόγος
619 976 649 1002 τὺ
664 976 899 1012 μονογενὲς,φησί·

114 1021 300 1056 Προσένετκε
314 1021 367 1048 τὸν
388 1021 456 1048 υἱόν
466 1028 525 1048 σου
550 1021 604 1048 τὸν
627 1022 790 1056 ἀγαπητόν.
816 1022 901 1048 Παντὶ

113 1066 244 1102 ἂδῆλον,
261 1068 294 1094 ἐκ
319 1067 370 1102 τῆς
386 1067 493 1103 Σάρρας
524 1067 604 1103 μόνον
634 1065 703 1094 εἶναι
728 1068 773 1094 τὸν
795 1068 898 1095 Ἰσαάκ.

115 1113 210 1140 Ἔστιν
231 1113 284 1150 ἄρα
294 1114 308 1140 6
320 1113 404 1148 Λόγος
412 1113 485 1145 Υἱὸς,
502 1113 551 1140 οὐκ
561 1113 623 1149 ἄρτι
638 1113 757 1147 γεγονὼς
769 1113 786 1149 ἦ
801 1114 899 1149 ὀνομα-

114 1159 189 1191 σθεις
203 1159 276 1192 Υἱὸς,
291 1159 348 1186 ἀλλ’
361 1160 404 1186 ἀει
414 1159 488 1191 Υἱός.
508 1159 539 1186 Et
566 1159 620 1194 γὰρ
634 1158 671 1194 μὴ
686 1159 759 1191 Υιδς,
773 1159 833 1187 οὐδὲ
849 1159 899 1186 Λό-

113 1214 171 1239 γος·
187 1205 235 1232 καὶ
248 1206 272 1232 εἰ
291 1205 327 1241 μὴ
339 1205 433 1240 Λόγος,
448 1205 507 1232 οὐδὲ
524 1205 598 1236 Υἱός.
619 1205 656 1231 Τὸ
664 1204 719 1241 γὰρ
736 1205 767 1231 ἐκ
779 1205 825 1232 τοῦ
844 1206 899 1232 Πα-

112 1250 178 1285 τρὸς
189 1250 253 1282 Υἱός
269 1250 337 1276 ἐστι.
362 1250 394 1276 Τί
407 1250 434 1276 δέ
449 1250 522 1276 ἐστιν
539 1250 571 1276 ὲκ
583 1249 630 1276 τοῦ
642 1250 748 1285 Πατρὸς
758 1250 782 1276 εί
795 1249 832 1286 μὴ
848 1250 900 1277 Λό-

113 1301 162 1328 γος
177 1294 243 1330 (70),
258 1296 272 1322 ὀ
285 1295 317 1322 ὲκ
329 1295 441 1331 καρδίας
452 1294 600 1330 προελθὼν,
612 1295 658 1321 καὶ
674 1296 705 1321 ὲκ
718 1294 835 1331 γαστρὸς
845 1304 903 1330 γεν-

112 1339 219 1374 νηθείςς
233 1340 270 1367 Οὐ
287 1340 340 1376 γὰρ
361 1342 375 1367 6
389 1341 484 1376 Πατὴρ
506 1341 590 1375 Λόγος
607 1341 690 1367 ἐστίν·
707 1341 767 1367 οὐδὲ
786 1342 800 1368 6
816 1342 902 1376 Λόγος

113 1386 211 1421 Πατήρ
225 1387 308 1413 ἔστιν·
323 1386 379 1414 ἀλλ’
391 1386 406 1412 6
416 1386 466 1422 μὲν
479 1385 584 1422 Πατὴρ,
602 1385 616 1412 6
637 1386 666 1413 δὲ
681 1386 755 1418 Υἱός·
769 1387 816 1415 καὶ
825 1388 839 1414 6
852 1388 902 1423 μὲν

112 1432 207 1466 γεννᾷ,
219 1433 232 1458 6
246 1431 275 1458 δὲ
289 1432 425 1466 γεννᾶται.

949 201 1038 224 autem
1054 197 1227 230 vocabulum,
1239 196 1366 230 ﬁrmavit,
1380 195 1414 223 de
1425 195 1517 223 futuro
1527 196 1730 232 intelligendum

950 245 994 276 sit,
1012 243 1150 278 conjicere
1163 243 1226 270 licet
1233 250 1268 270 ex
1278 242 1321 270 bis
1334 241 1441 269 verbis:
1454 241 1584 269 Dominus
1597 244 1730 278 regnavit;

948 289 1056 320 deinde,
1075 287 1178 315 Etenim
1195 286 1312 323 ﬁrmauit
1325 286 1412 313 orbem
1426 291 1514 320 terre,
1533 288 1579 322 qui
1597 295 1648 315 non
1660 297 1731 315 com-

949 334 1094 360 movebitur
1105 333 1127 362 ¹.
1142 331 1170 359 Si
1186 332 1248 359 item
1267 339 1310 364 ea,
1335 339 1396 366 qua?
1417 331 1444 358 in
1460 331 1565 366 psalmo
1582 333 1732 369 quadrage-

949 379 1019 406 simo
1038 382 1137 413 quarto
1157 386 1205 412 pro
1224 377 1325 404 Dilecto
1338 377 1348 393 '
1372 381 1527 408 narrantur.
1551 377 1586 404 ad
1610 377 1730 406 futurum

949 428 1056 460 tempus
1079 423 1214 459 pertinent
1228 432 1235 455 ;
1262 423 1333 450 idem
1348 430 1455 457 quoque
1471 423 1523 449 erit
1537 423 1680 450 dicendum
1697 424 1731 452 de

950 470 992 497 his
1009 477 1077 505 quae.
1092 473 1255 503 sequuntur,
1281 467 1421 495 Eructavit
1445 476 1490 494 cor
1504 476 1590 495 meum
1620 468 1731 496 Verbum

950 512 1045 540 bonum
1054 513 1075 539 ⁷.
1091 511 1232 542 Similiter.
1248 512 1272 539 si
1295 512 1353 539 haec
1365 512 1458 543 verba,
1473 511 1515 538 Ea:
1529 517 1602 539 utero
1613 513 1634 545 ³,
1645 513 1732 541 homi-

949 566 1011 587 nem
1027 558 1157 586 denotant
1169 565 1177 591 ;
1190 565 1255 593 ergo
1279 562 1306 584 et
1321 557 1393 592 quod
1407 565 1441 585 ex
1456 557 1536 585 corde
1552 559 1671 586 eructari
1687 559 1731 586 di-

949 605 1029 633 citur.
1052 603 1173 639 Namque
1193 604 1217 631 si
1233 608 1326 631 uterus
1350 603 1580 645 humanum'quid
1605 608 1656 638 est,
1683 612 1732 633 eor

948 651 1029 679 etiam
1045 658 1175 686 corporea
1190 657 1235 678 res
1250 654 1302 678 est.
1321 649 1374 677 Sed
1392 650 1415 677 si
1431 650 1504 685 quod
1520 657 1553 678 ex
1569 651 1651 689 corde
1667 659 1730 686 pro-

949 697 1082 730 funditur,
1096 701 1228 724 aeternum
1251 700 1294 724 est
1306 717 1314 730 ,
1339 696 1404 724 illud
1420 697 1501 724 etiam
1516 697 1590 732 quod
1602 705 1636 724 ex
1654 701 1731 725 utero

948 743 1081 777 nascitur,
1095 747 1226 770 aeternum
1240 749 1301 770 esse
1316 742 1521 778 intelligendum
1532 747 1584 770 est.
1603 741 1733 771 Similiter

949 790 972 817 si
987 788 1148 824 Unigenitus
1164 793 1206 816 est
1223 788 1249 815 in
1267 789 1340 821 sinu,
1365 787 1484 816 Dilectus
1496 795 1605 824 quoque
1619 788 1646 816 in
1670 788 1732 816 sinu

948 839 999 863 est.
1018 834 1090 862 ldem
1105 834 1177 862 enim
1196 838 1238 862 est
1258 832 1421 870 Unigenitus
1442 838 1469 862 et
1493 834 1622 867 Dilectus,
1648 839 1678 862 ut
1698 843 1733 862 ex

948 881 991 909 his
1013 881 1098 916 liquet
1121 880 1222 912 verbis,
1239 880 1289 907 Hic
1316 884 1355 907 est
1381 879 1471 909 Filius
1494 889 1567 908 meus
1587 880 1698 908 dilectus
1709 881 1730 908 '.

948 927 1003 955 Nec
1022 927 1094 954 enim
1111 930 1141 954 ut
1157 934 1235 954 suam
1253 926 1280 953 in
1297 933 1359 953 eum
1383 926 1543 954 cbaritatem
1558 926 1733 961 signiﬁcaret,

949 972 1084 1001 Dilectum
1109 972 1200 1008 ipsum
1227 972 1380 1008 appellavit,
1400 981 1434 1000 ne
1458 973 1526 1001 alios
1542 973 1606 1001 odio
1632 973 1734 1001 habere

949 1019 1073 1047 videatur
1086 1029 1092 1046 :
1108 1019 1155 1046 sed
1170 1018 1345 1055 Unigenitum
1362 1019 1501 1047 indicabat
1514 1027 1585 1052 esse,
1600 1024 1630 1047 ut
1644 1020 1733 1047 solum

948 1073 1010 1095 eum
1027 1073 1060 1093 ex
1076 1065 1165 1100 seipso
1181 1072 1241 1093 esse
1257 1065 1376 1093 doceret.
1399 1064 1469 1093 Hinc
1488 1064 1608 1093 Verbum
1631 1065 1732 1101 ipsum,

948 1119 1010 1139 cum
1037 1111 1203 1146 unigenitum
1227 1111 1343 1139 Abrahae
1368 1111 1455 1139 ﬁlium
1471 1112 1552 1140 vellet
1569 1111 1711 1148 designare
1724 1132 1734 1145 ,

948 1157 1006 1185 ait:
1031 1157 1104 1192 σθεν
1116 1157 1204 1193 [ilium
1225 1161 1298 1185 tuum
1316 1157 1441 1185 dilectum
1453 1158 1486 1185 ¹⁰.
1509 1157 1617 1186 Nemini
1642 1162 1733 1186 autem

948 1202 1060 1232 dubium
1075 1207 1118 1231 est
1133 1203 1221 1231 solum
1235 1203 1309 1233 lsaac
1322 1211 1357 1232 ex
1374 1203 1442 1232 Sara
1459 1205 1579 1240 genitum
1594 1205 1639 1232 bic
1655 1204 1734 1232 intel-

949 1249 1005 1284 ligi.
1024 1250 1118 1284 itaque
1138 1249 1257 1277 Verbum
1274 1254 1316 1278 est
1337 1249 1434 1284 Filius,
1457 1258 1510 1278 non
1525 1258 1621 1279 recens
1646 1250 1734 1279 factus

949 1295 992 1322 vel
1019 1295 1175 1324 nominatus
1194 1295 1290 1330 Filius,
1310 1296 1358 1324 sed
1384 1304 1491 1332 semper
1512 1296 1608 1324 Filius.
1625 1295 1693 1324 Nam
1710 1296 1735 1324 si

950 1341 1036 1369 Filius
1052 1350 1105 1370 non
1118 1346 1170 1375 est,
1182 1350 1231 1370 nec
1248 1342 1364 1370 Verbum
1375 1351 1436 1371 esse
1446 1347 1544 1378 potest.
1558 1342 1590 1370 Et
1601 1342 1735 1375 vicissim,

950 1387 974 1416 si
990 1386 1110 1415 Verbum
1126 1396 1180 1416 non
1201 1393 1254 1421 cst,
1277 1397 1327 1417 nec
1346 1388 1432 1417 Filius
1455 1393 1543 1425 potest
1557 1396 1629 1417 esse.
1645 1388 1737 1424 Siqui-

949 1433 1011 1462 dem
1033 1434 1105 1469 qnod
1129 1441 1162 1461 ex
1185 1434 1264 1462 Patre
1285 1439 1339 1468 est,
1364 1435 1450 1463 Filius
1466 1435 1561 1470 utique
1586 1439 1638 1462 est.
1664 1433 1735 1467 Quid

111 1485 197 1512 porro
215 1483 257 1506 est
276 1485 308 1505 ex
328 1477 417 1511 Patre,
450 1479 502 1507 nisi
532 1478 650 1507 Verbum
664 1498 672 1512 ,
698 1478 771 1514 quod
803 1487 836 1508 ex
860 1479 942 1507 corde
959 1487 1132 1516 progressum
1154 1484 1206 1513 est,
1229 1484 1257 1509 et
1286 1488 1319 1509 ex
1343 1485 1420 1509 utero
1442 1479 1649 1516 geuitum‘lNec
1663 1479 1736 1508 enim

112 1523 195 1552 Pater
210 1524 326 1553 Verbum
342 1530 393 1558 est,
409 1531 456 1553 aut
470 1525 588 1554 Verbum
605 1526 686 1554 Pater
699 1531 741 1554 est
755 1537 761 1554 :
781 1527 827 1554 sed
842 1527 895 1560 illeI
914 1526 994 1556 Pater
1007 1536 1014 1561 ;
1030 1528 1084 1561 hic,
1099 1527 1184 1556 Filius
1197 1533 1257 1556 est:
1273 1528 1318 1556 ille
1331 1528 1427 1563 gignit,
1441 1528 1485 1556 hic
1499 1527 1629 1563 gignitur.

148 1570 193 1597 25.
205 1571 338 1598 Μαίνεται
364 1572 412 1607 μὲν
438 1569 484 1598 οὖν
502 1572 610 1608 Ἄρειος
621 1571 651 1604 ἐξ
666 1571 716 1598 οὐκ
727 1571 810 1598 ὄντων
829 1568 899 1599 εἶναι

984 1571 1029 1599 25.
1038 1571 1173 1605 Quocirca
1187 1571 1291 1599 insanit
1306 1572 1429 1606 profecto
1440 1572 1533 1605 Arius,
1543 1578 1606 1599 cum
1616 1570 1655 1598 ait
1667 1570 1735 1599 Ver-

113 1615 201 1650 λέγων
213 1616 259 1643 τὸν
275 1616 348 1649 Υἰδν,
363 1617 410 1644 καὶ
437 1615 471 1653 ἧν
488 1626 563 1649 ποτε,
587 1618 631 1643 ὅτε
651 1617 701 1643 οὐκ
711 1615 756 1652 ἦν.
770 1617 901 1643 Μαίνεται

112 1661 144 1688 δὲ
156 1662 203 1688 καὶ
216 1663 358 1696 Σαδέλλιος
374 1663 460 1698 λέγων
482 1665 528 1691 τὸν
554 1664 663 1700 Πατέρα
681 1662 751 1691 εἶναι
767 1664 840 1697 Υἰὸν,
855 1665 902 1691 καὶ

113 1708 233 1743 ἔμπαλιν
247 1709 291 1736 τὸν
311 1710 374 1737 Υἱδν
397 1709 466 1738 εἶναι
479 1710 601 1746 Πατέρα,
628 1711 774 1738 ὑποστάσει
798 1711 848 1746 μὲν
861 1710 900 1744 ἓν,

113 1755 264 1791 ὀνόματιδὲ
290 1756 344 1783 δύο·
360 1758 482 1792 μαίνεται
495 1758 523 1785 δὲ
554 1758 601 1785 κα).
617 1758 673 1794 (71)
698 1757 901 1794 παραδείγματι

113 1800 256 1836 χρώμενος
275 1803 307 1837 τῇ
319 1802 365 1828 τοῦ
376 1803 534 1838 Πνεύματος
558 1805 660 1840 χάριτι·
681 1805 748 1839 φησὶ
763 1804 818 1840 γὰρ
833 1805 900 1839 (72),

116 1846 222 1882 Ὥσπερ
241 1847 397 1881 διαιρέσεις
415 1849 605 1883 χαρισμάτων
617 1850 688 1883 εἰσὶ,
717 1850 751 1877 τὸ
771 1850 805 1876 δὲ
830 1850 902 1877 αὐτὸ

114 1894 246 1928 Πνεῦμα·
263 1894 335 1921 οὕτω
347 1895 393 1922 καὶ
411 1896 425 1922 6
439 1896 532 1931 Πατὴρ
556 1897 570 1923 6
591 1896 672 1927 αὐτὸς
689 1896 737 1932 μὲν
753 1897 821 1928 ἔστι,
838 1896 903 1923 πλα-

113 1939 223 1966 τύνεται
235 1940 264 1966 δὲ
278 1941 318 1972 εἰς
333 1941 395 1968 Υἰὸν
410 1942 457 1968 καὶ
484 1942 607 1978 Πνεῦμα.
624 1943 701 1968 Ἐστι
712 1943 741 1969 δὲ
754 1942 833 1969 τοῦτο
853 1951 902 1978 p.5-

115 1985 179 2013 στὸν
195 1985 319 2018 ἀτοπίας.
331 1987 363 2013 Et
378 1986 431 2023 γὰρ
448 1987 486 2019 ὡς
511 1987 557 2013 ἐπὶ
572 1986 620 2013 τοῦ
647 1986 816 2022 Πνεύματος,
832 1987 902 2015 οὕτω

115 2031 163 2057 καὶ
175 2031 221 2057 ἐπὶ
231 2031 276 2057 τοῦ
293 2031 360 2058 Θεοῦ
374 2031 429 2067 (75)
441 2033 523 2059 ἐστιν’
538 2032 615 2059 ἔσται
626 2033 639 2058 6
654 2032 748 2068 Πατὴρ
761 2033 845 2066 Λόγος
856 2033 902 2059 καὶ

114 2076 228 2111 Πνεῦμα
243 2077 330 2111 ἅγιον,
341 2074 363 2111 ᾧ
378 2078 427 2113 μὲν
440 2078 644 2114 γινόμενος(74)
661 2078 766 2114 Πατὴρ,
779 2075 801 2112 ᾧ
814 2078 841 2104 δὲ
853 2078 903 2105 Λό-

114 2131 174 2157 γος,
191 2120 212 2157 ᾧ
227 2124 255 2150 δὲ
274 2124 386 2159 Πνεῦμα
400 2125 467 2161 πρὸς
482 2124 532 2160 τὴν
545 2124 638 2160 χρείαν
653 2124 768 2151 ἑκάστου
783 2125 902 2160 ἁρμοζό-

116 2176 208 2203 μενος*
223 2168 269 2194 κα).
281 2169 392 2204 ὀνόματι
412 2169 461 2205 μὲν
477 2170 539 2201 Υἱὸς
556 2169 603 2196 καὶ
618 2169 740 2205 Πνεῦμα,
755 2169 794 2204 τῷ
808 2170 835 2196 δὲ
847 2169 902 2196 ὄντι

115 2213 211 2249 Πατὴρ
234 2214 323 2249 μόνον·
351 2215 437 2250 ἀρχὴν
461 2215 510 2250 μὲν
537 2215 605 2251 ἔχων
625 2215 655 2242 τὸ
676 2214 798 2249 γίνεσθαι
826 2215 901 2248 Υἱὸς,

919 2247 940 2274 D

951 1616 1017 1645 bum
1032 1625 1064 1645 ex
1082 1617 1168 1645 nihilo
1183 1624 1254 1649 esse,
1271 1616 1412 1653 fuisseque
1436 1617 1585 1653 aliquando
1601 1624 1664 1645 eum
1681 1624 1736 1644 non

950 1667 1033 1691 esset.
1046 1663 1151 1691 Insanit
1164 1664 1265 1699 pariter
1278 1663 1426 1697 Sabellius,
1440 1672 1502 1692 cum
1518 1663 1625 1692 Patrem
1637 1662 1736 1690 Filium

951 1717 1021 1743 esse,
1035 1714 1063 1738 et
1081 1709 1181 1738 Filium
1196 1709 1303 1738 Patrem
1328 1717 1389 1738 esse
1405 1710 1494 1744 docet,
1516 1718 1602 1737 unum
1625 1708 1735 1745 quidem

951 1756 1106 1792 bypostasi,
1121 1757 1169 1785 sed
1185 1757 1296 1784 nomine
1319 1756 1409 1790 duos;
1429 1764 1491 1784 cum
1503 1775 1510 1788 ,
1528 1760 1558 1783 ιιι
1574 1763 1652 1783 suum
1671 1762 1738 1782 con-

951 1802 1040 1830 ﬁrmet
1050 1810 1182 1834 errorem,
1197 1802 1336 1830 dementer
1348 1807 1375 1830 et
1385 1809 1526 1838 perperam
1539 1801 1663 1836 exemplo
1675 1807 1738 1836 gra-

952 1849 996 1876 tia:
1007 1848 1124 1884 Spiritus
1141 1849 1236 1877 utitur.
1250 1849 1296 1876 Ait
1310 1850 1382 1877 enim
1397 1857 1404 1876 :
1418 1847 1651 1882 Quemadmodum
1667 1847 1737 1874 divi-

951 1890 1035 1922 siones
1058 1900 1119 1922 sunt
1145 1896 1302 1931 gratiarum,
1320 1895 1389 1922 idem
1406 1900 1493 1922 autem
1515 1894 1681 1928 Spiritus“:
1699 1893 1737 1920 ita

951 1945 978 1969 et
990 1941 1073 1968 Pater
1086 1942 1158 1969 idem
1171 1942 1281 1978 quidem
1300 1947 1353 1975 est,
1368 1941 1416 1970 sed
1437 1942 1464 1969 in
1485 1941 1582 1969 Filium
1606 1945 1633 1969 et
1652 1939 1739 1976 Spiris

952 1993 1010 2015 tum
1037 1988 1178 2015 dilatatur.
1204 1987 1276 2016 Sane
1295 1988 1322 2015 id
1341 1988 1538 2023 perabsurdum
1555 1992 1605 2016 est.
1622 1987 1650 2014 Si
1663 1987 1737 2015 enim

952 2033 1045 2061 eadem
1061 2039 1103 2061 est
1117 2034 1188 2061 ratio
1203 2034 1250 2061 Dei
1262 2037 1290 2061 et
1307 2033 1424 2068 Spiritus
1438 2043 1445 2062 :
1461 2033 1584 2069 sequitur
1603 2039 1632 2060 ut
1647 2032 1737 2066 Pater,

955 2078 1072 2107 Verbum
1086 2080 1121 2107 sit
1133 2084 1160 2107 et
1175 2079 1294 2114 Spiritus
1305 2084 1430 2112 sanctus;
1443 2080 1480 2107 ita
1489 2084 1518 2107 ut
1526 2087 1586 2107 sese
1599 2079 1632 2106 ad
1645 2079 1738 2114 cujus-

952 2134 1005 2161 que
1021 2126 1207 2154 necessitatem
1219 2126 1441 2159 accommodans,
1449 2125 1530 2152 modo
1541 2126 1575 2153 sit
1583 2125 1671 2159 Pater.
1681 2132 1738 2152 mo-

953 2170 988 2198 do
1008 2170 1136 2203 Verbum,
1160 2171 1242 2198 modo
1264 2170 1404 2205 Spiritus:
1431 2174 1513 2205 atque
1536 2170 1604 2198 adeo
1628 2170 1739 2198 nomine

954 2219 1034 2243 tenus
1046 2214 1132 2243 Filius
1147 2215 1200 2244 erit
1210 2220 1237 2243 et
1251 2214 1380 2251 Spiritus,
1392 2223 1423 2243 re
1438 2222 1527 2243 autem
1540 2223 1602 2244 vera
1619 2220 1739 2243 tantum-

115 2259 269 2294 παυόμενος
277 2261 305 2287 δὲ
320 2261 367 2288 τοῦ
386 2261 511 2296 λέγεσθαι
522 2262 627 2297 Πατήρ*
640 2262 687 2288 καὶ
704 2261 760 2296 (75)
774 2261 901 2297 ἐνανθρω-

958 2262 1039 2289 modo
1053 2260 1144 2303 Pater,
1169 2261 1226 2296 qui.
1253 2268 1387 2297 quatenus
1407 2267 1448 2290 est
1462 2261 1558 2294 Filius,
1574 2261 1737 2296 principium

116 2305 208 2340 στήσας
221 2305 269 2341 μὲν
287 2306 408 2342 ὀνόματι,
424 2308 457 2343 τῇ
469 2307 496 2334 δὲ
509 2307 623 2343 ἀληθείᾳ
637 2307 703 2343 μηδὲ
723 2307 904 2343 ἐπιδημήσας·

154 2373 255 2410 [ΡεειΙ.
273 2383 346 2403 xxxu
359 2397 366 2409 ,
381 2376 407 2403 6.
444 2377 455 2392 '
473 2375 546 2409 Psal.
561 2384 632 2410 xcu,
647 2376 672 2403 L

118 2408 141 2425 "
161 2409 227 2437 Gen.
246 2418 313 2444 χιιι,
326 2408 363 2438 2(
392 2412 412 2427 “
433 2408 586 2445 ICor.'xu,
601 2412 627 2438 Δ.

154 2475 210 2511 (66)
231 2475 343 2513 Regius,
356 2478 380 2504 εἰ
395 2479 423 2504 ὲν
439 2477 489 2513 τῷ.
504 2478 564 2505 Mox
586 2479 656 2506 idem
673 2485 700 2506 et
715 2478 826 2512 Seguer.
850 2480 902 2508 Ba-

117 2510 169 2550 ἕης.
178 2516 205 2538 et
231 2512 371 2550 Anglican.
396 2514 427 2539 τὸ
446 2510 640 2550 ὲᾶτιφερόμενον
655 2510 901 2550 τὺηἘξηρεύξατο.

116 2546 208 2585 Aiiigt
222 2547 303 2585 editi.
317 2547 347 2585 τρ
363 2546 569 2585 ἐπιφερόμενονξ
580 2546 786 2585 ςΕΞηρεύξατοΪ
835 2546 840 2547 ⁷
917 2550 922 2554 ’

155 2580 296 2619 (67)]ἰρε.
322 2580 434 2619 Seguer.
447 2580 563 2610 'beler.
579 2580 662 2611 Basili
679 2580 826 2619 (et-Anglic.
854 2585 902 2612 καὶ

116 2617 133 2650 ἠ
148 2616 257 2652 καρδία.
271 2616 369 2645 Caneri
380 2623 407 2646 et
424 2619 498 2652 editi,
514 2619 560 2646 καὶ
573 2619 681 2655 καρδία.
707 2616 777 2647 Ibid:
791 2620 900 2648 Gobler.

118 2652 274 2686 σωματικὴ.

118 2659 159 2677 σω
163 2660 214 2678 ιιατ
219 2659 262 2678 ικη
267 2671 274 2678 .

155 2660 430 2726 (ιίιίἓῖιῖἓέεῖ-ξεειιετὲ..
445 2687 527 2726 Basil.
550 2688 654 2726 Anglic.
672 2693 700 2717 et
726 2688 833 2717 Gobler.
853 2689 902 2726 τὴν

117 2721 264 2759 είςαρτᾀν.
282 2722 332 2759 Ali_i
350 2721 376 2750 et
389 2723 464 2754 editi,
475 2723 514 2759 τῷ
529 2726 569 2755 εἰς
582 2721 672 2751 αὐτόν.

155 2756 212 2791 (69)
229 2756 421 2796 ligg._Segue_r.
435 2756 541 2796 Anglic.
557 2759 666 2796 Gobler.
678 2764 705 2787 et
728 2759 811 2796 Basil.
824 2760 901 2796 φησί,

118 2796 147 2819 et
162 2799 238 2825 mox,
255 2792 372 2826 Σάρῤας.
388 2792 525 2822 (lactei-iet
539 2794 616 2826 editi,
631 2794 693 2826 ἔφη,
706 2799 732 2823 et
747 2792 847 2826 Σάραξ.

725 2377 736 2392 ⁶
754 2376 828 2405 Psal.
845 2385 919 2405 ntv.
933 2377 959 2405 l.

959 2308 1070 2341 habeat,
1087 2315 1120 2336 ac
1134 2307 1216 2335 Pater
1230 2308 1359 2343 appellari
1374 2308 1481 2336 desinat
1495 2318 1502 2334 :
1517 2307 1663 2350 505_qui
1679 2307 1739 2334 solo

1011 2378 1022 2394 ⁷
1043 2377 1108 2405 ibid.
1126 2378 1152 2404 2.
1209 2378 1220 2393 ⁸
1239 2377 1311 2405 Psal.
1331 2386 1374 2406 cu
1386 2397 1394 2410 ,
1409 2378 1435 2405 5.
1491 2377 1501 2393 ⁹
1520 2376 1614 2404 Matth.
1629 2384 1675 2409 ιιι,
1693 2375 1738 2403 l7.

991 2480 1050 2517 (70)
1067 2480 1133 2514 Reg.
1150 2480 1261 2516 Seguer.
1286 2481 1369 2509 Basil.
1383 2486 1410 2509 et
1422 2481 1527 2517 Anglic.
1545 2481 1570 2508 εἰ
1588 2479 1626 2516 μὴ
1640 2480 1736 2514 Λόγος.

955 2516 1051 2552 Caeteri
1065 2520 1092 2552 et
1106 2516 1186 2550 editi,
1200 2516 1278 2552 sth-h
1295 2517 1310 2543 6
1327 2517 1420 2551 Λόγος.

991 2551 1046 2585 (il)
1065 2550 1170 2587 Regius
1182 2555 1210 2578 et
1225 2549 1408 2587 Seguerialius
1424 2551 1527 2580 addunt
1540 2550 1587 2577 καί
1598 2570 1606 2582 ,
1620 2549 1693 2585 quod
1709 2550 1738 2578 in

955 2585 1016 2612 aliis
1027 2590 1054 2612 et
1065 2585 1146 2612 editis
1157 2586 1242 2613 deest.

990 2620 1047 2655 (7‘2)
1066 2620 1141 2656 Reg,
1157 2620 1269 2656 Seguer.
1291 2621 1373 2649 Basil.
1406 2621 1511 2656 Anglic.
1533 2619 1645 2648 Gobler.
1671 2618 1739 2656 φησι

990 2629 1047 2655 (ιι)
1066 2629 1142 2682 ηοξ..
1157 2629 1269 2656 neguer.
1291 2629 1373 2649 nasn.
1406 2629 1434 2648 ,ιιι

956 2656 1086 2692 γάρλοιρ.
1126 2656 1153 2692 lii
1168 2661 1195 2682 et
1207 2657 1288 2692 editi,
1304 2657 1354 2691 ἔφη
1371 2658 1434 2692 γάρ.

990 2690 1048 2725 (75)
1066 2690 1167 2724 Regius
1182 2697 1209 2718 et
1226 2691 1336 2726 Seguer.
1350 2690 1399 2718 ἐπὶ
1408 2690 1487 2718 Θεοῦ.

992 2726 1048 2762 (74)
1065 2726 1240 2762 Anglicanus,
1255 2727 1409 2762 γενόμενος.

993 2758 1241 2801 (Ἱξξ).8ἱ6,Κεεξυε,
1259 2758 1370 2798 Seguer.
1386 2762 1468 2791 Basil.
1483 2766 1509 2790 et
1523 2761 1626 2796 Anglic.
1645 2760 1680 2789 At
1690 2758 1738 2789 alii

956 2800 985 2824 et
1000 2796 1064 2824 editi
1080 2796 1125 2823 καί
1140 2797 1278 2826 omittunt.
