  <div class='ocr_page' id='page_1' title='image "/cluster/home/n/w/nwhite01/storage/ocr_20150623/26/njp.32101077772521/265.png"; bbox 0 0 1964 3038; ppageno 0'>
   <div class='ocr_carea' id='block_1_1' title="bbox 273 128 327 158">
    <p class='ocr_par' dir='ltr' id='par_1_1' title="bbox 273 128 327 158">
     <span class='ocr_line' id='line_1_1' title="bbox 273 128 327 158; baseline 0 0"><span class='ocrx_word' id='word_1_1' title='bbox 273 128 327 158; x_wconf 67' lang='grc'><strong>819</strong></span> 
     </span>
    </p>
   </div>
   <div class='ocr_carea' id='block_1_2' title="bbox 573 120 1583 157">
    <p class='ocr_par' dir='ltr' id='par_1_2' title="bbox 573 120 1583 157">
     <span class='ocr_line' id='line_1_2' title="bbox 573 120 1583 157; baseline -0.004 0"><span class='ocrx_word' id='word_1_2' title='bbox 573 130 601 157; x_wconf 91' lang='lat' dir='ltr'><strong>S.</strong></span> <span class='ocrx_word' id='word_1_3' title='bbox 618 129 802 157; x_wconf 79' lang='lat' dir='ltr'><strong>ATHANASII</strong></span> <span class='ocrx_word' id='word_1_4' title='bbox 817 129 893 157; x_wconf 82' lang='lat' dir='ltr'><strong>OPP.</strong></span> <span class='ocrx_word' id='word_1_5' title='bbox 911 129 1000 157; x_wconf 82' lang='lat' dir='ltr'><strong>PARS</strong></span> <span class='ocrx_word' id='word_1_6' title='bbox 1017 128 1036 156; x_wconf 84' lang='grc'><strong>1.</strong></span> <span class='ocrx_word' id='word_1_7' title='bbox 1054 143 1087 148; x_wconf 91' lang='lat'><strong>—-</strong></span> <span class='ocrx_word' id='word_1_8' title='bbox 1107 127 1294 156; x_wconf 77' lang='lat' dir='ltr'><strong>HISTORICA</strong></span> <span class='ocrx_word' id='word_1_9' title='bbox 1312 127 1356 154; x_wconf 84' lang='lat' dir='ltr'><strong>ET</strong></span> <span class='ocrx_word' id='word_1_10' title='bbox 1375 120 1583 155; x_wconf 54' lang='lat' dir='ltr'><strong>DOGMATICA&#39;.</strong></span> 
     </span>
    </p>
   </div>
   <div class='ocr_carea' id='block_1_3' title="bbox 1823 126 1868 156">
    <p class='ocr_par' dir='ltr' id='par_1_3' title="bbox 1823 126 1868 156">
     <span class='ocr_line' id='line_1_3' title="bbox 1823 126 1868 156; baseline 0.044 -2"><span class='ocrx_word' id='word_1_11' title='bbox 1823 126 1868 156; x_wconf 64' lang='lat'><strong>530</strong></span> 
     </span>
    </p>
   </div>
   <div class='ocr_carea' id='block_1_4' title="bbox 273 184 1048 222">
    <p class='ocr_par' dir='ltr' id='par_1_4' title="bbox 273 186 1048 222">
     <span class='ocr_line' id='line_1_4' title="bbox 273 186 1048 222; baseline -0.001 -7"><span class='ocrx_word' id='word_1_12' title='bbox 273 186 370 220; x_wconf 83' lang='lat' dir='ltr'><strong>fuisse,</strong></span> <span class='ocrx_word' id='word_1_13' title='bbox 391 191 418 215; x_wconf 89' lang='lat' dir='ltr'><strong>et</strong></span> <span class='ocrx_word' id='word_1_14' title='bbox 439 187 510 222; x_wconf 75' lang='lat' dir='ltr'><strong>apud</strong></span> <span class='ocrx_word' id='word_1_15' title='bbox 530 186 614 214; x_wconf 83' lang='lat' dir='ltr'><strong>Deum</strong></span> <span class='ocrx_word' id='word_1_16' title='bbox 633 195 665 214; x_wconf 88' lang='lat' dir='ltr'><strong>ac</strong></span> <span class='ocrx_word' id='word_1_17' title='bbox 685 187 769 215; x_wconf 89' lang='lat' dir='ltr'><strong>Deum</strong></span> <span class='ocrx_word' id='word_1_18' title='bbox 791 187 885 218; x_wconf 86' lang='lat' dir='ltr'><strong>tuisse,</strong></span> <span class='ocrx_word' id='word_1_19' title='bbox 911 188 1048 222; x_wconf 79' lang='lat' dir='ltr'><strong>omniaqut</strong></span> 
     </span>
    </p>
   </div>
   <div class='ocr_carea' id='block_1_5' title="bbox 1100 184 1870 222">
    <p class='ocr_par' dir='ltr' id='par_1_5' title="bbox 1105 184 1870 220">
     <span class='ocr_line' id='line_1_5' title="bbox 1105 184 1870 220; baseline -0.003 -7"><span class='ocrx_word' id='word_1_20' title='bbox 1105 185 1174 214; x_wconf 80' lang='grc' dir='ltr'>εἶναι</span> <span class='ocrx_word' id='word_1_21' title='bbox 1191 186 1237 213; x_wconf 76' lang='grc' dir='ltr'><strong>τὸν</strong></span> <span class='ocrx_word' id='word_1_22' title='bbox 1248 187 1342 220; x_wconf 84' lang='grc' dir='ltr'>Λόγον,</span> <span class='ocrx_word' id='word_1_23' title='bbox 1361 186 1408 212; x_wconf 76' lang='grc' dir='ltr'>καὶ</span> <span class='ocrx_word' id='word_1_24' title='bbox 1428 185 1522 212; x_wconf 83' lang='grc' dir='ltr'>τοῦτον</span> <span class='ocrx_word' id='word_1_25' title='bbox 1541 184 1608 220; x_wconf 72' lang='grc' dir='ltr'>πρὸς</span> <span class='ocrx_word' id='word_1_26' title='bbox 1619 185 1666 211; x_wconf 80' lang='grc' dir='ltr'><strong>τον</strong></span> <span class='ocrx_word' id='word_1_27' title='bbox 1679 185 1754 217; x_wconf 75' lang='grc' dir='ltr'>Θεὸν,</span> <span class='ocrx_word' id='word_1_28' title='bbox 1769 186 1812 211; x_wconf 74' lang='grc' dir='ltr'>καὶ</span> <span class='ocrx_word' id='word_1_29' title='bbox 1826 185 1870 211; x_wconf 74' lang='grc' dir='ltr'><strong>αὐ-</strong></span> 
     </span>
    </p>
   </div>
   <div class='ocr_carea' id='block_1_6' title="bbox 273 232 1054 269">
    <p class='ocr_par' dir='ltr' id='par_1_6' title="bbox 273 232 1054 269">
     <span class='ocr_line' id='line_1_6' title="bbox 273 232 1054 269; baseline 0.001 -9"><span class='ocrx_word' id='word_1_30' title='bbox 273 241 322 269; x_wconf 89' lang='lat' dir='ltr'><strong>per</strong></span> <span class='ocrx_word' id='word_1_31' title='bbox 337 234 425 269; x_wconf 79' lang='lat' dir='ltr'><strong>ipsum</strong></span> <span class='ocrx_word' id='word_1_32' title='bbox 438 232 506 260; x_wconf 80' lang='lat' dir='ltr'><strong>facta</strong></span> <span class='ocrx_word' id='word_1_33' title='bbox 519 241 590 266; x_wconf 89' lang='lat' dir='ltr'><strong>esse,</strong></span> <span class='ocrx_word' id='word_1_34' title='bbox 603 233 725 268; x_wconf 81' lang='lat' dir='ltr'><strong>nihilque</strong></span> <span class='ocrx_word' id='word_1_35' title='bbox 737 234 795 262; x_wconf 84' lang='lat' dir='ltr'><strong>sine</strong></span> <span class='ocrx_word' id='word_1_36' title='bbox 811 235 869 269; x_wconf 86' lang='lat' dir='ltr'><strong>ipso</strong></span> <span class='ocrx_word' id='word_1_37' title='bbox 881 242 941 261; x_wconf 89' lang='lat' dir='ltr'><strong>esse</strong></span> <span class='ocrx_word' id='word_1_38' title='bbox 955 234 1054 262; x_wconf 80' lang='lat' dir='ltr'><strong>factum</strong></span> 
     </span>
    </p>
   </div>
   <div class='ocr_carea' id='block_1_7' title="bbox 273 279 1056 316">
    <p class='ocr_par' dir='ltr' id='par_1_7' title="bbox 273 279 1056 316">
     <span class='ocr_line' id='line_1_7' title="bbox 273 279 1056 316; baseline 0 -8"><span class='ocrx_word' id='word_1_39' title='bbox 273 280 376 308; x_wconf 86' lang='lat' dir='ltr'><strong>dicitur</strong></span> <span class='ocrx_word' id='word_1_40' title='bbox 387 279 420 313; x_wconf 66' lang='grc' dir='ltr'><strong>δ’,</strong></span> <span class='ocrx_word' id='word_1_41' title='bbox 437 284 529 314; x_wconf 86' lang='lat' dir='ltr'><strong>aperte</strong></span> <span class='ocrx_word' id='word_1_42' title='bbox 542 279 661 314; x_wconf 81' lang='lat' dir='ltr'><strong>profecto</strong></span> <span class='ocrx_word' id='word_1_43' title='bbox 680 281 827 307; x_wconf 89' lang='lat' dir='ltr'><strong>ostendunt</strong></span> <span class='ocrx_word' id='word_1_44' title='bbox 841 280 928 314; x_wconf 91' lang='lat' dir='ltr'><strong>ipsum</strong></span> <span class='ocrx_word' id='word_1_45' title='bbox 947 288 1056 316; x_wconf 87' lang='lat' dir='ltr'><strong>quoque</strong></span> 
     </span>
    </p>
   </div>
   <div class='ocr_carea' id='block_1_8' title="bbox 273 325 1055 361">
    <p class='ocr_par' dir='ltr' id='par_1_8' title="bbox 273 325 1055 361">
     <span class='ocr_line' id='line_1_8' title="bbox 273 325 1055 361; baseline 0.001 -8"><span class='ocrx_word' id='word_1_46' title='bbox 273 325 410 353; x_wconf 81' lang='lat' dir='ltr'><strong>hominem</strong></span> <span class='ocrx_word' id='word_1_47' title='bbox 427 325 472 352; x_wconf 87' lang='lat' dir='ltr'><strong>Dei</strong></span> <span class='ocrx_word' id='word_1_48' title='bbox 486 325 566 353; x_wconf 92' lang='lat' dir='ltr'><strong>Verbi</strong></span> <span class='ocrx_word' id='word_1_49' title='bbox 578 333 647 360; x_wconf 91' lang='lat' dir='ltr'><strong>opus</strong></span> <span class='ocrx_word' id='word_1_50' title='bbox 661 334 731 354; x_wconf 86' lang='lat' dir='ltr'><strong>esse.</strong></span> <span class='ocrx_word' id='word_1_51' title='bbox 748 327 841 360; x_wconf 77' lang='lat' dir='ltr'><strong>Itaque</strong></span> <span class='ocrx_word' id='word_1_52' title='bbox 855 327 878 354; x_wconf 91' lang='lat' dir='ltr'><strong>si</strong></span> <span class='ocrx_word' id='word_1_53' title='bbox 893 335 966 359; x_wconf 87' lang='lat' dir='ltr'><strong>eum,</strong></span> <span class='ocrx_word' id='word_1_54' title='bbox 983 332 1055 361; x_wconf 88' lang='lat' dir='ltr'><strong>post-</strong></span> 
     </span>
    </p>
   </div>
   <div class='ocr_carea' id='block_1_9' title="bbox 272 372 1053 407">
    <p class='ocr_par' dir='ltr' id='par_1_9' title="bbox 272 372 1053 407">
     <span class='ocr_line' id='line_1_9' title="bbox 272 372 1053 407; baseline 0.001 -9"><span class='ocrx_word' id='word_1_55' title='bbox 272 379 354 407; x_wconf 87' lang='lat' dir='ltr'><strong>quam</strong></span> <span class='ocrx_word' id='word_1_56' title='bbox 374 376 518 406; x_wconf 86' lang='lat' dir='ltr'><strong>corruptus</strong></span> <span class='ocrx_word' id='word_1_57' title='bbox 532 376 582 404; x_wconf 89' lang='lat' dir='ltr'><strong>est,</strong></span> <span class='ocrx_word' id='word_1_58' title='bbox 599 372 626 398; x_wconf 91' lang='lat' dir='ltr'><strong>in</strong></span> <span class='ocrx_word' id='word_1_59' title='bbox 650 380 679 399; x_wconf 83' lang='lat' dir='ltr'><strong>se</strong></span> <span class='ocrx_word' id='word_1_60' title='bbox 699 373 830 407; x_wconf 79' lang='lat' dir='ltr'><strong>suscepit.</strong></span> <span class='ocrx_word' id='word_1_61' title='bbox 848 377 877 399; x_wconf 95' lang='lat' dir='ltr'><strong>ut</strong></span> <span class='ocrx_word' id='word_1_62' title='bbox 892 373 980 406; x_wconf 89' lang='lat' dir='ltr'><strong>ipsum</strong></span> <span class='ocrx_word' id='word_1_63' title='bbox 996 377 1053 400; x_wconf 90' lang='lat' dir='ltr'><strong>sta-</strong></span> 
     </span>
    </p>
   </div>
   <div class='ocr_carea' id='block_1_10' title="bbox 271 415 1054 451">
    <p class='ocr_par' dir='ltr' id='par_1_10' title="bbox 271 415 1054 451">
     <span class='ocr_line' id='line_1_10' title="bbox 271 415 1054 451; baseline -0.003 -7"><span class='ocrx_word' id='word_1_64' title='bbox 271 415 319 444; x_wconf 82' lang='lat' dir='ltr'><strong>bili</strong></span> <span class='ocrx_word' id='word_1_65' title='bbox 333 421 360 444; x_wconf 89' lang='lat' dir='ltr'><strong>et</strong></span> <span class='ocrx_word' id='word_1_66' title='bbox 370 416 447 444; x_wconf 94' lang='lat' dir='ltr'><strong>ﬁrma</strong></span> <span class='ocrx_word' id='word_1_67' title='bbox 462 417 504 443; x_wconf 84' lang='lat' dir='ltr'><strong>sui</strong></span> <span class='ocrx_word' id='word_1_68' title='bbox 519 417 694 444; x_wconf 74' lang='lat' dir='ltr'><strong>renovatione</strong></span> <span class='ocrx_word' id='word_1_69' title='bbox 706 421 835 451; x_wconf 85' lang='lat' dir='ltr'><strong>perpetuo</strong></span> <span class='ocrx_word' id='word_1_70' title='bbox 846 423 1054 451; x_wconf 80' lang='lat' dir='ltr'><strong>permansuan</strong></span> 
     </span>
    </p>
   </div>
   <div class='ocr_carea' id='block_1_11' title="bbox 272 462 1054 497">
    <p class='ocr_par' dir='ltr' id='par_1_11' title="bbox 272 462 1054 497">
     <span class='ocr_line' id='line_1_11' title="bbox 272 462 1054 497; baseline 0 -8"><span class='ocrx_word' id='word_1_71' title='bbox 272 462 404 494; x_wconf 82' lang='lat' dir='ltr'><strong>reﬁceret.</strong></span> <span class='ocrx_word' id='word_1_72' title='bbox 422 470 504 497; x_wconf 90' lang='lat' dir='ltr'><strong>quam</strong></span> <span class='ocrx_word' id='word_1_73' title='bbox 522 462 631 497; x_wconf 89' lang='lat' dir='ltr'><strong>quidem</strong></span> <span class='ocrx_word' id='word_1_74' title='bbox 646 462 681 490; x_wconf 92' lang='lat' dir='ltr'><strong>ob</strong></span> <span class='ocrx_word' id='word_1_75' title='bbox 700 470 811 490; x_wconf 81' lang='lat' dir='ltr'><strong>causam</strong></span> <span class='ocrx_word' id='word_1_76' title='bbox 827 463 914 490; x_wconf 89' lang='lat' dir='ltr'><strong>eidem</strong></span> <span class='ocrx_word' id='word_1_77' title='bbox 937 469 967 490; x_wconf 87' lang='lat' dir='ltr'><strong>se</strong></span> <span class='ocrx_word' id='word_1_78' title='bbox 986 469 1054 489; x_wconf 90' lang='lat' dir='ltr'><strong>con-</strong></span> 
     </span>
    </p>
   </div>
   <div class='ocr_carea' id='block_1_12' title="bbox 269 506 1055 542">
    <p class='ocr_par' dir='ltr' id='par_1_12' title="bbox 269 506 1055 542">
     <span class='ocr_line' id='line_1_12' title="bbox 269 506 1055 542; baseline 0.001 -9"><span class='ocrx_word' id='word_1_79' title='bbox 269 507 376 542; x_wconf 82' lang='lat' dir='ltr'><strong>junxit.</strong></span> <span class='ocrx_word' id='word_1_80' title='bbox 393 511 423 533; x_wconf 92' lang='lat' dir='ltr'><strong>ut</strong></span> <span class='ocrx_word' id='word_1_81' title='bbox 437 507 513 534; x_wconf 91' lang='lat' dir='ltr'><strong>illum</strong></span> <span class='ocrx_word' id='word_1_82' title='bbox 532 507 560 533; x_wconf 92' lang='lat' dir='ltr'><strong>in</strong></span> <span class='ocrx_word' id='word_1_83' title='bbox 583 511 683 534; x_wconf 88' lang='lat' dir='ltr'><strong>sortem</strong></span> <span class='ocrx_word' id='word_1_84' title='bbox 704 507 923 535; x_wconf 87' lang='lat' dir='ltr'><strong>conditionemve</strong></span> <span class='ocrx_word' id='word_1_85' title='bbox 938 506 1055 534; x_wconf 79' lang='lat' dir='ltr'><strong>divinio-</strong></span> 
     </span>
    </p>
   </div>
   <div class='ocr_carea' id='block_1_13' title="bbox 271 552 1054 588">
    <p class='ocr_par' dir='ltr' id='par_1_13' title="bbox 271 552 1054 588">
     <span class='ocr_line' id='line_1_13' title="bbox 271 552 1054 588; baseline 0 -8"><span class='ocrx_word' id='word_1_86' title='bbox 271 561 329 580; x_wconf 86' lang='lat' dir='ltr'><strong>rem</strong></span> <span class='ocrx_word' id='word_1_87' title='bbox 351 553 511 588; x_wconf 89' lang='lat' dir='ltr'><strong>proveheret</strong></span> <span class='ocrx_word' id='word_1_88' title='bbox 530 562 536 579; x_wconf 96' lang='lat'><strong>:</strong></span> <span class='ocrx_word' id='word_1_89' title='bbox 557 553 603 587; x_wconf 90' lang='lat' dir='ltr'><strong>qui</strong></span> <span class='ocrx_word' id='word_1_90' title='bbox 628 553 686 580; x_wconf 90' lang='lat' dir='ltr'><strong>ﬁeri</strong></span> <span class='ocrx_word' id='word_1_91' title='bbox 711 558 801 588; x_wconf 91' lang='lat' dir='ltr'><strong>potest</strong></span> <span class='ocrx_word' id='word_1_92' title='bbox 823 558 853 580; x_wconf 87' lang='lat' dir='ltr'><strong>ut</strong></span> <span class='ocrx_word' id='word_1_93' title='bbox 872 552 989 580; x_wconf 82' lang='lat' dir='ltr'><strong>Verbum</strong></span> <span class='ocrx_word' id='word_1_94' title='bbox 1006 560 1054 588; x_wconf 87' lang='lat' dir='ltr'><strong>per</strong></span> 
     </span>
    </p>
   </div>
   <div class='ocr_carea' id='block_1_14' title="bbox 270 598 1054 634">
    <p class='ocr_par' dir='ltr' id='par_1_14' title="bbox 270 598 1054 634">
     <span class='ocr_line' id='line_1_14' title="bbox 270 598 1054 634; baseline 0 -8"><span class='ocrx_word' id='word_1_95' title='bbox 270 598 407 626; x_wconf 87' lang='lat' dir='ltr'><strong>hominem</strong></span> <span class='ocrx_word' id='word_1_96' title='bbox 421 599 468 634; x_wconf 91' lang='lat' dir='ltr'><strong>qui</strong></span> <span class='ocrx_word' id='word_1_97' title='bbox 482 607 515 626; x_wconf 80' lang='lat' dir='ltr'><strong>ex</strong></span> <span class='ocrx_word' id='word_1_98' title='bbox 531 598 614 626; x_wconf 72' lang='lat' dir='ltr'><strong>Maria</strong></span> <span class='ocrx_word' id='word_1_99' title='bbox 629 603 787 634; x_wconf 73' lang='lat' dir='ltr'><strong>assumptus</strong></span> <span class='ocrx_word' id='word_1_100' title='bbox 802 599 846 631; x_wconf 82' lang='lat' dir='ltr'><strong>sit,</strong></span> <span class='ocrx_word' id='word_1_101' title='bbox 862 599 977 626; x_wconf 87' lang='lat' dir='ltr'><strong>missum</strong></span> <span class='ocrx_word' id='word_1_102' title='bbox 992 606 1054 626; x_wconf 86' lang='lat' dir='ltr'><strong>esse</strong></span> 
     </span>
    </p>
   </div>
   <div class='ocr_carea' id='block_1_15' title="bbox 270 645 1052 680">
    <p class='ocr_par' dir='ltr' id='par_1_15' title="bbox 270 645 1052 680">
     <span class='ocr_line' id='line_1_15' title="bbox 270 645 1052 680; baseline -0.001 -7"><span class='ocrx_word' id='word_1_103' title='bbox 270 645 387 679; x_wconf 79' lang='lat' dir='ltr'><strong>dicatur,</strong></span> <span class='ocrx_word' id='word_1_104' title='bbox 403 645 514 680; x_wconf 87' lang='lat' dir='ltr'><strong>ipseque</strong></span> <span class='ocrx_word' id='word_1_105' title='bbox 529 645 712 680; x_wconf 73' lang='lat' dir='ltr'><strong>apostolorum</strong></span> <span class='ocrx_word' id='word_1_106' title='bbox 730 646 860 673; x_wconf 88' lang='lat' dir='ltr'><strong>Dominus</strong></span> <span class='ocrx_word' id='word_1_107' title='bbox 879 646 949 673; x_wconf 89' lang='lat' dir='ltr'><strong>inter</strong></span> <span class='ocrx_word' id='word_1_108' title='bbox 973 650 1052 673; x_wconf 69' lang='lat' dir='ltr'><strong>mete-</strong></span> 
     </span>
    </p>
   </div>
   <div class='ocr_carea' id='block_1_16' title="bbox 270 692 1053 726">
    <p class='ocr_par' dir='ltr' id='par_1_16' title="bbox 270 692 1053 726">
     <span class='ocr_line' id='line_1_16' title="bbox 270 692 1053 726; baseline -0.001 -6"><span class='ocrx_word' id='word_1_109' title='bbox 270 699 316 720; x_wconf 81' lang='lat' dir='ltr'><strong>ros</strong></span> <span class='ocrx_word' id='word_1_110' title='bbox 336 692 484 726; x_wconf 84' lang='lat' dir='ltr'><strong>apostolos,</strong></span> <span class='ocrx_word' id='word_1_111' title='bbox 499 699 595 726; x_wconf 85' lang='lat' dir='ltr'><strong>nempe</strong></span> <span class='ocrx_word' id='word_1_112' title='bbox 609 692 766 726; x_wconf 76' lang='lat' dir='ltr'><strong>prophetas,</strong></span> <span class='ocrx_word' id='word_1_113' title='bbox 789 692 823 719; x_wconf 83' lang='lat' dir='ltr'><strong>ab</strong></span> <span class='ocrx_word' id='word_1_114' title='bbox 839 692 933 719; x_wconf 88' lang='lat' dir='ltr'><strong>eodem</strong></span> <span class='ocrx_word' id='word_1_115' title='bbox 954 692 1053 719; x_wconf 82' lang='lat' dir='ltr'><strong>missos</strong></span> 
     </span>
    </p>
   </div>
   <div class='ocr_carea' id='block_1_17' title="bbox 270 738 1053 772">
    <p class='ocr_par' dir='ltr' id='par_1_17' title="bbox 270 738 1053 772">
     <span class='ocr_line' id='line_1_17' title="bbox 270 738 1053 772; baseline 0 -8"><span class='ocrx_word' id='word_1_116' title='bbox 270 738 449 765; x_wconf 76' lang='lat' dir='ltr'><strong>numeretur?</strong></span> <span class='ocrx_word' id='word_1_117' title='bbox 473 738 513 764; x_wconf 87' lang='lat' dir='ltr'><strong>An</strong></span> <span class='ocrx_word' id='word_1_118' title='bbox 536 745 600 765; x_wconf 87' lang='lat' dir='ltr'><strong>vero</strong></span> <span class='ocrx_word' id='word_1_119' title='bbox 630 745 714 772; x_wconf 90' lang='lat' dir='ltr'><strong>purus</strong></span> <span class='ocrx_word' id='word_1_120' title='bbox 743 738 824 764; x_wconf 85' lang='lat' dir='ltr'><strong>homo</strong></span> <span class='ocrx_word' id='word_1_121' title='bbox 851 738 935 772; x_wconf 82' lang='lat' dir='ltr'><strong>possit</strong></span> <span class='ocrx_word' id='word_1_122' title='bbox 962 738 1053 765; x_wconf 76' lang='lat' dir='ltr'><strong>vocari</strong></span> 
     </span>
    </p>
   </div>
   <div class='ocr_carea' id='block_1_18' title="bbox 269 783 1052 817">
    <p class='ocr_par' dir='ltr' id='par_1_18' title="bbox 269 783 1052 817">
     <span class='ocr_line' id='line_1_18' title="bbox 269 783 1052 817; baseline 0.001 -6"><span class='ocrx_word' id='word_1_123' title='bbox 269 783 411 812; x_wconf 84' lang='lat' dir='ltr'><strong>Christus?</strong></span> <span class='ocrx_word' id='word_1_124' title='bbox 435 783 544 810; x_wconf 87' lang='lat' dir='ltr'><strong>Minime</strong></span> <span class='ocrx_word' id='word_1_125' title='bbox 568 788 641 811; x_wconf 87' lang='lat' dir='ltr'><strong>certe</strong></span> <span class='ocrx_word' id='word_1_126' title='bbox 668 793 675 811; x_wconf 87' lang='lat'><strong>:</strong></span> <span class='ocrx_word' id='word_1_127' title='bbox 703 788 730 811; x_wconf 87' lang='lat' dir='ltr'><strong>at</strong></span> <span class='ocrx_word' id='word_1_128' title='bbox 758 784 848 811; x_wconf 85' lang='lat' dir='ltr'><strong>Verbo</strong></span> <span class='ocrx_word' id='word_1_129' title='bbox 879 784 1052 817; x_wconf 77' lang='lat' dir='ltr'><strong>coniunctus.</strong></span> 
     </span>
    </p>
   </div>
   <div class='ocr_carea' id='block_1_19' title="bbox 267 828 1052 865">
    <p class='ocr_par' dir='ltr' id='par_1_19' title="bbox 267 828 1052 865">
     <span class='ocr_line' id='line_1_19' title="bbox 267 828 1052 865; baseline 0.001 -9"><span class='ocrx_word' id='word_1_130' title='bbox 267 828 329 864; x_wconf 77' lang='lat' dir='ltr'><strong>jure</strong></span> <span class='ocrx_word' id='word_1_131' title='bbox 344 829 440 856; x_wconf 86' lang='lat' dir='ltr'><strong>merito</strong></span> <span class='ocrx_word' id='word_1_132' title='bbox 453 829 579 856; x_wconf 84' lang='lat' dir='ltr'><strong>Christus</strong></span> <span class='ocrx_word' id='word_1_133' title='bbox 592 835 618 856; x_wconf 89' lang='lat' dir='ltr'><strong>et</strong></span> <span class='ocrx_word' id='word_1_134' title='bbox 637 829 722 857; x_wconf 87' lang='lat' dir='ltr'><strong>Filius</strong></span> <span class='ocrx_word' id='word_1_135' title='bbox 745 829 790 856; x_wconf 88' lang='lat' dir='ltr'><strong>Dci</strong></span> <span class='ocrx_word' id='word_1_136' title='bbox 808 834 897 864; x_wconf 87' lang='lat' dir='ltr'><strong>potest</strong></span> <span class='ocrx_word' id='word_1_137' title='bbox 911 830 1052 865; x_wconf 87' lang='lat' dir='ltr'><strong>appellari,</strong></span> 
     </span>
    </p>
   </div>
   <div class='ocr_carea' id='block_1_20' title="bbox 268 875 1050 910">
    <p class='ocr_par' dir='ltr' id='par_1_20' title="bbox 268 875 1050 910">
     <span class='ocr_line' id='line_1_20' title="bbox 268 875 1050 910; baseline 0 -8"><span class='ocrx_word' id='word_1_138' title='bbox 268 878 338 902; x_wconf 78' lang='lat' dir='ltr'><strong>teste</strong></span> <span class='ocrx_word' id='word_1_139' title='bbox 353 875 483 909; x_wconf 86' lang='lat' dir='ltr'><strong>propheta</strong></span> <span class='ocrx_word' id='word_1_140' title='bbox 501 875 547 910; x_wconf 89' lang='lat' dir='ltr'><strong>qui</strong></span> <span class='ocrx_word' id='word_1_141' title='bbox 560 875 616 909; x_wconf 89' lang='lat' dir='ltr'><strong>jam</strong></span> <span class='ocrx_word' id='word_1_142' title='bbox 632 875 696 902; x_wconf 90' lang='lat' dir='ltr'><strong>olim</strong></span> <span class='ocrx_word' id='word_1_143' title='bbox 712 879 851 910; x_wconf 88' lang='lat' dir='ltr'><strong>paternam</strong></span> <span class='ocrx_word' id='word_1_144' title='bbox 869 875 1050 902; x_wconf 87' lang='lat' dir='ltr'><strong>substantiam</strong></span> 
     </span>
    </p>
   </div>
   <div class='ocr_carea' id='block_1_21' title="bbox 268 919 1051 954">
    <p class='ocr_par' dir='ltr' id='par_1_21' title="bbox 268 919 1051 954">
     <span class='ocr_line' id='line_1_21' title="bbox 268 919 1051 954; baseline 0.003 -8"><span class='ocrx_word' id='word_1_145' title='bbox 268 919 412 947; x_wconf 82' lang='lat' dir='ltr'><strong>manifeste</strong></span> <span class='ocrx_word' id='word_1_146' title='bbox 426 920 463 947; x_wconf 84' lang='lat' dir='ltr'><strong>illi</strong></span> <span class='ocrx_word' id='word_1_147' title='bbox 481 921 614 952; x_wconf 84' lang='lat' dir='ltr'><strong>attribuit,</strong></span> <span class='ocrx_word' id='word_1_148' title='bbox 631 929 693 948; x_wconf 88' lang='lat' dir='ltr'><strong>cum</strong></span> <span class='ocrx_word' id='word_1_149' title='bbox 714 921 761 954; x_wconf 83' lang='lat' dir='ltr'><strong>ait,</strong></span> <span class='ocrx_word' id='word_1_150' title='bbox 778 923 812 948; x_wconf 84' lang='lat' dir='ltr'><strong>Et</strong></span> <span class='ocrx_word' id='word_1_151' title='bbox 827 922 932 948; x_wconf 82' lang='lat' dir='ltr'><strong>mittam</strong></span> <span class='ocrx_word' id='word_1_152' title='bbox 949 921 1051 948; x_wconf 84' lang='lat' dir='ltr'><strong>Fi!ium</strong></span> 
     </span>
    </p>
   </div>
   <div class='ocr_carea' id='block_1_22' title="bbox 268 964 1052 1000">
    <p class='ocr_par' dir='ltr' id='par_1_22' title="bbox 268 964 1052 1000">
     <span class='ocr_line' id='line_1_22' title="bbox 268 964 1052 1000; baseline 0.003 -9"><span class='ocrx_word' id='word_1_153' title='bbox 268 972 354 991; x_wconf 84' lang='lat' dir='ltr'><strong>meum</strong></span> <span class='ocrx_word' id='word_1_154' title='bbox 369 964 512 992; x_wconf 78' lang='lat' dir='ltr'><strong>Christum.</strong></span> <span class='ocrx_word' id='word_1_155' title='bbox 534 965 613 1000; x_wconf 82' lang='lat' dir='ltr'><strong>Apud</strong></span> <span class='ocrx_word' id='word_1_156' title='bbox 635 965 778 993; x_wconf 74' lang='lat' dir='ltr'><strong>Iordanem</strong></span> <span class='ocrx_word' id='word_1_157' title='bbox 796 966 886 993; x_wconf 87' lang='lat' dir='ltr'><strong>audita</strong></span> <span class='ocrx_word' id='word_1_158' title='bbox 909 967 971 993; x_wconf 85' lang='lat' dir='ltr'><strong>item</strong></span> <span class='ocrx_word' id='word_1_159' title='bbox 995 967 1052 994; x_wconf 76' lang='lat' dir='ltr'><strong>hzec</strong></span> 
     </span>
    </p>
   </div>
   <div class='ocr_carea' id='block_1_23' title="bbox 267 1011 1050 1046">
    <p class='ocr_par' dir='ltr' id='par_1_23' title="bbox 267 1011 1050 1046">
     <span class='ocr_line' id='line_1_23' title="bbox 267 1011 1050 1046; baseline 0.001 -8"><span class='ocrx_word' id='word_1_160' title='bbox 267 1018 320 1038; x_wconf 83' lang='lat' dir='ltr'><strong>vox</strong></span> <span class='ocrx_word' id='word_1_161' title='bbox 334 1016 394 1044; x_wconf 87' lang='lat' dir='ltr'><strong>est,</strong></span> <span class='ocrx_word' id='word_1_162' title='bbox 415 1011 466 1038; x_wconf 82' lang='lat' dir='ltr'><strong>Hic</strong></span> <span class='ocrx_word' id='word_1_163' title='bbox 480 1016 518 1038; x_wconf 75' lang='lat' dir='ltr'><strong>est</strong></span> <span class='ocrx_word' id='word_1_164' title='bbox 534 1011 623 1038; x_wconf 70' lang='lat' dir='ltr'><strong>Filius</strong></span> <span class='ocrx_word' id='word_1_165' title='bbox 647 1020 718 1039; x_wconf 78' lang='lat' dir='ltr'><strong>meus</strong></span> <span class='ocrx_word' id='word_1_166' title='bbox 736 1012 847 1038; x_wconf 84' lang='lat' dir='ltr'><strong>dilectus</strong></span> <span class='ocrx_word' id='word_1_167' title='bbox 860 1012 893 1039; x_wconf 78' lang='lat'><strong>“.</strong></span> <span class='ocrx_word' id='word_1_168' title='bbox 910 1012 1050 1046; x_wconf 90' lang='lat' dir='ltr'><strong>Siquidem</strong></span> 
     </span>
    </p>
   </div>
   <div class='ocr_carea' id='block_1_24' title="bbox 269 1055 1050 1091">
    <p class='ocr_par' dir='ltr' id='par_1_24' title="bbox 269 1055 1050 1091">
     <span class='ocr_line' id='line_1_24' title="bbox 269 1055 1050 1091; baseline 0.005 -9"><span class='ocrx_word' id='word_1_169' title='bbox 269 1055 387 1091; x_wconf 87' lang='lat' dir='ltr'><strong>impletis</strong></span> <span class='ocrx_word' id='word_1_170' title='bbox 401 1057 543 1091; x_wconf 89' lang='lat' dir='ltr'><strong>promissis</strong></span> <span class='ocrx_word' id='word_1_171' title='bbox 554 1079 561 1090; x_wconf 87' lang='lat'><strong>,</strong></span> <span class='ocrx_word' id='word_1_172' title='bbox 578 1061 650 1085; x_wconf 88' lang='lat' dir='ltr'><strong>recte</strong></span> <span class='ocrx_word' id='word_1_173' title='bbox 665 1057 708 1084; x_wconf 83' lang='lat' dir='ltr'><strong>his</strong></span> <span class='ocrx_word' id='word_1_174' title='bbox 721 1057 812 1085; x_wconf 86' lang='lat' dir='ltr'><strong>verbis</strong></span> <span class='ocrx_word' id='word_1_175' title='bbox 829 1058 958 1085; x_wconf 85' lang='lat' dir='ltr'><strong>indicavit</strong></span> <span class='ocrx_word' id='word_1_176' title='bbox 973 1058 1050 1086; x_wconf 93' lang='lat' dir='ltr'><strong>illum</strong></span> 
     </span>
    </p>
   </div>
   <div class='ocr_carea' id='block_1_25' title="bbox 267 1103 720 1138">
    <p class='ocr_par' dir='ltr' id='par_1_25' title="bbox 267 1103 720 1138">
     <span class='ocr_line' id='line_1_25' title="bbox 267 1103 720 1138; baseline 0 -8"><span class='ocrx_word' id='word_1_177' title='bbox 267 1109 327 1130; x_wconf 87' lang='lat' dir='ltr'><strong>esse</strong></span> <span class='ocrx_word' id='word_1_178' title='bbox 345 1111 424 1138; x_wconf 88' lang='lat' dir='ltr'><strong>quem</strong></span> <span class='ocrx_word' id='word_1_179' title='bbox 442 1111 471 1131; x_wconf 84' lang='lat' dir='ltr'><strong>se</strong></span> <span class='ocrx_word' id='word_1_180' title='bbox 483 1103 591 1132; x_wconf 79' lang='lat' dir='ltr'><strong>misisse</strong></span> <span class='ocrx_word' id='word_1_181' title='bbox 606 1103 720 1131; x_wconf 78' lang='lat' dir='ltr'><strong>dixerat.</strong></span> 
     </span>
    </p>
   </div>
   <div class='ocr_carea' id='block_1_26' title="bbox 303 1149 1049 1186">
    <p class='ocr_par' dir='ltr' id='par_1_26' title="bbox 303 1149 1049 1186">
     <span class='ocr_line' id='line_1_26' title="bbox 303 1149 1049 1186; baseline 0.001 -10"><span class='ocrx_word' id='word_1_182' title='bbox 303 1149 347 1177; x_wconf 73' lang='grc'><strong>54.</strong></span> <span class='ocrx_word' id='word_1_183' title='bbox 369 1149 518 1185; x_wconf 90' lang='lat' dir='ltr'><strong>Utrumque</strong></span> <span class='ocrx_word' id='word_1_184' title='bbox 536 1158 600 1185; x_wconf 84' lang='lat' dir='ltr'><strong>ergo</strong></span> <span class='ocrx_word' id='word_1_185' title='bbox 619 1149 756 1177; x_wconf 86' lang='lat' dir='ltr'><strong>Christum</strong></span> <span class='ocrx_word' id='word_1_186' title='bbox 776 1157 838 1178; x_wconf 80' lang='lat' dir='ltr'><strong>esse</strong></span> <span class='ocrx_word' id='word_1_187' title='bbox 853 1149 1049 1186; x_wconf 69' lang='lat' dir='ltr'><strong>inmlligamus,</strong></span> 
     </span>
    </p>
   </div>
   <div class='ocr_carea' id='block_1_27' title="bbox 267 1195 1049 1230">
    <p class='ocr_par' dir='ltr' id='par_1_27' title="bbox 267 1195 1049 1230">
     <span class='ocr_line' id='line_1_27' title="bbox 267 1195 1049 1230; baseline 0 -7"><span class='ocrx_word' id='word_1_188' title='bbox 267 1195 386 1224; x_wconf 89' lang='lat' dir='ltr'><strong>Verbum</strong></span> <span class='ocrx_word' id='word_1_189' title='bbox 402 1196 506 1224; x_wconf 88' lang='lat' dir='ltr'><strong>scilicet</strong></span> <span class='ocrx_word' id='word_1_190' title='bbox 517 1197 651 1230; x_wconf 85' lang='lat' dir='ltr'><strong>divinum,</strong></span> <span class='ocrx_word' id='word_1_191' title='bbox 670 1197 773 1224; x_wconf 91' lang='lat' dir='ltr'><strong>homini</strong></span> <span class='ocrx_word' id='word_1_192' title='bbox 788 1204 822 1224; x_wconf 81' lang='lat' dir='ltr'><strong>ex</strong></span> <span class='ocrx_word' id='word_1_193' title='bbox 841 1195 926 1224; x_wconf 80' lang='lat' dir='ltr'><strong>Maria</strong></span> <span class='ocrx_word' id='word_1_194' title='bbox 941 1204 1049 1224; x_wconf 86' lang='lat' dir='ltr'><strong>assum-</strong></span> 
     </span>
    </p>
   </div>
   <div class='ocr_carea' id='block_1_28' title="bbox 266 1241 1051 1277">
    <p class='ocr_par' dir='ltr' id='par_1_28' title="bbox 266 1241 1051 1277">
     <span class='ocr_line' id='line_1_28' title="bbox 266 1241 1051 1277; baseline 0 -8"><span class='ocrx_word' id='word_1_195' title='bbox 266 1246 314 1277; x_wconf 88' lang='lat' dir='ltr'><strong>pto</strong></span> <span class='ocrx_word' id='word_1_196' title='bbox 336 1242 364 1269; x_wconf 93' lang='lat' dir='ltr'><strong>in</strong></span> <span class='ocrx_word' id='word_1_197' title='bbox 388 1241 473 1270; x_wconf 80' lang='lat' dir='ltr'><strong>Maria</strong></span> <span class='ocrx_word' id='word_1_198' title='bbox 494 1242 680 1277; x_wconf 85' lang='lat' dir='ltr'><strong>conjunctum.</strong></span> <span class='ocrx_word' id='word_1_199' title='bbox 694 1242 814 1270; x_wconf 86' lang='lat' dir='ltr'><strong>Verbum</strong></span> <span class='ocrx_word' id='word_1_200' title='bbox 836 1243 908 1270; x_wconf 92' lang='lat' dir='ltr'><strong>enim</strong></span> <span class='ocrx_word' id='word_1_201' title='bbox 925 1242 977 1270; x_wconf 90' lang='lat' dir='ltr'><strong>sibi</strong></span> <span class='ocrx_word' id='word_1_202' title='bbox 998 1243 1051 1277; x_wconf 86' lang='lat' dir='ltr'><strong>ipsi</strong></span> 
     </span>
    </p>
   </div>
   <div class='ocr_carea' id='block_1_29' title="bbox 266 1288 1049 1324">
    <p class='ocr_par' dir='ltr' id='par_1_29' title="bbox 266 1288 1049 1324">
     <span class='ocr_line' id='line_1_29' title="bbox 266 1288 1049 1324; baseline 0 -8"><span class='ocrx_word' id='word_1_203' title='bbox 266 1288 378 1316; x_wconf 89' lang='lat' dir='ltr'><strong>domum</strong></span> <span class='ocrx_word' id='word_1_204' title='bbox 403 1289 429 1316; x_wconf 93' lang='lat' dir='ltr'><strong>in</strong></span> <span class='ocrx_word' id='word_1_205' title='bbox 453 1288 512 1323; x_wconf 85' lang='lat' dir='ltr'><strong>ejus</strong></span> <span class='ocrx_word' id='word_1_206' title='bbox 536 1293 615 1316; x_wconf 86' lang='lat' dir='ltr'><strong>utero</strong></span> <span class='ocrx_word' id='word_1_207' title='bbox 637 1288 795 1321; x_wconf 79' lang='lat' dir='ltr'><strong>fabricavit,</strong></span> <span class='ocrx_word' id='word_1_208' title='bbox 818 1289 1049 1324; x_wconf 87' lang='lat' dir='ltr'><strong>quemadmodum</strong></span> 
     </span>
    </p>
   </div>
   <div class='ocr_carea' id='block_1_30' title="bbox 266 1333 1051 1364">
    <p class='ocr_par' dir='ltr' id='par_1_30' title="bbox 266 1333 1051 1364">
     <span class='ocr_line' id='line_1_30' title="bbox 266 1333 1051 1364; baseline 0 -2"><span class='ocrx_word' id='word_1_209' title='bbox 266 1333 333 1362; x_wconf 87' lang='lat' dir='ltr'><strong>olim</strong></span> <span class='ocrx_word' id='word_1_210' title='bbox 350 1334 485 1361; x_wconf 88' lang='lat' dir='ltr'><strong>Adamum</strong></span> <span class='ocrx_word' id='word_1_211' title='bbox 506 1341 538 1362; x_wconf 83' lang='lat' dir='ltr'><strong>ex</strong></span> <span class='ocrx_word' id='word_1_212' title='bbox 556 1337 628 1362; x_wconf 86' lang='lat' dir='ltr'><strong>terra</strong></span> <span class='ocrx_word' id='word_1_213' title='bbox 646 1334 820 1364; x_wconf 79' lang='lat' dir='ltr'><strong>formaverat.</strong></span> <span class='ocrx_word' id='word_1_214' title='bbox 843 1335 898 1361; x_wconf 93' lang='lat' dir='ltr'><strong>imo</strong></span> <span class='ocrx_word' id='word_1_215' title='bbox 918 1334 1051 1362; x_wconf 73' lang='lat' dir='ltr'><strong>diviniora</strong></span> 
     </span>
    </p>
   </div>
   <div class='ocr_carea' id='block_1_31' title="bbox 266 1378 1050 1415">
    <p class='ocr_par' dir='ltr' id='par_1_31' title="bbox 266 1378 1050 1415">
     <span class='ocr_line' id='line_1_31' title="bbox 266 1378 1050 1415; baseline -0.003 -7"><span class='ocrx_word' id='word_1_216' title='bbox 266 1385 341 1408; x_wconf 86' lang='lat' dir='ltr'><strong>certo</strong></span> <span class='ocrx_word' id='word_1_217' title='bbox 354 1379 445 1413; x_wconf 87' lang='lat' dir='ltr'><strong>modo,</strong></span> <span class='ocrx_word' id='word_1_218' title='bbox 458 1387 513 1415; x_wconf 92' lang='lat' dir='ltr'><strong>quo</strong></span> <span class='ocrx_word' id='word_1_219' title='bbox 531 1379 565 1407; x_wconf 90' lang='lat' dir='ltr'><strong>de</strong></span> <span class='ocrx_word' id='word_1_220' title='bbox 588 1380 727 1412; x_wconf 88' lang='lat' dir='ltr'><strong>Salomon,</strong></span> <span class='ocrx_word' id='word_1_221' title='bbox 750 1379 796 1415; x_wconf 91' lang='lat' dir='ltr'><strong>qui</strong></span> <span class='ocrx_word' id='word_1_222' title='bbox 818 1378 935 1407; x_wconf 82' lang='lat' dir='ltr'><strong>Verbum</strong></span> <span class='ocrx_word' id='word_1_223' title='bbox 949 1378 1050 1414; x_wconf 88' lang='lat' dir='ltr'><strong>optime</strong></span> 
     </span>
    </p>
   </div>
   <div class='ocr_carea' id='block_1_32' title="bbox 266 1424 1050 1461">
    <p class='ocr_par' dir='ltr' id='par_1_32' title="bbox 266 1424 1050 1461">
     <span class='ocr_line' id='line_1_32' title="bbox 266 1424 1050 1461; baseline -0.003 -8"><span class='ocrx_word' id='word_1_224' title='bbox 266 1430 380 1454; x_wconf 82' lang='lat' dir='ltr'><strong>noverat</strong></span> <span class='ocrx_word' id='word_1_225' title='bbox 391 1426 551 1461; x_wconf 83' lang='lat' dir='ltr'><strong>sapientiam</strong></span> <span class='ocrx_word' id='word_1_226' title='bbox 564 1426 704 1461; x_wconf 87' lang='lat' dir='ltr'><strong>appellari,</strong></span> <span class='ocrx_word' id='word_1_227' title='bbox 716 1426 755 1453; x_wconf 90' lang='lat' dir='ltr'><strong>sic</strong></span> <span class='ocrx_word' id='word_1_228' title='bbox 770 1425 899 1460; x_wconf 89' lang='lat' dir='ltr'><strong>loquitur,</strong></span> <span class='ocrx_word' id='word_1_229' title='bbox 914 1424 1050 1459; x_wconf 71' lang='lat' dir='ltr'><strong>Sapientia</strong></span> 
     </span>
    </p>
   </div>
   <div class='ocr_carea' id='block_1_33' title="bbox 265 1471 1048 1507">
    <p class='ocr_par' dir='ltr' id='par_1_33' title="bbox 265 1471 1048 1507">
     <span class='ocr_line' id='line_1_33' title="bbox 265 1471 1048 1507; baseline -0.001 -8"><span class='ocrx_word' id='word_1_230' title='bbox 265 1472 407 1507; x_wconf 69' lang='lat' dir='ltr'><strong>edi/ienuit</strong></span> <span class='ocrx_word' id='word_1_231' title='bbox 432 1472 483 1499; x_wconf 70' lang='lat' dir='ltr'><strong>sibi</strong></span> <span class='ocrx_word' id='word_1_232' title='bbox 503 1473 610 1499; x_wconf 77' lang='lat' dir='ltr'><strong>domum</strong></span> <span class='ocrx_word' id='word_1_233' title='bbox 622 1472 645 1488; x_wconf 74' lang='lat'>“</span> <span class='ocrx_word' id='word_1_234' title='bbox 660 1481 667 1500; x_wconf 89' lang='lat'>:</span> <span class='ocrx_word' id='word_1_235' title='bbox 680 1479 762 1506; x_wconf 82' lang='lat' dir='ltr'><strong>quant</strong></span> <span class='ocrx_word' id='word_1_236' title='bbox 776 1471 956 1507; x_wconf 86' lang='lat' dir='ltr'><strong>interpretans</strong></span> <span class='ocrx_word' id='word_1_237' title='bbox 973 1471 1048 1506; x_wconf 87' lang='lat' dir='ltr'><strong>Apo-</strong></span> 
     </span>
    </p>
   </div>
   <div class='ocr_carea' id='block_1_34' title="bbox 265 1518 1084 1570">
    <p class='ocr_par' dir='ltr' id='par_1_34' title="bbox 265 1518 1084 1570">
     <span class='ocr_line' id='line_1_34' title="bbox 265 1518 1084 1570; baseline -0.004 -23"><span class='ocrx_word' id='word_1_238' title='bbox 265 1518 353 1547; x_wconf 67' lang='lat' dir='ltr'><strong>stolus</strong></span> <span class='ocrx_word' id='word_1_239' title='bbox 364 1519 412 1552; x_wconf 87' lang='lat' dir='ltr'><strong>ait,</strong></span> <span class='ocrx_word' id='word_1_240' title='bbox 427 1518 502 1553; x_wconf 73' lang='lat' dir='ltr'><strong>cujus</strong></span> <span class='ocrx_word' id='word_1_241' title='bbox 515 1526 562 1546; x_wconf 76' lang='lat' dir='ltr'><strong>nos</strong></span> <span class='ocrx_word' id='word_1_242' title='bbox 575 1518 668 1545; x_wconf 77' lang='lat' dir='ltr'><strong>domus</strong></span> <span class='ocrx_word' id='word_1_243' title='bbox 678 1518 759 1553; x_wconf 80' lang='lat'><strong>510</strong></span> <span class='ocrx_word' id='word_1_244' title='bbox 774 1526 864 1545; x_wconf 70' lang='lat' dir='ltr'><strong>sumus</strong></span> <span class='ocrx_word' id='word_1_245' title='bbox 880 1518 914 1550; x_wconf 78' lang='lat'><strong>&quot;,</strong></span> <span class='ocrx_word' id='word_1_246' title='bbox 931 1518 1049 1552; x_wconf 86' lang='lat' dir='ltr'><strong>alibique</strong></span> <span class='ocrx_word' id='word_1_247' title='bbox 1062 1541 1084 1570; x_wconf 63' lang='grc' dir='ltr'>α</span> 
     </span>
    </p>
   </div>
   <div class='ocr_carea' id='block_1_35' title="bbox 267 1563 1048 1600">
    <p class='ocr_par' dir='ltr' id='par_1_35' title="bbox 267 1563 1048 1600">
     <span class='ocr_line' id='line_1_35' title="bbox 267 1563 1048 1600; baseline 0 -9"><span class='ocrx_word' id='word_1_248' title='bbox 267 1565 393 1600; x_wconf 82' lang='lat' dir='ltr'><strong>templum</strong></span> <span class='ocrx_word' id='word_1_249' title='bbox 403 1564 427 1580; x_wconf 77' lang='lat'>“</span> <span class='ocrx_word' id='word_1_250' title='bbox 441 1564 558 1599; x_wconf 86' lang='lat' dir='ltr'><strong>appellat</strong></span> <span class='ocrx_word' id='word_1_251' title='bbox 573 1573 580 1591; x_wconf 93' lang='lat'><strong>:</strong></span> <span class='ocrx_word' id='word_1_252' title='bbox 603 1569 738 1599; x_wconf 89' lang='lat' dir='ltr'><strong>quatenus</strong></span> <span class='ocrx_word' id='word_1_253' title='bbox 753 1571 850 1598; x_wconf 83' lang='lat' dir='ltr'><strong>nempe</strong></span> <span class='ocrx_word' id='word_1_254' title='bbox 862 1563 918 1591; x_wconf 90' lang='lat' dir='ltr'><strong>Deo</strong></span> <span class='ocrx_word' id='word_1_255' title='bbox 929 1563 1007 1591; x_wconf 88' lang='lat' dir='ltr'><strong>decet</strong></span> <span class='ocrx_word' id='word_1_256' title='bbox 1020 1564 1048 1591; x_wconf 92' lang='lat' dir='ltr'><strong>in</strong></span> 
     </span>
    </p>
   </div>
   <div class='ocr_carea' id='block_1_36' title="bbox 266 1608 1048 1645">
    <p class='ocr_par' dir='ltr' id='par_1_36' title="bbox 266 1608 1048 1645">
     <span class='ocr_line' id='line_1_36' title="bbox 266 1608 1048 1645; baseline 0 -8"><span class='ocrx_word' id='word_1_257' title='bbox 266 1610 367 1645; x_wconf 89' lang='lat' dir='ltr'><strong>templo</strong></span> <span class='ocrx_word' id='word_1_258' title='bbox 386 1610 529 1642; x_wconf 86' lang='lat' dir='ltr'><strong>habitare;</strong></span> <span class='ocrx_word' id='word_1_259' title='bbox 556 1609 635 1644; x_wconf 85' lang='lat' dir='ltr'><strong>cujus</strong></span> <span class='ocrx_word' id='word_1_260' title='bbox 653 1610 766 1644; x_wconf 78' lang='lat' dir='ltr'><strong>ﬁguram</strong></span> <span class='ocrx_word' id='word_1_261' title='bbox 783 1609 904 1644; x_wconf 87' lang='lat' dir='ltr'><strong>antiquis</strong></span> <span class='ocrx_word' id='word_1_262' title='bbox 925 1608 1048 1643; x_wconf 86' lang='lat' dir='ltr'><strong>patribus</strong></span> 
     </span>
    </p>
   </div>
   <div class='ocr_carea' id='block_1_37' title="bbox 264 1653 1046 1691">
    <p class='ocr_par' dir='ltr' id='par_1_37' title="bbox 264 1653 1046 1691">
     <span class='ocr_line' id='line_1_37' title="bbox 264 1653 1046 1691; baseline -0.001 -9"><span class='ocrx_word' id='word_1_263' title='bbox 264 1663 313 1691; x_wconf 91' lang='lat' dir='ltr'><strong>per</strong></span> <span class='ocrx_word' id='word_1_264' title='bbox 327 1654 499 1682; x_wconf 89' lang='lat' dir='ltr'><strong>Salomonem</strong></span> <span class='ocrx_word' id='word_1_265' title='bbox 510 1654 628 1689; x_wconf 81' lang='lat' dir='ltr'><strong>iusserat</strong></span> <span class='ocrx_word' id='word_1_266' title='bbox 644 1662 677 1682; x_wconf 80' lang='lat' dir='ltr'><strong>ex</strong></span> <span class='ocrx_word' id='word_1_267' title='bbox 691 1654 828 1689; x_wconf 87' lang='lat' dir='ltr'><strong>lapidibus</strong></span> <span class='ocrx_word' id='word_1_268' title='bbox 840 1653 1046 1682; x_wconf 71' lang='lat' dir='ltr'><strong>aediﬁcandam:</strong></span> 
     </span>
    </p>
   </div>
   <div class='ocr_carea' id='block_1_38' title="bbox 264 1698 1047 1734">
    <p class='ocr_par' dir='ltr' id='par_1_38' title="bbox 264 1698 1047 1734">
     <span class='ocr_line' id='line_1_38' title="bbox 264 1698 1047 1734; baseline 0.001 -8"><span class='ocrx_word' id='word_1_269' title='bbox 264 1701 337 1727; x_wconf 90' lang='lat' dir='ltr'><strong>unde</strong></span> <span class='ocrx_word' id='word_1_270' title='bbox 350 1703 444 1726; x_wconf 81' lang='lat' dir='ltr'><strong>exorta</strong></span> <span class='ocrx_word' id='word_1_271' title='bbox 467 1699 591 1732; x_wconf 86' lang='lat' dir='ltr'><strong>veritate,</strong></span> <span class='ocrx_word' id='word_1_272' title='bbox 609 1699 694 1734; x_wconf 81' lang='lat' dir='ltr'><strong>ﬁgura</strong></span> <span class='ocrx_word' id='word_1_273' title='bbox 713 1699 831 1726; x_wconf 86' lang='lat' dir='ltr'><strong>evanuit.</strong></span> <span class='ocrx_word' id='word_1_274' title='bbox 846 1698 970 1734; x_wconf 82' lang='lat' dir='ltr'><strong>Namque</strong></span> <span class='ocrx_word' id='word_1_275' title='bbox 984 1707 1047 1727; x_wconf 88' lang='lat' dir='ltr'><strong>cum</strong></span> 
     </span>
    </p>
   </div>
   <div class='ocr_carea' id='block_1_39' title="bbox 262 1743 1046 1780">
    <p class='ocr_par' dir='ltr' id='par_1_39' title="bbox 262 1743 1046 1780">
     <span class='ocr_line' id='line_1_39' title="bbox 262 1743 1046 1780; baseline 0.001 -9"><span class='ocrx_word' id='word_1_276' title='bbox 262 1744 358 1780; x_wconf 91' lang='lat' dir='ltr'><strong>perﬁdi</strong></span> <span class='ocrx_word' id='word_1_277' title='bbox 371 1743 455 1771; x_wconf 71' lang='lat' dir='ltr'><strong>Judaei</strong></span> <span class='ocrx_word' id='word_1_278' title='bbox 474 1743 588 1778; x_wconf 76' lang='lat' dir='ltr'><strong>ﬁguram</strong></span> <span class='ocrx_word' id='word_1_279' title='bbox 602 1744 701 1771; x_wconf 86' lang='lat' dir='ltr'><strong>vellent</strong></span> <span class='ocrx_word' id='word_1_280' title='bbox 719 1744 860 1772; x_wconf 84' lang='lat' dir='ltr'><strong>veritatem</strong></span> <span class='ocrx_word' id='word_1_281' title='bbox 874 1745 961 1779; x_wconf 90' lang='lat' dir='ltr'><strong>ipsam</strong></span> <span class='ocrx_word' id='word_1_282' title='bbox 975 1752 1046 1778; x_wconf 84' lang='lat' dir='ltr'><strong>esse,</strong></span> 
     </span>
    </p>
   </div>
   <div class='ocr_carea' id='block_1_40' title="bbox 262 1788 1046 1823">
    <p class='ocr_par' dir='ltr' id='par_1_40' title="bbox 262 1788 1046 1823">
     <span class='ocr_line' id='line_1_40' title="bbox 262 1788 1046 1823; baseline 0 -7"><span class='ocrx_word' id='word_1_283' title='bbox 262 1796 413 1823; x_wconf 86' lang='lat' dir='ltr'><strong>verumque</strong></span> <span class='ocrx_word' id='word_1_284' title='bbox 429 1792 550 1816; x_wconf 87' lang='lat' dir='ltr'><strong>evertere</strong></span> <span class='ocrx_word' id='word_1_285' title='bbox 563 1788 717 1820; x_wconf 68' lang='lat' dir='ltr'><strong>aediﬁcium,</strong></span> <span class='ocrx_word' id='word_1_286' title='bbox 734 1789 807 1823; x_wconf 88' lang='lat' dir='ltr'><strong>quod</strong></span> <span class='ocrx_word' id='word_1_287' title='bbox 823 1796 874 1816; x_wconf 88' lang='lat' dir='ltr'><strong>nos</strong></span> <span class='ocrx_word' id='word_1_288' title='bbox 886 1788 967 1816; x_wconf 91' lang='lat' dir='ltr'><strong>Verbi</strong></span> <span class='ocrx_word' id='word_1_289' title='bbox 984 1796 1046 1816; x_wconf 87' lang='lat' dir='ltr'><strong>cum</strong></span> 
     </span>
    </p>
   </div>
   <div class='ocr_carea' id='block_1_41' title="bbox 263 1834 1047 1869">
    <p class='ocr_par' dir='ltr' id='par_1_41' title="bbox 263 1834 1047 1869">
     <span class='ocr_line' id='line_1_41' title="bbox 263 1834 1047 1869; baseline -0.001 -6"><span class='ocrx_word' id='word_1_290' title='bbox 263 1839 361 1863; x_wconf 84' lang='lat' dir='ltr'><strong>natura</strong></span> <span class='ocrx_word' id='word_1_291' title='bbox 381 1835 499 1861; x_wconf 91' lang='lat' dir='ltr'><strong>humana</strong></span> <span class='ocrx_word' id='word_1_292' title='bbox 514 1834 735 1869; x_wconf 75' lang='lat' dir='ltr'><strong>coniunctionem</strong></span> <span class='ocrx_word' id='word_1_293' title='bbox 748 1841 808 1862; x_wconf 88' lang='lat' dir='ltr'><strong>esse</strong></span> <span class='ocrx_word' id='word_1_294' title='bbox 831 1834 946 1862; x_wconf 84' lang='lat' dir='ltr'><strong>ﬁdenter</strong></span> <span class='ocrx_word' id='word_1_295' title='bbox 960 1835 1047 1862; x_wconf 90' lang='lat' dir='ltr'><strong>credi-</strong></span> 
     </span>
    </p>
   </div>
   <div class='ocr_carea' id='block_1_42' title="bbox 262 1880 1045 1914">
    <p class='ocr_par' dir='ltr' id='par_1_42' title="bbox 262 1880 1045 1914">
     <span class='ocr_line' id='line_1_42' title="bbox 262 1880 1045 1914; baseline -0.003 -4"><span class='ocrx_word' id='word_1_296' title='bbox 262 1889 335 1914; x_wconf 85' lang='lat' dir='ltr'><strong>mus.</strong></span> <span class='ocrx_word' id='word_1_297' title='bbox 360 1881 428 1908; x_wconf 88' lang='lat' dir='ltr'><strong>nihil</strong></span> <span class='ocrx_word' id='word_1_298' title='bbox 446 1880 498 1908; x_wconf 88' lang='lat' dir='ltr'><strong>illis</strong></span> <span class='ocrx_word' id='word_1_299' title='bbox 518 1881 637 1908; x_wconf 88' lang='lat' dir='ltr'><strong>minatus</strong></span> <span class='ocrx_word' id='word_1_300' title='bbox 660 1885 703 1908; x_wconf 91' lang='lat' dir='ltr'><strong>est</strong></span> <span class='ocrx_word' id='word_1_301' title='bbox 722 1880 853 1908; x_wconf 86' lang='lat' dir='ltr'><strong>Dominus</strong></span> <span class='ocrx_word' id='word_1_302' title='bbox 875 1889 883 1908; x_wconf 93' lang='lat'>:</span> <span class='ocrx_word' id='word_1_303' title='bbox 909 1881 958 1908; x_wconf 85' lang='lat' dir='ltr'><strong>sed</strong></span> <span class='ocrx_word' id='word_1_304' title='bbox 982 1888 1045 1908; x_wconf 86' lang='lat' dir='ltr'><strong>cum</strong></span> 
     </span>
    </p>
   </div>
   <div class='ocr_carea' id='block_1_43' title="bbox 261 1926 1044 1963">
    <p class='ocr_par' dir='ltr' id='par_1_43' title="bbox 261 1926 1044 1963">
     <span class='ocr_line' id='line_1_43' title="bbox 261 1926 1044 1963; baseline -0.004 -7"><span class='ocrx_word' id='word_1_305' title='bbox 261 1928 346 1963; x_wconf 89' lang='lat' dir='ltr'><strong>probe</strong></span> <span class='ocrx_word' id='word_1_306' title='bbox 360 1928 443 1956; x_wconf 88' lang='lat' dir='ltr'><strong>sciret</strong></span> <span class='ocrx_word' id='word_1_307' title='bbox 462 1927 570 1954; x_wconf 89' lang='lat' dir='ltr'><strong>illorum</strong></span> <span class='ocrx_word' id='word_1_308' title='bbox 589 1926 769 1953; x_wconf 87' lang='lat' dir='ltr'><strong>temeritatem</strong></span> <span class='ocrx_word' id='word_1_309' title='bbox 785 1926 811 1953; x_wconf 93' lang='lat' dir='ltr'><strong>in</strong></span> <span class='ocrx_word' id='word_1_310' title='bbox 828 1926 902 1960; x_wconf 85' lang='lat' dir='ltr'><strong>ipsos</strong></span> <span class='ocrx_word' id='word_1_311' title='bbox 913 1926 1044 1959; x_wconf 87' lang='lat' dir='ltr'><strong>recidere,</strong></span> 
     </span>
    </p>
   </div>
   <div class='ocr_carea' id='block_1_44' title="bbox 261 1971 1044 2006">
    <p class='ocr_par' dir='ltr' id='par_1_44' title="bbox 261 1971 1044 2006">
     <span class='ocr_line' id='line_1_44' title="bbox 261 1971 1044 2006; baseline -0.004 -4"><span class='ocrx_word' id='word_1_312' title='bbox 261 1974 320 2002; x_wconf 68' lang='lat' dir='ltr'><strong>haec</strong></span> <span class='ocrx_word' id='word_1_313' title='bbox 335 1973 369 2001; x_wconf 83' lang='lat' dir='ltr'><strong>ad</strong></span> <span class='ocrx_word' id='word_1_314' title='bbox 383 1981 430 2001; x_wconf 85' lang='lat' dir='ltr'><strong>eos</strong></span> <span class='ocrx_word' id='word_1_315' title='bbox 444 1973 529 2000; x_wconf 82' lang='lat' dir='ltr'><strong>dixit:</strong></span> <span class='ocrx_word' id='word_1_316' title='bbox 545 1971 643 2000; x_wconf 80' lang='lat' dir='ltr'><strong>Solvite</strong></span> <span class='ocrx_word' id='word_1_317' title='bbox 659 1971 782 2006; x_wconf 79' lang='lat' dir='ltr'><strong>templum</strong></span> <span class='ocrx_word' id='word_1_318' title='bbox 795 1972 853 2003; x_wconf 84' lang='lat' dir='ltr'><strong>hoc,</strong></span> <span class='ocrx_word' id='word_1_319' title='bbox 869 1976 894 1998; x_wconf 85' lang='lat' dir='ltr'><strong>et</strong></span> <span class='ocrx_word' id='word_1_320' title='bbox 914 1972 942 1998; x_wconf 81' lang='lat' dir='ltr'><strong>in</strong></span> <span class='ocrx_word' id='word_1_321' title='bbox 962 1972 1044 2000; x_wconf 78' lang='lat' dir='ltr'><strong>tribus</strong></span> 
     </span>
    </p>
   </div>
   <div class='ocr_carea' id='block_1_45' title="bbox 261 2017 1045 2051">
    <p class='ocr_par' dir='ltr' id='par_1_45' title="bbox 261 2017 1045 2051">
     <span class='ocr_line' id='line_1_45' title="bbox 261 2017 1045 2051; baseline -0.003 -4"><span class='ocrx_word' id='word_1_322' title='bbox 261 2020 353 2047; x_wconf 68' lang='lat' dir='ltr'><strong>diebus</strong></span> <span class='ocrx_word' id='word_1_323' title='bbox 369 2019 488 2047; x_wconf 66' lang='lat' dir='ltr'><strong>excitabo</strong></span> <span class='ocrx_word' id='word_1_324' title='bbox 500 2018 568 2046; x_wconf 79' lang='lat' dir='ltr'><strong>illud</strong></span> <span class='ocrx_word' id='word_1_325' title='bbox 579 2019 613 2046; x_wconf 80' lang='lat'><strong>&quot;&#39;.</strong></span> <span class='ocrx_word' id='word_1_326' title='bbox 624 2018 728 2051; x_wconf 86' lang='lat' dir='ltr'><strong>Quibus</strong></span> <span class='ocrx_word' id='word_1_327' title='bbox 739 2018 829 2045; x_wconf 86' lang='lat' dir='ltr'><strong>verbis</strong></span> <span class='ocrx_word' id='word_1_328' title='bbox 840 2017 912 2045; x_wconf 87' lang='lat' dir='ltr'><strong>clare</strong></span> <span class='ocrx_word' id='word_1_329' title='bbox 925 2018 1045 2045; x_wconf 84' lang='lat' dir='ltr'><strong>ostendit</strong></span> 
     </span>
    </p>
   </div>
   <div class='ocr_carea' id='block_1_46' title="bbox 263 2062 1042 2099">
    <p class='ocr_par' dir='ltr' id='par_1_46' title="bbox 263 2062 1042 2099">
     <span class='ocr_line' id='line_1_46' title="bbox 263 2062 1042 2099; baseline -0.003 -8"><span class='ocrx_word' id='word_1_330' title='bbox 263 2063 388 2091; x_wconf 81' lang='lat' dir='ltr'><strong>Salvator</strong></span> <span class='ocrx_word' id='word_1_331' title='bbox 402 2067 498 2099; x_wconf 86' lang='lat' dir='ltr'><strong>sponte</strong></span> <span class='ocrx_word' id='word_1_332' title='bbox 511 2067 539 2090; x_wconf 84' lang='lat' dir='ltr'><strong>et</strong></span> <span class='ocrx_word' id='word_1_333' title='bbox 557 2070 591 2090; x_wconf 78' lang='lat' dir='ltr'><strong>ex</strong></span> <span class='ocrx_word' id='word_1_334' title='bbox 611 2070 641 2090; x_wconf 90' lang='lat' dir='ltr'><strong>se</strong></span> <span class='ocrx_word' id='word_1_335' title='bbox 659 2062 772 2090; x_wconf 88' lang='lat' dir='ltr'><strong>dissolvi</strong></span> <span class='ocrx_word' id='word_1_336' title='bbox 795 2062 936 2089; x_wconf 85' lang='lat' dir='ltr'><strong>hominum</strong></span> <span class='ocrx_word' id='word_1_337' title='bbox 949 2070 1042 2098; x_wconf 86' lang='lat' dir='ltr'><strong>opera.</strong></span> 
     </span>
    </p>
   </div>
   <div class='ocr_carea' id='block_1_47' title="bbox 260 2107 1044 2140">
    <p class='ocr_par' dir='ltr' id='par_1_47' title="bbox 260 2107 1044 2140">
     <span class='ocr_line' id='line_1_47' title="bbox 260 2107 1044 2140; baseline -0.001 -3"><span class='ocrx_word' id='word_1_338' title='bbox 260 2109 319 2137; x_wconf 82' lang='lat' dir='ltr'><strong>Nisi</strong></span> <span class='ocrx_word' id='word_1_339' title='bbox 337 2110 410 2137; x_wconf 91' lang='lat' dir='ltr'><strong>enim</strong></span> <span class='ocrx_word' id='word_1_340' title='bbox 427 2108 560 2137; x_wconf 88' lang='lat' dir='ltr'><strong>Dominus</strong></span> <span class='ocrx_word' id='word_1_341' title='bbox 578 2107 750 2136; x_wconf 56' lang='lat' dir='ltr'><strong>aediﬁcaverit</strong></span> <span class='ocrx_word' id='word_1_342' title='bbox 767 2107 889 2140; x_wconf 87' lang='lat' dir='ltr'><strong>domum,</strong></span> <span class='ocrx_word' id='word_1_343' title='bbox 905 2113 932 2135; x_wconf 88' lang='lat' dir='ltr'><strong>et</strong></span> <span class='ocrx_word' id='word_1_344' title='bbox 951 2113 1044 2136; x_wconf 84' lang='lat' dir='ltr'><strong>custo-</strong></span> 
     </span>
    </p>
   </div>
   <div class='ocr_carea' id='block_1_48' title="bbox 260 2154 1041 2188">
    <p class='ocr_par' dir='ltr' id='par_1_48' title="bbox 260 2154 1041 2188">
     <span class='ocr_line' id='line_1_48' title="bbox 260 2154 1041 2188; baseline -0.003 -5"><span class='ocrx_word' id='word_1_345' title='bbox 260 2155 343 2184; x_wconf 91' lang='lat' dir='ltr'><strong>dierit</strong></span> <span class='ocrx_word' id='word_1_346' title='bbox 357 2155 504 2188; x_wconf 68' lang='lat' dir='ltr'><strong>civitatem,</strong></span> <span class='ocrx_word' id='word_1_347' title='bbox 518 2154 618 2182; x_wconf 78' lang='lat' dir='ltr'><strong>frustra</strong></span> <span class='ocrx_word' id='word_1_348' title='bbox 636 2154 761 2181; x_wconf 83' lang='lat' dir='ltr'><strong>laborant</strong></span> <span class='ocrx_word' id='word_1_349' title='bbox 776 2154 951 2186; x_wconf 58' lang='lat' dir='ltr'><strong>aediﬁcantes,</strong></span> <span class='ocrx_word' id='word_1_350' title='bbox 966 2159 993 2182; x_wconf 87' lang='lat' dir='ltr'><strong>et</strong></span> <span class='ocrx_word' id='word_1_351' title='bbox 1004 2154 1041 2181; x_wconf 93' lang='lat' dir='ltr'><strong>vi-</strong></span> 
     </span>
    </p>
   </div>
   <div class='ocr_carea' id='block_1_49' title="bbox 1105 230 1870 266">
    <p class='ocr_par' dir='ltr' id='par_1_49' title="bbox 1105 230 1870 266">
     <span class='ocr_line' id='line_1_49' title="bbox 1105 230 1870 266; baseline -0.005 -6"><span class='ocrx_word' id='word_1_352' title='bbox 1105 234 1151 260; x_wconf 82' lang='grc' dir='ltr'><strong>τὸν</strong></span> <span class='ocrx_word' id='word_1_353' title='bbox 1161 233 1237 266; x_wconf 73' lang='grc' dir='ltr'>Θεὸν,</span> <span class='ocrx_word' id='word_1_354' title='bbox 1254 234 1302 260; x_wconf 76' lang='grc' dir='ltr'>καὶ</span> <span class='ocrx_word' id='word_1_355' title='bbox 1318 233 1406 259; x_wconf 80' lang='grc' dir='ltr'>πάντα</span> <span class='ocrx_word' id='word_1_356' title='bbox 1427 232 1459 258; x_wconf 71' lang='grc' dir='ltr'><strong>δι’</strong></span> <span class='ocrx_word' id='word_1_357' title='bbox 1473 231 1566 262; x_wconf 79' lang='grc' dir='ltr'>αὑτοῦ,</span> <span class='ocrx_word' id='word_1_358' title='bbox 1583 233 1629 258; x_wconf 79' lang='grc' dir='ltr'>καὶ</span> <span class='ocrx_word' id='word_1_359' title='bbox 1642 231 1725 266; x_wconf 82' lang='grc' dir='ltr'>χωρὶς</span> <span class='ocrx_word' id='word_1_360' title='bbox 1740 230 1817 257; x_wconf 82' lang='grc' dir='ltr'>αὑτοῦ</span> <span class='ocrx_word' id='word_1_361' title='bbox 1829 239 1870 265; x_wconf 84' lang='grc' dir='ltr'>γε-</span> 
     </span>
    </p>
   </div>
   <div class='ocr_carea' id='block_1_50' title="bbox 1105 276 1871 314">
    <p class='ocr_par' dir='ltr' id='par_1_50' title="bbox 1105 276 1871 314">
     <span class='ocr_line' id='line_1_50' title="bbox 1105 276 1871 314; baseline -0.005 -8"><span class='ocrx_word' id='word_1_362' title='bbox 1105 279 1234 314; x_wconf 83' lang='grc' dir='ltr'>γενῆσθαι</span> <span class='ocrx_word' id='word_1_363' title='bbox 1251 279 1305 313; x_wconf 73' lang='grc'><strong>(35)</strong></span> <span class='ocrx_word' id='word_1_364' title='bbox 1322 278 1415 314; x_wconf 81' lang='grc' dir='ltr'>μηδὲν,</span> <span class='ocrx_word' id='word_1_365' title='bbox 1427 277 1537 313; x_wconf 79' lang='grc' dir='ltr'><strong>πλάσμα</strong></span> <span class='ocrx_word' id='word_1_366' title='bbox 1547 276 1594 303; x_wconf 75' lang='grc' dir='ltr'>τοῦ</span> <span class='ocrx_word' id='word_1_367' title='bbox 1607 276 1674 303; x_wconf 82' lang='grc' dir='ltr'>Θεοῦ</span> <span class='ocrx_word' id='word_1_368' title='bbox 1684 277 1769 310; x_wconf 89' lang='grc' dir='ltr'>Λόγου</span> <span class='ocrx_word' id='word_1_369' title='bbox 1789 276 1871 310; x_wconf 81' lang='grc' dir='ltr'>σαφῶς</span> 
     </span>
    </p>
   </div>
   <div class='ocr_carea' id='block_1_51' title="bbox 1106 322 1870 360">
    <p class='ocr_par' dir='ltr' id='par_1_51' title="bbox 1106 322 1870 360">
     <span class='ocr_line' id='line_1_51' title="bbox 1106 322 1870 360; baseline -0.005 -8"><span class='ocrx_word' id='word_1_370' title='bbox 1106 327 1153 352; x_wconf 80' lang='grc' dir='ltr'>καὶ</span> <span class='ocrx_word' id='word_1_371' title='bbox 1167 326 1213 352; x_wconf 81' lang='grc' dir='ltr'>τὸν</span> <span class='ocrx_word' id='word_1_372' title='bbox 1230 325 1372 360; x_wconf 79' lang='grc' dir='ltr'>ἄνθρωπον</span> <span class='ocrx_word' id='word_1_373' title='bbox 1395 324 1528 351; x_wconf 87' lang='grc' dir='ltr'>δείκνυσιν</span> <span class='ocrx_word' id='word_1_374' title='bbox 1553 324 1693 359; x_wconf 76' lang='grc' dir='ltr'><strong>ὑπάρχειν.</strong></span> <span class='ocrx_word' id='word_1_375' title='bbox 1716 323 1748 349; x_wconf 82' lang='lat' dir='ltr'><strong>Ei</strong></span> <span class='ocrx_word' id='word_1_376' title='bbox 1770 322 1870 354; x_wconf 81' lang='grc' dir='ltr'><strong>τοίνυν,</strong></span> 
     </span>
    </p>
   </div>
   <div class='ocr_carea' id='block_1_52' title="bbox 1105 368 1872 406">
    <p class='ocr_par' dir='ltr' id='par_1_52' title="bbox 1105 368 1872 406">
     <span class='ocr_line' id='line_1_52' title="bbox 1105 368 1872 406; baseline -0.004 -9"><span class='ocrx_word' id='word_1_377' title='bbox 1105 371 1198 398; x_wconf 82' lang='grc' dir='ltr'>τοῦτον</span> <span class='ocrx_word' id='word_1_378' title='bbox 1211 370 1383 406; x_wconf 85' lang='grc' dir='ltr'>σαθρωοέντα</span> <span class='ocrx_word' id='word_1_379' title='bbox 1401 370 1457 405; x_wconf 75' lang='lat'><strong>(56)</strong></span> <span class='ocrx_word' id='word_1_380' title='bbox 1475 371 1515 401; x_wconf 83' lang='grc' dir='ltr'>εὶς</span> <span class='ocrx_word' id='word_1_381' title='bbox 1529 370 1622 396; x_wconf 80' lang='grc' dir='ltr'>ἑαυτὸν</span> <span class='ocrx_word' id='word_1_382' title='bbox 1634 368 1789 404; x_wconf 75' lang='grc' dir='ltr'>λαϐόμενος,</span> <span class='ocrx_word' id='word_1_383' title='bbox 1800 368 1872 395; x_wconf 74' lang='grc' dir='ltr'>πάλιν</span> 
     </span>
    </p>
   </div>
   <div class='ocr_carea' id='block_1_53' title="bbox 1105 414 1873 451">
    <p class='ocr_par' dir='ltr' id='par_1_53' title="bbox 1105 414 1873 451">
     <span class='ocr_line' id='line_1_53' title="bbox 1105 414 1873 451; baseline -0.004 -7"><span class='ocrx_word' id='word_1_384' title='bbox 1105 417 1270 449; x_wconf 72' lang='grc' dir='ltr'>ἀνακαινίζει</span> <span class='ocrx_word' id='word_1_385' title='bbox 1283 416 1327 443; x_wconf 84' lang='grc' dir='ltr'>διὰ</span> <span class='ocrx_word' id='word_1_386' title='bbox 1339 417 1389 451; x_wconf 80' lang='grc' dir='ltr'>τῆς</span> <span class='ocrx_word' id='word_1_387' title='bbox 1400 416 1509 451; x_wconf 81' lang='grc' dir='ltr'>βεὸαίας</span> <span class='ocrx_word' id='word_1_388' title='bbox 1526 415 1609 443; x_wconf 81' lang='grc' dir='ltr'>αὑτοῦ</span> <span class='ocrx_word' id='word_1_389' title='bbox 1619 415 1790 446; x_wconf 79' lang='grc' dir='ltr'><strong>ἀνανεώσεως</strong></span> <span class='ocrx_word' id='word_1_390' title='bbox 1813 414 1873 450; x_wconf 80' lang='grc' dir='ltr'>πρὸς</span> 
     </span>
    </p>
   </div>
   <div class='ocr_carea' id='block_1_54' title="bbox 1104 461 1874 498">
    <p class='ocr_par' dir='ltr' id='par_1_54' title="bbox 1104 461 1874 498">
     <span class='ocr_line' id='line_1_54' title="bbox 1104 461 1874 498; baseline -0.004 -8"><span class='ocrx_word' id='word_1_391' title='bbox 1104 463 1232 498; x_wconf 80' lang='grc' dir='ltr'>διαμονὴν</span> <span class='ocrx_word' id='word_1_392' title='bbox 1247 463 1433 498; x_wconf 79' lang='grc' dir='ltr'><strong>ἀτελεύτητον,</strong></span> <span class='ocrx_word' id='word_1_393' title='bbox 1445 462 1545 489; x_wconf 74' lang='grc' dir='ltr'>καὶεδιὰ</span> <span class='ocrx_word' id='word_1_394' title='bbox 1557 462 1634 489; x_wconf 83' lang='grc' dir='ltr'>τοῦτο</span> <span class='ocrx_word' id='word_1_395' title='bbox 1647 462 1753 489; x_wconf 78' lang='grc' dir='ltr'><strong>ἑνοῦται</strong></span> <span class='ocrx_word' id='word_1_396' title='bbox 1765 462 1802 493; x_wconf 76' lang='grc' dir='ltr'>εἰς</span> <span class='ocrx_word' id='word_1_397' title='bbox 1812 461 1874 488; x_wconf 80' lang='grc' dir='ltr'>θειο-</span> 
     </span>
    </p>
   </div>
   <div class='ocr_carea' id='block_1_55' title="bbox 1104 504 1874 544">
    <p class='ocr_par' dir='ltr' id='par_1_55' title="bbox 1104 504 1874 544">
     <span class='ocr_line' id='line_1_55' title="bbox 1104 504 1874 544; baseline -0.003 -10"><span class='ocrx_word' id='word_1_398' title='bbox 1104 508 1184 544; x_wconf 86' lang='grc' dir='ltr'>τέραν</span> <span class='ocrx_word' id='word_1_399' title='bbox 1200 508 1306 542; x_wconf 80' lang='grc' dir='ltr'>ἀνάγων</span> <span class='ocrx_word' id='word_1_400' title='bbox 1328 508 1383 542; x_wconf 82' lang='grc'><strong>(57)</strong></span> <span class='ocrx_word' id='word_1_401' title='bbox 1403 507 1485 534; x_wconf 78' lang='grc' dir='ltr'>αὑτὸν</span> <span class='ocrx_word' id='word_1_402' title='bbox 1499 506 1574 542; x_wconf 78' lang='grc' dir='ltr'>λῆξιν</span> <span class='ocrx_word' id='word_1_403' title='bbox 1586 515 1593 522; x_wconf 91' lang='grc'><strong>·</strong></span> <span class='ocrx_word' id='word_1_404' title='bbox 1609 506 1668 538; x_wconf 87' lang='grc' dir='ltr'><strong>πῶς</strong></span> <span class='ocrx_word' id='word_1_405' title='bbox 1680 504 1736 534; x_wconf 74' lang='grc' dir='ltr'>οἷόν</span> <span class='ocrx_word' id='word_1_406' title='bbox 1749 514 1778 532; x_wconf 85' lang='grc' dir='ltr'><strong>τε</strong></span> <span class='ocrx_word' id='word_1_407' title='bbox 1793 505 1874 540; x_wconf 80' lang='grc' dir='ltr'>λέγειν</span> 
     </span>
    </p>
   </div>
   <div class='ocr_carea' id='block_1_56' title="bbox 1104 552 1873 589">
    <p class='ocr_par' dir='ltr' id='par_1_56' title="bbox 1104 552 1873 589">
     <span class='ocr_line' id='line_1_56' title="bbox 1104 552 1873 589; baseline -0.004 -8"><span class='ocrx_word' id='word_1_408' title='bbox 1104 555 1147 581; x_wconf 77' lang='grc' dir='ltr'>διὰ</span> <span class='ocrx_word' id='word_1_409' title='bbox 1162 555 1209 582; x_wconf 84' lang='grc' dir='ltr'>τοῦ</span> <span class='ocrx_word' id='word_1_410' title='bbox 1225 556 1256 581; x_wconf 80' lang='grc' dir='ltr'>ἐκ</span> <span class='ocrx_word' id='word_1_411' title='bbox 1273 554 1382 589; x_wconf 83' lang='grc' dir='ltr'><strong>Μαρίας</strong></span> <span class='ocrx_word' id='word_1_412' title='bbox 1395 552 1537 588; x_wconf 81' lang='grc' dir='ltr'>ἀνθρώπου</span> <span class='ocrx_word' id='word_1_413' title='bbox 1554 554 1599 580; x_wconf 78' lang='grc' dir='ltr'><strong>τὸν</strong></span> <span class='ocrx_word' id='word_1_414' title='bbox 1610 553 1695 587; x_wconf 83' lang='grc' dir='ltr'>Λόγον</span> <span class='ocrx_word' id='word_1_415' title='bbox 1706 552 1873 585; x_wconf 77' lang='grc' dir='ltr'>ἀπεστάλθαι,</span> 
     </span>
    </p>
   </div>
   <div class='ocr_carea' id='block_1_57' title="bbox 1104 597 1873 634">
    <p class='ocr_par' dir='ltr' id='par_1_57' title="bbox 1104 597 1873 634">
     <span class='ocr_line' id='line_1_57' title="bbox 1104 597 1873 634; baseline -0.003 -8"><span class='ocrx_word' id='word_1_416' title='bbox 1104 600 1218 631; x_wconf 75' lang='grc' dir='ltr'>καὶτοῖς</span> <span class='ocrx_word' id='word_1_417' title='bbox 1233 599 1336 630; x_wconf 81' lang='grc' dir='ltr'>λοιποῖς</span> <span class='ocrx_word' id='word_1_418' title='bbox 1350 598 1518 631; x_wconf 77' lang='grc' dir='ltr'><strong>ἀποστόλοις,</strong></span> <span class='ocrx_word' id='word_1_419' title='bbox 1533 597 1604 632; x_wconf 84' lang='grc' dir='ltr'>λέγω</span> <span class='ocrx_word' id='word_1_420' title='bbox 1615 598 1646 634; x_wconf 82' lang='grc' dir='ltr'><strong>δὴ</strong></span> <span class='ocrx_word' id='word_1_421' title='bbox 1656 599 1712 633; x_wconf 79' lang='lat'><strong>(58)</strong></span> <span class='ocrx_word' id='word_1_422' title='bbox 1722 599 1873 634; x_wconf 81' lang='grc' dir='ltr'>προφήταις,</span> 
     </span>
    </p>
   </div>
   <div class='ocr_carea' id='block_1_58' title="bbox 1103 645 1875 681">
    <p class='ocr_par' dir='ltr' id='par_1_58' title="bbox 1103 645 1875 681">
     <span class='ocr_line' id='line_1_58' title="bbox 1103 645 1875 681; baseline -0.003 -8"><span class='ocrx_word' id='word_1_423' title='bbox 1103 646 1278 674; x_wconf 85' lang='grc' dir='ltr'>ἀποσταλεῖσι</span> <span class='ocrx_word' id='word_1_424' title='bbox 1291 647 1356 681; x_wconf 75' lang='grc' dir='ltr'>παρ’</span> <span class='ocrx_word' id='word_1_425' title='bbox 1370 645 1451 672; x_wconf 84' lang='grc' dir='ltr'>αὐτοῦ</span> <span class='ocrx_word' id='word_1_426' title='bbox 1466 645 1638 680; x_wconf 87' lang='grc' dir='ltr'>συναριθμεῖν</span> <span class='ocrx_word' id='word_1_427' title='bbox 1648 645 1692 672; x_wconf 86' lang='grc' dir='ltr'>τὸν</span> <span class='ocrx_word' id='word_1_428' title='bbox 1703 645 1756 672; x_wconf 89' lang='grc' dir='ltr'><strong>τῶν</strong></span> <span class='ocrx_word' id='word_1_429' title='bbox 1767 645 1875 672; x_wconf 74' lang='grc' dir='ltr'>ἀποστό-</span> 
     </span>
    </p>
   </div>
   <div class='ocr_carea' id='block_1_59' title="bbox 1103 691 1875 728">
    <p class='ocr_par' dir='ltr' id='par_1_59' title="bbox 1103 691 1875 728">
     <span class='ocr_line' id='line_1_59' title="bbox 1103 691 1875 728; baseline -0.001 -9"><span class='ocrx_word' id='word_1_430' title='bbox 1103 693 1156 719; x_wconf 89' lang='grc' dir='ltr'>λων</span> <span class='ocrx_word' id='word_1_431' title='bbox 1171 692 1272 728; x_wconf 83' lang='grc' dir='ltr'><strong>Κύριον</strong></span> <span class='ocrx_word' id='word_1_432' title='bbox 1285 701 1292 724; x_wconf 87' lang='grc'>;</span> <span class='ocrx_word' id='word_1_433' title='bbox 1306 692 1368 724; x_wconf 84' lang='grc' dir='ltr'><strong>Πῶς</strong></span> <span class='ocrx_word' id='word_1_434' title='bbox 1384 693 1411 718; x_wconf 82' lang='grc' dir='ltr'><strong>δὲ</strong></span> <span class='ocrx_word' id='word_1_435' title='bbox 1423 693 1470 718; x_wconf 71' lang='grc' dir='ltr'>καὶ</span> <span class='ocrx_word' id='word_1_436' title='bbox 1485 692 1540 726; x_wconf 76' lang='grc'><strong>(59)</strong></span> <span class='ocrx_word' id='word_1_437' title='bbox 1554 691 1663 726; x_wconf 80' lang='grc' dir='ltr'><strong>κληθείη</strong></span> <span class='ocrx_word' id='word_1_438' title='bbox 1681 692 1796 726; x_wconf 81' lang='grc' dir='ltr'>Χριστὸς</span> <span class='ocrx_word' id='word_1_439' title='bbox 1807 691 1875 726; x_wconf 78' lang='grc' dir='ltr'>ψιλὸς</span> 
     </span>
    </p>
   </div>
   <div class='ocr_carea' id='block_1_60' title="bbox 1103 731 1875 773">
    <p class='ocr_par' dir='ltr' id='par_1_60' title="bbox 1103 731 1875 773">
     <span class='ocr_line' id='line_1_60' title="bbox 1103 731 1875 773; baseline -0.003 -8"><span class='ocrx_word' id='word_1_440' title='bbox 1103 738 1263 773; x_wconf 54' lang='lat' dir='ltr'><strong>magum;</strong></span> <span class='ocrx_word' id='word_1_441' title='bbox 1285 731 1437 773; x_wconf 74' lang='grc' dir='ltr'>Ἠνιιῖμένος</span> <span class='ocrx_word' id='word_1_442' title='bbox 1456 738 1484 764; x_wconf 80' lang='grc' dir='ltr'><strong>δὲ</strong></span> <span class='ocrx_word' id='word_1_443' title='bbox 1497 737 1536 772; x_wconf 81' lang='grc' dir='ltr'>τῷ</span> <span class='ocrx_word' id='word_1_444' title='bbox 1548 738 1636 772; x_wconf 86' lang='grc' dir='ltr'>Λόγῳ,</span> <span class='ocrx_word' id='word_1_445' title='bbox 1654 737 1768 769; x_wconf 75' lang='grc' dir='ltr'><strong>εἰκότως</strong></span> <span class='ocrx_word' id='word_1_446' title='bbox 1778 746 1875 773; x_wconf 86' lang='grc' dir='ltr'>χρημα-</span> 
     </span>
    </p>
   </div>
   <div class='ocr_carea' id='block_1_61' title="bbox 1103 783 1874 820">
    <p class='ocr_par' dir='ltr' id='par_1_61' title="bbox 1103 783 1874 820">
     <span class='ocr_line' id='line_1_61' title="bbox 1103 783 1874 820; baseline -0.001 -10"><span class='ocrx_word' id='word_1_447' title='bbox 1103 784 1171 816; x_wconf 73' lang='grc' dir='ltr'>τίζοι</span> <span class='ocrx_word' id='word_1_448' title='bbox 1183 784 1309 820; x_wconf 67' lang='grc' dir='ltr'>Χριστὸς,</span> <span class='ocrx_word' id='word_1_449' title='bbox 1325 784 1371 810; x_wconf 71' lang='grc' dir='ltr'>καὶ</span> <span class='ocrx_word' id='word_1_450' title='bbox 1384 784 1448 815; x_wconf 82' lang='grc' dir='ltr'><strong>Υἱὸς</strong></span> <span class='ocrx_word' id='word_1_451' title='bbox 1460 783 1537 814; x_wconf 77' lang='grc' dir='ltr'>Θεοῦ,</span> <span class='ocrx_word' id='word_1_452' title='bbox 1557 783 1658 810; x_wconf 84' lang='grc' dir='ltr'>ἄνωθεν</span> <span class='ocrx_word' id='word_1_453' title='bbox 1678 783 1726 810; x_wconf 79' lang='grc' dir='ltr'><strong>τοῦ</strong></span> <span class='ocrx_word' id='word_1_454' title='bbox 1746 783 1800 818; x_wconf 67' lang='grc'><strong>(40)</strong></span> <span class='ocrx_word' id='word_1_455' title='bbox 1815 791 1874 819; x_wconf 83' lang='grc' dir='ltr'>προ-</span> 
     </span>
    </p>
   </div>
   <div class='ocr_carea' id='block_1_62' title="bbox 1107 829 1876 866">
    <p class='ocr_par' dir='ltr' id='par_1_62' title="bbox 1107 829 1876 866">
     <span class='ocr_line' id='line_1_62' title="bbox 1107 829 1876 866; baseline -0.003 -9"><span class='ocrx_word' id='word_1_456' title='bbox 1107 831 1190 866; x_wconf 81' lang='grc' dir='ltr'>φήτου</span> <span class='ocrx_word' id='word_1_457' title='bbox 1206 830 1298 864; x_wconf 79' lang='grc' dir='ltr'>σαφῶς</span> <span class='ocrx_word' id='word_1_458' title='bbox 1315 829 1495 864; x_wconf 78' lang='grc' dir='ltr'>ὲκῦοήσαντος</span> <span class='ocrx_word' id='word_1_459' title='bbox 1514 829 1564 864; x_wconf 80' lang='grc' dir='ltr'>τὴν</span> <span class='ocrx_word' id='word_1_460' title='bbox 1582 829 1719 864; x_wconf 87' lang='grc' dir='ltr'>πατρικὴν</span> <span class='ocrx_word' id='word_1_461' title='bbox 1737 829 1876 856; x_wconf 76' lang='grc' dir='ltr'><strong>ὑπόστασιν</strong></span> 
     </span>
    </p>
   </div>
   <div class='ocr_carea' id='block_1_63' title="bbox 1066 869 1876 912">
    <p class='ocr_par' dir='ltr' id='par_1_63' title="bbox 1066 869 1876 912">
     <span class='ocr_line' id='line_1_63' title="bbox 1066 869 1876 912; baseline 0 -10"><span class='ocrx_word' id='word_1_462' title='bbox 1066 869 1088 896; x_wconf 80' lang='grc' dir='ltr'><strong>Β</strong></span> <span class='ocrx_word' id='word_1_463' title='bbox 1103 877 1165 912; x_wconf 81' lang='grc' dir='ltr'>περὶ</span> <span class='ocrx_word' id='word_1_464' title='bbox 1176 875 1268 908; x_wconf 70' lang='grc' dir='ltr'>αὑτοῦ,</span> <span class='ocrx_word' id='word_1_465' title='bbox 1284 877 1330 902; x_wconf 81' lang='grc' dir='ltr'>καὶ</span> <span class='ocrx_word' id='word_1_466' title='bbox 1347 876 1468 907; x_wconf 84' lang='grc' dir='ltr'>εἰπόντος</span> <span class='ocrx_word' id='word_1_467' title='bbox 1481 884 1488 890; x_wconf 88' lang='grc'><strong>·</strong></span> <span class='ocrx_word' id='word_1_468' title='bbox 1506 876 1560 903; x_wconf 78' lang='grc' dir='ltr'><strong>Καὶ</strong></span> <span class='ocrx_word' id='word_1_469' title='bbox 1579 875 1739 903; x_wconf 78' lang='grc' dir='ltr'>ἀποστελῶ</span> <span class='ocrx_word' id='word_1_470' title='bbox 1755 876 1805 902; x_wconf 75' lang='grc' dir='ltr'>τὸν·</span> <span class='ocrx_word' id='word_1_471' title='bbox 1817 877 1876 902; x_wconf 73' lang='grc' dir='ltr'><strong>Υίόν</strong></span> 
     </span>
    </p>
   </div>
   <div class='ocr_carea' id='block_1_64' title="bbox 1099 921 1876 960">
    <p class='ocr_par' dir='ltr' id='par_1_64' title="bbox 1099 921 1876 960">
     <span class='ocr_line' id='line_1_64' title="bbox 1099 921 1876 960; baseline 0.001 -11"><span class='ocrx_word' id='word_1_472' title='bbox 1099 932 1158 958; x_wconf 84' lang='grc' dir='ltr'><strong>μου</strong></span> <span class='ocrx_word' id='word_1_473' title='bbox 1181 924 1235 950; x_wconf 83' lang='grc' dir='ltr'><strong>τὸν</strong></span> <span class='ocrx_word' id='word_1_474' title='bbox 1261 923 1388 957; x_wconf 80' lang='grc' dir='ltr'>Χριστόν</span> <span class='ocrx_word' id='word_1_475' title='bbox 1406 932 1413 938; x_wconf 84' lang='grc'>·</span> <span class='ocrx_word' id='word_1_476' title='bbox 1437 923 1484 949; x_wconf 76' lang='grc' dir='ltr'>καὶ</span> <span class='ocrx_word' id='word_1_477' title='bbox 1507 924 1535 950; x_wconf 77' lang='grc' dir='ltr'><strong>ὲν</strong></span> <span class='ocrx_word' id='word_1_478' title='bbox 1562 923 1601 958; x_wconf 87' lang='grc' dir='ltr'>τῷ</span> <span class='ocrx_word' id='word_1_479' title='bbox 1630 923 1767 960; x_wconf 76' lang='grc' dir='ltr'><strong>Ἰορδάνῃ·</strong></span> <span class='ocrx_word' id='word_1_480' title='bbox 1790 921 1876 955; x_wconf 80' lang='grc' dir='ltr'>Οὗτός</span> 
     </span>
    </p>
   </div>
   <div class='ocr_carea' id='block_1_65' title="bbox 1100 969 1875 1005">
    <p class='ocr_par' dir='ltr' id='par_1_65' title="bbox 1100 969 1875 1005">
     <span class='ocr_line' id='line_1_65' title="bbox 1100 969 1875 1005; baseline -0.001 -8"><span class='ocrx_word' id='word_1_481' title='bbox 1100 971 1186 997; x_wconf 80' lang='grc' dir='ltr'>ἐστιν</span> <span class='ocrx_word' id='word_1_482' title='bbox 1200 971 1216 997; x_wconf 88' lang='grc' dir='ltr'><em>ὀ</em></span> <span class='ocrx_word' id='word_1_483' title='bbox 1232 971 1297 1002; x_wconf 83' lang='grc' dir='ltr'><strong>Υἱός</strong></span> <span class='ocrx_word' id='word_1_484' title='bbox 1309 979 1368 1004; x_wconf 85' lang='grc' dir='ltr'>μου</span> <span class='ocrx_word' id='word_1_485' title='bbox 1384 972 1400 998; x_wconf 81' lang='grc' dir='ltr'>ό</span> <span class='ocrx_word' id='word_1_486' title='bbox 1418 971 1579 1005; x_wconf 77' lang='grc' dir='ltr'>ἀγαπητός.</span> <span class='ocrx_word' id='word_1_487' title='bbox 1614 970 1810 1005; x_wconf 78' lang='grc' dir='ltr'>Ἐκπληρὼσας</span> <span class='ocrx_word' id='word_1_488' title='bbox 1827 969 1875 1005; x_wconf 75' lang='grc' dir='ltr'><strong>γὰρ</strong></span> 
     </span>
    </p>
   </div>
   <div class='ocr_carea' id='block_1_66' title="bbox 1101 1011 1875 1050">
    <p class='ocr_par' dir='ltr' id='par_1_66' title="bbox 1101 1011 1875 1050">
     <span class='ocr_line' id='line_1_66' title="bbox 1101 1011 1875 1050; baseline -0.001 -9"><span class='ocrx_word' id='word_1_489' title='bbox 1101 1015 1149 1050; x_wconf 82' lang='grc' dir='ltr'>τὴν</span> <span class='ocrx_word' id='word_1_490' title='bbox 1166 1015 1321 1050; x_wconf 82' lang='grc' dir='ltr'>ὑπόσχεσιν,</span> <span class='ocrx_word' id='word_1_491' title='bbox 1341 1015 1452 1046; x_wconf 80' lang='grc' dir='ltr'><strong>εἰκότως</strong></span> <span class='ocrx_word' id='word_1_492' title='bbox 1471 1014 1619 1049; x_wconf 78' lang='grc' dir='ltr'>ὑπέδειξεν,</span> <span class='ocrx_word' id='word_1_493' title='bbox 1643 1014 1681 1046; x_wconf 83' lang='grc' dir='ltr'>ὡς</span> <span class='ocrx_word' id='word_1_494' title='bbox 1702 1011 1875 1047; x_wconf 75' lang='grc' dir='ltr'>οὗτός.ὲστιν,</span> 
     </span>
    </p>
   </div>
   <div class='ocr_carea' id='block_1_67' title="bbox 1101 1058 1479 1096">
    <p class='ocr_par' dir='ltr' id='par_1_67' title="bbox 1101 1058 1479 1096">
     <span class='ocr_line' id='line_1_67' title="bbox 1101 1058 1479 1096; baseline -0.005 -8"><span class='ocrx_word' id='word_1_495' title='bbox 1101 1061 1130 1088; x_wconf 78' lang='grc' dir='ltr'>ὃν</span> <span class='ocrx_word' id='word_1_496' title='bbox 1150 1058 1225 1088; x_wconf 79' lang='grc' dir='ltr'>εἶπεν</span> <span class='ocrx_word' id='word_1_497' title='bbox 1243 1061 1298 1096; x_wconf 75' lang='grc'><strong>(41)</strong></span> <span class='ocrx_word' id='word_1_498' title='bbox 1311 1061 1479 1087; x_wconf 82' lang='grc' dir='ltr'>ἀποστεῖλαι.</span> 
     </span>
    </p>
   </div>
   <div class='ocr_carea' id='block_1_68' title="bbox 1135 1138 1876 1175">
    <p class='ocr_par' dir='ltr' id='par_1_68' title="bbox 1135 1138 1876 1175">
     <span class='ocr_line' id='line_1_68' title="bbox 1135 1138 1876 1175; baseline -0.001 -8"><span class='ocrx_word' id='word_1_499' title='bbox 1135 1141 1179 1168; x_wconf 72' lang='grc'><strong>54.</strong></span> <span class='ocrx_word' id='word_1_500' title='bbox 1200 1140 1237 1167; x_wconf 80' lang='grc' dir='ltr'>Τὸ</span> <span class='ocrx_word' id='word_1_501' title='bbox 1266 1140 1355 1166; x_wconf 85' lang='grc' dir='ltr'>τοίνυν</span> <span class='ocrx_word' id='word_1_502' title='bbox 1384 1138 1587 1174; x_wconf 81' lang='grc' dir='ltr'>συναμφότερον</span> <span class='ocrx_word' id='word_1_503' title='bbox 1613 1138 1719 1174; x_wconf 86' lang='grc' dir='ltr'>νοῶμεν</span> <span class='ocrx_word' id='word_1_504' title='bbox 1746 1138 1876 1175; x_wconf 63' lang='grc' dir='ltr'>Χριστὸν,</span> 
     </span>
    </p>
   </div>
   <div class='ocr_carea' id='block_1_69' title="bbox 1101 1185 1874 1221">
    <p class='ocr_par' dir='ltr' id='par_1_69' title="bbox 1101 1185 1874 1221">
     <span class='ocr_line' id='line_1_69' title="bbox 1101 1185 1874 1221; baseline -0.003 -7"><span class='ocrx_word' id='word_1_505' title='bbox 1101 1187 1185 1221; x_wconf 82' lang='grc' dir='ltr'>Λόγον</span> <span class='ocrx_word' id='word_1_506' title='bbox 1201 1187 1245 1213; x_wconf 79' lang='grc' dir='ltr'><strong>τὸν</strong></span> <span class='ocrx_word' id='word_1_507' title='bbox 1261 1186 1332 1212; x_wconf 85' lang='grc' dir='ltr'>θεῖον</span> <span class='ocrx_word' id='word_1_508' title='bbox 1346 1186 1482 1221; x_wconf 81' lang='grc' dir='ltr'><strong>ἡνωμένον</strong></span> <span class='ocrx_word' id='word_1_509' title='bbox 1498 1185 1537 1220; x_wconf 83' lang='grc' dir='ltr'>τῷ</span> <span class='ocrx_word' id='word_1_510' title='bbox 1551 1186 1583 1212; x_wconf 77' lang='grc' dir='ltr'>ἐκ</span> <span class='ocrx_word' id='word_1_511' title='bbox 1603 1185 1713 1221; x_wconf 81' lang='grc' dir='ltr'>Μαρίας</span> <span class='ocrx_word' id='word_1_512' title='bbox 1728 1186 1757 1211; x_wconf 80' lang='grc' dir='ltr'>ὲν</span> <span class='ocrx_word' id='word_1_513' title='bbox 1772 1186 1803 1221; x_wconf 78' lang='grc' dir='ltr'>τῇ</span> <span class='ocrx_word' id='word_1_514' title='bbox 1820 1186 1874 1212; x_wconf 82' lang='grc' dir='ltr'><strong>Μα-</strong></span> 
     </span>
    </p>
   </div>
   <div class='ocr_carea' id='block_1_70' title="bbox 1101 1231 1875 1269">
    <p class='ocr_par' dir='ltr' id='par_1_70' title="bbox 1101 1231 1875 1269">
     <span class='ocr_line' id='line_1_70' title="bbox 1101 1231 1875 1269; baseline -0.004 -10"><span class='ocrx_word' id='word_1_515' title='bbox 1101 1233 1154 1269; x_wconf 83' lang='grc' dir='ltr'>ρίᾳ.</span> <span class='ocrx_word' id='word_1_516' title='bbox 1179 1233 1222 1259; x_wconf 83' lang='grc' dir='ltr'>Ἑν</span> <span class='ocrx_word' id='word_1_517' title='bbox 1239 1233 1293 1268; x_wconf 86' lang='grc' dir='ltr'><strong>γὰρ</strong></span> <span class='ocrx_word' id='word_1_518' title='bbox 1313 1233 1346 1268; x_wconf 82' lang='grc' dir='ltr'>τῇ</span> <span class='ocrx_word' id='word_1_519' title='bbox 1367 1231 1468 1266; x_wconf 79' lang='grc' dir='ltr'><strong>ταύτης</strong></span> <span class='ocrx_word' id='word_1_520' title='bbox 1490 1231 1565 1266; x_wconf 80' lang='grc' dir='ltr'><strong>νηδύϊ</strong></span> <span class='ocrx_word' id='word_1_521' title='bbox 1586 1233 1600 1258; x_wconf 90' lang='grc' dir='ltr'>ό</span> <span class='ocrx_word' id='word_1_522' title='bbox 1621 1231 1708 1265; x_wconf 85' lang='grc' dir='ltr'>Λόγος</span> <span class='ocrx_word' id='word_1_523' title='bbox 1734 1231 1820 1266; x_wconf 81' lang='grc' dir='ltr'>ἑαυτῷ</span> <span class='ocrx_word' id='word_1_524' title='bbox 1835 1231 1875 1258; x_wconf 76' lang='grc' dir='ltr'><strong>τὸν</strong></span> 
     </span>
    </p>
   </div>
   <div class='ocr_carea' id='block_1_71' title="bbox 1100 1276 1876 1313">
    <p class='ocr_par' dir='ltr' id='par_1_71' title="bbox 1100 1276 1876 1313">
     <span class='ocr_line' id='line_1_71' title="bbox 1100 1276 1876 1313; baseline -0.003 -8"><span class='ocrx_word' id='word_1_525' title='bbox 1100 1277 1173 1305; x_wconf 82' lang='grc' dir='ltr'>οἷκον</span> <span class='ocrx_word' id='word_1_526' title='bbox 1186 1278 1360 1310; x_wconf 85' lang='grc' dir='ltr'>διεπλάσατο,</span> <span class='ocrx_word' id='word_1_527' title='bbox 1383 1278 1412 1304; x_wconf 87' lang='grc' dir='ltr'><strong>ὃν</strong></span> <span class='ocrx_word' id='word_1_528' title='bbox 1429 1277 1527 1313; x_wconf 78' lang='grc' dir='ltr'>τρόπον</span> <span class='ocrx_word' id='word_1_529' title='bbox 1540 1276 1569 1310; x_wconf 73' lang='grc' dir='ltr'><strong>ἐξ</strong></span> <span class='ocrx_word' id='word_1_530' title='bbox 1590 1277 1677 1312; x_wconf 85' lang='grc' dir='ltr'>ἀρχῆς</span> <span class='ocrx_word' id='word_1_531' title='bbox 1689 1277 1735 1304; x_wconf 85' lang='grc' dir='ltr'>τὸν</span> <span class='ocrx_word' id='word_1_532' title='bbox 1754 1277 1834 1312; x_wconf 79' lang='grc' dir='ltr'><strong>Ἀδὰμ</strong></span> <span class='ocrx_word' id='word_1_533' title='bbox 1847 1278 1876 1303; x_wconf 80' lang='grc' dir='ltr'>ὲκ</span> 
     </span>
    </p>
   </div>
   <div class='ocr_carea' id='block_1_72' title="bbox 1100 1321 1876 1362">
    <p class='ocr_par' dir='ltr' id='par_1_72' title="bbox 1100 1321 1876 1362">
     <span class='ocr_line' id='line_1_72' title="bbox 1100 1321 1876 1362; baseline -0.004 -10"><span class='ocrx_word' id='word_1_534' title='bbox 1100 1326 1148 1362; x_wconf 84' lang='grc' dir='ltr'>τῆς</span> <span class='ocrx_word' id='word_1_535' title='bbox 1162 1326 1214 1361; x_wconf 84' lang='grc' dir='ltr'>γῆς</span> <span class='ocrx_word' id='word_1_536' title='bbox 1225 1334 1232 1341; x_wconf 95' lang='grc'><strong>·</strong></span> <span class='ocrx_word' id='word_1_537' title='bbox 1251 1325 1350 1361; x_wconf 80' lang='grc' dir='ltr'>μᾶλλον</span> <span class='ocrx_word' id='word_1_538' title='bbox 1366 1324 1394 1351; x_wconf 81' lang='grc' dir='ltr'><strong>δὲ</strong></span> <span class='ocrx_word' id='word_1_539' title='bbox 1409 1324 1560 1359; x_wconf 79' lang='grc' dir='ltr'>θειοτέρως,</span> <span class='ocrx_word' id='word_1_540' title='bbox 1577 1324 1640 1359; x_wconf 73' lang='grc' dir='ltr'>περὶ</span> <span class='ocrx_word' id='word_1_541' title='bbox 1653 1321 1684 1350; x_wconf 72' lang='grc' dir='ltr'><strong>οὗ</strong></span> <span class='ocrx_word' id='word_1_542' title='bbox 1698 1325 1746 1350; x_wconf 71' lang='grc' dir='ltr'>καὶ</span> <span class='ocrx_word' id='word_1_543' title='bbox 1760 1321 1876 1359; x_wconf 82' lang='grc' dir='ltr'>Σολομών</span> 
     </span>
    </p>
   </div>
   <div class='ocr_carea' id='block_1_73' title="bbox 1100 1369 1876 1408">
    <p class='ocr_par' dir='ltr' id='par_1_73' title="bbox 1100 1369 1876 1408">
     <span class='ocr_line' id='line_1_73' title="bbox 1100 1369 1876 1408; baseline -0.006 -8"><span class='ocrx_word' id='word_1_544' title='bbox 1100 1382 1166 1408; x_wconf 76' lang='grc' dir='ltr'>φησι</span> <span class='ocrx_word' id='word_1_545' title='bbox 1175 1373 1240 1408; x_wconf 75' lang='grc'>(42),</span> <span class='ocrx_word' id='word_1_546' title='bbox 1248 1372 1292 1399; x_wconf 75' lang='grc' dir='ltr'>τὸν</span> <span class='ocrx_word' id='word_1_547' title='bbox 1304 1372 1389 1406; x_wconf 88' lang='grc' dir='ltr'>Λόγον</span> <span class='ocrx_word' id='word_1_548' title='bbox 1403 1371 1480 1402; x_wconf 77' lang='grc' dir='ltr'>εἰδὼς</span> <span class='ocrx_word' id='word_1_549' title='bbox 1491 1371 1538 1398; x_wconf 79' lang='grc' dir='ltr'>καὶ</span> <span class='ocrx_word' id='word_1_550' title='bbox 1555 1370 1650 1405; x_wconf 86' lang='grc' dir='ltr'>σοφίαν</span> <span class='ocrx_word' id='word_1_551' title='bbox 1662 1369 1876 1406; x_wconf 71' lang='grc' dir='ltr'>χρηματίζουσαν</span> 
     </span>
    </p>
   </div>
   <div class='ocr_carea' id='block_1_74' title="bbox 1100 1409 1876 1455">
    <p class='ocr_par' dir='ltr' id='par_1_74' title="bbox 1100 1409 1876 1455">
     <span class='ocr_line' id='line_1_74' title="bbox 1100 1409 1876 1455; baseline -0.006 -8"><span class='ocrx_word' id='word_1_552' title='bbox 1100 1419 1233 1455; x_wconf 85' lang='grc' dir='ltr'>φανερῶς·</span> <span class='ocrx_word' id='word_1_553' title='bbox 1242 1419 1275 1446; x_wconf 83' lang='grc' dir='ltr'><em>Ἡ</em></span> <span class='ocrx_word' id='word_1_554' title='bbox 1285 1419 1379 1453; x_wconf 70' lang='grc' dir='ltr'>Σοφία</span> <span class='ocrx_word' id='word_1_555' title='bbox 1390 1417 1582 1452; x_wconf 81' lang='grc' dir='ltr'><strong>ᾠκοδόμησεν</strong></span> <span class='ocrx_word' id='word_1_556' title='bbox 1590 1415 1683 1450; x_wconf 79' lang='grc' dir='ltr'>ἑαυτῆ</span> <span class='ocrx_word' id='word_1_557' title='bbox 1695 1414 1792 1444; x_wconf 58' lang='lat' dir='ltr'><strong>obeat&quot;</strong></span> <span class='ocrx_word' id='word_1_558' title='bbox 1800 1412 1827 1443; x_wconf 67' lang='grc' dir='ltr'><strong>ὃν</strong></span> <span class='ocrx_word' id='word_1_559' title='bbox 1834 1409 1876 1442; x_wconf 67' lang='grc' dir='ltr'><strong>καί</strong></span> 
     </span>
    </p>
   </div>
   <div class='ocr_carea' id='block_1_75' title="bbox 1100 1460 1876 1500">
    <p class='ocr_par' dir='ltr' id='par_1_75' title="bbox 1100 1460 1876 1500">
     <span class='ocr_line' id='line_1_75' title="bbox 1100 1460 1876 1500; baseline -0.005 -8"><span class='ocrx_word' id='word_1_560' title='bbox 1100 1466 1114 1492; x_wconf 87' lang='grc' dir='ltr'>ό</span> <span class='ocrx_word' id='word_1_561' title='bbox 1132 1465 1290 1496; x_wconf 77' lang='grc' dir='ltr'>Ἀπόστολος</span> <span class='ocrx_word' id='word_1_562' title='bbox 1303 1463 1460 1500; x_wconf 83' lang='grc' dir='ltr'><strong>ἑρμηνεύων</strong></span> <span class='ocrx_word' id='word_1_563' title='bbox 1471 1463 1554 1498; x_wconf 78' lang='grc' dir='ltr'>λέγει,</span> <span class='ocrx_word' id='word_1_564' title='bbox 1574 1460 1610 1490; x_wconf 82' lang='grc' dir='ltr'>οὗ</span> <span class='ocrx_word' id='word_1_565' title='bbox 1627 1461 1681 1498; x_wconf 65' lang='grc'><strong>(45)</strong></span> <span class='ocrx_word' id='word_1_566' title='bbox 1695 1461 1776 1496; x_wconf 74' lang='grc' dir='ltr'>οἶκός</span> <span class='ocrx_word' id='word_1_567' title='bbox 1791 1462 1876 1496; x_wconf 77' lang='grc' dir='ltr'>ἐσμεν</span> 
     </span>
    </p>
   </div>
   <div class='ocr_carea' id='block_1_76' title="bbox 1099 1507 1875 1547">
    <p class='ocr_par' dir='ltr' id='par_1_76' title="bbox 1099 1507 1875 1547">
     <span class='ocr_line' id='line_1_76' title="bbox 1099 1507 1875 1547; baseline -0.005 -9"><span class='ocrx_word' id='word_1_568' title='bbox 1099 1511 1185 1547; x_wconf 70' lang='grc' dir='ltr'>ἡμεῖς</span> <span class='ocrx_word' id='word_1_569' title='bbox 1197 1520 1204 1526; x_wconf 63' lang='grc' dir='ltr'>υ</span> <span class='ocrx_word' id='word_1_570' title='bbox 1221 1511 1268 1538; x_wconf 75' lang='grc' dir='ltr'>καὶ</span> <span class='ocrx_word' id='word_1_571' title='bbox 1291 1509 1406 1545; x_wconf 84' lang='grc' dir='ltr'>ἀλλαχοῦ</span> <span class='ocrx_word' id='word_1_572' title='bbox 1429 1510 1457 1536; x_wconf 81' lang='grc' dir='ltr'><strong>δὲ</strong></span> <span class='ocrx_word' id='word_1_573' title='bbox 1475 1510 1550 1536; x_wconf 65' lang='grc' dir='ltr'><strong>ναὸν</strong></span> <span class='ocrx_word' id='word_1_574' title='bbox 1563 1509 1772 1545; x_wconf 66' lang='grc' dir='ltr'>προσαγορεύει,</span> <span class='ocrx_word' id='word_1_575' title='bbox 1791 1507 1875 1535; x_wconf 76' lang='grc' dir='ltr'>καθότι</span> 
     </span>
    </p>
   </div>
   <div class='ocr_carea' id='block_1_77' title="bbox 1100 1552 1875 1593">
    <p class='ocr_par' dir='ltr' id='par_1_77' title="bbox 1100 1552 1875 1593">
     <span class='ocr_line' id='line_1_77' title="bbox 1100 1552 1875 1593; baseline -0.005 -8"><span class='ocrx_word' id='word_1_576' title='bbox 1100 1558 1204 1593; x_wconf 82' lang='grc' dir='ltr'>πρέπον</span> <span class='ocrx_word' id='word_1_577' title='bbox 1217 1557 1275 1593; x_wconf 89' lang='grc' dir='ltr'><strong>Θεῷ</strong></span> <span class='ocrx_word' id='word_1_578' title='bbox 1286 1558 1314 1584; x_wconf 77' lang='grc' dir='ltr'><strong>ὲν</strong></span> <span class='ocrx_word' id='word_1_579' title='bbox 1328 1556 1384 1591; x_wconf 86' lang='grc' dir='ltr'>ναῷ</span> <span class='ocrx_word' id='word_1_580' title='bbox 1402 1557 1548 1587; x_wconf 79' lang='grc' dir='ltr'>κατοικεῖν,</span> <span class='ocrx_word' id='word_1_581' title='bbox 1567 1552 1596 1582; x_wconf 70' lang='grc' dir='ltr'><strong>οὗ</strong></span> <span class='ocrx_word' id='word_1_582' title='bbox 1612 1556 1658 1582; x_wconf 79' lang='grc' dir='ltr'>καὶ</span> <span class='ocrx_word' id='word_1_583' title='bbox 1679 1556 1773 1583; x_wconf 81' lang='grc' dir='ltr'>εἰκόνα</span> <span class='ocrx_word' id='word_1_584' title='bbox 1788 1555 1834 1591; x_wconf 84' lang='grc' dir='ltr'>τὴν</span> <span class='ocrx_word' id='word_1_585' title='bbox 1847 1555 1875 1581; x_wconf 77' lang='grc' dir='ltr'>ἐκ</span> 
     </span>
    </p>
   </div>
   <div class='ocr_carea' id='block_1_78' title="bbox 1097 1599 1874 1637">
    <p class='ocr_par' dir='ltr' id='par_1_78' title="bbox 1097 1599 1874 1637">
     <span class='ocr_line' id='line_1_78' title="bbox 1097 1599 1874 1637; baseline -0.005 -6"><span class='ocrx_word' id='word_1_586' title='bbox 1097 1604 1179 1631; x_wconf 89' lang='grc' dir='ltr'>λίθων</span> <span class='ocrx_word' id='word_1_587' title='bbox 1200 1605 1255 1636; x_wconf 78' lang='grc' dir='ltr'>τοῖς</span> <span class='ocrx_word' id='word_1_588' title='bbox 1274 1604 1396 1635; x_wconf 79' lang='grc' dir='ltr'>παλαιοῖς</span> <span class='ocrx_word' id='word_1_589' title='bbox 1420 1602 1522 1635; x_wconf 75' lang='grc' dir='ltr'>κτίζειν</span> <span class='ocrx_word' id='word_1_590' title='bbox 1548 1602 1591 1629; x_wconf 77' lang='grc' dir='ltr'><strong>διὰ</strong></span> <span class='ocrx_word' id='word_1_591' title='bbox 1607 1599 1780 1637; x_wconf 79' lang='grc' dir='ltr'>Σολομῶντος</span> <span class='ocrx_word' id='word_1_592' title='bbox 1797 1608 1874 1636; x_wconf 85' lang='grc' dir='ltr'>προσ-</span> 
     </span>
    </p>
   </div>
   <div class='ocr_carea' id='block_1_79' title="bbox 1097 1643 1874 1684">
    <p class='ocr_par' dir='ltr' id='par_1_79' title="bbox 1097 1643 1874 1684">
     <span class='ocr_line' id='line_1_79' title="bbox 1097 1643 1874 1684; baseline -0.006 -7"><span class='ocrx_word' id='word_1_593' title='bbox 1097 1649 1191 1684; x_wconf 81' lang='grc' dir='ltr'>έταξεν</span> <span class='ocrx_word' id='word_1_594' title='bbox 1206 1650 1261 1684; x_wconf 67' lang='grc' dir='ltr'><strong>(Μ)</strong></span> <span class='ocrx_word' id='word_1_595' title='bbox 1271 1658 1278 1666; x_wconf 72' lang='grc' dir='ltr'><strong>ο</strong></span> <span class='ocrx_word' id='word_1_596' title='bbox 1294 1649 1354 1676; x_wconf 84' lang='grc' dir='ltr'>ὅθεν</span> <span class='ocrx_word' id='word_1_597' title='bbox 1365 1649 1415 1684; x_wconf 83' lang='grc' dir='ltr'>τῆς</span> <span class='ocrx_word' id='word_1_598' title='bbox 1425 1648 1551 1684; x_wconf 82' lang='grc' dir='ltr'>ἀληθείας</span> <span class='ocrx_word' id='word_1_599' title='bbox 1564 1647 1705 1683; x_wconf 85' lang='grc' dir='ltr'>φανείσης,</span> <span class='ocrx_word' id='word_1_600' title='bbox 1723 1643 1874 1680; x_wconf 79' lang='grc' dir='ltr'>πέπαυταιῆ</span> 
     </span>
    </p>
   </div>
   <div class='ocr_carea' id='block_1_80' title="bbox 1096 1691 1874 1730">
    <p class='ocr_par' dir='ltr' id='par_1_80' title="bbox 1096 1691 1874 1730">
     <span class='ocr_line' id='line_1_80' title="bbox 1096 1691 1874 1730; baseline -0.006 -8"><span class='ocrx_word' id='word_1_601' title='bbox 1096 1695 1188 1722; x_wconf 71' lang='grc' dir='ltr'>εἰκών.</span> <span class='ocrx_word' id='word_1_602' title='bbox 1205 1695 1361 1730; x_wconf 82' lang='grc' dir='ltr'>Βουληθείσι</span> <span class='ocrx_word' id='word_1_603' title='bbox 1375 1695 1429 1730; x_wconf 83' lang='grc' dir='ltr'><strong>γὰρ</strong></span> <span class='ocrx_word' id='word_1_604' title='bbox 1442 1695 1498 1726; x_wconf 86' lang='grc' dir='ltr'>τοῖς</span> <span class='ocrx_word' id='word_1_605' title='bbox 1511 1693 1650 1728; x_wconf 78' lang='grc' dir='ltr'>ἀγνώμοσι</span> <span class='ocrx_word' id='word_1_606' title='bbox 1665 1692 1718 1729; x_wconf 79' lang='grc' dir='ltr'>τὴν</span> <span class='ocrx_word' id='word_1_607' title='bbox 1729 1693 1818 1719; x_wconf 75' lang='grc' dir='ltr'>εἰκόνα</span> <span class='ocrx_word' id='word_1_608' title='bbox 1828 1691 1874 1718; x_wconf 69' lang='lat' dir='ltr'><strong>83i—</strong></span> 
     </span>
    </p>
   </div>
   <div class='ocr_carea' id='block_1_81' title="bbox 1097 1737 1875 1775">
    <p class='ocr_par' dir='ltr' id='par_1_81' title="bbox 1097 1737 1875 1775">
     <span class='ocr_line' id='line_1_81' title="bbox 1097 1737 1875 1775; baseline -0.006 -8"><span class='ocrx_word' id='word_1_609' title='bbox 1097 1740 1140 1773; x_wconf 79' lang='grc' dir='ltr'>ξαι</span> <span class='ocrx_word' id='word_1_610' title='bbox 1154 1740 1292 1775; x_wconf 79' lang='grc' dir='ltr'>ἀλήθειαν,</span> <span class='ocrx_word' id='word_1_611' title='bbox 1312 1739 1359 1775; x_wconf 84' lang='grc' dir='ltr'>τὴν</span> <span class='ocrx_word' id='word_1_612' title='bbox 1373 1739 1400 1766; x_wconf 78' lang='grc' dir='ltr'><strong>δὲ</strong></span> <span class='ocrx_word' id='word_1_613' title='bbox 1421 1739 1508 1774; x_wconf 85' lang='grc' dir='ltr'>ἁληθῆ</span> <span class='ocrx_word' id='word_1_614' title='bbox 1523 1737 1638 1773; x_wconf 77' lang='grc' dir='ltr'>οἴκησιν,</span> <span class='ocrx_word' id='word_1_615' title='bbox 1663 1738 1700 1772; x_wconf 72' lang='grc' dir='ltr'><strong>ἢν</strong></span> <span class='ocrx_word' id='word_1_616' title='bbox 1719 1738 1767 1764; x_wconf 76' lang='grc' dir='ltr'><strong>καὶ</strong></span> <span class='ocrx_word' id='word_1_617' title='bbox 1788 1737 1875 1763; x_wconf 66' lang='grc' dir='ltr'>ἕνωσιν</span> 
     </span>
    </p>
   </div>
   <div class='ocr_carea' id='block_1_82' title="bbox 1097 1780 1873 1820">
    <p class='ocr_par' dir='ltr' id='par_1_82' title="bbox 1097 1780 1873 1820">
     <span class='ocr_line' id='line_1_82' title="bbox 1097 1780 1873 1820; baseline -0.005 -8"><span class='ocrx_word' id='word_1_618' title='bbox 1097 1786 1189 1820; x_wconf 82' lang='grc' dir='ltr'>σαφῶς</span> <span class='ocrx_word' id='word_1_619' title='bbox 1206 1785 1385 1820; x_wconf 82' lang='grc' dir='ltr'>πιστεύομεν,</span> <span class='ocrx_word' id='word_1_620' title='bbox 1402 1783 1526 1811; x_wconf 83' lang='grc' dir='ltr'>καθελεῖν</span> <span class='ocrx_word' id='word_1_621' title='bbox 1539 1803 1546 1815; x_wconf 91' lang='grc'><strong>,</strong></span> <span class='ocrx_word' id='word_1_622' title='bbox 1571 1782 1620 1810; x_wconf 86' lang='grc' dir='ltr'><strong>ούκ</strong></span> <span class='ocrx_word' id='word_1_623' title='bbox 1641 1782 1807 1818; x_wconf 71' lang='grc' dir='ltr'>ἠπείλησεν*</span> <span class='ocrx_word' id='word_1_624' title='bbox 1823 1780 1873 1808; x_wconf 68' lang='grc' dir='ltr'>ἀλλ’</span> 
     </span>
    </p>
   </div>
   <div class='ocr_carea' id='block_1_83' title="bbox 1096 1827 1873 1864">
    <p class='ocr_par' dir='ltr' id='par_1_83' title="bbox 1096 1827 1873 1864">
     <span class='ocr_line' id='line_1_83' title="bbox 1096 1827 1873 1864; baseline -0.008 -5"><span class='ocrx_word' id='word_1_625' title='bbox 1096 1832 1188 1864; x_wconf 79' lang='grc' dir='ltr'>εἰδὼς,</span> <span class='ocrx_word' id='word_1_626' title='bbox 1211 1832 1249 1864; x_wconf 84' lang='grc' dir='ltr'><strong>ὡς</strong></span> <span class='ocrx_word' id='word_1_627' title='bbox 1270 1831 1347 1858; x_wconf 73' lang='grc' dir='ltr'>αὐτοὶ</span> <span class='ocrx_word' id='word_1_628' title='bbox 1370 1830 1429 1856; x_wconf 86' lang='grc' dir='ltr'>καθ’</span> <span class='ocrx_word' id='word_1_629' title='bbox 1448 1829 1552 1856; x_wconf 80' lang='grc' dir='ltr'>ἑαυτῶν</span> <span class='ocrx_word' id='word_1_630' title='bbox 1575 1829 1712 1864; x_wconf 63' lang='grc' dir='ltr'>τολμῶσι,</span> <span class='ocrx_word' id='word_1_631' title='bbox 1737 1828 1816 1863; x_wconf 73' lang='grc' dir='ltr'>φησὶν</span> <span class='ocrx_word' id='word_1_632' title='bbox 1831 1827 1873 1853; x_wconf 90' lang='grc' dir='ltr'>αύ-</span> 
     </span>
    </p>
   </div>
   <div class='ocr_carea' id='block_1_84' title="bbox 1095 1872 1873 1914">
    <p class='ocr_par' dir='ltr' id='par_1_84' title="bbox 1095 1872 1873 1914">
     <span class='ocr_line' id='line_1_84' title="bbox 1095 1872 1873 1914; baseline -0.01 -8"><span class='ocrx_word' id='word_1_633' title='bbox 1095 1880 1151 1910; x_wconf 79' lang='grc' dir='ltr'><strong>τοῖς</strong></span> <span class='ocrx_word' id='word_1_634' title='bbox 1165 1878 1220 1914; x_wconf 73' lang='grc'><strong>(45)</strong></span> <span class='ocrx_word' id='word_1_635' title='bbox 1231 1886 1239 1893; x_wconf 86' lang='grc'><strong>·</strong></span> <span class='ocrx_word' id='word_1_636' title='bbox 1250 1878 1370 1904; x_wconf 81' lang='grc' dir='ltr'>Λύσατε</span> <span class='ocrx_word' id='word_1_637' title='bbox 1382 1875 1436 1902; x_wconf 78' lang='grc' dir='ltr'><strong>τὸν</strong></span> <span class='ocrx_word' id='word_1_638' title='bbox 1449 1874 1522 1902; x_wconf 76' lang='grc' dir='ltr'><strong>ναὸν</strong></span> <span class='ocrx_word' id='word_1_639' title='bbox 1537 1874 1653 1907; x_wconf 83' lang='grc' dir='ltr'>τοῦτον,</span> <span class='ocrx_word' id='word_1_640' title='bbox 1671 1873 1722 1900; x_wconf 73' lang='grc' dir='ltr'>καὶ</span> <span class='ocrx_word' id='word_1_641' title='bbox 1734 1874 1769 1900; x_wconf 78' lang='grc' dir='ltr'><strong>ἐν</strong></span> <span class='ocrx_word' id='word_1_642' title='bbox 1782 1872 1873 1907; x_wconf 68' lang='grc' dir='ltr'>τρισὶν</span> 
     </span>
    </p>
   </div>
   <div class='ocr_carea' id='block_1_85' title="bbox 1094 1918 1872 1959">
    <p class='ocr_par' dir='ltr' id='par_1_85' title="bbox 1094 1918 1872 1959">
     <span class='ocr_line' id='line_1_85' title="bbox 1094 1918 1872 1959; baseline -0.01 -8"><span class='ocrx_word' id='word_1_643' title='bbox 1094 1925 1216 1959; x_wconf 76' lang='grc' dir='ltr'>ἡμέραις</span> <span class='ocrx_word' id='word_1_644' title='bbox 1239 1921 1329 1957; x_wconf 78' lang='grc' dir='ltr'>ἐγερῶ</span> <span class='ocrx_word' id='word_1_645' title='bbox 1348 1921 1442 1948; x_wconf 81' lang='grc' dir='ltr'>αὐτόν</span> <span class='ocrx_word' id='word_1_646' title='bbox 1456 1929 1463 1936; x_wconf 94' lang='grc'><strong>·</strong></span> <span class='ocrx_word' id='word_1_647' title='bbox 1488 1919 1585 1954; x_wconf 78' lang='grc' dir='ltr'>σαφῶς</span> <span class='ocrx_word' id='word_1_648' title='bbox 1594 1919 1702 1950; x_wconf 73' lang='grc' dir='ltr'>δεικνὺς</span> <span class='ocrx_word' id='word_1_649' title='bbox 1715 1920 1730 1944; x_wconf 85' lang='grc' dir='ltr'>ό</span> <span class='ocrx_word' id='word_1_650' title='bbox 1749 1918 1872 1954; x_wconf 84' lang='grc' dir='ltr'>ἡμέτερος</span> 
     </span>
    </p>
   </div>
   <div class='ocr_carea' id='block_1_86' title="bbox 1095 1963 1872 2004">
    <p class='ocr_par' dir='ltr' id='par_1_86' title="bbox 1095 1963 1872 2004">
     <span class='ocr_line' id='line_1_86' title="bbox 1095 1963 1872 2004; baseline -0.009 -8"><span class='ocrx_word' id='word_1_651' title='bbox 1095 1969 1200 2004; x_wconf 85' lang='grc' dir='ltr'>Σωτὴρ,</span> <span class='ocrx_word' id='word_1_652' title='bbox 1215 1968 1252 1999; x_wconf 86' lang='grc' dir='ltr'>ὡς</span> <span class='ocrx_word' id='word_1_653' title='bbox 1271 1966 1306 1994; x_wconf 83' lang='grc' dir='ltr'><strong>τὰ</strong></span> <span class='ocrx_word' id='word_1_654' title='bbox 1324 1966 1391 2001; x_wconf 78' lang='grc' dir='ltr'>πρὸς</span> <span class='ocrx_word' id='word_1_655' title='bbox 1413 1964 1563 2001; x_wconf 81' lang='grc' dir='ltr'>ἀνθρώπων</span> <span class='ocrx_word' id='word_1_656' title='bbox 1586 1963 1791 2000; x_wconf 74' lang='grc' dir='ltr'>σπουδαζόμενα</span> <span class='ocrx_word' id='word_1_657' title='bbox 1804 1983 1811 1995; x_wconf 90' lang='grc'><strong>,</strong></span> <span class='ocrx_word' id='word_1_658' title='bbox 1830 1963 1872 1989; x_wconf 78' lang='grc' dir='ltr'><strong>αὑ-</strong></span> 
     </span>
    </p>
   </div>
   <div class='ocr_carea' id='block_1_87' title="bbox 1093 2009 1871 2049">
    <p class='ocr_par' dir='ltr' id='par_1_87' title="bbox 1093 2009 1871 2049">
     <span class='ocr_line' id='line_1_87' title="bbox 1093 2009 1871 2049; baseline -0.009 -7"><span class='ocrx_word' id='word_1_659' title='bbox 1093 2015 1170 2042; x_wconf 77' lang='grc' dir='ltr'>τόθεν</span> <span class='ocrx_word' id='word_1_660' title='bbox 1187 2014 1243 2049; x_wconf 75' lang='grc' dir='ltr'>ἔχει</span> <span class='ocrx_word' id='word_1_661' title='bbox 1256 2014 1305 2049; x_wconf 85' lang='grc' dir='ltr'>τὴν</span> <span class='ocrx_word' id='word_1_662' title='bbox 1324 2012 1454 2039; x_wconf 76' lang='grc' dir='ltr'>διάλυσιν.</span> <span class='ocrx_word' id='word_1_663' title='bbox 1479 2010 1541 2038; x_wconf 86' lang='grc' dir='ltr'><strong>Ἐὰν</strong></span> <span class='ocrx_word' id='word_1_664' title='bbox 1563 2010 1617 2046; x_wconf 82' lang='grc' dir='ltr'><strong>γὰρ</strong></span> <span class='ocrx_word' id='word_1_665' title='bbox 1632 2009 1668 2045; x_wconf 80' lang='grc' dir='ltr'><strong>μὴ</strong></span> <span class='ocrx_word' id='word_1_666' title='bbox 1687 2010 1791 2045; x_wconf 84' lang='grc' dir='ltr'>Κύριος</span> <span class='ocrx_word' id='word_1_667' title='bbox 1805 2010 1871 2035; x_wconf 60' lang='grc' dir='ltr'>οικφ</span> 
     </span>
    </p>
   </div>
   <div class='ocr_carea' id='block_1_88' title="bbox 1094 2053 1870 2097">
    <p class='ocr_par' dir='ltr' id='par_1_88' title="bbox 1094 2053 1870 2097">
     <span class='ocr_line' id='line_1_88' title="bbox 1094 2053 1870 2097; baseline -0.012 -9"><span class='ocrx_word' id='word_1_668' title='bbox 1094 2061 1199 2097; x_wconf 81' lang='grc' dir='ltr'>δομήσῃ</span> <span class='ocrx_word' id='word_1_669' title='bbox 1210 2058 1293 2092; x_wconf 87' lang='grc' dir='ltr'>οἷκον,</span> <span class='ocrx_word' id='word_1_670' title='bbox 1309 2059 1355 2086; x_wconf 72' lang='grc' dir='ltr'>καὶ</span> <span class='ocrx_word' id='word_1_671' title='bbox 1374 2057 1479 2093; x_wconf 78' lang='grc' dir='ltr'>φυλάξῃ</span> <span class='ocrx_word' id='word_1_672' title='bbox 1496 2056 1584 2087; x_wconf 87' lang='grc' dir='ltr'>πόλιν,</span> <span class='ocrx_word' id='word_1_673' title='bbox 1604 2056 1644 2087; x_wconf 80' lang='grc' dir='ltr'>εἰς</span> <span class='ocrx_word' id='word_1_674' title='bbox 1659 2055 1750 2090; x_wconf 83' lang='grc' dir='ltr'>μάτην</span> <span class='ocrx_word' id='word_1_675' title='bbox 1765 2053 1870 2081; x_wconf 75' lang='grc' dir='ltr'>ἐκοπία-</span> 
     </span>
    </p>
   </div>
   <div class='ocr_carea' id='block_1_89' title="bbox 1096 2100 1870 2141">
    <p class='ocr_par' dir='ltr' id='par_1_89' title="bbox 1096 2100 1870 2141">
     <span class='ocr_line' id='line_1_89' title="bbox 1096 2100 1870 2141; baseline -0.01 -7"><span class='ocrx_word' id='word_1_676' title='bbox 1096 2116 1145 2134; x_wconf 82' lang='grc' dir='ltr'><strong>σαν</strong></span> <span class='ocrx_word' id='word_1_677' title='bbox 1157 2108 1181 2134; x_wconf 74' lang='grc' dir='ltr'>οἱ</span> <span class='ocrx_word' id='word_1_678' title='bbox 1197 2105 1411 2141; x_wconf 77' lang='grc' dir='ltr'>οἰκοδομοῦντες,</span> <span class='ocrx_word' id='word_1_679' title='bbox 1426 2104 1473 2130; x_wconf 69' lang='grc' dir='ltr'>καὶ</span> <span class='ocrx_word' id='word_1_680' title='bbox 1491 2101 1669 2138; x_wconf 74' lang='grc' dir='ltr'>ἠγρύπνησαν</span> <span class='ocrx_word' id='word_1_681' title='bbox 1689 2102 1713 2128; x_wconf 78' lang='grc' dir='ltr'>οἱ</span> <span class='ocrx_word' id='word_1_682' title='bbox 1729 2100 1870 2135; x_wconf 82' lang='grc' dir='ltr'>φυλάσσον-</span> 
     </span>
    </p>
   </div>
   <div class='ocr_carea' id='block_1_90' title="bbox 1093 2145 1871 2186">
    <p class='ocr_par' dir='ltr' id='par_1_90' title="bbox 1093 2145 1871 2186">
     <span class='ocr_line' id='line_1_90' title="bbox 1093 2145 1871 2186; baseline -0.012 -5"><span class='ocrx_word' id='word_1_683' title='bbox 1093 2163 1147 2186; x_wconf 85' lang='grc' dir='ltr'>τες.</span> <span class='ocrx_word' id='word_1_684' title='bbox 1163 2153 1203 2180; x_wconf 82' lang='grc' dir='ltr'><strong>Τὰ</strong></span> <span class='ocrx_word' id='word_1_685' title='bbox 1214 2152 1303 2179; x_wconf 82' lang='grc' dir='ltr'>τοίνυν</span> <span class='ocrx_word' id='word_1_686' title='bbox 1318 2152 1373 2177; x_wconf 83' lang='grc' dir='ltr'><strong>τῶν</strong></span> <span class='ocrx_word' id='word_1_687' title='bbox 1384 2149 1439 2185; x_wconf 68' lang='grc'><strong>(46)</strong></span> <span class='ocrx_word' id='word_1_688' title='bbox 1462 2148 1594 2175; x_wconf 84' lang='grc' dir='ltr'>Ἰουδαίων</span> <span class='ocrx_word' id='word_1_689' title='bbox 1610 2147 1731 2174; x_wconf 82' lang='grc' dir='ltr'>λέλυται·</span> <span class='ocrx_word' id='word_1_690' title='bbox 1751 2147 1812 2174; x_wconf 78' lang='grc' dir='ltr'>σκιὰ</span> <span class='ocrx_word' id='word_1_691' title='bbox 1822 2145 1871 2180; x_wconf 81' lang='grc' dir='ltr'>γὰρ</span> 
     </span>
    </p>
   </div>
   <div class='ocr_carea' id='block_1_91' title="bbox 259 2192 1048 2239">
    <p class='ocr_par' dir='ltr' id='par_1_91' title="bbox 259 2199 1043 2238">
     <span class='ocr_line' id='line_1_91' title="bbox 259 2199 1043 2238; baseline -0.001 -10"><span class='ocrx_word' id='word_1_692' title='bbox 259 2201 347 2238; x_wconf 72' lang='lat' dir='ltr'><strong>gilant</strong></span> <span class='ocrx_word' id='word_1_693' title='bbox 366 2201 550 2228; x_wconf 84' lang='lat' dir='ltr'><strong>custodientes</strong></span> <span class='ocrx_word' id='word_1_694' title='bbox 568 2200 603 2227; x_wconf 66' lang='grc' dir='ltr'><strong>ι’.</strong></span> <span class='ocrx_word' id='word_1_695' title='bbox 618 2199 711 2234; x_wconf 91' lang='lat' dir='ltr'><strong>Itaque</strong></span> <span class='ocrx_word' id='word_1_696' title='bbox 731 2207 792 2235; x_wconf 61' lang='lat' dir='ltr'><strong>qua</strong></span> <span class='ocrx_word' id='word_1_697' title='bbox 811 2200 920 2235; x_wconf 84' lang='lat' dir='ltr'><strong>quidem</strong></span> <span class='ocrx_word' id='word_1_698' title='bbox 935 2199 1043 2227; x_wconf 71' lang='lat' dir='ltr'><strong>Judteo-</strong></span> 
     </span>
    </p>
   </div>
   <div class='ocr_carea' id='block_1_92' title="bbox 1100 2192 1871 2239">
    <p class='ocr_par' dir='ltr' id='par_1_92' title="bbox 1100 2192 1871 2239">
     <span class='ocr_line' id='line_1_92' title="bbox 1100 2192 1871 2239; baseline -0.012 -13"><span class='ocrx_word' id='word_1_699' title='bbox 1100 2198 1142 2236; x_wconf 66' lang='grc' dir='ltr'><strong>ἦν’</strong></span> <span class='ocrx_word' id='word_1_700' title='bbox 1162 2199 1196 2225; x_wconf 78' lang='grc' dir='ltr'>τὰ</span> <span class='ocrx_word' id='word_1_701' title='bbox 1211 2199 1239 2224; x_wconf 83' lang='grc' dir='ltr'><strong>δὲ</strong></span> <span class='ocrx_word' id='word_1_702' title='bbox 1261 2197 1311 2231; x_wconf 82' lang='grc' dir='ltr'>τῆς</span> <span class='ocrx_word' id='word_1_703' title='bbox 1334 2194 1496 2230; x_wconf 80' lang='grc' dir='ltr'>Ἐκκλησίας</span> <span class='ocrx_word' id='word_1_704' title='bbox 1517 2194 1667 2229; x_wconf 75' lang='grc' dir='ltr'>ἧδρασται·</span> <span class='ocrx_word' id='word_1_705' title='bbox 1685 2192 1871 2239; x_wconf 55' lang='grc' dir='ltr'>τεθεμελίωται</span> 
     </span>
    </p>
   </div>
   <div class='ocr_carea' id='block_1_93' title="bbox 258 2230 1048 2282">
    <p class='ocr_par' dir='ltr' id='par_1_93' title="bbox 258 2230 1044 2282">
     <span class='ocr_line' id='line_1_93' title="bbox 258 2230 1044 2282; baseline -0.003 -7"><span class='ocrx_word' id='word_1_706' title='bbox 258 2230 321 2276; x_wconf 60' lang='grc' dir='ltr'>ἶυω</span> <span class='ocrx_word' id='word_1_707' title='bbox 332 2250 419 2279; x_wconf 86' lang='lat' dir='ltr'><strong>erant,</strong></span> <span class='ocrx_word' id='word_1_708' title='bbox 435 2246 542 2282; x_wconf 88' lang='lat' dir='ltr'><strong>penitus</strong></span> <span class='ocrx_word' id='word_1_709' title='bbox 555 2251 620 2273; x_wconf 86' lang='lat' dir='ltr'><strong>sunt</strong></span> <span class='ocrx_word' id='word_1_710' title='bbox 633 2230 776 2278; x_wconf 74' lang='lat' dir='ltr'><strong>dissoluta,</strong></span> <span class='ocrx_word' id='word_1_711' title='bbox 788 2230 887 2280; x_wconf 76' lang='lat' dir='ltr'><strong>quippe</strong></span> <span class='ocrx_word' id='word_1_712' title='bbox 899 2253 959 2273; x_wconf 91' lang='lat' dir='ltr'><strong>cum</strong></span> <span class='ocrx_word' id='word_1_713' title='bbox 975 2254 1044 2273; x_wconf 92' lang='lat' dir='ltr'><strong>non-</strong></span> 
     </span>
    </p>
   </div>
   <div class='ocr_carea' id='block_1_94' title="bbox 1100 2230 1870 2282">
    <p class='ocr_par' dir='ltr' id='par_1_94' title="bbox 1100 2230 1870 2281">
     <span class='ocr_line' id='line_1_94' title="bbox 1100 2230 1870 2281; baseline -0.012 -9"><span class='ocrx_word' id='word_1_714' title='bbox 1100 2230 1150 2281; x_wconf 59' lang='grc' dir='ltr'><strong>γὰρ</strong></span> <span class='ocrx_word' id='word_1_715' title='bbox 1166 2245 1212 2272; x_wconf 74' lang='grc' dir='ltr'><strong>ἐπὶ</strong></span> <span class='ocrx_word' id='word_1_716' title='bbox 1225 2244 1275 2279; x_wconf 86' lang='grc' dir='ltr'><strong>τὴν</strong></span> <span class='ocrx_word' id='word_1_717' title='bbox 1287 2230 1399 2278; x_wconf 74' lang='grc' dir='ltr'>πέτραν,</span> <span class='ocrx_word' id='word_1_718' title='bbox 1414 2241 1461 2267; x_wconf 64' lang='grc' dir='ltr'><strong>καὶ¹</strong></span> <span class='ocrx_word' id='word_1_719' title='bbox 1478 2240 1560 2266; x_wconf 72' lang='grc' dir='ltr'>πύλαι</span> <span class='ocrx_word' id='word_1_720' title='bbox 1573 2239 1636 2275; x_wconf 76' lang='grc' dir='ltr'>ᾅδου</span> <span class='ocrx_word' id='word_1_721' title='bbox 1650 2239 1680 2265; x_wconf 83' lang='grc' dir='ltr'>οὖ</span> <span class='ocrx_word' id='word_1_722' title='bbox 1696 2230 1870 2273; x_wconf 66' lang='grc' dir='ltr'>κατισχύσου-</span> 
     </span>
    </p>
   </div>
   <div class='ocr_carea' id='block_1_95' title="bbox 258 2290 1043 2324">
    <p class='ocr_par' dir='ltr' id='par_1_95' title="bbox 258 2290 1043 2324">
     <span class='ocr_line' id='line_1_95' title="bbox 258 2290 1043 2324; baseline -0.004 -3"><span class='ocrx_word' id='word_1_723' title='bbox 258 2293 313 2322; x_wconf 86' lang='lat' dir='ltr'><strong>nisi</strong></span> <span class='ocrx_word' id='word_1_724' title='bbox 329 2293 426 2321; x_wconf 90' lang='lat' dir='ltr'><strong>umbra</strong></span> <span class='ocrx_word' id='word_1_725' title='bbox 443 2297 533 2320; x_wconf 86' lang='lat' dir='ltr'><strong>essent</strong></span> <span class='ocrx_word' id='word_1_726' title='bbox 546 2301 553 2319; x_wconf 92' lang='lat'>:</span> <span class='ocrx_word' id='word_1_727' title='bbox 570 2293 675 2319; x_wconf 85' lang='lat' dir='ltr'><strong>ﬁrmata</strong></span> <span class='ocrx_word' id='word_1_728' title='bbox 691 2296 781 2318; x_wconf 81' lang='lat' dir='ltr'><strong>autem</strong></span> <span class='ocrx_word' id='word_1_729' title='bbox 795 2296 838 2319; x_wconf 84' lang='lat' dir='ltr'><strong>est</strong></span> <span class='ocrx_word' id='word_1_730' title='bbox 851 2290 981 2324; x_wconf 86' lang='lat' dir='ltr'><strong>Ecclesia,</strong></span> <span class='ocrx_word' id='word_1_731' title='bbox 999 2296 1043 2319; x_wconf 92' lang='lat' dir='ltr'><strong>ut-</strong></span> 
     </span>
    </p>
   </div>
   <div class='ocr_carea' id='block_1_96' title="bbox 259 2337 1042 2375">
    <p class='ocr_par' dir='ltr' id='par_1_96' title="bbox 259 2337 1042 2375">
     <span class='ocr_line' id='line_1_96' title="bbox 259 2337 1042 2375; baseline -0.004 -8"><span class='ocrx_word' id='word_1_732' title='bbox 259 2344 321 2375; x_wconf 86' lang='lat' dir='ltr'><strong>pote</strong></span> <span class='ocrx_word' id='word_1_733' title='bbox 337 2347 398 2375; x_wconf 67' lang='lat' dir='ltr'><strong>qua:</strong></span> <span class='ocrx_word' id='word_1_734' title='bbox 418 2339 445 2366; x_wconf 93' lang='lat' dir='ltr'><strong>in</strong></span> <span class='ocrx_word' id='word_1_735' title='bbox 460 2342 537 2374; x_wconf 87' lang='lat' dir='ltr'><strong>petra</strong></span> <span class='ocrx_word' id='word_1_736' title='bbox 554 2337 665 2365; x_wconf 73' lang='lat' dir='ltr'><strong>fundata</strong></span> <span class='ocrx_word' id='word_1_737' title='bbox 682 2342 738 2370; x_wconf 77' lang='lat' dir='ltr'><strong>est;</strong></span> <span class='ocrx_word' id='word_1_738' title='bbox 752 2344 840 2372; x_wconf 87' lang='lat' dir='ltr'><strong>neque</strong></span> <span class='ocrx_word' id='word_1_739' title='bbox 857 2341 942 2372; x_wconf 79' lang='lat' dir='ltr'><strong>portae</strong></span> <span class='ocrx_word' id='word_1_740' title='bbox 962 2337 1042 2365; x_wconf 84' lang='lat' dir='ltr'><strong>interi</strong></span> 
     </span>
    </p>
   </div>
   <div class='ocr_carea' id='block_1_97' title="bbox 295 2394 1064 2430">
    <p class='ocr_par' dir='ltr' id='par_1_97' title="bbox 295 2394 1064 2430">
     <span class='ocr_line' id='line_1_97' title="bbox 295 2394 1064 2430; baseline 0 -7"><span class='ocrx_word' id='word_1_741' title='bbox 295 2395 318 2412; x_wconf 68' lang='grc' dir='ltr'>δ’</span> <span class='ocrx_word' id='word_1_742' title='bbox 333 2395 412 2423; x_wconf 78' lang='lat' dir='ltr'><strong>Joan.</strong></span> <span class='ocrx_word' id='word_1_743' title='bbox 428 2403 447 2428; x_wconf 82' lang='grc' dir='ltr'><strong>ι,</strong></span> <span class='ocrx_word' id='word_1_744' title='bbox 460 2395 517 2422; x_wconf 75' lang='grc'><strong>1-5.</strong></span> <span class='ocrx_word' id='word_1_745' title='bbox 555 2394 579 2411; x_wconf 75' lang='grc'><strong>⁸³</strong></span> <span class='ocrx_word' id='word_1_746' title='bbox 592 2394 689 2423; x_wconf 83' lang='lat' dir='ltr'><strong>Matth.</strong></span> <span class='ocrx_word' id='word_1_747' title='bbox 705 2403 746 2429; x_wconf 91' lang='grc' dir='ltr'>ιιι,</span> <span class='ocrx_word' id='word_1_748' title='bbox 762 2395 806 2422; x_wconf 79' lang='grc'><strong>17.</strong></span> <span class='ocrx_word' id='word_1_749' title='bbox 845 2394 869 2411; x_wconf 72' lang='grc'><strong>⁸⁵</strong></span> <span class='ocrx_word' id='word_1_750' title='bbox 884 2394 966 2423; x_wconf 81' lang='lat' dir='ltr'><strong>Prov.</strong></span> <span class='ocrx_word' id='word_1_751' title='bbox 979 2404 1018 2430; x_wconf 81' lang='lat' dir='ltr'><strong>ix,</strong></span> <span class='ocrx_word' id='word_1_752' title='bbox 1039 2396 1064 2423; x_wconf 80' lang='grc' dir='ltr'><strong>Ι.</strong></span> 
     </span>
    </p>
   </div>
   <div class='ocr_carea' id='block_1_98' title="bbox 258 2439 515 2473">
    <p class='ocr_par' dir='ltr' id='par_1_98' title="bbox 258 2439 515 2473">
     <span class='ocr_line' id='line_1_98' title="bbox 258 2439 515 2473; baseline 0 -5"><span class='ocrx_word' id='word_1_753' title='bbox 258 2441 282 2458; x_wconf 74' lang='grc'><strong>⁸⁸</strong></span> <span class='ocrx_word' id='word_1_754' title='bbox 292 2440 366 2469; x_wconf 85' lang='lat' dir='ltr'><strong>Psal.</strong></span> <span class='ocrx_word' id='word_1_755' title='bbox 381 2448 473 2473; x_wconf 77' lang='lat' dir='ltr'><strong>cnvt,</strong></span> <span class='ocrx_word' id='word_1_756' title='bbox 489 2439 515 2468; x_wconf 85' lang='grc' dir='ltr'>ι.</span> 
     </span>
    </p>
   </div>
   <div class='ocr_carea' id='block_1_99' title="bbox 295 2495 1040 2538">
    <p class='ocr_par' dir='ltr' id='par_1_99' title="bbox 295 2495 1040 2538">
     <span class='ocr_line' id='line_1_99' title="bbox 295 2495 1040 2538; baseline -0.004 -12"><span class='ocrx_word' id='word_1_757' title='bbox 295 2497 353 2538; x_wconf 59' lang='grc' dir='ltr'><strong>(55ὶ</strong></span> <span class='ocrx_word' id='word_1_758' title='bbox 370 2497 483 2538; x_wconf 54' lang='grc' dir='ltr'>ῐξεειυῖ,</span> <span class='ocrx_word' id='word_1_759' title='bbox 498 2495 656 2538; x_wconf 63' lang='lat' dir='ltr'><strong>Seguerian.</strong></span> <span class='ocrx_word' id='word_1_760' title='bbox 667 2496 748 2538; x_wconf 60' lang='lat' dir='ltr'><strong>Basil.</strong></span> <span class='ocrx_word' id='word_1_761' title='bbox 766 2497 870 2538; x_wconf 70' lang='lat' dir='ltr'><strong>Anglic.</strong></span> <span class='ocrx_word' id='word_1_762' title='bbox 890 2501 917 2538; x_wconf 78' lang='lat' dir='ltr'><strong>et</strong></span> <span class='ocrx_word' id='word_1_763' title='bbox 931 2496 1040 2524; x_wconf 82' lang='lat' dir='ltr'><strong>Gobler.</strong></span> 
     </span>
    </p>
   </div>
   <div class='ocr_carea' id='block_1_100' title="bbox 259 2532 1040 2573">
    <p class='ocr_par' dir='ltr' id='par_1_100' title="bbox 259 2532 1040 2573">
     <span class='ocr_line' id='line_1_100' title="bbox 259 2532 1040 2573; baseline -0.001 -14"><span class='ocrx_word' id='word_1_764' title='bbox 259 2532 431 2573; x_wconf 67' lang='grc' dir='ltr'>γεγενῆσθαί.</span> <span class='ocrx_word' id='word_1_765' title='bbox 447 2533 552 2568; x_wconf 58' lang='grc' dir='ltr'>,αξιοι-ἱ</span> <span class='ocrx_word' id='word_1_766' title='bbox 571 2540 634 2560; x_wconf 86' lang='lat' dir='ltr'><strong>cum</strong></span> <span class='ocrx_word' id='word_1_767' title='bbox 653 2533 770 2560; x_wconf 86' lang='lat' dir='ltr'><strong>editione</strong></span> <span class='ocrx_word' id='word_1_768' title='bbox 787 2532 917 2560; x_wconf 81' lang='lat' dir='ltr'><strong>Commel.</strong></span> <span class='ocrx_word' id='word_1_769' title='bbox 945 2540 1040 2566; x_wconf 84' lang='grc' dir='ltr'>γεγεν-</span> 
     </span>
    </p>
   </div>
   <div class='ocr_carea' id='block_1_101' title="bbox 295 2567 1039 2641">
    <p class='ocr_par' dir='ltr' id='par_1_101' title="bbox 295 2567 1039 2641">
     <span class='ocr_line' id='line_1_101' title="bbox 295 2567 1039 2641; baseline -0.001 -12"><span class='ocrx_word' id='word_1_770' title='bbox 295 2567 405 2641; x_wconf 57' lang='lat' dir='ltr'><strong>:Ila</strong></span> <span class='ocrx_word' id='word_1_771' title='bbox 421 2601 530 2641; x_wconf 56' lang='lat' dir='ltr'><strong>Regius,</strong></span> <span class='ocrx_word' id='word_1_772' title='bbox 548 2602 659 2641; x_wconf 75' lang='lat' dir='ltr'><strong>§eguer.</strong></span> <span class='ocrx_word' id='word_1_773' title='bbox 673 2602 754 2629; x_wconf 88' lang='lat' dir='ltr'><strong>Basil.</strong></span> <span class='ocrx_word' id='word_1_774' title='bbox 769 2606 796 2629; x_wconf 93' lang='lat' dir='ltr'><strong>et</strong></span> <span class='ocrx_word' id='word_1_775' title='bbox 814 2601 918 2641; x_wconf 62' lang='lat' dir='ltr'><strong>Anglic.</strong></span> <span class='ocrx_word' id='word_1_776' title='bbox 932 2601 960 2628; x_wconf 94' lang='lat' dir='ltr'><strong>In</strong></span> <span class='ocrx_word' id='word_1_777' title='bbox 967 2602 1039 2641; x_wconf 40' lang='lat' dir='ltr'><strong>Aaliis</strong></span> 
     </span>
    </p>
   </div>
   <div class='ocr_carea' id='block_1_102' title="bbox 257 2637 1036 2673">
    <p class='ocr_par' dir='ltr' id='par_1_102' title="bbox 257 2637 1036 2673">
     <span class='ocr_line' id='line_1_102' title="bbox 257 2637 1036 2673; baseline 0.001 -10"><span class='ocrx_word' id='word_1_778' title='bbox 257 2641 286 2673; x_wconf 81' lang='lat' dir='ltr'><strong>et</strong></span> <span class='ocrx_word' id='word_1_779' title='bbox 302 2637 383 2673; x_wconf 72' lang='lat' dir='ltr'><strong>editis</strong></span> <span class='ocrx_word' id='word_1_780' title='bbox 393 2638 439 2673; x_wconf 78' lang='grc' dir='ltr'><strong>καί</strong></span> <span class='ocrx_word' id='word_1_781' title='bbox 451 2638 536 2665; x_wconf 86' lang='lat' dir='ltr'><strong>deest.</strong></span> <span class='ocrx_word' id='word_1_782' title='bbox 552 2637 614 2664; x_wconf 75' lang='lat' dir='ltr'><strong>Mox</strong></span> <span class='ocrx_word' id='word_1_783' title='bbox 626 2645 692 2665; x_wconf 89' lang='lat' dir='ltr'><strong>mss.</strong></span> <span class='ocrx_word' id='word_1_784' title='bbox 705 2645 811 2670; x_wconf 83' lang='lat' dir='ltr'><strong>omnes,</strong></span> <span class='ocrx_word' id='word_1_785' title='bbox 821 2637 916 2664; x_wconf 81' lang='grc' dir='ltr'>τοῦτον</span> <span class='ocrx_word' id='word_1_786' title='bbox 930 2637 1036 2673; x_wconf 79' lang='grc' dir='ltr'>σαθρω-</span> 
     </span>
    </p>
   </div>
   <div class='ocr_carea' id='block_1_103' title="bbox 259 2671 875 2709">
    <p class='ocr_par' dir='ltr' id='par_1_103' title="bbox 259 2671 875 2709">
     <span class='ocr_line' id='line_1_103' title="bbox 259 2671 875 2709; baseline -0.002 -10"><span class='ocrx_word' id='word_1_787' title='bbox 259 2672 348 2709; x_wconf 55' lang='grc' dir='ltr'>θέντα,</span> <span class='ocrx_word' id='word_1_788' title='bbox 365 2671 445 2709; x_wconf 62' lang='lat' dir='ltr'><strong>lflditi,</strong></span> <span class='ocrx_word' id='word_1_789' title='bbox 462 2673 539 2699; x_wconf 83' lang='grc' dir='ltr'>τοῦτο</span> <span class='ocrx_word' id='word_1_790' title='bbox 552 2673 727 2709; x_wconf 79' lang='grc' dir='ltr'>σαρχωθέντα</span> <span class='ocrx_word' id='word_1_791' title='bbox 737 2672 875 2700; x_wconf 88' lang='lat' dir='ltr'><strong>mendose.</strong></span> 
     </span>
    </p>
   </div>
   <div class='ocr_carea' id='block_1_104' title="bbox 293 2707 623 2742">
    <p class='ocr_par' dir='ltr' id='par_1_104' title="bbox 293 2707 623 2742">
     <span class='ocr_line' id='line_1_104' title="bbox 293 2707 623 2742; baseline 0.006 -10"><span class='ocrx_word' id='word_1_792' title='bbox 293 2707 349 2741; x_wconf 82' lang='lat'><strong>(57)</strong></span> <span class='ocrx_word' id='word_1_793' title='bbox 366 2707 505 2741; x_wconf 79' lang='lat' dir='ltr'><strong>Anglican.</strong></span> <span class='ocrx_word' id='word_1_794' title='bbox 519 2707 623 2742; x_wconf 81' lang='grc' dir='ltr'>ἀνάγοι.</span> 
     </span>
    </p>
   </div>
   <div class='ocr_carea' id='block_1_105' title="bbox 306 2741 517 2776">
    <p class='ocr_par' dir='ltr' id='par_1_105' title="bbox 306 2741 517 2776">
     <span class='ocr_line' id='line_1_105' title="bbox 306 2741 517 2776; baseline 0.009 -9"><span class='ocrx_word' id='word_1_795' title='bbox 306 2741 351 2776; x_wconf 71' lang='grc'><strong>58)</strong></span> <span class='ocrx_word' id='word_1_796' title='bbox 363 2743 466 2776; x_wconf 75' lang='lat' dir='ltr'><strong>Anglic.</strong></span> <span class='ocrx_word' id='word_1_797' title='bbox 478 2743 517 2770; x_wconf 78' lang='grc' dir='ltr'><strong>δέ.</strong></span> 
     </span>
    </p>
   </div>
   <div class='ocr_carea' id='block_1_106' title="bbox 306 2776 1039 2821">
    <p class='ocr_par' dir='ltr' id='par_1_106' title="bbox 306 2776 1039 2821">
     <span class='ocr_line' id='line_1_106' title="bbox 306 2776 1039 2821; baseline 0.001 -19"><span class='ocrx_word' id='word_1_798' title='bbox 306 2777 351 2811; x_wconf 70' lang='grc'><strong>59)</strong></span> <span class='ocrx_word' id='word_1_799' title='bbox 366 2776 411 2803; x_wconf 87' lang='lat' dir='ltr'><strong>Sic</strong></span> <span class='ocrx_word' id='word_1_800' title='bbox 426 2777 527 2811; x_wconf 74' lang='lat' dir='ltr'><strong>Regius</strong></span> <span class='ocrx_word' id='word_1_801' title='bbox 539 2782 566 2805; x_wconf 88' lang='lat' dir='ltr'><strong>et</strong></span> <span class='ocrx_word' id='word_1_802' title='bbox 578 2777 689 2812; x_wconf 75' lang='lat' dir='ltr'><strong>Seguer.</strong></span> <span class='ocrx_word' id='word_1_803' title='bbox 711 2777 740 2805; x_wconf 89' lang='lat' dir='ltr'><strong>In</strong></span> <span class='ocrx_word' id='word_1_804' title='bbox 753 2778 814 2821; x_wconf 80' lang='lat' dir='ltr'><strong>aliis</strong></span> <span class='ocrx_word' id='word_1_805' title='bbox 831 2782 857 2806; x_wconf 86' lang='lat' dir='ltr'><strong>et</strong></span> <span class='ocrx_word' id='word_1_806' title='bbox 871 2776 949 2806; x_wconf 87' lang='lat' dir='ltr'><strong>editis</strong></span> <span class='ocrx_word' id='word_1_807' title='bbox 964 2776 1039 2804; x_wconf 80' lang='lat' dir='ltr'><strong>deest</strong></span> 
     </span>
    </p>
   </div>
   <div class='ocr_carea' id='block_1_107' title="bbox 259 2820 783 2884">
    <p class='ocr_par' dir='ltr' id='par_1_107' title="bbox 259 2820 783 2884">
     <span class='ocr_line' id='line_1_107' title="bbox 259 2820 783 2884; baseline -0.002 -9"><span class='ocrx_word' id='word_1_808' title='bbox 259 2820 349 2884; x_wconf 58' lang='grc' dir='ltr'><strong>καξὶο)</strong></span> <span class='ocrx_word' id='word_1_809' title='bbox 367 2847 420 2875; x_wconf 75' lang='grc' dir='ltr'><strong>Τοῦ</strong></span> <span class='ocrx_word' id='word_1_810' title='bbox 435 2847 536 2875; x_wconf 78' lang='lat' dir='ltr'><strong>abcsta</strong></span> <span class='ocrx_word' id='word_1_811' title='bbox 553 2848 617 2882; x_wconf 60' lang='lat' dir='ltr'><strong>Reg.</strong></span> <span class='ocrx_word' id='word_1_812' title='bbox 631 2853 658 2876; x_wconf 89' lang='lat' dir='ltr'><strong>et</strong></span> <span class='ocrx_word' id='word_1_813' title='bbox 672 2846 783 2879; x_wconf 77' lang='lat' dir='ltr'><strong>Seguer.</strong></span> 
     </span>
    </p>
   </div>
   <div class='ocr_carea' id='block_1_108' title="bbox 1096 2284 1870 2325">
    <p class='ocr_par' dir='ltr' id='par_1_108' title="bbox 1096 2284 1870 2325">
     <span class='ocr_line' id='line_1_108' title="bbox 1096 2284 1870 2325; baseline -0.012 -7"><span class='ocrx_word' id='word_1_814' title='bbox 1096 2300 1138 2318; x_wconf 85' lang='grc' dir='ltr'><strong>σιν</strong></span> <span class='ocrx_word' id='word_1_815' title='bbox 1149 2290 1241 2325; x_wconf 83' lang='grc' dir='ltr'>αὐτῆς.</span> <span class='ocrx_word' id='word_1_816' title='bbox 1264 2288 1389 2315; x_wconf 82' lang='grc' dir='ltr'>Ἐκείνων</span> <span class='ocrx_word' id='word_1_817' title='bbox 1406 2285 1440 2322; x_wconf 77' lang='grc' dir='ltr'><strong>ἦν</strong></span> <span class='ocrx_word' id='word_1_818' title='bbox 1456 2287 1486 2312; x_wconf 84' lang='grc' dir='ltr'>τὸ</span> <span class='ocrx_word' id='word_1_819' title='bbox 1501 2286 1601 2320; x_wconf 77' lang='grc' dir='ltr'>λέγειν,</span> <span class='ocrx_word' id='word_1_820' title='bbox 1618 2284 1683 2317; x_wconf 87' lang='grc' dir='ltr'><strong>Πῶς</strong></span> <span class='ocrx_word' id='word_1_821' title='bbox 1698 2284 1752 2316; x_wconf 87' lang='grc' dir='ltr'>σὺ,</span> <span class='ocrx_word' id='word_1_822' title='bbox 1765 2284 1870 2317; x_wconf 78' lang='grc' dir='ltr'>ἅνθρω-</span> 
     </span>
    </p>
   </div>
   <div class='ocr_carea' id='block_1_109' title="bbox 1095 2327 1870 2370">
    <p class='ocr_par' dir='ltr' id='par_1_109' title="bbox 1095 2327 1870 2370">
     <span class='ocr_line' id='line_1_109' title="bbox 1095 2327 1870 2370; baseline -0.013 -6"><span class='ocrx_word' id='word_1_823' title='bbox 1095 2345 1151 2370; x_wconf 87' lang='grc' dir='ltr'><strong>πος</strong></span> <span class='ocrx_word' id='word_1_824' title='bbox 1163 2335 1216 2368; x_wconf 83' lang='grc' dir='ltr'><strong>ὢν,</strong></span> <span class='ocrx_word' id='word_1_825' title='bbox 1233 2334 1327 2366; x_wconf 77' lang='grc' dir='ltr'>ποιεῖς</span> <span class='ocrx_word' id='word_1_826' title='bbox 1346 2332 1476 2360; x_wconf 79' lang='grc' dir='ltr'>σεαυτὸν</span> <span class='ocrx_word' id='word_1_827' title='bbox 1491 2332 1564 2359; x_wconf 77' lang='grc' dir='ltr'><strong>Θεόν</strong></span> <span class='ocrx_word' id='word_1_828' title='bbox 1576 2339 1586 2362; x_wconf 85' lang='grc'><em>;</em></span> <span class='ocrx_word' id='word_1_829' title='bbox 1601 2330 1703 2357; x_wconf 87' lang='grc' dir='ltr'>τούτων</span> <span class='ocrx_word' id='word_1_830' title='bbox 1724 2329 1843 2365; x_wconf 86' lang='grc' dir='ltr'>μαθητὴς</span> <span class='ocrx_word' id='word_1_831' title='bbox 1856 2327 1870 2354; x_wconf 78' lang='grc' dir='ltr'><strong>ὁ</strong></span> 
     </span>
    </p>
   </div>
   <div class='ocr_carea' id='block_1_110' title="bbox 1103 2385 1868 2424">
    <p class='ocr_par' dir='ltr' id='par_1_110' title="bbox 1103 2385 1868 2424">
     <span class='ocr_line' id='line_1_110' title="bbox 1103 2385 1868 2424; baseline -0.012 -2"><span class='ocrx_word' id='word_1_832' title='bbox 1103 2395 1124 2410; x_wconf 79' lang='grc'><strong>⁸⁸</strong></span> <span class='ocrx_word' id='word_1_833' title='bbox 1138 2393 1220 2421; x_wconf 84' lang='lat' dir='ltr'><strong>Hebr.</strong></span> <span class='ocrx_word' id='word_1_834' title='bbox 1235 2400 1276 2424; x_wconf 91' lang='grc' dir='ltr'>ιιι,</span> <span class='ocrx_word' id='word_1_835' title='bbox 1289 2391 1316 2418; x_wconf 87' lang='grc'><strong>6.</strong></span> <span class='ocrx_word' id='word_1_836' title='bbox 1357 2390 1380 2406; x_wconf 77' lang='grc'><strong>⁵⁸</strong></span> <span class='ocrx_word' id='word_1_837' title='bbox 1398 2389 1408 2416; x_wconf 92' lang='grc' dir='ltr'><strong>ι</strong></span> <span class='ocrx_word' id='word_1_838' title='bbox 1422 2390 1486 2418; x_wconf 87' lang='lat' dir='ltr'><strong>Cor.</strong></span> <span class='ocrx_word' id='word_1_839' title='bbox 1502 2397 1549 2423; x_wconf 80' lang='grc' dir='ltr'>ιιι,</span> <span class='ocrx_word' id='word_1_840' title='bbox 1562 2388 1609 2416; x_wconf 68' lang='lat'><strong>16.</strong></span> <span class='ocrx_word' id='word_1_841' title='bbox 1644 2387 1666 2403; x_wconf 70' lang='grc' dir='ltr'><strong>δ’</strong></span> <span class='ocrx_word' id='word_1_842' title='bbox 1683 2386 1762 2416; x_wconf 80' lang='lat' dir='ltr'><strong>Joan.</strong></span> <span class='ocrx_word' id='word_1_843' title='bbox 1784 2395 1813 2420; x_wconf 90' lang='grc' dir='ltr'><strong>ιι,</strong></span> <span class='ocrx_word' id='word_1_844' title='bbox 1828 2385 1868 2414; x_wconf 81' lang='lat' dir='ltr'><strong>t9.</strong></span> 
     </span>
    </p>
   </div>
   <div class='ocr_carea' id='block_1_111' title="bbox 1141 2486 1615 2528">
    <p class='ocr_par' dir='ltr' id='par_1_111' title="bbox 1141 2486 1615 2528">
     <span class='ocr_line' id='line_1_111' title="bbox 1141 2486 1615 2528; baseline -0.017 -6"><span class='ocrx_word' id='word_1_845' title='bbox 1141 2495 1186 2528; x_wconf 62' lang='lat' dir='ltr'><strong>At)</strong></span> <span class='ocrx_word' id='word_1_846' title='bbox 1205 2493 1347 2528; x_wconf 73' lang='lat' dir='ltr'><strong>Regiuset</strong></span> <span class='ocrx_word' id='word_1_847' title='bbox 1361 2490 1472 2528; x_wconf 56' lang='grc' dir='ltr'>διε-ευστ-</span> <span class='ocrx_word' id='word_1_848' title='bbox 1489 2486 1615 2528; x_wconf 41' lang='grc' dir='ltr'>ὃνηεῐπον.</span> 
     </span>
    </p>
   </div>
   <div class='ocr_carea' id='block_1_112' title="bbox 1130 2495 1866 2566">
    <p class='ocr_par' dir='ltr' id='par_1_112' title="bbox 1130 2495 1866 2566">
     <span class='ocr_line' id='line_1_112' title="bbox 1141 2495 1615 2528; baseline -0.017 -6"><span class='ocrx_word' id='word_1_849' title='bbox 1141 2495 1186 2528; x_wconf 64' lang='grc' dir='ltr'><strong>ΑΙ)</strong></span> <span class='ocrx_word' id='word_1_850' title='bbox 1205 2495 1243 2521; x_wconf 80' lang='lat' dir='ltr'><strong>Re</strong></span> <span class='ocrx_word' id='word_1_851' title='bbox 1263 2495 1305 2519; x_wconf 91' lang='lat' dir='ltr'><strong>ius</strong></span> <span class='ocrx_word' id='word_1_852' title='bbox 1320 2495 1347 2518; x_wconf 87' lang='lat' dir='ltr'><strong>et</strong></span> <span class='ocrx_word' id='word_1_853' title='bbox 1361 2495 1395 2518; x_wconf 74' lang='grc' dir='ltr'>δε</span> <span class='ocrx_word' id='word_1_854' title='bbox 1415 2497 1472 2517; x_wconf 90' lang='lat' dir='ltr'><strong>uer.</strong></span> <span class='ocrx_word' id='word_1_855' title='bbox 1489 2495 1519 2515; x_wconf 83' lang='grc' dir='ltr'>ον</span> <span class='ocrx_word' id='word_1_856' title='bbox 1531 2495 1615 2515; x_wconf 86' lang='grc' dir='ltr'>ειπον.</span> 
     </span>
     <span class='ocr_line' id='line_1_113' title="bbox 1130 2495 1866 2566; baseline -0.012 -8"><span class='ocrx_word' id='word_1_857' title='bbox 1130 2495 1186 2566; x_wconf 51' lang='grc' dir='ltr'><strong>ξιιῖ)</strong></span> <span class='ocrx_word' id='word_1_858' title='bbox 1203 2501 1365 2566; x_wconf 40' lang='grc' dir='ltr'><strong>ηας-ἰθείης),</strong></span> <span class='ocrx_word' id='word_1_859' title='bbox 1388 2499 1596 2566; x_wconf 45' lang='grc' dir='ltr'>ξεςιιεεηῌιιεξι.</span> <span class='ocrx_word' id='word_1_860' title='bbox 1612 2528 1640 2566; x_wconf 71' lang='lat' dir='ltr'><strong>et</strong></span> <span class='ocrx_word' id='word_1_861' title='bbox 1662 2522 1866 2566; x_wconf 31' lang='lat' dir='ltr'><strong>Anglice-naM“,</strong></span> 
     </span>
    </p>
   </div>
   <div class='ocr_carea' id='block_1_113' title="bbox 1093 2557 1867 2595">
    <p class='ocr_par' dir='ltr' id='par_1_113' title="bbox 1093 2557 1867 2595">
     <span class='ocr_line' id='line_1_114' title="bbox 1093 2557 1867 2595; baseline -0.01 -2"><span class='ocrx_word' id='word_1_862' title='bbox 1093 2557 1186 2593; x_wconf 67' lang='lat' dir='ltr'><strong>auieni</strong></span> <span class='ocrx_word' id='word_1_863' title='bbox 1205 2572 1267 2591; x_wconf 90' lang='lat' dir='ltr'><strong>cum</strong></span> <span class='ocrx_word' id='word_1_864' title='bbox 1285 2557 1373 2595; x_wconf 68' lang='lat' dir='ltr'><strong>editis,</strong></span> <span class='ocrx_word' id='word_1_865' title='bbox 1390 2557 1452 2595; x_wconf 78' lang='grc' dir='ltr'><strong>ἑφῆ.</strong></span> <span class='ocrx_word' id='word_1_866' title='bbox 1473 2559 1541 2586; x_wconf 91' lang='lat' dir='ltr'><strong>lbid.</strong></span> <span class='ocrx_word' id='word_1_867' title='bbox 1559 2559 1700 2594; x_wconf 78' lang='lat' dir='ltr'><strong>Anglican.</strong></span> <span class='ocrx_word' id='word_1_868' title='bbox 1708 2557 1812 2586; x_wconf 63' lang='lat' dir='ltr'><strong>omittit</strong></span> <span class='ocrx_word' id='word_1_869' title='bbox 1825 2557 1867 2584; x_wconf 77' lang='grc' dir='ltr'><strong>καί</strong></span> 
     </span>
    </p>
   </div>
   <div class='ocr_carea' id='block_1_114' title="bbox 1091 2598 1734 2636">
    <p class='ocr_par' dir='ltr' id='par_1_114' title="bbox 1091 2598 1734 2636">
     <span class='ocr_line' id='line_1_115' title="bbox 1091 2598 1734 2636; baseline -0.002 0"><span class='ocrx_word' id='word_1_870' title='bbox 1091 2605 1153 2636; x_wconf 56' lang='grc'><strong>90⁵³</strong></span> <span class='ocrx_word' id='word_1_871' title='bbox 1171 2598 1268 2636; x_wconf 43' lang='lat' dir='ltr'><strong>“Ws.</strong></span> <span class='ocrx_word' id='word_1_872' title='bbox 1346 2631 1352 2636; x_wconf 93' lang='lat'><strong>.</strong></span> <span class='ocrx_word' id='word_1_873' title='bbox 1398 2630 1415 2636; x_wconf 93' lang='lat'><strong>..</strong></span> <span class='ocrx_word' id='word_1_874' title='bbox 1495 2629 1507 2636; x_wconf 92' lang='grc'><strong>..</strong></span> <span class='ocrx_word' id='word_1_875' title='bbox 1554 2628 1573 2636; x_wconf 64' lang='grc' dir='ltr'>,ι</span> <span class='ocrx_word' id='word_1_876' title='bbox 1610 2629 1618 2636; x_wconf 89' lang='grc'>.</span> <span class='ocrx_word' id='word_1_877' title='bbox 1703 2629 1734 2636; x_wconf 87' lang='grc'><strong>,.</strong></span> 
     </span>
    </p>
   </div>
   <div class='ocr_carea' id='block_1_115' title="bbox 1127 2627 1866 2670">
    <p class='ocr_par' dir='ltr' id='par_1_115' title="bbox 1127 2627 1866 2670">
     <span class='ocr_line' id='line_1_116' title="bbox 1127 2627 1866 2670; baseline -0.009 -8"><span class='ocrx_word' id='word_1_878' title='bbox 1127 2636 1182 2670; x_wconf 69' lang='grc' dir='ltr'><strong>μδ)</strong></span> <span class='ocrx_word' id='word_1_879' title='bbox 1198 2627 1280 2670; x_wconf 74' lang='lat' dir='ltr'><strong>Basil.</strong></span> <span class='ocrx_word' id='word_1_880' title='bbox 1300 2636 1326 2659; x_wconf 88' lang='lat' dir='ltr'><strong>et</strong></span> <span class='ocrx_word' id='word_1_881' title='bbox 1339 2630 1479 2670; x_wconf 78' lang='lat' dir='ltr'><strong>Anglican.</strong></span> <span class='ocrx_word' id='word_1_882' title='bbox 1494 2629 1533 2661; x_wconf 77' lang='grc' dir='ltr'><strong>ὃς.</strong></span> <span class='ocrx_word' id='word_1_883' title='bbox 1553 2628 1637 2657; x_wconf 86' lang='lat' dir='ltr'><strong>Paulo</strong></span> <span class='ocrx_word' id='word_1_884' title='bbox 1651 2634 1713 2664; x_wconf 87' lang='lat' dir='ltr'><strong>post</strong></span> <span class='ocrx_word' id='word_1_885' title='bbox 1727 2629 1796 2657; x_wconf 86' lang='lat' dir='ltr'><strong>idem</strong></span> <span class='ocrx_word' id='word_1_886' title='bbox 1814 2627 1866 2655; x_wconf 80' lang='lat' dir='ltr'><strong>An-</strong></span> 
     </span>
    </p>
   </div>
   <div class='ocr_carea' id='block_1_116' title="bbox 1090 2667 1418 2706">
    <p class='ocr_par' dir='ltr' id='par_1_116' title="bbox 1090 2667 1418 2706">
     <span class='ocr_line' id='line_1_117' title="bbox 1090 2667 1418 2706; baseline -0.021 -8"><span class='ocrx_word' id='word_1_887' title='bbox 1090 2667 1151 2706; x_wconf 70' lang='lat' dir='ltr'><strong>glic.</strong></span> <span class='ocrx_word' id='word_1_888' title='bbox 1164 2667 1290 2706; x_wconf 68' lang='grc' dir='ltr'>καθάπερ</span> <span class='ocrx_word' id='word_1_889' title='bbox 1306 2667 1418 2706; x_wconf 59' lang='grc' dir='ltr'>πρε-ξιον.</span> 
     </span>
    </p>
   </div>
   <div class='ocr_carea' id='block_1_117' title="bbox 1126 2700 1852 2740">
    <p class='ocr_par' dir='ltr' id='par_1_117' title="bbox 1126 2700 1852 2740">
     <span class='ocr_line' id='line_1_118' title="bbox 1126 2700 1852 2740; baseline -0.008 -8"><span class='ocrx_word' id='word_1_890' title='bbox 1126 2706 1182 2740; x_wconf 69' lang='grc'><strong>(44)</strong></span> <span class='ocrx_word' id='word_1_891' title='bbox 1196 2700 1296 2740; x_wconf 64' lang='lat' dir='ltr'><strong>Regius</strong></span> <span class='ocrx_word' id='word_1_892' title='bbox 1311 2700 1463 2740; x_wconf 25' lang='lat' dir='ltr'><strong>et~Segner.</strong></span> <span class='ocrx_word' id='word_1_893' title='bbox 1479 2700 1669 2740; x_wconf 65' lang='grc' dir='ltr'>προσέταττεν.</span> <span class='ocrx_word' id='word_1_894' title='bbox 1767 2737 1773 2740; x_wconf 73' lang='lat'>_</span> <span class='ocrx_word' id='word_1_895' title='bbox 1799 2739 1803 2740; x_wconf 20' lang='grc' dir='ltr'><em>ν</em></span> <span class='ocrx_word' id='word_1_896' title='bbox 1816 2730 1852 2740; x_wconf 57' lang='grc' dir='ltr'>Μ</span> 
     </span>
    </p>
   </div>
   <div class='ocr_carea' id='block_1_118' title="bbox 1092 2731 1866 2783">
    <p class='ocr_par' dir='ltr' id='par_1_118' title="bbox 1092 2731 1866 2783">
     <span class='ocr_line' id='line_1_119' title="bbox 1092 2731 1866 2783; baseline -0.012 -16"><span class='ocrx_word' id='word_1_897' title='bbox 1092 2775 1103 2783; x_wconf 37' lang='grc' dir='ltr'><em>υ</em></span> <span class='ocrx_word' id='word_1_898' title='bbox 1128 2731 1187 2783; x_wconf 54' lang='lat' dir='ltr'><strong>(tsi</strong></span> <span class='ocrx_word' id='word_1_899' title='bbox 1200 2731 1265 2782; x_wconf 61' lang='grc' dir='ltr'>ιιςξ.</span> <span class='ocrx_word' id='word_1_900' title='bbox 1286 2742 1313 2765; x_wconf 88' lang='lat' dir='ltr'><strong>et</strong></span> <span class='ocrx_word' id='word_1_901' title='bbox 1337 2731 1449 2772; x_wconf 67' lang='grc' dir='ltr'>δοεῖιετ.</span> <span class='ocrx_word' id='word_1_902' title='bbox 1469 2731 1548 2771; x_wconf 69' lang='grc' dir='ltr'>φησιν</span> <span class='ocrx_word' id='word_1_903' title='bbox 1565 2735 1665 2765; x_wconf 75' lang='grc' dir='ltr'>αὐτοῖς.</span> <span class='ocrx_word' id='word_1_904' title='bbox 1682 2732 1734 2760; x_wconf 86' lang='lat' dir='ltr'><strong>Alii</strong></span> <span class='ocrx_word' id='word_1_905' title='bbox 1750 2737 1776 2760; x_wconf 88' lang='lat' dir='ltr'><strong>et</strong></span> <span class='ocrx_word' id='word_1_906' title='bbox 1793 2731 1866 2764; x_wconf 76' lang='lat' dir='ltr'><strong>ediu&#39;,</strong></span> 
     </span>
    </p>
   </div>
   <div class='ocr_carea' id='block_1_119' title="bbox 1090 2783 1866 2874">
    <p class='ocr_par' dir='ltr' id='par_1_119' title="bbox 1090 2783 1866 2874">
     <span class='ocr_line' id='line_1_120' title="bbox 1090 2783 1866 2874; baseline -0.015 -36"><span class='ocrx_word' id='word_1_907' title='bbox 1090 2783 1365 2874; x_wconf 49' lang='grc' dir='ltr'><strong>ἓφῗόὲἴτὲίὲᾟεεὶιιδ</strong></span> <span class='ocrx_word' id='word_1_908' title='bbox 1379 2811 1406 2835; x_wconf 89' lang='lat' dir='ltr'><strong>et</strong></span> <span class='ocrx_word' id='word_1_909' title='bbox 1427 2805 1538 2842; x_wconf 74' lang='lat' dir='ltr'><strong>Seguer.</strong></span> <span class='ocrx_word' id='word_1_910' title='bbox 1554 2804 1583 2832; x_wconf 87' lang='lat' dir='ltr'><strong>In</strong></span> <span class='ocrx_word' id='word_1_911' title='bbox 1599 2804 1659 2832; x_wconf 80' lang='lat' dir='ltr'><strong>aliis</strong></span> <span class='ocrx_word' id='word_1_912' title='bbox 1681 2807 1707 2830; x_wconf 84' lang='lat' dir='ltr'><strong>et</strong></span> <span class='ocrx_word' id='word_1_913' title='bbox 1720 2801 1798 2829; x_wconf 85' lang='lat' dir='ltr'><strong>editis</strong></span> <span class='ocrx_word' id='word_1_914' title='bbox 1814 2799 1866 2827; x_wconf 66' lang='grc' dir='ltr'><strong>τῶν</strong></span> 
     </span>
     <span class='ocr_line' id='line_1_121' title="bbox 1110 2850 1176 2873; baseline -0.015 0"><span class='ocrx_word' id='word_1_915' title='bbox 1110 2850 1176 2873; x_wconf 82' lang='lat' dir='ltr'><strong>eest.</strong></span> 
     </span>
    </p>
   </div>
   <div class='ocr_carea' id='block_1_120' title="bbox 1110 2850 1176 2873">
    <p class='ocr_par' dir='ltr' id='par_1_120' title="bbox 1110 2850 1176 2873">
     <span class='ocr_line' id='line_1_122' title="bbox 1110 2850 1176 2873; baseline -0.015 0"><span class='ocrx_word' id='word_1_916' title='bbox 1110 2850 1176 2873; x_wconf 82' lang='lat' dir='ltr'><strong>eest.</strong></span> 
     </span>
    </p>
   </div>
  </div>
