1964 3038
123 120 173 147 ωδ
559 115 723 144 EPISTOLA
742 116 750 142 1
767 116 812 143 AD
832 114 1058 144 SERAPIONEM.
1075 131 1108 136 ——
1125 115 1292 144 MONITUM.
1679 116 1731 151 526

123 176 275 213 ἀνθρώπου,
289 176 316 203 ὃν
327 175 477 202 ἀνεκαίνισε
490 176 522 210 τῇ
532 174 665 201 οἰκειώσει
678 175 709 209 τῇ
719 174 785 209 πρὸς
796 173 897 200 ἑαυτόν.

955 173 998 200 bili
1024 174 1182 206 divinitate,
1205 174 1250 201 sed
1272 174 1328 208 ipsa
1351 172 1490 200 divinitate
1515 180 1561 208 per
1583 173 1730 200 humanum

124 222 202 257 Αὐτῷ
214 221 244 248 τὸ
258 221 338 252 σέϐας
352 221 399 247 καὶ
409 222 425 254 ή
440 219 631 255 προσκύνησις,
646 219 674 250 ὃς
687 217 720 254 ἦν
732 219 785 255 (69)
796 215 899 253 πρώην,

956 226 1052 254 corpus
1065 220 1207 255 totumque
1221 219 1358 247 hominem
1370 223 1475 254 agente,
1490 226 1570 254 quem
1583 223 1667 246 totum
1682 219 1731 245 ho-

123 268 170 295 καὶ
188 267 244 298 νῦν,
262 267 308 293 καὶ
322 266 375 297 ἀεὶ,
392 266 438 292 καὶ
451 266 490 297 εἰς
504 265 566 297 τοὺς
574 265 683 296 αἰῶνας.
712 265 806 300 Ἀμήν.

956 264 1054 291 minem
1068 264 1187 299 ejusdem
1205 267 1297 292 secum
1311 263 1502 300 conjunctione
1516 264 1665 291 renovavit.
1679 263 1731 299 Ipsi

124 313 209 340 honor
223 317 250 339 et
266 307 388 339 adoratio
398 311 444 346 qui
457 316 543 343 antea,
562 316 590 339 et
605 319 677 338 nunc
695 315 722 339 et
738 317 843 345 semper
855 313 897 337 est
911 308 938 336 in
957 310 1064 337 saecula.
1084 310 1177 338 Amen.

127 410 755 457 J6?)Basilius-19?.ﬁ,t:.,“?id9!'l§68“°'-v
779 412 831 448 πρὸ
851 410 894 447 ῆν-

957 415 1025 450 gius,
1039 416 1135 452 προῆν.
1151 416 1179 443 In
1198 416 1250 443 line
1275 415 1375 450 Regius
1403 420 1430 443 et
1454 414 1612 450 Seguerian.
1632 414 1732 443 addunt

134 447 222 484 Αμήν,
234 449 306 483 quod
321 447 397 475 abest
414 447 448 475 ab
461 448 522 476 aliis
532 453 559 476 et
569 448 658 476 editis.

121 545 1721 561 —_——_—————-ﬁ——_——_——_-—

795 637 1084 684 MONITUM

360 738 394 765 ΙΝ
412 735 613 770 SEQUENTES
633 734 755 764 SANCTI
774 734 962 764 ATHANASiI
981 734 1027 762 AD
1049 734 1267 765 SERAPIONEM
1284 734 1487 766 EPISTOLAS.

152 926 336 962 διε-515,
357 925 378 953 1.
398 924 464 958 Quae
485 928 628 960 sequuntur
644 923 672 952 S.
693 923 834 951 Athanasii
849 923 883 950 ad
898 923 1066 955 Serapionem
1083 923 1274 952 Thmuitanum
1295 924 1443 960 episcopum
1458 925 1584 961 epistolae,
1608 928 1734 956 invitante

118 981 143 1002 et
156 976 292 1010 ﬂagitante
304 975 360 1009 ipso
376 965 529 1007 Serapione,
543 980 559 998 a
576 976 667 998 sancto
685 971 796 999 Doctore
814 972 841 998 in
853 979 938 998 eremo
959 972 1114 1006 conscripta:
1132 976 1204 1004 sunt,
1217 977 1244 998 ut
1261 979 1293 998 ex
1309 972 1394 1006 prima
1411 977 1481 1006 patet
1491 973 1611 1007 epistola,
1626 983 1698 1002 num.
1721 975 1730 1001 I

116 1026 141 1048 et
154 1022 198 1054 55,
214 1026 238 1049 et
251 1021 355 1056 quidem
366 1025 423 1054 post
438 1019 581 1060 Orationes
592 1025 686 1048 contra
700 1020 826 1052 Arianos,
838 1025 867 1047 ut
883 1019 1012 1054 conjicere
1024 1024 1061 1046 est
1076 1027 1108 1046 ea:
1125 1020 1165 1047 his
1187 1020 1279 1054 prima:
1290 1020 1409 1054 epistola:
1421 1021 1516 1054 verbis,
1537 1029 1609 1048 num.
1621 1021 1655 1049 (ἐς
1675 1023 1735 1049 Τῶν

119 1070 167 1104 μὲν
176 1067 222 1096 οὖν
243 1068 387 1105 ’Δρειανῶν
396 1068 445 1096 οὐκ
458 1068 594 1106 ἀλλότριον
608 1068 654 1095 καὶ
668 1068 747 1094 τοῦτο
770 1067 926 1103 ἐνθύμημα.
952 1067 1041 1100 “Arcani
1056 1067 1111 1103 γὰρ
1122 1068 1284 1103 ἀρνούμενοι
1306 1067 1351 1094 τὸν
1361 1066 1414 1102 ,τοῦ
1431 1065 1498 1093 Θεοῦ
1514 1067 1735 1101 Λόγονίείχότως

115 1115 150 1142 τὰ
162 1115 231 1142 αὐτὰ
246 1115 294 1142 καὶ
309 1115 378 1142 κατὰ
388 1115 433 1142 τοῦ
446 1114 602 1150 Πνεύματος
616 1113 697 1140 αὐτοῦ
710 1112 892 1148 δυσφημοῦσι.
906 1112 952 1139 Διὸ
965 1113 1012 1139 καὶ
1028 1113 1058 1138 οὐ
1070 1112 1122 1148 χρὴ
1134 1112 1213 1139 πλέον
1223 1121 1249 1139 τι
1271 1113 1340 1148 πρὺς
1355 1112 1452 1143 αὐτοὺς
1471 1111 1557 1150 eludit
1570 1119 1576 1126 ·
1590 1112 1671 1147 ἀρκεῖ
1682 1112 1735 1147 γὰρ

114 1159 148 1186 τὰ
164 1160 217 1196 πρὸ
230 1160 331 1187 τούτων
347 1160 478 1196 εἰρημένα
490 1161 549 1187 κατ’
557 1160 655 1186 αὐτῶν.
669 1159 762 1195 Itaque
776 1159 889 1186 Arianot

956 1158 1061 1193 quidem
1077 1165 1248 1193 nequaquam
1262 1158 1350 1185 aliena
1365 1161 1408 1186 est
1421 1157 1579 1193 hujusmodi
1589 1158 1731 1185 sententia.

114 1205 259 1240 Postquam
268 1206 339 1234 enim
348 1207 432 1234 semel
440 1206 487 1234 Dei
496 1206 615 1234 Verbum
626 1213 726 1241 negare
733 1205 873 1236 ausisunt,
882 1205 981 1232 merito
996 1204 1090 1232 eadem
1102 1211 1212 1240 quoque
1221 1204 1256 1232 de
1268 1205 1327 1239 ejus
1337 1204 1439 1239 Spiritu
1455 1204 1538 1239 impie
1554 1205 1732 1231 mentiuntur.

113 1252 246 1286 Quocirca
260 1259 309 1279 nec
324 1252 401 1287 plura
416 1252 548 1281 adversus
563 1253 625 1281 illos
641 1260 753 1281 necesse
767 1258 809 1280 est
823 1253 913 1280 dicere
928 1262 934 1279 :
951 1260 1013 1280 nam
1029 1253 1097 1280 satis
1107 1260 1168 1280 esse
1183 1252 1282 1280 debent
1296 1260 1356 1288 qum
1369 1256 1449 1279 antea
1466 1256 1560 1280 contra
1574 1252 1649 1286 ipsos
1663 1252 1734 1280 dictu

113 1305 186 1328 sunt.
207 1300 241 1327 In
261 1300 301 1327 Itis
319 1301 407 1335 itaque
427 1300 544 1335 epistolis
555 1305 648 1327 contra
661 1300 789 1335 quosdam
804 1300 923 1334 disputat
941 1299 970 1326 S.
989 1300 1165 1331 Athanasius.
1184 1300 1228 1335 qui
1246 1301 1278 1327 ab
1296 1299 1405 1327 Arianis
1425 1300 1530 1335 quidem
1546 1300 1733 1333 discesserant,

113 1339 313 1381 fatebanturqu
327 1345 428 1373 Filium
441 1354 498 1373 vere
513 1345 596 1373 Deum
608 1354 675 1377 esse,
689 1346 734 1373 sed
749 1346 827 1372 iident
839 1346 871 1373 de
886 1345 988 1379 Spiritu
1000 1351 1092 1372 sancto
1104 1345 1183 1380 impie
1198 1346 1354 1377 sentiebant,
1365 1354 1441 1381 quem
1453 1346 1578 1373 nimirum
1595 1354 1649 1373 rem
1662 1355 1735 1374 crea-

115 1397 168 1419 tam
178 1399 232 1418 esse
244 1391 349 1424 vellent,
360 1395 384 1418 et
395 1399 476 1418 unum
487 1398 519 1418 ex
535 1391 701 1418 administris
714 1391 864 1424 spiritibus,
876 1391 984 1426 soloque
998 1393 1081 1426 gradu
1095 1391 1126 1418 ab
1141 1392 1240 1427 angelis
1255 1392 1372 1426 differre,
1384 1397 1413 1419 ut
1427 1400 1535 1419 numero
1551 1393 1562 1419 i
1579 1393 1672 1427 primte
1681 1394 1735 1428 epi—

111 1440 188 1467 stolae
200 1439 320 1466 habetur.
339 1438 412 1466 Unde
428 1439 524 1473 optime
537 1439 575 1466 ait
589 1439 751 1466 Athanasius
767 1439 857 1473 fictam
876 1439 983 1466 illorum
997 1448 1052 1467 esse
1066 1447 1126 1466 cum
1141 1439 1250 1466 Arianis
1261 1448 1386 1475 pugnam,
1399 1445 1427 1467 at
1443 1449 1532 1468 revera
1549 1449 1593 1468 eos
1605 1441 1657 1475 pia:
1671 1440 1735 1474 ﬁdei

112 1488 255 1516 adversari.
272 1487 415 1522 Utrumque
428 1487 498 1513 enim
509 1495 625 1513 errorem
641 1488 838 1521 propugnabant
859 1486 967 1518 Ariani,
983 1492 1007 1513 et
1030 1485 1054 1512 F
1056 1486 1132 1513 ilium
1146 1486 1265 1513 videlicet
1283 1491 1306 1513 et
1320 1485 1449 1521 Spiritum
1462 1494 1515 1513 rem
1532 1491 1647 1513 creatam
1667 1495 1733 1521 esse,

111 1533 151 1559 uti
165 1533 240 1560 modo
253 1533 378 1565 vidimus,
392 1532 540 1566 passimque
556 1531 622 1558 alibi
637 1531 755 1558 declarat
770 1530 798 1558 S.
822 1530 927 1564 Doctor,
939 1530 1010 1558 verbi
1027 1531 1131 1566 gratia,
1147 1530 1275 1558 Oratione
1293 1537 1322 1557 nt
1342 1534 1437 1557 contra
1451 1530 1579 1563 Arianos,
1597 1538 1658 1565 pag.
1671 1531 1734 1563 M7,

112 1589 185 1609 num.
200 1581 244 1608 15.
261 1580 327 1607 Inde
340 1584 426 1607 autent
437 1579 557 1613 effectum
571 1583 610 1605 est
625 1583 653 1605 ut
667 1579 708 1605 illi
720 1583 744 1606 et
758 1580 789 1604 ab
805 1578 911 1605 Arianis
923 1578 982 1605 odio
1000 1577 1084 1604 ltabiti
1094 1577 1157 1609 sint,
1170 1577 1238 1612 quod
1250 1575 1352 1604 Filium
1363 1576 1461 1603 nollent
1477 1584 1531 1603 rem
1544 1582 1658 1604 creatam
1668 1585 1734 1610 esse,

112 1628 330 1664 quemadmodum
342 1635 414 1655 nam.
429 1626 463 1654 5‘2
473 1626 588 1660 ejusdem
602 1626 695 1661 prima:
706 1625 824 1660 epistola:
839 1629 975 1656 narratur,
992 1632 1039 1651 nec
1057 1624 1090 1651 ab
1108 1623 1260 1651 orthodoxis
1279 1623 1375 1658 fuerint
1386 1623 1506 1656 admissi,
1522 1624 1591 1659 quod
1606 1623 1735 1658 Spiritum

111 1682 232 1705 sanctum
244 1681 368 1712 negarent
381 1675 464 1702 Deum
476 1683 532 1701 vere
543 1683 608 1701 esse.
622 1673 732 1709 Tropici
746 1681 825 1708 porro
836 1673 902 1700 dicti
915 1673 994 1700 iidem
1008 1677 1080 1705 sunt,
1096 1673 1136 1699 uti
1151 1681 1219 1707 saepe
1235 1680 1277 1699 eos
1293 1677 1365 1699 vocat
1378 1671 1588 1706 S.Athanasius,
1600 1677 1629 1699 ut
1643 1681 1734 1699 nume-

112 1724 150 1750 ris
164 1723 197 1751 1ο
209 1728 234 1750 et
247 1723 282 1750 52
290 1722 382 1757 prima
393 1720 521 1756 epistolae,
536 1721 606 1754 quod
620 1728 709 1754 nempe
717 1727 800 1747 sacra:
813 1718 959 1754 Scriptum
975 1719 1143 1754 loca,quibus
1158 1719 1184 1746 in
1201 1718 1358 1746 vindicanda
1370 1718 1456 1745 sancti
1467 1717 1583 1752 Spiritus
1597 1715 1736 1745 divinitate

112 1769 253 1796 utebantur
266 1767 416 1800 orthodoxi,
430 1768 589 1803 metaphoris
600 1773 624 1795 et
643 1768 725 1802 tropis
740 1767 832 1795 vellent
844 1775 901 1794 esse
918 1767 1124 1801 interpretanda.
1142 1767 1271 1794 (laterum
1282 1767 1308 1794 hi
1323 1774 1374 1794 non
1388 1766 1467 1794 iidem
1487 1766 1608 1794 videntur
1623 1776 1678 1794 esse
1690 1769 1736 1804 qui

113 1814 309 1847 Macedonigni.
325 1812 391 1840 Illos
401 1814 470 1839 enim
489 1819 556 1840 recte
569 1814 600 1840 de
616 1813 687 1840 Filio
705 1814 801 1840 sentire
816 1821 923 1839 numero
936 1813 947 1839 Ι
965 1817 989 1839 et
1004 1812 1069 1839 alibi
1086 1813 1220 1840 indicatur
1231 1821 1240 1839 :
1253 1818 1280 1840 at
1299 1813 1485 1842 Macedoniani
1500 1815 1621 1842 nolebant
1634 1816 1734 1844 Filium

113 1862 191 1890 Patri
197 1870 252 1890 esse
264 1860 525 1890 consubstantialem.
537 1860 582 1886 sed
593 1859 706 1886 similem
724 1858 865 1890 duntaxat,
878 1863 905 1885 ut
914 1857 992 1892 refert
1011 1857 1186 1886 Theodoretus
1197 1858 1389 1887 Hmreticarum
1403 1853 1555 1888 fabularum
1571 1861 1617 1889 lib.
1630 1869 1668 1895 tv,
1686 1871 1736 1890 nu—

113 1916 183 1935 mero
199 1908 226 1940 5,
241 1912 266 1935 et
281 1907 406 1936 Historiae
420 1905 612 1935 ecclesiasticae
628 1903 675 1931 lib.
688 1912 719 1936 ιι,
731 1913 755 1931 c.
768 1904 797 1931 6.

148 1953 181 1980 ll.
199 1953 357 1980 Perturbato
378 1951 521 1980 admodum
539 1954 563 1976 et
583 1954 743 1984 prtepostero
756 1949 847 1976 ordine
867 1953 971 1976 exstant
985 1949 1040 1976 illa
1052 1949 1170 1984 episton
1190 1951 1218 1978 in
1232 1951 1310 1978 editis
1319 1957 1396 1980 antea
1408 1954 1528 1988 operibus
1541 1953 1570 1982 S.
1584 1955 1734 1984 Athanasii.

115 1997 186 2026 Nam
201 2007 258 2034 quae
269 1999 355 2034 prima
365 2007 419 2026 esse
431 1998 515 2038 debet,
529 1998 644 2025 secunda
656 2002 711 2031 est;
722 2006 780 2034 quin
795 2003 885 2025 contra
895 1998 1009 2025 secunda
1024 1998 1097 2026 debet
1111 2007 1176 2033 esse,
1189 2000 1303 2040 primum
1315 2007 1423 2036 occupat
1440 2003 1535 2030 locum.
1551 2003 1609 2031 Imo
1621 2013 1684 2038 pars
1695 2015 1737 2034 se-

113 2045 208 2072 cunda:
217 2045 335 2078 epistola;-
349 2045 478 2079 posterior
490 2045 516 2071 in
529 2044 641 2071 secundo
656 2048 744 2084 exstat
759 2049 840 2077 torno,
855 2051 914 2070 cum
935 2051 996 2078 pars
1009 2044 1126 2078 ejusdem
1143 2044 1217 2085 prior
1235 2046 1270 2072 sit
1287 2047 1313 2072 in
1329 2048 1414 2081 primo
1431 2052 1512 2076 tomo.
1527 2048 1657 2078 Similiter
1673 2060 1736 2086 pars

114 2090 217 2117 ultimm
229 2089 346 2128 epistolae
362 2091 491 2125 posterior
506 2091 533 2116 in
547 2091 633 2124 printo
649 2089 780 2116 collocata
791 2094 829 2116 est
844 2094 924 2122 torno,
935 2097 998 2124 pars
1013 2095 1100 2117 autem
1116 2090 1190 2124 prior
1204 2090 1231 2117 in
1245 2092 1368 2119 secundo.
1385 2092 1436 2121 Sed
1449 2095 1568 2122 codicum
1587 2099 1736 2125 manuscri-

113 2143 218 2172 ptorum
235 2146 281 2173 ope
297 2138 415 2173 singulas
427 2138 452 2165 in
467 2139 602 2173 proprium
618 2138 780 2165 restituimus
805 2137 933 2169 ordinem,
952 2142 1029 2172 prout
1046 2138 1173 2173 sequitur.
1190 2137 1282 2165 Prima
1295 2147 1385 2174 nempe
1399 2149 1431 2168 ea
1451 2146 1489 2168 est
1503 2151 1562 2177 qute
1577 2143 1680 2179 incipit,
1695 2145 1736 2171 Τὰ

114 2184 266 2220 γράμματα
280 2182 329 2220 τῆς
345 2182 405 2218 σῆς,
414 2188 476 2215 etc.,
486 2192 632 2218 quamcum
643 2183 763 2210 nonnulli
775 2183 888 2218 fratrum
903 2188 1023 2218 caperent
1035 2184 1062 2210 in
1073 2181 1200 2218 epitoinen
1212 2184 1387 2219 redigi,peliit
1398 2187 1429 2214 ab
1443 2188 1588 2216 Athanasio
1595 2189 1735 2225 Serapion,

113 2236 143 2258 ut
153 2231 179 2258 id
187 2233 282 2267 efficere
295 2240 346 2258 non
361 2236 523 2266 gravaretur.
533 2231 645 2266 Haecque
653 2240 734 2258 causa
742 2231 793 2266 fuit
807 2236 898 2258 sancto
907 2230 1015 2258 Ductori
1030 2233 1170 2258 secundum
1182 2232 1217 2258 ad
1227 2234 1345 2260 eumdem
1357 2233 1486 2261 scribendi
1499 2235 1647 2269 epistolam,
1660 2236 1735 2270 cujus

113 2277 231 2310 initium,
253 2276 323 2310 Ἐγὼ
337 2276 386 2312 μὲν
400 2276 532 2312 ἐνόμιζον,
547 2282 596 2304 etc.
611 2277 697 2311 Hujus
712 2278 740 2304 in
752 2278 836 2312 priori
850 2282 924 2312 parte
937 2277 1049 2304 breviter
1061 2282 1154 2304 contra
1175 2278 1289 2305 Arianos
1312 2279 1389 2306 Verbi
1401 2279 1565 2308 divinitatem
1585 2286 1692 2308 tuetur:
1706 2283 1735 2309 in

113 2323 200 2349 altera
212 2329 299 2348 autem
312 2327 393 2356 parte,
404 2331 481 2356 quant
488 2322 528 2349 Itis
536 2322 618 2349 verbis
627 2323 772 2356 exorditur,
786 2323 865 2354 Ἴσως
874 2322 1033 2358 Θαυμάσεις,
1046 2328 1109 2354 etc.,
1119 2324 1232 2358 primum
1243 2325 1374 2351 contrahit
1386 2325 1533 2360 epistolam.
1550 2326 1657 2353 Videtur
1665 2327 1735 2353 enim

113 2368 223 2394 omnino
235 2375 286 2394 non
300 2368 415 2394 diversas
432 2376 487 2396 esse
497 2369 632 2402 epistolas,
647 2369 692 2396 sed
710 2369 777 2396 duas
799 2369 930 2396 duntaxat
941 2369 1059 2404 ejusdem
1072 2370 1190 2404 epistolae
1213 2376 1311 2406 partes,
1332 2380 1397 2406 quas
1413 2374 1579 2405 postmodum
1594 2374 1735 2402 distinctas

113 2411 196 2438 veluti
210 2411 334 2446 epistolas
347 2412 458 2439 divisere
468 2421 649 2439 amauuenses.
670 2412 723 2439 Nec
742 2414 811 2440 enim
827 2415 997 2447 posteriorem
1016 2419 1118 2448 partem
1131 2416 1209 2450 quasi
1227 2415 1308 2442 aliam
1327 2415 1465 2450 epistolam
1479 2419 1617 2446 exorditur
1627 2428 1636 2446 :
1648 2420 1692 2446 sed
1709 2430 1736 2448 se

116 2467 226 2489 excusat
235 2462 318 2497 quod,
327 2466 434 2496 rogatus
445 2467 473 2488 ut
486 2462 598 2496 primum
612 2464 644 2489 de
655 2462 758 2496 Spiritu
771 2470 861 2489 sancto
873 2463 1010 2498 epistolam
1017 2465 1191 2496 contraheret,
1206 2465 1279 2498 prius
1293 2464 1323 2491 de
1339 2464 1405 2491 Filii
1418 2465 1555 2491 divinitate
1570 2465 1736 2492 disseruerit.

114 2507 250 2534 Pratterea
265 2507 385 2534 secunda:
400 2507 517 2541 epistola:
528 2508 605 2535 initio
621 2508 688 2534 sein
699 2516 729 2534 ea
745 2509 899 2542 praestitisse
914 2507 1005 2535 scribit
1025 2509 1094 2544 quod
1114 2510 1263 2544 postularat
1279 2509 1417 2544 Serapion,
1437 2515 1465 2536 ut
1488 2510 1588 2537 scilicet
1609 2511 1734 2545 primam,

113 2560 176 2587 qua?
188 2552 267 2587 paulo
284 2553 367 2587 fusior
378 2553 525 2587 videbatur,
545 2555 628 2582 verbis
641 2555 808 2589 paucioribus
821 2555 895 2582 vellet
909 2556 1123 2590 comprehendere
1140 2565 1148 2583 :
1176 2557 1244 2591 quod
1258 2564 1315 2583 cum
1332 2557 1436 2584 nonnisi
1456 2557 1483 2584 in
1499 2557 1559 2590 hac,
1576 2566 1654 2592 quam
1665 2558 1735 2585 dici-

118 2607 190 2633 mus,
203 2600 319 2627 secunda
329 2605 404 2635 parte
416 2600 581 2635 prwstiterit,
597 2599 699 2626 clarum
712 2604 750 2626 est
762 2600 846 2634 ipsam
860 2608 911 2626 non
925 2608 1018 2627 novam
1031 2608 1085 2627 esse
1101 2600 1248 2634 epistolam,
1260 2601 1303 2627 sed
1318 2605 1419 2635 partem
1429 2605 1533 2627 tantum
1548 2602 1668 2628 secundae
1679 2604 1736 2636 epis

114 2645 194 2673 stola:
207 2647 386 2680 posteriorem.
398 2645 466 2673 "inc
479 2647 558 2673 etiam
571 2646 598 2672 in
613 2645 743 2680 plerisque
757 2649 781 2671 et
797 2645 1027 2680 prtestantioribus
1040 2645 1227 2680 manuscriptis
1241 2645 1385 2678 codicibus,
1395 2647 1515 2673 secundm
1527 2647 1644 2680 episto/m
1659 2648 1737 2675 initio

112 2702 176 2721 eam
188 2694 281 2728 prima:
303 2703 358 2722 esse
375 2695 503 2729 epitomen
519 2684 671 2724 adnotatur,
688 2692 757 2726 quod
774 2699 837 2718 sane
858 2692 911 2718 veri
927 2697 993 2719 esset
1015 2691 1141 2725 alienum,
1162 2692 1185 2718 si
1204 2700 1265 2726 pars
1279 2692 1335 2726 ejus
1352 2692 1436 2719 altera
1459 2693 1585 2720 distincta
1601 2700 1665 2720 esset
1681 2695 1737 2728 epi-

113 2742 197 2768 stola.

152 2788 198 2816 Ill.
217 2787 271 2816 Nec
285 2796 342 2816 vero
357 2789 406 2817 soli
421 2786 768 2818 seettndw’acridilevislolw
779 2790 806 2814 ut
821 2787 848 2815 in
863 2787 930 2816 duas
941 2787 1145 2823 disjungeretur,
1154 2787 1198 2814 sed
1210 2787 1277 2815 idem
1289 2795 1390 2823 quoque
1405 2787 1431 2814 in
1445 2788 1539 2815 ultima
1550 2789 1669 2824 contigit,
1679 2797 1738 2823 qua
