1964 3038
256 130 307 159 527
558 127 587 155 S.
607 125 791 154 ATHANASI!
809 126 884 155 OPP.
903 125 993 152 PARS
1012 125 1033 153 l.
1051 141 1084 146 —
1103 124 1288 152 HISTORICA
1305 123 1348 151 ET
1367 122 1578 152 DOGMATICA.
1599 149 1603 153 ,
1799 124 1842 152 523

255 191 413 218 videlicetsn
425 188 557 216 codicibus
570 187 726 214 Globerinno
745 192 770 213 et
785 186 956 214 Felckmanni
969 187 1054 220 primo
1065 187 1092 213 in
1105 186 1171 213 duas
1183 187 1285 221 pariter
1296 186 1428 213 distracta
1443 189 1482 211 est
1496 182 1632 218 epistolas.
1653 182 1742 209 Verum
1756 184 1845 210 etiamsi

255 235 420 271 exploratum
437 234 510 260 nobis
524 233 642 260 videatur
659 233 696 258 ita
711 240 738 258 se
756 240 809 258 rem
824 231 926 263 habere,
946 235 1031 257 tamen
1044 239 1103 257 cum
1120 231 1149 257 in
1164 231 1296 262 omnibus,
1311 238 1375 271 quos
1394 230 1518 262 vidimus,
1531 230 1715 264 manuscriptis
1730 231 1846 258 codicibus

255 280 368 309 secunda
375 279 484 314 epistola
497 279 524 305 in
537 278 603 305 duas
615 277 692 303 veluti
701 277 823 311 epistolas
837 277 964 304 distincta
975 278 1021 310 sit,
1037 284 1087 303 non
1101 277 1160 303 ausi
1172 284 1262 303 sumus
1276 275 1356 303 simul
1368 277 1535 311 conjungere,
1547 278 1591 305 sed
1604 286 1659 305 eam
1672 283 1744 313 prout
1759 279 1783 305 in
1793 279 1847 314 ipsis

255 325 440 359 manuscriptis
450 323 568 357 habetur,
580 325 730 352 divisimus.

288 371 333 399 IV.
347 370 538 398 Felckmannus
553 371 693 398 secundum
712 372 860 406 epistolam,
878 373 931 399 sive
944 372 1057 406 primam
1066 372 1123 407 ejus
1137 376 1249 407 partem,
1266 380 1324 407 qua:
1339 372 1371 399 de
1386 371 1458 399 Filio
1473 372 1578 399 disserit
1596 372 1662 406 (70),
1678 372 1792 407 synopsin
1803 381 1849 400 esse

253 416 413 444 Orationum
437 421 530 444 contra
545 417 661 444 Arianos
675 421 715 444 est
729 418 884 444 arbitratus.
913 418 947 444 At
959 419 1019 444 huic
1036 418 1154 452 opinioni
1175 418 1347 453 refragantur
1359 426 1418 445 cum
1432 418 1606 451 manuscripti
1621 418 1730 449 codices,
1746 419 1786 452 qui
1801 427 1851 445 eam

251 463 380 497 epitomen
396 471 450 489 esse
464 463 556 496 prima:
572 462 606 489 ad
623 461 791 498 Serapionem
802 464 919 498 epistola:
933 463 1081 496 observant,
1098 468 1153 490 tum
1170 472 1228 490 vero
1246 465 1333 498 ipsum
1346 464 1465 498 ejusdem
1478 463 1626 494 exordium,
1644 463 1687 489 ubi
1703 464 1789 498 prinue
1802 468 1852 490 tan-

253 511 308 534 tum
320 508 436 534 meminit
447 506 476 534 S.
490 507 660 541 Athanasius,
671 516 750 543 quam
761 517 788 536 se
799 510 838 535 ait
855 509 882 535 in
901 510 1014 535 secunda
1036 509 1099 541 ista,
1114 513 1209 544 rogatu
1231 508 1395 543 Serapionis,
1407 509 1538 544 nullisque
1561 508 1709 542 optantibus
1727 508 1852 542 fratribus,

252 553 422 580 contraxisse.
436 553 496 580 Non
508 553 645 588 difﬁtemur
657 558 744 581 tamen
754 555 887 589 pra'cipua
897 563 955 589 qua:
967 555 995 580 in
1006 554 1180 582 Orationibus
1192 559 1286 581 contra
1297 555 1414 581 Arianos
1426 554 1513 589 fusius
1524 560 1690 589 exponuntur
1702 559 1853 589 argumenta,

251 600 364 627 strictim
378 600 420 626 hic
430 607 565 634 presseque
579 602 689 627 tractari
704 608 713 627 :
729 606 756 628 at
773 602 952 628 contendimus
968 601 1036 628 illud
1054 609 1129 635 opus,
1141 601 1210 636 quod
1226 601 1348 628 secunda!
1368 602 1484 635 epistola:
1495 601 1635 636 principio,
1656 601 1693 627 ait
1709 609 1734 627 se
1747 601 1771 627 in
1781 601 1855 635 epito-

251 656 309 675 men
324 648 462 683 redegisse,
475 648 548 675 aliud
567 647 669 675 nullum
683 655 737 674 esse
748 655 828 682 quam
840 646 979 681 epistolam
993 647 1106 680 primatu
1120 646 1153 672 ad
1165 645 1346 680 Serapionem.

286 695 317 722 V.
336 695 436 722 Ultima
448 696 556 731 denique
568 695 679 729 epistola
693 696 732 722 ita
740 695 854 727 orditur,
871 694 1009 730 Ἐυέτυχον
1018 694 1065 720 καὶ
1075 695 1120 729 τῇ,
1130 698 1179 720 etc.
1193 693 1278 728 Hujus
1287 699 1375 720 autem
1388 702 1450 727 pars
1459 697 1602 729 postrema,
1624 692 1676 720 sive
1684 691 1760 719 veluti
1768 699 1855 725 appen-

250 742 297 769 dix
306 746 345 769 est
360 746 487 768 tractatus
501 742 528 768 in
540 741 661 768 Matthwi
673 742 760 773 uerba,
773 740 933 775 Quicunque
949 739 1047 767 dixerit
1060 740 1093 772 “,
1111 744 1173 770 etr.,
1185 739 1230 773 qui
1246 739 1314 765 male
1327 740 1354 765 in
1369 739 1492 767 hactenus
1504 741 1583 768 editis
1595 741 1627 768 ab
1636 741 1682 767 illa
1691 745 1729 767 est
1739 740 1855 766 divulsus.

249 789 384 826 Siquidem
395 798 445 817 non
455 789 540 816 solum
547 790 574 816 in
582 787 700 816 omnibus
714 787 898 820 manuscriptis
905 785 1037 812 codicibus
1048 786 1114 812 hanc
1124 785 1213 812 statim
1223 785 1391 819 subsequitur
1404 786 1553 820 epistolam,
1565 787 1610 814 sed
1625 787 1705 813 etiam
1720 787 1747 812 in
1762 786 1856 820 optima

249 841 318 864 nottc
327 836 405 872 Regio
413 840 437 862 et
443 835 602 870 Segueriano
611 839 678 860 recte
686 841 743 859 cum
753 833 810 866 ipsa
818 832 913 867 absque
922 832 976 858 ullo
986 831 1062 858 titulo
1070 831 1248 865 coniungitur,
1259 835 1411 866 tantumque
1424 833 1451 858 in
1465 833 1581 867 margine
1595 834 1671 859 verba
1681 833 1739 866 ipsa
1749 831 1858 858 Matt/imi

249 883 408 917 afferuntur,
428 883 466 908 uti
481 882 512 916 ﬁt
532 886 556 908 et
573 881 634 907 aliis
650 880 678 906 in
691 879 765 906 locis.
780 877 813 905 In
827 878 984 905 Gobleriano
997 882 1084 905 autem
1095 883 1118 904 et
1134 877 1304 904 Felckmanni
1322 878 1408 911 primo
1424 878 1478 905 hate
1492 887 1565 906 nova:
1581 879 1658 914 quasi
1669 877 1784 913 epistola:
1795 885 1857 912 pra:-

248 930 356 964 ponitur
369 929 517 963 inscriptio,
532 928 603 963 Πρὸς
617 928 663 954 τὸν
679 928 760 954 αὐτὸν
773 927 944 963 Σεραπίωνα.
958 925 1023 953 Nem

1082 933 1131 952 sum
1144 926 1170 952 in
1181 925 1268 960 prima
1284 922 1406 960 epistola,
1423 925 1504 962 516
1517 934 1589 953 num.
1604 926 1632 959 ὅ,
1644 930 1669 953 et
1682 926 1709 952 in
1722 925 1773 960 ﬁne
1783 925 1857 959 partis

247 967 399 1010 posterioris
412 973 532 1001 secundce
546 974 600 1001 haec
619 973 753 1008 Evangelii
768 973 845 1000 verba
863 978 954 1000 contra
973 972 1138 999 adversarios
1156 971 1309 998 adduxisset
1329 971 1358 1000 S.
1378 973 1551 1007 Athanasius,
1567 975 1653 1008 ipsum
1675 974 1774 1008 rogavit
1789 973 1860 1000 Scra-

247 1022 321 1056 pion,
332 1025 361 1047 ut
374 1020 460 1047 locum
470 1019 545 1046 illum
558 1019 784 1054 interpretaretur,
796 1018 988 1053 explicaretque
999 1026 1046 1044 cur
1060 1018 1105 1051 qui
1120 1017 1148 1044 in
1164 1015 1294 1052 Spiritum
1305 1023 1426 1045 sanctum
1444 1021 1600 1054 peccaverit,
1612 1022 1717 1055 gravius
1724 1019 1859 1055 puniendus

248 1068 378 1102 sir'quam
388 1066 433 1101 qui
447 1066 475 1092 in
486 1064 604 1096 Filium;
617 1065 659 1092 cui
669 1064 852 1100 postulationi,
865 1064 976 1091 multum
999 1063 1070 1095 licet,
1086 1067 1116 1090 ut
1135 1063 1238 1096 scribit,
1253 1063 1400 1098 reluctans,
1420 1065 1447 1092 in
1468 1066 1521 1100 fine
1536 1066 1638 1094 ultima:
1659 1066 1738 1101 hujus
1752 1065 1861 1101 epistola

247 1113 389 1148 satisfecit.

283 1159 328 1187 Vl.
343 1159 403 1186 Non
418 1160 530 1186 multum
541 1157 740 1185 immorabimur
754 1157 781 1184 in
799 1156 940 1191 refellendo
954 1157 1084 1191 praecipiti
1096 1161 1121 1184 et
1131 1157 1220 1192 iniquo
1232 1157 1374 1185 admodum
1392 1157 1500 1186 Erasmi
1509 1159 1541 1186 de
1552 1160 1638 1194 prima
1652 1161 1688 1187 ad
1702 1160 1861 1196 Serapionem

247 1205 358 1239 cpistola
364 1204 479 1239 judicio.
493 1203 583 1235 Salvo,
598 1203 681 1235 inquit
696 1202 751 1234 ille,
767 1206 795 1228 et
805 1202 910 1236 integro
924 1201 1066 1228 doctorum
1087 1201 1200 1236 judicio,
1217 1209 1267 1236 ego
1281 1210 1379 1230 censeo
1400 1204 1452 1230 hoc
1467 1211 1536 1238 opus
1561 1213 1621 1233 esse
1640 1207 1762 1234 hominis
1777 1206 1861 1236 otiosi,

248 1251 377 1286 nulloque
391 1250 499 1286 ingenio
514 1249 629 1285 praediti,
647 1249 694 1284 qui
708 1249 822 1276 voluerit
841 1249 944 1275 imitari
958 1249 1014 1276 divi
1036 1248 1177 1276 Athanasii
1197 1250 1304 1278 libellos
1320 1251 1352 1278 ad
1368 1251 1558 1288 Serapionem.
1573 1249 1623 1284 ilic
1636 1248 1708 1284 mira
1730 1256 1863 1291 congeries

249 1298 370 1326 locorum
384 1303 411 1325 et
425 1298 561 1326 rationum
574 1296 707 1329 confusio,
719 1296 969 1331 molestissimaque
982 1297 1067 1324 semel
1080 1297 1216 1324 dictorum
1238 1298 1356 1326 iteratio.
1380 1300 1474 1327 Eidem
1493 1304 1629 1331 sententite
1643 1309 1741 1332 temere
1754 1303 1863 1331 subscri-

249 1343 312 1371 bunt
326 1343 458 1371 Scultetus
470 1347 494 1370 et
515 1343 631 1379 Rivetus,
645 1346 724 1373 nullis
744 1346 804 1373 aliis
823 1347 945 1373 adductis
960 1347 1133 1382 argumentis,
1150 1347 1201 1374 nisi
1218 1348 1287 1383 quod
1299 1350 1380 1377 addat
1393 1349 1499 1378 Binetus
1515 1354 1593 1380 citari
1608 1363 1638 1381 ea
1656 1354 1769 1389 epistola
1784 1353 1862 1380 locum

249 1391 378 1425 llic/iane,
395 1394 440 1427 qui
455 1401 583 1428 nusquam
607 1395 744 1428 reperitur,
768 1395 904 1428 nimirum,
921 1394 1022 1422 Domus
1038 1394 1122 1422 Jacob
1137 1396 1311 1423 exacerbavit
1332 1396 1463 1432 Spiritum
1483 1399 1600 1426 Domini.
1621 1399 1719 1427 Verum
1739 1398 1812 1426 valde
1825 1397 1864 1424 ille

247 1437 449 1470 hallucinatur;
461 1447 521 1466 nam
534 1440 557 1466 is
570 1445 609 1467 est
623 1450 710 1468 versus
726 1443 851 1476 septimus
868 1443 962 1478 capitis
976 1443 1083 1470 secundi
1098 1442 1216 1470 Micha'tz
1223 1443 1304 1479 juxta
1318 1445 1437 1473 Graecam
1450 1449 1605 1474 versionem.

283 1485 339 1514 VII.
354 1486 440 1519 Quam
450 1495 517 1514 vana
529 1493 554 1514 et
569 1491 710 1518 temeraria
723 1491 757 1518 sit
773 1490 924 1525 hujusmodi
946 1491 1052 1517 illarum
1072 1491 1204 1525 opinatio,
1221 1499 1253 1518 ea:
1274 1493 1394 1520 omnibus
1409 1496 1514 1522 omnino
1527 1497 1721 1531 manuscriptis
1739 1494 1864 1522 codicibus

247 1533 421 1567 convincitur,
433 1533 460 1560 in
472 1535 565 1569 quibus
579 1536 708 1570 videlicet,
724 1546 818 1573 magno
834 1546 971 1570 consensu,
988 1537 1019 1565 S.
1034 1537 1180 1564 Athanasio
1195 1539 1364 1568 attribuitur.
1383 1541 1515 1569 Prteterea
1530 1543 1611 1578 quiin
1627 1543 1741 1570 lectione
1754 1541 1864 1570 S.Atha-

247 1583 315 1610 nasii
328 1582 366 1610 vel
380 1583 488 1618 paulum
501 1589 618 1611 versatus
631 1585 721 1620 fuerit,
737 1595 767 1613 ea
783 1587 809 1613 in
819 1586 930 1621 epistola
948 1586 1108 1620 methodum,
1127 1588 1265 1620 dictiones,
1284 1589 1411 1625 verbaque
1431 1591 1488 1625 ipsa
1509 1590 1538 1618 S.
1554 1590 1677 1617 Doctoris
1697 1590 1777 1626 facile
1791 1597 1865 1624 agno-

247 1633 309 1655 scet.
325 1627 380 1655 Nec
395 1629 464 1655 enim
479 1629 556 1656 aliter
576 1630 619 1657 hic
639 1632 743 1659 disserit
760 1641 837 1668 quam
856 1633 917 1659 aliis
932 1633 959 1659 in
983 1632 1114 1667 operibus,
1135 1633 1204 1660 verbi
1219 1635 1305 1668 gratia
1317 1654 1324 1665 ,
1345 1635 1372 1661 in
1393 1635 1569 1663 Orationibus
1586 1641 1682 1663 contra
1701 1636 1827 1666 Arianos,
1839 1634 1865 1660 in

246 1676 339 1711 quibus
351 1675 495 1711 Scriptura:
508 1678 657 1705 testimonia
673 1678 786 1712 undique
798 1675 1003 1710 accumulatfut
1022 1676 1088 1704 Filii
1103 1677 1268 1705 divinitatem
1291 1683 1407 1706 tueatur.
1424 1679 1490 1707 Cum
1501 1680 1569 1706 enim
1581 1684 1605 1706 et
1619 1679 1719 1707 Ariani
1729 1684 1754 1707 et
1768 1679 1866 1713 Tropici

246 1721 351 1748 easdem
361 1722 528 1750 admitterent
545 1722 695 1758 Scripturas
712 1730 743 1749 ac
754 1721 903 1753 orthodoxi,
918 1721 1058 1752 undenam,
1073 1729 1171 1756 qua-so,
1186 1722 1317 1749 validiora
1331 1729 1416 1758 posset
1434 1724 1552 1759 proferre
1569 1730 1730 1760 argumenta
1746 1732 1823 1760 quam
1836 1730 1864 1750 ex

247 1769 343 1796 divinis
358 1769 399 1797 his
414 1770 488 1797 libris
501 1770 513 1797 .9
528 1769 584 1797 Nec
598 1770 679 1797 etiam
689 1768 804 1796 crebrius
819 1769 861 1795 hic
874 1769 963 1795 eadem
976 1769 1067 1803 repetit
1081 1777 1160 1804 quam
1176 1769 1252 1802 alibi,
1269 1770 1337 1804 quod
1354 1771 1458 1805 quidem
1483 1772 1621 1798 molestum
1642 1773 1744 1799 nemini
1758 1780 1811 1799 esse
1825 1771 1866 1796 de-

247 1816 305 1844 bere
318 1817 373 1852 ipse
387 1818 453 1845 solet
465 1826 633 1853 praemonere.
646 1816 762 1852 Denique
773 1825 832 1843 cum
847 1817 926 1843 iidem
936 1816 977 1843 illi
990 1816 1109 1844 secunda:
1126 1818 1244 1852 epistola
1261 1823 1362 1852 partem
1379 1819 1560 1852 posteriorem,
1578 1827 1637 1854 qua:
1650 1820 1748 1854 primae
1763 1823 1801 1846 est
1815 1818 1870 1853 cpia

247 1866 324 1897 tome,
341 1863 482 1891 Athanasii
492 1871 547 1891 esse
562 1863 735 1895 consentiant,
750 1862 892 1896 permirum
905 1869 965 1888 sane
979 1867 1016 1888 est
1027 1863 1096 1897 quod
1107 1863 1174 1889 hanc
1185 1863 1300 1890 audeant
1317 1865 1464 1898 repudiare.
1480 1864 1532 1892 Sed
1546 1865 1578 1892 de
1590 1865 1630 1892 his
1646 1865 1716 1893 satis
1731 1871 1863 1900 superque.

246 1911 291 1938 Ita
305 1913 374 1938 enim
386 1913 550 1947 perspicuum
565 1917 603 1939 est
616 1919 674 1938 vere
687 1911 828 1937 Athanasii
839 1918 894 1937 esse
907 1911 1019 1945 primani
1031 1911 1098 1937 hanc
1109 1911 1257 1946 epistolam,
1271 1917 1299 1939 ut
1308 1913 1404 1939 nemini
1418 1921 1471 1939 rem
1481 1912 1549 1939 serio
1561 1912 1732 1939 examinanti
1744 1911 1800 1938 ulla
1810 1919 1867 1946 pos-

246 1958 282 1987 sit
293 1957 393 1985 oboriri
405 1959 519 1993 suspicio
531 1958 558 1985 id
571 1959 597 1986 in
609 1959 718 1986 dubium
730 1959 880 1985 revocandi.

281 2003 348 2032 Vili.
361 2003 515 2032 Cardinalis
533 2004 678 2032 Perronius
692 2003 740 2032 lib.
758 2011 776 2031 ιι
795 2003 832 2031 De
845 2003 1028 2036 Eucharistia,
1042 2004 1140 2039 aliique
1156 2005 1276 2032 nonnulli
1289 2010 1448 2040 postremam
1462 2014 1563 2041 quoque
1581 2010 1687 2041 partem
1706 2006 1762 2032 sive
1774 2012 1864 2039 appen-

246 2048 330 2076 dicem
344 2050 461 2084 epistolte
476 2050 588 2084 ultime,
603 2059 693 2086 nempe
706 2050 857 2077 Tractatum
875 2050 902 2076 in
915 2050 990 2076 verba
1005 2049 1140 2083 Matthwi,
1166 2050 1329 2087 Quicunque
1345 2053 1460 2085 dixerit,
1481 2058 1543 2086 ctc.,
1560 2060 1692 2088 negarunt
1709 2061 1799 2082 verum
1815 2057 1864 2079 csse

246 2097 276 2126 8.
289 2097 428 2125 Athanasii
447 2106 521 2133 opus.
534 2099 569 2126 At
583 2107 735 2134 germanum
755 2099 810 2134 ejus
830 2099 911 2133 fetum
930 2106 995 2131 esse,
1013 2106 1043 2125 ea
1058 2107 1115 2133 qute
1126 2098 1206 2134 paulo
1220 2106 1289 2134 ante,
1305 2109 1376 2128 num.
1392 2100 1425 2127 Ill
1444 2106 1468 2128 et
1482 2100 1514 2134 V,
1528 2101 1598 2128 dicta
1611 2107 1686 2136 sunt,
1703 2100 1864 2136 apertissime

245 2145 395 2173 ostendunt.
409 2146 483 2173 Adde
496 2147 524 2173 in
537 2145 655 2174 Concilio
665 2145 837 2174 Lateranensi
849 2144 896 2173 sub
910 2144 1025 2172 Martino
1039 2144 1065 2179 I,
1077 2154 1138 2181 pag.
1151 2145 1212 2181 504,
1226 2151 1277 2174 tres
1289 2147 1360 2175 locos
1373 2156 1405 2176 ex
1420 2148 1467 2176 hoc
1483 2153 1609 2182 tractatu,
1619 2154 1752 2186 tanquam
1766 2156 1798 2177 ex
1809 2154 1863 2176 vero

246 2193 276 2222 S.
290 2193 431 2221 Athanasii
448 2193 533 2228 opere‘,
549 2195 659 2222 adduci.

281 2265 304 2281 “
322 2263 416 2293 Matth.
431 2271 508 2296 xvm,
518 2264 563 2291 32.

281 2344 337 2381 (70)
357 2343 423 2372 Vide
438 2344 500 2372 item
516 2352 577 2379 pag.
595 2343 659 2378 267,
673 2352 700 2371 η.
719 2343 736 2370 5
