1964 3038
107 130 160 158 549

667 129 834 157 EPISTOLA
853 129 862 156 I
883 130 927 156 Al)
952 128 1178 157 SEllAPlONEM.

1677 123 1728 150 530

104 186 251 222 ἀνθρώπου
263 187 287 213 εἰ
299 186 371 222 μὴτὸ
381 187 491 222 Πνεῦμα
501 187 547 214 τοῦ
558 186 700 222 ἀνθρώπου
711 188 740 213 τὸ
748 188 776 214 ἐν
787 188 869 223 αὐτῷ.
879 198 887 214 ι

944 198 953 214 ι
972 188 1058 215 Nemo
1074 188 1123 214 scil
1137 193 1197 221 qum
1217 190 1280 212 sunt
1296 184 1426 216 hominis,
1443 183 1494 210 nisi
1509 182 1622 215 spiritus
1639 180 1726 207 homi-

111 232 158 259 Ἐν
174 233 203 259 δὲ
213 234 246 268 τῇ
272 232 339 268 πρὸς
353 232 556 263 Θεσσαλονικεϊς
569 232 696 267 ἐπιστολῇ
711 233 892 268 ἐπευχόμενος

105 278 194 313 λέγει·
215 288 224 303 ι
246 278 404 313 Ὀλόκληρον
424 277 500 313 ὑμῶν
516 277 546 304 τὺ
558 277 669 313 Πνεῦμα
681 298 688 309 ,
703 278 749 304 καὶ
772 279 788 313 ἡ
808 278 890 314 ψυχὴ,

105 324 199 350 καὶτὸ
213 323 290 358 σῶμα
310 323 460 358 ἀμέμπτως
476 323 504 349 ὲν
520 324 552 358 τῇ
568 323 704 358 παρουσίᾳ.
725 323 772 349 τοῦ
790 323 890 358 Κυρίου

105 369 186 405 ἡμῶν
197 369 251 404 (55)
270 368 355 403 Ὶησοῦ
368 367 486 404 Χριστοῦ
497 368 638 404 τηρηθείη.
651 377 660 394 ι
675 368 791 402 Λέγεται
804 368 832 394 δὲ
845 368 892 394 καὶ

104 415 214 450 ἀνέμων
226 414 367 450 τωεύματα
391 414 476 446 οὕτως
492 415 520 440 ἐν
538 413 586 449 μὲν
605 415 638 449 τῇ
655 413 774 447 γενέσει·
809 423 817 439 ι
837 413 891 440 Καὶ

105 461 245 496 ἐπήγαγεν
261 461 276 486 ὁ
291 459 356 491 Θεὺς
373 459 481 494 πνεῦμα
503 460 549 486 ἐπὶ
563 459 612 494 τὴν
628 459 679 493 γῆν
690 479 696 490 ,
711 459 758 485 καὶ
773 459 891 486 ἐκόπασε

104 507 136 533 τὸ
148 506 234 541 ὕδωρ·
249 515 258 531 ι
273 506 319 532 ἐπὶ
336 506 365 531 δὲ
385 504 432 531 τοῦ
457 505 548 531 Ἰωνᾶ·
567 514 576 530 ι
588 505 642 531 Καὶ
657 505 758 539 Κύριος
767 505 891 541 ἐξήγειρε

106 552 214 586 πνεῦμα
225 552 271 578 ἐπὶ
283 552 331 587 τὴν
344 551 490 583 θάλασσαν,
507 551 553 577 καὶ
567 551 674 585 ἐγένετο
688 551 791 578 κλύδων
805 551 892 586 μέγας

105 598 135 624 ἐν
147 599 181 633 τῇ
198 597 332 633 θαλάσσῃ”
348 596 394 624 καὶ
408 597 438 623 τὸ
452 597 543 623 πλοῖον
555 597 705 624 ἐκινδύνευε
722 597 768 624 τοῦ
785 606 891 633 συντρι-

105 644 187 679 ϐῆναι
200 643 266 679 (56).
285 653 294 669 ι
323 644 378 670 Καὶ
392 645 420 670 ἐν
434 643 483 678 μέν
497 643 536 679 τῷ
557 643 695 678 ἑκατοστῷ
708 644 779 679 ἕκτῳ
791 644 891 679 ψαλμῷ

104 691 272 726 γέγραπται·
289 699 298 715 ι
313 687 391 721 Εἶπε,
406 690 452 716 καὶ
465 689 529 725 ἔστη
546 688 653 724 πνεῦμα
662 690 827 723 καταιγίδος,
844 690 891 716 καὶ

104 735 200 770 ὑψώθη
212 736 246 762 τὰ
261 735 369 770 κύματα
379 735 475 770 αὐτῆς.
492 744 501 760 ι
522 735 566 761 Ἐν
577 734 606 761 δὲ
621 734 660 770 τῷ
676 735 813 771 ἑκατοστῷ
827 744 889 762 τεσ-

105 780 267 816 σαρακοστῷ
280 780 365 815 ὀγδόῳ
378 779 478 815 ψαλμῷ
488 788 494 795 ’
524 789 533 806 ι
551 780 654 806 Αἰνεῖτε
671 780 716 806 τὸν
732 779 833 816 Κύριον
858 781 890 807 ἐκ

103 827 155 862 τῆς
167 827 230 861 γῆς,
238 826 383 861 δράκοντες
394 825 441 852 καὶ
455 826 540 852 πᾶσαι
552 825 663 852 ἄϐυσσοι
672 845 680 857 ,
694 825 760 860 πῦρ,
774 825 888 860 χάλαζα,

944 234 986 261 nis
1000 234 1046 268 qui
1065 235 1090 260 in
1105 233 1164 267 ipso
1179 236 1220 259 est
1235 231 1268 258 Μ.
1292 240 1300 255 ι
1317 229 1349 257 Ει
1369 229 1489 264 Epistula
1506 229 1537 255 ad
1553 225 1728 254 Thessaloni-

942 287 1036 307 censes
1056 279 1112 306 Iure
1129 281 1276 312 precatur:
1305 285 1313 301 ι
1333 275 1439 310 Integer
1455 275 1568 309 spiritus
1587 277 1676 300 vester
1701 277 1727 298 ct

941 326 1031 353 anima
1053 329 1080 352 et
1099 332 1198 359 corpus
1219 323 1277 350 sine
1296 322 1406 356 querela
1429 321 1456 348 in
1477 321 1593 347 adventu
1619 318 1725 345 Domini

941 371 1026 398 nostri
1044 370 1106 398 .Iesu
1121 369 1222 397 Christi
1235 372 1358 396 servetur
1369 367 1403 394 ³⁷.
1427 377 1436 392 ι
1453 366 1556 393 Dicitur
1568 366 1648 393 etiam
1665 372 1726 391 ven-

941 422 1030 444 torum
1043 416 1154 451 spiritus
1174 414 1253 442 sicuti
1268 414 1295 440 in
1310 413 1406 440 Genesi
1425 412 1556 447 scriptum
1580 416 1621 438 est
1637 421 1642 437 :
1663 419 1672 436 ι
1693 409 1726 436 Ει

941 464 1054 491 adduxit
1070 463 1142 491 Deus
1157 462 1283 496 spiritum
1305 468 1386 495 super
1410 465 1520 490 terram,
1535 463 1562 485 et
1575 457 1726 484 imminuta:

941 514 1005 537 sunt
1015 517 1092 544 aqua:
1109 509 1143 535 ³⁸.
1165 517 1174 534 ι
1195 507 1232 534 Dc
1247 506 1315 533 Jona
1335 506 1397 533 item
1414 514 1420 531 :
1439 514 1448 530 ι
1470 504 1503 531 Ει
1524 504 1651 531 excitavit
1672 502 1725 530 Do-

942 557 1032 583 mitius
1047 555 1174 590 spiritum
1186 554 1212 580 in
1231 561 1316 585 mare,
1330 557 1357 580 et
1374 551 1443 579 facta
1456 554 1498 578 est
1509 554 1654 584 tempestas
1668 557 1726 576 ma—

941 609 992 636 gna
1006 601 1035 628 in
1049 600 1130 631 mari,
1141 604 1167 627 et
1182 599 1259 626 navis
1276 597 1480 633 periclitabatur
1491 595 1593 623 conteri
1608 595 1641 621 ’9.
1666 604 1674 620 ι
1694 593 1726 620 Ει

940 646 968 674 in
984 647 1131 674 centesimo
1144 650 1223 673 sexto
1244 645 1349 679 psalmo
1363 653 1368 670 :
1391 653 1401 669 ι
1422 642 1497 669 Dixit
1514 646 1540 668 et
1559 640 1631 667 venit
1646 639 1726 673 spiri-

942 697 985 720 tus
1000 691 1136 726 procellze,
1145 697 1171 718 et
1182 690 1294 718 exaltati
1311 693 1376 716 sunt
1388 688 1487 716 [luctus
1500 687 1560 721 eius
1576 686 1610 712 "°.
1627 695 1636 711 ι
1651 685 1682 711 Et
1698 685 1725 711 in

941 738 1091 765 centesimo
1103 736 1311 772 quadragesimo
1325 739 1422 762 octavo
1433 734 1538 769 psalmo
1555 742 1562 759 ;
1578 741 1587 757 ι
1607 731 1726 758 Laudate

940 783 1086 811 Dominum
1098 783 1131 810 de
1147 787 1231 814 terra,
1242 782 1375 809 dracones
1387 784 1412 808 et
1429 787 1523 807 omnes
1535 778 1635 813 abyssi,
1645 777 1726 812 ignis,

940 829 1053 864 grando,
1066 829 1124 862 nix,
1135 828 1247 863 glacies,
1265 827 1376 862 spiritus
1399 824 1599 860 procellarum,
1617 831 1677 857 qua:
1690 822 1726 849 fa-

103 871 171 907 χιὼν
182 891 189 903 ,
204 870 367 907 κρύσταλλος
379 891 386 904 ,
401 870 509 906 πνεῦμα
523 870 678 905 καταιγίδος
690 891 698 903 ,
714 871 748 898 τὰ
765 870 889 897 ποιοῦντα

944 874 1016 901 ciunt
1028 874 1138 901 verbum
1151 873 1210 908 ejus
1228 873 1258 899 ⁸¹.
1276 882 1284 898 ι
1303 871 1335 898 Ει
1351 871 1422 905 apud
1434 869 1620 903 ,Ezechielcm,
1639 868 1665 894 in
1685 867 1726 894 la—

102 917 150 943 τδν
164 916 242 950 λόγον
257 915 338 942 αὑτοῦ
349 924 356 931 ·
372 925 381 942 ι
399 915 446 942 καὶ⁴
464 916 494 941 ἐν
508 915 547 951 τῷ
564 915 692 951 Ἰεζεχιὴλ
706 916 752 942 ἐπὶ
766 916 812 942 τοῦ
826 915 891 952 Θρή-

102 971 151 989 νου
164 963 216 998 Σόρ
228 961 284 998 (57)
295 970 303 977 ·
319 971 328 987 ι
351 962 394 988 Ἐν
411 961 509 997 καρδίᾳ
525 961 673 997 θαλάσσης,
691 963 719 988 ἐν
735 962 810 988 ὕδατι
825 962 890 989 πολ-

102 1008 142 1043 λῷ
155 1005 222 1042 ἦγόν
239 1015 268 1033 σε
283 1007 308 1033 οί
323 1006 481 1041 κωπηλάται
503 1014 549 1032 σου
561 1015 567 1020 ·
582 1006 612 1032 τὸ
628 1006 735 1041 πνεῦμα
750 1006 797 1032 τοῦ
814 1006 890 1033 νότου

103 1053 246 1089 συνέτριψέ
262 1061 302 1080 σε,
319 1062 328 1078 ι

139 1101 166 1127 8.
181 1099 402 1135 Ἐντυγχάνοντες
412 1098 440 1125 δὲ
450 1098 496 1125 καὶ
507 1099 585 1134 ὑμεῖς
595 1099 654 1130 ταῖς
663 1099 753 1132 ἁγίαις
762 1098 816 1134 (58)
826 1099 891 1134 Γρα-

103 1146 183 1180 φαῖς,
210 1145 340 1180 εὑρήσετε
363 1143 508 1179 λεγόμενον
534 1143 643 1179 πνεῦμα
657 1144 703 1171 καὶ
719 1144 764 1170 τὸν
790 1145 818 1170 ἐν
843 1145 891 1170 αὑ-

100 1192 160 1223 τοῖς
173 1192 228 1222 τοῖς
245 1190 327 1222 Θείοις
349 1189 438 1224 λόγοις
451 1189 528 1223 νοῦν,
543 1190 693 1225 γράφοντος
709 1189 756 1216 τοῦ
772 1189 889 1216 Παύλου·

105 1236 172 1268 ι’·ος
183 1236 237 1272 (59)
253 1236 300 1263 καὶ
318 1236 449 1264 ἱκάνωσεν
465 1236 539 1271 ἡμᾶς
556 1236 695 1267 διακόνους
712 1235 817 1270 Καινῆς
829 1237 890 1263 Δια-

102 1283 201 1319 θὴκης,
213 1283 242 1309 οὐ
252 1283 423 1318 γράμματος,
435 1281 502 1308 ἀλλὰ
513 1281 678 1317 πνεύματος.
691 1281 727 1308 Τὸ
737 1281 791 1316 γὰρ
804 1282 892 1317 γράμ-

103 1339 144 1365 μα
158 1329 312 1356 ἀποκτείνει
321 1348 329 1360 ,
342 1327 373 1355 τὺ
385 1328 414 1355 δὲ
426 1328 535 1364 πνεῦμα
549 1328 684 1361 ζωοποιεῖ.
698 1337 708 1353 ι
727 1327 763 1354 Τὸ
776 1328 824 1362 μὲν
836 1327 890 1362 γὰρ

103 1373 185 1410 ῥητὸν
206 1373 351 1408 γράμματι
376 1373 559 1408 κεχάρακται·
583 1372 597 1398 ὸ
611 1371 640 1398 δὲ
659 1371 720 1404 νοῦς
736 1372 751 1398 ὸ
772 1373 800 1398 ἐν
815 1371 890 1407 αὐτῷ

102 1418 212 1454 πνεῦμα
225 1418 342 1453 λέγεται.
376 1418 469 1450 Οὕτως
483 1419 530 1445 καὶ
558 1427 568 1444 ε
586 1418 601 1444 ὁ
615 1417 694 1453 νόμος
708 1418 890 1453 πνευματικός

101 1466 188 1497 ἐστιν,
204 1475 214 1491 ι
229 1465 262 1491 ἵν’
276 1464 315 1496 ὡς
330 1464 410 1492 πάλιν
424 1464 518 1500 εἴρηκε
538 1463 604 1499 (60),
621 1464 659 1500 μὴ
675 1463 843 1499 δουλεύωμεν
859 1464 889 1491 ὲν

101 1510 263 1546 παλαιότητι
275 1511 448 1546 γράμματος,
463 1510 519 1537 ἀλλ’
536 1510 565 1536 ἐν
575 1509 713 1545 καινότητι
724 1510 887 1546 πνεύματος.

942 924 1034 947 mento
1046 919 1109 955 Tyri
1125 929 1131 946 :
1153 929 1161 944 ι
1181 919 1209 946 ln
1224 918 1304 946 corde
1320 917 1415 949 maris,
1433 916 1459 943 in
1474 916 1553 951 aquis
1567 915 1659 942 multis
1675 914 1724 941 ad-

941 965 1078 993 duxerunt
1091 969 1115 992 te
1130 965 1246 1000 remiges
1269 963 1330 990 tui:
1352 963 1464 998 spiritus
1487 961 1572 989 austri
1598 960 1727 988 contrivit

941 1016 966 1039 te
982 1011 1015 1038 ⁴².
1035 1021 1044 1037 ι

978 1099 1005 1126 8.
1026 1098 1096 1133 Quin
1108 1098 1188 1126 etiam
1204 1098 1226 1125 si
1239 1097 1316 1124 vobis
1329 1101 1437 1124 sanctas
1454 1095 1569 1122 Litteras
1585 1094 1672 1129 legem
1684 1094 1725 1121 lu-

940 1146 1013 1178 beat,
1027 1145 1116 1180 ipsum
1132 1144 1286 1172 divinorum
1299 1142 1443 1170 verborum
1465 1149 1585 1173 sensum,
1599 1141 1724 1176 spiritum

940 1199 1048 1227 quoque
1065 1191 1194 1226 appellari
1221 1190 1372 1225 reperietis.
1397 1189 1442 1216 Sic
1458 1188 1530 1216 enim
1543 1187 1644 1215 Paulus
1658 1188 1726 1215 scri-

940 1238 979 1265 bit
993 1247 999 1265 :
1017 1237 1088 1272 «(Qui
1098 1241 1124 1264 et
1136 1237 1248 1264 idoneos
1258 1243 1308 1263 nos
1322 1234 1386 1262 fecit
1399 1235 1540 1261 ministros
1553 1233 1620 1260 Novi
1631 1233 1726 1260 Testa-

940 1283 1034 1317 menti,
1050 1290 1104 1310 non
1122 1283 1227 1314 litterae,
1243 1281 1289 1309 sed
1304 1281 1426 1316 spiritus.
1443 1279 1546 1307 Littera
1562 1279 1634 1307 enim
1653 1279 1726 1306 occi-

939 1329 990 1362 dit,
1002 1329 1114 1364 spiritus
1125 1333 1216 1356 autem
1230 1327 1348 1355 viviﬁcat
1359 1327 1392 1355 ".
1420 1336 1430 1352 ι
1447 1326 1584 1361 Siquidem
1600 1326 1701 1353 dictum
1717 1345 1724 1357 ,

940 1376 1027 1403 littera
1044 1380 1184 1403 exaratum
1201 1379 1263 1402 est:
1290 1381 1388 1401 sensus
1402 1381 1467 1400 vero
1488 1380 1567 1407 quem
1585 1372 1705 1399 continet
1716 1392 1723 1402 ,

940 1422 1051 1457 spiritus
1063 1421 1172 1449 dicitur.
1189 1421 1227 1448 lta
1242 1425 1269 1448 et
1286 1430 1295 1446 ι
1318 1420 1361 1448 lex
1383 1419 1531 1454 spiritualis
1547 1423 1588 1446 est
1599 1418 1632 1450 δ”,
1653 1428 1662 1443 ι
1685 1422 1724 1449 ιιι,

940 1467 1170 1502 quemadmodum
1185 1467 1257 1494 idem
1272 1466 1351 1499 dixit,
1366 1473 1419 1492 non
1442 1466 1592 1492 serviamus
1603 1464 1631 1491 in
1648 1469 1725 1491 vetu-

941 1517 1010 1540 state
1022 1513 1127 1545 litterae,
1140 1512 1187 1540 sed
1207 1513 1233 1539 in
1253 1512 1372 1539 novitate
1389 1511 1511 1546 spiritus.
1529 1510 1601 1538 Idem
1618 1517 1727 1545 quoque

102 1557 159 1583 Καὶ
172 1556 252 1588 αὐτὸς
269 1557 318 1592 μὲν
331 1555 497 1591 εὐχαριστῶν
513 1555 606 1590 ἔλεγεν
615 1563 622 1570 °
640 1565 649 1581 ι
663 1555 734 1591 Ἀρα
751 1553 796 1582 οὖν
809 1555 889 1587 αὐτὸς

944 1558 1039 1593 gratias
1053 1565 1137 1594 agens
1151 1558 1259 1585 dicebat
1269 1558 1291 1573 "
1303 1565 1309 1583 :
1330 1567 1339 1583 ι
1354 1557 1436 1592 Igitur
1447 1565 1497 1592 ego
1506 1557 1563 1592 ipse
1571 1561 1661 1584 mente
1670 1564 1727 1583 ser-

101 1601 160 1636 ὲγὼ
171 1601 211 1637 τῷ
227 1602 275 1637 μὲν
289 1601 329 1629 νοτ
341 1601 457 1628 δουλεύω
469 1602 544 1637 νόμῳ
557 1600 624 1627 Θεοῦ
633 1621 640 1634 ,
657 1602 690 1636 τῇ
704 1601 733 1627 δὲ
745 1601 826 1636 σαρκὶ
843 1601 888 1627 νό-

103 1657 148 1684 μῳ
162 1648 299 1684 ἁμαρτίας
308 1656 315 1663 ·
332 1647 407 1675 οὐδὲν
420 1647 468 1674 νῦν
481 1647 536 1684 ἄρα
549 1646 605 1682 (61)
619 1646 778 1682 κατάκριμα
791 1647 846 1678 τοῖς
860 1647 888 1674 ὲν

101 1693 215 1730 Χριστῷ
229 1693 325 1729 Ἰησοῦ.
342 1693 371 1720 ‘0
381 1693 436 1729 γὰρ
445 1693 527 1728 νόμος
537 1692 584 1718 τοῦ
595 1691 747 1727 πνεύματος
757 1692 806 1727 τῆς
817 1692 888 1727 ζωῆς

100 1739 133 1764 ὲν
150 1736 259 1772 Χριστῷ
282 1736 367 1772 Ἰησοῦ
383 1736 554 1772 ἡλευθέρωσέ
568 1745 601 1772 με
619 1736 673 1763 ἀπὸ
684 1736 731 1762 τοῦ
742 1736 825 1772 νόμου
840 1737 889 1772 τῆς

102 1783 256 1818 ἁμαρτίας·
276 1793 285 1808 ι
308 1784 322 1810 ὁ
337 1782 365 1809 δὲ
387 1782 533 1814 Φίλιππος,
557 1782 602 1809 τὸν
625 1782 755 1818 εὐνοῦχον
772 1782 826 1809 ἀπὸ
842 1782 888 1809 τοῦ

102 1829 268 1864 γράμματος
292 1829 331 1860 είς
346 1827 377 1855 τὸ
393 1827 500 1863 πνεῦμα
516 1827 599 1854 θέλων
616 1828 789 1863 ἐπιστρέφειν
799 1847 806 1860 ,
833 1828 890 1854 ἐλε-

102 1883 169 1910 γιν·
188 1883 198 1900 ι
215 1872 289 1910 ’Δρά
302 1882 334 1908 γε
349 1873 492 1909 γινώσκεις
511 1874 529 1901 ὃ.
544 1874 757 1908 ἀναγινώσκεις;
773 1883 782 1900 ι
800 1874 889 1901 τοιοῦ-

102 1929 150 1948 τον
164 1920 288 1957 ἐσχηκὼς
307 1921 483 1956 μαρτυρεῖται
506 1920 553 1947 καὶ
578 1921 592 1947 ὁ
615 1920 705 1947 Χάλεὸ
717 1921 772 1955 (62)
789 1922 817 1947 ἐν
833 1922 890 1953 τοῖς

110 1967 259 2003 ⁷Δριθμοῖς,
272 1966 319 1993 τοῦ
330 1965 396 1993 Θεοῦ
410 1966 532 2001 λέγοντος
543 1976 550 1982 ·
571 1976 581 1993 ι
602 1967 630 1993 '0
643 1967 671 1993 δὲ
688 1969 752 1999 παῖς
768 1976 818 2002 μου
832 1967 889 1994 Χά-

103 2013 162 2046 λεϐ,
173 2013 215 2040 ὅτι
231 2012 346 2048 ἐγενήθη
360 2013 452 2049 ἕτερον
464 2012 571 2048 πνεῦμα
584 2013 613 2040 ἐν
625 2012 698 2048 αὐτῷ
707 2032 715 2045 ,
729 2013 776 2039 καὶ
790 2013 890 2048 ἐπηκο-

103 2059 221 2094 λούθησε
236 2068 280 2094 μοι
290 2067 296 2073 ·
312 2059 410 2092 εἰσάξω
426 2059 505 2086 αὐτὸν
522 2059 561 2090 είς
572 2059 621 2094 τὴν
637 2059 688 2094 γῆν
703 2059 741 2090 είς
753 2059 784 2094 ἢν
800 2059 890 2094 εἰσῆλ-

104 2105 152 2131 θεν
166 2105 225 2131 ἐκεῖ
235 2104 289 2140 (65)
300 2124 306 2131 .
321 2114 331 2130 ι
348 2104 432 2140 Ἀλλῃ
445 2104 500 2139 γὰρ
514 2104 617 2139 διανοίᾳ
631 2103 706 2139 παρὰ
717 2103 767 2139 τὴν
779 2103 890 2130 ἐκείνων

105 2151 187 2182 αὐτὸς
202 2150 320 2186 λαλήσας
330 2170 337 2182 ,
350 2151 495 2186 εὐάρεστος
506 2149 546 2185 τῷ
559 2149 618 2183 Θεῷ
633 2149 737 2184 γέγονε.
756 2149 890 2184 Τοιαύτην

105 2196 179 2232 ἐχειν
192 2196 358 2232 προέτρεψεν
372 2197 386 2223 ὁ
402 2196 467 2228 Θεὸς
480 2196 526 2223 τὸν
540 2195 603 2222 λαὸν
619 2195 731 2231 καρδίαν
745 2194 789 2221 διὰ
810 2195 889 2227 Ἰεζε-

940 1604 985 1631 vio
999 1604 1050 1640 legi
1064 1604 1110 1632 Dei
1126 1614 1133 1631 :
1151 1612 1234 1632 carne
1249 1610 1351 1636 autem,
1363 1603 1415 1639 legi
1439 1603 1554 1638 peccati.
1572 1602 1646 1629 Nihil
1662 1610 1727 1637 ergo

940 1657 1013 1677 nunc
1026 1650 1209 1677 damnationis
1220 1654 1261 1677 est
1274 1650 1308 1677 iis
1322 1649 1369 1684 qui
1385 1653 1450 1676 sunt
1473 1649 1500 1676 in
1520 1648 1630 1675 Christo
1651 1646 1725 1674 Jcsu.

940 1695 995 1722 Lex
1005 1695 1077 1723 enim
1092 1695 1204 1731 spiritus
1223 1696 1285 1723 vita:
1302 1695 1329 1722 in
1347 1694 1457 1723 Christo
1467 1694 1531 1722 Jesu
1543 1694 1668 1722 liberavit
1683 1701 1727 1721 me

940 1747 956 1767 a
971 1741 1028 1776 lege
1037 1741 1141 1776 peccati
1156 1741 1188 1767 ⁵⁵.
1205 1749 1214 1766 ι
1234 1740 1375 1775 Philippus
1383 1740 1465 1767 etiam
1478 1739 1634 1767 eunuchum
1652 1747 1667 1766 a
1684 1739 1726 1766 lit-

941 1791 999 1814 tera
1015 1787 1048 1814 ad
1065 1786 1190 1822 spiritum
1204 1791 1362 1814 convertere
1378 1785 1472 1813 volens
1488 1786 1598 1813 aiebat:
1617 1795 1626 1811 ι
1646 1785 1737 1812 ΙιιιεΙ-ι

940 1832 1002 1868 ligis
1022 1839 1083 1867 quae
1106 1833 1172 1868 legis
1189 1832 1229 1859 ⁵τῖ
1253 1841 1263 1858 ι
1282 1829 1375 1859 Talem
1397 1839 1507 1867 quoque
1531 1831 1655 1866 spiritum
1676 1831 1713 1858 Ca

940 1877 984 1904 leb
1013 1876 1142 1905 habuisse
1177 1884 1210 1904 ex
1234 1876 1362 1904 Numeris
1378 1881 1505 1909 constat,
1526 1875 1581 1904 Deo
1596 1876 1725 1904 dicente:

944 1930 953 1946 ι
974 1920 1074 1949 Servus
1089 1929 1166 1949 meus
1180 1921 1272 1953 Caleb,
1289 1921 1352 1956 quia
1372 1921 1460 1949 factus
1472 1926 1514 1949 est
1529 1922 1598 1949 alius
1614 1921 1726 1956 spiritui

941 1967 967 1993 in
981 1974 1013 1994 eo
1024 1988 1030 1999 ,
1050 1972 1077 1994 et
1089 1972 1198 1995 secutus
1211 1971 1253 1995 est
1267 1975 1320 1999 me,
1333 1967 1460 1995 inducam
1479 1967 1569 2001 ipsum
1582 1967 1609 1993 in
1624 1971 1726 1993 terram

942 2012 968 2039 in
986 2019 1068 2047 quam
1086 2012 1142 2040 illic
1158 2013 1298 2048 ingressus
1321 2017 1362 2041 est
1384 2013 1417 2039 ⁸³.
1448 2022 1458 2038 ι
1481 2012 1582 2047 Nempe
1598 2013 1662 2047 quia
1682 2011 1726 2039 ille

941 2058 994 2085 alia
1018 2058 1052 2086 ab
1075 2058 1129 2085 illis
1147 2063 1237 2086 mente
1253 2059 1361 2086 locutus
1373 2058 1425 2092 sit,
1440 2058 1496 2085 Deo
1510 2058 1562 2085 fuit
1587 2062 1724 2092 acceptus.

941 2104 1006 2131 Tale
1021 2104 1084 2131 item
1101 2112 1148 2132 cor
1160 2105 1288 2139 populum
1307 2105 1406 2132 habere
1421 2104 1504 2140 jussit
1519 2104 1588 2131 Deus
1602 2111 1649 2138 per
1661 2102 1726 2129 Eze-

942 2150 1075 2178 chielem:
1098 2159 1108 2175 ι
1127 2150 1218 2178 Facite
1237 2149 1318 2185 525
1337 2149 1415 2177 vobis
1432 2157 1481 2177 cor
1495 2156 1596 2177 novum
1608 2154 1635 2176 et
1647 2147 1727 2183 spiri-

942 2199 998 2222 tum
1011 2203 1110 2223 novum
1125 2196 1158 2222 ‘9.
1179 2205 1189 2221 ι
1207 2195 1272 2229 Quae
1293 2204 1356 2223 cum
1372 2196 1408 2223 ita
1423 2195 1487 2228 sint,
1503 2199 1530 2223 et
1545 2199 1619 2222 tanta
1633 2195 1682 2226 sit,
1698 2197 1727 2220 ut

143 2264 167 2279 "
179 2264 190 2291 l
204 2264 267 2292 Cor.
284 2272 314 2296 ιι,
328 2265 372 2291 Η.
411 2265 432 2280 ³⁷
448 2264 565 2292 lThess.
582 2272 610 2296 ν,
622 2264 668 2291 25.
708 2264 730 2280 ³⁸
743 2263 811 2291 Gen.
828 2271 889 2291 Vl”.

978 2265 999 2281 ³⁹
1015 2263 1076 2292 Jon.
1097 2272 1124 2298 ι,
1140 2265 1166 2292 4.
1206 2265 1228 2281 ⁵ο
1248 2265 1319 2292 Psal.
1336 2273 1389 2297 cvi,
1405 2264 1450 2291 25.
1488 2265 1509 2280 δι
1527 2263 1598 2291 Psal.
1614 2271 1725 2294 cuvnr,

106 2299 136 2330 7,
156 2299 182 2326 8.
225 2299 248 2314 “
261 2298 357 2326 Ezech.
371 2307 456 2333 xxvu,
473 2299 518 2327 25.
542 2314 546 2321 ε
572 2299 595 2315 ⁵³
612 2299 621 2325 l
637 2299 700 2326 Cor.
714 2305 756 2329 nr,
770 2298 797 2325 6.

849 2298 871 2314 “
888 2298 966 2326 Rom.
986 2307 1041 2333 vn,
1065 2300 1109 2327 H.

1159 2300 1182 2316 ⁸⁵
1196 2300 1262 2328 ibid.
1281 2300 1308 2328 6.
1361 2299 1525 2332 “ibid.25;
1552 2307 1611 2331 vm,
1643 2299 1668 2330 l,
1698 2299 1725 2326 2.

107 2334 129 2350 ⁸⁷
146 2334 207 2362 Act.
220 2342 279 2367 νιιι,
290 2334 334 2361 50.
374 2335 397 2351 ⁸⁸
411 2334 490 2362 Num.
508 2342 563 2367 xtv,
575 2334 620 2361 2L
659 2334 681 2350 ⁴⁹
695 2333 794 2361 Ezech.
807 2341 884 2366 xvul,
901 2334 945 2361 51.

145 2379 203 2416 (ὕξ)
224 2379 271 2416 Sic
287 2380 393 2415 primus
407 2381 492 2408 codex
508 2380 624 2415 Regius,
642 2379 756 2416 Seguer.
771 2384 797 2408 et
804 2379 887 2416 _Gr:e-

944 2381 1001 2415 gius
1016 2381 1041 2413 l,
1056 2380 1179 2416 Seguer.,
1192 2382 1351 2414 ἀποκτένει,
1369 2381 1439 2408 forte
1457 2389 1505 2416 pro
1518 2381 1678 2416 ἀποκτενεῖ,
1696 2385 1726 2407 ut

109 2422 159 2450 cus
175 2414 323 2450 Scriptura:
338 2420 439 2450 textus,
448 2416 475 2443 in
491 2414 619 2450 omnibus
633 2414 699 2443 mss.
716 2415 780 2442 edit.
798 2414 886 2442 Oxon.

108 2449 163 2476 Alii
181 2454 209 2477 et
228 2448 312 2485 editi,
327 2450 412 2485 ὑμῶν.
429 2449 529 2485 Ibidem
551 2448 663 2485 Seguer.
682 2450 783 2485 omittit
801 2449 888 2485 ’1ησοῦ

108 2484 238 2520 Χριστοῦ.
248 2484 320 2520 Mox
334 2482 404 2513 idem
426 2484 538 2520 Seguer.
549 2506 556 2519 ,
571 2482 620 2520 pro
634 2482 791 2520 πνεύματα,
810 2482 891 2512 habet

110 2519 330 2555 Πνεῦμαηὴιιιο
344 2525 406 2554 post
421 2519 520 2555 Regius
534 2522 562 2552 2,
572 2519 605 2546 τὸ
619 2520 740 2555 Πνεῦμα.

146 2554 203 2589 (5b)
223 2554 275 2581 Τοῦ
292 2555 367 2582 deest
381 2555 408 2582 in
423 2554 489 2582 mss.
511 2554 602 2589 Regiis
617 2561 644 2582 et
658 2554 768 2589 Seguer.
788 2554 888 2583 Ibidem

109 2588 178 2625 ῌεε.
193 2588 220 2623 1,
235 2589 411 2625 ἐκινδύνευσε.
423 2589 512 2625 Paulo
526 2588 588 2625 pust
608 2588 709 2625 Regius
725 2590 738 2616 1
750 2609 758 2622 ,
777 2589 888 2625 Seguer.

109 2597 178 2651 “eg.
195 2597 220 2623 ι,
235 2597 411 2616 εκινουνευσε.
427 2597 512 2617 rauto
526 2597 588 2625 post
608 2597 709 2625 ttegtus
725 2597 738 2616 ι
750 2609 758 2622 ,
777 2597 811 2617 Se
831 2597 887 2617 uer.

109 2624 219 2665 go-ler.
235 2629 262 2652 et
275 2624 403 2665 .
414 2624 525 2653 Gramus
539 2625 685 2660 Scriptura:
700 2629 797 2658 textus,
812 2598 887 2660 ἔστη.

107 2659 205 2696 Creteri
219 2664 246 2696 et
255 2660 330 2696 editi,
347 2659 422 2696 ἦλθε.

143 2694 201 2737 (5ῑ)
225 2693 270 2722 Sic
285 2693 395 2737 liegirisn
401 2697 427 2728 1,
449 2695 608 2737 Seguer._At
621 2695 673 2737 anlii‘
681 2699 708 2722 et
719 2694 793 2736 editi,
805 2695 887 2727 male,

107 2728 203 2766 Θρόνου
219 2738 276 2766 σου.
284 2728 359 2766 jbid.
375 2730 440 2766 Reg.
454 2728 619 2766 1,’καρδίαις
631 2730 780 2757 θαλασσῶν.

143 2764 201 2801 (58)
221 2764 267 2801 Sic
284 2764 384 2801 Regius
397 2764 429 2798 1,
445 2764 556 2801 Seguer.
579 2766 674 2793 Cancri
689 2773 752 2792 vero
768 2769 794 2792 et
807 2764 869 2792 editi
880 2784 887 2796 .

107 2799 211 2836 Oaicztg.
222 2799 396 2836 Moxrﬂégius
408 2801 436 2834 2,
450 2799 557 2836 πνεῦμα
570 2801 616 2827 καὶ
631 2801 661 2826 τὺ
674 2800 702 2826 ὲν
717 2801 818 2832 αὐτοῖς.

144 2835 256 2870 (59)”Ος
269 2833 350 2864 abest
367 2844 381 2864 a
393 2835 499 2864 Gobler.
514 2833 602 2864 Fclck.
620 2836 644 2864 l.
662 2836 745 2864 Paulo
762 2840 822 2871 post
837 2833 889 2863 Re-

941 2417 1023 2478 galis;
1035 2415 1136 2477 Il‘egius
1153 2417 1180 2444 2.
1196 2417 1296 2444 Ibidem
1312 2417 1366 2452 γάρ
1382 2415 1463 2444 deest
1476 2417 1503 2442 in
1519 2415 1683 2442 Gobleriano
1699 2421 1726 2442 et

964 2459 1004 2478 ec
1027 2471 1033 2477 .
1069 2472 1075 2477 .

964 2459 1033 2478 elCK.
1049 2459 1075 2477 l.

977 2486 1033 2547 (160)
1054 2485 1100 2513 Sic
1120 2486 1225 2527 primus
1240 2487 1323 2515 codex
1345 2485 1463 2529 Regius,
1486 2484 1597 2519 Seguer.
1614 2484 1722 2512 anler.

1007 2521 1074 2547 θρίξ.
1100 2521 1125 2547 1.
1143 2521 1195 2547 Ain
1218 2529 1281 2547 Vero
1307 2526 1334 2547 et
1360 2523 1424 2547 editi
1446 2529 1483 2547 ως
1501 2521 1589 2547 solum
1615 2519 1722 2546 habent.

941 2525 970 2547 et
983 2519 1074 2548 Felck.
1100 2519 1129 2547 ΙΙ
1143 2521 1195 2548 Alii
1218 2529 1281 2550 vero
1307 2526 1334 2550 et
1360 2519 1424 2548 editi
1446 2521 1483 2552 ὡς
1501 2521 1589 2547 solum
1615 2519 1724 2546 habent.

942 2555 1003 2592 Mox
1018 2556 1099 2583 iidem
1115 2557 1143 2581 ὲν
1161 2557 1320 2592 παλαιότητι
1338 2557 1438 2583 habent
1466 2565 1473 2582 :
1494 2555 1584 2582 caeleri
1609 2559 1636 2581 et
1660 2555 1724 2581 editi

943 2591 971 2616 ἐν
987 2591 1126 2618 οιηίιιιιιιι.

977 2625 1032 2663 (Gl)
1055 2625 1178 2663 Seguer,
1192 2634 1240 2663 pro
1253 2627 1300 2654 νῦν
1319 2627 1383 2663 ἄρα,
1402 2623 1550 2663 06v_habet.
1564 2623 1649 2651 Paulo
1665 2629 1725 2658 pnst

943 2659 1045 2697 Regius
1056 2660 1083 2697 ἓ,
1093 2659 1146 2697 τῆς
1163 2659 1235 2697 ζωῆς
1249 2663 1298 2697 τῆς
1313 2659 1346 2688 ἐν’
1358 2660 1478 2696 Χριστῷ.

978 2670 1045 2695 εειιιε
1056 2670 1083 2693 Ζ,
1096 2670 1146 2722 ττὶς
1249 2670 1298 2697 της
1313 2670 1342 2688 εν
1359 2670 1478 2696 Λριστῳ.

978 2696 1033 2731 (62)
1053 2695 1108 2731 Sic?
1135 2698 1224 2731 tegius
1248 2697 1261 2723 l
1277 2718 1285 2730 ,
1304 2697 1416 2731 Seguer.
1439 2695 1543 2729 Anglic.
1567 2693 1725 2731 Goblerxet

941 2729 1036 2771 Ιῗέὶιςίςζ⁵
1049 2731 1073 2757 l.
1091 2729 1178 2764 Editi;
1203 2733 1231 2758 ὐ
1246 2732 1273 2758 δὲ
1294 2729 1358 2764 παῖς
1374 2731 1479 2763 Χαλὲϐ,
1493 2731 1533 2757 ὃτι
1546 2751 1553 2762 ,
1575 2733 1644 2762 etc.,
1658 2729 1724 2757 aliis

942 2773 1062 2793 011115515-

979 2801 1033 2838 (65)
1045 2801 1102 2838 Sic
1112 2800 1212 2838 Regius
1227 2803 1252 2837 l,
1271 2801 1429 2838 chuerian.
1443 2806 1468 2830 ct
1484 2800 1565 2828 LXX.
1583 2799 1677 2827 (θειοιὶ
1696 2803 1725 2827 et

943 2836 1006 2864 Cdili
1017 2856 1024 2868 ,
1042 2835 1153 2867 έκλῆοπ.
