1964 3038
75 127 121 156 555

603 117 774 154 EPISTOLA
793 125 803 152 ι
823 126 867 153 AD
888 119 1118 156 sannio-Neu.

1619 125 1671 153 1558

73 184 170 220 πνεῦμα
183 184 273 211 καινδν
284 184 361 212 δώσω
375 185 438 222 ὑμῖν
448 193 454 200 ·
471 185 517 212 καὶ
538 185 630 220 ἀφελῶ
655 184 704 220 τὴν
726 185 830 221 καρδίαν

890 193 936 220 per
949 184 1117 212 Elechielem
1138 185 1276 220 pollicitus
1292 189 1345 218 est,
1371 184 1465 212 dicens
1486 193 1492 210 :
1509 192 1519 209 ι
1542 182 1575 210 Et
1600 183 1671 210 dabo

71 231 115 266 τὴν
126 230 222 266 λιθίνην
231 231 262 257 ὲκ
274 231 324 266 τῆς
338 231 437 267 σαρκὸς
451 231 528 267 ὑμῶν
536 241 542 247 ·
552 233 598 258 καὶ
606 231 684 259 δώσω
696 233 759 267 ὑμῖν
770 242 838 269 καρ-

70 276 121 303 δίαν
137 277 262 312 σαρκίνην
273 285 279 291 ·
294 278 339 304 καὶ
355 278 386 304 τὸ
399 278 511 312 Πνεῦμά
525 286 575 313 μου
592 277 670 305 δώσω
691 280 719 304 ὲν
733 279 805 313 ὑμῖν.
826 289 836 304 ι

69 323 130 350 Πότε
138 323 166 358 δὴ
180 323 254 349 τοῦτο
266 323 321 357 (74)
334 324 519 359 πεπλήρωται,
535 325 560 350 εί
578 325 615 360 μὴ
627 325 671 351 ὅτε
689 326 838 360 παραγενό-

69 376 141 402 μενος
152 368 166 393 4‘
180 368 278 404 Κύριος
287 370 441 396 ἀνεκαίνισε
455 370 488 396 τὰ
502 370 589 398 πάντα
601 372 634 406 τῇ
647 371 736 407 χάριτι
750 380 757 403 ;
773 371 838 397 Ἰδοὺ

67 413 114 448 γὰρ
126 413 169 440 καὶ
183 414 211 439 ἐν
226 413 263 449 τῷ
278 415 352 450 ῥητῷ
370 415 457 455 τούτῳ
473 416 489 450 ἡ
509 416 625 451 διαφορὰ
640 417 694 442 τῶν
718 417 839 452 πνευμά-

65 467 112 485 των
126 459 255 486 δείκνυται
267 469 273 475 ·
289 461 336 486 καὶ
350 460 378 487 τὸ
396 461 445 496 μὲν
459 461 565 496 πνεῦμα
581 461 611 488 τὸ
628 462 705 497 ἡμῶν
725 463 838 489 ἀνακαι-

64 505 191 540 νιζόμενόν
215 506 288 532 ἐστι·
312 507 341 532 τὸ
359 506 388 533 δὲ
407 508 516 542 Πνεῦμα
535 507 565 534 τὸ
586 508 661 542 ἅγιον
677 509 725 544 οὐχ
746 509 838 542 ἁπλῶς

65 549 171 584 πνεῦμα,
186 550 244 576 ἀλλ’
261 551 359 578 ἑαυτοῦ
371 552 426 587 (75)
440 561 521 588 φησιν
533 553 599 579 αὐτὸ
614 551 683 581 εἶναι
696 555 710 581 ὁ
722 555 796 587 Θεὸς,
809 556 838 582 ὲν

61 592 80 630 ᾧ
93 596 136 623 καὶ
148 597 180 623 τὰ
191 597 269 632 ἡμῶν
294 598 495 631 ἀνακαινίζεται
506 608 513 615 ι
526 600 563 632 ὡς
577 601 624 627 καὶ
645 601 660 626 ό
681 600 788 635 ψάλλων
809 603 837 628 ὲν

62 641 96 676 τῷ
109 642 240 677 ἑκατοστῷ
254 643 300 668 καὶ
314 643 398 678 τρίτῳ
409 643 510 679 ψαλμῷ
532 643 623 679 λέγει’
642 653 651 670 ι
673 645 837 677 ’Λντανελετς

60 686 86 712 τὸ
99 685 202 721 πνεῦμα
219 687 323 718 αὐτῶν,
339 688 385 714 καὶ
399 687 552 722 ἐκλείψουσι
562 710 568 721 ,
592 689 637 715 καὶ
660 690 699 721 είς
715 690 759 716 τὸν
774 690 837 725 χοῦν

58 731 140 757 αὐτῶν
150 732 369 767 ἐπιστρέφουσιν.
394 733 598 765 Ἐξαποστελεϊς
611 735 641 761 τὺ
653 736 765 771 Πνεῦμα
777 745 835 769 σου,

57 777 99 802 καὶ
115 777 315 812 κτισθήσονται,
334 778 382 805 καὶ
393 779 558 812 ἀνακαινιεῖς
574 782 605 807 τὸ
623 783 767 817 πρόσωπον
787 784 836 819 τῆς

55 822 110 857 γῆς.
127 832 136 847 ι
150 823 181 848 Εἰ
198 823 228 849 δὲ
240 825 268 850 ἐν
283 823 321 859 τῷ
345 824 483 860 Πνεὺματι
506 826 555 852 τοῦ
575 826 641 853 Θεοῦ
664 828 835 859 ἀνακαινιζ-ὀ-

890 231 967 258 vobis
981 238 1029 259 cor
1054 238 1170 264 novum,
1186 235 1214 258 et
1229 230 1354 266 spiritum
1366 237 1468 258 novum
1484 229 1556 256 dabo
1571 228 1648 256 vobis
1662 236 1668 253 :

889 281 915 303 et
927 274 1048 303 auferam
1067 283 1115 303 cor
1132 276 1267 311 lapideum
1288 276 1323 303 de
1347 283 1431 303 carne
1447 278 1547 306 vestra,
1561 278 1588 301 et
1599 273 1672 301 dabo

890 322 966 349 Vobis
980 330 1028 349 cor
1055 330 1197 355 carncum,
1222 327 1250 350 et
1275 321 1407 357 Spiritum
1430 328 1520 348 meum
1547 320 1618 348 dabo
1642 320 1670 347 in

889 368 966 395 vobis
977 369 1010 395 ".
1035 377 1044 394 ι
1061 368 1176 401 Quando
1193 375 1258 403 ergo
1271 368 1296 394 id
1316 367 1454 402 impletum
1470 369 1521 400 est,
1533 365 1585 393 nisi
1609 372 1670 392 cum

888 414 997 442 advenit
1011 414 1154 446 Dominus,
1166 418 1193 442 et
1217 421 1280 450 suat
1291 414 1378 449 gratia
1395 413 1488 440 omnia
1516 412 1673 440 renovavit?

888 460 975 488 Porro
989 461 1041 488 hoc
1055 461 1136 488 etiam
1148 461 1175 488 in
1187 461 1246 488 loco
1258 460 1401 495 spirituum
1413 459 1564 486 diﬁcrentia
1578 463 1671 486 osten-

888 507 972 534 ditur.
993 505 1061 534 Nam
1076 506 1187 541 spiritus
1206 510 1310 539 noster,
1336 506 1360 533 is
1379 509 1422 533 est
1441 505 1489 540 qui
1504 508 1670 532 renovatur:

888 553 934 580 scd
951 552 1083 587 Spiritum
1109 556 1246 584 sanctum,
1263 559 1316 579 non
1340 551 1501 586 simpliciter
1529 549 1668 585 spiritum,

888 598 934 626 sed
947 606 1027 626 suum
1041 606 1104 626 esse
1126 597 1257 634 Spiritum
1270 597 1344 625 Deus
1364 597 1495 630 declarat,
1507 596 1534 623 in
1550 602 1605 631 quo
1619 595 1673 622 sci-

888 644 951 671 licet
963 644 1076 679 spiritus
1091 649 1183 672 noster
1193 647 1351 676 renovatur,
1361 642 1552 670 utiPsalmista
1567 641 1672 677 psalmo

887 691 1038 717 centesimo
1055 690 1134 717 tertio
1160 690 1313 717 luculenter
1332 689 1430 716 docet:
1446 697 1456 714 ‹
1476 687 1591 715 Auferes
1617 687 1674 722 spi-

887 736 971 762 ritum
987 743 1080 763 eorum
1095 740 1122 763 et
1134 735 1270 767 deficient,
1289 735 1357 762 etin
1372 734 1508 769 puIVerem
1529 741 1609 761 suum
1628 739 1672 760 re-

886 784 1037 808 vertentur.
1058 780 1175 807 Emittes
1201 780 1334 815 Spiritum
1359 784 1434 806 tuum
1448 783 1476 806 et
1495 778 1671 808 ereabuntur.

886 832 912 854 et
932 827 1077 854 renovabis
1102 826 1198 853 faciem
1219 826 1354 854 terrae".r
1372 824 1450 858 Quod
1473 824 1496 852 si
1519 824 1544 850 in
1569 822 1672 858 Spiritu

56 868 133 902 μεϐα·
145 869 194 895 οὐκ
210 869 265 905 ἄρα
278 870 308 897 τὸ
319 871 430 906 Γίνεῦματ⁵
443 872 472 898 τὸ
487 872 563 906 away
576 874 633 900 ἐστι
647 873 678 899 τὸ
697 873 744 900 νῦν
760 874 830 908 λεγὰ

887 872 934 900 Dei
951 880 1114 900 renovamur
1129 881 1137 899 :
1152 880 1206 899 non
1224 879 1290 906 ergo
1316 869 1435 906 Spiritus
1456 873 1567 897 sanctus
1588 869 1611 896 is
1629 871 1672 896 est

54 921 128 947 μενον
136 914 246 950 πνεῦμα
256 915 405 949 κτίζεσοαι,
412 917 480 943 ἀλλὰ
487 918 516 943 τὸ
523 918 665 953 ἡμέτερον.
680 919 734 945 Καὶ
744 919 834 955 εἴπερ,

51 957 91 984 διὰ
103 959 131 985 τὸ
143 959 234 986 πάντα
248 961 373 994 γενέσθαι
391 962 445 997 (76)
459 962 502 989 διὰ
522 963 568 989 τοῦ
592 963 678 998 Λόγου
688 984 695 997 ,
712 966 834 1000 φρονεῖτε

51 1003 134 1036 καλῶς
149 1005 185 1041 μὴ
200 1004 272 1032 εἶναι
285 1007 386 1042 κτίσμα
402 1008 447 1034 τὸν
463 1008 525 1034 Υίόν
535 1017 542 1023 ·
558 1008 616 1041 πῶς
630 1010 659 1036 οὺ
675 1009 835 1046 βλάσφημόν

49 1049 103 1075 ἔστι
117 1049 205 1084 λέγειν
222 1051 295 1086 ὑμᾶς
311 1052 412 1088 κτίσμα
426 1053 456 1079 τὺ
469 1053 590 1089 Πνεῦμα,
613 1055 642 1082 ὲν
656 1052 677 1089 ᾧ
696 1056 729 1082 τὰ
749 1057 836 1083 πάντα

48 1095 62 1120 ὁ
75 1095 168 1130 Πατὴρ
180 1096 228 1122 διὰ
247 1096 294 1123 τοῦ
310 1097 398 1131 Λόγου
411 1097 508 1125 τελειοϊ
525 1099 571 1125 καὶ
582 1099 750 1131 ἀνακαινίξει
764 1102 835 1133 ;Καὶ

49 1141 81 1172 εί,
96 1140 138 1167 διὰ
153 1141 183 1167 τὸ
197 1142 355 1177 γεγράφθαι
379 1142 473 1175 ἁπλῶς
491 1143 600 1179 πνεῦμα
621 1145 769 1178 κτίζεσϐαι,
785 1147 832 1173 ἀν-

46 1186 195 1214 επλάσαντο
208 1188 318 1220 ἑαυτοῖς
331 1186 400 1214 εἶναι
423 1188 502 1215 τοῦτο
519 1190 548 1216 τὸ
564 1190 675 1226 Πνεῦμα
697 1192 726 1218 τδ
743 1192 833 1226 ἇγιον·

46 1232 186 1268 πεισθῆναι
195 1233 291 1260 λοιπὸν
300 1234 463 1268 ὀφείλουσιν,
478 1235 535 1270 (77)
544 1236 585 1262 ὅτι
601 1237 676 1272 μὴτὸ
685 1237 796 1273 Πνεῦμα
805 1239 835 1266 τὸ

45 1278 120 1312 ᾶγιὸν
139 1279 200 1306 ἐστι
214 1279 248 1306 τὸ
260 1279 427 1316 κτιζόμενον,
442 1280 509 1307 ἀλλὰ.
531 1283 561 1308 τὺ
583 1282 715 1319 ἡμέτερόν
728 1285 784 1310 ἐστι
805 1284 836 1310 τὸ

43 1324 71 1349 ὲν
84 1324 158 1360 αὐτῷ
179 1325 441 1361 ἀνακαινιζόμενον·
461 1327 525 1362 περὶ
544 1325 574 1355 οὗ
596 1329 643 1355 καὶ
671 1330 685 1356 ό
706 1329 762 1364 (78)
785 1331 834 1357 Δα-

42 1367 85 1396 6ὶδ
104 1370 203 1406 ηὔχετο
224 1371 334 1406 ψάλλων
355 1380 362 1387 ·
387 1381 396 1397 ι
417 1372 537 1408 Καρδίαν
553 1374 676 1410 καθαρὰν
695 1376 786 1403 κτίσον
805 1378 835 1404 ὲν

41 1414 113 1448 ἐμοὶ,
134 1415 150 1442 ό
169 1416 241 1447 Θεὸς
255 1416 327 1452 (79),
345 1417 390 1443 καὶ
419 1417 525 1453 πνεῦμα
541 1418 618 1450 suos;
634 1420 785 1454 ἑγκαίνισον
805 1423 834 1449 ἐν

40 1462 95 1493 τοῖς
116 1463 250 1496 ὲγκάτοις
275 1472 336 1498 μου.
353 1474 363 1490 ι
380 1461 443 1492 Ὧδε
457 1465 507 1500 μὲν
518 1465 572 1501 γὰρ
591 1465 697 1500 λέγεται
715 1467 833 1500 κτίζειν·

39 1506 172 1541 πρότερον
187 1508 217 1534 δὲ
236 1507 362 1540 ἔπλασεν,
375 1509 389 1534 ό
400 1508 537 1545 Ζαχαρίας
553 1509 649 1544 φησίν·
661 1519 670 1535 ι
692 1511 834 1538 Ἐκτείνων

886 919 932 954 qui
947 919 1032 946 creari
1048 919 1158 949 dicitur.
1173 917 1218 945 sed
1237 921 1331 944 noster
1346 917 1467 952 spiritus.
1478 916 1506 942 Si
1519 914 1671 950 526item

886 964 949 998 quia
962 963 1054 990 omnia
1073 971 1122 998 per
1147 961 1263 990 Verbum
1279 961 1350 989 facta
1376 966 1450 993 sunt,
1468 965 1541 988 recte
1564 960 1672 988 sentitis

885 1008 984 1036 Filium
1016 1016 1071 1036 non
1102 1016 1164 1036 esse
1196 1016 1253 1035 rem
1279 1012 1398 1036 creatam
1415 1014 1470 1034 :an
1495 1013 1552 1034 non
1579 1006 1671 1034 itidem

886 1055 998 1089 impium
1021 1058 1062 1082 est
1087 1062 1136 1082 vos
1166 1053 1297 1089 Spiritum
1326 1057 1463 1084 sanctum,
1477 1052 1505 1079 in
1521 1059 1576 1086 quo
1590 1051 1672 1079 Pater

885 1108 934 1136 per
948 1099 1069 1128 Verbum
1085 1100 1178 1128 omnia
1196 1099 1302 1135 perﬁcit
1325 1105 1353 1127 et
1368 1102 1492 1132 renovat,
1506 1097 1672 1126 contendere

886 1156 943 1175 rem
958 1155 1020 1176 esse
1036 1147 1179 1176 creatam?
1194 1147 1223 1173 Si
1239 1146 1322 1182 igitur
1339 1145 1411 1181 quod
1433 1144 1593 1180 simpliciter
1605 1143 1672 1172 scri-

886 1200 961 1229 ptum
978 1194 1013 1221 sit
1042 1193 1170 1229 spiritum
1195 1192 1294 1225 creari,
1312 1192 1388 1218 illum
1417 1191 1519 1218 idcirco
1540 1189 1670 1225 Spiritum

886 1243 1010 1267 sanctum
1025 1247 1087 1267 esse
1098 1239 1149 1267 sibi
1160 1239 1227 1274 ipsis
1243 1238 1345 1265 ﬁnxere
1356 1248 1362 1265 :
1370 1237 1426 1272 jam
1440 1243 1601 1272 persuasum
1616 1235 1671 1263 illis

885 1294 945 1314 esse
956 1286 1046 1319 debet,
1060 1293 1114 1313 non
1142 1285 1274 1320 Spiritum
1298 1288 1422 1312 sanctum
1446 1283 1521 1311 illum
1539 1289 1601 1310 eSse
1622 1281 1670 1317 qui

885 1336 1003 1366 creatur,
1013 1332 1059 1360 sed
1073 1335 1198 1359 nostrum
1209 1338 1270 1359 esse
1285 1327 1332 1365 qui
1349 1330 1376 1356 in
1390 1337 1423 1357 eo
1435 1333 1600 1362 renovatur;
1616 1335 1671 1363 qua

885 1379 919 1406 de
930 1386 960 1406 re
970 1382 997 1406 et
1017 1379 1075 1413 ipse
1092 1377 1177 1405 David
1205 1377 1258 1404 hoc
1278 1376 1360 1403 modo
1384 1375 1545 1410 precabatur
1560 1384 1567 1402 :
1587 1383 1598 1401 ι
1615 1374 1672 1402 Cor

885 1422 1018 1450 mundum
1033 1430 1096 1450 crea
1111 1422 1138 1450 iu
1153 1429 1208 1454 me,
1221 1421 1304 1454 Deus,
1328 1426 1354 1448 et
1367 1421 1492 1455 spiritum
1511 1425 1615 1448 rectum
1628 1420 1670 1447 iu-

885 1476 954 1496 n0va
966 1469 1004 1504 (in
1019 1468 1172 1496 visceribus
1200 1468 1268 1495 meis
1279 1467 1313 1494 ".
1331 1477 1340 1493 ι
1358 1466 1466 1494 Etenim
1486 1466 1539 1493 hoc
1559 1466 1587 1492 in
1609 1465 1670 1493 loco

884 1514 1011 1550 spiritum
1025 1522 1119 1542 creare
1133 1513 1242 1546 dicitur,
1262 1518 1342 1548 quem
1358 1516 1437 1539 antea
1449 1512 1575 1544 ﬁnxerat,
1587 1515 1617 1538 ut
1631 1511 1671 1539 ai:

38 1552 82 1578 τὸν
98 1551 217 1589 οὐρανὸν
228 1573 237 1586 ,
256 1555 302 1581 καὶ
326 1554 458 1590 Θεμελιῶν
473 1554 522 1590 τὴν
545 1556 595 1591 γῆν
607 1575 615 1588 ,
642 1556 690 1583 καὶ
707 1557 830 1584 πλάσσων

886 1546 1033 1588 ίεοὴοιιὶοε
1048 1570 1054 1588 :
1070 1570 1080 1586 ι
1097 1560 1254 1589 Extendens
1267 1546 1415 1593 omlum,et
1428 1558 1545 1586 fundans
1557 1563 1670 1592 terram,

36 1599 146 1636 πνεῦμα
157 1601 310 1637 ἀνθρώπου
320 1603 348 1628 ὲν
357 1602 432 1637 αὐτῷ
441 1610 448 1617 ·
461 1612 469 1628 ι
478 1602 492 1629 ὅ
504 1602 558 1639 γὰρ
575 1603 706 1640 πρότερον
721 1603 832 1636 ἔπλασε,

35 1647 113 1674 τοῦτο
139 1648 292 1680 πετττωκὸς
319 1648 446 1675 ἀνέκτισε
459 1648 531 1684 (80),
548 1650 692 1685 γενόμενος
709 1650 790 1682 αὐτὸς
805 1651 834 1677 ὲν

33 1693 71 1729 τῷ
84 1695 233 1730 κτίσματι,
249 1695 294 1721 ὅτε
310 1695 324 1721 ὸ
334 1696 419 1729 Λόγος
439 1696 506 1732 σὰρξ
521 1696 639 1730 ἂγένετο,
656 1706 665 1722 ι
678 1697 732 1731 ἵνα,
746 1707 755 1723 ι
771 1698 809 1730 ὡς
819 1699 833 1726 ὸ

39 1739 207 1773 ’Δπόστολος
235 1738 313 1772 εἶπε,
336 1750 345 1767 ι
362 1742 424 1774 τοὺς
435 1742 483 1769 δύο
506 1742 587 1779 κτίσῃ
611 1744 652 1775 είς
675 1743 723 1770 ἕνα
740 1745 832 1772 καινὸν

31 1785 196 1821 ἄνθρωπον,
217 1787 267 1813 τὸν
286 1787 355 1814 κατὰ
373 1787 439 1814 Θεὸν
461 1787 604 1815 κτισθέντα
626 1789 655 1815 ἰν
675 1789 832 1827 δικαιοσύνῃ

29 1832 76 1858 καὶ
91 1833 220 1868 ὁσιότητι
251 1833 300 1869 τῆς
315 1833 454 1869 ἀληθείας.
474 1843 483 1859 ι
501 1835 537 1861 Οὺ
552 1834 607 1871 γὰρ
622 1835 659 1868 ὼς
680 1836 775 1872 ἑτέρου
790 1836 832 1872 δη-

31 1876 256 1911 μιουργηθέντος
270 1877 344 1912 παρὰ
356 1877 402 1904 τὸν
417 1877 447 1910 ἐξ
468 1878 556 1914 ἀρχῆς
569 1879 630 1907 κατ’
645 1879 737 1907 εἰκόνα
757 1881 832 1914 γενό-

27 1926 108 1955 μενον
123 1922 282 1959 ἅνθρωτὲον
303 1923 395 1958 ἔλεγεν
411 1924 483 1959 (81)·
511 1924 579 1952 ἀλλὰ
607 1925 653 1952 τὸν
675 1926 705 1953 ὲν
721 1927 832 1963 Χριστῷ

27 1968 175 1995 κτισθέντα
190 1969 244 1996 καὶ
254 1969 480 1997 ἅνακαινισθέντα
491 1968 554 1997 νοῦν
565 1971 756 1998 συνεϐούλευεν
767 1973 832 2000 ἀνα-

25 2011 118 2041 λαὸεἶν
128 2023 135 2029 ’
151 2016 229 2051 ὅπερ
248 2015 295 2042 καὶ
306 2015 350 2043 διὰ
373 2015 501 2052 Ἰεζεκιὴλ
517 2017 600 2044 πάλιν
618 2017 745 2052 δηλοῦται
758 2039 766 2050 ,
786 2018 830 2045 λέ-

24 2066 120 2091 γοντος
136 2062 248 2088 αὐτοῦ’
278 2071 286 2086 ι
308 2063 441 2097 Ποιήσατε
467 2063 572 2093 ἑαυτοῖς
596 2063 709 2099 καρδίαν
735 2064 831 2100 καινὴν

21 2107 69 2132 καὶ
85 2107 205 2143 πνεῦμα
229 2108 338 2134 καινόν·
363 2108 410 2135 καὶ
435 2108 478 2135 ἵνα
495 2109 522 2135 τί
544 2102 742 2144 ἀποθνήσκετε,
757 2108 832 2142 οἶκος

28 2151 157 2188 Ίσραήλ;
171 2154 254 2180 Διότι
271 2154 300 2180 οὺ
311 2153 380 2181 θέλω
393 2154 438 2181 τὸν
451 2154 564 2181 Θάνατον
578 2154 624 2181 τοῦ
646 2155 830 2191 ἀποθνήσκον-

19 2205 76 2229 τος,
99 2198 180 2233 λέγει
207 2199 326 2226 Ἀιδωναῖ
343 2199 453 2236 Κύριος.
478 2209 487 2226 ι

53 2243 98 2271 10.
114 2245 233 2272 Οὐκοῦν
263 2245 309 2271 τοῦ
340 2245 497 2282 κτιζομένου
524 2240 677 2281 πνεύματος
701 2245 828 2282 τοιαύτην

845 2228 868 2256 D

884 1611 913 1633 et
924 1605 1030 1642 [ingens
1046 1606 1171 1641 spiritum
1184 1606 1304 1634 hominis
1315 1605 1343 1633 in
1354 1605 1414 1640 ipso
1422 1605 1456 1632 ".
1470 1614 1480 1631 ι
1497 1603 1584 1638 Quem
1595 1605 1669 1632 enim

888 1656 967 1680 antea
983 1652 1110 1685 ﬂuxerat,
1124 1652 1250 1680 eumdem
1265 1656 1358 1687 postea
1373 1651 1479 1686 lapsum
1491 1650 1581 1678 denuo
1593 1652 1670 1678 crea-

885 1698 936 1732 vit,
947 1697 1038 1726 Iactus
1051 1699 1109 1734 ipse
1128 1698 1157 1726 in
1174 1705 1204 1726 re
1231 1702 1333 1730 creata,
1351 1705 1449 1733 nempe
1466 1704 1529 1725 eum
1550 1696 1668 1725 Verbum

884 1751 949 1772 caro
967 1743 1068 1771 factum
1093 1747 1145 1776 est,
1161 1751 1171 1769 ι
1186 1748 1227 1776 ut,
1241 1753 1251 1770 ι
1279 1742 1506 1778 quemadmodum
1521 1741 1669 1776 Apostolus

883 1789 942 1821 ait,
963 1797 974 1815 ‹
991 1789 1060 1817 duos
1072 1789 1172 1816 condat
1188 1788 1216 1816 in
1236 1796 1320 1816 unum
1337 1794 1437 1814 novum
1461 1787 1610 1819 hominem,
1621 1786 1669 1821 qui

883 1835 1034 1863 secundum
1052 1834 1137 1862 Deum
1155 1841 1265 1862 creatus
1284 1837 1326 1861 est
1351 1834 1379 1860 in
1403 1832 1510 1869 iustitia
1526 1837 1554 1860 et
1566 1833 1668 1860 sancti-

882 1885 937 1909 tate
949 1881 1073 1909 veritatis
1083 1881 1116 1907 ⁸³.
1128 1890 1138 1907 ›
1148 1880 1175 1908 Id
1185 1880 1258 1907 enim
1270 1887 1323 1908 non
1337 1880 1406 1907 dixit
1417 1884 1546 1915 tanquam
1560 1883 1668 1906 creatus

882 1927 918 1955 sit
933 1927 1004 1956 alius
1021 1927 1055 1955 ab
1072 1927 1120 1955 illo
1146 1926 1258 1954 homine
1278 1927 1325 1961 qui
1356 1926 1434 1953 initio
1458 1926 1492 1953 ad
1520 1924 1667 1959 imaginem

880 1972 969 2001 factus
979 1972 1040 2006 fuit,
1057 1973 1105 2000 sed
1123 1973 1156 1999 ad
1169 1976 1289 2000 creatam
1302 1975 1330 1999 et
1344 1975 1502 1999 renovatam
1515 1971 1544 1998 in
1557 1970 1667 1998 Christo

881 2023 999 2046 mentem
1032 2018 1234 2054 suscipiendam
1267 2017 1360 2046 ﬁdeles
1386 2017 1568 2050 hortabatur;
1593 2016 1667 2051 quod

881 2065 953 2093 idem
980 2065 1023 2093 his
1043 2065 1134 2092 verbis
1152 2069 1263 2099 prastat
1286 2064 1412 2092 Ezechiel
1428 2071 1437 2090 ε
1455 2062 1571 2090 «Facite
1587 2062 1673 2089 vobis

881 2118 928 2138 cor
940 2119 1042 2139 novum
1054 2116 1081 2138 et
1092 2111 1218 2146 spiritum
1236 2117 1336 2137 novum
1353 2118 1359 2135 :
1373 2113 1401 2137 et
1416 2117 1501 2145 quare
1514 2108 1666 2142 morimini,

881 2156 981 2184 domus
994 2156 1097 2184 Israel?
1112 2155 1181 2189 Quia
1207 2155 1271 2183 nolo
1294 2159 1410 2182 mortem
1433 2153 1585 2186 morientis,
1600 2153 1667 2181 dicit

880 2201 983 2230 Adonai
1002 2202 1133 2229 Dominus
1141 2202 1174 2228 ‘°.
1188 2211 1197 2226 ι

917 2248 959 2275 to.
978 2247 1046 2275 Cum
1064 2248 1147 2283 igitur
1163 2248 1201 2275 ita
1214 2247 1385 2274 sentiendum
1408 2246 1444 2274 sit
1460 2246 1493 2274 de
1509 2246 1556 2273 illo
1567 2244 1666 2280 spiritu

55 2312 80 2350 ξ
94 2312 203 2350 Eteclr.
226 2321 322 2350 xxxvi,
334 2314 380 2341 26.
420 2314 443 2330 "
458 2313 529 2341 Psal.
543 2322 598 2346 cm.
610 2313 655 2347 29,
669 2313 713 2341 50.
752 2315 774 2330 "
791 2315 830 2343 Ps:

885 2325 905 2350 ι,
923 2317 966 2345 I2.
1003 2318 1027 2333 ⁸¹⁸
1044 2317 1159 2344 Zachar.
1177 2323 1225 2349 xu,
1244 2316 1270 2343 1.
1306 2315 1329 2332 "
1344 2314 1443 2350 Ephes.
1457 2322 1488 2346 Il,
1503 2314 1554 2346 I5;
1567 2320 1605 2346 tv,
1618 2313 1664 2341 ει.

15 2342 168 2376 ⁸⁸Ἐιεοὴ.
190 2356 279 2380 xvm,
293 2342 338 2383 3i,
353 2349 398 2377 32.

50 2404 111 2436 ιη)
133 2404 269 2440 Anglic"
282 2405 352 2433 Πότε
366 2406 394 2433 δὲ
412 2405 500 2432 τοῦτο.
516 2405 598 2433 Paulo
611 2409 672 2440 post
687 2405 786 2440 Regius
805 2406 817 2433 I

11 2445 38 2477 et
49 2440 79 2472 2,
94 2439 219 2477 segirer.
239 2439 322 2477 Basil,
338 2441 445 2468 Gobler.
462 2440 593 2477 Felck,j,
607 2439 622 2467 ό
637 2439 746 2476 Κύριοξ.
759 2461 786 2477 ,ᾖ
802 2442 822 2477 ἡκ

10 2476 146 2512 διαφορά.
160 2476 222 2512 Alii
237 2479 267 2502 et
280 2476 343 2502 editi
355 2476 528 2512 omittunt),
546 2476 681 2512 iidemque
695 2475 820 2512 qunHBa-V

9 2510 68 2543 sil.,
84 2510 228 2548 ﬁ._lbid_..
248 2512 354 2548 anteﬁxi
367 2510 407 2548 τῷ
423 2511 510 2548 ῥῃτῷ,
523 2510 660 2548 καίιῲοει
674 2510 787 2548 a_B_as_il.

45 2537 106 2581 (7⁸5)
122 2537 176 2573 δίο
189 2537 299 2581 Regius
315 2546 332 2572 Ι.
344 2537 371 2573 et
383 2537 411 2576 ά,
423 2537 544 2581 ἐἰςὐἒῖ.
559 2545 667 2573 Gobler.
687 2544 776 2581 [θείοις.
792 2546 817 2574 I.

9 2579 74 2615 Alii.
96 2579 205 2609 αὐτοῦ.
226 2579 298 2608 Ibid.
315 2581 380 2616 Reg.
396 2582 409 2608 1
425 2587 451 2609 et
464 2579 495 2613 ξ,
514 2580 642 2616 Seguer.,
659 2580 724 2607 αὐτὸ
738 2579 817 2607 εἶναι.

9 2618 109 2645 [Σιριρτὶ
128 2622 159 2644 et
173 2617 250 2644 editi
265 2617 330 2643 αὐτό
344 2618 483 2645 omittunt.

42 2653 104 2687 (76)
128 2653 255 2679 Primus
268 2653 350 2678 covter
371 2651 480 2686 Regius.
506 2651 631 2685 Seguer.,
644 2650 817 2687 γεγενῆσθαι.

53 2690 103 2723 77)
128 2688 182 2715 Sic
201 2686 311 2720 Regius
325 2687 350 2718 I,
365 2687 470 2723 Anglic.
483 2687 518 2713 At
534 2687 579 2713 alti
593 2690 619 2713 et
634 2686 717 2713 editio
735 2686 818 2713 Cont-

9 2721 283 2758 ιηε1.,’γνώτωσαν,
297 2723 354 2753 ὅτι,
374 2727 425 2758 (εις.
446 2721 545 2758 Ibidem
568 2729 631 2758 qum
656 2725 817 2758 sequuntur,

9 2760 41 2786 ita
58 2755 184 2788 exstant
202 2757 234 2783 in
255 2755 339 2792 [legio
355 2759 379 2787 l.
398 2757 510 2792 Suguer.
525 2755 633 2784 Gobler.
649 2761 675 2792 et
688 2755 776 2783 Felck.
793 2757 818 2783 1.

9 2795 150 2822 “ceteri
170 2797 202 2820 et
222 2791 307 2823 editi,
324 2792 354 2818 τὸ
370 2791 446 2826 ἅγιον
462 2792 573 2826 Πνεῦμα
586 2792 635 2818 οὐκ
654 2791 710 2817 ἔστι
729 2791 818 2824 κτιζό-

9 2839 33 2856 ’.ε
38 2839 84 2857 νον
91 2852 96 2857 .

180 2875 335 2906 Panos.
357 2874 415 2905 Gn.
443 2875 556 2906 XXVI.

908 2407 963 2442 (78)
983 2407 1092 2435 Gobler.
1118 2410 1146 2434 et
1165 2406 1256 2442 Felcle.
1280 2405 1521 2442 primuspnegius
1539 2403 1663 2442 primus,

873 2437 986 2478 Seguer.
1009 2443 1024 2469 ό
1038 2442 1178 2478 omittunt.
1197 2437 1308 2469 Goble'r.
1324 2446 1351 2469 et
1367 2437 1597 2475 Felck.'priu{us,
1612 2437 1663 2466 Ibi-

872 2476 933 2506 dem
948 2477 1048 2512 ηὖχετο
1062 2476 1160 2511 λέγων.

909 2487 933 2504 I'll
948 2487 993 2512 ηυ*
1004 2487 1048 2504 ετο
1063 2487 1160 2511 Λεγων.

907 2487 1082 2553 (Ἱρῌέθειίυε
1097 2512 1114 2553 Ir
1127 2516 1154 2540 et
1168 2511 1196 2544 2,
1211 2511 1324 2548 Seguer.
1338 2511 1440 2538 addunt
1461 2510 1475 2536 ό
1494 2508 1560 2540 Θεός
1582 2516 1589 2534 :
1615 2507 1661 2535 alii

871 2553 898 2576 et
912 2548 975 2575 editi
988 2549 1130 2574 omittunt;

907 2583 962 2617 (80)
982 2582 1090 2618 Primus
1108 2582 1192 2618 codex
1209 2580 1321 2618 begins.
1338 2581 1464 2618 Segusp,
1480 2578 1631 2618 ἀνέστησε.¹

904 2614 960 2653 (81)
980 2617 1026 2646 Sic
1042 2617 1167 2652 Regius!
1185 2637 1192 2649 ,
1209 2614 1321 2651 Seguer.
1342 2614 1439 2644 Czéteri
1456 2619 1483 2653 et
1496 2614 1561 2653 editi
1578 2614 1660 2653 omit-

868 2649 929 2680 tunt
944 2653 1047 2687 ιλεγεν.
1072 2649 1171 2679 Ibidem
1194 2649 1259 2687 quaa—
1278 2657 1449 2687 sequuntur,
1470 2649 1614 2687 (itajacent
1631 2649 1659 2675 in

868 2688 952 2722 Regio
968 2685 1001 2720 1,
1016 2687 1128 2721 Seguer.
1144 2685 1253 2714 Gnhler.
1266 2692 1292 2714 et
1307 2686 1398 2714 Felck.
1417 2685 1443 2712 1.
1462 2685 1661 2722 Alii_autem_et

867 2720 952 2751 editio
972 2720 1105 2751 Commel.
1121 2723 1251 2749 omittunt
1261 2742 1267 2752 .
1284 2722 1331 2748 καὶ
1346 2720 1572 2750 ἀνακαινισθέντα
1584 2720 1659 2747 νοῦν.

869 2758 926 2786 νος
948 2758 1139 2785 συνεϐούλευεν
1160 2758 1237 2784 abest
1253 2765 1268 2784 a
1285 2757 1394 2786 Gobler.
1411 2761 1437 2789 et
1457 2755 1550 2783 Felck.
1572 2753 1600 2783 ί.
1624 2753 1661 2782 At

866 2793 955 2821 Oltob.
971 2795 1052 2821 habet
1064 2792 1281 2820 συνεῆούλευσεν.

1481 2864 1515 2900 ις
