1974 3037
85 94 131 123 561

639 95 810 124 EPISTULA
828 96 838 123 l
858 97 903 124 AD
922 95 1147 125 SERAPIONEM.

1635 87 1696 125 '569.

85 165 157 192 ἑστιν
169 164 185 191 ὁ
197 163 254 197 θεὶς
268 165 296 192 ιν
306 165 393 197 αὐτοῖς
404 166 434 193 τὸ
449 166 558 202 Πνεῦμα
574 167 604 193 τδ
617 167 692 201 ἅγιον
705 188 711 199 ,
727 168 740 194 ό
760 167 864 202 ἀναγα-

920 168 983 204 ipsis
999 169 1129 203 Spiritum
1151 172 1287 200 sanctum,
1310 167 1357 203 qui
1380 166 1490 203 Moysen
1515 167 1625 195 dextera
1650 167 1696 196 de-

83 209 139 243 γὼν
159 209 216 246 (10)
231 211 263 245 τῇ
281 209 353 246 δεξιᾷ
364 210 481 246 Μωσῆν;
501 220 511 237 ι
531 211 578 238 καὶ
599 212 656 247 μετ’
681 211 759 246 ὀλίγα
782 213 864 247 φησί-

86 265 95 281 ι
112 255 220 290 Κατέση
231 255 340 290 Πνεῦμα
353 256 428 293 παρὰ.
438 256 540 293 Κυρίου
551 258 599 284 καὶ
607 257 747 293 ὡδήγησεν
757 258 865 291 αὐτούς.

84 300 176 333 οὕτως
192 301 293 337 ἤγαγες
314 301 360 328 τὸν
381 301 445 329 λαόν
471 311 517 329 σου
547 303 662 338 ποιήσας
683 303 740 338 (Η)
762 303 866 339 σεαυτῷ

83 346 166 382 ὄνομα
177 347 254 383 δόξης
263 355 270 362 ·
286 357 295 373 ι
308 347 349 379 τίς
360 348 392 374 ἐκ
403 348 504 375 τούτων
514 350 544 375 οὐ
557 349 657 385 συνορᾷ
666 349 714 385 τὴν
727 349 865 385 ἀλήθειαν;

84 391 136 418 Τοῦ
153 391 206 427 γὰρ
219 392 286 418 Θεοῦ
301 393 534 429 ἐπαγγειλαμένου
549 394 738 430 καθηγεῖσθαι,
751 395 805 422 ίδοὺ
817 396 867 422 οὐκ

83 439 123 465 Est
139 438 252 473 ἇγγελον
265 439 460 473 ἐπαγγέλλεται
481 439 608 474 πέμπειν,
625 440 693 467 ἀλλὰ
712 440 743 467 τὸ
756 440 867 476 Πνεῦμα

84 483 176 515 αὑτοῦ,
193 484 207 510 ό
229 485 302 510 ἐστιν
317 484 387 520 ὑπὲρ
401 485 463 516 τοὺς
476 484 607 518 ἀγγέλους
618 505 626 518 ,
649 485 696 512 κα)⁵
714 486 781 512 αὐτὸ
802 485 868 512 καθ-

84 529 235 565 ηγούμενόν
255 530 313 556 ἐστι
327 529 374 556 τοῦ
389 529 463 557 λαοῦ.
478 529 533 557 Καὶ
546 530 691 563 δείκνυται,
705 531 746 558 ὄτι
767 531 796 557 οὗ
813 531 868 558 τῶν

84 575 251 611 κτισμάτων,
268 575 327 602 οὐδὲ
338 575 452 609 ἄγγελός
469 576 526 602 ἑστι
537 575 567 602 τὸ
578 576 704 611 Πνεῦμα,
728 576 794 603 ἀλλὰ
813 576 868 604 ἄνω

84 621 133 657 τῆς
154 621 269 652 κτίσεώς
293 622 365 648 ἐστιν
383 621 437 658 (12)
450 641 457 653 ,
479 622 618 657 ἡνωμένον
637 624 671 659 τῇ
693 622 799 658 θεότητι
820 622 867 650 τοῦ

85 666 201 702 Πατρός.
219 666 302 698 Αὐτὸς
317 667 370 703 γὰρ
382 668 395 694 ὁ
410 667 475 699 Θεὸς
487 667 530 694 διὰ
550 667 597 694 τοῦ
619 668 704 702 Λόγου
733 669 762 694 ὲν
785 668 868 695 Ilvati-

87 720 150 747 ματι
164 711 309 748 καθηγεῖτο
325 712 372 739 τοῦ
394 712 476 739 λαοῦ·
490 713 551 740 ὅθεν
571 713 617 740 καὶ
639 713 683 740 διὰ
708 713 798 749 πάσης
818 714 869 748 τῆς

85 757 196 794 Γραφῆς
215 767 305 794 φησιν·
325 767 334 784 ι
357 758 426 793 Ἐγὼ
441 759 576 794 ἀνήγαγον
600 758 657 794 (15)
674 759 745 795 ὑμᾶς
768 760 800 786 ὲκ
818 760 870 795 γῆς

84 804 220 838 Αἰγύπτου
230 812 238 819 ·
267 804 404 840 μάρτυρες
439 804 517 840 ὑμεῖς
533 805 604 836 ὲστε,
628 805 652 831 εί
665 805 729 836 Θεὸς
744 802 778 841 ἦν
794 805 870 832 ἁλλό-

916 215 994 243 dnxit
1019 214 1079 241 ⁸⁸2»
1109 219 1136 243 et
1159 215 1240 250 paulo
1259 218 1340 250 post:
1358 214 1518 242 «Descendit
1536 214 1654 249 Spiritus
1681 223 1694 241 ιι

917 261 1032 289 Domino
1045 265 1072 289 et
1085 261 1181 289 ductor
1191 261 1297 289 illorum
1314 260 1375 288 fuit.
1393 259 1438 288 Sic
1450 260 1551 288 duxisti
1565 260 1694 295 populum

916 311 1004 338 tuum,
1032 311 1062 334 ut
1082 307 1185 335 faceres
1208 307 1256 334 tibi
1272 314 1372 334 nomen
1394 306 1486 342 gloriae
1501 305 1540 331 ":
1561 314 1570 331 ι
1584 305 1645 340 quis
1663 313 1694 332 ex

917 351 960 379 Itis
974 352 1115 379 veritatem
1128 359 1183 379 non
1195 351 1342 388 perspicit?
1356 351 1424 378 Nam
1436 359 1497 379 cum
1515 350 1587 378 Deus
1602 358 1632 378 se
1646 351 1696 377 du-

917 405 975 425 cem
993 398 1083 432 populi
1098 397 1155 425 l'ore
1168 401 1241 426 esset
1259 397 1407 433 pollicitus,
1421 405 1484 424 ecce
1510 404 1564 424 non
1577 397 1633 432 jam
1648 403 1697 423 an-

917 442 1017 478 gelum,
1034 441 1081 469 sed
1094 449 1172 469 suum
1183 441 1324 476 Spiritum,
1334 441 1380 476 qui
1391 441 1493 475 angelis
1509 441 1633 476 superior
1644 444 1695 473 est,

917 486 1057 514 ductorem
1083 486 1175 521 populi
1205 494 1235 514 se
1260 486 1408 514 missurum
1437 486 1582 521 promittit.
1607 485 1697 519 Quare

917 535 991 567 patet
1010 531 1141 566 Spiritum
1161 539 1214 559 non
1241 540 1274 559 ex
1298 532 1380 560 rebus
1398 532 1496 560 creatis
1511 539 1599 567 neque
1614 539 1703 566 tinge--

918 578 974 606 lum
986 585 1056 610 esse,
1069 578 1118 606 sed
1131 578 1213 606 rebus
1226 578 1355 606 omnibus
1376 578 1473 606 creatis
1490 577 1657 612 superiorem
1671 582 1698 605 et

918 623 1005 651 Patris
1031 623 1166 651 divinitati
1192 624 1366 659 conjunctum
1396 631 1465 651 esse.
1493 622 1615 658 Namque
1640 623 1698 658 ipse

919 669 990 697 Deus
1018 677 1066 705 per
1086 669 1204 698 Verbum
1229 670 1256 697 in
1288 669 1390 705 Spiritu
1418 670 1547 705 populum
1565 669 1697 701 ducebat;

919 715 991 744 unde
1015 723 1062 751 per
1075 720 1158 743 totam
1180 715 1346 751 Scripturam
1370 720 1504 744 testatur:
1523 725 1532 741 ι
1546 713 1602 750 Ego
1616 715 1698 742 eduxi

919 769 968 788 vos
978 761 1011 788 de
1029 765 1100 788 terra
1111 759 1221 796 Egypti
1235 769 1242 786 :
1256 765 1338 788 testes
1352 768 1399 788 vos
1412 761 1489 793 estis,
1505 760 1526 787 si
1547 759 1618 787 Deus
1630 760 1697 786 alie-

919 813 971 833 nus
983 805 1079 833 eratin
1090 805 1167 833 vobis
1181 811 1280 841 praeter
1299 813 1342 832 me
1350 804 1383 832 ⁸³.
1402 814 1411 831 ι
1427 804 1520 832 Sancti
1537 812 1645 840 quoque
1661 804 1698 832 ita

84 854 158 885 τριος
169 851 198 876 ὲν
214 849 277 885 ὑμῖν
288 839 445 885 πλὴννὲμοῦ.
468 860 476 876 ι
495 850 549 876 Καὶ
572 850 597 876 οἱ
610 849 682 884 ἆγιοι
698 849 726 876 δὲ
740 839 867 886 ιιτροσφω-

920 850 974 878 Deo
995 851 1164 887 loquuntur:
1182 839 1193 877 ἒ
1218 851 1358 879 Deduxisti
1385 851 1456 878 sicut
1477 839 1552 878 oves?
1567 850 1697 886 populum

83 895 159 922 νοῦσι
173 895 212 931 τῷ
224 895 302 930 Θεῷ⁸
324 905 332 922 ι
359 896 508 932 Ὠδήγησας
533 895 570 927 ὡς
586 896 709 932 πρόόατα
730 896 776 922 τὸν
804 896 867 923 λαόν

85 950 133 968 σου
145 951 152 958 ·
167 952 176 968 ι
185 942 242 973 καὶ,
255 951 264 968 t
276 941 420 978 Ὠδήγησεν
435 943 532 974 αὐτοὺς
543 942 643 978 Κύριος
651 943 694 969 ἐπ’
703 942 789 968 ὲλπίδι
799 942 866 979 (Η),

85 988 132 1015 καὶ
148 989 198 1016 οὐκ
215 988 375 1016 ὲδειλίασαν.
401 999 410 1014 ι
430 988 523 1023 Τούτῳ
538 988 584 1015 καὶ
608 987 653 1015 τὸν
675 987 758 1023 ῦμνον
775 989 867 1015 ἀνατι-

83 1034 162 1062 θέασι
175 1034 314 1069 λέγοντες·
332 1043 342 1060 ε
362 1033 407 1070 Τῷ
423 1034 576 1068 διαγαγόντι
595 1034 640 1061 τὸν
660 1034 722 1061 λαὸν
745 1034 826 1061 αὐτοῦ
839 1035 868 1061 ὲν

84 1081 117 1115 τῇ
136 1081 241 1116 ἐρήμῳ,
252 1081 293 1107 ότι
306 1080 346 1112 εἰς
356 1079 402 1106 τὸν
419 1079 504 1106 αἰῶνα
516 1079 547 1105 τὸ
559 1078 632 1111 ἕλεος
643 1079 735 1106 αὑτοῦ.
751 1088 761 1104 ι
789 1079 818 1105 '0
839 1078 868 1105 δὲ

86 1126 173 1161 μέγας
195 1126 298 1161 Μωσῆς
315 1125 433 1161 συνεχῶς
451 1125 582 1160 διηγεῖται
607 1124 677 1159 (15)·
706 1133 715 1150 ι
733 1123 834 1159 Κύριος
854 1123 868 1150 ό

85 1172 151 1204 Θεὸς
167 1173 181 1199 ό
205 1172 440 1208 προπορευόμενος
458 1172 512 1207 πρὸ
531 1170 676 1207 προσώπου
693 1170 779 1206 ὑμῶν.
803 1180 811 1196 ι
832 1169 869 1197 Τὸ

85 1218 141 1254 ἄρα
156 1218 201 1245 τοῦ
216 1218 282 1245 Θεοῦ
297 1217 407 1253 Πνεῦμα
421 1217 471 1244 οὐκ
485 1217 518 1244 ἃν
534 1218 577 1252 εἴη
595 1217 718 1251 ἄγγελος,
737 1216 796 1243 οὐδὲ
812 1215 869 1242 κτί-

68 1294 73 1297 _
87 1273 154 1300 σμα,
167 1264 224 1291 ἀλλ’
240 1264 303 1291 ῐδιον
316 1264 365 1299 τῆς
375 1263 500 1299 θεότητος
524 1262 616 1290 αὐτοῦ.
641 1262 693 1289 Τοῦ
712 1262 766 1298 γὰρ
788 1261 870 1289 Πνεύ-

87 1318 173 1345 ματος
190 1310 265 1342 όντος
280 1310 309 1336 ἐν
322 1309 361 1345 τῷ
374 1308 441 1344 λαῷ,
456 1310 470 1336 ό
480 1308 545 1341 Θεὸς
558 1309 591 1335 δι’
603 1308 669 1335 Υίοῦ
686 1309 715 1336 ὲν
731 1307 869 1343 Πνεῦματι

84 1353 122 1392 ἦν
135 1356 164 1382 ὲν
177 1356 278 1387 αὐτοῖς.

123 1403 167 1430 15.
190 1403 258 1430 Ἀλλ’
271 1402 340 1429 ἔστω
351 1401 447 1434 ταῦτα,
461 1402 527 1437 φασὶ
540 1401 586 1428 καὶ
603 1400 678 1428 αὐτοί
690 1409 697 1416 ·
719 1399 762 1428 διὰ
779 1400 805 1426 τί
823 1398 868 1427 οὖν

84 1448 101 1474 ὸ
131 1447 291 1479 ’Δπόστολος
307 1447 377 1482 μετὰ
404 1446 450 1474 τὸν
472 1445 588 1481 Χριστὸν
616 1445 665 1472 οὐκ
694 1444 818 1480 ὠνόμασε
840 1444 870 1471 τὸ

86 1492 199 1528 Πνεῦμα
215 1492 245 1519 τὸ
261 1492 350 1525 ἅγιον,
363 1491 430 1519 ἀλλὰ
440 1492 502 1524 τοὺς
517 1491 661 1522 ἐκλεκτοὺς
671 1489 819 1524 ἀγγέλου;;
835 1489 870 1516 Τὺ
883 1509 904 1538 C

85 1539 153 1567 αὐτὸ
167 1540 189 1567 δ’
201 1539 233 1565 ἄν
242 1547 283 1571 τις
298 1539 397 1570 αὐτοὺς
413 1538 569 1574 ἐρωτήσειε·
585 1536 634 1564 Διὰ
646 1536 672 1563 τί
687 1536 724 1572 μὴ
737 1535 871 1572 ἀρχαγγέ-

84 1584 161 1618 λους,
171 1584 238 1620 μηδὲ
246 1583 301 1620 (16)
312 1582 454 1619 χερουειμ,
472 1582 538 1618 μηδὲ
550 1582 670 1617 σεραφὶμ
679 1600 686 1611 ,
704 1580 771 1616 μηδὲ
782 1580 873 1615 κυριό-

84 1639 183 1667 τητας,
197 1630 262 1666 μηδὲ
276 1629 396 1665 θρόνους,
409 1628 476 1664 μηδὲ
490 1627 584 1664 ἕτερόν
600 1635 638 1660 τι,
655 1626 712 1653 ἀλλ’
728 1625 872 1656 ἐκλεκτοὺς

86 1677 187 1713 μόνους
198 1675 331 1711 ἀγγέλους
344 1675 485 1710 ὠνόμασεν
501 1674 514 1700 ό
528 1673 650 1705 Παῦλοςς
665 1670 727 1708 Ἆρ’
744 1669 801 1702 οὖν,
811 1671 871 1697 ἐπεὶ

87 1723 127 1760 μὴ
144 1722 230 1754 οὕτως
242 1722 391 1757 ὠνόμασεν,
407 1721 431 1747 οἱ
447 1719 556 1755 ἄγγελοι
570 1717 732 1755 ἁρχάγγελοί
744 1718 829 1749 εἰσιν,
851 1717 867 1753 ἢ

88 1770 165 1805 μόνοι
179 1767 288 1803 ἄγγελοί
308 1767 371 1798 εισι,
386 1767 433 1793 καὶ
449 1765 510 1792 οὔτε
528 1765 664 1800 σεραφὶμ,
685 1763 702 1799 ἢ
719 1762 867 1798 χερουϐὶμ,

84 1815 138 1842 οὐκ
150 1813 323 1850 ἀρχάγγελοι,
338 1813 398 1839 οὐδὲ
411 1811 579 1847 κυριότητες,
595 1811 625 1837 οὐ
637 1809 736 1845 θρόνοι,
754 1809 804 1835 οὐκ
820 1809 868 1843 ἀρ-

84 1862 145 1898 χαὶ,
159 1861 208 1896 οὐχ
229 1859 322 1895 ἕτερόν
336 1867 362 1886 τι
376 1859 465 1891 ὲστίν;
484 1857 564 1884 Ἀλλὰ
576 1856 655 1884 τοῦτό
667 1857 740 1882 ἐστιν
749 1855 870 1889 ἀνάγκην

86 1907 140 1942 μὲν
153 1905 306 1933 ὲπιόάλλειν
316 1904 355 1940 τῷ
375 1903 538 1938 Ἀποστόλῳ,
552 1903 595 1930 διὰ
614 1902 638 1929 τί
656 1901 693 1938 μὴ
705 1902 800 1936 οὕτως,
814 1901 870 1928 ἀλλ’

83 1952 174 1984 οὕτως
186 1951 313 1987 ἔγραψεν,
331 1950 437 1984 ἀγνοεῖν
450 1949 478 1976 δὲ
491 1949 538 1982 τὰς
553 1948 625 1980 Θείας
635 1947 756 1983 Γραφὰς,
770 1947 817 1974 καὶ
828 1947 872 1974 διὰ

84 1996 168 2024 τοῦτο
182 1995 332 2022 πλανᾶσθαι
346 1995 409 2030 περὶ
425 1995 481 2030 (17)
496 1993 544 2029 τὴν
565 1993 703 2028 ἀλήθειαν.
731 1992 796 2019 Ἰδοὺ
817 1992 870 2028 γὰρ

85 2041 166 2077 παρὰ
176 2040 225 2076 μὲν
234 2039 274 2075 τῷ
285 2040 384 2075 Ἡσαΐᾳ
395 2039 548 2074 γέγραπται
557 2047 564 2054 ·
579 2048 588 2064 ι
601 2037 793 2073 Προσαγάγετε
804 2036 872 2072 πρὸς

87 2086 193 2123 pensa).
204 2086 337 2113 ἀκούσατε
355 2085 454 2112 ταῦτα’
477 2086 534 2112 Οὐκ
553 2085 600 2112 ἀπ’
624 2083 711 2119 ἀρχῆς
729 2084 758 2110 ὲν
780 2084 869 2118 κρυφῇ

915 902 991 925 tuum
1009 898 1058 924 “J
1070 897 1120 925 Et:
1133 907 1142 924 ι
1159 897 1273 925 Deduxit
1285 905 1332 926 eos
1344 896 1476 925 Dominus
1492 897 1518 924 in
1536 905 1594 932 spe,
1606 902 1698 924 etnon

916 944 1107 972 timuerunt".
1124 954 1133 971 ι
1150 943 1220 973 Huic
1250 944 1337 972 eidem
1364 945 1493 980 hymnum
1517 943 1634 971 otl'erunt
1651 944 1698 978 qui

918 990 995 1016 aiunt
1013 998 1020 1016 :
1039 999 1048 1015 ι
1060 988 1111 1023 Qui
1125 989 1244 1017 traduxit
1254 989 1383 1025 populum
1399 997 1478 1016 suum
1493 996 1540 1024 per
1550 989 1698 1022 desertum,

916 1035 1046 1071 quoniam
1064 1035 1091 1062 in
1125 1035 1255 1063 saeculum
1285 1035 1471 1063 misericordia
1502 1035 1601 1070 ejus”.
1618 1044 1627 1061 ›
1644 1034 1700 1062 Ma-

917 1089 986 1116 gnus
1009 1088 1075 1108 vero
1101 1080 1207 1117 Moyses
1230 1081 1375 1109 identidem
1398 1081 1519 1116 repetit:
1539 1090 1548 1106 ι
1568 1080 1700 1109 Dominus

918 1125 988 1153 Deus
1002 1126 1048 1161 qui
1072 1126 1149 1161 praeit
1171 1130 1234 1154 ante
1262 1126 1358 1154 faciem
1388 1131 1505 1154 vestram
1523 1127 1556 1154 ³⁷.
1570 1136 1579 1152 ι
1606 1126 1700 1162 Itaque

917 1171 966 1200 Dei
980 1172 1098 1208 Spiritus
1112 1181 1165 1200 non
1183 1177 1225 1201 cst
1238 1173 1351 1208 angelus
1369 1180 1456 1206 neque
1480 1180 1523 1201 res
1539 1177 1640 1204 creata,
1652 1172 1699 1200 sed

918 1217 978 1252 ejus
996 1217 1144 1246 divinitatis
1160 1223 1201 1245 est
1220 1218 1357 1253 proprius.
1378 1216 1443 1245 Nam
1456 1225 1518 1245 cum
1532 1216 1651 1253 Spiritus
1671 1217 1699 1244 in

918 1263 1020 1298 populo
1035 1268 1119 1296 esset,
1134 1263 1207 1291 Deus
1221 1271 1269 1298 per
1283 1262 1382 1292 Filium
1397 1264 1425 1291 in
1440 1263 1542 1298 Spiritu
1556 1263 1583 1291 in
1602 1263 1698 1291 iisdem

919 1313 987 1336 erat.

955 1397 999 1425 15.
1020 1397 1118 1425 Verum
1134 1398 1190 1425 haec
1204 1397 1240 1425 ita
1253 1397 1315 1430 sint,
1332 1397 1459 1433 inquiunt
1476 1397 1514 1425 illi
1531 1406 1538 1424 :
1554 1405 1604 1425 cur
1615 1398 1700 1433 igitur

920 1443 1066 1479 Apostolus
1082 1448 1143 1479 post
1156 1443 1307 1476 Christum,
1323 1451 1378 1471 non
1394 1444 1523 1479 Spiritum
1539 1443 1620 1479 529
1634 1452 1700 1472 san-

920 1493 1004 1522 clum,
1019 1489 1064 1517 sed
1073 1489 1289 1524 electosangelos
1307 1489 1477 1517 nominavit?
1487 1489 1569 1524 Atqui
1582 1489 1651 1516 idem
1666 1489 1700 1517 ab

920 1535 973 1562 illis
983 1535 1079 1562 merito
1092 1535 1154 1570 quis
1167 1535 1319 1563 sciscitetur
1332 1535 1437 1568 :Quare
1446 1543 1499 1562 non
1510 1535 1698 1570 archangelos,

919 1580 1262 1616 nequecherubitn,neque
1275 1581 1414 1616 seraphin,
1432 1589 1518 1616 neque
1537 1581 1701 1608 dominatio-

919 1634 976 1659 nes,
987 1634 1074 1662 neque
1091 1627 1214 1660 thronos,
1231 1634 1319 1662 neque
1334 1626 1398 1662 quid
1410 1627 1494 1660 aliud,
1507 1627 1553 1654 sed
1563 1626 1636 1655 solos
1643 1626 1699 1655 ele-

919 1677 979 1700 ctos
988 1672 1096 1707 angelos
1109 1671 1208 1700 Paulus
1220 1673 1389 1701 nominavit?
1399 1672 1468 1700 Num
1482 1679 1558 1708 ergo,
1570 1673 1633 1708 quia
1645 1680 1699 1700 non

919 1718 956 1746 ita
966 1718 1125 1753 nominavit,
1134 1718 1222 1754 angeli
1235 1725 1298 1747 sunt
1308 1720 1533 1756 archangeliJaut
1545 1720 1595 1747 soli
1611 1719 1700 1755 angeli

919 1764 1065 1798 exsistunt,
1080 1765 1200 1801 nullique
1216 1770 1279 1794 sunt
1308 1766 1443 1801 seraphim
1473 1770 1520 1793 aut
1547 1766 1699 1799 cherubim,

920 1811 987 1838 nulli
1010 1811 1164 1846 archangeli
1188 1806 1448 1844 et'dominationes,
1468 1811 1533 1838 nulli
1557 1811 1648 1838 throni
1674 1814 1701 1838 et

921 1856 1101 1891 principatus,
1121 1855 1189 1883 nihil
1213 1856 1331 1891 denique
1356 1857 1428 1884 aliud
1453 1856 1579 1884 exsistit?
1598 1854 1699 1882 Verum

902 1903 906 1906 '
920 1901 947 1928 id
964 1901 1100 1936 inquirere
1115 1901 1182 1928 nihil
1199 1901 1273 1928 aliud
1293 1906 1343 1934 est,
1357 1909 1439 1936 quam
1467 1901 1593 1935 Apostolo
1607 1908 1701 1928 neces-

920 1947 1026 1974 sitatem
1043 1946 1095 1974 boc
1115 1947 1158 1973 vel
1172 1947 1218 1974 illo
1230 1947 1311 1974 modo
1326 1947 1461 1974 scribendi
1488 1947 1636 1982 imponere,
1649 1954 1699 1974 nec

920 2001 975 2020 non
992 1993 1097 2021 divinas
1111 1993 1266 2028 Scripturas
1287 1993 1421 2030 ignorare,
1438 2001 1470 2021 ac
1494 1995 1608 2029 proinde
1621 2002 1637 2021 a
1658 2001 1700 2021 ve-

919 2037 999 2064 ritate
1012 2037 1149 2066 aberrare.
1171 2038 1240 2066 Ecce
1263 2039 1335 2066 enim
1354 2038 1425 2074 apud
1447 2038 1544 2066 Isaiam
1567 2038 1699 2073 scriptum

921 2084 1036 2119 legimus
1051 2093 1057 2110 :
1073 2093 1082 2109 ι
1103 2084 1228 2112 Aecedite
1239 2084 1273 2111 ad
1291 2091 1335 2112 me
1350 2089 1376 2111 et
1391 2083 1482 2111 audite
1496 2085 1554 2112 haec
1567 2093 1574 2112 :
1589 2082 1648 2112 Non
1665 2085 1699 2112 ab

122 2168 145 2185 “
163 2169 215 2196 lsa.
233 2176 310 2200 thtt,
326 2168 369 2197 Η,
387 2167 430 2194 12.
468 2167 490 2183 ⁸*
506 2167 570 2194 ibid.
590 2166 631 2193 Μ.
670 2166 693 2182 ⁸⁸
704 2166 790 2194 Levit.
802 2174 838 2197 xi,
853 2165 869 2192 ό

923 2165 999 2193 Deut.
1010 2174 1097 2197 xxx",
1112 2167 1145 2194 39
1156 2174 1162 2197 ;
1174 2165 1225 2193 lsa.
1240 2174 1302 2200 XLV,
1319 2166 1370 2199 2i;
1386 2165 1447 2194 Ose.
1463 2167 1559 2201 ιιιινι.
1595 2166 1617 2183 ⁸⁸
1627 2166 1697 2195 Psal.

84 2212 181 2237 uxvu,
198 2203 243 2230 21.
281 2203 303 2219 ⁸⁸
324 2202 394 2230 Psal.
410 2210 511 2234 Lxxvn,
526 2202 568 2228 55.

609 2202 631 2217 "
641 2201 712 2229 Psal.
729 2209 827 2234 cxxxv,
849 2201 891 2228 16.
930 2202 952 2218 ³⁷
972 2201 1049 2229 Deut.
1061 2210 1081 2234 ι,
1096 2201 1139 2235 50,
1156 2201 1200 2228 55.

115 2283 181 2327 ’(10)
199 2281 299 2319 Regius
309 2282 425 2317 primus,
437 2280 498 2316 Seg.
509 2280 586 2308 Gohl.
598 2286 625 2308 et
636 2279 776 2307 Felckm.'l
785 2300 792 2312 ,
803 2280 869 2314 ἀγα-

955 2280 1015 2327 .(1‘5)
1035 2279 1302 2327 Σενεὶιιῖξςξιηχὶῖται
1309 2279 1444 2327 omittunt
1452 2279 1566 2327 G‘ohblbet
1579 2279 1698 2324 ἣξεις-ιιι.

83 2328 182 2388 Tulit)
202 2353 302 2388 Regius
319 2352 446 2388 primus,_
459 2350 532 2385 Seg.,
558 2349 769 2388 ﬁOtﬁGEt.Ali)_ld.
790 2349 870 2388 iidem

83 2395 115 2431 et
127 2384 213 2431 'Go'bl.
229 2384 256 2417 εἷ
272 2387 391 2415 Felckm.
409 2384 522 2422 primus,
548 2384 660 2421 σεαυτῷ.
681 2384 733 2412 Alii
753 2390 780 2412 et
796 2385 870 2418 editi,

202 2458 248 2486 Sic
265 2458 339 2494 Regii
357 2458 369 2485 t
394 2462 421 2485 et
434 2457 462 2490 ε,
478 2456 539 2492 Seg.
558 2454 652 2483 ceteri
668 2461 694 2482 et
710 2455 774 2482 editi
792 2455 869 2483 ἐστίν

81 2500 230 2523 omtttnnt.

123 2530 182 2564 (15)
201 2528 280 2556 Gohl.
296 2528 414 2556 Felckm.
429 2525 614 2564 primus.§05v_
623 2525 668 2552 καί
679 2533 760 2564 φῃσιν
771 2532 777 2539 ·
797 2522 867 2564 Ἐγὼ

83 2558 238 2600 ἀνήγαγον,
253 2569 305 2600 «τιςῗ
320 2564 390 2600 ibid.
408 2558 488 2590 iidem
508 2566 534 2588 et
551 2560 651 2600 Regius
672 2558 786 2600 primus,
804 2558 865 2600 Srig.

85 2595 172 2628 Bas’i'l.
187 2595 260 2635 ὖμᾶς
276 2599 388 2632 addunt,
403 2606 464 2633 quae
479 2605 532 2624 vox
547 2597 581 2623 ab
597 2596 657 2622 aliis
674 2599 701 2621 et
723 2595 802 2622 editis
818 2596 867 2621 ub—

82 2639 182 2732 εδῖιό)
203 2669 248 2697 Sic
260 2668 363 2710 Regius
379 2669 495 2710 primus,
511 2666 575 2702 Seg.
591 2665 731 2706 Anglican.
747 2664 824 2705 Gobl.
842 2669 869 2691 et

87 2704 124 2732 Pe
136 2706 208 2732 ckm.
225 2712 341 2732 primus.
357 2705 408 2731 Aln
426 2708 515 2731 autem
535 2707 562 2729 et
580 2702 644 2728 edtlt
658 2707 752 2727 vocem
767 2700 868 2732 Κυριος

84 2702 208 2737 Felckm.
225 2702 341 2740 primus.
357 2702 408 2731 Alii
426 2708 515 2731 autem
535 2707 562 2729 et
580 2702 644 2728 editi
658 2707 752 2727 vocem
767 2702 867 2734 Κύριος

86 2740 398 2779 omittttnt:_habentque
419 2740 447 2765 ὲν
464 2737 561 2779 ὲλ-πίδι.
575 2736 670 2779 _Paulo‘
685 2735 867 2779 post‘projs-

86 2770 205 2838 ἔ)ῗῖἕὶῗῶ
223 2769 460 2836 Ιζὶῗιιὲἰτὲἱιίὶπιυε,
484 2773 547 2808 Seg.
574 2771 684 2802 habent,
709 2769 864 2804 ψάλλοντες.

112 2815 229 2839 ηουιιηη
246 2815 367 2843 λεγοντα.

922 2314 1036 2350 pri-nus.
1050 2314 1112 2342 Mox
1131 2315 1197 2342 ibid.
1211 2315 1293 2350 iidem
1307 2319 1334 2342 et
1348 2314 1423 2347 Regii
1435 2315 1444 2341 1
1454 2319 1480 2341 et
1489 2315 1515 2346 2,
1529 2315 1602 2350 Seg.,
1612 2315 1698 2350 ὑμῶν.

920 2350 971 2377 Alii
986 2354 1013 2378 et
1026 2351 1101 2380 editi.
1111 2349 1199 2385 ἡμῶν.
1209 2349 1273 2376 ltem
1290 2350 1372 2385 paulo
1387 2355 1457 2383 post,
1471 2350 1572 2384 Regius
1583 2349 1698 2385 primus,

921 2386 982 2420 Seg.
1000 2385 1109 2417 habent,
1122 2383 1185 2411 ‘dlk‘
1202 2384 1266 2420 ῖδιον
1290 2383 1339 2420 τῆς
1364 2384 1498 2420 θεότητος,
1514 2383 1568 2412 etc.
1584 2383 1625 2411 ’At
1647 2392 1700 2411 cu:-

919 2406 1109 2451 ὧῖῗόῗὲιῖίίῖἶ
1121 2406 1189 2446 ἦῆ
1203 2406 1518 2455 ῌᾶἷλοζίξῆξὸἓόἓῇἒῐξζ

955 2456 1012 2491 (16)
1031 2455 1084 2483 Pro
1105 2455 1171 2491 μηδέ
1185 2453 1213 2491 οἱ
1226 2455 1253 2491 in
1274 2453 1520 2491 sequentibsGobl.
1533 2459 1563 2491 et
1579 2453 1698 2491 Felckrm.

919 2489 1024 2526 primus
1036 2491 1053 2526 ἦ
1069 2489 1179 2517 habent.
1196 2489 1265 2526 lbid.
1280 2489 1380 2526 Regius
1396 2490 1604 2526 primuSLSeg”
1622 2490 1699 2515 ἐκλε-

920 2524 1000 2558 κτοὺς
1016 2524 1111 2562 μόνους
1126 2525 1267 2562 ἀγγέλους.
1283 2524 1352 2562 13(Ψί
1362 2532 1434 2562 _\_’ero
1444 2530 1473 2562 _ct
1489 2525 1538 2562 alii_
1548 2526 1700 2562 vocantpe-

920 2535 1000 2558 κτους
1016 2534 1111 2562 μονους
1126 2534 1267 2587 αἱῖελους.
1283 2534 1352 2551 num
1372 2534 1434 2551 vero
1447 2534 1473 2551 Cl,
1489 2534 1533 2552 attt
1548 2534 1640 2552 vocem
1653 2534 1700 2559 μο-

919 2570 980 2593 νους
996 2561 1133 2588 omittunt.
1178 2569 1213 2587 0x
1239 2568 1291 2587 vox
1317 2559 1422 2590 Παῦλος
1436 2560 1510 2587 deost
1533 2560 1560 2586 in
1580 2559 1658 2586 Gobl.
1673 2564 1700 2587 et

919 2596 1037 2624 Felckm.
1057 2596 1083 2627 l,
1100 2597 1144 2630 qui
1161 2596 1242 2622 iidem
1263 2595 1344 2630 paulo
1363 2599 1433 2629 post,
1448 2595 1637 2630 d‘rya‘mtsiot;
1652 2595 1699 2630 καὶ,

918 2631 980 2693 ἓῦτε
1003 2632 1031 2693 alt
1059 2628 1401 2667 προὶιρημέναιόυνάμὲις
1423 2628 1499 2657 είσίνζ
1519 2629 1599 2656 Ἀλλὰ
1621 2628 1699 2656 τοῦτό

935 2675 986 2693 στι.
998 2674 1013 2693 e
1026 2675 1050 2693 c.

935 2675 986 2698 στι,
998 2671 1050 2694 etc.

956 2703 1012 2738 (l7)
1034 2702 1079 2738 Sic
1096 2701 1196 2737 Regius
1210 2701 1326 2738 primus,
1344 2701 1406 2738 ξος.
1425 2701 1583 2738 Alii_autem
1600 2704 1627 2727 et
1642 2699 1701 2727 edi-

920 2737 951 2799 ;i,
962 2736 1055 2779 παρά.
1071 2737 1155 2766 l’aulo
1169 2736 1230 2773 post
1246 2736 1327 2765 iidem
1344 2736 1408 2764 Rea.
1427 2741 1453 2764 et
1475 2736 1599 2771 Seguer.,
1611 2743 1700 2772 ,προσ-

938 2781 1014 2799 γαγε.

938 2781 1003 2808 γαγε
1008 2793 1014 2800 .
