1974 3037
117 126 169 155 5'65

676 127 843 156 EPISTOLA
862 129 871 155 Ι
890 129 935 156 AD
955 128 1182 158 SERAPIONEM.

1681 130 1733 159 566

117 187 171 213 δὶό
189 187 253 219 λαὸς
270 187 314 214 τὸν
326 187 437 223 Κύριον,
464 189 511 214 καὶ
528 189 692 215 ὲπιστευσαν
707 188 747 224 τῷ
768 188 838 224 Θεῷ,
852 189 894 215 κα)

949 197 1006 217 sem
1021 189 1076 217 Deo
1089 189 1293 217 annumeraturi
1307 192 1381 221 sunt,
1399 195 1486 223 neque
1499 192 1562 223 post
1577 187 1673 221 Deum,
1687 188 1734 216 Fi-

118 235 217 269 Μωσῇ,
233 234 270 269 τῷ
287 235 430 270 θεραπόντι
441 234 539 269 αὑτοῦ,
562 245 572 261 ι
592 233 646 271 ἄρα
670 235 899 271 συναριθμήσουσι

117 280 157 316 τῷ
172 280 231 316 Θεῷ
245 281 289 307 τὸν
303 281 414 316 Μωσῆν,
434 282 481 308 καὶ
498 283 567 317 μετά
579 282 625 309 τὸν
642 281 708 309 Θεὸν
731 282 761 308 οὐ
777 283 899 318 νοήσουσι

116 326 163 352 τὸν
177 326 249 356 Υἱὸν,
262 326 329 353 ἀλλά
341 327 419 361 μόνον
431 327 477 353 τὸν
490 327 606 362 Μωσῆν;
637 326 670 353 Τί
689 327 729 359 δὲ,
754 326 802 354 ἐὰν
819 328 900 354 ἀκού-

117 379 185 397 σωσι
203 372 249 398 καὶ
273 371 320 398 τοῦ
341 372 510 408 πατριάρχου
539 372 636 399 Ἰακὼϐ
663 372 836 407 εὐλογοῦντος
853 373 899 400 τὸν

122 417 219 453 Ἰωσὴφ
236 418 282 444 καὶ
295 418 419 451 λέγοντος
430 427 436 432 ·
455 428 463 444 ι
486 419 515 445 ’0
527 419 591 451 Θεὸς
601 420 614 445 6
626 419 733 455 τρέφων
747 428 780 454 με
799 421 830 446 ὲκ
843 420 900 447 νεό-

113 463 194 498 τητός
212 472 262 498 μου
275 464 326 495 ἕως
343 464 392 498 τῆς
407 464 511 500 ἡμέρας
526 465 627 500 ταύτης
638 473 644 480 ·
659 467 674 491 6
689 465 802 500 ἄγγελος
813 466 898 501 ὀρυό-

115 509 195 544 μενός
215 518 248 545 με
262 511 293 536 ὲκ
308 510 415 536 πάντων
432 510 486 536 τῶν
509 511 599 538 κακῶν
623 511 768 547 εὐλογήσαι
786 511 841 547 (25)
864 511 899 538 τὰ

115 555 208 582 παιδία
221 555 308 582 ταῦτα
323 565 332 582 ι
347 564 354 589 ;
370 554 453 591 τΑρα,
470 557 563 593 ἐπειδὴ
580 557 649 592 μετὰ
673 558 720 584 τὸν
748 558 813 584 Θεὸν
834 558 899 584 ὠνό-

114 610 203 636 μασεν
218 602 344 636 ἄγγελον,
368 603 474 639 πρῶτός
501 605 573 630 εστιν
599 603 655 639 (26)
672 605 686 631 6
710 603 824 638 ἄγγελος
850 604 897 630 τοῦ

114 647 191 679 Υίοῦ,
206 648 358 683 ῆὰγγέλοις
379 650 585 686 συναριθμεῖται
599 651 613 676 ὁ
636 650 713 683 Υἱόςς
731 651 801 683 Ναὶ,
817 646 897 678 πάλιν

110 693 184 720 οὕτω
201 695 336 729 νοήσουσι,
360 695 560 732 διεφθαρμένην
576 697 684 731 ἔχοντες
700 696 748 732 τὴν
772 697 895 732 καρδίαν.

119 739 188 766 Ἀλλ’
205 740 253 774 οὐχ
269 741 285 775 ἠ
302 741 466 776 ἀποστολικὴ
494 742 584 774 πίστις
613 743 671 768 ἐστὶ
685 741 795 777 τοιαύτη
808 762 816 774 ,
841 742 895 769 οὐδ’

111 786 180 818 ὅλως
193 787 354 822 Χριστιανὸς
366 788 508 823 ἀνάσχοιτο
523 788 555 815 ἂν
570 788 682 815 τούτων.
706 788 737 815 Ἦ
756 789 811 824 γὰρ
832 789 897 822 ἁγία

112 832 160 859 καὶ
187 834 310 869 μακαρία
325 833 420 868 Τριὰς,
435 833 587 869 ἀδιαίρετος
612 834 659 861 καὶ
680 834 804 870 ἡνωμένη
830 835 897 870 πρὸς

110 879 212 914 ἑαυτήν
223 880 280 905 ἐστι
291 888 297 894 ⁸
308 880 354 906 καὶ
364 879 509 914 λεγομένου
517 879 564 906 τοῦ
576 879 689 915 Πατρδς,
699 880 828 916 πρόσεστι
838 880 893 916 (‘27)

111 924 160 951 καὶ
176 926 189 951 6
199 925 294 952 τούτου
308 925 392 960 Λόγος
407 926 453 952 καὶ
467 926 497 952 τὸ
513 926 542 952 ὲν
560 925 599 961 τῷ
618 925 675 961 Υἱῷ
692 926 812 962 Πνεῦμα.
833 926 895 953 Ἐὰν

110 968 140 994 δὲ
157 968 204 994 καὶ
216 969 231 995 6
245 968 306 1000 Υἱὸς
319 969 494 1005 ὀνομάζηται,
507 970 537 997 ὲν
545 970 584 1005 τῷ
598 970 655 1006 Υἱῷ
672 971 746 997 ἐστιν
758 971 772 997 6
789 971 893 1007 Πατὴρ,

111 1014 159 1041 καὶ
174 1014 205 1040 τὸ
217 1014 329 1049 Πνεῦμα
343 1016 393 1042 οὐκ
407 1015 479 1043 ἔστιν
496 1016 573 1048 ἐκτὸς
584 1016 631 1043 τοῦ
652 1016 750 1051 Λόγου.
772 1016 830 1043 Μία
841 1017 894 1053 γάρ

109 1060 185 1086 ἐστιν
198 1061 284 1087 ὲκτοῦ
295 1062 401 1097 Πατρὸς
418 1062 497 1098 χάρις
510 1062 542 1088 δι’
553 1062 618 1088 Υἱοῦ
632 1063 660 1089 ὲν
676 1062 815 1098 Πνεύματι
826 1063 894 1097 ἁγίῳ

111 1105 286 1142 πληρουμένη
300 1115 306 1121 ·
335 1108 382 1134 καὶ
413 1107 461 1142 μία
480 1107 574 1143 θεότης
604 1107 672 1140 ἐστι,
697 1107 743 1134 καὶ
765 1104 805 1139 εἷς
830 1107 895 1139 Θεός

108 1152 186 1178 ἐστιν
201 1151 256 1187 (28)
269 1153 284 1179 6
301 1152 346 1179 ἐπὶ
363 1152 481 1186 πάντων,
495 1154 542 1180 καὶ
557 1153 599 1180 διὰ
611 1153 728 1185 πάντων,
743 1154 790 1180 καὶ
805 1155 834 1181 ὲν
843 1155 895 1181 πᾶ-

112 1207 166 1225 σιν.
183 1198 260 1225 Οὕτω
270 1199 324 1234 γὰρ
341 1199 388 1226 καὶ
404 1200 417 1226 6
430 1198 545 1231 Παῦλος.
559 1199 692 1235 εἰρηκὼς,
713 1208 722 1225 ι
742 1200 895 1236 Διαμαρτύ-

111 1251 197 1278 ρομαι
213 1243 325 1270 ἐνώπιον
338 1244 384 1270 τοῦ
400 1244 467 1271 Θεοῦ
482 1245 528 1272 καὶ
545 1245 631 1281 Ἰησοῦ
645 1246 763 1280 Χριστοῦ
776 1267 783 1279 ,
809 1256 817 1272 ι
837 1247 894 1280 ἐγί-

110 1297 225 1321 νωσκεν,
241 1290 320 1316 ὅτιού
335 1290 453 1326 διῃρείτο
468 1290 514 1317 τοῦ
526 1291 590 1318 Υῐοῦ
602 1291 632 1317 τὸ
648 1291 760 1327 Πνεῦμα
773 1312 780 1323 ,
793 1292 850 1319 ἀλλ’
865 1294 894 1319 ἐν

110 1334 222 1370 Χριστῷ
242 1333 275 1370 ἦν
292 1336 340 1362 καὶ
357 1336 432 1368 αὐτὸ,
463 1336 554 1372 ὥσπερ
574 1337 588 1362 6
603 1337 666 1368 Υἱὸς
691 1338 720 1364 ὲν
734 1338 773 1373 τῷ
789 1338 892 1374 Πατρί-

110 1378 175 1409 τοὺς
199 1379 226 1406 δὲ
249 1379 392 1412 ἐκλεκτοὺς
412 1381 545 1415 ἀγγέλους
568 1382 755 1417 συνεπήγαγεν
772 1383 892 1415 εἰκότως,

110 1423 167 1455 ἵνα.
186 1425 277 1461 ἐπειδὴ
305 1425 486 1462 διαμαρτυρία
509 1424 543 1462 ἦν
562 1427 601 1463 τῷ
627 1427 731 1464 μαθητῇ
752 1428 892 1464 λεγομένη,

109 1470 263 1504 γινώσκων,
287 1471 324 1504 ὠς
341 1472 396 1508 (29)
414 1473 449 1500 τὰ
463 1473 511 1508 μὲν
520 1473 653 1509 λεγόμενα
668 1475 744 1511 παρά
765 1475 832 1501 Θεοῦ
852 1475 894 1502 διὰ

110 1517 230 1567 Χριστοῦ
245 1518 272 1544 ἐν
289 1518 599 1554 Πνεύματι,λελάληται,
615 1521 640 1546 οι
659 1521 688 1547 δὲ
712 1520 822 1555 ἄγγελοι
838 1521 894 1548 δια-
908 1539 930 1570 C

109 1562 220 1589 κονοῦσι
239 1563 274 1590 τὰ
289 1563 354 1599 παρ’
368 1564 456 1600 ἡμῶν,
479 1565 689 1598 ἐπισκοποῦντες
707 1566 756 1598 τὰς
777 1567 891 1593 ἑκάστου

109 1607 235 1643 πράξεις,
246 1609 349 1645 φυλάξῃ
361 1609 464 1641 τὰςτοῦ
475 1610 632 1637 διδασκάλου
645 1611 818 1648 παραινέσεις
827 1612 893 1646 (50),

108 1652 149 1685 ὥς
162 1653 229 1688 ἔχων
243 1655 305 1686 τοὺς
317 1655 471 1691 ἐφορῶντας
491 1657 543 1682 τῶν
566 1657 719 1692 λεγομένων
742 1657 892 1692 μάρτυρας.

111 1701 149 1726 Ἢ
167 1700 236 1736 τάχα
259 1701 306 1728 καὶ
332 1702 375 1729 διὰ
400 1703 463 1734 τοὺς
487 1703 530 1729 διὰ
544 1704 645 1735 παντὸς
667 1703 836 1739 θεωροῦντας
862 1703 893 1730 τὸ

109 1746 255 1782 πρόσωπον
275 1747 321 1773 τοῦ
341 1747 460 1783 Πατρδς,
481 1748 527 1774 τοῦ
552 1749 581 1775 ἐν
605 1750 662 1780 τοῖς
686 1749 819 1784 οὐρανοῖς,
839 1749 897 1775 δια-

950 236 1016 263 lium
1030 235 1077 263 sed
1100 235 1189 263 solum
1206 234 1325 271 Moysem
1341 238 1406 261 sunt
1426 233 1588 262 intellecturi
1599 234 1612 261 ‘!
1625 233 1694 267 Quid
1710 235 1732 262 si

949 283 1031 310 etiam
1050 282 1230 317 patriarcham
1253 280 1338 309 Jacob
1367 280 1487 316 Josepho
1503 280 1583 316 530
1605 280 1649 308 his
1669 287 1730 307 ver-

949 329 992 356 bis
1000 329 1156 356 benedicere
1166 328 1340 355 meminerint
1356 336 1365 352 ‹
1381 327 1452 355 Deus
1477 327 1524 362 qui
1541 326 1629 362 pascit
1643 333 1687 353 me
1698 326 1733 353 ab

949 374 1132 402 adolescentia
1144 382 1203 401 mea
1219 381 1305 409 usque
1324 374 1350 401 iu
1367 377 1527 408 praesentem
1541 373 1612 400 diem
1626 381 1634 406 ;
1647 380 1732 407 ange—

949 419 1002 451 lus,
1020 419 1067 454 qui
1087 419 1159 446 eruit
1175 426 1217 446 me
1233 419 1267 446 de
1282 419 1388 446 cunctis
1405 419 1493 450 malis,
1509 418 1651 445 benedicat
1665 425 1731 452 pue-

950 465 988 492 ris
1004 464 1063 491 istis
1077 464 1099 480 "
1117 473 1126 490 ι
1138 463 1150 490 ?
1164 463 1234 490 Num
1252 464 1315 498 quia
1330 468 1390 498 post
1404 463 1487 491 Deum
1508 463 1632 498 angelum
1648 462 1732 489 nomi-

948 509 1033 541 navit,
1051 509 1126 544 prior
1147 514 1189 537 est
1207 509 1319 544 angelus
1336 509 1415 542 Filio,
1434 513 1480 536 aut
1498 509 1583 536 Filius
1597 509 1667 536 inter
1681 516 1731 536 an-

949 555 1022 591 gelos
1039 555 1253 582 annumeratur?
1273 554 1311 582 lla
1328 554 1449 589 profecto
1466 555 1616 586 senserint,
1632 554 1732 590 quippe

948 602 1047 638 quibus
1063 609 1111 630 cor
1123 606 1281 637 corruptum
1294 602 1339 629 sit.
1354 601 1454 629 Verum
1468 610 1522 629 non
1537 601 1594 629 haec
1610 605 1652 629 est
1667 608 1732 635 apo-

948 648 1043 675 stolica
1060 648 1135 680 lides,
1151 655 1239 682 neque
1254 654 1284 675 ea
1306 647 1376 675 ferre
1400 647 1463 674 licet
1482 647 1648 674 Christiano.
1662 640 1730 674 Nam

948 698 1040 720 sancta
1065 697 1092 720 et
1113 692 1189 720 beata
1207 691 1325 719 Trinitas
1345 692 1483 720 individua
1506 697 1586 727 atque
1606 693 1663 727 ipsa
1686 701 1731 720 se-

948 746 1009 766 cum
1026 738 1102 765 unita
1115 743 1171 771 est,
1188 738 1224 766 ita
1242 743 1271 765 ut
1285 738 1330 765 ubi
1349 737 1436 766 Patris
1458 739 1560 766 mentio
1582 738 1637 770 ﬂat,
1656 738 1730 773 ejus-

947 784 1008 812 dem
1035 785 1126 812 statim
1142 783 1273 817 Verbum,
1295 792 1326 812 ac
1351 784 1379 811 in
1403 783 1473 812 Filio
1496 783 1613 819 Spiritus
1635 784 1732 812 debeat

948 831 1070 864 intelligi.
1094 829 1171 863 Quod
1198 830 1221 857 si
1246 829 1332 857 Filius
1358 830 1524 863 nominetur,
1550 829 1674 857 similiter
1703 830 1730 857 in

912 863 933 890 Β
948 875 1017 903 Filio
1027 863 1069 903 est
1081 875 1171 909 Pater,
1187 883 1237 903 nec
1250 880 1327 902 extra
1343 875 1459 903 Verbum
1474 881 1516 904 est
1534 874 1651 910 Spiritus
1668 883 1731 903 san-

947 926 1018 950 ctus.
1032 921 1169 956 Siquidem
1183 930 1236 949 una
1249 926 1291 949 est
1304 921 1391 950 Patris
1406 922 1491 956 gratia
1502 930 1561 957 quae
1573 929 1619 957 per
1631 921 1730 959 Filium

947 969 974 995 in
991 968 1093 1003 Spiritu
1108 972 1202 995 sancto
1219 969 1379 1003 completur.
1400 967 1458 996 Una
1482 969 1582 1004 pariter
1602 968 1731 996 divinitas

947 1019 975 1042 et
1002 1022 1071 1042 unus
1100 1014 1170 1043 Deus
1198 1021 1240 1043 est
1266 1015 1312 1050 qui
1336 1019 1377 1042 est
1399 1022 1482 1050 super
1507 1015 1608 1049 omnia,
1632 1019 1659 1043 et
1683 1023 1731 1050 per

948 1060 1049 1093 omnia,
1065 1064 1146 1095 atque
1160 1061 1187 1087 in
1201 1061 1338 1088 omnlbus.
1354 1059 1476 1095 Namque
1491 1061 1548 1095 ipse
1559 1062 1640 1088 etiam
1657 1060 1730 1088 Pau-

947 1105 990 1133 lus
1003 1106 1082 1140 cujus
1096 1107 1154 1134 hac
1168 1111 1231 1133 sunt
1244 1106 1337 1137 verba,
1354 1116 1363 1132 ι
1378 1105 1519 1134 Testilicor
1533 1113 1624 1134 comm
1638 1106 1732 1134 Deoec

946 1152 1011 1180 Jesu
1024 1152 1172 1186 Christo“,
1188 1163 1197 1180 ι
1209 1152 1339 1188 Spiritum
1352 1161 1367 1180 a
1379 1152 1447 1180 Filio
1464 1153 1620 1188 neutiquam
1636 1153 1729 1185 dividi,

948 1199 994 1227 sed
1004 1199 1092 1234 ipsum
1107 1200 1134 1226 in
1143 1198 1252 1226 Christo
1268 1206 1338 1232 esse,
1358 1198 1587 1233 quemadmodum
1602 1198 1687 1226 Filius
1702 1199 1730 1226 iu

947 1243 1026 1272 Patre
1042 1249 1093 1278 est,
1112 1245 1213 1279 optime
1227 1249 1348 1272 noverat.
1361 1243 1557 1272 Convenienter
1574 1249 1663 1272 tamen
1676 1244 1730 1272 elo-

947 1297 1005 1319 ctos
1019 1291 1129 1326 angelos
1144 1299 1196 1318 una
1212 1291 1346 1326 adjuuxit,
1362 1296 1401 1323 ut,
1420 1291 1548 1326 quoniam
1568 1291 1626 1318 hazc
1642 1290 1674 1317 ad
1690 1290 1730 1317 di-

947 1337 1080 1371 scipulum
1097 1337 1249 1369 scribebat,
1263 1336 1308 1364 ille
1321 1336 1364 1364 cui
1381 1337 1492 1364 minime
1510 1336 1611 1364 latebat
1625 1343 1659 1364 ea
1670 1343 1731 1372 quae

946 1390 962 1410 a
983 1383 1037 1410 Deo
1059 1383 1131 1411 dicta
1157 1387 1220 1411 sunt
1242 1391 1290 1418 per
1311 1382 1452 1410 Christum
1476 1383 1504 1410 in
1531 1382 1633 1418 Spiritu
1658 1383 1729 1410 dicta

946 1437 1016 1461 esse,
1032 1434 1059 1457 et
1073 1430 1184 1464 angelos
1204 1438 1247 1457 res
1268 1434 1376 1458 nostras
1391 1430 1590 1461 administrare,
1609 1428 1730 1464 singulo-

946 1483 1061 1508 rumque
1077 1480 1154 1503 actus
1168 1475 1312 1510 speculari,
1332 1476 1454 1511 magistri
1469 1475 1668 1504 exhortationes
1682 1482 1730 1502 cu-

947 1521 1069 1554 stodiret,
1096 1527 1126 1548 ut
1154 1521 1198 1548 cui
1228 1529 1388 1556 persuasum
1422 1527 1494 1549 esset
1520 1521 1640 1548 omnium
1668 1528 1729 1555 qua:

946 1566 1048 1594 diceret
1072 1566 1145 1601 ipsos
1167 1566 1278 1601 angelos
1303 1566 1489 1601 speculatores
1513 1570 1596 1594 testes
1619 1565 1727 1592 habere.

947 1612 989 1640 An
1006 1611 1077 1639 forte
1101 1612 1212 1647 angelos
1229 1612 1276 1647 qui
1293 1619 1401 1648 semper
1414 1612 1505 1640 vident
1519 1611 1615 1639 faciem
1629 1611 1728 1643 Patris,

947 1658 994 1693 qui
1017 1657 1042 1684 in
1069 1657 1145 1684 caelis
1169 1662 1220 1690 est,
1239 1662 1348 1692 propter
1366 1657 1492 1685 Ecclesiae
1506 1657 1630 1692 pusillos,
1645 1661 1729 1684 testes

946 1702 1072 1737 appellat,
1093 1706 1124 1729 ut
1147 1702 1308 1737 discipulus,
1329 1702 1443 1738 cognitis
1468 1703 1628 1738 populorum
1649 1709 1729 1729 cura-

950 1748 1066 1780 toribus,
1081 1747 1204 1782 Apostoli
1218 1748 1418 1777 admonitiones
1431 1756 1485 1776 non
1505 1749 1659 1784 negligeret.

111 1791 278 1827 μαρτύρεται
299 1792 346 1819 νῦν
366 1793 422 1828 (51)
437 1793 580 1828 ἀγγέλους,
593 1793 675 1821 ἓνεκά
694 1803 726 1826 γε
741 1794 794 1821 τῶν
815 1795 843 1821 ὲν
859 1795 892 1829 τῇ
920 1793 1067 1829 Ἐκκλησίᾳ
1091 1793 1212 1830 μικρῶν,
1239 1794 1298 1828 ἵνα,
1324 1793 1465 1828 γινώσκων
1485 1795 1499 1820 6
1518 1794 1639 1830 μαθητὴς
1666 1796 1728 1827 τοὺς

108 1839 261 1875 κηδεμόνας
278 1839 332 1866 τῶν
344 1839 426 1872 λαῶν,
442 1841 479 1876 μὴ
499 1841 622 1879 ἀμελήσῃ
643 1841 697 1868 τῶν
713 1842 897 1878 παραινέσεων
916 1840 961 1868 τοῦ
986 1841 1157 1868 Ἀποστόλου.

145 1886 189 1912 15.
207 1886 266 1912 Τῶν
281 1886 329 1922 μὲν
339 1885 386 1913 οὖν
398 1886 477 1914 θείων
490 1887 586 1922 λογίων
596 1888 715 1920 τοιοῦτος
728 1890 741 1915 6
757 1888 819 1920 νοῦς
832 1888 893 1923 ἐμοὶ

107 1931 243 1966 φαίνεται,
259 1932 402 1968 διελέγχων
415 1932 464 1968 τὴν
477 1933 531 1960 τῶν
543 1934 649 1969 ἀλόγων
663 1934 733 1961 κατά
748 1933 794 1960 τοῦ
809 1934 894 1960 Πνεῦ-

110 1986 195 2013 ματος
208 1977 378 2013 δυσφημίαν·
393 1980 470 2006 αὐτοὶ
482 1980 510 2007 δὲ
526 1980 576 2015 τὴν
596 1980 760 2015 φιλονεικίαν
775 1980 892 2015 ἔμμονον

107 2023 217 2058 ἔχοντες
235 2024 303 2058 πρὸς
322 2024 370 2060 τὴν
380 2025 519 2060 ἀλήθειαν,
535 2027 572 2058 ὡς
587 2026 712 2062 γράφεις,
731 2025 821 2052 οὐκέτι
844 2025 892 2060 μὲν

108 2068 165 2094 ἀπὸ
185 2068 238 2095 τῶν
252 2069 366 2104 Γραφῶν
384 2069 449 2106 (οὐχ
463 2070 618 2105 εὑρίσκουσι
639 2071 721 2107 γὰρ),
731 2071 784 2097 ἀπὸ
798 2070 826 2097 δὲ
844 2069 890 2096 τοῦ

108 2114 327 2149 περισσεύματος
348 2115 398 2149 τῆς
411 2115 525 2150 καρδίας
544 2116 593 2151 τῆς
616 2115 683 2148 ιδίας
700 2115 890 2151 ἐρευγόμενοι,

108 2158 192 2185 πάλιν
205 2159 367 2194 φάσκουσιν·
384 2161 414 2187 Εἰ
430 2161 466 2196 μὴ
482 2161 583 2197 κτίσμα
595 2161 669 2194 ἐστὶ,
686 2161 752 2197 μηδὲ
769 2161 822 2188 τῶν
840 2161 890 2194 ἀγ-

109 2203 198 2237 γέλων
219 2201 259 2235 εἷς
274 2205 358 2236 ἐστιν,
374 2205 473 2232 ἀλλ’ὲκ
497 2206 544 2232 τοῦ
569 2207 674 2242 Ila-:96;
697 2205 888 2241 ἐκπορεύεται·

146 2294 170 2310 ’³
188 2294 255 2322 Gen.
267 2302 360 2327 XLVIII,
374 2295 416 2323 15.
455 2297 477 2312 ’⁵
497 2295 517 2323 ll
535 2297 652 2324 Timoth.
670 2306 705 2330 ιν,
729 2298 751 2324 l.

147 2372 205 2411 (ἓξ)
226 2373 270 2411 Sic
286 2373 386 2411 Regius
396 2375 517 2411 primus,
535 2374 597 2409 Seg,
615 2380 640 2401 ct
654 2374 733 2402 LXX.
747 2375 815 2403 Editi
833 2384 894 2403 vero
910 2383 933 2411 ο

107 2412 136 2435 et
151 2408 209 2444 alii,
228 2408 380 2444 εὐλογήσει.
396 2408 482 2437 Porro
497 2408 582 2444 supra
590 2411 713 2437 oratione
730 2411 807 2438 tertia
827 2418 893 2438 con-

107 2447 151 2480 tra
169 2442 297 2480 Arianos,
319 2442 382 2479 pag.
395 2445 457 2476 4M,
485 2442 560 2472 num.
578 2445 622 2475 12.
639 2445 690 2473 hoc
704 2445 730 2471 in
748 2445 893 2480 Scriptura:

107 2478 182 2509 loco,
196 2479 283 2513 angeli
301 2478 420 2512 nomine,
434 2479 552 2506 Verbum
568 2480 615 2507 Dei
628 2480 742 2507 indicari
757 2478 844 2508 docet.
857 2481 892 2507 At

107 2521 173 2549 cum
187 2521 217 2540 ea
233 2515 387 2542 observatio
410 2515 478 2542 nihil
502 2515 546 2542 hic
567 2515 600 2542 ad
626 2523 682 2542 rem
696 2516 840 2549 pertineat,
858 2516 890 2542 ad

108 2548 168 2584 sola
181 2549 299 2584 attendit
317 2550 463 2584 Scriptura:
479 2550 570 2576 verba.

145 2583 202 2620 (26)
221 2583 330 2620 Primus
352 2583 447 2620 codex.
459 2585 572 2620 iRegius,
588 2585 663 2619 Seg..
678 2586 750 2612 ἐστιν
762 2586 864 2614 addunt
881 2596 888 2613 ι

107 2618 155 2645 alii
169 2623 196 2644 et
210 2619 275 2645 editi
288 2620 427 2647 omittunt.
443 2618 599 2647 Mox'Gold.
613 2618 640 2647 et
656 2620 776 2648 Felckm.
787 2622 812 2652 Ι,
829 2631 890 2648 συν-

106 2652 297 2690 αριθμεῖταιρ
312 2655 377 2687 Θεὸς
393 2655 439 2681 καὶ
458 2655 531 2686 Υἱός.
555 2655 623 2682 Ibid.
644 2663 694 2690 pro
718 2657 762 2682 ναί
791 2656 890 2688 Regius

106 2689 214 2723 primus
231 2693 257 2715 et
274 2688 431 2724 Seguerian.
447 2690 546 2717 habent
559 2690 615 2723 καί,
630 2688 657 2718 et
676 2690 774 2725 Regius
787 2692 890 2725 primus

106 2728 240 2784 Egzeterea
263 2725 390 2759 νοήσωσι,
406 2729 433 2752 et
447 2725 529 2759 paulo
548 2730 608 2760 post
621 2726 737 2753 διάνοιαν
761 2734 809 2762 pro
824 2735 891 2762 καρ-
908 2742 914 2749 ι

134 2767 177 2784 αν.

134 2767 177 2785 αν.

133 2793 201 2834 ¹(⁸2⁵1)
223 2793 298 2829 $93.,
318 2795 441 2830 συνέστη.
460 2793 561 2830 Regius
582 2795 697 2831 primus,
714 2795 887 2832 Anglicanus.

110 2835 228 2854 συνεστι.

982 1887 1024 1914 l5.
1039 1887 1132 1923 Itaque
1151 1888 1175 1915 is
1190 1888 1255 1914 mihi
1275 1887 1380 1916 videtur
1394 1895 1454 1916 esse
1470 1895 1566 1916 sensus
1582 1886 1727 1923 Scriptura;

945 1941 1041 1965 sacrae,
1058 1942 1111 1967 quo
1126 1935 1204 1969 plane
1219 1935 1326 1962 illorum
1340 1934 1471 1963 adversus
1484 1935 1614 1970 Spiritum
1631 1935 1726 1969 impie-

945 1984 987 2007 tas
1004 1980 1168 2008 validissimc
1182 1981 1325 2008 refutatur.
1339 1980 1440 2009 Verum
1460 1981 1540 2008 iidem
1562 1981 1600 2008 illi
1621 1981 1726 2008 veritati

944 2025 1083 2053 adversari
1097 2032 1221 2062 pergunt,
1232 2032 1259 2054 ut
1275 2027 1382 2060 scribis,
1393 2027 1509 2062 nonjam
1521 2035 1554 2054 ex
1568 2026 1724 2062 Scripturis,

944 2072 1041 2108 quippe
1056 2074 1102 2108 qui
1118 2073 1185 2100 nihil
1201 2074 1236 2101 ibi
1251 2074 1400 2105 inveniant,
1415 2074 1461 2101 sed
1474 2081 1506 2101 ex
1520 2073 1620 2108 proprii
1637 2072 1726 2100 cordis

944 2119 1123 2147 redundantia
1141 2120 1198 2147 hzec
1220 2127 1317 2148 rursus
1341 2123 1486 2149 eructant:
1505 2119 1533 2146 Si
1550 2119 1667 2154 Spiritus
1682 2126 1725 2146 res

945 2169 1033 2192 creata
1051 2173 1102 2192 non
1117 2170 1168 2198 est,
1191 2173 1279 2201 neque
1295 2173 1365 2193 unus
1380 2173 1413 2193 ex
1430 2165 1543 2200 angelis,
1561 2165 1608 2193 sed
1625 2173 1658 2193 ex
1672 2163 1724 2191 Pa~

945 2215 984 2238 tre
1008 2212 1148 2245 procedit:
1166 2213 1248 2247 igitur
1271 2212 1355 2239 Filius
1380 2219 1486 2247 quoque
1511 2211 1569 2246 ipse
1593 2210 1724 2239 dicendus

993 2376 1037 2411 98)
1063 2377 1152 2403 Ἔστιν
1165 2379 1240 2404 deest
1259 2376 1285 2403 in
1302 2376 1386 2412 Regio
1402 2377 1490 2410 primo
1507 2380 1532 2402 et
1547 2376 1608 2410 Seg.

981 2376 1037 2447 (29)
1056 2411 1175 2439 Felckm.
1191 2411 1209 2438 ‘2
1226 2416 1253 2439 et
1264 2412 1340 2444 editi,
1356 2411 1593 2447 ytvdmxov‘ttLSn.
1617 2409 1687 2447 ﬁeg.
1705 2410 1724 2438 2

945 2452 971 2473 et
985 2445 1122 2475 'Ottobon.
1145 2447 1245 2474 habent
1270 2446 1421 2481 γινώσκων,
1438 2447 1488 2473 ὃτι.
1506 2445 1557 2472 Alii
1573 2449 1602 2472 ut
1617 2445 1660 2472 hic
1675 2452 1723 2472 ex-

945 2486 1009 2510 stat.

979 2517 1035 2553 (50)
1056 2516 1377 2553 ΒξιεΗηνπαρατῃρὴσεις.
1398 2514 1638 2553 Βουιο-ρηει--διά
1661 2519 1724 2549 post

943 2549 1012 2586 τάχα
1026 2549 1084 2578 ’καί
1107 2549 1233 2579 οιιιίιιιιίιι
1254 2549 1319 2586 Reg'.
1337 2553 1349 2578 1
1366 2556 1392 2578 et
1404 2552 1431 2582 ἳ,
1448 2555 1475 2578 et
1489 2549 1551 2586 seg.
1569 2549 1650 2584 lbid.,
1673 2558 1722 2585 pro

942 2587 1229 2623 05mpoiv5a;,ﬁasil.,
1243 2587 1406 2623 ἐφορῶνταῆ

978 2619 1034 2657 (Si)
1055 2621 1100 2649 Sic
1125 2621 1225 2656 Regius
1252 2619 1365 2656 primus,
1395 2621 1456 2655 Seg.
1474 2619 1570 2657 _|Sasil._
1592 2619 1678 2657 Gobl._
1696 2624 1724 2648 et

942 2655 1059 2684 Felckiu.
1073 2655 1188 2691 primus.
1206 2655 1300 2684 (ἐσθίει-ἰ
1320 2661 1347 2684 et
1369 2656 1433 2683 editi
1456 2655 1504 2691 νῦν
1518 2655 1658 2691 om_ittunl,
1671 2655 1724 2681 ha-

942 2692 1058 2726 bentque
1073 2689 1124 2718 art.
1140 2692 1212 2723 τούς.
1224 2691 1291 2719 Ibid.
1304 2691 1403 2727 Regius
1421 2690 1536 2727 primus,
1553 2689 1628 2727 Sep,
1641 2690 1723 2717 ἕνεκά

961 2735 984 2753 ε.
1002 2724 1129 2754 Particul.
1151 2735 1182 2761 γε
1199 2727 1226 2754 in
1248 2727 1307 2754 aliis
1323 2724 1356 2753 ef
1364 2724 1443 2761 editis
1459 2724 1642 2761 deestLPaulo
1661 2729 1723 2761 post

961 2735 984 2753 ε.
1002 2735 1129 2754 rarucui.
1151 2735 1182 2761 γε
1199 2735 1226 2754 ιη
1248 2735 1307 2754 auis
1323 2735 1350 2753 et
1364 2735 1443 2753 cuius
1459 2735 1535 2752 UCCSI.
1557 2735 1642 2751 ramo
1661 2735 1721 2759 νυεε

942 2735 1043 2797 Regius
1060 2762 1174 2796 primus,
1191 2761 1251 2798 Seg.
1277 2761 1380 2797 Anglic.
1397 2760 1476 2788 Gobl.
1490 2764 1517 2788 et
1531 2745 1648 2787 li’elckm.
1663 2760 1721 2794 pri-

943 2805 1014 2822 mus.
1034 2797 1206 2822 κηδομένους.

943 2805 1014 2829 mus,
1034 2805 1206 2833 κηορμηνους.

1063 2377 1152 2403 Ἔστιν
1165 2379 1240 2404 deest
1259 2375 1285 2403 in
1302 2375 1386 2412 Regio
1402 2377 1490 2412 primo
1507 2380 1532 2402 et
1547 2375 1608 2412 Seg.
