1974 3037
257 110 307 137 571

557 110 586 137 S.
605 109 790 137 ATHANASII
809 109 884 138 OPP.
905 110 994 138 PARS
1013 111 1035 155 1ἒ
1055 125 1089 132 --
1110 109 1295 137 HISTORICA
1316 109 1361 136 ET
1382 108 1590 139 DOGMATICA.

1821 110 1869 138 57!

259 177 313 196 non
336 168 454 195 humana
478 167 608 201 sapientia
623 167 784 201 expendere,
806 167 852 194 sed
871 167 931 194 ﬁdei
949 167 1041 194 auditu

1097 167 1168 200 λόγος
1193 166 1311 199 ἐπαξίως
1327 165 1520 202 διερμηνεῦσαι
1533 166 1676 201 δυνήσεται
1693 166 1728 192 τὰ
1743 166 1810 201 ὑπὲρ
1826 167 1871 202 τὴν

259 215 385 249 excipere
410 213 544 240 convenit.
568 212 642 245 Quae,
655 213 726 239 enim
743 213 831 239 oratio
844 220 876 239 ea
891 220 950 247 qum
963 219 1041 239 crea-

260 266 315 288 tam
330 265 453 287 naturam
468 259 663 286 transcendunt
679 258 760 293 digne
780 259 865 293 possit
886 258 1042 293 explicare?

260 307 306 334 Vel
323 313 458 340 quamam,
474 313 576 340 qua-so,
591 313 671 332 aures
688 312 785 340 capere
798 306 904 339 possint
919 313 979 340 qua:
994 305 1042 332 ho-

258 353 377 380 minibus
391 359 439 379 nec
453 352 546 379 audire
566 360 615 379 nec
634 352 708 387 loqui
726 352 805 379 licet?
821 352 866 380 Sic
883 353 954 379 enim
970 351 1040 378 Pau—

258 399 301 426 lus
326 399 358 425 de
379 398 422 425 liis
444 405 504 431 qua:
520 398 577 432 ipse
592 398 695 424 audivit
713 402 828 425 testatus
851 402 910 430 est;
936 397 970 424 de
988 397 1042 424 Deo

258 448 348 470 autem
364 445 421 470 [nec
435 443 501 470 dicit
515 451 520 469 2
541 452 549 468 ι
570 443 656 476 Quam
682 443 883 479 investigabiles
899 444 950 471 viae
965 444 1040 478 ejus!

258 489 324 522 Quis
337 489 409 516 enim
425 490 552 524 cognovit
568 497 678 517 sensum
695 489 823 516 Domini?
838 490 892 516 Aut
906 490 967 524 quis
980 497 1043 516 con-

258 535 377 563 siliarius
397 536 456 568 eius
473 536 575 563 fuit“?
589 546 597 561 ι
620 535 688 564 Hinc
704 537 840 563 Abraham
856 537 923 563 nihil
936 539 1042 564 curiose

257 581 407 616 inquisivit,
426 589 476 609 nec
493 582 627 616 loquentis
645 583 725 610 verba
743 582 882 614 discussit,
897 582 944 609 sed
961 590 971 607 ι
982 590 1041 609 cre-

257 629 325 656 didit
341 629 394 656 Deo
412 633 438 655 et
459 633 609 663 repulalurn
625 633 666 655 est
687 628 712 655 ei
726 628 758 655 ad
772 628 906 662 justitiam
919 628 952 654 ⁸⁸.
972 637 980 653 ι
998 627 1043 654 Sic

258 675 363 709 Moyses
388 675 473 701 lidelis
500 674 618 701 famulus
643 674 793 708 appellatus
813 679 854 701 est
866 674 899 700 ".
918 673 994 706 Quozl
1018 673 1042 700 si

258 719 362 751 Ariani,
378 719 440 753 quia
465 719 491 745 in
516 719 674 746 malevolant
698 719 818 753 ipsorum
844 719 960 745 animam
989 726 1042 744 non

258 765 421 799 ingredietur
442 765 586 798 sapientia,
606 764 774 791 individuam
797 769 824 791 et
845 769 966 791 sanctam
985 763 1044 790 Tri-

258 811 369 838 nitatem
386 818 435 838 nec
452 811 602 845 intelligere
620 818 670 838 nec
682 811 794 838 credere
813 815 936 845 queunt:
950 818 984 837 ne
1000 809 1044 836 id-

1095 212 1210 248 γενητὴν
1230 212 1293 238 ὄντα
1309 211 1407 246 φύσιν;
1424 213 1458 238 ’Ἡ
1476 211 1540 238 ποία
1554 220 1596 243 τις
1611 211 1679 243 ὅλως
1699 211 1768 247 ἀκοὴ
1791 213 1871 239 συνιέ-

1095 267 1138 284 ναι
1155 258 1211 292 (48)
1227 258 1358 289 δύναται,
1395 258 1413 284 a
1434 258 1470 294 μὴ
1493 257 1598 291 ἔξεστιν
1627 257 1783 293 ἀνθρώποις
1809 259 1871 294 μήτε

1095 303 1213 335 ἀκούειν,
1231 303 1299 338 μήτε
1315 303 1421 336 λαλεῖνς
1439 303 1506 339 Περὶ
1533 303 1583 339 μὲν
1607 301 1652 330 οὖν
1674 300 1713 330 ὦν
1735 304 1846 339 ἦκουσεν
1860 305 1873 331 6

1097 347 1200 379 Παῦλος
1213 369 1220 380 ,
1236 348 1322 380 οὕτως
1342 349 1434 384 εἴρηκε
1446 357 1452 363 ·
1473 349 1538 384 περ).
1557 349 1585 375 δὲ
1608 349 1689 376 αὐτοῦ
1713 349 1760 375 τοῦ
1787 349 1852 376 Θεοῦ
1865 359 1871 365 ⁸

1099 403 1108 419 ι
1129 394 1173 425 Ὠς
1187 394 1384 429 ἀνεξιχνίαστοι
1406 396 1434 421 αἱ
1450 395 1503 421 ὁδοὶ
1526 395 1608 422 αὐτοῦ
1632 396 1638 421 l
1658 396 1707 426 Τίς
1733 395 1787 431 γὰρ
1810 386 1892 430 έγνωλ

1095 439 1157 466 νοῦν
1173 440 1293 474 κυρίους
1311 439 1344 466 ‘ll
1358 440 1400 471 τίς
1415 439 1565 474 σύμϐουλος
1580 439 1661 466 αὑτοῦ
1676 440 1803 474 ὲγένετο;
1818 449 1826 465 ι
1848 441 1874 466 '0

1096 485 1160 518 γοῦν
1185 485 1309 521 ’Δεριιὰμ
1327 484 1388 511 οὔτε
1415 485 1625 520 περιειργάσατο
1639 505 1646 517 ,
1667 485 1729 511 οὐδὲ
1755 486 1874 520 ἀνέκρινε

1095 531 1140 556 τὸν
1152 530 1292 562 λαλοῦντα,
1311 531 1366 557 ἀλλ’
1385 540 1394 556 ι
1411 531 1550 557 ἐπίστευσε
1564 551 1570 562 ,
1591 531 1638 557 καὶ
1660 531 1787 565 ἐλογίσθη
1807 532 1874 566 αὐτῷ

1096 577 1136 607 εἰς
1146 576 1317 611 δικαιοσύνην
1329 585 1336 592 ·
1350 586 1360 602 ι
1380 576 1450 603 οὕτω
1463 577 1565 612 Μωσῆς
1579 577 1674 608 πιστὸς
1687 577 1789 613 ἐκλήθη
1803 577 1875 612 θερά-

1097 630 1166 648 πων⁹
1182 623 1212 648 Εἰ
1231 622 1259 648 δὲ
1274 623 1297 648 οἱ
1313 623 1346 648 τὰ
1364 622 1418 657 (49)
1443 622 1546 658 Ἀρείου
1563 622 1736 658 φρονοῦντες,
1760 623 1820 650 ἐπεὶ
1841 625 1876 655 et;

1096 668 1144 703 τὴν
1162 667 1323 703 κακότεχνον
1340 667 1428 694 αὐτῶν
1451 668 1539 704 ψυχὴν
1563 669 1613 695 οὐκ
1634 669 1816 695 εἰσελεύσεται
1840 678 1877 696 σο-

1097 715 1156 750 φία,
1172 715 1203 741 οὗ
1215 715 1341 741 δύνανται
1356 715 1426 741 νοεῖν
1438 714 1498 740 οὐδὲ
1511 714 1648 741 πιστεύειν
1663 716 1730 750 περὶ
1741 715 1789 750 τῆς
1801 715 1876 741 ﬁbrae

1098 761 1176 797 ρέτου
1192 760 1238 787 καὶ
1257 760 1338 794 ἁγίας
1354 760 1478 795 Τριάδος,
1496 760 1533 795 μὴ
1545 760 1588 792 διὰ
1602 759 1682 787 τοῦτο
1695 760 1743 787 καὶ
1758 760 1806 794 τὴν
1818 761 1876 795 ἀλή-

1097 807 1172 834 θειαν
1189 807 1244 842 (50)
1259 805 1526 842 παρεξηγείσθωσαν,
1538 806 1604 842 μηδὲ
1613 806 1686 842 ᾇπερ
1701 807 1779 833 αὐτοὶ
1792 806 1827 842 μὴ
1837 806 1876 832 διὶ-

257 857 332 884 circo
349 857 487 883 veritatem
502 857 664 889 adulterent;
685 864 734 884 nec
749 865 810 891 quae
833 857 884 891 ipsi
908 857 1045 891 percipere

1097 860 1188 878 νανται
1201 853 1281 882 νοεῖν,
1301 851 1386 877 ταῦτα
1399 851 1550 885 λεγέτωσαν
1571 851 1638 887 μηδὲ
1653 849 1725 878 εἰναι
1744 851 1874 878 δύνασθαι.

258 909 313 928 non
331 905 454 935 possunt,
473 901 529 927 lucc
545 908 598 927 non
614 908 694 935 posse
708 908 769 928 esse
784 901 960 928 contendant.
978 900 1045 928 Per-

258 947 377 974 absurda
397 947 467 974 enim
492 955 535 973 res
555 950 606 980 est,
633 947 716 981 quod,
741 955 803 974 cum
828 947 969 982 concipere
991 954 1046 973 non

258 993 375 1024 valeant,
393 993 438 1027 qui
453 993 509 1019 lieri
526 993 611 1027 possit
632 997 661 1020 ut
676 992 816 1020 individua
830 993 865 1020 sit
878 997 971 1020 sancta
986 992 1046 1018 Tri-

259 1039 344 1071 nitas,
361 1038 453 1064 Ariani
477 1039 578 1065 idcirco
601 1037 716 1070 Filium,
741 1042 769 1066 et
793 1038 888 1072 lropici
915 1037 1045 1072 Spiritum

259 1087 383 1110 sanetum
397 1083 467 1110 inter
480 1091 523 1110 res
535 1088 642 1110 creatas
658 1087 809 1110 numerent.
822 1082 924 1118 Nempe
938 1091 1045 1118 aequum

258 1133 319 1156 erat
334 1127 375 1155 vel
397 1128 446 1155 ista
472 1135 524 1154 non
546 1128 739 1163 intelligentes,
756 1135 870 1162 prorsus
891 1128 981 1160 silere,
999 1135 1048 1155 nec

260 1173 321 1201 illos
338 1171 447 1205 Filium,
466 1181 514 1200 nec
535 1173 602 1200 istos
624 1172 755 1208 Spiritum
775 1179 897 1200 sanctum
914 1173 985 1200 inler
1002 1181 1046 1201 res

261 1224 367 1246 creatas
391 1218 558 1252 collocare:
585 1218 626 1245 vel
652 1223 726 1246 certe
751 1219 823 1253 quod
849 1219 978 1254 scriptum
1005 1224 1047 1247 est

261 1271 423 1300 agnoscere,
443 1263 597 1299 Filiumque
617 1272 679 1291 cum
697 1264 777 1291 Patre
793 1265 977 1300 conjungere,
997 1273 1047 1293 nec

263 1310 394 1345 Spiritum
412 1318 426 1337 a
444 1309 512 1338 Filio
527 1310 657 1344 dividere,
680 1311 836 1341 ut,scilicet
857 1311 996 1338 individua
1016 1319 1048 1339 ac

262 1356 383 1391 eiusdem
399 1363 460 1383 rere
477 1357 613 1391 particeps
633 1361 737 1384 naturae
761 1361 932 1391 permaneret
954 1362 1047 1384 sancta

263 1400 393 1429 Trinitas.
413 1401 516 1434 Quibus
537 1402 632 1436 utique
656 1403 774 1437 cognitis
796 1411 849 1430 non
870 1411 904 1430 eo
929 1401 1048 1431 audacile

263 1455 440 1482 prorumpere
462 1448 608 1482 debebant,
635 1454 666 1475 ut
690 1448 846 1476 dubitantes
879 1450 1048 1484 inquirerent

262 1500 382 1521 auonam
397 1498 476 1528 pacto
488 1493 545 1520 haec
558 1501 587 1521 se
597 1494 725 1526 habeant,
741 1501 775 1521 ne
789 1494 812 1522 si
824 1494 1004 1529 interrogatus
1020 1495 1046 1521 in

262 1539 449 1573 respondendo
463 1539 584 1569 haereret.
607 1539 658 1573 ipsi
674 1547 773 1574 pravos
794 1539 846 1566 sibi
862 1539 927 1574 ipsis
947 1547 1046 1567 sensus

262 1583 543 1611 cemminiscercntur.
566 1583 629 1612 Hatc
652 1585 725 1612 enim
747 1590 789 1612 est
812 1593 902 1612 rerum
926 1586 1045 1612 omnium

262 1628 396 1657 factarum
425 1630 604 1666 inprimisque
633 1631 772 1658 hominum
796 1632 931 1664 conditio,
963 1635 993 1658 ut
1014 1631 1048 1658 de

263 1677 346 1703 rebus
363 1684 424 1710 qum
443 1676 531 1703 verbis
546 1677 662 1711 exprimi
676 1684 729 1704 non
745 1682 858 1712 queunt,
872 1678 952 1712 digne
973 1677 1047 1712 loqui

264 1728 319 1749 non
334 1722 478 1755 possimus.
495 1722 580 1757 Major
595 1727 685 1750 autem
705 1730 771 1750 sane
787 1723 925 1750 temeritas
946 1723 1026 1750 fuerit
1039 1744 1046 1756 ,

265 1767 289 1795 si
302 1767 335 1794 ad
349 1768 405 1794 haec
418 1769 510 1795 eadem
525 1768 698 1803 explicanda,
713 1776 782 1795 nova
797 1769 928 1796 vocabula
941 1769 1048 1804 aliaque

264 1820 281 1839 a
301 1805 448 1846 Scripturis
464 1814 658 1848 excogitemus.
676 1812 733 1840 lmo
747 1821 812 1840 vero
828 1814 938 1841 insanus
955 1815 1048 1841 admo-

265 1857 329 1884 dum
346 1858 388 1884 ille
405 1859 556 1886 censendus
573 1859 619 1890 sit,
635 1860 680 1893 qui
696 1859 769 1886 hisce
784 1859 817 1886 de
835 1859 917 1886 rebus
932 1860 1048 1887 interro—

265 1902 339 1936 gauli
364 1903 405 1929 vel
425 1906 529 1929 tantum
552 1903 652 1937 cogitet
676 1903 839 1937 respondere
857 1912 862 1929 :
879 1904 1050 1938 quandoqui-

1097 897 1216 932 Πρᾶγμα
1240 896 1293 931 γὰρ
1313 897 1462 931 πάσχουσιν
1475 895 1648 923 ἀτοπώτατον
1665 905 1672 912 ’
1688 897 1740 929 ὅτι,
1755 897 1792 932 μὴ
1803 897 1875 923 δυνὰ-

1099 952 1172 978 μενοι
1188 944 1256 969 νοεῖν
1270 962 1277 974 ,
1294 942 1352 974 πῶς
1378 942 1529 978 ἀδιαίρετός
1553 943 1626 968 ἐστιν
1651 944 1667 978 ὴ
1697 943 1764 977 ἁγία
1787 943 1874 978 Τριὰς,

1097 989 1218 1015 ποιοῦσιν
1234 989 1258 1015 οἱ
1277 989 1326 1024 μὲν
1348 989 1480 1024 ’Δρειανοὶ
1499 989 1528 1015 ἓν
1543 989 1597 1024 (51)
1609 989 1654 1015 τὸν
1669 989 1735 1016 Υὶὸν
1755 989 1820 1025 μετὰ
1832 988 1875 1024 τῆς

1097 1035 1211 1067 κτίσεως
1236 1043 1242 1049 ·
1265 1036 1289 1061 οι
1311 1035 1338 1061 δὲ
1364 1035 1489 1071 τροπικο).
1501 1035 1532 1061 τδ
1548 1035 1660 1070 Πνεῦμα
1673 1036 1721 1062 καὶ
1735 1036 1809 1062 αὐτοὶ
1826 1036 1876 1066 τοῖς

1097 1083 1227 1118 κτίσμασι
1245 1082 1466 1117 συναριθμοῦσιν.
1486 1082 1558 1108 Ἔδει
1574 1082 1602 1108 δὲ
1623 1082 1724 1113 αὐτοὺς
1738 1082 1754 1118 ἥ
1770 1082 1875 1109 καθόλου

1099 1130 1135 1165 μὴ
1148 1129 1274 1161 νοοῦντας
1288 1130 1402 1164 σιωπᾷν,
1415 1128 1462 1155 καὶ
1482 1128 1519 1164 μὴ
1541 1128 1712 1161 συντάσσειν,
1733 1129 1800 1164 μήτε
1813 1128 1876 1154 ὲκεί-

1097 1183 1157 1206 νους
1169 1175 1213 1201 τὸν
1227 1174 1299 1207 Υἱδν,
1318 1174 1384 1209 μήτε
1399 1173 1511 1204 τούτους
1526 1173 1556 1199 τὸ
1566 1173 1681 1208 Πνεῦμα
1695 1175 1753 1204 τοῖς
1769 1173 1876 1206 κτίσμα-

1098 1229 1140 1247 σιν
1151 1228 1158 1235 ’
1179 1220 1195 1255 ἢ
1209 1220 1240 1246 τὸ
1255 1219 1446 1255 γεγραμμένον
1469 1218 1667 1253 ἐπιγινώσκειν,
1687 1218 1734 1244 καὶ
1746 1217 1785 1253 τῷ
1797 1218 1875 1251 Πατρὶ

1098 1266 1243 1293 συνάπτειν
1257 1266 1302 1291 τὸν
1320 1265 1396 1297 Υἱὸν,
1414 1265 1461 1290 καὶ
1475 1265 1506 1291 τὸ
1520 1264 1632 1300 Πνεῦμα
1649 1263 1688 1299 μὴ
1703 1264 1815 1299 διαιρεῖν
1827 1262 1875 1289 ἀπὸ

1097 1311 1144 1338 τοῦ
1157 1311 1234 1342 Υἱοῦ,
1247 1312 1290 1337 ἵνα
1304 1311 1334 1336 τὸ
1349 1310 1499 1345 ἀδιαίρετον
1513 1310 1560 1336 καὶ
1576 1310 1697 1345 ὀμοφυὲς
1715 1310 1819 1345 ἀληθῶς
1831 1309 1874 1344 τῆς

1098 1357 1177 1391 ἁγίας
1201 1356 1316 1392 Τριάδος
1344 1355 1481 1391 διαμείνῃ.
1508 1354 1601 1381 Ταῦτα
1625 1356 1765 1390 μαθόντας
1784 1355 1872 1386 αὐτοὺς,

1098 1403 1151 1430 ἔδει
1170 1402 1205 1438 μὴ
1221 1402 1333 1437 τολμᾷν,
1360 1401 1422 1437 μηδ’
1445 1401 1664 1436 ἁμφιῆάλλοντας
1689 1402 1803 1437 ἐρωτᾷν,
1823 1401 1874 1432 πῶς

1097 1448 1183 1475 ταῦτα
1208 1447 1322 1482 γένοιτο,
1347 1447 1400 1479 ἵνα,
1425 1446 1474 1473 κᾶν
1497 1448 1512 1472 ὁ
1535 1446 1714 1482 ἐρωτώμενος
1733 1447 1820 1482 ἀπορῇ
1835 1445 1874 1472 λέ-

1098 1502 1166 1528 γειν,
1185 1493 1221 1528 μὴ
1236 1492 1378 1520 ὲπινοῶσιν
1401 1491 1477 1519 αὐτοὶ
1498 1492 1642 1524 κακονοίας
1665 1493 1784 1524 ἑαυτοῖς.
1805 1493 1872 1518 Ἔστι

1101 1540 1148 1574 μὲν
1163 1539 1216 1574 γὰρ
1241 1540 1308 1565 πᾶσι
1323 1539 1380 1570 τοῖς
1403 1539 1535 1572 γενητοῖς,
1555 1537 1674 1573 μάλιστα
1699 1538 1728 1565 δὲ
1743 1539 1807 1574 ἡμῖν
1825 1539 1874 1568 τοῖς

1099 1584 1250 1619 ἀνθρώποις
1267 1584 1396 1610 ἀδύνατον
1413 1583 1532 1616 ἐπαξίως
1547 1584 1634 1610 εἰπεῖν
1646 1584 1712 1618 περὶ
1731 1584 1784 1610 τῶν
1798 1584 1874 1619 ἀττορ-

1100 1631 1188 1666 ρήτων
1206 1630 1271 1665 (52).
1290 1629 1494 1664 Τολμηρότερον
1515 1629 1543 1655 δὲ
1558 1629 1647 1661 πάλιν,
1668 1631 1707 1666 μὴ
1722 1629 1873 1665 δυναμένους

1099 1677 1197 1711 λέγειν,
1216 1677 1332 1703 ἐπινοεῖν
1349 1675 1396 1701 ἐπὶ
1416 1674 1519 1702 τούτων
1532 1675 1692 1711 καινοτέρας
1708 1675 1793 1709 λέξεις
1807 1675 1872 1709 παρὰ

1099 1723 1147 1754 τὰς
1164 1722 1216 1748 τῶν
1233 1721 1356 1758 Γραφῶν.
1372 1721 1477 1752 Ἀλλως
1488 1729 1517 1747 τε
1532 1721 1578 1747 καὶ
1593 1720 1730 1757 μανιώδης
1744 1720 1871 1756 ἡτοιαύτη

1099 1768 1266 1803 ἐπιχείρησις
1280 1767 1327 1793 τοῦ
1339 1775 1368 1792 τε
1386 1766 1542 1802 ἐρωτῶντος
1560 1767 1607 1794 καὶ
1624 1767 1672 1794 τοῦ
1686 1767 1737 1794 κᾶν
1747 1767 1812 1798 ὅλως
1824 1765 1871 1799 (53)

1100 1813 1299 1849 ὲνθυμουμένου
1326 1811 1534 1848 ἀποκρίνασθαι.
1565 1812 1632 1838 οὐδὲ
1661 1813 1717 1849 γὰρ
1742 1813 1800 1840 οὐδὲ
1815 1812 1871 1846 περὶ

1099 1859 1152 1885 τῶν
1169 1858 1290 1893 γενητῶν
1313 1858 1383 1884 οὕτω
1396 1866 1438 1888 τις
1454 1857 1563 1893 ἐρωτῶν
1580 1858 1720 1893 νομισθείη
1736 1858 1795 1885 νοῦν
1810 1857 1871 1891 ἔχειν

1102 1905 1189 1941 ὀρθόν.

265 1949 327 1977 dem
342 1957 393 1977 nec
405 1950 429 1977 is
447 1949 545 1976 mentis
558 1957 671 1984 compos
684 1956 745 1976 esse
757 1949 946 1982 zestimabitur,
958 1950 1003 1984 qui
1017 1951 1074 1980 hac
1087 1952 1180 1980 eadem
1198 1951 1231 1979 de
1248 1951 1329 1979 rebus
1345 1950 1423 1978 factis
1442 1950 1523 1978 fuerit
1534 1955 1718 1986 percontatus.

302 2005 345 2032 18.
366 2004 432 2032 Nam
449 2005 488 2031 vel
503 2005 609 2031 tandem
622 2005 659 2031 illi
673 2005 719 2039 qui
735 2005 767 2032 de
780 2013 808 2032 re
823 2007 896 2033 nulla
911 2007 1046 2041 dubitant,

266 2051 429 2086 respondere
450 2050 577 2083 audeant,
600 2051 737 2085 quomodo
760 2056 786 2078 et
807 2060 840 2080 ex
861 2061 914 2087 qua
935 2055 1046 2082 materia

265 2097 326 2124 (αξη
339 2096 478 2123 censtituli
492 2097 557 2129 sint,
573 2096 616 2123 vel
635 2105 758 2131 quaenam
774 2098 882 2126 illorum
904 2100 939 2126 sit
958 2100 1046 2127 admi-

1136 2007 1179 2034 18.
1200 2007 1236 2033 Ἦ
1249 2006 1462 2041 τολμησάτωσαν
1484 2006 1682 2041 ἀποκρίνασθαι
1697 2007 1721 2033 οἱ
1738 2006 1821 2033 πάντα
1835 2004 1870 2030 λέ-

1100 2062 1193 2090 γοντες
1207 2053 1336 2088 εὐχερῶς,
1351 2053 1409 2084 πῶς
1424 2054 1438 2079 ὁ
1451 2053 1564 2088 οὐρανὸς
1578 2053 1702 2088 συνέστη,
1718 2053 1764 2079 καὶ
1779 2052 1809 2078 ὲκ
1817 2050 1869 2077 ποί-

1099 2109 1132 2131 ας
1149 2099 1225 2134 ὖλης,
1249 2099 1296 2126 καὶ
1313 2099 1367 2133 (54)
1381 2099 1423 2130 τίς
1436 2099 1453 2134 ἡ
1464 2098 1558 2124 τούτου
1575 2098 1657 2134 μίξις,
1669 2099 1686 2134 ἣ
1701 2098 1780 2130 πῶςο
1796 2097 1869 2132 ἥλιος,

265 2143 335 2174 stio,
359 2150 448 2177 quove
464 2143 543 2170 modo
564 2143 604 2170 sol
625 2150 651 2170 et
674 2144 780 2178 singula
806 2149 879 2172 astra
896 2147 1046 2180 composita

1101 2146 1146 2172 καὶ
1165 2145 1347 2177 ἕκαστος-τῶν
1363 2145 1483 2180 ἀστέρων
1498 2153 1505 2177 ;
1522 2145 1554 2171 Τί
1570 2145 1598 2172 δὲ
1610 2145 1763 2180 θαυμαστὸν
1782 2145 1811 2170 ἐκ
1822 2141 1869 2168 τῶν

265 2188 388 2216 fuerint?
400 2188 499 2216 Verum
512 2190 576 2224 quid
589 2190 698 2222 mit-nm,
711 2191 733 2218 si
747 2198 779 2217 ex
793 2192 979 2226 superioribus
992 2193 1046 2220 sive

1101 2192 1315 2227 ὑπερκειμένων,
1331 2191 1420 2217 αὐτῶν
1436 2190 1556 2225 ἐλέγχειν
1574 2189 1622 2225 τὴν
1637 2190 1797 2226 ἀφροσύνην,
1810 2188 1868 2214 ὅπου

265 2235 422 2263 caelestibus
439 2235 529 2267 rebus,
552 2236 659 2263 illorum
677 2237 823 2264 amentiam
844 2239 1047 2272 convincamus,

265 2290 327 2310 cum
343 2274 430 2317 neque
446 2282 512 2317 ipsis
525 2287 615 2317 pateat
629 2291 752 2317 quaenam
775 2284 811 2310 sit
829 2292 920 2311 rerum
935 2284 1048 2313 inferio-

300 2382 322 2398 "
342 2381 422 2409 Rom.
440 2389 478 2414 xt,
497 2381 540 2408 55.
579 2382 600 2397 ³⁸
621 2381 699 2408 Rom.
714 2390 750 2415 tv,
767 2383 793 2409 5.
831 2383 853 2399 ’9
869 2383 951 2410 Hebr.
965 2393 1005 2417 ιιι,

301 2471 357 2508 (48)
378 2471 478 2514 Regius
501 2472 616 2506 primus,
636 2471 696 2506 δεδι.
715 2471 795 2500 Gubl.
811 2476 837 2499 et
853 2472 972 2500 Fclcltm.
994 2473 1049 2507 pri-

266 2515 338 2538 mus,
356 2515 483 2534 συνειναι.

302 2552 358 2587 (49)
379 2552 425 2580 Sic
452 2552 552 2586 Regius
576 2553 689 2586 primus.
706 2554 756 2580 Alii
772 2561 836 2581 vero
848 2554 875 2580 et
891 2553 966 2584 editi,
981 2555 1005 2580 οἱ
1023 2553 1051 2580 δὲ

265 2587 310 2619 τά,
326 2593 391 2619 ete.,
410 2589 511 2614 omissa
536 2590 660 2620 pattirul.
679 2590 712 2615 εὶ.
731 2589 801 2615 Idem
821 2588 921 2623 Regius
946 2589 1051 2623 primus

266 2623 349 2665 paulo
362 2626 425 2665 post
444 2628 473 2649 ut
493 2627 519 2649 et
533 2623 595 2665 δας.
614 2624 675 2665 Bas.
695 2624 815 2665 Goblzet
830 2623 948 2664 Felcltm:
966 2624 989 2656 ί,
1006 2632 1050 2665 σο-

268 2657 373 2694 φία,μοῦ
391 2657 516 2684 δύνανται
532 2659 601 2685 νοεῖν
612 2660 671 2685 οὐδὲ
687 2659 822 2685 πιστεύειν
841 2659 975 2694 περὶτῆς,
998 2663 1050 2685 etc.

268 2691 338 2732 Editi
364 2700 429 2719 vero
453 2697 480 2720 et
504 2693 567 2725 alii,
592 2694 686 2729 σοφία,
711 2695 770 2720 οὐδὲ
795 2691 967 2720 πιστεῦουσιν
990 2694 1052 2729 περὶ

267 2731 328 2762 της,
346 2731 399 2753 etc.

304 2771 367 2808 (50)
382 2771 447 2808 Reg.
465 2772 638 2808 ‘2.ﬁ).rﬂtviqv
658 2774 726 2800 ὀδόν.
741 2773 807 2800 Ibid.
823 2773 922 2807 Regius
939 2773 1052 2807 primus.

269 2806 329 2842 Seg.
350 2805 443 2836 Basili.
458 2807 536 2843 μηδέ.
552 2805 603 2835 λιιι
619 2805 646 2836 et
662 2809 737 2840 editi,
758 2809 834 2845 μήτε.
852 2805 911 2836 Mox
930 2805 989 2846 post
1011 2808 1052 2836 λε-

1105 2247 1134 2273 γε
1150 2238 1211 2265 οὐδὲ
1228 2237 1287 2270 πῶς
1299 2238 1353 2263 τῶν
1372 2235 1422 2264 ὧδε
1437 2238 1510 2264 κάτω
1525 2237 1609 2270 ξύλων
1621 2238 1638 2273 ἡ
1653 2237 1743 2272 φύσις,
1761 2236 1804 2262 καὶ
1822 2233 1868 2260 τῶν

1087 2286 1205 2313 ,ὑδάτων
1223 2285 1257 2311 τὰ
1278 2285 1448 2320 συστήματα,
1465 2284 1523 2316 πῶς
1539 2293 1568 2311 τε
1583 2284 1636 2311 τῶν
1652 2285 1727 2317 ζώων
1748 2285 1763 2318 ἡ
1784 2282 1870 2310 πλάσις

1102 2471 1234 2505 γέτωσαν,
1252 2470 1353 2505 Regius
1370 2470 1484 2505 primus.
1498 2470 1559 2505 Seg.
1576 2471 1654 2498 Gubl.
1668 2475 1695 2498 et
1710 2465 1865 2496 Felckmanni

1102 2506 1216 2541 primus.
1233 2505 1311 2541 μηδέ,
1326 2506 1372 2532 ubi
1390 2506 1435 2532 alii
1447 2510 1474 2532 et
1487 2505 1563 2538 editi,
1585 2507 1632 2541 μή.

1137 2551 1193 2587 (Si)
1215 2551 1260 2587 Sic
1275 2551 1376 2586 Regius
1386 2552 1501 2587 primus,
1511 2551 1578 2587 iSeg.
1594 2551 1671 2578 Gobl.
1685 2555 1711 2587 et
1721 2547 1862 2587 falcium"-

1102 2580 1216 2622 prunus.
1235 2586 1307 2613 Editi
1317 2580 1348 2612 ’ἱξι
1362 2580 1499 2622 alii,7§va.'
1511 2580 1594 2613 PaElo
1606 2591 1667 2622 post
1680 2584 1754 2614 Gobl.
1767 2588 1791 2609 et
1801 2580 1863 2608 Fde-

1103 2623 1216 2657 primus,
1233 2621 1301 2657 μετὰ
1311 2623 1367 2652 τοῖς
1383 2621 1524 2655 κτίσμασι.

1138 2668 1194 2704 (52)
1214 2667 1260 2704 Sic
1278 2667 1377 2704 Regius
1395 2667 1510 2704 priamus,
1525 2666 1586 2704 Seg.
1599 2664 1862 2704 Gobl.r_Felcknt.'_prtj

1103 2697 1165 2737 mus
1186 2697 1214 2730 et
1238 2697 1339 2733 Basili;
1357 2697 1403 2729 sed
1427 2697 1509 2728 Basil.
1533 2697 1614 2728 havbet
1637 2702 1766 2737 ὰρῤήτων.
1781 2697 1826 2724 Alii
1841 2699 1865 2721 οε

1103 2738 1166 2767 editi
1183 2738 1282 2773 habent
1296 2737 1424 2773 ἁρῤήεων
1436 2742 1466 2773 et
1481 2737 1624 2773 τολμηρόν.

1140 2773 1196 2804 (55)
1218 2772 1282 2806 lteg.
1301 2767 1321 2798 ’ἱ
1333 2767 1492 2798 ἐιῬεΙειίηι.
1507 2767 1620 2806 primus.
1639 2770 1683 2798 τοῦ
1701 2778 1728 2796 τε
1739 2767 1861 2798 arum“-

1140 2807 1195 2843 (54)
1216 2807 1314 2841 llegius
1326 2807 1439 2842 primus,
1455 2806 1529 2842 Seg.,
1544 2807 1569 2841 ἧ.
