1974 3037
137 120 191 148 $73
679 116 846 144 EPISTOLA
867 117 875 143 Ι
895 116 940 143 Af)

965 114 1195 143 SERAPIONEM.
1270 118 1275 124 '
1702 113 1752 141 57!

135 177 185 208 κα).
208 177 224 215 ἡ
252 176 386 207 σύστασις,
404 175 581 210 γινώσκεται,
603 175 672 202 Ἀλλ’
689 176 739 202 οὐκ
758 175 790 202 ἂν
806 174 862 211 (55)
876 174 916 201 εἴ-

967 182 1036 207 rum,
1054 173 1127 200 verbi
1141 180 1234 205 causa,
1252 171 1386 207 lignorum
1408 176 1517 203 natura,
1533 170 1669 206 quomodo
1685 178 1752 198 con-

136 231 223 255 ποιεν,
237 223 302 248 ὃπου
315 230 345 255 γε
361 222 406 248 καὶ
423 221 560 256 Σολομὼν,
574 223 588 247 6
603 222 794 257 περισσότερον
809 222 917 248 πάντων

138 269 233 302 σοφίας
251 268 400 303 μετασχὼν,
425 268 494 304 ὁρῶν
523 268 653 294 ἀδύνατον
677 267 829 301 ἀνθρώποις
855 267 918 301 περὶ

137 314 238 343 τούτων
249 315 348 348 εὑρεῖν,
363 314 438 348 ἔλεγε
451 322 457 328 “
477 323 486 339 ‹
501 314 553 340 Καί
567 322 597 348 γε
616 313 760 348 σὺμπαντα
774 313 820 339 τὸν
832 313 916 339 αἰῶνα

135 360 235 389 ιδωκεν
252 360 280 385 ἐν
300 359 397 395 καρδίᾳ
418 359 516 391 αὑτῶν,
539 360 612 390 ὅπως
632 359 670 394 μὴ
692 358 759 395 εὕρῃ
776 359 917 394 ἄνθρωπος

135 407 166 432 τὸ
190 406 305 442 ποίημα,
326 406 340 432 ὃ
355 406 480 440 ἐποίησεν
494 407 507 432 ὀ
523 405 588 436 Θεὸς
605 405 651 431 ἀπ’
669 405 754 440 ἀρχῆς
769 405 814 431 καὶ
836 405 916 440 μέχρι

134 452 237 484 τέλους.
253 462 262 477 ι
288 451 351 487 Ἆρ’
369 451 426 484 οὖν,
452 454 512 478 ἐπει
530 453 566 488 μὴ
592 452 716 478 δύνανται
736 451 824 486 εὑρεῖν
849 450 914 485 (56),

135 498 196 530 οὐδὲ
221 495 291 525 εἶναι
314 498 383 527 αὐτὰ
408 498 591 533 ὁμολογοῦσι;
618 498 672 524 Ναὶ
705 497 916 532 ὁμολογήσουσιν

134 542 311 578 ἐφθαρμένην
331 542 436 577 ἔχοντες
455 542 502 577 τὴν
522 542 650 569 διάνοιαν.
676 541 780 568 Οὐκοῦν
804 541 915 573 εἰκότως

133 589 168 619 ἄν
179 597 220 619 τις
236 589 327 620 αὐτοῖς
343 589 413 614 εἴποι
429 596 435 602 ·
449 585 483 614 Ὦ
497 588 604 623 ἀνόητοι
616 588 662 614 καὶ
675 588 760 614 πάντα
774 587 914 623 τολμηροὶ,

132 632 178 659 διὰ
193 632 219 658 τι
239 632 276 667 μὴ
301 632 399 667 μᾶλλον
422 633 469 659 ἐπὶ
491 633 539 668 τῆς
561 633 641 667 ἁγίας
667 632 779 668 Τριαδος
796 633 914 659 παύεσθε

134 679 441 714 περιεργαζόμενοιμαὶ
452 679 532 713 μόνον
546 679 684 705 πιστεύετε
695 679 760 714 (57),
772 679 813 706 ὅτι
828 679 912 705 ἐστιν·

131 723 240 759 εχοντες
252 725 292 756 εις
302 724 380 750 τοῦτο
392 724 548 751 διδάσκαλον
560 725 605 752 τὸν
622 724 780 751 Ἀπόστολον
791 725 912 758 λέγοντα·

136 779 146 795 ι
161 769 307 797 Πιστεῦσαι
326 770 379 806 γὰρ
402 770 441 796 δεῖ
454 771 560 803 πρῶτον
575 771 643 807 Θεῷ,
656 772 696 798 ὅτι
708 771 776 801 ἔστι,
794 773 840 798 καὶ
861 774 915 803 τοῖς

131 815 293 850 ἐκζητοῦσιν
316 815 395 842 αὑτὸν
413 816 609 851 μισθαποδότης
631 817 733 850 γίνεται
747 826 754 849 ;
768 827 776 842 ι
797 818 833 843 Οὐ
850 817 912 853 γὰρ,

969 218 1067 246 sistant
1088 226 1182 254 aquas,
1207 226 1332 253 quaenam
1348 217 1383 245 sit
1398 217 1556 244 animalium
1571 215 1753 243 conformatio

968 276 1000 295 ac
1020 268 1201 302 compositio?
1218 266 1281 294 lltee
1306 266 1378 294 enim
1401 266 1522 300 profecto
1546 273 1686 300 nunquam
1715 265 1753 292 illi

967 313 1169 348 explicaverint,
1184 312 1293 347 quando
1308 312 1366 346 ipse
1383 310 1511 338 Salomon
1523 331 1529 342 ,
1545 311 1591 346 qui
1614 311 1754 345 sapientia:

967 359 1131 386 cumulatius
1149 358 1200 385 fuit
1216 358 1350 392 particeps
1362 366 1445 393 quam
1467 359 1512 385 alii
1527 365 1632 389 omnes,
1647 358 1698 383 ista
1718 356 1753 383 ab

967 403 1077 431 homine
1100 403 1217 431 inveniri
1240 411 1294 430 non
1316 411 1396 437 posse
1412 404 1580 438 perspiciens
1602 402 1639 430 ait
1660 410 1666 427 :
1692 411 1702 427 ι
1719 401 1752 429 Et

967 450 1075 485 quidem
1096 450 1253 477 universum
1270 450 1400 477 saeculum
1416 450 1490 476 dedit
1503 450 1528 476 iu
1544 449 1626 476 corde
1639 456 1750 481 eorum.

967 500 996 522 ut
1023 504 1076 522 non
1101 495 1222 522 inveniat
1244 495 1327 522 homo
1353 503 1421 530 opus
1444 495 1517 529 quod
1538 494 1601 521 fecit
1623 493 1695 521 Deus
1717 494 1752 521 ab

966 541 1044 568 initio
1055 546 1082 568 et
1095 549 1181 576 usque
1200 541 1226 567 in
1240 542 1321 568 linem
1331 541 1366 567 ’.ι
1378 541 1418 567 An
1433 548 1497 575 ergo
1507 541 1572 575 quia
1588 540 1645 567 ha-c
1658 539 1749 566 omnia

966 595 1047 615 nosse
1073 591 1231 622 nequeunt,
1259 587 1361 614 idcirco
1392 586 1557 614 contendent
1591 585 1669 621 533
1693 592 1745 613 non

965 633 1114 661 exsistere?
1134 632 1231 660 Nullus
1250 633 1343 666 utique
1358 632 1452 659 dubito
1468 633 1534 667 quin
1555 632 1581 658 id
1602 631 1744 658 contende-

965 680 1029 711 rint,
1049 679 1148 715 quippe
1169 679 1216 714 qui
1239 682 1357 706 mentem
1385 678 1492 712 penitus
1517 681 1672 711 corruptam
1698 677 1748 703 ha-

966 725 1055 753 beant.
1073 725 1137 752 Jure
1154 725 1236 760 igitur
1255 724 1352 752 merito
1367 731 1414 751 eos
1430 724 1466 750 ita
1481 724 1581 758 alloqui
1604 723 1684 751 liceat
1700 732 1706 749 :
1726 721 1749 750 0

965 772 1042 800 stulti
1057 775 1138 806 atque
1157 771 1189 798 ad
1210 771 1301 797 omnia
1317 769 1435 797 audaces
1448 776 1475 796 et
1489 769 1650 804 praecipites,
1663 775 1750 803 quare

965 825 1019 845 non
1049 818 1139 851 potius
1162 821 1282 844 sanctam
1312 815 1474 842 Trinitatem
1499 815 1607 842 curiose
1631 814 1748 842 scrutari

132 860 192 893 πῶς
207 862 290 893 ἐστιν,
308 861 428 897 εἴρηκεν,
442 861 509 888 ἀλλὰ
526 862 615 897 μόνον,
634 872 642 887 ι
654 863 694 889 ὅτι
711 863 792 889 ἐστιν.
807 873 815 888 ›
831 863 862 889 Εἰ
883 863 911 889 δὲ

967 863 1099 895 desinitis,
1111 869 1226 896 eamque
1237 869 1297 888 esse
1311 861 1444 888 duntaxat
1455 860 1575 892 creditis,
1589 861 1748 894 magistrum

131 907 201 941 μηδὲ
215 907 286 933 οὕτω
303 907 489 939 καταδᾶονται,
507 907 660 934 εἰπάτωσαν
673 907 730 939 πῶς
744 909 815 934 ἐστιν
826 909 840 934 6
854 908 911 934 Πα-

130 951 199 989 τὴρ,
219 953 252 979 ἵν’
266 953 335 980 οὕτω
357 953 479 988 μάθωσι,
501 953 558 984 πῶς
574 954 630 979 ἐστι
653 954 699 979 καὶ
715 954 729 979 6
749 953 843 980 τούτου
863 954 913 979 Λό-

130 1006 189 1032 γος.
215 998 284 1025 Ἀλλ’
299 998 409 1031 ἄτοπον,
429 1000 554 1034 φήσουσι,
575 999 638 1034 περὶ
651 998 697 1025 τοῦ
712 999 817 1035 Πατρὸς
828 999 913 1031 οὕτως

130 1044 246 1080 ἐρωτᾷν,
273 1044 387 1070 Ἄτοπον
401 1042 446 1071 οὖν
463 1045 517 1079 (58)
535 1045 707 1071 ἀκουέτωσαν
724 1046 769 1072 καὶ
789 1045 852 1080 περὶ
866 1046 912 1072 τοῦ

130 1089 217 1124 Λόγου
229 1090 309 1116 αὑτοῦ
324 1089 410 1122 οὕτως
425 1091 538 1126 ἐρωτᾷν.

965 909 1124 943 Apostolum
1139 909 1188 935 hac
1203 908 1228 934 in
1243 916 1270 934 re
1285 907 1396 938 imitati,
1409 907 1486 940 cujus
1505 906 1562 933 haec
1581 911 1645 933 sunt
1666 905 1747 933 verba

967 963 976 980 ι
996 954 1111 982 Credere
1127 954 1199 981 enim
1214 958 1321 988 oportet
1344 953 1461 988 primum
1479 953 1543 984 Deo,
1563 952 1626 988 quia
1646 956 1704 984 est,
1721 956 1748 979 et

964 1001 1165 1036 inquirentibus
1190 1007 1220 1027 se
1248 1004 1437 1027 remunerator
1449 999 1485 1026 sit
1503 999 1512 1014 '
1527 1008 1537 1024 ι
1553 999 1564 1024 ?
1599 997 1654 1025 Nec
1675 997 1747 1025 enim

963 1046 1041 1079 dixit,
1058 1045 1195 1082 quomodo
1209 1050 1260 1078 est,
1277 1045 1324 1072 sed
1340 1049 1454 1077 tantum,
1473 1053 1482 1069 ι
1497 1044 1559 1079 quia
1576 1048 1627 1072 est.
1644 1053 1653 1069 ι
1670 1042 1747 1076 Quod

963 1093 986 1120 si
1007 1100 1057 1120 nec
1073 1092 1114 1120 sic
1126 1091 1234 1126 quidem
1249 1091 1425 1122 erubescunt,
1446 1090 1537 1117 dicant
1553 1097 1617 1124 ergo
1632 1095 1748 1124 quomo-

127 1135 167 1163 do
182 1137 216 1163 sit
228 1135 315 1169 Pater,
332 1141 361 1163 ut
377 1136 428 1162 hoc
441 1140 520 1169 pacto
535 1135 638 1163 discant
654 1136 791 1170 quomodo
804 1144 911 1171 quoque
930 1137 990 1172 ejus
1010 1137 1045 1164 sit
1070 1136 1196 1164 Verbum.
1215 1135 1267 1162 Sed
1287 1135 1436 1163 absurdum
1467 1139 1518 1167 est,
1536 1135 1668 1170 inquient,
1691 1135 1748 1163 haec

128 1181 164 1211 tle
178 1181 256 1209 Patre
275 1183 421 1217 inquirere.
442 1182 559 1208 Audianl
577 1183 658 1218 igitur
672 1183 818 1210 absurdum
843 1191 948 1218 quoque
963 1192 1024 1210 esse
1038 1184 1108 1210 idem
1120 1184 1154 1210 de
1167 1183 1227 1217 ejus
1243 1182 1328 1210 Verbo
1342 1182 1485 1209 sciscitari.

167 1227 210 1254 f9.
231 1228 364 1263 Περιττῆς
383 1228 524 1264 τοιγαροῦν
544 1229 590 1255 καὶ
610 1229 690 1255 πλέον
711 1230 808 1263 μανίας
829 1228 912 1264 οὔσης

130 1273 181 1308 τῆς
194 1273 320 1308 τοιαύτης
334 1274 540 1309 ἐπιχειρήσεως,
555 1274 650 1309 μηκέτι
667 1274 778 1300 τοιαῦτά
794 1283 835 1306 τις
849 1275 911 1310 ἐρω-

130 1319 214 1351 τὰτω,
230 1319 246 1354 ἦ
260 1319 338 1354 μόνον
353 1319 387 1345 τὰ
405 1320 432 1345 ὲν
446 1321 505 1351 ταῖς
521 1320 641 1356 Γραφαῖς
658 1319 825 1355 μανθανέτω.
844 1321 912 1346 Λύτ-

133 1363 204 1398 ἀρκη
226 1363 280 1399 γὰρ
302 1365 348 1390 καὶ
375 1365 454 1391 ἱκανὰ
475 1364 509 1390 τὰ
530 1364 558 1391 ὲν
582 1364 694 1397 ταύταις
717 1365 773 1400 (59)
799 1365 912 1400 κείμενα

131 1409 196 1444 περὶ
212 1409 306 1435 τούτου
336 1410 552 1446 παραδείγματα.
580 1411 660 1445 Πηγὴ
683 1411 771 1437 τοίνυν
787 1411 833 1437 καὶ
855 1411 911 1445 φῶς

130 1453 239 1487 λέγεται
255 1455 268 1481 6
285 1455 378 1490 Πατήρ
391 1463 398 1469 ·
423 1464 433 1481 ι
450 1456 514 1490 Ἐμὲ
526 1465 535 1481 ι
557 1456 621 1491 γὰρ.
638 1456 729 1491 φησιν,
747 1466 756 1482 ι
772 1457 911 1490 ἐγκατέλι-

132 1508 182 1526 πον
303 1500 398 1532 ’ὐδατος
418 1500 528 1534 ζῶντος.
547 1511 555 1526 ι
576 1502 631 1528 Καὶ
653 1502 733 1528 πάλιν
754 1503 781 1528 ὲν
806 1501 844 1537 τῷ
860 1503 912 1528 Βα-

130 1545 214 1586 ρούχ·
238 1556 247 1571 ι
262 1546 295 1573 Τί
311 1547 393 1582 ἐστιν,
415 1547 531 1582 Ἰσραὴλ,
542 1548 583 1574 ὅτι
598 1549 626 1574 ἐν
640 1549 673 1583 τῇ
690 1549 724 1583 γῇ
739 1547 793 1574 τῶν
808 1548 911 1583 ἐχθρῶν
925 1541 945 1568 (ἶ

131 1588 158 1616 εἷ
170 1591 224 1625 (60)
239 1599 246 1624 ;
270 1592 446 1625 ἐγκατέλιπες
461 1592 509 1627 τὴν
531 1593 621 1628 πηγὴν
635 1593 684 1627 τῆς
703 1593 797 1628 σοφίας
810 1601 816 1606 ·
837 1603 845 1618 ι
868 1594 913 1620 καὶ

132 1637 203 1663 κατὰ
218 1637 263 1663 τὸν
283 1637 408 1672 Ἰωάννην
419 1647 426 1653 ·
443 1647 453 1664 t
467 1639 496 1665 '0
508 1638 573 1670 Θεὸς
589 1638 668 1674 ἡμῶν
683 1639 740 1672 φῶς
756 1640 822 1665 ἔστι.
837 1649 845 1664 ι
864 1640 913 1666 Λέ-

132 1692 210 1718 γεται
225 1683 252 1710 δὲ
273 1685 319 1710 καὶ
335 1685 348 1710 6
365 1685 428 1716 Υἱὸς
443 1684 480 1716 ὡς
505 1686 554 1720 μὲν
571 1685 638 1720 πρὸς
655 1684 703 1720 τὴν
719 1685 809 1720 πηγὴν
831 1693 914 1711 ποτα-

134 1730 184 1764 μὸς
198 1738 204 1744 ·
223 1739 232 1754 ι
248 1729 279 1756 Ὀ
296 1730 416 1765 ποταμὸς
429 1739 437 1755 ι
453 1730 507 1766 γὰρ
524 1739 533 1755 ι
549 1730 595 1761 τοῦ
610 1730 677 1756 Θεοῦ
692 1730 835 1766 ἐπληρώθη
852 1731 914 1758 ὑδά-

131 1784 200 1801 των·
213 1785 222 1800 ι
248 1775 315 1810 πρὸς
339 1775 366 1801 δὲ
390 1775 420 1801 τὸ
438 1775 495 1808 φῶς
513 1775 682 1811 ἀπαύγασμα
696 1797 703 1809 ,
728 1776 850 1810 λέγοντος
865 1777 912 1803 τοῦ

132 1820 238 1847 Παύλου
249 1828 256 1835 ·
274 1830 283 1846 ι
297 1822 345 1852 Ὃς
357 1819 395 1846 ὢν
411 1820 578 1856 ἀπαύγασμα
599 1821 650 1856 τῆς
665 1821 753 1856 δόξης,
769 1821 815 1848 καὶ
829 1829 912 1857 χαρα-

131 1866 201 1901 κτὴρ
217 1866 264 1900 τῆς
278 1866 450 1897 ὑποστάσεως
466 1866 558 1893 αὑτοῦ.
582 1876 591 1892 ι
623 1866 676 1892 Τοῦ
699 1867 786 1893 τοίνυν
808 1867 912 1902 Harpe;

132 1910 219 1943 φωτὸς
233 1910 308 1942 ὄντος
320 1911 386 1944 (61),
407 1911 452 1937 τοῦ
469 1912 497 1938 δὲ
519 1911 582 1938 Υἱοῦ
599 1912 813 1947 ἁπαυγάσματος
830 1911 911 1938 αὑτοῦ

132 1956 184 1988 (τὰ
200 1956 269 1982 αὐτὰ
284 1956 338 1992 γὰρ
363 1958 425 1993 περὶ
447 1958 549 1984 τούτων
575 1957 691 1992 μάλιστα
713 1958 762 1984 οὐκ
786 1958 912 1992 ὀκνητέον

130 2001 222 2036 ’λέγειν
243 2003 370 2035 πολλάκις
386 2004 406 2037 ),
437 2003 540 2036 ἔξεστιν
556 2005 622 2040 όρᾷν
639 2004 686 2030 καὶ
703 2005 731 2031 ὲν
748 2004 787 2039 τῷ
798 2004 855 2039 Υἱῷ
882 2004 913 2030 τὸ

132 2048 254 2083 Πνεῦμα,
272 2050 300 2074 ἐν
314 2047 335 2083 ᾧ
349 2050 534 2085 φωτιζόμεθαπ
554 2060 562 2075 ι
577 2051 634 2077 Ἵνα
645 2060 654 2076 ι
669 2050 732 2085 γὰρ,
748 2050 823 2086 φησι,
837 2060 845 2075 ι
858 2050 912 2086 δώῃ

132 2093 196 2127 ὑμῖν
213 2094 325 2129 Πνεῦμα
350 2095 446 2130 σοφίας
467 2095 514 2121 καὶ
531 2095 728 2129 ἀποκαλύψεως
744 2096 772 2121 ὲν
798 2094 913 2129 ἐπιγνώ-

133 2147 173 2164 σει
189 2139 281 2171 αὑτοῦ,
299 2140 521 2175 πεφωτισμένους
539 2141 601 2171 τοὺς
611 2140 765 2175 ὀφθαλμοὺς
780 2141 828 2179 τῇς
843 2149 913 2176 καρ-

130 2184 199 2216 δίας.
214 2195 223 2210 ›
241 2185 286 2220 Τῷ
302 2185 330 2212 δὲ
346 2186 484 2222 Πνεῦματι
507 2186 562 2221 (6‘2)
585 2185 775 2222 φωτιζομένων
796 2187 882 2222 ἡμῶν,
899 2188 913 2213 6

131 2231 247 2267 Χριστός
268 2232 342 2258 ἐστιν
357 2232 371 2257 6
394 2233 422 2258 ὲν
443 2232 517 2267 αὐτῷ
535 2232 678 2266 φωτίζων·
708 2241 717 2257 ι
732 2230 786 2258 Ἤν
800 2241 809 2258 ι
839 2232 911 2268 γὰρ,

132 2277 198 2310 φησι
210 2296 217 2306 .
238 2286 246 2302 ι
260 2276 290 2303 τὸ
307 2277 364 2311 φῶς
387 2277 415 2303 τὺ
431 2277 576 2313 ἀληθινὸν,
596 2277 610 2303 ὃ
629 2277 740 2312 φωτίζει
761 2277 848 2304 πάντα
867 2278 913 2305 ἄν-

130 2321 239 2358 θρωπον
262 2323 408 2358 ἐρχόμενον
434 2325 472 2355 eis,
497 2323 542 2350 τὸν
556 2323 668 2358 κόσμον.
682 2333 691 2349 ι
709 2322 793 2350 Πάλιν
812 2332 842 2349 τε
865 2323 912 2350 τοῦ

132 2367 236 2402 Πατρὶς
250 2369 326 2400 ὄντος
341 2369 443 2403 πηγῆς,
467 2368 513 2395 τοῦ
530 2369 558 2396 δὲ
580 2369 645 2395 Υιοῦ
663 2368 785 2404 ποταμοῦ
800 2368 913 2404 λεγομέ-

131 2423 188 2447 νου,
208 2413 294 2440 πίνειν
311 2414 444 2449 λεγόμεθα
464 2415 495 2441 τὸ
512 2414 623 2450 Πνεῦμα
641 2424 648 2430 θ
672 2415 825 2450 γέγραπται
847 2415 912 2450 γὰρ,

169 2472 176 2486 ¹
191 2472 278 2499 Eeele.
295 2472 387 2504 1",“.

131 2530 142 2546 ⁷
162 2528 243 2557 llebr.
260 2538 278 2562 ι,
293 2529 320 2556 5.
341 2529 352 2545 ⁸
371 2528 469 2563 Ephes.
487 2537 506 2562 ι,
524 2529 566 2556 l7.
605 2530 615 2545 ’
634 2528 712 2556 Joan.
731 2536 749 2559 t.
762 2529 788 2555 9.

167 2586 222 2622 (55)
250 2585 316 2622 Ἀλλ’
332 2586 382 2612 οὐκ
401 2585 434 2612 ἄν
454 2586 530 2613 deest
548 2586 574 2612 in
590 2585 654 2620 Reg.
677 2585 704 2616 2,
720 2584 838 2612 Felckm.
851 2584 869 2611 2
886 2589 913 2612 et

131 2622 250 2649 editione
261 2621 392 2648 Commcl.

168 2656 223 2690 (56)
244 2655 345 2690 Regius
358 2656 462 2690 primus
473 2660 500 2683 et
517 2656 692 2691 Anglicanus.
706 2654 805 2691 λέγειν.

168 2691 225 2724 (37)
244 2689 295 2717 Sie’
317 2689 416 2726 Regius
437 2689 642 2726 primusfseg.
666 2690 747 2716 llasil.
783 2689 860 2717 Gobl.
887 2695 914 2718 et

132 2727 252 2754 Falckm.
269 2725 384 2758 primus.
402 2727 507 2756 Cteteri.
521 2725 701 2756 πιστεύοντες.
878 2738 889 2752 ο

169 2762 224 2794 (58)
245 2761 297 2790 Οὖν
323 2762 397 2788 abest
421 2770 435 2788 ιι
464 2761 546 2796 Regio
572 2762 669 2796 primo.
696 2760 756 2793 ὀνκ.
782 2759 859 2786 anl.
887 2766 913 2787 et

132 2796 252 2830 Feb-km.
267 2796 364 2829 primo.
379 2796 458 2823 Basil.

170 2831 226 2867 (59)
248 2831 292 2860 Sic
309 2832 406 2867 Regius
421 2832 533 2866 primus,
549 2831 609 2867 Seg.
627 2831 704 2859 ϐοἱιί.
721 2834 746 2858 et
759 2829 900 2858 Felrkman

930 2210 949 2236 D

427 2473 436 2487 '
448 2471 528 2500 Hebr.
543 2480 580 2505 xu,
592 2472 617 2499 6.
655 2471 771 2498 'Jercm.
789 2480 818 2504 ιι,
838 2471 879 2498 15.
917 2472 928 2487 ⁸
946 2471 1050 2500 Baruch
1066 2481 1105 2502 ιιι.
1122 2472 1218 2502 10.12,

1002 1230 1042 1256 i9.
1064 1230 1155 1264 Itaque
1177 1238 1238 1257 cum
1261 1229 1366 1256 inutilis
1380 1235 1405 1254 et
1421 1227 1519 1255 stultus
1536 1227 1571 1254 sit
1591 1226 1747 1260 hujusmodi

965 1280 1088 1308 conatus,
1103 1283 1183 1303 nemo
1197 1276 1254 1310 jam
1270 1275 1387 1310 amplius
1406 1274 1439 1301 de
1459 1274 1501 1300 his
1521 1274 1674 1308 percontari
1698 1282 1749 1300 an-

965 1321 1037 1354 deat,
1061 1321 1108 1349 sed
1124 1329 1156 1349 ea
1182 1326 1286 1348 tantum
1311 1329 1371 1355 qua:
1395 1319 1543 1354 Scripturis
1560 1320 1745 1350 continemur.

965 1367 1069 1394 discere
1089 1368 1156 1395 satis
1178 1367 1304 1394 habeant.
1328 1366 1465 1401 Siquidem
1482 1366 1594 1393 omnino
1611 1365 1748 1393 sufﬁciunt

965 1421 1024 1448 quae
1045 1413 1071 1440 in
1088 1413 1159 1440 hanc
1174 1421 1231 1440 rem
1253 1412 1356 1448 profert
1376 1411 1510 1446 exempla.
1531 1410 1630 1446 Nempe
1647 1411 1707 1438 fons
1721 1416 1748 1438 et

964 1460 1009 1487 lux
1024 1460 1103 1487 Pater
1116 1460 1215 1487 dicitur
1230 1468 1237 1486 :
1253 1469 1262 1485 ι
1281 1458 1323 1486 life
1338 1469 1347 1485 ι
1361 1459 1443 1489 enim.
1461 1458 1558 1493 inquit,
1576 1467 1585 1483 ι
1600 1458 1749 1492 derelique-

963 1510 1027 1532 runt
1040 1505 1141 1533 fontem
1162 1514 1240 1540 aquae
1255 1505 1370 1533 viventis
1382 1505 1402 1532 ³.
1420 1514 1429 1530 ι
1446 1504 1478 1532 Ει
1493 1505 1588 1532 iterum
1605 1505 1674 1539 apud
1693 1504 1747 1531 Ba-

963 1551 1029 1578 ruch
1045 1559 1052 1576 :
1069 1560 1079 1576 ‹
1095 1550 1163 1583 Quid
1177 1554 1229 1581 est,
1246 1549 1338 1583 Israel,
1355 1550 1427 1584 quod
1444 1550 1470 1576 in
1486 1554 1558 1576 terra
1575 1549 1745 1576 inimicorum

962 1595 1011 1622 es?
1028 1595 1195 1630 dereliquisti
1211 1595 1311 1622 fontem
1327 1595 1465 1630 sapientiae
1478 1595 1499 1621 ⁵.
1518 1605 1526 1620 ι
1546 1593 1579 1621 Ει
1596 1595 1745 1622 secundum

961 1639 1103 1671 Joannem,
1124 1649 1133 1665 ι
1153 1639 1224 1667 Deus
1244 1645 1336 1666 noster
1354 1640 1400 1666 lux
1423 1644 1465 1667 est
1483 1640 1503 1666 '.
1526 1649 1535 1665 ι
1562 1639 1647 1666 Filius
1670 1647 1745 1671 vero,

962 1693 1023 1712 cum
1044 1685 1159 1712 refertur
1182 1685 1215 1712 ad
1239 1685 1352 1718 fontem,
1377 1685 1477 1712 dicitur
1497 1685 1614 1712 ﬂuvius:
1629 1692 1745 1720 namque

966 1741 974 1756 ι
991 1731 1090 1758 ﬂumen
1116 1730 1164 1758 Dei
1190 1731 1320 1765 repletum
1343 1737 1384 1758 est
1408 1731 1487 1766 aquis
1502 1731 1523 1758 '.
1541 1740 1550 1757 I
1570 1731 1637 1758 Cum
1654 1736 1744 1758 autem

963 1776 1033 1803 idem
1048 1776 1081 1803 ad
1096 1777 1182 1804 lucem
1200 1776 1325 1810 refertur,
1341 1777 1469 1812 splendor
1480 1777 1639 1811 appellatur,
1653 1777 1746 1804 dit-en-

964 1827 990 1850 te
1005 1821 1090 1849 Paulo
1104 1830 1110 1848 :
1130 1831 1139 1847 ι
1159 1822 1211 1855 Qui
1228 1831 1289 1850 cum
1312 1823 1347 1850 sit
1370 1823 1497 1857 splendor
1512 1823 1605 1858 gloriae
1617 1827 1643 1849 et
1660 1823 1745 1858 ﬁgura

963 1868 1122 1896 substantia:
1136 1868 1196 1903 ejus
1210 1869 1230 1894 ⁷.
1252 1878 1261 1894 ›
1284 1869 1353 1896 Cum
1370 1877 1434 1904 ergo
1447 1868 1526 1896 Pater
1539 1869 1574 1896 sit
1591 1869 1647 1900 lux,
1662 1873 1688 1895 et
1702 1868 1747 1894 Fi-

963 1914 1016 1941 lius
1034 1913 1094 1948 ejus
1109 1914 1144 1941 sit
1159 1913 1286 1948 splendor
1299 1913 1373 1948 (nam
1388 1913 1482 1940 eadem
1499 1920 1580 1947 saepe,
1599 1911 1745 1947 praesertim

963 1961 995 1988 de
1016 1959 1173 1995 hujusmodi
1196 1959 1288 1991 rebus,
1308 1960 1398 1986 dicere
1424 1959 1527 1986 nemini
1556 1966 1636 1994 grave
1661 1957 1746 1984 videri

963 2006 1063 2039 debet),
1084 2005 1147 2033 licet
1172 2013 1281 2040 quoque
1305 2005 1330 2032 in
1354 2004 1422 2031 Filio
1444 2004 1597 2040 perspicere
1616 2003 1744 2038 Spiritum

963 2056 1099 2082 sanctum.
1123 2051 1150 2077 in
1173 2058 1227 2085 quo
1253 2058 1350 2085 nempe
1373 2050 1568 2077 illuminamur.
1586 2048 1654 2075 lline
1673 2048 1745 2075 enim

963 2097 1129 2132 Apostolus:
1148 2106 1156 2122 ι
1173 2095 1208 2123 Ut
1221 2097 1266 2123 det
1279 2096 1365 2128 vobis,
1385 2105 1395 2121 ›
1412 2095 1507 2129 inquit,
1525 2105 1534 2120 ι
1551 2094 1679 2129 Spiritum
1700 2101 1746 2120 sa-

964 2143 1071 2178 pientia!
1087 2147 1114 2169 et
1134 2142 1320 2174 revelationis,
1338 2142 1365 2168 in
1379 2141 1516 2176 agnitione
1530 2141 1600 2175 ejus,
1616 2140 1748 2166 illumina-

965 2194 1006 2217 tos
1018 2190 1111 2217 oculos
1122 2189 1211 2216 cordis
1223 2190 1242 2216 ⁸.
1256 2198 1265 2215 ι
1276 2188 1360 2215 Porro
1368 2195 1429 2215 cum
1438 2187 1538 2222 Spiritu
1550 2186 1744 2215 illuminanmr,

965 2235 1092 2263 Christus
1107 2235 1162 2270 ipse
1181 2239 1222 2262 est
1236 2234 1283 2270 qui
1298 2242 1348 2261 nos
1368 2234 1395 2261 in
1419 2233 1464 2260 illo
1488 2233 1631 2263 illuminat,
1646 2236 1674 2258 ut
1689 2231 1746 2257 haec

966 2281 1047 2307 verba
1074 2285 1208 2308 testantur
1237 2289 1243 2307 :
1269 2289 1278 2306 (
1298 2279 1361 2307 Erat
1382 2280 1429 2306 lux
1456 2287 1520 2306 vera
1533 2286 1593 2313 qua‘
1613 2277 1747 2304 illuminat

966 2334 1074 2353 omnem
1083 2326 1221 2353 hominem
1230 2326 1381 2353 venientem
1392 2325 1418 2352 in
1427 2325 1555 2351 mundum
1564 2325 1601 2351 ⁸.»
1617 2322 1745 2350 Similiter

967 2377 996 2399 ut
1004 2371 1085 2399 Pater
1096 2377 1138 2399 est
1150 2371 1220 2402 fons,
1231 2376 1258 2399 et
1266 2371 1352 2398 Filius
1360 2371 1458 2398 ﬂuvius
1470 2370 1628 2404 appellatur,
1639 2368 1676 2394 ita
1688 2367 1747 2400 Spi-

967 2418 1046 2445 ritum
1063 2418 1156 2446 hibere
1171 2418 1297 2446 dicimur.
1311 2417 1377 2445 Nam
1393 2418 1522 2452 scriptum
1536 2420 1595 2443 est:
1617 2424 1626 2440 ι
1644 2413 1746 2441 Omnes

1269 2472 1298 2498 'I
1314 2472 1392 2499 Joan.
1412 2481 1429 2504 ι,
1510 2471 1521 2486 ⁸
1538 2469 1744 2503 Psal.l.xtv,iU.

965 2585 1080 2619 primus.
1095 2584 1146 2611 Alii
1174 2588 1264 2611 autem
1291 2588 1324 2619 et?
1342 2582 1418 2613 editi,
1430 2582 1539 2619 sumis.
1563 2581 1630 2608 lhid.
1644 2580 1745 2617 Regius

966 2617 1080 2654 primus.
1097 2621 1161 2654 περὶ
1175 2620 1269 2645 τούτου
1285 2618 1331 2645 τοῦ
1351 2617 1579 2654 τξαραδειγματος.

1001 2654 1057 2689 (60)
1077 2654 1122 2680 Sic
1136 2652 1300 2689 Anglicanus
1313 2658 1339 2679 et
1352 2653 1461 2689 Cra)qu
1479 2652 1625 2689 Scriptura).
1637 2655 1743 2689 textus.

967 2685 1037 2716 Ed‘iti
1048 2685 1087 2716 ἐι
1109 2685 1197 2716 caeteri
1214 2687 1237 2715 εἷ
1252 2689 1390 2715 omittunt.
1407 2687 1472 2722 Reg.
1491 2686 1509 2712 2
1522 2685 1586 2714 vero
1599 2686 1692 2720 habet,
1709 2685 1744 2714 ci-

967 2733 1026 2756 ναι;
1043 2725 1066 2750 εἰ
1083 2724 1269 2757 ἐγκατέλιπες,
1287 2728 1339 2750 etc.

1002 2759 1057 2792 (6|)
1080 2756 1175 2791 Ὄντος
1188 2760 1263 2786 deest
1281 2759 1307 2785 in
1326 2757 1474 2792 Anglicano
1488 2761 1515 2785 et
1528 2756 1592 2784 edit.
1611 2756 1743 2787 Commel.

1002 2794 1058 2828 (6‘2)
1080 2793 1178 2830 Regius
1193 2795 1305 2829 primus,
1320 2793 1414 2828 Πατρε.
