1974 3037
263 111 317 140 575

564 111 593 138 S.
614 111 803 139 ATHANASII
824 112 899 140 OPP.
920 113 1011 141 PARS
1029 113 1049 141 Ι.
1068 130 1104 135 ——
1121 115 1308 143 HISTORICA
1326 116 1369 143 ΕΤ
1395 115 1605 144 DOGMATICA.
1829 116 1874 145 576

263 178 348 198 unum
366 171 497 206 Spiritum
515 171 633 198 bibimus
645 172 677 198 “.
695 181 703 197 ι
722 171 827 200 Rursus
840 180 901 200 cum
914 172 1047 208 Spiritum

1103 177 1140 202 Ξτι
1160 186 1168 202 ι
1187 177 1283 212 Ἦμεϊς
1300 177 1400 209 πάντες
1421 178 1448 203 ἐν
1463 177 1576 212 Πνεῦμα
1599 177 1788 213 ἐποτίσθημεν.
1806 187 1814 204 ι
1845 177 1876 205 T6

262 216 392 249 bibimus,
406 217 543 244 Christum
558 224 610 244 una
623 217 751 246 bibimus.
764 217 886 253 Namque
899 228 908 244 ε
924 219 1052 248 bibebant

262 263 298 291 de
319 264 436 299 spiritali
459 271 642 298 consequente
666 272 754 302 petra.
781 265 860 294 Petra
881 271 971 294 autem
994 273 1052 295 erat

262 309 388 338 Christus
400 309 586 338 “.iPrazlerea
599 311 760 339 utChristus
766 319 848 339 verus
855 317 898 339 est
909 311 1005 346 Filius,
1015 314 1050 340 ita

262 364 313 383 nos
323 356 456 391 Spiritum
465 357 642 392 accipientes.
650 357 698 385 lilii
709 358 866 386 eﬁicimur.r
876 357 935 386 Non
944 360 1028 392 enim,
1039 369 1048 386 ι

262 402 363 436 inquit,
376 411 386 427 ι
402 402 546 437 accepistis
561 404 687 438 spiritum
704 405 843 432 servitutis
859 406 956 432 iterum
976 406 1002 432 in
1019 407 1053 433 ti-

260 454 338 475 more
351 458 358 476 :
376 449 422 475 sed
437 449 581 484 accepistis
596 449 727 484 Spiritum
744 451 900 486 adoptionis
912 452 943 478 ".
961 461 969 477 I
983 452 1051 479 Cum

261 498 355 521 autem
384 493 485 529 Spiritu
512 496 559 523 lilii
584 495 630 523 Dei
653 495 796 530 eﬂicimur,
813 497 986 525 manifestum
1010 503 1052 525 est

262 547 312 566 nos
330 540 355 566 in
373 539 482 568 Clll‘iSlO
499 541 570 569 lilios
585 541 632 568 Dei
647 542 787 576 appellari.
807 541 874 570 Nam
892 553 900 568 ι
913 542 1052 578 Quotquot

262 592 425 619 receperunt
444 594 525 618 eum,
548 587 622 614 dedit
643 587 697 615 illis
724 592 885 623 potestatem
908 589 978 616 ﬁlios
1006 588 1052 616 Dei

260 630 322 658 ﬁeri
339 631 371 658 ".
388 641 397 658 ι
415 631 516 660 Deinde
539 634 768 668 quemadmodum
795 633 885 665 Pater,
914 635 951 662 uti
974 635 1053 662 docet

261 676 375 711 Paulus,
391 678 468 706 solus
490 683 531 706 est
546 679 665 713 sapiens.
683 680 722 707 sic
744 680 804 714 ejus
824 679 910 708 Filius
934 685 977 708 est
1008 688 1052 707 sa-

259 724 381 760 pientia:
394 733 403 750 ‹
418 724 544 752 Christus
558 735 566 751 ι
577 725 648 752 enim
666 735 674 751 ι
691 725 737 752 Dei
749 726 836 754 virtus
848 731 875 754 et
886 726 932 754 Dei
945 726 1053 762 sapien-

263 772 302 800 tia
316 773 350 800 ¹’.
367 782 377 800 ›
395 772 430 800 Ut
445 772 508 800 item
521 772 609 800 Filius
622 778 662 800 est
676 773 821 808 sapientia,
833 774 869 801 ita
879 773 935 802 'nos
949 773 1052 809 Spiritu

263 819 404 853 sapientia:
412 823 532 853 accepto,
545 818 644 846 Filium
661 819 803 853 habemus,
817 826 844 847 et
858 820 885 847 in
900 820 993 847 eodetn
1007 828 1052 848 sa-

261 865 368 901 pientes
384 863 527 892 etllcimur.
543 864 589 893 Sic
604 866 677 893 enim
695 866 827 901 scriptum
843 866 926 894 estin
944 867 1050 902 psalmo

263 911 412 939 centesimo
425 911 633 947 quadragesimo
646 912 743 947 quinto
759 921 765 938 :
786 922 796 938 ι
816 912 948 940 Dominus
971 913 1051 942 solvit

262 957 442 993 compeditos.
468 957 599 986 Dominus
624 967 710 986 meos
735 960 870 994 sapientes
890 959 1016 988 edicit".
1039 970 1048 986 ι

262 1005 332 1033 Cum
359 1004 470 1039 insuper
495 1004 612 1040 Spiritus
640 1006 718 1033 nobis
746 1007 826 1033 datur
850 1008 883 1041 (ε
902 1007 1023 1042 Accipite
1039 1017 1049 1034 ι

261 1049 335 1078 enim
351 1059 360 1076 ι
378 1050 508 1085 Spiritum
523 1056 658 1084 sanctum,
676 1061 686 1078 ι
703 1052 843 1086 inquiebat
860 1052 986 1081 Salvator
999 1054 1052 1090 "),

263 1095 334 1124 Deus
355 1095 391 1124 ita
413 1097 441 1124 in
468 1097 546 1124 nobis
561 1102 622 1125 est:
639 1098 678 1125 sic
695 1099 769 1126 enim
784 1099 894 1134 scripsit
908 1098 1028 1128 Joannes
1044 1109 1051 1127 :

267 1154 277 1169 ι
295 1143 323 1170 Si
338 1143 482 1178 diligamus
504 1143 633 1175 invicem,
651 1143 724 1171 Deus
740 1144 767 1171 in
792 1145 873 1173 nobis
897 1150 999 1173 manet.
1023 1145 1051 1173 ln

264 1190 319 1217 hoc
331 1189 525 1225 cognoscimus
541 1190 670 1225 quoniam
687 1190 714 1217 in
735 1198 769 1218 eo
784 1198 939 1225 manemus,
954 1196 979 1219 et
995 1192 1054 1226 ipse

263 1236 293 1263 in
309 1235 400 1269 nobis,
412 1235 540 1270 quoniam
560 1235 594 1263 de
615 1235 719 1270 Spiritu
742 1244 792 1264 suo
807 1236 882 1264 dedit
899 1237 977 1264 nobis
991 1238 1023 1264 ”.
1041 1247 1050 1264 ι

263 1281 389 1317 Cumque
403 1281 475 1310 Deus
491 1282 519 1310 in
539 1282 619 1309 nobis
642 1286 694 1312 est.
716 1281 803 1310 Filius
819 1286 893 1311 certe
911 1283 1003 1310 itidem
1025 1284 1053 1311 in

263 1328 343 1356 nobis
359 1332 413 1361 est,
428 1328 488 1363 ipso
504 1327 573 1355 Filio
587 1328 693 1356 dicente
706 1337 712 1355 :
729 1338 739 1354 ι
755 1328 811 1363 Ego
823 1333 850 1356 et
863 1328 946 1357 Pater
962 1330 1053 1357 venie-

264 1381 327 1402 mus
344 1379 371 1402 et
393 1374 559 1402 mansionem
576 1375 648 1410 apud
667 1381 729 1402 eum
743 1373 878 1402 faciemus
893 1375 924 1401 ⁸⁸.
946 1385 955 1402 ι
973 1375 1054 1412 534

264 1420 396 1448 Similiter
414 1419 544 1448 utFilius
559 1425 600 1448 est
624 1420 681 1448 vita
701 1421 796 1458 eodem
822 1425 949 1454 testante,
968 1430 978 1447 ‹
998 1421 1054 1456 Ego

264 1474 325 1494 eum
345 1466 400 1494 vita
410 1466 449 1499 ";
468 1475 478 1492 ι
493 1467 534 1494 sic
555 1465 636 1493 etiam
663 1466 690 1493 in
716 1465 820 1501 Spiritu
835 1465 966 1494 viviﬁcari
986 1466 1054 1493 dici-

265 1520 340 1546 mur,
363 1512 594 1548 quemadmodum
614 1511 717 1540 Paulus
736 1513 774 1540 ait
791 1522 798 1540 :
816 1521 825 1538 ι
840 1512 891 1546 Qui
911 1512 1054 1540 suscitavit

263 1558 359 1586 Iesum
373 1557 514 1586 Christum
531 1566 546 1586 a
561 1559 691 1592 mortuis,
708 1559 857 1587 viviﬁcabit
879 1564 906 1586 et
926 1559 1052 1586 mortalia

265 1612 383 1641 corpora
396 1609 489 1633 vestra
512 1612 561 1641 per
578 1605 775 1633 inhabitantem
797 1605 858 1641 ejus
873 1605 1001 1640 Spiritum
1024 1605 1052 1632 in

263 1651 342 1679 vobis
354 1651 388 1679 '°.
408 1661 418 1678 ›
435 1650 519 1679 Nobis
527 1646 614 1686 porro
629 1651 657 1679 in
679 1650 781 1687 Spiritu
796 1652 880 1679 vitam
896 1651 1053 1687 accipienti-

265 1697 329 1730 bus,
345 1697 403 1732 ipse
418 1697 544 1725 Christus
559 1697 586 1724 in
602 1698 682 1726 nobis
695 1698 786 1726 vivere
799 1698 910 1731 dicitur,
926 1702 955 1725 ut
965 1706 998 1724 ex
1011 1697 1052 1725 his

264 1744 358 1772 verbis
378 1748 473 1779 patet:
490 1753 499 1770 ι
516 1735 625 1773 Christo
645 1736 769 1772 conlisus
793 1753 854 1773 sum
880 1745 966 1772 cruci.
983 1744 1052 1771 Vivo

265 1794 368 1822 autem,
383 1789 439 1825 jam
451 1797 505 1818 uon
520 1797 585 1826 ego:
597 1790 664 1818 vivit
677 1798 744 1818 vero
757 1791 785 1818 in
799 1799 843 1818 me
854 1791 982 1818 Christus
993 1791 1026 1816 ".
1040 1800 1049 1816 ι

265 1835 300 1864 Et
312 1843 419 1867 rursus,
433 1836 662 1872 quemadmodum
676 1835 762 1864 Filius
775 1844 836 1871 quae
856 1835 973 1863 faciebat
987 1843 1053 1870 ope-

265 1890 307 1917 ra,
323 1882 430 1910 Patrem
452 1890 532 1910 suum
548 1882 638 1911 facere
655 1883 694 1910 ita
716 1883 886 1910 testabatur:
902 1892 911 1908 ι
926 1882 1007 1910 Pater
1025 1883 1052 1909 in

265 1937 309 1956 me
321 1935 443 1960 manens,
457 1928 515 1964 ipse
529 1927 595 1955 facit
608 1936 701 1964 opera.
711 1927 820 1955 Credite
835 1928 912 1961 mihi,
926 1928 990 1962 quia
1002 1935 1053 1963 ego

265 1976 293 2005 in
311 1974 392 2002 Patre
406 1979 433 2002 et
445 1973 525 2001 Pater
537 1975 564 2001 in
578 1982 621 2001 me
635 1978 686 2001 est.
703 1973 832 2008 Alioquin
847 1978 956 2008 propter
970 1981 1052 2008 opera

266 2020 323 2055 ipsa
338 2021 438 2048 credite
454 2020 521 2047 mihi
533 2020 555 2036 "
573 2031 579 2047 :
597 2029 606 2046 ›
624 2020 664 2047 sic
685 2027 747 2054 qua),
769 2019 796 2046 in
819 2019 919 2046 virtute
934 2019 1051 2054 Spiritus

264 2066 366 2094 Paulus
385 2066 528 2099 elliciebat,
545 2065 648 2094 Christi
663 2073 744 2100 opera
760 2073 821 2093 esse
835 2065 963 2093 docebat:
979 2065 1050 2094 «Non

263 2113 338 2141 enim
356 2112 471 2145 audebo,
494 2122 503 2138 ι
522 2113 620 2147 inquit,
646 2121 655 2137 υ
672 2112 774 2147 aliquid
790 2112 863 2147 loqui
881 2120 976 2140 eorum
992 2121 1053 2148 quae

265 2166 314 2194 per
335 2165 380 2185 me
401 2166 455 2185 non
476 2158 556 2186 ellicit
572 2159 696 2186 Christus
724 2158 752 2185 in
777 2159 959 2187 obedientiam
983 2168 1051 2195 gen-

1101 222 1130 249 δὲ
1145 222 1257 258 Πνεῦμα
1272 223 1452 258 ποτιζόμενοι,
1469 223 1515 250 τὸν
1531 223 1648 259 Χριστὸν
1664 224 1776 259 πίνομεν
1787 233 1794 239 ο
1811 233 1819 249 ι
1833 225 1875 251 Ἕ-

1101 277 1178 295 πινον
1191 279 1199 294 ι
1220 269 1273 305 γὰρ
1289 278 1298 294 ι
1314 270 1346 296 ὲκ
1356 269 1541 304 πνευματικῆς
1553 269 1750 304 ἀκολουθούσης
1765 270 1875 305 πέτρας-

1101 313 1159 350 ﬁse
1179 313 1265 349 πέτρα
1278 312 1312 350 ἦν
1333 315 1346 340 6
1364 314 1490 350 Χριστός.
1502 315 1587 359 »μαι
1605 315 1682 342 πάλιν
1698 315 1746 341 τοῦ
1766 314 1876 350 Χριστοῦ

1101 362 1176 394 ὄντος
1191 361 1317 396 ἀληθινοῦ
1331 361 1408 394 Υῑοῦ,
1424 363 1504 397 ἡμεῖς
1514 361 1544 388 τὺ
1559 362 1672 396 Πνεῦμα
1690 361 1874 396 λαμΰάνοντες,

1102 407 1311 443 ιιὶοττοιούμλεθιι⁸
1332 417 1341 434 ι
1356 408 1392 434 Οὑ
1409 407 1463 443 γὰρ
1484 406 1605 437 ἐλάϐετε,
1620 416 1629 432 ›
1653 407 1730 442 φησὶ,
1749 416 1758 432 ‹
1775 405 1877 441 Πνεῦμα

1101 453 1221 485 δουλείας
1234 453 1314 480 πάλιν
1327 454 1366 485 είς
1382 453 1477 488 φόϐον*
1496 453 1554 480 ἀλλ’
1576 452 1687 480 ἐλάϐετε
1701 453 1812 488 Πνεῦμα
1826 453 1876 478 υἱι-

1102 498 1204 530 θεσίας.
1220 508 1230 524 ι
1257 499 1462 534 Υἱοποιούμενοι
1490 499 1517 526 δὲ
1545 499 1584 534 τῷ
1609 498 1768 534 Πνεύματι,
1795 498 1876 534 δῆλον,

1101 545 1142 571 δτι
1159 544 1215 579 (6'5)
1240 545 1269 571 ὲν
1285 545 1323 580 τῷ
1339 544 1450 581 Χριστῷ
1471 545 1676 581 χρηματίζομεν
1698 545 1780 571 τέκνα
1799 544 1875 571 Θεοῦ·

1106 591 1213 617 ιὌσοιι
1228 591 1281 627 γὰρ
1297 591 1405 618 «ἕλαΰον
1422 591 1514 623 αὑτὸν,
1534 591 1633 618 ἔδωκεν
1653 591 1745 623 αὐτοῖς
1765 590 1878 624 ἐξουσίαν

1101 636 1184 662 τέκνα
1198 635 1266 663 Θεοῦ
1283 637 1417 670 γενέσθαι.
1431 646 1440 663 ›
1459 634 1526 663 Εἶτα
1539 636 1585 663 τοῦ
1603 637 1720 673 Πατρὸς,
1735 636 1772 668 ὡς
1787 637 1801 663 6
1814 636 1879 663 Παῦ-

1102 682 1147 715 λος
1163 681 1234 716 εἷπε,
1253 684 1333 719 μόνου
1347 683 1429 719 σοφοῦ
1443 684 1529 716 δντος,
1545 685 1559 710 6
1575 683 1638 715 Υἱός
1654 683 1711 719 (64)
1726 683 1826 718 ἐστινὴ
1841 691 1879 709 σο-

1103 730 1151 764 φία
1176 729 1268 756 αὐτοῦ.
1292 739 1301 755 t
1323 729 1438 765 Χριστὸς
1462 739 1472 756 ι
1501 729 1556 765 γὰρ
1583 739 1593 755 ι
1608 729 1675 756 Θεοῦ
1702 729 1814 764 δύναμις
1837 730 1878 756 καὶ

1102 775 1169 802 θεοῦ
1189 775 1278 810 σοφία.
1293 784 1301 801 i
1319 774 1371 801 Τοῦ
1389 775 1417 802 δὲ
1439 775 1504 802 Υῑοῦ
1521 775 1596 807 δντος
1611 775 1661 811 τῆς
1685 775 1790 808 σοφίας,
1806 775 1879 810 ἡμεῖς

1103 820 1215 856 Πνεῦμα
1233 821 1328 855 σοφίας
1344 820 1528 855 λαμδάνοντες
1538 841 1546 853 ,
1565 821 1610 847 τὸν
1628 820 1690 847 Υίδν
1707 821 1803 856 ἔχομεν
1814 840 1821 852 ,
1837 819 1879 846 καὶ

1103 869 1132 894 ἐν
1146 866 1221 902 αὐτῷ
1246 867 1322 902 σοφοὶ
1347 866 1488 902 γινόμεθα.
1516 867 1594 894 Οὕτω
1616 866 1670 902 γὰρ
1696 867 1744 894 καὶ
1766 866 1819 901 (65)
1840 866 1879 900 γέ-

1101 922 1223 950 γραπται
1248 914 1277 940 ὲν
1303 913 1341 948 τῷ
1367 912 1503 949 ἑκατοστῷ
1533 912 1744 949 τεσσαρακοστῷ
1771 912 1878 947 πέμπτῳ

1102 959 1219 995 ψαλμῷ·
1247 959 1371 996 «Κύριος
1392 959 1450 986 λύει
1474 958 1692 994 πεπεδημένους·
1716 957 1816 994 Κύριος
1839 965 1878 983 σο⁶

1103 1007 1148 1041 φοϊ
1159 1005 1286 1040 τυφλούς.
1303 1016 1312 1032 ι
1332 1006 1387 1032 Καὶ
1398 1005 1445 1032 τοῦ
1462 1005 1620 1040 Πνεύματος
1635 1004 1663 1031 δὲ
1676 1004 1733 1040 (66)
1750 1004 1877 1039 διδομένου

1102 1053 1143 1084 εις
1164 1052 1238 1088 ἡμᾶς
1253 1052 1262 1087 (
1275 1061 1284 1078 ‹
1300 1051 1404 1078 Λάϐετε
1429 1051 1483 1087 γὰρ
1501 1051 1612 1086 Πνεῦμα
1631 1050 1721 1085 ἅγιον,
1737 1060 1746 1076 ι
1767 1050 1852 1083 ἔλεγεν
1866 1051 1878 1076 6

1103 1098 1220 1134 Σωτὴρ),
1237 1099 1251 1125 6
1267 1097 1333 1129 Θεὸς
1342 1099 1371 1124 ὲν
1385 1098 1449 1133 ἡμῖν
1465 1099 1538 1124 ἐστιν
1550 1105 1556 1113 ⁵
1570 1096 1641 1124 οὕτω
1652 1097 1708 1133 γὰρ
1726 1097 1741 1123 6
1764 1096 1878 1130 Ἰωάννης

1102 1144 1237 1180 ἔγραψεν·
1266 1154 1275 1170 ι
1296 1144 1359 1171 Ἐὰν
1383 1144 1534 1179 ἀγαπῶμεν
1557 1143 1706 1179 ἀλλήλους,
1730 1144 1744 1170 6
1769 1142 1832 1174 Θεὸς
1854 1142 1878 1168 ιν

1103 1192 1168 1227 ἡμῖν
1186 1191 1270 1227 μένει.
1290 1191 1334 1218 Ἐν
1348 1190 1435 1226 τούτῳ
1447 1190 1625 1226 γινώσκομεν,
1641 1191 1684 1217 ὅτι
1697 1191 1727 1217 ὲν
1741 1189 1812 1226 αὐτῷ
1835 1188 1877 1224 μὲ-

1103 1246 1193 1273 νομεν,
1210 1237 1257 1264 καὶ
1274 1237 1354 1269 αὐτὸς
1366 1238 1395 1264 ἐν
1411 1238 1487 1272 ἡμῖν,
1503 1237 1544 1263 ὅτι
1561 1239 1592 1263 ὲκ
1605 1236 1653 1263 τοῦ
1670 1236 1825 1271 Πνεύματος
1836 1235 1878 1262 a6-

1102 1283 1149 1310 τοῦ
1162 1283 1260 1310 ἔδωκεν
1277 1284 1352 1319 ἡμῖν,
1367 1293 1376 1310 ι
1399 1283 1452 1309 Τοῦ
1472 1283 1500 1310 δὲ
1523 1283 1590 1310 Θεοῦ
1606 1283 1685 1315 ὄντος
1699 1284 1727 1309 ὲν
1740 1283 1813 1318 ἡμῖν,
1827 1282 1878 1308 ἔστι

1103 1329 1150 1356 καὶ
1161 1330 1176 1356 6
1187 1329 1252 1361 Υἱὸς
1263 1330 1291 1356 ὲν
1304 1330 1379 1364 ἡμῖν,
1390 1328 1514 1363 λέγοντος
1528 1328 1609 1355 αὑτοῦ
1624 1327 1670 1355 τοῦ
1685 1328 1749 1354 Υἱοῦ
1759 1335 1766 1342 ν
1779 1337 1788 1353 Ι
1800 1326 1880 1353 Ἐλευυ

1104 1375 1206 1411 σόμεθα
1229 1375 1285 1410 ὲγὼ
1310 1375 1356 1402 καὶ
1381 1376 1395 1402 6
1419 1374 1534 1410 Πατὴρ,
1559 1374 1606 1401 καὶ
1631 1375 1717 1410 μονὴν
1735 1374 1797 1409 παρ’
1813 1372 1877 1406 αὐτῷ

1106 1423 1264 1458 ποιήσομεν.
1276 1431 1285 1447 ι
1301 1422 1418 1448 Ἔπειτα
1432 1420 1506 1455 ζωῆς
1524 1419 1607 1457 οὔσης
1621 1420 1667 1447 τοῦ
1681 1420 1765 1453 Υἱοῦ,¹
1776 1429 1784 1445 ι
1795 1417 1875 1453 Ἐγὼν

1104 1467 1169 1504 γὰρ,
1188 1468 1281 1503 φησὶν,
1302 1477 1311 1493 ε
1326 1467 1383 1503 εἰμὶ
1397 1467 1413 1502 ἡ
1430 1466 1502 1502 ζωὴ,
1518 1476 1528 1492 ι
1550 1465 1744 1498 ζωοποιεῖσθαι
1759 1464 1879 1500 λεγόμεϐα

1105 1514 1134 1540 ὲν
1145 1513 1183 1550 τῷ
1195 1513 1334 1549 Πνεύματι
1344 1522 1350 1528 ·
1371 1523 1379 1539 ε
1397 1514 1425 1540 '0
1440 1523 1450 1539 ι
1469 1513 1524 1549 γὰρ
1542 1522 1551 1539 ε
1562 1513 1685 1549 ἐγείρας,
1698 1523 1708 1539 ι
1722 1513 1796 1548 φησὶ,
1811 1512 1879 1546 «Χρι-

1105 1559 1167 1586 στδν
1187 1559 1289 1596 Ἰησοῦν
1312 1560 1344 1585 ὲκ
1363 1558 1467 1594 νεκρῶν
1492 1557 1655 1593 ζωοποιήσει
1679 1557 1728 1585 καὶ
1750 1556 1784 1584 τὰ
1805 1555 1879 1591 θνητὰ

1103 1604 1216 1641 σώματα
1237 1604 1315 1640 ἡμῶν
1330 1603 1373 1631 διὰ
1387 1603 1434 1631 τοῦ
1454 1605 1619 1635 ἐνοικοῦντος
1632 1603 1715 1630 αὐτοῦ
1735 1603 1879 1637 Πνεύματος

1103 1653 1132 1678 ὲν
1146 1652 1218 1687 ὑμῖν.
1232 1660 1242 1677 ι
1260 1650 1485 1687 Ζωοποιουμένων
1504 1650 1532 1677 δὲ
1550 1649 1627 1685 ήμῶν
1639 1650 1667 1677 ὲν
1683 1649 1722 1686 τῷ
1740 1648 1877 1684 Πνεύματι,

1105 1695 1154 1732 ζῇν
1171 1695 1252 1728 αὐτὸς
1274 1696 1289 1722 6
1312 1696 1429 1732 Χριστὸς
1449 1697 1478 1722 ὲν
1499 1697 1564 1731 ἡμῖν
1586 1696 1705 1730 λέγεται.
1731 1693 1873 1730 «Χριστῷι

1104 1743 1169 1778 γὰρ,
1180 1743 1260 1778 φησὶ,
1274 1752 1283 1768 ε
1296 1741 1522 1777 συνεσταύρωμαι
1534 1741 1598 1776 (67).
1614 1742 1657 1768 Ζῶ
1670 1742 1698 1768 δὲ
1711 1742 1799 1768 οὐκέτι
1811 1739 1859 1774 ἐγώ
1868 1747 1875 1754 '

1104 1788 1137 1824 ζῇ
1155 1788 1183 1815 δὲ
1206 1789 1234 1814 ἐν
1250 1788 1312 1823 ἐμοὶ
1325 1788 1452 1823 Χριστός.
1467 1797 1476 1813 ι
1500 1788 1556 1814 Καὶ
1577 1787 1656 1814 πάλιν
1678 1787 1771 1822 ὥσπερ
1786 1786 1799 1812 6
1811 1784 1875 1816 Υἱὸς,

1104 1835 1176 1870 ἆπερ
1190 1834 1276 1861 ὲποίει
1298 1833 1376 1869 ἔργα.
1399 1833 1475 1867 ἔλεγε
1498 1832 1543 1860 τὸν
1569 1833 1678 1869 Πατέρα
1701 1830 1873 1868 ἐργάζεσθαι·

1107 1891 1117 1908 ι
1134 1882 1162 1908 ’0
1179 1880 1272 1917 Πατὴρ
1286 1891 1295 1906 ι
1314 1879 1377 1916 γὰρ,
1403 1879 1483 1916 φησὶν
1496 1900 1503 1913 ,
1520 1890 1528 1905 ι
1539 1881 1553 1906 6
1569 1879 1656 1915 μένων
1672 1880 1701 1906 ὲν
1718 1879 1788 1914 ἐμοὶ,
1806 1876 1875 1906 αὐτὸς

1105 1929 1177 1954 ποιεῖ
1190 1927 1225 1954 τὰ
1239 1927 1317 1963 ἔργα.
1334 1925 1480 1953 Πιστεύετέ
1500 1935 1554 1960 μοι,
1566 1926 1607 1952 ὃτι
1621 1924 1677 1959 ἐγὼ
1694 1926 1722 1952 ὲν
1738 1924 1775 1959 τῷ
1789 1921 1874 1956 Πατρὶ,

1105 1975 1152 2001 καὶ
1168 1975 1182 2000 6
1198 1974 1291 2009 Πατὴρ
1306 1974 1334 1999 ὲν
1351 1972 1422 2008 ὲμοί.
1443 1972 1475 1998 El
1497 1972 1526 1998 δὲ
1552 1972 1606 2007 μὴ,
1627 1971 1671 1998 διὰ
1695 1971 1729 1998 τὰ
1748 1970 1814 2005 ἔργα
1834 1967 1875 1992 αὖ-

1105 2021 1138 2048 τὰ
1161 2020 1216 2056 (68)
1230 2018 1371 2046 πιστεύετέ
1396 2027 1450 2054 μοι.
1464 2028 1473 2044 ι
1500 2018 1612 2050 Οὕτως,
1635 2018 1707 2053 ᾇπερ
1724 2017 1751 2043 ὲν
1776 2014 1874 2047 δυνάμει

1105 2067 1264 2103 Πνεύματος
1281 2065 1448 2102 εἶργάξετοὸ
1464 2064 1586 2096 Παῦλος,
1610 2063 1685 2098 ἔλεγε
1703 2062 1749 2090 τοῦ
1769 2057 1873 2096 Χριστοῦ

1105 2111 1172 2140 εἶναι
1194 2112 1230 2140 τὰ
1246 2112 1313 2148 ἔργα
1326 2120 1333 2127 ·
1353 2121 1362 2137 ι
1373 2111 1410 2138 Οὐ
1424 2111 1478 2146 γὰρ
1494 2110 1620 2146 τολμήσω
1634 2119 1659 2136 τι
1676 2109 1773 2140 λαλεῖν,
1795 2103 1830 2133 ὧν
1848 2104 1873 2131 οὗ

1105 2158 1304 2194 κατειργάσατο
1316 2156 1432 2193 Χριστὸς
1448 2156 1481 2183 δι’
1503 2155 1570 2190 ἐμοῦ
1592 2156 1631 2187 είς
1656 2154 1777 2189 ὑπακοὴν
1802 2150 1874 2179 ἐθνῶν

265 2205 346 2238 tium,
360 2205 444 2232 verbo
457 2210 483 2232 et
495 2213 590 2240 opere,
605 2206 632 2233 in
646 2205 748 2233 virtute
763 2208 904 2240 signorum
919 2210 945 2234 et
959 2207 1051 2242 prodi-

1105 2205 1133 2231 ἐν
1150 2204 1205 2239 (69)
1222 2204 1293 2239 λόγῳ
1309 2203 1356 2230 καὶ
1375 2202 1457 2238 ἔργῳ,
1474 2203 1502 2229 ὲν
1522 2202 1633 2237 δυνάμει
1648 2201 1766 2238 σημείων
1781 2199 1823 2226 καὶ
1837 2205 1874 2222 τε·

265 2250 384 2285 giorum,
399 2250 426 2277 in
439 2251 538 2278 virtute
551 2250 669 2285 Spiritus
681 2250 768 2277 sancti
783 2251 816 2277 ".
834 2259 843 2276 ι

299 2295 334 2322 20
366 2295 433 2323 Cum
456 2295 537 2331 igitur
555 2303 585 2323 ea
605 2296 641 2323 sit
663 2295 691 2323 in
714 2301 810 2323 sancta
834 2295 967 2323 Trinitate
987 2303 1052 2323 con-

263 2342 368 2376 iunctio
384 2346 411 2369 et
427 2342 515 2370 unitas
531 2352 537 2370 :
559 2343 621 2378 quis
632 2343 688 2377 jam
703 2342 745 2370 vel
761 2342 860 2369 Filium
874 2350 890 2370 a
905 2342 995 2376 Patre,
1011 2343 1052 2369 vel

302 2399 324 2414 ¹⁰
344 2398 352 2425 1
367 2398 431 2426 Cor.
447 2407 497 2432 xu,
514 2399 557 2427 15.
597 2400 616 2415 ¹¹
637 2398 726 2426 lCor.
738 2407 766 2430 Χ,
781 2398 809 2426 4.
848 2399 869 2415 ¹³
888 2398 970 2426 Rom.
984 2406 1042 2431 VIII,
1063 2398 1107 2425 15.
1147 2398 1168 2413 ¹³

307 2433 385 2460 Joan.
406 2442 450 2460 xx.
464 2435 508 2460 22.
561 2435 581 2450 ¹⁷
601 2433 701 2460 Hoan.
723 2442 758 2460 ιν.
782 2434 826 2460 12.
845 2435 889 2460 15.
943 2434 963 2450 ³⁸
983 2433 1061 2460 Joan.
1079 2441 1135 2460 xw.
1149 2433 1184 2460 25

267 2434 289 2450 ¹¹
307 2433 385 2461 Joan.
406 2442 450 2467 xx,
464 2435 508 2461 Ἡ.
561 2435 581 2450 ¹⁷
601 2433 701 2461 IJoan.
723 2442 758 2464 ιν,
782 2434 826 2464 12.
845 2435 889 2461 15.

1067 2282 1072 2287 _
1106 2251 1205 2287 ράτων,
1220 2251 1249 2276 ὲν
1265 2250 1378 2285 δυνάμει
1394 2248 1552 2283 Πνεύματος
1567 2248 1654 2282 ἁγίου.
1671 2257 1680 2274 ›

1139 2297 1184 2324 20.
1206 2296 1342 2331 Τοιαύτης
1362 2295 1390 2322 δὲ
1407 2294 1560 2330 συστοιχίας
1576 2295 1622 2322 καὶ
1639 2293 1761 2329 ἑνότητος
1782 2292 1828 2325 τῆς
1849 2289 1873 2314 έν

1105 2342 1138 2377 τῇ
1153 2341 1217 2376 ἁγία
1232 2341 1326 2376 Τριάδι
1344 2340 1400 2375 (70)
1415 2340 1508 2375 οὔσης,
1521 2339 1563 2371 τίς
1579 2339 1611 2365 ἂν
1626 2339 1708 2366 διέλοι
1724 2338 1741 2373 ἢ
1758 2337 1800 2363 τδν
1819 2334 1873 2361 Υιδν

1147 2398 1168 2413 ¹³
1187 2397 1265 2425 Joau.
1283 2406 1302 2428 ι,
1321 2398 1364 2424 12.
1404 2397 1443 2424 “l
1459 2397 1522 2424 Cor.
1537 2405 1557 2427 ι,
1569 2397 1615 2423 2-1.
1655 2397 1675 2412 ’⁸
1685 2395 1753 2423 Psal.
1770 2391 1871 2428 cxth-

1248 2434 1268 2449 ”
1289 2433 1354 2460 ibid.
1372 2433 1398 2461 6.
1455 2433 1477 2448 '°
1497 2432 1576 2459 Rom.
1591 2440 1648 2465 nu,
1669 2431 1710 2458 11.
1755 2430 1774 2445 ¹¹
1793 2427 1870 2454 Galal.

269 2477 300 2502 tt,
316 2469 360 2501 19,
375 2469 421 2497 20.
459 2471 481 2486 ³³
500 2469 579 2497 Joan.
593 2478 648 2502 xtv,
666 2469 710 2503 10,
726 2470 770 2497 12.
810 2470 832 2485 ¹³
851 2469 932 2496 Rom.
951 2477 997 2502 xv,
1015 2468 1058 2500 18,
1076 2469 1120 2497 19.

304 2526 370 2564 id”
382 2526 427 2564 Sic
443 2527 543 2564 Regius
555 2527 672 2562 primus,
690 2527 752 2563 Seg.
767 2527 944 2564 Anglicanus.
960 2527 1012 2555 Alii
1027 2532 1054 2555 et

266 2560 343 2598 editi,
360 2560 491 2598 δηλονότιζ

303 2597 357 2630 (64)
380 2597 539 2633 Sicrllegius
552 2598 668 2632 primus,
682 2598 744 2633 Seg.
769 2598 866 2625 Ca'teri
884 2602 911 2625 et
928 2598 993 2626 editi
1008 2598 1052 2625 hic

265 2637 359 2692 segem
376 2632 443 2660 Θεοῦ
459 2633 573 2661 addunt.
590 2632 653 2661 Mox
675 2632 738 2668 Sed.
761 2634 862 2661 omittit
876 2633 1051 2671 δύναμωςιὶ

291 2673 302 2690 Ξ
320 2675 346 2692 υ.

291 2673 346 2692 εου.

1104 2526 1169 2554 editi
1183 2527 1323 2554 omittunt.
1338 2525 1423 2553 Paulo
1441 2529 1502 2560 post
1513 2525 1591 2552 Gobl.
1606 2529 1633 2560 et
1644 2523 1759 2560 lt‘elekm.
1774 2521 1796 2551 1.
1810 2517 1871 2560 οὕῖφ

1104 2561 1158 2597 γὰρ
1170 2561 1357 2597 καὶηΊωάννης
1371 2557 1494 2597 γράῴειχ
1507 2560 1570 2587 Ἐὰν
1587 2559 1640 2595 γὰρ
1656 2557 1808 2594 ἀγαπῶμεν,
1825 2558 1868 2579 νιε-

1140 2595 1196 2632 (67)
1216 2596 1282 2632 Reg.
1299 2595 1557 2632 2,’συσταυροῦμαι.

1216 2621 1810 2667 έῖίῗΒξξζίξέιίίὶΤσεέιιε’δρείριιιηο-ιεξμιξ-

1177 2657 1301 2708 primus;
1309 2657 1519 2708 ξοεῖιεῖῑείιέρι
1534 2657 1803 2708 reditiaabtoﬁjjllbid:

381 2701 427 2744 sic
442 2701 509 2744 ξὶοκ.
527 2703 538 2731 1
554 2708 580 2731 et
587 2703 624 2744 ’ᾖ
637 2703 700 2744 Sag,
715 2703 799 2744 Basil.
815 2704 958 2744 Anglican.
968 2701 1050 2744 [Plui
1101 2693 1161 2744 Ea};
1171 2693 1360 2744 primrusSerg:
1368 2693 1449 2737 paulo
1464 2707 1535 2734 ante,
1545 2693 1802 2736 post'é97a,addunt
1813 2693 1867 2720 ίῑειη

267 2739 292 2762 et
302 2735 353 2776 'alii
369 2735 572 2776 xat_abjiciunt.
587 2739 656 2767 Ibid.
674 2735 714 2776 sic
732 2739 833 2776 habent
846 2735 923 2767 σθω.
939 2744 966 2767 et
976 2739 1046 2766 Felc.

266 2772 392 2810 primum
401 2772 472 2810 οὕτω
484 2774 538 2810 γάρ
552 2782 623 2810 φησι
631 2775 713 2801 Δασίδ
722 2782 729 2790 ·
744 2774 856 2809 Κύριος,
864 2779 927 2810 με.

303 2804 361 2840 (66)
380 2806 413 2836 Δί
430 2808 473 2836 hic
490 2804 594 2838 habent
610 2809 712 2846 Regius
726 2804 922 2845 priniusJSeg.
947 2809 998 2838 Alii
1026 2814 1053 2837 et

1104 2747 1197 2803 αυῗὲξί
1225 2773 1268 2799 Ἐν
1284 2772 1361 2800 abest
1373 2780 1387 2798 a
1405 2771 1489 2806 Regio
1505 2771 1605 2806 primo,
1620 2767 1788 2806 Seguerianp-

1142 2793 1198 2844 ὶῖιὸᾖ
1208 2793 1714 2843 1153}J§ﬁiiniu§f§é§.fiié'béhféi’ﬁ
1723 2793 1784 2837 ἁγίᾳ
1794 2793 1865 2831 τριάρ
