1974 3037
254 133 304 161 579

562 135 590 163 S.
611 135 800 163 ATHANASH
817 135 891 162 OPP.
913 135 1003 163 PARS
1023 136 1042 163 l.
1061 152 1094 156 -—
1112 135 1296 164 lllSTORlCA
1315 135 1358 163 ET
1381 133 1588 163 DOGM.\T£CA.

1811 133 1856 159 580

254 194 374 220 ductam.
389 192 456 221 Nam
471 195 698 229 quemadmodum
716 196 870 230 unigenilus
881 201 923 223 est
934 196 1032 224 Filius:

1088 196 1134 222 τοῦ
1151 196 1215 222 Υῐοῦ
1241 196 1376 231 διδόμενον
1394 196 1439 222 καὶ
1462 194 1657 230 πεμπόμενον,
1683 193 1729 219 καὶ
1752 193 1814 220 αὐτὸ
1832 193 1858 219 ἓν

255 240 295 266 sic
316 244 342 266 et
364 238 492 274 Spiritus,
506 241 551 274 qui
569 248 585 268 a
599 241 668 268 Filio
685 242 765 269 datur
782 246 808 269 et
829 242 956 276 mittitur,
970 250 1040 270 unus

255 286 318 312 item
334 290 386 316 est,
403 293 458 313 non
474 286 563 318 multi,
580 295 667 322 neque
680 296 712 315 ex
727 289 823 316 multis
838 296 918 319 unus,
935 288 982 316 sed
994 296 1040 316 so—

254 331 298 358 lus
309 331 366 365 ipse
383 330 501 365 Spiritus
514 337 565 360 est.
585 332 654 366 Quia
669 334 740 360 enim
759 341 829 361 unus
845 337 885 361 est
897 333 982 361 Filius
993 334 1040 368 qui

254 379 281 402 et
295 376 388 402 vivens
402 379 444 402 est
457 375 575 404 Verbum
590 387 596 404 :
611 385 693 405 unam
714 386 823 413 quoque
846 386 906 406 esse
928 386 1040 406 necesse

253 426 296 449 est
315 420 462 455 perfectam
476 427 502 449 et
516 423 634 457 plenam,
651 424 867 451 sanctificantem
889 428 916 451 et
938 424 1040 451 illumi-

254 471 374 499 nantem,
390 468 524 495 viventem
540 469 599 503 ejus
622 469 770 497 efficaciam
793 475 820 497 et
841 470 943 498 donum
966 471 1040 505 quod

232 533 235 537 .
253 518 287 537 ex
304 510 384 538 Patre
408 513 554 546 procedere
579 513 688 545 dicitur,
703 515 766 549 quia
790 522 824 542 ex
842 515 945 547 Verbo,
962 516 1037 550 quod

253 563 286 582 ex
299 555 379 583 Patre
390 565 450 584 esse
465 558 631 592 conceditur,
648 559 766 594 effulget,
779 564 805 587 et
818 560 852 587 ab
863 560 958 587 eodem
976 561 1039 587 mit-

251 601 329 634 titur,
350 609 382 629 ac
405 602 494 630 datur.
508 603 605 630 Filium
622 605 730 639 quidem
743 613 758 631 a
773 605 853 633 Patre
868 606 937 632 mitti
954 607 1038 633 veris-

252 647 352 674 simum
367 652 418 681 est,
436 653 464 675 ut
481 648 538 683 ipse
551 650 592 676 his
607 649 704 678 Verbis
724 655 859 678 testatur:
876 661 885 677 ι
902 651 946 678 Sic
966 651 1037 679 Deus

252 692 348 719 dilexit
366 692 509 722 mundum.
524 699 552 721 ut
568 694 666 722 Filium
689 703 768 722 suum
785 696 953 731 unigenitum
975 698 1036 724 mit-

253 743 322 766 teret
332 739 364 765 ".
381 748 390 765 ι
410 740 455 767 Sic
477 741 559 767 etiam
583 740 668 768 Filius
691 741 821 776 Spiritum
842 743 934 770 mittit.
951 753 960 769 ι
979 743 1007 770 Si
1023 753 1034 770 ι

253 785 336 818 enim,
354 785 452 820 inquit,
472 795 480 812 ι
500 794 550 821 ego
563 787 665 820 abiero,
681 789 786 815 mittam
800 788 970 816 Paracletum
983 790 1032 817 ν.»

253 829 340 857 Filius
351 831 477 858 similiter
495 831 601 859 Patrem
617 833 747 863 honorat.
764 839 793 860 ut
809 834 866 869 ipse
880 835 917 862 ait
931 843 936 861 :
954 844 963 861 ‹
977 835 1035 870 Ego

252 881 279 904 te
300 876 446 904 clarillcavi
461 878 492 905 ".
510 888 519 904 ι
537 878 653 913 Spiritus
668 880 730 906 item
746 880 846 908 Filium
863 882 988 913 honorat,
1007 886 1037 910 ut
1051 875 1072 902 Β

252 922 323 950 idem
337 921 423 950 Filius
443 923 532 951 dixit:
547 934 556 950 ι
573 925 617 951 llle
635 933 677 952 me
698 926 862 954 clariﬁcabit
875 928 906 954 ".
926 937 935 954 ›
952 927 1037 955 Filius

252 974 380 1003 preterea
397 969 461 997 dicit
476 979 482 997 ι
501 979 510 995 ‹
528 970 594 1003 Quae
615 971 704 998 audivi
727 980 741 998 a
758 971 849 1004 Patre,
866 973 922 1000 haec
941 973 1038 1009 loquor

252 1015 279 1041 in
298 1015 399 1042 mundo
410 1015 441 1042 ”.
460 1025 469 1041 ι
488 1015 606 1050 Spiritus
628 1023 717 1044 autem
731 1025 763 1045 ex
778 1017 847 1046 Filio
861 1026 970 1054 quoque
992 1027 1038 1047 ac-

251 1060 326 1095 cipit.
343 1070 352 1086 ι
367 1060 404 1087 De
417 1069 488 1092 meo,
508 1071 516 1087 ι
536 1062 633 1096 inquit,
652 1071 661 1088 ι
678 1063 794 1098 accipiet
813 1068 840 1091 et
863 1065 1037 1092 aununtiabit

251 1105 329 1133 vobis
341 1106 371 1133 ".
386 1117 394 1131 ι
410 1106 526 1140 Rursus,
540 1107 624 1135 Filius
636 1108 663 1135 in
677 1110 787 1137 nomine
798 1109 887 1137 Patris
899 1110 981 1137 venit.
997 1110 1035 1138 lta

228 1159 229 1162 ‘
251 1152 332 1179 etiam
353 1161 363 1177 ι
387 1151 506 1187 Spiritus
528 1157 647 1187 sanctus,
662 1163 672 1180 ι
692 1154 779 1189 inquit
803 1154 898 1188 Filius,
923 1165 932 1181 ι
954 1163 1034 1191 quem

253 1198 341 1225 mittet
352 1198 431 1226 Pater
447 1199 474 1225 in
492 1200 601 1228 nomine
616 1208 677 1227 meo
689 1200 722 1227 ³³.
740 1211 749 1226 ι

285 1245 330 1272 ‘2l.
344 1244 412 1272 Cum
428 1245 508 1280 igitur
522 1246 646 1273 eumdem
661 1247 783 1274 ordinem
799 1247 976 1282 eamdemque
987 1256 1035 1276 na-

252 1295 341 1318 turam
362 1291 459 1318 habeat
481 1291 598 1326 Spiritus
621 1300 684 1327 erga
703 1292 812 1325 Filium,
828 1293 934 1328 qualem
950 1293 1035 1321 Filius

251 1343 314 1370 erga
333 1334 450 1367 Patrem,
469 1344 533 1371 qua,
549 1344 651 1371 quaeso.
673 1337 777 1364 ratione
797 1337 820 1363 is
840 1337 887 1372 qui
904 1337 1034 1372 Spiritum

251 1384 374 1407 sanctum
391 1387 446 1407 rem
460 1385 578 1407 creatam
595 1388 655 1407 esse
666 1381 883 1414 contendit,non
899 1381 969 1408 idem
986 1389 1035 1409 ne—

251 1424 370 1452 cessario
387 1424 421 1451 de
433 1424 502 1452 Filio
524 1425 642 1452 sentiet?
657 1425 723 1453 Nam
743 1427 765 1453 si
782 1426 842 1454 Filii
858 1426 975 1461 Spiritus
991 1434 1034 1454 res

251 1475 293 1497 est
304 1475 405 1503 creata,
421 1478 591 1505 consequens
607 1477 648 1499 est
660 1477 689 1500 ut
703 1478 729 1500 et
744 1471 861 1500 Verbum
874 1473 961 1501 Patris
976 1482 1033 1501 rem

250 1520 369 1543 creatam
382 1523 443 1543 esse
464 1516 608 1544 fateantur.
623 1517 686 1545 Haec
705 1526 802 1553 nempe
821 1518 923 1552 opinati
940 1518 1032 1545 Ariani

250 1562 276 1589 in
293 1562 403 1597 Caiphae
414 1561 584 1590 Judaismum
597 1563 699 1598 delapsi
714 1569 787 1591 sunt.
805 1563 832 1590 Si
850 1571 930 1598 porro
943 1564 971 1591 hi
986 1565 1032 1599 qui

250 1608 283 1635 de
299 1607 400 1642 Spiritu
418 1608 474 1635 hch
487 1608 586 1636 audent
601 1609 700 1642 dicere,
711 1609 769 1636 Arii
785 1611 947 1638 sententiam
963 1612 1032 1638 tueri

250 1654 345 1686 nolint,
360 1654 419 1688 ejus
439 1661 504 1689 ergo
521 1655 602 1683 verba
625 1663 733 1691 quoque
750 1655 870 1690 fugiant,
884 1664 935 1684 nec
956 1657 1032 1693 impii

250 1701 304 1727 sint
319 1700 345 1727 in
358 1700 487 1734 Spiritum
505 1705 642 1728 sanctum.
653 1701 719 1728 Nam
732 1705 763 1728 ut
776 1701 873 1735 Filius,
884 1702 930 1736 qui
941 1703 968 1730 in
981 1703 1034 1730 Pa-

250 1749 291 1773 trc
302 1751 353 1778 est,
369 1746 396 1773 in
414 1754 467 1781 quo
485 1747 567 1773 etiam
581 1751 623 1774 est
638 1746 728 1780 Pater,
746 1755 799 1774 non
817 1752 859 1774 est
871 1755 914 1775 res
928 1754 1030 1780 creata,

250 1793 297 1820 sed
312 1792 400 1821 Patris
413 1793 571 1821 substantiae
587 1794 715 1828 proprius
729 1799 780 1827 est,
798 1795 870 1830 quod
883 1800 908 1823 et
923 1803 971 1823 vos
987 1803 1032 1823 as-

250 1840 379 1868 severatis
394 1849 400 1867 :
418 1840 453 1867 ita
464 1845 491 1867 et
503 1840 632 1875 Spiritum
646 1845 781 1874 sanetum,
797 1842 843 1877 qui
855 1843 881 1869 in
895 1842 963 1870 Filio
978 1847 1030 1875 est,

250 1890 276 1913 et
293 1885 320 1912 in
332 1893 384 1920 quo
401 1886 485 1913 Filius
501 1891 551 1919 est,
568 1887 637 1914 inter
651 1895 695 1915 res
709 1891 814 1916 creatas
825 1889 967 1922 collocare,
985 1894 1032 1916 aut

251 1936 266 1956 a
282 1928 372 1957 Verbo
385 1930 514 1962 dividere,
527 1935 606 1965 atque
622 1931 659 1958 ita
673 1931 858 1966 imperfectam
870 1933 1029 1962 Trinitatem

250 1974 362 2002 reddere
378 1975 455 2003 nefas
470 1975 581 2003 omnino
596 1975 685 2003 fuerit.
702 1977 754 2005 Sed
771 1978 838 2006 satis
851 1979 886 2006 sit
901 1979 1031 2008 hactenus

250 2018 427 2054 Tropicorum
443 2021 608 2055 impietatem
629 2029 662 2048 ex
680 2021 833 2057 ignorantia
852 2029 940 2051 ortam
953 2033 1031 2053 coar-

249 2064 350 2099 guisse,
362 2073 417 2100 quo
432 2065 555 2093 videlicet
565 2067 702 2101 prophetae
714 2072 741 2094 et
754 2068 874 2104 Apostoli
885 2071 967 2099 verba
981 2080 1030 2099 ex-

249 2110 423 2144 plicaremus,
432 2119 547 2146 quorum
556 2112 594 2138 illi
602 2119 711 2140 sensum
720 2113 915 2148 adulterantes,
926 2119 1030 2152 seipsos

1090 243 1147 268 ὲστι
1165 241 1220 277 (78)
1238 243 1285 268 καὶ
1308 242 1338 268 οὐ
1366 241 1461 274 πολλὰ,
1488 240 1547 266 οὐδὲ
1572 241 1604 266 ὲκ
1630 238 1732 265 πολλῶν
1747 238 1784 270 ἓν,
1800 238 1859 265 ἀλλὰ

1091 288 1170 324 μόνον
1181 288 1245 315 αὐτὸ
1260 288 1380 323 Πνεῦμα.
1408 288 1481 319 Ἐνὸς
1497 288 1550 322 γὰρ
1566 286 1640 317 ὕντος
1659 286 1704 311 τοῦ
1720 284 1783 311 Υἰοῦ
1799 283 1859 319 (79),

1088 336 1134 363 τοῦ
1149 336 1248 368 ζῶντος
1265 336 1361 370 Λόγου,
1379 335 1441 370 μίαν
1456 332 1523 360 εἶναι
1543 333 1582 359 δεῖ
1602 332 1704 358 τελείαν
1717 332 1763 358 καὶ
1777 331 1859 366 πλήρη

1089 381 1137 417 τὴν
1147 381 1310 416 ἁγιαστικὴν
1325 381 1371 407 καὶ⁹
1387 380 1551 415 φωτιστικὴν
1569 378 1658 410 ζῶσαν
1672 378 1805 412 ἐνέργειαν
1818 376 1860 402 αὺ-

1087 427 1134 454 τοῦ
1151 427 1196 454 καὶ
1213 427 1316 462 δωρεὰν
1329 448 1336 458 ,
1354 427 1414 461 ἥτις
1429 427 1461 452 ὲκ
1474 424 1581 460 Πατρδς
1596 424 1702 458 λέγεται
1723 422 1860 457 ἐκπορεύε-

1091 473 1162 505 σθαι,
1177 473 1269 507 ἐπειδὴ
1284 471 1359 507 παρὰ
1373 471 1420 498 τοῦ
1436 471 1522 505 Λόγου
1535 470 1581 496 τοῦ
1600 471 1632 495 ὲκ
1651 469 1752 504 Πατρῦς
1774 467 1860 502 ὁμολο-

1087 520 1218 554 γουμένου
1233 518 1376 553 ἐκλάμπει,
1394 517 1440 543 καὶ
1455 516 1647 543 ἀποστέλλεται
1661 537 1668 548 ,
1696 514 1742 540 καὶ
1758 513 1858 539 δῖδοται.

1094 563 1201 597 ’Λμέλει
1217 565 1231 590 6
1246 563 1295 598 μὲν
1311 563 1375 594 Ti6;
1393 562 1468 598 παρὰ
1479 561 1524 587 τοῦ
1542 561 1648 596 Πατρὺς
1661 559 1860 586 ἀποστέλλεται·

1090 618 1099 634 ι
1113 609 1189 636 Οὕτω
1203 619 1210 634 ι
1226 609 1290 644 γὰρ,
1309 609 1401 645 φησὶν.
1423 618 1431 633 ι
1446 609 1460 634 6
1475 608 1541 639 Θεὸς
1553 607 1680 642 ἠγάπησε
1695 605 1740 632 τὸν
1756 605 1861 640 κόσμον,

1086 653 1156 680 ὥστε
1170 654 1216 680 τὸν
1230 653 1293 680 Υἱδν
1311 652 1392 678 αὑτοῦ
1404 652 1448 678 τὸν
1465 651 1596 687 μονογενῆ
1611 648 1768 677 ἀπέστειλεν
1780 647 1858 682 (80).»

1093 699 1122 726 ’0
1138 699 1166 726 δὲ
1181 699 1242 730 Υἱὸς
1258 699 1288 725 τὸ
1299 698 1410 733 Πνεῦμα
1423 697 1588 723 ἀποστέλλει·
1610 705 1620 721 ι
1635 695 1697 722 Ἐὰν
1707 705 1717 720 ν
1734 695 1800 730 γὰρ,
1815 702 1861 728 cq-

1090 746 1142 777 σὶν,
1164 755 1173 770 ι
1185 744 1239 778 ἐγὼ
1251 744 1367 775 ἀπέλθω,
1383 742 1522 769 ἀποστελῶ
1534 742 1579 768 τὸν
1593 740 1779 777 Παράκλητον.
1794 750 1802 766 ι
1813 740 1861 766 Καὶ

1085 791 1099 817 ὁ
1113 791 1162 826 μὲν
1177 790 1240 822 Υἱὸς
1252 790 1300 816 τὸν
1312 788 1421 824 Πατέρα
1434 787 1548 820 δοξάζει,
1561 787 1647 820 λέγων
1657 795 1664 802 ο
1683 796 1692 811 ‹
1705 785 1802 821 Πάτερ,
1813 785 1862 818 ἐγώ

1087 846 1115 863 σε
1131 836 1241 868 ἐδόξασα
1252 845 1275 862 ·›
1291 836 1321 862 τὺ
1335 835 1362 861 δὲ
1380 834 1492 869 Πνεῦμα
1503 833 1608 865 δοξάζει
1619 833 1664 859 τὸν
1680 832 1752 858 Υἱόν-
1765 841 1773 856 ι
1785 832 1862 858 Ἐκεῖ-

1087 891 1131 913 νος
1147 891 1156 907 ι
1176 881 1230 917 γὰρ
1241 901 1247 911 ,
1272 881 1363 915 φησὶν,
1389 890 1398 905 ι
1410 879 1459 914 ἐμὲ
1473 879 1588 911 δοξάσει.
1605 887 1614 903 ι
1639 878 1694 904 Καὶ
1715 878 1731 903 6
1747 877 1793 911 μὲν
1806 876 1863 906 Υἱός

1089 935 1185 961 φησιν·
1216 935 1224 951 ι
1240 927 1274 952 "A
1292 927 1396 960 ἥκουσα
1415 923 1490 960 παρὰ
1510 923 1556 950 τοῦ
1573 922 1691 958 Πατρὸς,
1715 921 1799 948 ταῦτα
1821 921 1862 946 καὶ

1087 971 1158 998 λαλῶ
1174 972 1213 1003 εἰς
1229 971 1273 997 τὸν
1288 971 1407 1005 κόσμον·
1420 979 1429 995 ι
1454 969 1485 995 τὸ
1507 969 1536 995 δὲ
1557 967 1668 1003 Πνεῦμα
1689 968 1721 994 ἐκ
1741 966 1788 994 τοῦ
1803 966 1862 992 Υἱοῦ

1087 1015 1226 1050 λαμϐάνει·
1246 1025 1254 1041 ι
1277 1015 1323 1041 Ἐκ
1345 1014 1391 1040 τοῦ
1406 1014 1473 1049 ἐμοῦ
1487 1023 1495 1039 ι
1513 1013 1567 1049 γὰρ
1594 1013 1729 1047 «λήψεται
1749 1012 1802 1047 (81)
1822 1011 1864 1038 καὶ
1883 1019 1886 1022 '

1086 1060 1232 1095 ἀναγγελεῖ
1246 1061 1320 1095 ὑμῖν,
1333 1069 1342 1085 ι
1362 1059 1438 1094 φησί.
1455 1059 1509 1085 Καὶ
1523 1059 1537 1085 6
1558 1058 1606 1093 μὲν
1625 1058 1691 1089 Υἱὸς
1712 1059 1740 1084 ὲν
1760 1057 1797 1092 τῷ
1814 1056 1863 1083 ὀνό-

1088 1115 1151 1141 ματι
1164 1105 1210 1132 τοῦ
1229 1105 1334 1140 [ἰατρὸς
1355 1103 1435 1140 ἦλθε·
1457 1113 1466 1129 ι
1484 1104 1520 1130 T6
1536 1104 1565 1130 δὲ
1584 1103 1698 1139 Πνεῦμα
1711 1103 1740 1130 τὸ
1756 1103 1838 1137 ἅγιον,
1851 1112 1859 1127 ν

1087 1153 1167 1188 φησὶν
1178 1153 1192 1178 ὁ
1203 1152 1265 1183 Υἱὸς
1279 1151 1345 1186 (82),
1365 1161 1374 1176 ι
1384 1151 1398 1177 6
1413 1150 1513 1185 πέμψει
1528 1151 1542 1176 6
1553 1150 1648 1185 Πατὴρ
1660 1150 1691 1176 ὲν
1708 1149 1747 1185 τῷ
1757 1148 1860 1184 ὀνόματί

1087 1208 1148 1234 μου.
1165 1209 1174 1224 ι

1119 1255 1162 1282 ‘21.
1175 1255 1307 1290 Τοιαῦτην
1319 1254 1347 1280 δὲ
1361 1253 1436 1286 τάξιν
1448 1254 1494 1280 καὶ
1507 1253 1586 1288 φύσιν
1603 1253 1711 1288 ἔχοντος
1723 1252 1771 1279 τοῦ
1783 1251 1860 1278 Ilva}-

1086 1310 1169 1336 ματος
1184 1301 1252 1336 πρὸς
1262 1300 1307 1326 τὸν
1324 1299 1388 1326 Υἰὺν
1404 1299 1471 1335 (85),
1489 1299 1547 1326 οῖαν
1561 1300 1574 1325 6
1586 1299 1651 1330 Υἱὸς
1664 1299 1720 1334 ἔχει
1735 1297 1800 1333 πρδς
1820 1297 1861 1323 τὸν

1086 1347 1202 1383 Πατέρα,
1217 1347 1274 1378 πῶς
1288 1347 1302 1372 6
1313 1345 1391 1372 τοῦτο
1412 1346 1513 1381 κτίσμα
1529 1345 1615 1380 λέγων
1632 1345 1663 1371 οὐ
1688 1345 1718 1371 το
1734 1344 1799 1371 αὐτὸ
1818 1343 1861 1369 καὶ

1085 1393 1147 1428 περὶ
1159 1392 1207 1418 τοῦ
1220 1392 1283 1418 Υἰοῦ
1298 1391 1327 1424 ἐξ
1340 1391 1460 1427 ἀνάγκης
1481 1392 1624 1426 φρονήσεις
1643 1391 1675 1417 Εἰ
1704 1389 1757 1425 γάρ
1770 1390 1824 1415 ἐστι
1835 1388 1862 1413 τὸ

1084 1438 1193 1474 Πνεῦμα
1205 1438 1251 1464 τοῦ
1268 1438 1332 1464 Tib-3
1361 1438 1472 1472 κτίσμα,
1488 1437 1629 1464 ἀκόλουθον
1643 1435 1677 1463 ἂν
1698 1436 1740 1471 εἴη
1755 1435 1807 1471 (86)
1821 1434 1860 1460 λέ-

1083 1493 1141 1518 γειν
1157 1484 1254 1516 αὐτοὺς
1267 1483 1313 1510 κα)¹
1327 1483 1371 1510 τὸν
1387 1484 1471 1518 Λόγον
1485 1482 1531 1509 τοῦ
1544 1482 1652 1517 Ila-:96;
1673 1479 1742 1509 εἶναι
1755 1481 1859 1515 κτίσμα.

1084 1530 1201 1556 Τοιαῦτα
1216 1530 1269 1564 γὰρ
1281 1530 1304 1556 οἱ
1323 1529 1454 1565 Ἀρειανοὶ
1470 1528 1678 1563 φαντασθέντες,
1693 1529 1733 1559 εἰς
1744 1527 1787 1554 τὸν
1798 1526 1861 1553 κατὰ

1086 1574 1212 1608 Καϊάφαν
1234 1573 1397 1609 Ὶουδαῑσμὸν
1413 1573 1597 1600 πεπτώκασιν.
1620 1573 1652 1599 Εἰ
1663 1573 1692 1599 δὲ
1707 1573 1742 1599 τὰ
1765 1571 1860 1607 Ἀρείου

1087 1620 1124 1656 μὴ
1136 1619 1341 1656 προσποιοῦνται
1354 1620 1462 1654 φρονεῖν
1476 1619 1530 1653 (85)
1543 1619 1566 1645 οἱ
1580 1619 1644 1654 περὶ
1656 1617 1702 1644 τοῦ
1713 1617 1860 1651 Πνεύματος

1086 1665 1196 1693 τοιαῦτα
1229 1666 1362 1700 λέγοντες,
1388 1665 1559 1700 φευγέτωσαν
1573 1666 1619 1691 καὶ
1647 1664 1681 1690 τὰ
1697 1664 1797 1691 ἐκείνου
1818 1664 1860 1698 ρή-

1086 1720 1167 1747 ματα,
1183 1713 1230 1738 καὶ
1245 1712 1282 1747 μὴ
1306 1712 1485 1738 ἁσεῧείτωσαν
1500 1712 1539 1743 εἰς
1561 1711 1591 1737 τὸ
1623 1711 1746 1746 Πνεῦμα.
1763 1709 1859 1743 Ὥσπερ

1084 1758 1138 1794 γὰρ
1151 1759 1165 1784 ὁ
1178 1758 1250 1790 Υἱὸς,
1268 1760 1281 1784 6
1300 1757 1353 1793 (86)
1366 1759 1394 1784 ἐν
1416 1758 1453 1792 τῷ
1478 1758 1566 1792 Πατρὶ
1585 1756 1631 1788 ὢν,
1648 1758 1677 1783 ἐν
1688 1753 1710 1789 ᾧ
1724 1756 1770 1782 καὶ
1785 1756 1798 1781 6
1810 1754 1860 1780 Ila-

1083 1804 1134 1838 τήρ
1150 1803 1233 1834 ἐστιν,
1249 1803 1298 1828 οὐκ
1312 1802 1368 1828 ἔστι
1384 1802 1495 1836 κτίσμα,
1519 1801 1575 1827 ἀλλ’
1594 1801 1658 1832 ἴδιος
1674 1801 1725 1835 τῆς
1737 1800 1782 1826 τοῦ
1808 1800 1858 1826 Πα-

1083 1848 1145 1883 τρὸς
1151 1848 1243 1879 οὐσίας
1255 1847 1342 1883 (τοῦτο
1351 1848 1405 1883 γὰρ
1416 1847 1484 1882 καὶξὺ
1489 1848 1546 1882 μεὶς
1556 1846 1747 1882 προσποιεῖσθε
1754 1846 1857 1879 ).έγειν)’

1081 1893 1166 1924 οὕτως
1179 1894 1226 1920 καὶ
1240 1893 1270 1919 τὸ
1284 1893 1394 1928 Πνεῦμα
1409 1893 1438 1919 τὺ
1451 1893 1479 1919 ἐν
1494 1892 1533 1927 τῷ
1551 1892 1614 1927 Υἰῷ,
1631 1892 1660 1917 ὲν
1674 1888 1696 1925 ᾧ
1710 1891 1756 1918 καὶ
1770 1892 1783 1917 6
1799 1891 1855 1921 Υἱός

1081 1940 1164 1971 ἐστιν,
1190 1940 1220 1966 οὐ
1247 1939 1325 1974 Θέμις
1350 1941 1405 1970 τοῖς
1438 1938 1566 1974 κτίσμασι
1599 1938 1776 1968 omnino-etv,
1801 1937 1854 1963 οὐδὲ

1079 1985 1192 2020 διαιρεῖν
1206 1985 1271 2011 αὑτὸ
1283 1985 1336 2011 ἀπὸ
1347 1984 1392 2010 τοῦ
1409 1984 1505 2018 Λόγου,
1519 1984 1566 2010 καὶ
1594 1983 1676 2018 ἀτελῆ
1697 1982 1746 2018 τὴν
1762 1982 1854 2017 Τριάδα

1080 2031 1303 2062 κατασκευάζειν.
1320 2030 1379 2056 Τῶν
1391 2030 1440 2065 μὲν
1455 2028 1500 2056 οὖν
1516 2029 1605 2065 ῥητῶν
1617 2030 1663 2056 τοῦ
1678 2038 1708 2056 τε
1731 2036 1856 2064 προφητι-

1079 2076 1128 2103 κοῦ
1147 2077 1192 2104 καὶ
1220 2076 1266 2102 τοῦ
1297 2075 1473 2102 ἀποστολικοῦ
1503 2076 1592 2110 χάριν,
1619 2072 1656 2101 ὧν
1669 2075 1720 2110 τὴν
1744 2075 1855 2101 διάνοιαν

1080 2119 1304 2155 παραποιοῦντες,
1318 2120 1461 2154 ἠπάτησαν
1480 2120 1601 2150 ἑαυτοὺς,
1613 2120 1693 2154 ἀρκεῖ
1708 2119 1751 2145 διὰ
1763 2118 1854 2145 τούτων

251 2155 278 2182 in
293 2163 412 2184 errorem
423 2157 596 2185 induxerunt.
613 2156 673 2185 Jam
690 2166 755 2186 vero
773 2161 886 2188 seorsim
903 2161 1030 2197 inspicia—

1085 2163 1214 2198 διελέγξαι
1231 2164 1278 2198 τὴν
1295 2165 1324 2189 ἐκ
1340 2165 1388 2198 τῆς
1412 2163 1529 2197 ἀμαθίας
1541 2162 1594 2189 τῶν
1610 2162 1748 2197 τροπικῶν
1759 2162 1855 2194 δυσφη-

284 2249 307 2264 ²⁶
322 2247 464 2288 doan.__llt.
478 2249 522 2276 l6.
559 2248 580 2266 ’⁷
600 2250 680 2288 J_o_an.
695 2259 749 2284 xw,
768 2251 793 2279 7.
832 2254 854 2270 ¹⁸
872 2253 950 2281 Joan.
970 2263 1033 2288 xvn,
1049 2256 1074 2283 4.

249 2291 304 2316 xvt,
319 2285 361 2311 Μ.
400 2284 422 2299 ²¹
441 2283 519 2311 Joan.
536 2293 590 2318 xlv,
603 2285 648 2312 26.

283 2341 338 2402 (78)
358 2340 475 2382 Verbum
499 2342 556 2368 ἑστι
581 2342 748 2383 restituimus
772 2351 805 2370 ex
829 2343 912 2384 Regio
926 2344 1026 2384 primo,

285 2384 310 2402 ι.
339 2377 482 2402 bid.udem
494 2381 521 2402 et
534 2376 599 2402 Reiz.
614 2377 641 2402 2.
654 2377 747 2402 Basnl._
761 2378 825 2402 αὐτὸ
840 2380 960 2402 Πνευαα.
974 2379 1024 2402 Aln

248 2375 482 2414 Segnlbidsiidem
494 2381 521 2414 e_t
534 2376 599 2414 Reg.
614 2377 641 2410 2,
654 2377 748 2412 Basil.,
761 2378 825 2405 αὐτὸ
840 2375 960 2414 Πνεῦμα.
974 2379 1025 2405 Λιὶὶ

246 2416 273 2439 et
285 2412 359 2443 editi,
375 2411 441 2438 αὐτὸ
452 2411 482 2438 τὺ
497 2411 617 2446 Πνεῦμα.

282 2446 338 2484 (79)
350 2446 411 2484 ,Τοῦ
427 2446 502 2484 Υἱοῦ.
515 2447 594 2484 deest
604 2447 730 2484 inrRegio
749 2448 845 2482 primo,
867 2448 929 2484 Seg.
943 2448 1026 2475 Paulo

246 2486 307 2516 post
321 2482 401 2518 iidem
427 2488 469 2518 et_
479 2481 560 2518 VBarsil.
575 2482 653 2508 Gobl.
670 2481 697 2509 et
712 2481 831 2518 Felckm.
858 2481 962 2518 primus
978 2484 1026 2509 ha-

246 2517 320 2553 bent,
335 2516 432 2553 ζῶσαν,
449 2516 557 2553 Editiet
571 2517 627 2549 alii,
644 2518 725 2552 ζωὴν,
737 2517 828 2545 οὖσαν.
841 2516 874 2544 Pe
886 2521 949 2545 item
962 2527 1024 2553 par—

247 2552 321 2579 ticul.
335 2556 397 2586 post
416 2551 477 2586 ἥτις
502 2551 536 2579 ab
557 2552 618 2579 aliis
631 2556 658 2579 et
669 2551 748 2580 editis
761 2554 862 2586 addita.
877 2554 911 2580 ab
927 2551 1022 2581 iisdem

245 2588 332 2614 abest.

282 2621 337 2657 (80)
358 2621 403 2649 Sic
427 2621 527 2657 Regius
551 2622 663 2656 primus,
680 2622 790 2656 Seguer.
808 2623 889 2651 Basil.
903 2623 980 2652 Gohl.
997 2629 1023 2651 et

245 2656 363 2683 Felokm.
382 2656 494 2691 primus.
514 2657 585 2684 Edili
601 2663 627 2685 et
644 2658 701 2688 alii,
717 2659 827 2685 ἔδωκεν.

292 2692 336 2725 81)
356 2691 661 2730 Κρκὶμεύρι-ίηιιιεηδεε.
678 2695 806 2730 omittunt
830 2695 862 2721 ὲκ
884 2694 930 2721 τοῦ
955 2693 1021 2730 ἐμοῦ

242 2726 369 2771 λήψεται,
384 2728 431 2762 qui
454 2727 535 2755 iidem
558 2726 834 2764 ibidelithvayysXei
850 2729 913 2765 γὰρ,
929 2726 1020 2765 φησὶν,

245 2771 319 2789 υμιν.

263 2771 335 2833 l‘73:!)
357 2796 401 2825 Sic
417 2797 640 2833 Regiusiprimus,
656 2797 768 2833 Seguer.
792 2800 874 2827 Rasil.
899 2800 978 2827 Gobl.
996 2805 1022 2827 et

244 2833 362 2862 Fclckm.
378 2833 492 2868 primus.
506 2832 602 2862 Caneri
619 2838 645 2861 et
662 2832 726 2861 editi
742 2835 756 2861 ό
772 2836 834 2867 Υἱός
847 2836 984 2863 omittunt.

1130 2257 1151 2272 "
1170 2254 1248 2283 Joan.
1267 2264 1323 2289 xw,
1340 2255 1383 2282 Η.
1437 2255 1458 2270 ²⁰
1478 2254 1556 2281 .loan.
1570 2262 1628 2287 vui,
1645 2253 1692 2281 26.
1741 2253 1761 2268 ³¹
1781 2251 1851 2279 Joan.

1078 2380 1101 2406 Π
1117 2345 1172 2384 (ξὸ)
1193 2344 1292 2379 Regius
1305 2343 1451 2376 secundus,
1468 2344 1585 2381 Πατρός,
1606 2347 1634 2370 et
1658 2351 1722 2370 mox
1740 2343 1806 2378 πρὸς
1826 2341 1854 2367 τὸ

1104 2388 1200 2406 νευμα.

1104 2388 1148 2405 νευ
1154 2389 1200 2405 μα.

1116 2389 1293 2449 (ἔιῗαίὶρεὶιιε
1318 2415 1429 2449 primus,
1447 2413 1509 2448 Seg.
1537 2413 1616 2441 Basil.
1637 2413 1799 2449 Anglicanus
1811 2411 1850 2446 εἴη

1078 2450 1177 2476 habent
1193 2459 1200 2476 ι
1215 2450 1259 2476 alii
1276 2454 1302 2476 et
1319 2450 1383 2476 editi
1397 2449 1535 2476 omittunt.

1114 2485 1169 2519 (85)
1189 2485 1234 2511 Sic
1251 2485 1348 2519 Regius
1367 2485 1479 2518 primus,
1503 2484 1565 2518 ἓνε-
1590 2483 1669 2511 Gobl.
1685 2488 1712 2511 et
1736 2483 1847 2511 Felckm.

1078 2521 1191 2553 primus,
1211 2521 1256 2553 qui
1274 2525 1362 2546 tamen
1377 2519 1455 2546 Gohl.
1469 2525 1495 2546 et
1509 2519 1626 2546 Fclckm.
1642 2520 1744 2553 primus
1759 2520 1850 2553 φωνεῖν

1077 2563 1125 2588 pro
1142 2557 1250 2590 φρονεῖν
1269 2555 1376 2582 habent.
1395 2554 1445 2580 Alii
1468 2562 1532 2580 vero
1555 2558 1582 2590 et
1604 2555 1665 2581 editi
1681 2562 1720 2581 sic
1735 2556 1846 2590 habent:

1077 2591 1108 2616 Ul
1127 2589 1174 2624 μὲν
1185 2590 1218 2616 τὰ
1231 2590 1333 2624 Ἀρείου
1358 2589 1406 2624 μὲν
1427 2589 1651 2624 προσποιούμενοι
1674 2589 1711 2624 μὴ
1738 2589 1846 2624 φρονεῖν,

1077 2621 1181 2662 rip-1:36
1194 2625 1240 2662 τοῦ
1258 2621 1363 2662 H1196;-
1375 2624 1408 2662 τα
1420 2621 1488 2662 dicit
1502 2621 1634 2662 λέγοντες,
1647 2621 1811 2662 eleg-Regius
1821 2621 1845 2651 ἓν

1076 2658 1124 2694 pro
1141 2660 1256 2695 Πατρός,
1274 2658 1340 2687 bene
1354 2660 1441 2689 habet,
1457 2659 1622 2694 Πνεύματος.
1639 2658 1777 2695 Anglican,
1788 2658 1845 2695 item

1075 2691 1100 2722 et
1119 2691 1217 2730 Regius
1231 2696 1257 2727 Ξ,
1273 2703 1321 2730 pro
1333 2695 1367 2721 τὰ
1382 2694 1461 2725 αὑτά,
1480 2691 1577 2721 habent
1589 2691 1709 2721 τοιαῦτα.
1723 2693 1786 2720 Ibid.
1797 2691 1845 2718 lic-

1075 2730 1135 2765 gius
1149 2729 1262 2764 primus.
1279 2730 1353 2764 Seg.,
1370 2735 1395 2756 et
1412 2729 1490 2762 infra,
1507 2730 1625 2765 mittite.

1114 2766 1168 2800 (86)
1190 2765 1236 2793 Sic
1259 2765 1358 2800 Regius
1375 2766 1489 2799 primus,
1507 2764 1570 2800 Seg.
1594 2764 1621 2792 In
1644 2764 1704 2791 aliis
1720 2767 1805 2791 autem
1819 2764 1844 2788 ιιι

1075 2801 1154 2829 editis
1171 2801 1276 2828 articul.
1295 2801 1309 2826 ὀ
1327 2801 1411 2828 deest.
