1974 3037
121 108 167 135 581

672 110 840 138 EPISTULA
861 112 870 138 ι
888 113 934 138 Αἰ)
955 113 1186 142 SERAPIONEM.

1692 123 1745 153 582

119 164 182 200 μίαν
194 164 261 199 (87).
278 165 389 199 Ἴδωμεν
400 165 428 191 δὲ
443 165 535 191 λοιπὸν
552 166 688 193 «ain-311
712 167 772 193 καθ’
785 168 854 194 αὐτὰ
868 168 891 194 τέ

955 177 1015 196 mus
1031 178 1155 204 quaenam
1172 171 1198 197 in
1214 171 1314 199 divinis
1326 172 1474 208 Scripturis
1487 175 1520 202 de
1532 176 1636 211 Spiritu
1649 185 1744 207 sancto

117 212 145 239 ιν
158 212 219 242 ταῖς
236 211 320 242 θείαις
332 211 452 246 Γρσφείς
464 212 528 248 περὶ
540 212 588 239 τοῦ
598 212 753 248 Πνεῦματος
767 213 813 240 τοῦ
828 213 904 248 ἁγίου

115 257 259 292 λεγόμενα,
272 258 317 284 καὶ
342 258 379 289 ὡς
402 258 507 294 δόκιμοι
527 259 691 294 τραπεζῖται
712 259 904 294 διακρίνωμεν,

115 304 140 330 εἰ
154 303 219 330 ἴδιόν
232 313 257 330 τι
275 305 341 339 πρὸς
356 304 392 331 τὰ
404 305 539 340 κτίσματα
555 305 610 340 ἔχει
626 306 655 331 τὸ
669 305 789 341 Πνεῦμα,
806 306 822 341 ἢ
841 306 904 332 ἴδιον

114 349 163 376 τοῦ
174 349 240 376 Θεοῦ
252 350 336 381 ἐστιν,
363 351 405 377 ἵνα
421 351 437 386 ἢ
452 351 554 386 κτίσμα
581 351 647 377 αὐτὸ
659 352 790 386 εἴπωμεν,
806 351 822 386 ἢ
840 351 904 378 ἄλλο

116 396 166 430 μὲν
188 396 242 422 τῶν
260 396 427 431 κτισμάτων,
453 396 517 422 ἴδιον
543 397 571 423 δὲ
598 397 645 423 καὶ
674 396 703 423 ἓν
721 397 775 432 (88)
802 397 852 432 τῆς
874 398 902 423 ὲν

114 442 208 477 Τριὰδι
218 442 352 478 Θεότητος.
368 443 443 477 Τάχα
454 443 504 469 κΞιν
521 442 607 474 οὕτως
622 442 787 478 ἐντραπῶσι,
802 443 902 478 μαθόν-

114 496 168 519 τες,
185 488 246 514 ὅσον
260 487 356 523 ἀπᾴδει
382 488 435 514 τῶν
451 488 528 515 θείων
543 489 641 522 λογίων
664 488 697 515 τὰ
722 489 901 524 ὲφευρεῦέντα

114 533 179 568 παρ’
194 533 283 559 αὐτῶν
298 533 348 568 τῆς
365 533 536 569 βλασφημίας
554 535 672 569 ῥήματα.

149 579 192 606 22.
210 579 250 606 Τὰ
265 580 400 614 κτίσματα
415 580 503 606 τοίνυν
518 580 547 612 ἐξ
560 581 609 606 οὐκ
626 580 710 607 ὄντων
721 580 841 615 γέγονεν,
854 581 902 616 ἁρ-

112 626 164 661 χὴν
177 625 271 660 ἔχοντα
290 625 336 652 τοῦ
365 626 496 660 γενεσθαιθ
526 627 555 652 ὲν
577 627 648 662 ἀρχῇ
672 627 726 662 γὰρ
747 627 873 663 ἐποίησεν
887 629 901 654 ό

111 673 179 703 Θεὸς
191 672 236 698 τὸν
249 672 360 707 οὐρανὸν
377 672 423 699 καὶ
437 673 486 707 τὴν
502 673 553 708 γῆν
569 674 617 700 καὶ
645 674 733 700 πάντα
756 675 790 701 τὰ
807 675 836 701 ὲν
852 676 901 702 αὺ-

111 719 179 749 τοῖς.
203 718 286 745 Ἐκδὲ
299 718 344 744 τοῦ
361 718 428 744 Θεοῦ
446 719 553 752 λέγεται
578 720 609 746 τὸ
634 720 744 755 Πνεῦμα
762 720 792 747 τὸ
812 721 898 755 ἅγιον·

115 773 125 788 ι
140 763 250 795 υῦδεὶςι
264 763 327 799 γὰρ,
341 764 433 798 φησὶν,
449 773 458 789 ι
469 762 523 790 οἶδε
534 764 568 791 τὰ
575 765 619 791 τοῦ
629 765 771 801 ἀνθρώπου
787 767 811 792 εἰ
822 766 859 801 μὴ
869 768 899 792 τὸ

111 809 222 844 πνεῦμα
236 809 283 836 τοῦ
300 809 442 845 ἀνθρώπου
454 809 501 836 τοῦ
512 811 540 836 ἐν
553 810 731 846 αὑτῷ-οὓτως
748 811 793 838 καὶ
805 812 838 838 τὰ
852 811 897 838 τοῦ

110 855 180 881 Θεοῦ
192 855 278 887 οὐδεὶς
290 853 361 882 οἶδεν
374 857 398 882 ει
412 856 448 891 μὴ
459 856 489 882 τὸ
510 856 621 892 Πνεῦμα
633 857 679 884 τοῦ
703 857 780 884 Θεοῦ.
802 858 897 893 Ἡμεῖς

109 901 139 928 δὲ
157 901 187 928 οὐ
204 902 234 928 τὸ
258 901 369 937 Πνεῦμα
390 902 436 928 τοῦ
468 902 570 937 κόσμου
596 902 740 938 ἐλάϐομεν,
770 903 837 929 ἀλλὰ
867 904 897 929 τὸ

108 948 222 983 Πνεῦμα
238 948 268 974 τὸ
281 949 312 974 ἐκ
325 947 372 974 τοῦ
390 948 444 982 (89)
471 945 548 974 Θεοῦ.
563 958 572 974 ι
599 949 666 975 Ποία
681 949 770 975 τοίνυν
789 950 820 976 ἐκ
844 949 897 975 τῶν

109 994 317 1029 προειρημένων
346 994 491 1028 συγγένεια
519 994 558 1030 τῷ
590 995 728 1030 ΙΙνεύματι
759 995 826 1030 πρὸς
862 995 897 1022 τὰ

107 1040 264 1075 κτίσματα;
280 1040 320 1066 Τὰ
348 1041 396 1076 μὲν
411 1041 464 1076 γὰρ
477 1041 611 1076 κτίσματα
633 1042 681 1068 οὐκ
694 1039 737 1076 ἦν·
756 1042 769 1068 ὁ
788 1042 816 1068 δὲ
830 1041 896 1073 Θεὸς

106 1086 146 1113 ὢν
156 1086 239 1118 ἐστιν,
249 1086 278 1119 ἐξ
286 1085 315 1113 οὗ
324 1087 370 1113 καὶ
378 1087 407 1113 τὸ
416 1087 536 1122 Πνεῦμα.
547 1087 582 1113 Τὸ
595 1087 623 1113 δὲ
631 1088 663 1113 ἑκ
670 1087 716 1114 τοῦ
725 1087 791 1114 Θεοῦ
800 1088 850 1114 οὐκ
862 1088 895 1115 ἃν

106 1132 151 1168 εἴη
165 1133 197 1158 ὲκ
208 1132 254 1159 τοῦ
270 1132 306 1168 μὴ
319 1133 404 1164 ὖντος,
421 1132 481 1159 οὐδὲ
497 1133 608 1167 κτίσμα,
638 1133 681 1159 ἵνα
696 1133 733 1169 μὴ
749 1134 807 1160 κατ’
824 1134 895 1160 ὲκεί-

105 1186 170 1208 νους
180 1178 226 1204 καὶ
240 1179 254 1204 ὁ
269 1177 325 1212 (96)
344 1178 373 1210 ἐξ
385 1175 415 1204 οὗ
430 1179 488 1204 ἐστι
511 1178 541 1204 τὸ
558 1179 679 1214 Πνεῦμα,
705 1179 808 1214 κτίσμα
825 1177 894 1206 εἶναι

106 1223 232 1259 νομισθῇ.
261 1224 308 1254 Τίς
331 1222 376 1250 οὖν
399 1224 453 1250 τῶν
469 1225 595 1250 τοιούτων
620 1225 744 1260 ἀφρόνων
759 1226 892 1258 ἀνέξεται.

105 1269 239 1303 λεγόντων
256 1269 302 1296 καὶ
318 1268 407 1295 αὐτῶν
422 1269 450 1296 ἐν
465 1269 562 1305 καρδίᾳ.
583 1269 619 1304 μὴ
647 1268 714 1296 εἶναι
730 1269 812 1302 Θεόνς
839 1270 893 1296 Καὶ

105 1316 162 1350 γὰρ
179 1317 202 1342 εἰ
216 1316 270 1351 (91)
289 1315 382 1351 ὥσπερ
410 1316 495 1347 οὐδεὶς
519 1314 572 1342 οἶδε
587 1316 620 1342 τὰ
648 1315 694 1342 τοῦ
709 1316 851 1352 ἀνθρώπου
869 1318 892 1344 εἰ

106 1362 147 1397 μὴ
162 1361 192 1388 τὸ
210 1361 321 1398 Πνεῦμα
332 1363 362 1388 τὸ
372 1363 400 1388 ἐν
417 1362 507 1397 αὐτῷ,
529 1362 612 1393 οὕτως
628 1363 674 1389 καὶ
703 1362 737 1389 τὰ
764 1363 810 1389 τοῦ
826 1363 892 1389 Θεοῦ

104 1409 132 1434 ει
147 1408 184 1443 μὴ
196 1407 226 1434 τὺ
244 1409 273 1434 ἐν
288 1408 361 1443 αὐτῷ
375 1409 495 1443 Πνεῦμα·
515 1408 574 1439 πῶς
597 1408 627 1434 οὑ
647 1407 786 1444 δύσφημον
800 1408 833 1434 ἂν
849 1410 892 1444 εἴη

103 1454 196 1488 λέγειν
208 1455 309 1489 κτίσμα
323 1455 353 1481 τὸ
365 1455 394 1480 ὲν
408 1455 446 1489 τῷ
461 1454 519 1490 Θεῷ
531 1454 652 1489 Πνεῦμα,
669 1453 698 1480 τὸ
715 1455 761 1480 καὶ
777 1454 811 1480 τὰ
822 1454 890 1489 βάθη

102 1500 153 1527 τοῦ
167 1500 234 1527 θεοῦ
251 1501 383 1536 ἐρευνῶνς
399 1501 558 1536 Μαθήσεται
576 1500 630 1534 γὰρ
644 1501 675 1526 ὲκ
689 1499 789 1526 τούτων
805 1500 890 1526 εἰπεῖν

102 1548 119 1574 ό
136 1548 252 1580 τοιοῦτος
267 1549 298 1574 τὸ
312 1548 360 1584 μὲν
377 1548 423 1574 τοῦ
449 1547 590 1583 ἀνθρώπου
608 1546 715 1581 πνεῦμα
731 1546 828 1578 ἔξωθεν
845 1547 892 1572 αὺ-

101 1593 153 1621 τοῦ
171 1593 218 1620 τοῦ
236 1594 378 1630 ἀνθρώπου
405 1592 486 1626 εἶναι,
502 1593 548 1619 τὸν
567 1593 600 1624 δὲ,
609 1593 637 1619 ἐν
654 1592 691 1627 τῷ
704 1592 790 1627 Πατρὶ
805 1592 892 1626 Λόγον

103 1639 162 1675 (92)
178 1638 246 1666 εἶναι
263 1639 375 1674 κτίσμα.
393 1639 476 1666 Πάλιν
491 1647 521 1665 τε
547 1638 659 1673 Πνεῦμα
678 1637 831 1672 ἁγιωσύνης
846 1637 891 1664 καὶ

101 1683 311 1716 ἁνακαινώσεώς
329 1685 385 1719 (95)
398 1684 454 1710 ἐστί
471 1692 499 1710 τε
517 1684 564 1710 καὶ
589 1683 699 1717 λέγεται
721 1683 751 1708 τὴ
768 1682 889 1716 Πνεῦμα·

101 1730 204 1765 γράφει
216 1731 270 1766 γὰρ
284 1732 297 1756 ὁ
313 1730 427 1762 Παῦλος·
454 1739 463 1756 ι
480 1730 532 1756 Τοῦ
564 1729 716 1765 ὁρισθέντος
732 1728 796 1754 Υἰοῦ
822 1727 889 1754 Θεοῦ

102 1776 134 1801 ὲν
149 1775 262 1811 δυνάμει
276 1776 344 1802 κατὰ
360 1776 470 1811 Πνεῦμα
484 1776 638 1810 ἁγιωσύνης
662 1775 692 1807 ἐξ
716 1775 889 1805 ἀναστάσεως

101 1822 209 1856 νεκρῶν
230 1821 314 1857 Ἰησοῦ
330 1821 447 1856 Χριστοῦ
457 1821 504 1848 τοῦ
519 1821 621 1857 Κυρίου
638 1821 743 1856 ἡμῶν.»
760 1820 814 1846 Καὶ
837 1820 889 1846 πά-

101 1866 145 1892 λιν
162 1867 253 1902 φησιν·
284 1876 294 1892 ι
318 1867 385 1893 Ἀλλ’
410 1867 568 1902 ἡγιάσθητε,
597 1866 654 1893 ἀλλ’
667 1865 844 1900 ἐδικαιώθητε
860 1866 889 1891 ὲν

100 1913 142 1948 τῷ
158 1913 269 1949 ὀνόματι
285 1913 330 1940 τοῦ
346 1913 447 1949 Κυρίου
461 1913 537 1948 ἡμῶν
555 1912 641 1948 Ἰησοῦ
656 1911 773 1948 Χριστοῦ
789 1912 835 1938 καὶ
860 1912 888 1937 ὲν

101 1958 143 1994 τῷ
155 1959 292 1994 Πνεύματι
307 1959 352 1985 τοῦ
383 1958 449 1985 Θεοῦ
466 1958 554 1994 ήμῶν·
577 1967 586 1984 ι
612 1958 654 1985 ὅτε
671 1958 716 1984 καὶ
731 1957 797 1993 πρὸς
811 1957 889 1983 Τῖτον

139 2048 162 2062 ³³
175 2047 241 2075 Gen.
259 2057 276 2080 i,
297 2049 318 2074 l.
359 2048 380 2064 ³⁵
395 2048 403 2074 l
417 2049 480 2075 Cor.
501 2056 531 2080 il,
551 2048 591 2078 il,
611 2048 653 2074 1‘2.

694 2048 714 2063 "
735 2047 805 2075 Psal.
824 2055 883 2079 λιιι,
901 2047 926 2074 i.

958 216 1029 242 dicta
1041 215 1150 250 fuerint,
1163 225 1195 244 ac
1212 218 1283 258 velut
1295 219 1371 253 probi
1390 222 1518 248 mensarii
1542 223 1744 260 discernamus,

957 268 1022 287 num
1043 263 1183 296 proprium
1209 263 1310 298 aliquid
1330 264 1429 292 habeat
1451 267 1568 301 Spiritus
1584 276 1645 296 cum
1663 270 1744 299 rebus

956 306 1063 340 creatis,
1075 308 1116 334 vel
1131 316 1164 334 an
1177 310 1301 343 proprius
1315 309 1418 343 sitDei,
1432 317 1461 338 ut
1471 320 1532 339 eum
1542 314 1584 340 vel
1597 322 1653 342 rem
1666 325 1744 343 erea-

956 355 1022 385 tam,
1039 353 1077 379 rei
1100 354 1182 380 alium
1198 362 1213 381 a
1232 355 1312 382 rebus
1333 357 1442 390 creatis,
1461 359 1656 396 propriumque
1672 362 1742 389 divi-

955 398 1048 425 nitatis
1061 399 1202 427 Trinitatis
1219 406 1245 428 et
1263 410 1347 429 unum
1363 411 1395 430 ex
1412 411 1443 430 ca
1456 412 1517 431 esse
1529 406 1660 434 dicamus.
1675 407 1742 435 For-

954 451 1003 470 san
1021 445 1093 472 enim
1115 446 1165 473 hoc
1187 451 1265 480 pacto
1280 448 1443 476 erubescent
1462 450 1510 480 illi.
1527 451 1571 477 ubi
1586 451 1739 485 didicerint.

953 494 1085 524 quantum
1108 492 1252 526 impietatis
1281 494 1362 521 verba
1391 503 1452 530 quae
1475 497 1620 524 commenti
1633 502 1707 532 sunt,
1723 507 1739 526 a

953 536 992 562 di\
1001 536 1053 564 inis
1067 538 1185 565 oraculis
1197 538 1363 574 discrepent.

986 581 1030 617 22.
1048 582 1140 617 Itaque
1156 591 1198 610 res
1213 590 1310 612 creatae
1324 593 1356 612 ex
1373 586 1445 613 nulla
1463 594 1491 614 re
1510 587 1586 615 facta:
1599 594 1671 622 sunt,
1688 589 1738 617 ha-

952 627 1068 662 bentque
1080 628 1228 655 exsistendi
1243 630 1418 665 principium.
1435 632 1573 668 Siquidem
1591 635 1616 661 in
1634 636 1738 670 princi-

951 673 996 708 pio
1017 673 1080 701 fecit
1103 674 1172 702 Deus
1197 676 1295 703 coelum
1321 681 1348 704 ει
1367 682 1466 705 terram
1487 685 1513 706 et
1527 681 1618 707 omnia
1635 689 1695 716 qua:
1709 683 1737 710 in

949 719 989 747 eis
1005 724 1069 746 sunt
1085 721 1116 747 ³³.
1133 724 1167 748 At
1179 721 1297 756 Spiritus
1314 728 1425 751 sanctus
1439 732 1472 751 ex
1487 724 1541 752 Deo
1555 734 1615 753 esse
1627 727 1736 755 dicitur.

953 775 962 791 ‹
981 765 1066 793 Νειηο
1080 776 1089 792 ι
1105 768 1188 799 enim,
1201 769 1299 802 tnquit,
1312 778 1320 794 ι
1331 770 1383 796 scit
1397 777 1457 804 qua:
1471 776 1534 798 sunt
1549 772 1675 806 hominis,
1686 774 1738 802 nisi

949 811 1060 846 spiritus
1073 811 1153 848 536
1170 813 1298 846 hominis,
1315 815 1361 849 qui
1379 815 1405 841 in
1426 816 1485 850 ipso
1500 822 1542 844 est
1558 827 1565 844 :
1581 819 1617 845 ita
1637 824 1664 846 ει
1677 828 1738 854 qua:

914 845 934 871 Β
952 845 999 884 Dei
1011 845 1176 886 sunt'n'etvno
1192 845 1331 894 cognorit,
1344 861 1396 888 nisi
1409 845 1526 896 Spiritus
1540 863 1597 890 Dei.
1616 863 1671 893 Nos
1686 845 1738 893 lau-

951 907 1004 928 tem
1019 910 1071 929 non
1089 904 1213 937 spiritum
1230 905 1322 931 mundi
1346 907 1502 940 accepimus
1513 929 1519 940 ,
1541 908 1587 936 sed
1604 910 1734 944 Spiritum

951 948 997 982 q‘ui
1012 956 1044 975 ex
1060 948 1115 976 Deo
1131 954 1171 976 est
1179 950 1211 975 ³⁸.
1226 960 1235 975 ι
1249 950 1377 983 Quanam
1391 952 1471 986 igitur
1486 955 1609 988 cognatio
1619 955 1737 990 Splritus

949 999 1009 1019 cum
1026 993 1107 1021 rebus
1118 994 1216 1021 creatis
1236 1002 1268 1021 cx
1284 995 1327 1022 his
1344 1004 1404 1024 esse
1425 998 1549 1025 videtur?
1564 999 1670 1027 Etenim
1691 1009 1735 1028 res

949 1045 1045 1066 creatae
1057 1047 1108 1066 non
1125 1046 1205 1068 erant
1220 1050 1226 1067 :
1242 1046 1270 1068 at
1288 1041 1357 1069 Deus
1369 1043 1392 1070 is
1414 1049 1454 1070 est
1467 1045 1576 1079 quiest,
1588 1053 1621 1072 ex
1639 1055 1693 1082 quo
1709 1052 1735 1075 et

949 1085 1005 1119 ipse
1020 1085 1136 1120 Spiritus
1152 1090 1201 1112 est.
1218 1085 1294 1119 Quod
1313 1092 1402 1114 autem
1425 1096 1458 1114 ex
1477 1088 1530 1116 Deo
1545 1094 1596 1123 est,
1617 1099 1673 1118 non
1686 1099 1736 1126 po-

948 1135 999 1159 test
1013 1140 1073 1159 esse
1085 1140 1117 1159 ex
1137 1132 1232 1165 nihilo,
1250 1141 1337 1168 neque
1352 1142 1395 1161 res
1409 1140 1499 1162 creata
1511 1155 1518 1167 ,
1535 1144 1568 1163 ne
1583 1139 1734 1165 secundum

946 1186 994 1206 eos
1021 1179 1066 1206 ille
1089 1186 1197 1214 quoque
1223 1187 1255 1206 ex
1278 1188 1333 1214 quo
1354 1180 1469 1215 Spiritus
1487 1187 1596 1209 sanctus
1623 1187 1674 1215 est,
1690 1191 1733 1210 res

947 1223 1036 1251 cr'eata
1053 1231 1112 1251 esse
1124 1229 1241 1258 putetur.
1253 1224 1319 1258 Quis
1329 1233 1393 1260 ergo
1411 1226 1564 1261 hujusmodi
1576 1228 1732 1262 insipientes

947 1267 1018 1295 ferre
1032 1268 1128 1303 possit,
1142 1269 1188 1304 qui
1203 1274 1229 1296 et
1241 1270 1293 1304 ipsi
1309 1270 1336 1296 in
1351 1270 1432 1298 corde
1448 1279 1497 1298 suo
1508 1272 1602 1298 dicunt
1612 1280 1664 1299 non
1673 1280 1735 1301 esse

946 1313 1030 1340 Deum
1048 1313 1089 1340 "?
1106 1313 1172 1341 Nam
1195 1314 1216 1342 si
1242 1315 1470 1350 quemadmodum
1488 1325 1569 1345 nemo
1585 1318 1660 1345 novit
1672 1327 1733 1354 quae

945 1364 1007 1386 sunt
1023 1360 1149 1393 hominis,
1167 1361 1219 1387 nisi
1237 1361 1347 1395 spiritus
1362 1361 1481 1389 hominis
1496 1364 1542 1398 qui
1558 1363 1584 1390 in
1601 1363 1661 1398 ipso
1678 1368 1731 1396 est.

945 1405 979 1431 ita
994 1411 1020 1432 ct
1036 1414 1096 1440 qure
1118 1411 1181 1433 sunt
1197 1405 1242 1433 Dei
1259 1414 1340 1433 nemo
1357 1408 1432 1433 novit
1448 1409 1499 1434 nisi
1514 1408 1630 1442 Spiritus
1643 1409 1688 1443 qui
1702 1410 1730 1436 in

945 1451 1004 1486 ipso
1021 1457 1061 1479 est
1079 1461 1084 1478 :
1101 1459 1135 1478 an
1153 1460 1207 1479 non
1231 1460 1345 1479 summm
1370 1453 1514 1488 impietatis
1528 1447 1623 1488 fuerit
1640 1454 1732 1482 dicere

945 1505 1001 1524 rem
1013 1502 1130 1524 creatam
1142 1505 1203 1524 esse
1225 1497 1353 1532 Spiritum
1376 1499 1421 1532 qui
1441 1499 1467 1525 in
1489 1499 1544 1526 Deo
1564 1504 1615 1532 est,
1631 1505 1658 1527 et
1681 1499 1729 1534 qui

943 1541 1076 1576 profunda
1091 1541 1137 1568 Dei
1153 1542 1306 1569 scrutatur?
1323 1536 1390 1569 Nam
1408 1544 1454 1577 qui
1470 1551 1501 1571 ea
1520 1550 1671 1578 mente-est,
1685 1545 1728 1573 fa—

944 1587 992 1613 teri
1009 1587 1099 1621 utique
1114 1591 1223 1622 cogetur
1237 1588 1360 1622 spiritum
1371 1589 1489 1616 hominis
1501 1594 1576 1617 extra
1588 1590 1727 1618 hominem

942 1643 1011 1667 esse,
1026 1641 1053 1662 et
1071 1635 1188 1662 Verbum
1206 1637 1278 1670 quod
1295 1640 1334 1663 est
1353 1635 1379 1662 in
1397 1635 1485 1668 Patre,
1504 1644 1559 1663 rem
1575 1637 1638 1664 item
1655 1645 1728 1666 crea.

940 1684 995 1707 tam
1009 1688 1078 1707 esse.
1092 1680 1233 1712 Prmterea,
1252 1681 1370 1716 Spiritus
1384 1685 1410 1708 et
1427 1686 1468 1708 est
1485 1687 1510 1709 et
1525 1682 1624 1709 dicitur
1636 1675 1724 1717 Spiri-

941 1730 985 1754 tus
1012 1727 1163 1754 sanctitatis
1191 1731 1218 1754 et
1242 1727 1437 1754 renovationis.
1467 1727 1566 1755 Scribit
1591 1729 1726 1763 siquidem

941 1771 1041 1799 Paulus
1056 1780 1062 1798 :
1080 1780 1089 1797 ‹
1107 1770 1157 1804 Qui
1173 1771 1380 1806 prcedestiuatus
1400 1777 1443 1800 est
1464 1772 1547 1801 Filius
1568 1773 1614 1801 Dei
1630 1775 1655 1801 in
1670 1775 1725 1802 vir-

941 1822 997 1845 tute
1009 1818 1156 1845 secundum
1171 1818 1300 1852 Spiritum
1314 1818 1466 1846 sanctitatis
1479 1827 1509 1846 ex
1526 1821 1724 1848 resurrectione

942 1869 1110 1891 mortuorum
1120 1864 1142 1879 ³⁸
1155 1864 1212 1899 (94)
1226 1864 1305 1892 Jesus
1313 1864 1439 1892 Christus
1448 1865 1578 1893 Dominus
1590 1871 1690 1894 noster.
1712 1876 1722 1893 ι

941 1909 973 1936 Et
987 1910 1082 1937 iterum
1095 1909 1177 1937 dicit:
1195 1919 1204 1935 ι
1222 1911 1274 1937 Sed
1291 1911 1450 1938 sanctiﬁcati
1461 1912 1538 1944 estis,
1556 1912 1602 1940 sed
1619 1912 1723 1947 justiti-

941 1956 993 1984 cati
1014 1957 1080 1984 estis
1099 1957 1125 1983 in
1150 1957 1259 1984 nomine
1274 1955 1381 1984 Domini
1399 1957 1485 1985 nostri
1498 1957 1561 1986 Jesu
1580 1958 1682 1986 Christi
1696 1963 1723 1986 et

966 2047 988 2062 ³⁵
1008 2046 1088 2073 Rom.
1109 2055 1128 2078 ι,
1142 2047 1168 2073 4.

138 2141 193 2181 (Si)
214 2140 312 2180 Regius
336 2139 795 2182 ρτξξηυε,“τροπικῂν1δ’)σξρημΠιαν.

946 2139 1002 2180 trag.
1018 2139 1046 2169 '2.
1062 2138 1160 2180 Basii.,
1184 2138 1286 2182 habent
1302 2142 1330 2165 ut
1349 2139 1395 2182 big
1417 2144 1516 2182 e_xsta_t.
1531 2140 1586 2182 :Alii
1606 2146 1632 2182 et
1657 2142 1722 2182 editi

102 2174 204 2210 Regius
226 2174 342 2210 primus,
369 2175 430 2209 Seg.
447 2174 541 2210 Basil.,
556 2174 624 2201 αὐτὰ
639 2174 700 2210 καθ’
719 2175 787 2201 αὐτὰ
799 2175 833 2201 τὰ
854 2177 883 2201 ἐν

99 2209 171 2243 suis,
188 2209 238 2237 etc.
253 2211 431 2243 Anglicanus,
447 2209 544 2244 Regius
558 2211 575 2236 2
588 2214 615 2236 et
634 2209 772 2241 Ottobon.,
788 2210 822 2236 τὰ
838 2211 886 2236 αὺ-

99 2247 136 2273 τὰ
151 2245 211 2272 καθ’
224 2246 306 2272 ὲαυτέι
331 2246 375 2275 τά,
392 2251 444 2272 etc.
463 2244 533 2271 Edili
557 2250 583 2271 et
606 2245 706 2276 ueteri,
721 2245 790 2272 αὐτὰ
807 2246 840 2272 τὰ
856 2246 885 2271 ὲν

99 2283 170 2313 ταῖς.
184 2280 267 2308 Paulo
282 2285 342 2315 post
357 2280 435 2307 Gobl.
448 2284 474 2306 et
490 2279 608 2307 Feiekln.
624 2281 737 2315 primus,
753 2281 886 2316 διακρινό-

101 2325 176 2351 μενοι
189 2324 236 2350 pro
250 2316 438 2351 διακρίνωμεν.

137 2349 195 2385 (88)
214 2351 258 2378 Sic
276 2349 505 2383 Regius'primus,
520 2350 581 2385 Seg.
594 2349 670 2377 Gobl.
687 2355 714 2377 et
730 2350 800 2378 Felc.
817 2351 842 2382 i,
854 2352 884 2378 ἓν

99 2387 163 2413 item
179 2387 277 2420 legitur
292 2386 318 2412 in
333 2385 524 2413 iiasil.,Cteteri
539 2394 603 2412 vero
620 2390 648 2413 et
666 2387 740 2415 editi,
757 2387 820 2412 ῐδιον
836 2388 884 2413 καὶ

98 2423 129 2448 ἐν
141 2423 173 2456 τῇ
189 2421 327 2456 ἁγεννήτῳ
341 2420 451 2456 (Regius
466 2421 493 2454 Ξ,
513 2421 646 2456 ἀγενήτῳ)
658 2421 752 2456 Τριάδι
763 2422 812 2456 τῆς
823 2421 882 2448 θεό-

134 2465 189 2487 τος.

214 2490 259 2527 Sic
272 2490 337 2525 Reg.
357 2491 411 2527 lict
428 2491 455 2521 2.
475 2491 537 2525 Seg.
556 2491 634 2518 Gobl.
651 2496 675 2518 et
690 2490 808 2527 Fclrkm.
825 2493 881 2527 pri-

97 2535 169 2557 mus,
181 2527 226 2553 sed
239 2526 316 2552 Gobl.
329 2532 355 2553 et
370 2526 486 2553 Feb-kin.
504 2527 608 2559 primus
621 2527 728 2553 articul.
738 2526 784 2552 τοῦ
798 2529 880 2554 omit-

96 2567 167 2587 tunt.
186 2561 214 2587 in
239 2561 300 2588 aliis
324 2566 351 2588 et
373 2562 491 2588 editione
504 2562 701 2589 Commelmon
721 2562 835 2589 habetur
849 2564 881 2588 ἐκ

94 2596 152 2623 τοῦ.
170 2596 237 2622 ibid.
252 2595 350 2630 Regius
368 2600 481 2630 primus,
496 2597 558 2631 Seg.
575 2597 653 2623 Gobl.
667 2601 693 2623 et
705 2596 879 2625 Felckmanni

94 2632 210 2665 primus.
230 2631 296 2657 Ποία
314 2632 370 2658 νῦν.
388 2631 472 2659 Paulo
492 2637 552 2665 post
567 2631 666 2666 Regius
689 2632 705 2657 ’2
723 2632 762 2658 sic
779 2634 856 2659 turbet
871 2652 878 2663 .

93 2667 108 2693 ὁ
119 2666 149 2704 ρὲ
165 2666 281 2704 ΘεὸςΑῶν
292 2668 381 2704 ἐστιν,Δ
391 2667 419 2699 ἐξ
432 2668 483 2704 οὐκ
496 2667 578 2704 ὖντῳν
592 2668 627 2693 τὰ
643 2666 731 2693 πάντα
751 2677 879 2704 παραγα-

93 2701 214 2736 γών.¹Ὠν
229 2702 296 2732 ἐστι,
316 2701 398 2736 φημὶ,
413 2703 441 2735 ἐξ
456 2700 486 2729 οῦ
503 2702 559 2734 καί,
572 2706 625 2729 etc.

131 2737 187 2771 (90)
213 2737 241 2762 '0
258 2737 333 2763 abest
345 2744 359 2763 a
375 2737 458 2771 Regio
473 2739 560 2771 primo
576 2741 602 2764 et
616 2737 677 2771 Seg.

129 2773 188 2805 (9t)
210 2771 257 2797 Sic
275 2770 375 2805 Regius
393 2770 507 2806 primus,
522 2772 584 2806 Seg.
601 2770 680 2800 Gobl.
703 2777 730 2800 et
754 2773 873 2802 Fclckm.

92 2807 207 2842 primus.
223 2806 318 2833 Ceteri
333 2811 360 2834 ct
373 2809 435 2834 editi
458 2809 481 2833 εἰ
509 2808 648 2843 abjiciunt.
669 2808 728 2835 Mox
751 2809 829 2836 iidem
848 2816 874 2837 et

936 2176 1065 2212 omittunt
1076 2173 1177 2212 obruti
1188 2174 1235 2212 καὶ
1259 2174 1292 2200 τὰ
1308 2173 1363 2212 ’τοῦ
1375 2174 1453 2212 Θεοῦ,
1471 2176 1497 2212 si
1509 2175 1553 2212 pii
1563 2176 1592 2202 τὸ
1607 2176 1635 2202 ὲν
1647 2177 1721 2212 αὑτῷ

936 2209 1057 2244 Πνεῦμα.
1076 2208 1142 2244 ibid:
1161 2209 1259 2243 Regius
1274 2209 1389 2243 primus,
1404 2209 1466 2244 Seg.
1483 2208 1564 2236 Itasil.
1577 2208 1720 2244 Anglican.

937 2241 1096 2278 particulam
1111 2241 1157 2270 οὖν
1170 2241 1311 2278 εὺῙὶεἰυὴι,
1327 2252 1408 2278 quam
1426 2241 1471 2271 alii
1485 2250 1510 2272 et
1522 2246 1585 2272 editi
1602 2241 1661 2279 post
1675 2255 1722 2273 vo-

935 2287 992 2305 cem
1008 2279 1067 2315 πῶς
1085 2280 1196 2305 adduint.
1210 2278 1278 2315 item
1294 2279 1370 2315 ibid.,
1390 2287 1439 2314 pro
1454 2280 1484 2306 οὺ
1497 2278 1648 2315 δύσφημον,
1667 2281 1721 2308 Πεκ

954 2314 1121 2356 ἰυενρνὶωυε,
1139 2314 1188 2340 οὐκ
1205 2314 1294 2341 ἄνουν.
1312 2314 1395 2341 Abest
1410 2322 1519 2350 quoque
1533 2316 1566 2342 ab
1574 2314 1717 2350 Anglican.

954 2357 968 2375 ν
982 2357 1037 2384 ειη.

969 2394 1025 2429 (92)
1046 2393 1091 2420 Sic
1109 2393 1210 2428 Regius
1227 2393 1344 2428 primus,
1358 2393 1420 2428 Seg.
1441 2393 1493 2421 Alii
1507 2399 1597 2421 autem
1611 2400 1637 2422 et
1653 2395 1718 2424 editi

934 2429 977 2456 hic
993 2434 1054 2463 post
1067 2429 1155 2465 (Λόγον
1172 2430 1277 2465 a_ddunt
1296 2430 1342 2455 καὶ
1358 2429 1388 2455 τὸ
1401 2429 1522 2465 Πνεῦμα.
1537 2429 1602 2456 Ibid.
1619 2430 1719 2465 Regius

933 2465 1048 2498 primus.
1059 2464 1120 2498 Seg.
1138 2469 1163 2490 et
1179 2463 1245 2498 Reg.
1266 2464 1284 2490 2
1301 2472 1374 2497 mox,
1385 2463 1497 2499 κτίσμα,
1513 2465 1564 2491 Alii
1579 2463 1669 2492 autem
1691 2471 1719 2492 ct.

931 2499 1008 2530 editi,
1027 2499 1172 2533 κτίσματιι.

962 2533 1024 2568 ,(95)
1046 2533 1125 2560 Gobl.
1142 2539 1169 2560 et
1186 2533 1303 2560 Felckm.
1322 2534 1347 2565 i,
1364 2534 1438 2568 $03.,
1452 2534 1495 2561 hic
1512 2538 1538 2561 ct
1555 2534 1637 2565 infra.
1652 2535 1716 2561 ἀνα-

931 2577 1088 2600 καινιςεως.

967 2605 1022 2637 (94)
1043 2603 1070 2629 In
1086 2603 1196 2638 Vulgata
1212 2603 1337 2636 habetur,
1354 2603 1418 2630 Jesu
1433 2602 1532 2630 Christi
1548 2603 1654 2630 Domini
1666 2613 1714 2631 no-

928 2640 978 2665 stri
994 2647 1002 2665 :
1018 2646 1079 2672 qum
1102 2647 1156 2672 quo
1183 2638 1321 2665 referenda
1336 2639 1400 2669 sint,
1417 2639 1492 2665 varia
1509 2643 1551 2666 est
1571 2645 1714 2666 auctorum

929 2674 1079 2710 sententia.
1090 2673 1215 2710 Plerique
1230 2679 1318 2710 tamen
1329 2674 1474 2710 inecqverba
1481 2673 1576 2710 (Ἰησοῦ
1583 2674 1715 2710 Χριστοῦ,

927 2715 991 2737 elc..
1007 2710 1039 2735 ad
1055 2709 1097 2735 illa
1116 2709 1210 2735 referri
1227 2709 1362 2744 voluntrv.
1378 2708 1407 2744 5,
1428 2709 1492 2744 περὶ
1508 2708 1554 2735 τοῦ
1571 2708 1646 2742 Υἱρῦ.
1662 2710 1715 2736 Sed

927 2744 971 2770 hic
987 2751 1039 2769 non
1050 2751 1128 2777 posse
1136 2745 1278 2779 commode
1288 2743 1382 2770 referri
1393 2744 1445 2771 nisi
1454 2743 1486 2770 ad
1497 2745 1554 2772 inec
1563 2745 1656 2779 verba,
1665 2743 1714 2771 τοῦ

926 2778 1078 2812 ὁρισθέντος
1095 2778 1170 2811 Υιοῦν
1188 2779 1273 2806 cuivis
1291 2779 1464 2813 Derspicuum
1481 2784 1537 2810 est,
