1974 3037
280 117 331 147 587

563 117 591 144 S.
612 117 796 144 ATIIANASH
817 116 891 144 OPP.
913 117 1003 144 PARS
1024 116 1042 143 1.
1064 133 1098 136 -
1117 115 1300 144 HISTORICA
1321 116 1364 143 ET
1385 115 1596 144 DOGMATICA.

1824 119 1870 147 588

279 183 345 207 deos
365 180 455 212 emcit,
477 179 588 206 dubium
611 186 664 206 non
681 183 733 211 est,
749 179 814 214 quin
833 179 892 213 ejus
905 184 1000 206 natura
1018 178 1060 206 Dei

1116 178 1164 213 τῆς
1177 177 1222 204 τοῦ
1236 177 1313 205 Θεοῦ.
1325 177 1373 204 Διὰ
1385 176 1463 204 τοῦτο
1479 176 1533 212 γὰρ
1547 176 1595 203 καὶ
1610 176 1639 202 ὲν
1651 174 1690 208 οἷς
1700 175 1802 210 γίνεται,
1810 174 1870 204 οῦτοι

279 228 325 253 sit.
340 225 418 259 Quod
441 225 505 252 item
532 225 679 252 centesimo
703 225 783 253 tertio
808 226 914 261 psalmo
938 226 1061 259 habetur,

278 271 380 298 clarius
392 270 480 297 adhuc
493 275 682 306 argumentum
697 271 729 298 ad
743 271 844 299 hancce
854 271 978 299 haeresim
987 280 1063 300 ever-

278 316 386 344 tendam
404 316 483 344 nobis
495 316 659 351 suppeditat,
671 321 702 344 ut
715 318 771 352 jam
783 318 961 346 monuimus:
978 327 987 344 ι
1003 318 1062 345 Au-

277 362 347 390 feres
364 361 490 396 spiritum
508 369 612 395 eorum,
628 362 710 398 538
721 367 747 389 et
765 363 900 397 deﬁcient,
914 368 941 391 et
959 364 986 391 iu
999 365 1061 399 pul-

275 415 367 435 verem
380 415 460 435 suum
473 413 652 436 revertemur.
667 409 779 436 Emittes
792 409 921 444 Spiritum
932 415 1018 444 tuum,
1035 415 1062 438 et

276 453 452 485 crcabuntur,
466 458 492 481 et
509 454 653 482 renovabis
668 453 763 481 faciem
777 459 856 482 terra:
867 455 900 482 ".
913 465 922 482 ι
946 455 978 483 Ει
993 449 1062 483 Pau-

277 500 319 527 lus
332 500 389 527 haec
400 499 461 527 Tito
478 499 571 527 scribit
584 509 590 526 :
608 509 618 525 ι
631 498 682 527 Per
696 500 834 527 lavacrum
846 501 1061 536 regenerationis

276 551 303 573 ct
319 546 504 574 renorationis
520 545 636 581 Spiritus
651 546 749 580 sancti,
766 554 846 580 quem
865 546 959 574 eﬂudit
970 548 997 574 iu
1010 554 1061 575 nos

276 593 383 621 abunde
391 600 438 628 per
447 591 539 620 Iesum
549 592 686 619 Christum
699 592 731 619 "'.
745 602 754 619 ι
767 592 794 619 Si
815 593 898 628 igitur
910 593 989 621 Pater
1002 601 1061 620 om-

277 639 322 666 nia
347 646 395 673 per
410 637 528 665 Verbum
556 638 582 664 in
601 637 703 673 Spiritu
727 642 802 665 creat
816 644 843 666 et
853 643 965 666 renovat
979 648 986 666 :
1001 646 1062 673 quae

277 684 428 712 similitudo
444 688 491 711 aut
504 684 630 719 cognatio
644 684 763 711 creantis
775 692 836 711 cum
852 684 934 712 rebus
945 684 1062 712 creatis?

277 728 326 756 Vel
347 729 394 764 qui
410 729 522 756 omnino
557 728 615 755 ﬁeri
638 733 721 764 queat
745 733 775 756 ut
795 729 840 757 ille
854 737 898 758 res
921 730 955 758 sit
970 736 1061 758 creata

277 777 305 803 in
319 783 374 810 quo
390 775 482 803 omnia
499 775 650 804 creantur?
664 775 734 803 Sane
747 783 809 804 cum
827 776 910 811 impia
925 778 975 804 hac
997 785 1062 804 sen-

276 821 360 850 tentia
371 821 415 848 illa
430 821 548 849 collinrct
566 828 627 855 quae
642 820 704 848 Filii
722 821 891 849 divinitatem
909 822 1061 858 impugnat,

1113 222 1296 250 θεοποιοῦνται
1309 223 1374 258 (10)·
1393 223 1416 249 εἰ
1431 222 1460 249 δὲ
1473 222 1598 254 θεοποιεῖ,
1615 222 1664 248 οὐκ
1678 221 1820 256 ἀμφίϐολον,
1836 222 1870 249 ὅτι

1113 269 1129 304 ἠ
1146 269 1238 295 τούτου
1253 268 1332 302 φύσις
1349 268 1415 295 Θεοῦ
1429 269 1495 295 ἐπι.
1509 268 1564 295 Καὶ
1575 267 1615 294 ἑτι
1631 267 1660 293 δὲ
1673 268 1725 302 (11)
1739 267 1871 304 φανεράπε-

1115 322 1159 350 ρον
1170 315 1209 346 είς
1221 315 1359 350 ἀναίρεσιν
1383 315 1433 350 τῆς
1451 314 1582 350 αἱρέσεως
1598 313 1697 348 ταύτης
1721 314 1748 340 ὲν
1772 313 1807 348 τῷ
1819 314 1873 340 ἑκα-

1111 361 1198 397 τοστῷ
1214 361 1298 397 τρίτῳ
1320 361 1419 396 ψαλμῷ
1428 361 1530 397 ᾅδεται,
1554 361 1592 392 ὼς
1608 359 1755 396 ἔμπροσθεν
1768 360 1873 395 εἴπομεν-

1115 416 1124 432 ι
1147 407 1312 439 Ἀντανελεῖς
1322 407 1352 434 τὺ
1366 407 1474 443 πνεῦμα
1490 407 1590 440 αὐτῶν,
1604 406 1651 433 καὶ
1670 405 1821 440 ὲκλείψουσι,
1835 406 1876 432 καὶ

1112 455 1152 485 εἰς
1164 454 1209 480 τὸν
1226 453 1289 488 χοῦν
1303 454 1392 480 αὐτῶν
1417 453 1633 488 ἐπιστρέφουσιν.
1657 451 1841 484 Ἐξαποστελείς
1849 451 1875 477 τὸ

1112 498 1226 534 Πνεῦμά
1242 508 1300 532 σου,
1324 500 1370 526 καὶ
1392 499 1593 535 κτισθήσανται,
1619 498 1666 525 καὶ
1690 498 1840 528 ἀνακαινιεῖς
1851 497 1877 523 τὸ

1112 545 1256 581 πρόσωπον
1270 545 1320 581 τῆς
1336 546 1414 581 γῆς.»
1435 545 1463 572 ’0
1478 545 1506 571 δὲ
1522 543 1627 575 Παῦλος
1643 543 1810 578 γράφειΤίτῳ
1819 542 1874 578 (12)-

1116 591 1179 618 «Διὰ
1191 591 1303 627 λουτροῦ
1318 590 1526 625 παλιγγενεσίας
1539 583 1586 617 καὶ
1599 587 1797 620 ἀνακαινώσεως
1806 587 1878 615 Ilvati-

1114 645 1197 672 ματος
1207 637 1294 671 ἁγίου,
1305 633 1336 663 οῦ
1351 637 1456 672 ἐξέχεεν
1469 637 1511 671 ἐφ’
1530 636 1604 671 ἡμᾶς
1617 634 1749 666 πλουσίως
1774 633 1812 661 διὰ
1832 634 1876 669 ἰη-

1114 681 1160 708 σοῦ
1176 682 1320 718 Χριστοῦ.)
1339 683 1372 709 Et
1387 682 1415 708 δὲ
1429 682 1442 708 ὁ
1457 681 1552 717 Πατὴρ
1561 681 1605 708 διὰ
1613 680 1661 707 τοῦ
1679 680 1761 715 Λόγου
1776 681 1802 706 ὲν
1811 678 1879 706 [ivsti-

1114 738 1180 764 ματι
1194 729 1264 765 ἁγίῳ
1278 729 1334 764 (15)
1348 728 1434 760 κτίζει
1464 727 1499 754 τὰ
1522 727 1620 760 πάντα,
1649 726 1696 753 καὶ
1720 723 1877 756 ἀνακαινίζει-

1113 775 1178 801 ποία
1190 774 1316 810 ὁμοιότης
1346 774 1364 810 ἢ
1394 773 1538 808 συγγένεια
1559 772 1599 808 τῷ
1626 771 1743 804 κτίζοντι
1769 771 1832 806 πρὸς
1852 770 1881 797 τὰ

1114 822 1267 856 κτίσματα;
1287 821 1323 847 Ἢ
1339 821 1406 852 ὅλως
1425 820 1483 852 πῶς
1504 820 1537 847 ἂν
1547 820 1602 856 εἴη,
1632 820 1662 845 ὲν
1689 815 1711 852 ᾧ
1731 817 1842 849 κτίζεται
1852 816 1881 843 τὰ

277 869 315 895 ita
332 866 417 901 utqui
431 866 563 901 Spiritum
579 874 635 894 rem
652 871 771 894 creatam
785 874 845 895 esse
858 868 1060 903 contenderint,

1116 867 1210 900 πάντα,
1222 867 1341 902 κτίσμα;
1365 865 1518 893 ’Δκολουθεί
1544 865 1597 901 γὰρ
1618 866 1651 900 τῇ
1669 863 1778 899 τοιαύτῃ
1790 863 1881 897 δυσφη-

275 912 386 940 eosdem
398 912 477 940 fateri
497 919 608 940 necesse
622 913 658 940 sit
673 911 802 947 Verbum,
818 921 866 948 per
879 914 953 949 quod
969 915 1061 943 omnia

276 965 415 992 creantur,
429 967 485 987 rem
500 967 609 994 quoque
628 965 746 987 creatam
764 967 835 988 esse.
854 960 958 988 Addam
975 961 1062 996 Spiri-

275 1007 334 1030 tum
352 1003 496 1038 imaginem
510 1002 569 1030 Filii
583 1007 610 1030 et
621 1003 674 1030 dici
683 1008 785 1032 etesse.
798 1004 877 1039 Nam,
889 1015 898 1031 ι
909 1005 983 1039 Quos
994 1013 1063 1041 prae-

277 1050 356 1078 scivit
366 1054 392 1077 et
404 1050 605 1085 pratdestinavit
615 1050 770 1079 conlormes
788 1052 845 1079 lleri
859 1052 985 1087 imaginis
1000 1051 1062 1080 Filii

277 1096 359 1124 sui".
367 1105 376 1122 ι
385 1095 477 1131 Itaque
490 1104 551 1124 cum
564 1097 615 1131 ipsi
627 1096 761 1124 fateantur
768 1096 866 1125 Filium
875 1105 932 1126 rem
942 1103 1063 1126 creatam

276 1150 330 1170 non
344 1150 415 1176 esse,
436 1150 486 1170 nec
500 1143 580 1170 etiam
594 1143 653 1178 ejus
664 1143 754 1179 imago
767 1151 812 1172 res
822 1148 914 1172 creata
925 1145 1061 1173 censenda

275 1191 327 1215 est.
337 1187 432 1221 Qualis
442 1187 514 1215 enim
526 1187 607 1215 fuerit
620 1188 721 1223 imago,
731 1189 812 1216 talem
824 1197 935 1218 necesse
945 1195 988 1218 est
999 1198 1062 1218 eum

275 1241 338 1262 esse
353 1233 432 1269 cujus
450 1234 540 1269 imago
555 1233 648 1262 fuerit.
667 1233 745 1262 Unde
761 1236 989 1270 quemadmodum
1000 1237 1062 1272 jure

276 1280 375 1308 merito
390 1288 422 1308 ac
435 1281 627 1308 convenienter
642 1280 762 1309 Verbum
779 1289 824 1309 res
838 1287 928 1310 creata
942 1290 1004 1311 esse
1014 1290 1063 1311 ne-

277 1331 366 1362 gatur,
380 1327 442 1362 quia
453 1332 495 1355 est
507 1328 596 1363 imago
611 1327 700 1356 Patris
714 1339 720 1355 :
736 1329 772 1356 ita
786 1329 832 1364 qui
844 1329 975 1364 Spiritum
992 1331 1062 1358 inter

277 1381 321 1401 res
342 1379 447 1401 creatas
470 1374 603 1402 collocare
623 1381 678 1402 non
701 1375 876 1410 dubitaverit,
896 1383 950 1404 non
973 1381 1062 1412 potest

276 1421 343 1454 quin
355 1419 456 1448 Filium
477 1428 542 1448 cum
571 1420 669 1449 iisdem
688 1426 869 1450 annumeret:
894 1429 927 1450 ac
947 1423 1062 1458 proinde

275 1466 309 1493 ad
329 1465 419 1501 ipsum
440 1464 548 1493 Patrem
564 1465 680 1494 refertur
691 1467 823 1502 quidquid
835 1467 918 1503 impie
935 1467 968 1495 de
979 1468 1061 1503 hujus

276 1508 393 1547 imagine
410 1512 527 1540 senserit
538 1512 682 1540 dixeritve.

309 1590 356 1619 9.5.
364 1591 458 1627 itaque
468 1591 642 1620 manifestum
652 1597 694 1620 est
706 1591 838 1628 Spiritum
850 1593 934 1621 alium
947 1593 1059 1622 omnino

274 1645 337 1666 esse
349 1646 365 1666 a
377 1638 459 1666 rebus
471 1639 582 1671 creatis,
595 1647 714 1674 eumque
727 1639 898 1668 ostendimus
917 1641 1059 1676 proprium

275 1683 336 1711 Filii
351 1691 422 1718 esse,
434 1692 489 1712 non
501 1689 592 1713 autem
603 1693 619 1712 a
634 1685 689 1713 Deo
702 1685 832 1714 alienum.
850 1686 973 1723 Namque
987 1688 1061 1723 quod

274 1731 310 1757 ad
327 1730 430 1759 hancce
439 1735 548 1759 acutam
561 1731 670 1759 illorum
681 1731 922 1768 interrogationem
937 1738 1057 1769 spectat:

277 1777 306 1804 Si
324 1776 441 1812 Spiritus
456 1785 489 1805 ex
505 1777 560 1805 Deo
580 1784 633 1811 est,
645 1786 731 1814 quare
745 1787 799 1807 non
817 1779 875 1814 ipse
887 1786 997 1814 quoque
1013 1779 1060 1807 Fi-

276 1823 330 1851 lius
341 1823 465 1851 dicitur?
485 1823 570 1857 Hanc,
591 1825 720 1860 inquam,
734 1825 962 1860 quaestiunculam
977 1826 1062 1854 auda-

275 1877 335 1897 cem
352 1875 378 1897 et
393 1870 566 1898 temerariam
587 1878 648 1898 esse
666 1878 748 1905 supra
769 1870 826 1905 jam
846 1875 987 1899 ostensum
1001 1875 1061 1904 est;

276 1916 324 1944 sed
340 1916 411 1944 idem
432 1916 610 1944 nihilominus
622 1924 719 1944 rursus
732 1917 876 1944 ostendere
890 1924 945 1944 non
963 1924 1060 1952 grava-

274 1963 377 1990 bimur.
403 1962 523 1990 Tametsi
548 1962 621 1989 enim
634 1961 752 1997 Spiritus
768 1962 796 1990 in
813 1961 961 1998 Scripturis
976 1963 1060 1992 Filius

277 2017 330 2035 non
344 2008 453 2040 dicitur,
467 2008 515 2035 sed
539 2007 657 2042 Spiritus
673 2007 738 2041 Dei,
755 2012 845 2036 tamen
866 2009 894 2035 in
919 2009 979 2044 ipso
995 2008 1060 2043 Deo,

275 2059 302 2082 et
315 2063 348 2082 ex
360 2055 419 2090 ipso
434 2054 489 2082 Deo
507 2061 569 2082 esse
586 2054 676 2082 dictus
691 2058 742 2088 est,
758 2054 796 2082 uti
815 2055 925 2090 scripsit
946 2055 1061 2091 Aposto-

1115 913 1164 949 μία
1182 914 1229 940 καὶ
1244 914 1260 948 ἠ
1276 913 1315 944 είς
1325 912 1370 939 τδν
1390 912 1455 939 Υίὸν
1484 911 1643 948 βλασφημία
1672 910 1737 947 (14)·
1752 910 1817 937 ὥστε
1829 909 1882 939 τοὺς

1112 960 1239 994 λέγοντας
1253 959 1284 986 τὸ
1300 958 1412 995 Πνεῦμα
1428 959 1530 994 κτίσμα
1555 959 1652 991 εἰπεῖν,
1665 958 1707 984 ὅτι
1718 957 1762 983 καὶ
1773 956 1786 982 ὁ
1799 955 1883 988 Λόγος,

1112 1005 1145 1032 δι’
1156 1003 1186 1033 οῦ
1199 1005 1234 1032 τὰ
1247 1006 1335 1033 πάντα
1347 1005 1478 1038 κτίζεται,
1506 1004 1610 1040 κτίσμα
1638 1004 1721 1031 ἐστίν.
1747 1001 1828 1029 Είκὼν
1843 999 1885 1026 τοῦ

1112 1051 1178 1079 Υἰοῦ
1189 1052 1356 1086 λέγεταικαὶ
1371 1051 1429 1078 ἐστι
1443 1051 1472 1078 τὺ
1487 1050 1609 1086 Πνεῦμα·
1627 1059 1636 1076 ‹
1647 1049 1702 1082 Οὓς
1720 1059 1729 1076 ι
1746 1048 1798 1084 γὰρ
1815 1055 1884 1082 (προ-

1113 1099 1183 1133 έγνω
1209 1098 1257 1125 καὶ
1282 1097 1418 1134 προώρισε
1446 1097 1623 1133 συμμόρφους
1651 1096 1704 1131 τῆς
1727 1095 1825 1126 εἰκόνος
1846 1093 1885 1120 τοῦ

1112 1143 1180 1170 Υἷοῦ
1193 1144 1274 1171 αὐτοῦ
1289 1142 1371 1180 (15).»
1385 1143 1489 1170 Οὐκοῦν
1502 1143 1547 1170 τοῦ
1561 1142 1626 1170 Υίοῦ
1642 1143 1691 1170 καὶ
1705 1142 1763 1170 κατ’
1782 1140 1886 1170 ἐκείνους

1111 1189 1326 1225 ὁμολογουμένου
1346 1189 1384 1225 μὴ
1400 1187 1470 1216 εἶναι
1481 1189 1638 1224 κτίσματος,
1655 1189 1707 1216 οὐκ
1723 1187 1757 1215 ἂν
1781 1186 1821 1222 είη
1834 1184 1886 1212 οὐδὲ

1111 1237 1128 1272 ὴ
1147 1235 1242 1262 τούτου
1254 1235 1335 1263 εἰκὼν
1347 1236 1459 1271 κτίσμα.
1480 1235 1574 1263 ὀποία
1594 1235 1649 1271 γὰρ
1666 1235 1700 1262 ἂν
1724 1233 1765 1269 εἴη
1778 1234 1794 1268 ἡ
1806 1230 1885 1263 εἰκὼν,

1110 1282 1231 1309 τοιοῦτον
1249 1283 1355 1318 ἀνάγκη
1383 1282 1496 1314 καὶτὸν,
1520 1278 1550 1308 οῦ
1567 1282 1641 1308 ἐστιν
1670 1281 1687 1316 ἡ
1713 1278 1800 1311 εἰκὼν,
1816 1275 1884 1304 εἶναι.

1113 1328 1192 1355 Ὅθεν
1207 1328 1319 1360 εἰκότως
1332 1328 1378 1355 καὶ
1407 1328 1566 1363 πρεπόντως
1582 1328 1596 1354 ό
1614 1327 1702 1362 Λόγος
1732 1323 1887 1361 ὁμολογεῖται

1113 1374 1150 1410 μὴ
1165 1374 1203 1401 ὣν
1219 1373 1332 1411 κτίσμα,
1356 1374 1438 1402 εἰκὼν
1464 1373 1510 1401 τοῦ
1532 1373 1642 1410 Πατρδς
1665 1373 1802 1409 ὑπάρχων·
1817 1370 1830 1396 ὁ
1842 1369 1887 1405 ἄρα

1110 1422 1166 1452 τοῖς
1181 1420 1312 1456 κτίσμασι
1340 1419 1515 1457 συναριθμῶν
1541 1420 1571 1447 τὸ
1595 1418 1709 1455 Πνεῦμα
1722 1418 1777 1454 (16)
1795 1416 1888 1445 πάντως

1111 1474 1162 1494 που
1176 1467 1222 1493 καὶ
1237 1466 1283 1494 τδν
1294 1467 1358 1494 Υίὸν
1371 1467 1400 1495 ὲν
1415 1466 1520 1498 τούτοις
1534 1465 1742 1502 συναριθμήσει,
1753 1460 1889 1498 δυσφημιῖιν

1111 1513 1144 1539 ἓν
1155 1512 1243 1548 τούτῳ
1256 1513 1304 1540 καὶ
1316 1513 1362 1540 τὸν
1376 1513 1487 1549 Πατέρα
1502 1512 1608 1548 suum
1617 1513 1659 1544 είς
1675 1511 1726 1548 τὴν
1738 1506 1890 1538 εἰκόνας-ού-

1110 1566 1157 1585 του
1172 1558 1228 1594 (17)
1243 1557 1408 1594 δυσφημίαν.

1146 1603 1192 1630 25.
1211 1603 1293 1630 Ἀλλο
1306 1603 1359 1640 ἄρα
1374 1604 1429 1631 τῶν
1440 1603 1596 1639 κτισμάτων
1608 1603 1668 1630 ἐστὶ
1681 1603 1714 1630 τὸ
1726 1601 1842 1636 Πνεῦμα,
1850 1598 1890 1625 καὶ

1112 1650 1246 1678 δέδεικται
1258 1650 1357 1686 μᾶλλον
1374 1650 1439 1677 [διον
1450 1648 1519 1677 εἷναι
1536 1649 1583 1677 τοῦ
1613 1650 1692 1683 Υἱοῦ,
1721 1649 1769 1676 καὶ
1781 1647 1810 1674 οὐ
1826 1645 1890 1680 ξένον

1113 1696 1160 1723 τοῦ
1173 1695 1250 1723 Θεοῦ.
1268 1697 1324 1723 Καὶ
1352 1696 1407 1733 γὰρ
1421 1697 1531 1724 κάκεῖνο
1558 1696 1589 1723 τὸ
1614 1695 1699 1731 σοφδν
1728 1693 1817 1722 αὐτῶν
1830 1690 1890 1728 ὲρὼο

1110 1750 1196 1777 τημα·
1213 1742 1245 1768 Et
1261 1743 1294 1769 ὲκ
1321 1741 1368 1769 τοῦ
1389 1742 1456 1768 Θεοῦ
1472 1743 1531 1769 ἐστι
1562 1742 1593 1768 τὺ
1611 1741 1737 1777 Πνεῦμα,
1765 1739 1808 1766 διὰ
1819 1737 1843 1764 τί
1859 1735 1891 1772 μὴ

1111 1788 1281 1822 λέγεταικαὶ
1301 1787 1368 1814 αὐτὸ
1394 1787 1458 1820 Υίός
1474 1787 1548 1823 (18);
1577 1787 1718 1814 Δέδεικται
1734 1786 1783 1822 μὲν
1804 1785 1831 1812 ὲν
1843 1783 1892 1813 τοῖς

1112 1835 1267 1870 ἔμπροσθεν
1283 1835 1333 1870 ἤδη
1347 1835 1482 1870 προπετὲς
1498 1835 1546 1861 καὶ
1563 1834 1714 1870 τολμηρὸν,
1730 1833 1858 1859 δείκνυται
1868 1828 1891 1855 δὲ

1112 1880 1160 1906 κα)⁸
1174 1879 1221 1906 νῦν
1237 1879 1313 1906 οὐδὲν
1329 1877 1419 1916 ἦττον.
1443 1879 1475 1905 El
1491 1879 1546 1915 γὰρ
1569 1879 1617 1905 κα)⁸
1631 1879 1670 1914 μὴ
1685 1877 1750 1909 Υἱὸς
1767 1875 1856 1911 ἐλέχθη
1867 1873 1891 1899 ὲν

1112 1926 1172 1956 ταῖς
1185 1925 1317 1960 Γραφαῖς,
1331 1924 1400 1952 ἀλλὰ
1414 1925 1527 1960 Πνεῦμα
1549 1924 1596 1951 τοῦ
1613 1924 1683 1951 Θεοῦ
1702 1923 1770 1960 (19),
1783 1924 1811 1949 ὲν
1830 1918 1892 1954 αὑτῷ

1110 1970 1151 2006 τῷ
1163 1970 1222 2005 Θεῷ
1237 1971 1285 1997 καὶ
1300 1970 1330 2003 ἐξ
1341 1970 1424 1998 αὐτοῦ
1438 1970 1485 1998 τοῦ
1512 1970 1579 1997 Θεοῦ
1603 1970 1724 2006 εἴρηται,
1742 1970 1780 2001 ὡς
1794 1970 1808 1996 ὁ
1823 1965 1891 1994 Ἀπό-

1114 2016 1206 2048 στολος
1217 2016 1346 2052 ἔγραψεν.
1363 2017 1395 2043 Et
1409 2016 1438 2043 δὲ
1451 2017 1466 2043 ὁ
1478 2016 1551 2048 Υἱὸς,
1578 2017 1673 2052 ἐπειδὴ
1692 2018 1726 2043 ὲκ
1740 2015 1788 2042 τοῦ
1801 2011 1892 2047 Πατρός

1115 2061 1200 2095 ἐστιν,
1217 2062 1281 2094 ἴδιος
1294 2062 1343 2098 τῆς
1357 2061 1450 2094 οὐσίας
1463 2061 1546 2089 αὑτοῦ
1562 2063 1636 2089 ἐστιν
1655 2061 1725 2098 (‘20),
1738 2061 1843 2096 ἀνάγκη
1854 2056 1893 2085 καὶ

310 2148 334 2164 ⁵³
352 2147 424 2175 Psal.
437 2155 495 2181 cui,
510 2147 555 2181 29,
571 2146 616 2175 30.
654 2146 678 2163 “
698 2147 751 2175 Tit.
768 2155 810 2182 Ill,
828 2148 855 2176 5.
893 2147 917 2164 "
937 2147 1092 2184 Romam,
1110 2151 1155 2179 29.

311 2228 367 2268 (l0)
388 2228 427 2255 Ita
447 2227 699 2268 Regius-primus,
719 2228 792 2268 ‘Seg.
819 2230 902 2268 Basil1
927 2231 1006 2268 (iobl.
1033 2236 1060 2259 et

1116 2232 1200 2260 Paulo
1223 2237 1286 2268 post
1311 2233 1357 2260 καί
1374 2237 1436 2261 ante
1460 2235 1520 2260 κατ’
1537 2233 1658 2267 ἐκείνους
1677 2219 1781 2266 habent
1806 2232 1896 2268 Regius

275 2263 400 2306 Fuit-kin:
413 2263 528 2306 primus.
548 2263 594 2291 Sic
608 2269 699 2306 autem
711 2263 878 2306 Anglicanus
895 2265 976 2306 habet
992 2267 1060 2306 :_x:tt

276 2302 304 2328 ἓν
316 2297 470 2335 ἀνθρώὲτοις
488 2299 603 2332 γίνεται⁷
620 2299 667 2325 καὶ
686 2299 714 2335 ev
729 2297 770 2331 οἷς
783 2300 898 2334 γίνεται,
912 2297 985 2328 οὗτοι
1001 2302 1061 2328 θεο-

275 2333 424 2373 ποιοῦνται.
440 2333 535 2373 Caneri
544 2339 576 2373 et
590 2334 673 2373 editio
683 2333 831 2373 βοιιιιιιιξί.⁷
850 2337 898 2362 καὶ
913 2337 942 2363 ὲν
955 2336 1062 2373 ἀνθροῦ⁴

274 2379 336 2402 ποις
351 2370 467 2405 γίνεται,
480 2370 527 2396 καὶ
542 2369 574 2396 δι’
587 2369 669 2405 αρτοῦ
681 2369 876 2398 θεοποιοῦνται.

312 2407 368 2442 (11)
389 2405 525 2442 Aé__deest
548 2405 576 2442 in
602 2404 718 2442 [logie]
733 2405 919 2442 Felckman.2
944 2411 970 2434 et
994 2407 1060 2434 edit.

273 2439 408 2478 coluntel.
428 2439 488 2478 Moti
505 2439 627 2478 Goliltct
638 2439 756 2467 Felckln.
772 2441 887 2476 primus,
901 2443 931 2469 ὲν
942 2442 981 2478 τῷ
994 2442 1062 2478 ψαλ-

277 2476 319 2511 μῷ
336 2476 442 2511 ᾅδεται·
461 2475 621 2507 Ἀνατελεῖς,
639 2480 691 2503 etc.
967 2475 973 2478 ⁷
1001 2475 1007 2478 ⁷
1026 2477 1031 2484 “

311 2510 367 2547 (12)
387 2510 494 2547 Regius
505 2511 626 2547 primus,
637 2511 719 2547 Segl
728 2510 842 2546 ἔγραφε.
854 2511 933 2539 Gobl.
948 2516 975 2539 et
986 2512 1061 2540 Felc.

274 2545 390 2580 primus,
407 2547 455 2573 καὶ
471 2545 577 2582 Παῦλος
595 2545 682 2582 Τίτῳξ
694 2546 756 2573 Mox
775 2547 836 2582 Seg.
855 2546 932 2574 Gobl.
946 2552 972 2574 et
988 2547 1060 2575 Felc.

278 2583 391 2615 primus,
409 2581 614 2613 ἀνακαινίσεως.
629 2581 714 2608 Paulo
736 2581 960 2616 ροεῃπλουσίως
986 2583 1064 2610 abest

277 2617 418 2644 a‘Goblcr.
435 2621 462 2644 et
479 2616 597 2643 Felckm.
617 2617 715 2651 primo.

313 2652 369 2687 (15)
390 2651 490 2687 Regius
503 2650 624 2687 primus,
636 2650 710 2686 ch.,
723 2651 794 2687 ᾲγίῳ
809 2653 948 2680 omittunt.

312 2687 376 2723 (14L
389 2686 441 2714 Sic
462 2686 563 2722 Regius
575 2687 700 2723 primus,
718 2686 785 2723 Sng
798 2687 850 2723 Alii
862 2693 888 2715 et
901 2688 967 2715 editi
979 2689 996 2723 ἡ
1009 2688 1062 2715 tol-

277 2721 463 2784 ΙιὲιιιΫξέειςιυε
483 2721 628 2756 secundus,
644 2722 661 2757 ἡ
676 2721 786 2758 τοιαύτη
806 2722 946 2759 δυσφημῐα
961 2721 1007 2750 καὶ
1024 2724 1064 2755 εἰς

277 2765 292 2780 ’π
308 2766 322 2784 ν
366 2767 373 2784 ι
390 2766 414 2783 ν.

277 2765 322 2784 ’πον
344 2765 355 2783 l
366 2765 414 2784 ιον.

313 2793 368 2828 (15)
390 2793 436 2820 Sic
460 2791 561 2828 Regius
587 2792 702 2828 primus,
721 2792 783 2828 Seg.
800 2792 885 2828 Basil.
908 2792 1018 2820 Gobler.
1035 2798 1063 2821 et

278 2827 396 2856 Felckm.
412 2828 525 2862 primus.
542 2827 638 2855 Caneri
654 2834 680 2855 et
700 2827 782 2856 editio
797 2827 960 2856 Commeiin.
979 2829 1060 2864 ἔγνω.

1114 2267 1320 2304 primus,Seg.,
1342 2269 1474 2296 omittunt
1486 2276 1551 2296 vero
1567 2269 1612 2296 alii
1628 2275 1656 2297 et
1669 2270 1748 2298 editi.

1150 2302 1206 2341 (16)
1234 2303 1262 2329 Ὀ
1281 2301 1342 2341 post.
1358 2303 1505 2341 κτίσμασιν
1524 2304 1626 2332 habent
1644 2304 1750 2341 Regius
1765 2304 1793 2338 2,
1812 2301 1895 2332 Felclt.

1114 2338 1219 2373 primus
1233 2343 1260 2365 et
1277 2339 1360 2366 editio
1375 2338 1508 2366 Commel.

1151 2372 1206 2408 (17)
1227 2373 1328 2409 Regius
1341 2374 1457 2409 primus,
1477 2374 1539 2409 Seg.
1553 2374 1648 2408 Basil.,
1665 2375 1774 2402 τούτου.
1790 2374 1840 2401 Alii
1856 2379 1897 2409 ve;

1115 2416 1147 2445 [ο
1157 2407 1187 2445 et
1201 2407 1386 2445 ed11_l_;al;ttt)5.
1411 2409 1473 2436 Mox
1493 2407 1594 2445 Regius
1606 2410 1726 2445 primus,
1744 2410 1805 2445 Seg.
1822 2407 1897 2445 Basil-

1115 2417 1147 2436 ro
1160 2417 1187 2435 et
1201 2417 1276 2439 euiu.
1291 2417 1386 2436 αυτου.
1411 2417 1473 2436 mox
1493 2417 1726 2471 iteﬂisgmmus,
1744 2417 1805 2445 δοες.
1822 2417 1897 2436 nas".

1115 2442 1193 2481 ρσδι.
1204 2448 1238 2481 ‘ct
1251 2443 1373 2481 Felcltm,
1385 2444 1539 2481 prim_us,‘fA
1563 2453 1584 2481 io
1619 2453 1652 2481 ροι
1668 2446 1726 2472 τῶν
1737 2444 1897 2480 κτισμάτων.

1115 2477 1211 2516 Caneri
1226 2483 1257 2516 e_t
1268 2476 1419 2516 editi,fAiaa
1434 2476 1480 2516 οὖν
1494 2476 1524 2506 οὐ
1539 2480 1594 2516 τῶν
1610 2476 1782 2516 κτισμάτων.

1132 2513 1209 2574 ό(18)
1230 2513 1275 2542 Sic
1290 2513 1391 2550 Regius"
1407 2515 1523 2549 primus,
1540 2514 1652 2551 Seguer.
1663 2513 1720 2543 A'lii
1733 2513 1898 2548 etediti,aib-

1149 2557 1171 2574 ς.

1115 2557 1171 2580 τος.

1115 2583 1209 2646 degit!)
1229 2583 1275 2612 Sic
1288 2583 1389 2620 Regius
1399 2585 1516 2620 primus,
1530 2585 1593 2621 Seg.
1609 2585 1638 2612 ln
1650 2586 1715 2613 aliis
1729 2589 1756 2614 et
1769 2584 1847 2613 editis
1856 2581 1898 2609 τοῦ

1134 2624 1204 2646 eest.

1152 2653 1208 2689 (20)
1230 2653 1275 2691 S_ic
1288 2654 1394 2691 Regius
1404 2655 1520 2689 primus,
1538 2655 1600 2691 Seg.
1619 2655 1702 2684 Gobl.
1719 2654 1838 2691 Felcltm.
1848 2652 1899 2691 pri-

1152 2660 1208 2689 (‘20)
1230 2660 1275 2682 Sic
1288 2660 1390 2696 Regius
1404 2663 1520 2696 primus,
1538 2660 1600 2691 Seg.
1619 2660 1702 2696 uobl.
1719 2660 1838 2695 Fe_lcltm.
1848 2660 1899 2714 Ert-

1116 2696 1177 2729 mus
1194 2694 1221 2729 et
1235 2689 1318 2729 Ba5il.
1336 2691 1371 2729 At
1382 2690 1762 2729 Anglicattig,_éx_edu_peou
1789 2690 1855 2729 καὶῆ
1871 2696 1900 2726 at;

1115 2724 1180 2762 796;
1193 2724 1277 2762 ἐστιν.
1297 2723 1514 2762 ΟιιοὺοιιξὉᾼδὲ
1528 2726 1602 2762 Υἱὸς
1615 2725 1711 2762 ἐπειδὴ
1727 2727 1760 2753 ἐκ
1772 2724 1820 2762 τοῦ
1837 2723 1898 2762 96ορ

1117 2758 1201 2820 ἔστιν.
1214 2760 1357 2798 Caeteritet
1374 2761 1456 2789 editio
1471 2758 1750 2794 Commeliuiana,'éx
1774 2759 1820 2787 τοῦ
1836 2758 1898 2785 Θεοῦ

1134 2803 1201 2820 στιν.

1134 2803 1201 2822 στιν.
