1974 3037
139 144 194 173 593

697 141 866 170 EPISTOLA
886 141 896 169 l
914 142 960 170 AD
979 142 1205 172 SERAPIONEM.

1703 142 1756 170 τοι

139 202 236 238 τούτῳ,
251 202 297 230 καὶ
323 202 384 229 ἔνθα
409 200 629 231 ἀποστέλλονται,
643 201 701 227 ἐκεῖ
721 201 857 237 πάρεισιν·
875 203 916 228 οὐ)

977 203 1075 230 adsunt
1086 211 1141 238 quo
1154 205 1298 232 mittuntur
1311 212 1318 231 :
1330 203 1441 232 dubium
1453 201 1546 236 utique
1556 208 1610 229 non
1623 205 1676 233 est,
1688 205 1754 236 quin

137 248 287 284 ἀμφίϐολον
297 246 353 277 οὖν.
368 249 409 274 ὅτι
421 247 483 274 οὔτε
501 246 556 273 τῶν
572 246 703 282 γενητῶν,
724 247 786 274 οὔτε
799 247 866 279 ὃλως
877 247 926 282 ἄγ-

136 294 215 329 γελός
228 295 310 325 ἐστιν,
325 293 362 324 ὡς
376 293 454 329 ὑμεῖς
484 293 587 327 λέγετε,
604 292 634 319 τὺ
651 292 772 328 Πνεῦμα,
794 293 851 320 ἀλλ’
869 293 925 320 ἄνω

133 339 185 375 τῆς
199 339 252 366 τῶν
266 339 388 374 ἀγγέλων
401 338 506 374 φύσεώς
525 340 608 365 ἐστιν.

169 395 215 422 27.
227 395 310 422 Πάλιν
325 395 378 431 γὰρ
390 395 435 421 καὶ
448 395 479 421 ὲκ
492 394 593 421 τούτων
605 395 639 422 ἄν
653 403 696 427 τις
710 395 760 422 ῐδοι
772 395 803 422 τδ
813 394 924 430 Πνεῦμα

133 441 163 468 τὺ
177 439 264 474 ἅγιον,
281 440 318 472 ὡς
339 439 468 475 μεθεκτόν
483 441 540 466 ἐστι
557 440 603 466 καὶ
615 440 645 466 οὑ
662 440 774 476 μετέχον
789 440 838 476 (τὰ
854 439 924 467 αὐτὰ

131 486 186 522 γὰρ
194 486 282 520 λέγειν
291 485 340 512 οὐκ
346 485 495 521 ὀκνητέον).
508 495 517 512 ι
529 486 670 513 Ἀδύνατον
682 486 746 522 γὰρ,
759 497 768 512 ι
779 487 845 522 φησὶ
855 486 921 522 (55),

133 541 144 557 ι
153 533 216 564 τοὺς
229 531 302 564 ἅπαξ
317 531 509 566 φωτισθέντας,
520 532 703 567 γευσαμένους
714 541 744 559 τε
755 532 805 567 τῆς
818 532 922 567 δωρεᾶς

133 578 184 612 τῆς
197 577 370 613 ἐπουρανίου,
385 577 432 604 καὶ
446 578 575 613 μετόχους
586 577 744 613 Πνεύματος
759 578 836 612 ἁγίου
846 586 922 612 γενο-

132 623 230 658 μένους
238 623 304 658 (56),
315 623 363 649 καὶ
369 622 447 650 καλὸν
456 623 638 658 γευσαμένους
645 623 712 650 Θεοῦ
720 624 804 659 ῥῆμα,
815 633 824 649 ι
833 623 922 651 καὶτὰ

130 668 204 704 ἑξῆς.
220 669 251 694 Ol
262 668 290 694 δὲ
300 668 420 702 ἄγγελοι,
434 668 482 695 καὶ
490 668 525 695 τὰ
538 668 605 695 ἄλλα
628 668 763 703 κτίσματα
774 667 921 703 μετέχοντά

130 715 204 741 εστιν
220 713 302 740 αὑτοῦ
318 713 365 740 τοῦ
381 713 546 751 Πνεύματος·
559 713 602 740 διὰ
611 713 689 740 τοῦτο
704 713 758 749 γὰρ
771 713 857 740 ταῦτα
871 713 920 748 μὲν

129 760 177 787 καὶ
192 758 334 786 ἐκπίπτειν
347 754 377 784 οὗ
390 758 520 794 μετέσχον
532 758 643 785 δύναται
652 759 715 794 (57)·
725 758 756 785 τὸ
765 758 793 785 δὲ
807 757 919 793 Πνεῦμα

129 806 173 833 ἀεὶ
186 806 217 832 τὸ
233 807 298 833 αὑτό
310 807 395 833 ἐστιν·
409 806 440 833 οὐ
453 805 507 842 γὰρ
517 805 572 841 (58)
586 805 640 832 τῶν
655 805 821 841 μετεχόντων
834 805 917 838 ἐστὶν,

128 852 188 878 ἀλλ’
203 853 284 879 αὐτοῦ
298 853 333 879 τὰ
348 853 438 879 πάντα
455 852 575 887 μετέχει.
587 852 619 878 Et
636 851 664 878 δὲ
673 851 752 878 τοῦτο
769 852 817 886 μὲν
832 851 917 878 ἀεὶτὸ
933 877 953 904 Β

128 898 195 924 αὑτό
205 899 263 925 ἐστι
279 899 324 925 καὶ
339 898 479 934 μεθεκτὺν,
503 899 537 925 τὰ
553 898 581 925 δὲ
609 899 746 934 κτίσματα
768 898 916 934 μετέχοντά

128 944 202 971 ἐστιν
218 944 308 972 αὑτοῦ·
322 945 372 971 οὐκ
387 944 420 971 ἂν
444 944 486 980 εἴη
510 945 540 971 τὸ
568 944 679 980 Πνεῦμα
707 945 737 971 τὸ
759 944 835 978 ἆγιον
854 944 915 971 οὗτε

128 990 254 1024 ἄγγελος,
268 989 330 1016 οὔτε
346 990 414 1022 ὅλως
443 991 554 1025 κτίσμα,
583 990 640 1017 ἀλλ’
661 990 724 1017 ἴδιον
743 991 789 1017 τοῦ
816 990 914 1024 Λόγου,

127 1034 194 1070 ¹ιιαρ⁹
208 1031 238 1061 οὗ
255 1034 390 1070 διδόμενον
420 1035 562 1070 μετέχεται
589 1035 664 1071 παρὰ
678 1035 730 1062 τῶν
750 1036 914 1069 κτισμάτωψ

128 1079 191 1105 ἐπεὶ
206 1079 265 1114 ὥρα
289 1078 378 1113 λέγειν
405 1079 502 1111 αὐτοὺς
528 1079 575 1105 καὶ
603 1079 649 1106 τὸν
667 1079 730 1106 Υἱδν
757 1079 870 1114 κτίσμα,
884 1075 915 1105 οὗ

129 1125 230 1156 πάντες
243 1126 272 1151 ὲν
285 1125 323 1160 τῷ
337 1125 474 1160 Πνεύματι
494 1124 601 1159 μέτοχοι
617 1124 778 1159 γεγόναμεν.
796 1124 850 1150 Καὶ
865 1124 917 1150 πά-

128 1170 170 1197 λιν
187 1171 216 1197 ἓν
241 1172 299 1198 ἐστι
324 1171 354 1197 τὸ
377 1170 489 1205 Πνεῦμα
505 1170 534 1196 τὸ
549 1170 636 1204 ἅγιον·
663 1169 698 1195 τὰ
723 1169 752 1196 δὲ
779 1169 916 1204 κτίσματα

128 1215 223 1242 πολλὰ.
240 1215 365 1249 Ἀγγελοι
380 1215 429 1250 μὲν
446 1215 500 1250 γὰρ
523 1214 606 1249 χίλιαι
628 1214 744 1249 χιλιάδες
759 1214 805 1240 καὶ
821 1213 915 1248 μύριαι

133 1261 271 1297 μυριάδες·
287 1261 428 1296 φωστῆρες
440 1260 468 1287 δὲ
484 1260 587 1293 πολλοὶ,
608 1260 654 1287 καὶ
683 1260 771 1296 θρόνοι
786 1259 852 1294 (59).
871 1259 916 1286 καὶ

130 1305 299 1340 κυριότητες,
315 1305 363 1332 καὶ
375 1305 492 1340 οὐρανοὶ,
506 1305 551 1331 καὶ
567 1304 708 1340 χερουῦὶμ,
726 1304 773 1331 καὶ
784 1304 914 1340 σεραφὶμ,

129 1352 177 1378 καὶ
204 1351 371 1387 ἀρχάγγελοι
401 1350 508 1377 πολλοί·
536 1351 583 1377 καὶ
610 1350 703 1382 ἁπλῶς
728 1350 777 1377 οὐκ
802 1349 858 1376 ἔστι
881 1349 916 1377 τὰ

130 1397 269 1431 κτίσματα
283 1395 322 1428 ἓν,
343 1395 410 1423 ἀλλὰ
435 1396 523 1422 πάντα
537 1395 622 1422 πολλὰ
636 1396 683 1423 καὶ
703 1395 828 1432 διάφορα,
845 1395 876 1422 El
887 1395 915 1422 δὲ

128 1441 159 1468 τὺ
177 1442 225 1476 μὲν
251 1441 363 1476 Πνεῦμα
388 1441 418 1467 τὸ
441 1440 519 1476 ἅγιον
543 1441 572 1467 ἒν
590 1442 658 1474 ἐστι,
682 1441 716 1468 τὰ
730 1441 758 1468 δὲ
780 1440 915 1476 κτίσματα

128 1485 226 1518 πολλὰ,
243 1485 290 1512 καὶ
306 1485 414 1520 ἄγγελοι
427 1484 526 1511 πολλοὶ·
547 1485 610 1512 ποία
635 1485 762 1521 ὁμοιότης
777 1485 817 1520 τῷ
831 1485 916 1512 Πνεύ-

130 1539 196 1566 ματι
210 1531 279 1566 πρὸς
291 1530 325 1558 τὰ
335 1531 449 1566 γενητά;
467 1531 522 1557 Καὶ
547 1530 596 1557 οὐκ
615 1530 721 1566 ἄδηλον,
733 1531 775 1558 ὅτι
792 1531 842 1557 οὐκ
857 1530 915 1557 ἐστι
929 1547 952 1578 α

129 1577 184 1603 τῶν
200 1576 302 1603 πολλῶν
313 1577 343 1603 τὺ
360 1576 482 1612 Πνεῦμα,
511 1576 568 1603 ἀλλ’
581 1577 641 1604 οὐδὲ
665 1576 790 1612 ἅγγελος,
813 1576 872 1604 ἀλλ’
887 1576 915 1603 ἓν

128 1620 159 1647 δν
175 1620 243 1656 (40),
262 1621 360 1656 μᾶλλον
384 1621 412 1648 δὲ
439 1621 486 1648 τοῦ
503 1621 588 1656 Λόγου
613 1621 672 1653 ἐνὸς
685 1621 760 1653 ἐντος
783 1621 856 1654 ἴδιον,
869 1622 915 1649 καὶ

128 1666 176 1693 τοῦ
189 1664 255 1694 Θεοῦ
269 1667 327 1699 ὲνὸς
339 1667 414 1699 όντος
435 1667 499 1694 ῐδιον
514 1668 560 1694 καὶ
585 1667 726 1703 ὁμοούσιόν
739 1668 807 1694 ἐστι.
822 1667 914 1694 Ταῦτα

131 1713 180 1748 μὲν
195 1710 240 1739 οὖν
252 1713 299 1739 καὶ
312 1713 378 1748 μόνα
392 1712 542 1740 καθ’ὲαυτὰ
556 1713 689 1749 λεγόμενα
700 1714 764 1749 περὶ
778 1713 825 1740 τοῦ
834 1713 913 1748 ἁγίου

130 1757 287 1792 Πνεὺματος
311 1758 443 1786 δείκνυσιν
468 1759 532 1786 αὑτδ
546 1759 627 1796 μηδὲν
656 1759 743 1786 κοινὸν
766 1759 833 1795 μηδὲ
847 1759 910 1787 ῐδιον

130 1801 201 1837 ἔχειν
217 1811 242 1828 τι
253 1804 286 1838 τῇ
303 1803 382 1837 φύσει
399 1805 445 1830 καὶ
470 1805 503 1839 τῇ
519 1804 596 1839 οὐσίᾳ
616 1804 684 1839 πρὸς
707 1803 743 1830 τὰ
764 1804 913 1840 κτίσματα,

130 1847 188 1874 ἀλλ’
200 1848 264 1875 ἄλλο
278 1849 326 1883 μὲν
345 1847 413 1876 εἶναι
426 1849 479 1876 τῶν
492 1849 624 1885 γενητῶν,
641 1850 704 1877 ῐδιον
725 1849 754 1877 δὲ
768 1851 815 1876 καὶ
826 1851 856 1876 οὐ
870 1850 913 1882 ξέ-

131 1901 175 1919 νον
191 1894 240 1928 τῆς
250 1894 296 1920 τοῦ
310 1893 373 1921 Υἱοῦ
387 1895 479 1927 οὐσίας
494 1896 540 1922 καὶ
557 1895 692 1931 θεότητος,
719 1896 751 1923 δι’
763 1897 796 1932 ἢν
809 1897 915 1931 καὶτῆς

131 1940 212 1974 ἁγίας
227 1941 339 1976 Τριάδος
351 1941 392 1975 ὃν,
404 1943 576 1978 καταισχύνει
592 1942 640 1978 τὴν
662 1943 773 1970 ἐκείνων
787 1943 915 1979 ἀναισθη-

133 1986 202 2014 σίαν.
427 1998 431 2005 ’

977 247 1095 283 Spiritus
1110 257 1160 276 nec
1178 257 1222 276 res
1237 248 1308 276 facta
1322 256 1371 276 nec
1388 247 1499 283 angelus
1521 247 1567 280 sit,
1583 246 1620 273 uti
1642 249 1754 273 conten-

975 294 1039 321 dere
1047 294 1151 322 audetis
1162 314 1169 327 ,
1184 295 1231 322 sed
1246 295 1403 330 angelorum
1427 297 1523 320 natura
1546 291 1670 326 superior
1681 295 1755 318 certe

973 341 1125 368 censendus
1138 345 1189 368 est.

1008 386 1054 414 27.
1068 386 1212 414 Enimvero
1226 394 1321 414 rursus
1335 393 1367 414 ex
1382 386 1425 413 his
1439 392 1499 420 qua:
1509 383 1668 418 subjicimus
1680 382 1753 410 Scri-

973 434 1060 466 ptum
1075 431 1165 459 verbis
1179 431 1290 459 evidens
1303 431 1385 458 fuerit
1400 430 1529 465 Spiritum
1545 433 1667 456 sanctum
1684 428 1754 456 alios

973 477 1016 505 sui
1031 477 1176 512 participes
1200 476 1298 509 facere,
1315 485 1368 505 non
1389 484 1452 504 vero
1466 475 1624 511 participem
1637 474 1753 503 aliorum

972 523 1030 550 ﬁeri
1041 522 1113 558 (nam
1126 523 1220 550 eadem
1232 528 1351 558 repetere
1365 530 1399 550 ne
1413 522 1449 550 sit
1464 520 1751 555 molestum).Nempe,

974 577 983 593 ι
997 566 1162 602 [inpossibile
1171 572 1212 594 est
1228 567 1299 595 enim
1307 575 1356 595 eos
1366 568 1412 602 qui
1428 566 1510 594 semel
1519 571 1582 594 sunt
1596 565 1751 598 illuminati,

971 617 1152 648 gustaverunt
1166 614 1246 641 etiam
1262 613 1362 640 donum
1371 613 1480 641 caleste
1495 617 1522 640 et
1534 611 1676 647 participes
1687 610 1751 638 facti

970 663 1034 687 sunt
1051 658 1168 694 Spiritus
1178 659 1274 690 sancti.
1283 663 1515 695 gustaveruutque
1523 658 1624 685 bonum
1635 657 1681 684 Dei
1691 665 1751 684 ver-

969 706 1033 734 bum
1043 706 1076 739 ⁸³,
1083 705 1362 740 ietcaeteraAtangeli
1371 709 1398 732 et
1404 709 1506 732 caetera:
1512 711 1555 732 res
1561 708 1658 731 creatas
1666 703 1752 738 ipsius

971 751 1088 786 Spiritus
1099 752 1165 780 ﬁunt
1176 752 1331 787 participes.
1341 751 1403 779 Hec
1410 751 1482 779 enim
1499 751 1557 786 ipsa
1567 755 1608 777 est
1623 749 1692 777 ratio
1702 757 1751 777 cur

968 798 1001 824 ah
1012 805 1045 825 eo
1061 798 1139 832 cujus
1155 801 1219 825 sunt
1237 797 1382 832 participes
1396 796 1503 832 possint
1516 795 1650 823 excidere.
1666 794 1750 829 Spiris

968 846 1012 870 tus
1027 850 1091 869 vero
1100 842 1170 869 idem
1180 842 1301 877 proiecto
1309 850 1416 878 semper
1425 847 1476 875 est,
1486 841 1585 876 quippe
1592 840 1638 875 qui
1655 847 1709 866 nou
1716 847 1749 867 rx

968 888 1021 915 illis
1034 888 1116 915 rebus
1133 888 1169 915 sit
1182 895 1243 922 quae
1264 887 1409 923 participes
1421 887 1580 919 redduntur,
1596 886 1642 914 sed
1659 887 1714 921 poti
1728 893 1750 912 ll

967 933 1046 969 cujus
1061 941 1104 961 res
1119 941 1214 961 omnes
1225 933 1291 960 ﬁant
1306 933 1459 968 participes.
1476 932 1535 960 lam
1549 939 1613 960 vero
1625 932 1647 959 si
1662 931 1748 966 Spiri-

967 983 1010 1006 tus
1025 979 1094 1006 idem
1107 987 1214 1015 semper
1229 983 1282 1013 est,
1295 979 1416 1014 aliosque
1435 978 1476 1006 sui
1493 978 1637 1013 participes
1660 977 1726 1005 iacit
1740 986 1748 1004 :

966 1025 989 1053 si
1001 1029 1095 1053 contra
1110 1033 1154 1053 res
1169 1029 1266 1053 creatze
1280 1024 1340 1060 ejus
1359 1025 1427 1052 [lunt
1439 1024 1594 1059 participes,
1609 1031 1674 1051 sane
1687 1023 1749 1058 Spi-

965 1070 1034 1097 ritus
1051 1075 1170 1103 sanctus,
1186 1077 1275 1105 neque
1289 1070 1411 1106 angelus,
1426 1077 1513 1104 neque
1524 1069 1577 1096 alia
1591 1076 1633 1096 res
1645 1073 1749 1102 ereata,

966 1116 1011 1143 sed
1028 1116 1154 1150 proprius
1168 1115 1249 1143 Verbi
1266 1123 1325 1143 esse
1343 1114 1541 1143 existimandus
1554 1119 1605 1148 est,
1619 1114 1698 1148 cujus
1713 1114 1749 1141 ab

966 1161 1025 1196 ipso
1038 1161 1125 1189 Verbo
1142 1161 1197 1189 dati
1210 1169 1254 1189 res
1268 1166 1365 1189 creata;
1381 1161 1449 1188 ﬁunt
1463 1161 1617 1196 participes.
1631 1160 1749 1187 Caetera.

965 1207 1030 1242 quin
1045 1206 1143 1235 Filium
1160 1215 1269 1243 quoque
1283 1216 1340 1235 rem
1358 1212 1476 1235 creatam
1489 1207 1578 1235 dicere
1593 1206 1687 1234 iisdem
1702 1214 1749 1234 no-

966 1261 1042 1282 cesse
1057 1258 1139 1288 esset,
1158 1254 1237 1289 cujus
1251 1262 1347 1289 nempe
1367 1261 1461 1282 omnes
1474 1253 1501 1280 in
1517 1253 1619 1288 Spiritu
1635 1252 1749 1288 partici-

965 1307 1013 1335 pes
1029 1300 1091 1328 facti
1108 1308 1213 1328 sumus.
1229 1299 1352 1336 Insuper,
1364 1308 1434 1327 unus
1445 1304 1486 1327 est
1498 1299 1614 1334 Spiritus
1626 1303 1748 1331 sanctus,

966 1346 1058 1373 multa:
1075 1351 1164 1373 autem
1181 1350 1245 1373 sunt
1270 1354 1313 1373 res
1333 1350 1440 1374 creatae.
1453 1344 1520 1372 Nam
1536 1344 1620 1372 millia
1633 1343 1747 1372 millium

965 1396 991 1419 et
1002 1392 1092 1420 decies
1103 1392 1171 1419 (lena
1188 1393 1273 1419 millia
1283 1396 1347 1420 sunt
1356 1392 1513 1427 angelorum
1528 1401 1534 1418 :
1551 1391 1634 1418 multa
1646 1391 1748 1425 pariter

965 1442 1028 1465 sunt
1045 1437 1202 1471 luminaria,
1218 1438 1296 1465 multi
1316 1438 1417 1471 throni,
1433 1438 1523 1465 multae
1535 1437 1746 1467 dominationes.

965 1484 1043 1511 multi
1057 1485 1129 1517 casti,
1140 1484 1216 1512 multi
1234 1485 1384 1516 cherubim,
1400 1484 1534 1519 seraphim
1547 1487 1573 1511 et
1582 1483 1747 1518 archangeli,

966 1537 999 1558 ac
1020 1530 1136 1565 denique
1160 1538 1204 1558 res
1224 1535 1322 1558 creatae
1339 1538 1394 1557 non
1421 1535 1485 1558 sunt
1505 1529 1570 1565 quid
1589 1536 1684 1562 unum,
1700 1529 1748 1556 sed

969 1583 1064 1604 omnes
1076 1577 1169 1604 multa:
1183 1582 1210 1604 et
1225 1577 1339 1604 diversae
1352 1580 1425 1605 sunt.
1441 1576 1518 1610 Quod
1545 1577 1568 1604 sl
1583 1576 1669 1612 igitur
1686 1574 1748 1610 Spi-

967 1621 1037 1649 ritus
1052 1626 1162 1649 sanctus
1176 1630 1246 1649 unus
1261 1626 1313 1655 est,
1332 1622 1355 1649 si
1369 1626 1463 1649 contra
1478 1629 1522 1650 res
1533 1626 1631 1648 creata:
1642 1620 1746 1652 multae,

966 1671 993 1694 et
1012 1667 1090 1694 multi
1115 1672 1179 1695 sunt
1199 1667 1302 1702 angeli;
1322 1675 1446 1702 quaenam
1465 1667 1616 1695 similitudo
1630 1665 1747 1702 Spiritus

965 1721 1026 1742 cum
1048 1714 1129 1743 rebus
1150 1714 1248 1743 factis?
1269 1715 1382 1743 Constat
1404 1714 1519 1750 proinde
1542 1714 1673 1750 Spiritum
1693 1722 1747 1741 non

962 1768 1022 1788 esse
1033 1768 1066 1788 ex
1079 1761 1180 1794 multis.
1190 1769 1276 1798 neque
1289 1762 1369 1789 etiam
1381 1761 1515 1797 angelum,
1525 1761 1572 1789 sed
1582 1768 1664 1788 unum
1676 1767 1747 1792 esse,

965 1806 1007 1833 vel
1029 1807 1120 1841 potius
1135 1806 1215 1834 Verbi
1242 1807 1314 1842 quod
1341 1815 1426 1834 unum
1449 1811 1501 1837 est.
1517 1811 1544 1834 et
1559 1805 1604 1834 Dei
1617 1806 1662 1840 qui
1682 1805 1746 1832 item

966 1861 1037 1880 unus
1053 1858 1094 1881 est
1107 1854 1246 1888 proprium
1271 1858 1298 1881 et
1321 1853 1577 1881 consubstantialem
1595 1859 1667 1880 esse.
1684 1850 1747 1878 Haec

966 1904 1039 1927 certe
1061 1901 1102 1928 vel
1126 1900 1194 1932 sola,
1208 1907 1269 1935 quae
1287 1900 1320 1928 de
1336 1899 1438 1935 Spiritu
1465 1904 1560 1928 sancto
1579 1898 1705 1929 dicimus,
1724 1899 1746 1925 si

967 1945 1079 1972 seorsim
1101 1945 1182 1973 etiam
1205 1946 1429 1977 considerentur,
1445 1945 1534 1980 palam
1556 1944 1659 1972 faciunt
1679 1944 1747 1971 nihil

966 1991 1041 2019 illum
1064 2000 1208 2020 commune
1224 1997 1271 2020 aut
1286 1993 1424 2028 proprium
1441 1997 1536 2019 natura
1552 1995 1579 2018 et
1597 1990 1747 2019 substantia

132 2039 194 2058 cum
210 2031 292 2059 rebus
305 2032 404 2060 creatis
423 2032 522 2060 habere
543 2041 550 2060 :
573 2033 620 2060 sed
636 2041 699 2061 vere
719 2034 801 2062 alium
819 2041 881 2062 eum
894 2041 955 2062 esse
973 2043 988 2062 a
1001 2036 1082 2064 rebus
1099 2037 1186 2069 tactis.
1200 2038 1391 2073 propriumque
1410 2045 1460 2064 nec
1476 2037 1593 2064 alienum
1610 2035 1669 2063 Filii
1684 2037 1747 2063 sul.-

132 2077 239 2104 stantize
259 2081 286 2104 et
306 2077 455 2104 divinitatis
476 2085 547 2111 esse,
569 2083 679 2113 propter
694 2087 775 2114 quam
796 2087 857 2107 cum
879 2080 915 2108 sit
932 2086 1032 2109 sancta:
1046 2081 1197 2114 Trinitatis,
1212 2084 1272 2112 illos
1290 2084 1333 2111 vel
1348 2083 1445 2111 invitos
1458 2082 1559 2118 pudore
1569 2081 1710 2110 sutl'umlit.

166 2123 211 2150 28.
231 2122 345 2158 Ἴδωμεν
359 2122 387 2149 δὲ
400 2123 473 2158 ὅμως
484 2123 531 2150 καὶ
545 2124 613 2159 πρὸς
626 2124 729 2156 τούτοις
744 2124 798 2160 (41)
809 2125 856 2152 καὶ
869 2125 917 2152 αὺ-

1003 2127 1049 2156 28.
1067 2128 1258 2158 Verumtamen
1275 2129 1346 2157 haud
1357 2130 1407 2158 ahs
1430 2136 1459 2156 re
1482 2127 1563 2156 fuerit
1577 2134 1691 2156 veterem
1708 2129 1748 2155 ιη’

131 2171 181 2206 τὴν
193 2170 243 2206 τὴν
256 2170 286 2203 ἐξ
310 2169 398 2206 ἀρχῆς
425 2169 572 2206 παράδοσιν
597 2171 644 2197 καὶ
671 2171 842 2204 διδασκαλίαν
868 2172 916 2198 καὶ

969 2183 1048 2211 super
1060 2175 1242 2209 traditionem,
1256 2175 1460 2210 doctrinamque
1474 2183 1505 2202 ac
1516 2175 1594 2202 ﬁdem
1608 2175 1748 2202 catholica:

132 2215 223 2243 πίστιν
244 2215 293 2250 τῆς
309 2215 453 2250 καθολικῆς
474 2216 644 2252 Ἐκκλησίας,
665 2217 727 2253 ῆνό
742 2218 790 2253 μὲν
812 2218 914 2254 Κύριος

132 2261 240 2293 ἔδωκεν,
255 2262 279 2288 οἱ
303 2261 331 2288 δὲ
357 2261 500 2289 ἀπόστολοι
514 2263 656 2299 ἐκήρυξαν,
681 2264 727 2290 καὶ
747 2265 772 2290 οἱ
798 2264 914 2300 πατέρες

169 2327 194 2344 ⁸³
214 2327 295 2355 Hebr.
314 2336 352 2361 vr,
369 2328 396 2356 4.

133 2388 195 2419 post
210 2383 501 2421 ἀμφίβολονηοιιιίιιιιιιι
516 2393 525 2412 :
540 2384 676 2421 iidemque
700 2392 761 2421 post
785 2387 847 2415 οὔτε
871 2396 916 2415 se-

133 2427 222 2480 gptens
238 2419 342 2447 addunt
357 2419 434 2453 ὅλως,
447 2427 508 2455 qua:
529 2428 581 2448 vox
604 2419 639 2449 ab
659 2419 719 2449 aliis
732 2427 758 2450 et
772 2423 852 2450 editis
867 2423 916 2450 ab-

134 2461 225 2530 “335)
246 2488 291 2530 Sic
303 2488 402 2530 Regius
417 2489 521 2530 primus
534 2489 639 2530 et_S__eg.
654 2490 682 2517 In
698 2491 774 2530 (ξονι.
787 2496 813 2519 et
823 2492 913 2530 Felclt.

133 2524 222 2586 primo
237 2524 312 2551 deest
328 2524 458 2564 particula
480 2525 542 2560 γάρ.
560 2524 658 2553 Alii—ct
680 2527 746 2567 editi
762 2534 813 2567 pro
836 2528 914 2564 φησι,

154 2559 234 2586 ahent
248 2559 314 2586 ὲστί.
332 2559 429 2586 flemus
441 2560 459 2586 2
470 2566 495 2586 et
507 2561 565 2586 ὲστί
578 2565 604 2586 et
617 2561 682 2586 ωτισί
694 2566 802 2586 οιηιιιιι.

154 2561 234 2596 aberit
248 2561 314 2596 gest.
332 2561 429 2594 Regius
441 2561 459 2586 2
470 2566 495 2587 et
507 2561 565 2587 ὲστί
578 2565 604 2587 et
617 2561 682 2596 φησί
694 2561 802 2588 omittit.

171 2594 234 2630 (36),
248 2593 293 2621 Sic
304 2593 413 2630 pomlies
437 2596 613 2630 munuscripti
624 2593 736 2623 codices
750 2601 847 2630 praeter
863 2596 916 2623 Re-

152 2628 208 2655 ium
258 2628 430 2666 et_Fe_lckm:
445 2630 476 2666 2.7
488 2630 533 2665 qui
547 2628 647 2666 habent
667 2628 837 2666 γενηθέντας.
854 2631 914 2659 Mox

135 2664 201 2698 Reg.
219 2664 228 2689 l
248 2670 274 2690 et
287 2664 314 2696 2,
332 2664 392 2700 δρα.
412 2664 531 2692 ΟοὺΙζθι
546 2665 635 2692 Felck.
656 2664 759 2700 primus
775 2667 873 2694 habent
884 2669 915 2694 υἱ

133 2698 163 2725 δὲ
180 2697 300 2726 ἄγγελοι.
315 2700 366 2726 Alii
381 2707 445 2726 vero
458 2705 484 2726 et
498 2700 572 2726 editi.
589 2701 653 2726 εἰδὲ
667 2702 690 2726 ot
706 2701 826 2726 ἄγγελοι.

150 2701 163 2724 ὲ
180 2701 300 2732 ἄγγελοι.
315 2701 366 2726 Alii
381 2707 445 2726 vero
458 2705 484 2726 et
498 2701 572 2731 editi,
589 2701 653 2726 εἰδὲ
667 2702 690 2728 ot
706 2701 826 2735 ἄγγελοι.

171 2733 226 2767 (57)
247 2733 292 2770 Sic
305 2742 398 2762 omnes
414 2735 598 2770 manuscripti,
612 2743 727 2770 quorum
745 2741 833 2764 tamen
850 2741 914 2767 tres,

137 2775 234 2808 nempe
259 2767 358 2808 [legitis
369 2769 477 2808 2,__Srg.
495 2774 526 2808 c_t_
537 2767 660 2808 felt-Isin.
679 2771 696 2808 2
709 2779 870 2808 anonynius,
884 2773 915 2798 οὐ

136 2804 176 2842 sic
195 2804 329 2842 mendose
353 2805 485 2842 scribunt.
507 2804 575 2832 Editi
586 2805 632 2842 sic
643 2806 748 2842 habent
763 2804 848 2833 ταῦτα
866 2807 915 2841 μὲν

137 2837 280 2865 ἐκπίπτειν
296 2839 440 2874 μετέχοντα
453 2839 570 2867 δύναται.
585 2839 684 2876 Regius
696 2848 806 2876 quoque
819 2837 916 2870 secuit-

966 2223 1094 2251 Ecclesite
1112 2223 1290 2258 investigare,
1309 2230 1390 2258 quam
1405 2222 1509 2250 scilicet
1522 2221 1652 2250 Dominus
1663 2221 1748 2249 tradi-

965 2269 1014 2304 dit,
1025 2269 1139 2304 apostoli
1153 2269 1340 2305 prtedicavere,
1352 2272 1380 2297 et
1393 2273 1483 2304 patres
1499 2275 1651 2297 servavere.
1671 2266 1699 2294 Ιιιι
1714 2274 1746 2294 ea

965 2385 1016 2413 dus
1032 2385 1178 2420 μετέχοντα
1192 2384 1281 2411 habet.

1002 2418 1058 2481 (58)
1079 2418 1123 2447 Sic
1138 2419 1239 2460 Begius
1253 2420 1368 2460 primus,
1386 2418 1448 2454 Seg.
1464 2418 1606 2460 ᾼιιιιιίοιιιι.
1621 2418 1706 2460 ϐοΜτ-
1719 2425 1746 2446 et

965 2455 1002 2482 Fe
1015 2455 1085 2482 cltm.
1103 2462 1218 2482 primus.
1236 2462 1297 2482 uuae
1310 2460 1391 2482 etiam
1409 2458 1490 2481 vertit
1503 2453 1636 2482 Nannius.
1656 2455 1707 2482 Alu
1719 2461 1746 2482 et

966 2463 1085 2482 rent-itm.
1103 2463 1218 2489 primus,
1236 2463 1297 2489 quae
1310 2463 1391 2482 etiam
1409 2463 1490 2481 verut
1503 2463 1636 2482 uanmus.
1656 2463 1707 2482 mu
1719 2463 1746 2482 et

965 2490 1049 2533 editio
1065 2489 1196 2518 Commel.
1217 2489 1344 2517 Omittunt
1359 2490 1388 2516 οὺ
1403 2489 1467 2525 γάρ,
1485 2494 1549 2520 etc..
1565 2497 1651 2524 usque
1667 2489 1701 2517 ad
1715 2490 1746 2516 τὸ

965 2526 1206 2592 αυῖἕῶᾝοηίριιι.
1225 2559 1272 2586 καί
1289 2559 1333 2586 hic
1347 2563 1374 2586 et
1388 2559 1415 2586 iu
1429 2562 1554 2593 sequent.
1565 2558 1641 2587 deest
1652 2559 1680 2586 in
1691 2559 1744 2587 Go-

965 2595 1033 2622 hler.
1048 2599 1074 2621 et
1097 2594 1213 2622 Felckm.
1232 2595 1329 2629 primo,
1345 2601 1490 2629 anonymo,
1504 2593 1595 2625 ἁπλῶς
1616 2594 1682 2623 ibid.
1694 2595 1743 2622 ab-

965 2634 1007 2657 est
1022 2638 1036 2656 a
1055 2629 1136 2664 Regio
1152 2629 1169 2656 2
1181 2635 1209 2656 et
1222 2629 1312 2656 Felck.
1326 2630 1354 2661 2.
1369 2636 1514 2664 anonymo.

1002 2665 1068 2725 (40),
1078 2663 1123 2691 Sic
1140 2664 1250 2699 Regius.
1265 2664 1404 2705 Segslias.
1423 2664 1501 2691 Gohl.
1519 2669 1545 2691 et
1558 2663 1676 2706 Felckm.
1692 2665 1744 2699 pri-

1002 2708 1038 2725 ιε.
1062 2700 1130 2725 idem
1146 2708 1207 2725 mox
1221 2704 1248 2725 et
1257 2699 1422 2725 Anultcanus
1436 2699 1534 2725 habent
1549 2705 1578 2725 ut
1592 2700 1635 2725 lnc
1644 2704 1742 2725 exstat.

966 2708 1038 2741 Inus.
1050 2699 1130 2741 Iidem
1145 2708 1207 2741 mox
1221 2704 1249 2741 et
1257 2699 1534 2741 Anglicanusltabent
1549 2705 1578 2741 ut
1592 2700 1635 2741 l_iic
1644 2704 1742 2741 exstat.

965 2735 1017 2761 Alii
1029 2739 1056 2762 et
1067 2733 1131 2761 editi
1144 2735 1174 2761 ὃν
1185 2733 1324 2767 omittunt,
1337 2739 1373 2767 et,
1385 2733 1432 2760 τοῦ
1446 2733 1512 2760 Θεοῦ
1524 2735 1581 2766 ἐνὸς
1593 2735 1669 2766 ὄντος
1679 2735 1744 2762 ἴδιον

967 2770 1056 2842 util)
1072 2804 1134 2842 _l_(a‘._
1146 2805 1212 2842 πρὸς
1227 2804 1330 2842 τούτοις
1345 2805 1442 2833 desunt
1463 2806 1489 2834 in
1512 2805 1595 2842 Regio
1608 2805 1738 2837 secundo,

967 2839 1012 2866 καί
1028 2840 1054 2867 in
1072 2838 1156 2874 Regio
1166 2838 1253 2875 primo
1266 2844 1293 2867 et
1306 2839 1368 2875 Sex.
