1974 3037
256 145 310 174 595

523 147 552 175 S.
583 147 768 176 ATHANASII
787 148 862 176 OPP.
883 149 974 178 PARS
992 149 1013 178 Ι.

1082 146 1270 178 ΗΙΕΤΟΒΙΕΑ
1296 149 1341 177 ΕΤ
1361 149 1570 179 DOGMATICA.

1819 151 1866 180 596

255 206 327 234 enim
341 205 463 235 Ecclesia
484 207 595 236 fundata
613 213 665 241 est,
681 217 696 237 a
714 218 768 245 qua
781 211 803 238 si
817 211 880 246 quis
894 211 1031 244 exciderit,

1087 211 1232 245 ἐφύλαξαν.
1246 211 1290 238 Ἐν
1305 211 1390 247 ταύτῃ
1407 210 1489 247 γὰρή
1509 209 1657 246 Ἐκκλησία
1671 209 1864 247 τεθεμελίωται,

255 253 279 280 is
288 260 338 280 nec
351 261 413 282 esse
426 261 475 282 nec
489 255 606 290 amplius
619 255 673 284 dici
683 255 856 285 Christianus
867 258 921 285 ulla
934 258 1039 286 ratione

253 299 362 335 poterit.
381 300 472 335 Itaque
490 300 611 329 Trinitas
629 307 724 331 sancta
735 307 762 331 et
778 304 896 339 perlecta
913 309 965 338 est,
977 313 1038 340 quoa

253 346 281 373 in
295 345 375 373 Patre
384 350 410 374 et
422 345 493 374 Filio
504 351 531 374 et
542 346 646 382 Spiritu
661 354 757 377 sancto
773 351 939 385 agnoscitur,
957 351 1038 378 nihil-

250 399 305 427 que
323 392 442 420 alienum
453 392 495 422 vel
506 394 676 424 extrinsecus
687 395 834 424 admistum
849 397 938 430 habet,
950 405 1038 433 neque

249 445 284 466 ex
310 442 434 466 creatore
456 444 483 467 et
509 447 539 468 re
563 446 654 469 creata
677 447 793 476 constat,
814 443 862 472 sed
886 448 942 471 tota
956 444 1035 481 54],

249 485 362 513 creandi
377 490 404 514 et
415 485 547 514 eliciendi
561 488 588 514 vi
602 488 714 523 praedita
731 494 792 517 est:
810 490 862 518 sibi
877 498 987 526 quoque
998 492 1036 519 si-

249 531 324 559 milis
336 535 364 560 et
383 531 523 560 individua
545 537 588 561 est
611 539 720 567 natura.
736 543 844 571 unaque
855 537 914 571 ejus
926 542 967 565 est
981 537 1037 565 elli-

249 577 324 605 cacia
339 582 367 605 et
382 578 464 607 actio.
486 577 554 606 Nam
578 579 658 608 Pater
681 588 730 616 per
753 580 871 610 Verbum
889 583 916 610 in
934 582 1036 618 Spiritu

249 628 347 652 sancto
369 624 462 652 omnia
483 624 558 658 facit,
573 633 660 661 eoque
682 627 762 655 modo
778 635 880 656 sancta:
894 628 1036 658 Trinitatis

250 669 339 697 unitas
353 674 488 698 senatur.
502 669 541 698 ita
557 679 627 700 unus
642 672 713 701 Deus
726 673 754 700 in
769 673 889 702 Ecclesia
905 676 1036 710 praedica-

248 720 305 749 tur,
317 716 364 751 qui
379 720 422 745 est
436 726 446 743 ι
463 725 545 752 super
557 718 661 752 omnia,
671 724 699 747 et
714 727 761 755 per
774 721 878 753 omnia,
893 725 920 749 et
934 722 962 749 in
977 729 1036 750 om-

248 761 331 789 nibus
341 761 376 791 ".
391 771 402 788 ι
432 771 442 789 ι
463 763 552 798 Super
565 764 657 792 omnia
673 774 683 791 ι
711 765 821 801 quidem
846 771 876 794 ut
895 766 985 800 Pater,
1005 774 1036 797 ut

249 808 412 844 principium
426 813 452 836 et
468 808 529 837 fons
542 818 548 836 :
567 819 576 836 ι
595 817 642 845 per
658 811 748 839 omnia
760 821 770 838 ›
786 820 862 846 vero,
882 821 977 850 nempe
987 821 1035 850 per

251 852 367 881 Verbum
385 863 392 882 :
414 864 424 880 ι
440 854 467 882 in
490 855 618 884 omnibus
636 866 646 883 ι
661 857 788 893 denique,
804 858 832 886 in
853 858 956 894 Spiritu
969 867 1034 887 san-

248 903 302 927 cto.
321 899 406 928 Porro
427 900 547 929 Trinitas
561 910 616 930 non
635 904 746 932 nomine
761 910 841 934 tenus
857 910 885 934 et
900 907 958 935 sola
976 915 1036 935 ver-

249 946 347 974 borum
363 947 455 982 specie
468 952 511 976 est
524 947 655 981 Trinitas,
673 950 720 978 sed
731 958 795 979 vere
808 956 835 979 et
858 951 947 988 reipsa
961 954 1035 981 exsi-

248 993 296 1021 stit
311 992 439 1022 Trinitas.
455 994 522 1023 Nam
540 995 621 1024 sicuti
636 1005 699 1025 vere
712 1002 755 1025 est
775 998 866 1031 Pater,
877 999 914 1027 ita
930 1005 957 1028 et
971 1008 1035 1029 vere

247 1043 290 1066 est
304 1039 363 1074 ejus
379 1038 497 1068 Verbum
521 1042 593 1076 quod
620 1046 648 1070 et
671 1043 761 1078 ipsum
786 1053 866 1080 super
881 1046 973 1074 omnia
993 1051 1036 1074 est

247 1083 329 1112 Deus.
350 1084 406 1114 Nec
429 1086 492 1114 item
519 1086 636 1122 Spiritus
655 1093 768 1117 sanctus
779 1097 833 1117 non
851 1091 969 1123 exsistit.
986 1092 1034 1120 sed

247 1129 341 1166 utique
362 1139 426 1159 vere
448 1137 491 1160 est
506 1138 534 1161 et
550 1134 668 1162 exsistit.
692 1134 746 1163 Nec
763 1135 806 1164 his
825 1137 916 1165 minus
932 1137 1034 1173 aliquid

247 1176 332 1204 sentit
344 1177 478 1206 catholica
491 1178 622 1212 Ecclesia.
639 1188 674 1208 ne
691 1181 836 1209 hodiernus
850 1182 960 1211 Judaeos
973 1184 1034 1211 Cai-

247 1221 307 1256 phae
321 1222 393 1250 haud
403 1223 542 1252 absimiles
552 1229 578 1252 et
593 1224 741 1253 Sabellium
758 1231 908 1262 sequatur;
925 1235 976 1255 nec
992 1228 1034 1256 his

247 1268 311 1295 item
323 1268 383 1302 plus
394 1268 496 1303 aliquid
507 1264 732 1304 comminiscitur,
746 1279 780 1299 ne
794 1272 820 1299 in
833 1273 1033 1301 multitudinem

246 1313 358 1341 deorum
370 1315 511 1349 gentilium
523 1316 692 1346 devolvatur.
704 1317 757 1345 Sed
766 1322 796 1345 ut
806 1319 876 1347 hanc
882 1326 943 1347 esse
952 1319 1033 1347 ﬁdem

247 1359 377 1388 Ecclesiae
388 1361 549 1397 intelligant,
563 1370 610 1390 eos
620 1362 725 1391 discere
737 1371 826 1399 opera:
846 1365 962 1398 pretium
979 1370 1031 1399 est,

246 1414 366 1442 quonam
387 1407 470 1435 modo
492 1407 624 1436 Dominus
641 1410 753 1437 mittens
767 1411 917 1445 apostolos.
935 1411 1030 1439 iisdem

246 1453 403 1487 praeceperit
418 1456 447 1480 ut
468 1453 541 1481 istud
559 1453 765 1482 fundamentum
782 1455 809 1482 in
828 1455 945 1484 Ecclesia
959 1456 1032 1491 jace-

245 1502 307 1525 rent
320 1507 327 1525 :
346 1507 356 1524 ‹
370 1497 483 1531 Euntes,
497 1499 595 1535 inquit,
607 1500 703 1528 docete
718 1509 814 1529 omnes
829 1505 932 1537 gentes,
946 1502 1032 1537 bapti-

1091 259 1139 285 καὶ
1154 259 1168 285 ό
1179 258 1280 293 ταύτης
1295 257 1436 284 ἐκπίπτων
1451 257 1506 284 οὒτ’
1517 256 1552 284 ἂν
1578 257 1632 292 εῐη,
1654 256 1773 294 ob1’(62)
1784 257 1815 285 ἂν
1830 258 1867 286 ἐτι

1088 304 1192 338 λέγοιτο
1221 303 1391 339 Χριστιανός.
1415 303 1500 339 τριὰς
1525 302 1614 330 τοίνυν
1627 302 1693 338 ἁγία
1717 303 1764 330 καὶ
1784 303 1867 331 τελεία

1088 351 1172 384 ἐστὶν,
1184 351 1213 377 ὲν
1229 350 1316 386 Πατρὶ
1328 351 1374 377 καὶ
1383 349 1440 385 Υίῷ
1453 350 1499 376 καὶ
1507 350 1577 386 ἁγίῳ
1589 349 1725 386 Πνεύματι
1737 349 1867 385 θεολογου-

1089 396 1168 433 μένη,
1181 396 1257 423 οὐδὲν
1272 396 1413 432 ἀλλότριον
1428 396 1445 432 ἢ
1468 395 1569 430 ἐξωθεν
1591 396 1800 432 ἐπιμιγνύμενον
1815 396 1865 432 (45)

1087 441 1197 478 ἔχουσα,
1205 442 1266 469 οὐδὲ
1279 442 1312 469 ἐκ
1326 441 1491 478 δημιουργοῦ
1502 441 1549 468 καὶ
1558 441 1670 478 γενητοῦ
1681 442 1866 478 συνισταμένη,

1087 486 1144 514 ἀλλ’
1160 487 1208 522 ὅλη
1219 487 1265 514 τοῦ
1279 487 1382 519 κτίζειν
1402 487 1449 513 καὶ
1473 486 1648 523 δημιουργεῖν
1659 483 1735 514 οὖσα·
1755 486 1830 522 ὁμοία
1840 487 1867 515 δὲ

1086 532 1169 568 ἑαυτῇ
1184 532 1230 559 καὶ
1246 532 1396 568 ἀδιαίρετός
1412 533 1470 559 ἐστι
1485 533 1518 568 τῇ
1535 532 1624 567 φύσει,
1643 532 1689 559 καὶ
1709 532 1757 568 μία
1772 531 1867 567 ταύτης

1086 579 1103 614 ἡ
1117 579 1251 615 ἐνέργεια.
1267 578 1298 606 '0
1310 579 1364 615 γὰρ
1373 578 1467 615 Πατὴρ
1481 577 1525 605 διὰ
1537 577 1583 605 τοῦ
1596 578 1683 613 Λόγου
1696 578 1724 605 ὲν
1736 577 1866 613 Πνεύματι

1085 624 1156 660 ἁγίῳ
1167 624 1202 652 τὰ
1229 624 1316 652 πάντα
1329 625 1409 651 ποιεῖ·
1427 623 1473 651 καὶ
1485 623 1572 656 οὕτως
1584 625 1600 659 ή
1618 624 1712 659 ἑνθτης
1732 623 1781 660 τῆς
1792 623 1866 658 ἁγίας

1086 670 1201 706 Τριάδος
1216 669 1342 703 σώζεται·
1354 671 1400 697 καὶ
1411 669 1498 702 οὕτως
1522 667 1562 702 εἷς
1578 670 1644 702 Θεὸς
1661 670 1691 697 ὲν
1705 671 1739 706 τῇ
1757 669 1866 706 Ἐκκλη-

1087 714 1132 751 σίᾳ
1146 715 1320 751 κηρύττεται,
1337 724 1346 741 ι
1363 715 1377 741 6
1388 715 1433 742 ἐπὶ
1448 714 1566 747 πάντων,
1576 715 1623 742 καὶ
1635 714 1680 741 διὰ
1692 714 1809 747 πάντων,
1823 715 1867 742 καὶ

1085 761 1115 788 ὲν
1126 761 1235 788 πᾶσιν.»
1254 771 1264 787 ι
1276 761 1338 788 Ἐπὶ
1351 761 1458 788 πάντων
1475 770 1485 787 ι
1499 761 1548 797 μὲν
1560 761 1598 793 ὡς
1609 761 1716 798 Πατὴρ,
1730 761 1768 793 ὡς
1790 761 1866 797 ἀρχὴ,

1085 807 1132 834 καὶ
1148 808 1233 844 πηγήο
1250 817 1259 834 ι
1277 807 1321 835 διὰ
1337 808 1445 836 πάντων
1462 818 1472 835 ι
1503 809 1531 836 δὲ
1556 809 1599 837 διὰ
1623 809 1671 836 τοῦ
1698 809 1794 844 Λόγου·
1814 818 1823 835 ι
1840 809 1868 835 ἐν

1085 855 1152 881 πᾶσι
1168 864 1178 880 ›
1190 855 1219 882 δὲ
1234 855 1263 882 ἐν
1273 854 1312 890 τῷ
1327 855 1465 892 Πνεύματι
1479 855 1518 892 τῷ
1543 855 1623 892 ἁγίῳ,
1637 855 1725 892 Τριὰς
1747 855 1775 881 δέ
1799 855 1867 881 ἐστιν

1085 901 1133 936 οὺχ
1144 901 1196 932 ἕως
1208 901 1338 937 ὀνόματος
1353 901 1434 937 μόνον
1448 902 1504 937 (ιι)
1529 902 1576 929 καὶ
1599 902 1748 937 φαντασίας
1763 900 1866 934 λέξεως,

1085 946 1154 974 ἀλλὰ
1166 946 1280 983 ἀληθείᾳ
1294 947 1342 974 καὶ
1355 947 1469 984 ὑπάρξει
1482 948 1578 984 Τριάς.
1603 948 1709 984 Ὠσπερ
1733 947 1785 983 γὰρ
1800 948 1814 974 6
1832 946 1854 974 ὦ

1085 993 1159 1019 ἐστιν
1171 993 1186 1019 6
1201 993 1305 1029 Πατὴρ,
1317 993 1404 1026 οὕτως
1416 995 1430 1021 6
1442 993 1480 1020 ῶν
1493 994 1551 1021 ἐστι
1569 993 1625 1029 (65)
1640 993 1688 1021 καὶ
1709 994 1754 1020 ἐπὶ
1766 992 1864 1020 πάντων

1084 1037 1151 1069 Θεὸς
1165 1038 1179 1064 6
1191 1038 1286 1065 τούτου
1305 1039 1400 1073 Λόγος.
1425 1039 1480 1065 Καὶ
1502 1039 1532 1066 16
1551 1039 1664 1074 Πνεῦμα
1681 1038 1711 1065 16
1725 1039 1800 1074 ἆγιον
1821 1038 1866 1065 οὐκ

1084 1084 1256 1120 ἀνύπαρκτόν
1269 1086 1353 1117 ἐστιν,
1370 1084 1559 1122 ἀλλ’,ὐπάρχει
1581 1086 1628 1112 καὶ
1641 1085 1793 1120 ὑφέστηκεν
1805 1084 1866 1121 ἁλη-

1084 1130 1148 1162 θῶς.
1167 1131 1222 1157 Καὶ
1235 1130 1290 1166 (66)
1314 1130 1376 1158 οὔτε
1390 1131 1499 1158 ἔλαττον
1520 1131 1622 1158 τούτων
1648 1132 1743 1167 φρονεῖ
1757 1131 1774 1166 ή
1793 1129 1866 1157 καθο-

1083 1175 1145 1211 λικῆ
1167 1176 1323 1211 Ἐκκλησία,
1340 1177 1383 1203 ἵνα.
1400 1177 1437 1213 μὴ
1451 1178 1491 1209 εἰς
1516 1177 1578 1209 τοὺς
1590 1177 1637 1204 νῦν
1656 1176 1730 1204 κατὰ
1745 1176 1865 1211 Καϊάφαν

1089 1221 1231 1253 Ἰουδαίους
1241 1223 1287 1249 καὶ
1299 1223 1338 1254 εἰς
1354 1222 1495 1250 Σαϐἐλλιον
1514 1222 1621 1260 ἐμπέσῃ
1630 1222 1698 1258 (47)·
1711 1221 1771 1249 οὔτε
1782 1222 1865 1249 πλεῖον

1083 1267 1196 1300 ἐπινοεῖ,
1212 1267 1256 1294 ἵνα
1271 1267 1308 1304 μὴ
1335 1269 1374 1300 εὶς
1393 1268 1442 1304 τὴν
1467 1268 1601 1304 Ἐλλήνων
1625 1268 1808 1304 πολυθεότητα
1821 1277 1864 1294 κυ-

1082 1313 1170 1349 λισθῇ.
1186 1313 1242 1341 Καὶ
1256 1314 1297 1341 ὅτι
1310 1314 1380 1350 αὕτη
1402 1315 1418 1350 ἠ
1434 1314 1526 1346 πίστις
1547 1315 1596 1350 τῆς
1617 1315 1781 1350 Ἐκκλησίας
1801 1314 1862 1345 ἐστὶ,

1084 1359 1242 1395 μαθέτωσαν
1255 1360 1312 1392 πῶς
1326 1361 1340 1386 ὸ
1358 1361 1407 1396 μὲν
1427 1361 1529 1397 Κύριος
1548 1360 1721 1388 ἀποστέλλων
1732 1362 1793 1393 τοὺς
1803 1361 1864 1388 ἁπο-

1083 1405 1192 1437 οτόλους
1206 1405 1371 1441 παρήγγειλε
1386 1405 1478 1432 τοῦτον
1503 1406 1626 1442 Θεμέλιον
1639 1405 1744 1433 τιθέναι
1758 1407 1790 1441 τῇ
1809 1405 1863 1431 Ἐκ-

1082 1450 1181 1486 κλησίᾳ
1191 1451 1289 1485 λέγων’
1308 1460 1318 1476 σ
1335 1451 1515 1487 Πορευθέντες
1535 1451 1724 1487 μαθητεύσατε
1734 1451 1818 1478 πάντα
1833 1450 1863 1477 τὰ

1083 1495 1156 1532 ἔθνη,
1177 1496 1351 1532 βαπτίζοντες
1367 1497 1464 1528 αὐτοὺς
1477 1497 1517 1529 είς
1539 1497 1570 1523 16
1583 1496 1637 1532 (48)
1648 1497 1736 1532 ὄνομα
1756 1496 1801 1523 τοῦ
1813 1496 1862 1522 Ila-

246 1547 339 1571 tantes
351 1550 399 1571 eos
415 1543 443 1571 itt
461 1544 570 1572 nomine
587 1544 674 1572 Patris
686 1549 713 1572 et
724 1544 785 1572 Filii
800 1550 827 1573 et
841 1546 959 1581 Spiritus
972 1555 1031 1574 san-

1082 1541 1144 1577 τρὸς
1153 1542 1199 1568 καὶ
1211 1542 1258 1568 τοῦ
1278 1542 1342 1569 Υίοῦ
1357 1543 1404 1569 καὶ
1419 1541 1466 1569 τοῦ
1490 1542 1568 1577 ἁγίου
1582 1542 1752 1577 Πνεύματος.
1768 1552 1778 1568 ι
1794 1542 1823 1568 Οί
1837 1541 1862 1567 δὲ

245 1589 281 1616 cti
293 1589 327 1616 ⁸³.
346 1599 355 1615 ι
370 1589 488 1618 Profecti
510 1598 575 1618 vero
594 1592 719 1626 apostoli,
734 1592 770 1619 ita
797 1593 855 1620 sine
875 1593 960 1620 dubio
982 1593 1031 1621 do-

244 1639 373 1668 cuerunt,
387 1639 470 1670 atque
491 1636 548 1663 haec
571 1636 630 1671 ipsa
652 1637 807 1672 praedicatio
825 1639 851 1665 in
874 1639 1030 1667 universam

246 1680 393 1708 Ecclesiam
407 1689 468 1716 quae
484 1681 536 1709 sub
550 1682 619 1709 uelo
633 1687 684 1714 est,
697 1684 877 1718 permanavit.

279 1725 324 1752 29.
347 1725 414 1752 Cum
431 1726 511 1760 igitur
536 1726 607 1754 istud
630 1727 689 1755 lidei
707 1727 912 1757 [illidamentum
935 1730 1032 1758 habeat

245 1771 376 1804 Ecclesia,
389 1772 467 1800 nobis
478 1773 577 1800 iterum
592 1773 630 1800 illi
645 1775 808 1809 respondere
819 1784 852 1804 ne
864 1783 1010 1812 graventur
1022 1788 1029 1805 :

245 1817 399 1847 Trinitasue
414 1824 466 1853 est,
478 1827 511 1847 an
526 1821 658 1848 dualitas?
672 1822 700 1848 Si
717 1822 833 1850 dualitas
849 1828 891 1851 est
905 1834 912 1852 :
928 1832 975 1859 per
988 1834 1031 1853 me

245 1864 317 1897 liCet,
334 1864 463 1900 Spiritum
480 1867 561 1895 rebus
575 1869 674 1896 creatis
685 1869 832 1904 adiungite.
844 1870 879 1901 At
891 1871 913 1897 si
927 1871 963 1898 ita
976 1876 1028 1903 est.

245 1909 311 1937 fides
332 1915 420 1938 vestra
440 1911 496 1946 jam
521 1919 574 1939 non
600 1917 641 1940 est
666 1914 692 1941 in
712 1914 794 1942 Deum
821 1923 915 1946 unum.
933 1918 977 1950 qui
995 1917 1030 1944 sit

247 1966 256 1981 ι
272 1965 354 1992 super
367 1959 468 1991 omnia,
483 1967 530 1994 per
544 1960 635 1988 omnia
647 1964 674 1987 et
684 1961 710 1987 in
722 1961 859 1989 omnibus.
871 1971 880 1987 ι
896 1962 1028 1990 Necenim

246 2013 255 2029 ι
274 2004 299 2031 in
326 2005 452 2033 omnibus
468 2015 476 2032 ι
503 2006 645 2039 habebitis.
663 2007 685 2035 si
708 2007 836 2042 Spiritum
857 2017 872 2036 a
888 2009 1029 2037 divinitate

243 2051 374 2085 separetis
392 2055 419 2079 et
430 2052 464 2079 ab
478 2061 509 2080 ea
525 2052 643 2080 alienum
662 2053 778 2082 faciatis.
792 2053 887 2082 Vestra
900 2055 962 2082 item
976 2055 1028 2082 ini-

243 2096 331 2129 tiatio,
346 2104 428 2131 quam
455 2106 583 2134 peragere
603 2100 783 2132 arbitramini.
804 2101 828 2128 si
849 2101 885 2128 ita
910 2102 1026 2135 sentitis,

244 2149 298 2168 non
314 2145 369 2169 tota
385 2146 412 2169 et
424 2143 527 2178 integra
540 2144 584 2172 liet
597 2144 623 2172 in
637 2145 786 2174 divinitatis
802 2147 1027 2182 nomcnzquippe

242 2193 306 2214 cum
318 2194 375 2214 rem
386 2192 505 2216 creatam
522 2189 573 2224 ipsi
589 2190 772 2224 admisceatis,
789 2196 816 2219 et
831 2192 914 2219 veluti
933 2191 1024 2219 Ariani

278 2274 301 2290 ”
320 2273 417 2309 Ephes.
437 2283 473 2307 tv.
489 2275 514 2302 6.
551 2276 574 2292 "
595 2276 687 2305 Matth.
703 2286 796 2311 xxvltt,
815 2279 857 2308 l9.

278 2351 335 2392 (ιε)
355 2351 401 2380 Sic
414 2351 515 2388 Regius
527 2354 632 2388 primus
646 2361 674 2383 et
685 2355 747 2392 Seg.
761 2357 856 2385 Czeteri
870 2341 972 2386 et‘editi
986 2358 1025 2387 ἔτι

241 2391 454 2459 οηῧὲῗηὰιξείυε
478 2426 615 2454 secundus
637 2430 664 2454 et
687 2426 826 2459 0ttobon.,
840 2428 1024 2464 ἐπισυνηγμέ-

240 2467 333 2534 νοῖλᾶ)
356 2493 401 2534 Sic
419 2494 484 2534 lieg.
500 2496 512 2522 1
528 2501 555 2524 et
568 2497 595 2528 2,
613 2496 674 2534 S_eg.
691 2497 867 2534 Basilum-bl.
884 2502 910 2525 et
932 2498 1021 2526 Felck.

239 2529 568 2568 primustBasiIIIamen
587 2536 613 2559 et
626 2529 687 2568 Ség.
709 2529 810 2560 habent
826 2534 917 2568 μόνου.
934 2534 985 2561 Alii
997 2539 1024 2562 et

239 2564 465 2604 eJiIIinhabentet
474 2567 564 2604 μόνου
576 2571 604 2594 et
617 2564 758 2604 φαντασίᾳ.

276 2599 334 2639 (βό)
356 2599 515 2639 Sioliegius
524 2599 628 2636 primus
640 2609 666 2630 et
678 2599 742 2638 Sag:
752 2604 797 2639 qui
813 2603 876 2631 ibid.
889 2605 903 2630 6
914 2609 976 2632 ante
985 2604 1023 2631 ὢν

241 2634 380 2678 omittunt2
393 2634 509 2678 Abnaiiis
523 2634 550 2664 et
566 2638 645 2678 editis
659 2634 806 2678 xaé‘abéstn.

276 2669 332 2730 μθ)
353 2669 528 2711 Sicﬁegius
545 2673 671 2713 _pt-imus,
699 2674 760 2715 Seg.
792 2674 872 2715 Basil.
894 2674 1023 2716 Gobl._et

239 2703 276 2739 fe
288 2704 358 2731 ckm.
378 2713 491 2739 primus.
509 2707 563 2735 Alit
578 2716 639 2736 cum
654 2710 733 2737 editis
747 2710 794 2736 καί
808 2714 945 2737 omittunt.
954 2709 1020 2737 Ihm.

240 2737 307 2773 Reg.
325 2740 348 2777 1Δ
364 2737 400 2777 et
414 2741 443 2772 2,
460 2741 522 2777 Seg.
543 2743 620 2770 Gobl.
637 2749 664 2771 et
680 2744 797 2772 Felckm.
814 2746 825 2771 l
846 2745 945 2772 habent
961 2745 1022 2772 τούι-

240 2783 304 2800 των.
329 2773 614 2809 Οιιοδοηιιε,’τούιιου.
634 2781 684 2807 Alii
704 2788 767 2807 vero
792 2785 818 2807 et
841 2781 905 2807 editi
922 2781 1021 2808 habent

238 2817 253 2828 υ

244 2818 330 2880 n(i7)
353 2844 396 2872 Sir
413 2845 513 2882 Regius
526 2847 640 2882 primus,
659 2849 719 2884 Seg.
739 2849 818 2877 Basil.
832 2850 1021 2880 Gobleriau.et

1082 1587 1235 1619 ἀπόστολοι,
1252 1588 1437 1624 πορευθέντες,
1456 1588 1540 1620 οὕτως
1562 1587 1697 1620 ἐδίδαξαν·
1723 1588 1770 1615 καὶ
1791 1586 1861 1614 τοῦτό

1082 1633 1154 1660 ἐστιν
1187 1635 1227 1665 εἰς
1255 1635 1344 1662 πᾶσαν
1373 1635 1422 1670 τὴν
1447 1635 1492 1661 ὑπ’
1510 1635 1623 1669 οὐρανὸν
1651 1634 1812 1670 Ἐκκλησίαν
1835 1632 1861 1659 τὸ

1081 1679 1222 1715 κήρυγμα·
1270 1709 1276 1714 .

1115 1725 1160 1752 29.
1177 1725 1280 1752 Οὐκοῦν
1295 1725 1388 1752 τοῦτον
1420 1725 1535 1762 ἐχούσης
1563 1727 1612 1762 τῆς
1633 1726 1795 1761 Ἐκκλησίας
1819 1725 1859 1750 τὸν

1082 1768 1204 1803 θεμέλιον
1217 1770 1265 1805 τῆς
1275 1769 1402 1803 πίστεως,
1418 1771 1571 1798 εἰπάτωσαν
1593 1770 1676 1798 πάλιν
1692 1772 1757 1807 ἡμῖν
1771 1771 1857 1797 ἐκεῖνοι

1081 1815 1127 1841 καὶ
1140 1815 1391 1851 ἀποκρινάσθωσαν·
1416 1815 1501 1851 Τριάς
1527 1817 1610 1847 ἐστιν,
1627 1816 1644 1851 ῆ
1675 1816 1754 1847 δυάς;
1769 1815 1798 1841 Et
1815 1815 1857 1849 μὲν

1079 1859 1125 1887 οὖν
1140 1861 1204 1893 δυάς
1221 1863 1289 1893 ἐστι,
1307 1862 1523 1898 συναριθμείσθω
1552 1863 1616 1898 παρ’
1632 1862 1711 1897 ὑμῶν
1733 1862 1786 1896 (69)
1807 1861 1857 1891 τοῖς

1079 1906 1209 1942 κτίσμασι
1219 1908 1248 1934 16
1260 1907 1381 1943 Πνεῦμα.
1399 1908 1455 1934 Οὐκ
1473 1908 1530 1934 ἐστι
1549 1908 1597 1943 μὲν
1613 1908 1643 1934 16
1658 1907 1777 1934 τοιοῦτον
1788 1906 1856 1942 ὑμῶν

1079 1953 1206 1988 φρόνημα
1220 1955 1259 1984 εἰς
1271 1953 1318 1980 ἕνα
1329 1953 1406 1986 Θεὸν,
1421 1954 1466 1980 τὸν
1487 1963 1497 1979 ‹
1514 1954 1560 1980 ἐπὶ
1575 1954 1712 1985 πάντων,ι
1732 1953 1778 1980 καὶ
1795 1963 1803 1978 ι
1817 1951 1855 1978 διὰ

1079 2000 1213 2031 πάντων,»
1227 2000 1274 2027 κού⁸
1289 2009 1299 2025 ι
1316 2001 1344 2027 ὲν
1358 2001 1451 2027 πᾶσι.»
1470 2000 1506 2027 T6
1518 1999 1582 2036 γὰρ,
1604 2009 1613 2025 t
1635 2000 1664 2026 ὲν
1688 2000 1795 2031 πᾶσιν.»
1811 1998 1855 2024 οὐκ

1078 2044 1163 2080 ἔχετε,
1179 2045 1345 2081 διαιροῦντες
1361 2047 1407 2073 καὶ
1436 2046 1628 2079 ἀποξενοῦντες
1656 2046 1711 2081 (50)
1738 2044 1789 2073 ἀπὸ
1811 2044 1853 2078 τῆς

1078 2090 1203 2126 θεότητος
1221 2091 1251 2118 τὸ
1261 2092 1381 2127 Πνεῦμαι
1403 2092 1483 2127 καὶὴ
1510 2091 1649 2124 τελείωσις
1674 2093 1703 2119 δὲ
1727 2090 1809 2126 ὑμῶν,
1824 2090 1853 2124 ἣν

1077 2136 1200 2172 νομίζετε
1218 2138 1313 2169 ποιεῖν,
1329 2136 1399 2164 οὕτω
1413 2136 1582 2173 φρονοῦντες,
1600 2138 1650 2164 οὐκ
1661 2137 1734 2164 ἔστιν
1751 2135 1853 2169 ὁλόκλη-

1078 2190 1124 2218 ρος
1139 2183 1179 2215 είς
1206 2183 1320 2220 θεότητα
1348 2184 1485 2220 γινομένη.
1507 2183 1696 2220 Ἐπιμίγνυται
1724 2183 1776 2218 γὰρ
1795 2180 1852 2209 ταύ-

1077 2363 1195 2399 felt-km.
1215 2364 1327 2397 primus,
1343 2364 1388 2398 qui
1414 2365 1495 2392 iidem
1521 2365 1591 2392 inl‘ra
1614 2365 1715 2393 habent
1734 2365 1848 2399 κυλισθῇ.

1077 2397 1146 2440 Editi
1159 2403 1186 2426 et
1199 2399 1255 2440 alii,
1271 2397 1415 2440 περιπέσῃ,
1430 2400 1546 2440 et‘infra,
1556 2397 1848 2440 κατακυλισθαιῇΛίιίιί.

1077 2433 1177 2467 Regius
1193 2435 1296 2467 primus
1308 2433 1337 2461 et
1359 2433 1420 2469 Se'g.
1437 2435 1517 2463 πλέον
1537 2436 1637 2463 [tabent
1651 2447 1657 2463 :
1672 2437 1717 2463 alii
1735 2433 1768 2463 et"
1779 2434 1848 2465 editi.

1076 2468 1175 2495 πλεῖον.
1195 2469 1295 2504 Regius
1323 2468 1460 2498 secundus
1484 2478 1533 2505 pro
1561 2471 1753 2506 πολυῦεότητα,
1777 2470 1849 2497 habet

1076 2503 1228 2530 πολυθεΐαν.

1075 2505 1217 2530 πολυθεῖαν
1222 2525 1228 2531 .

1110 2538 1166 2576 (48)
1187 2539 1323 2576 Articulos
1347 2540 1377 2566 16
1400 2544 1427 2567 et
1449 2540 1496 2567 τοῦ
1517 2545 1556 2568 ter
1569 2545 1714 2576 sequentes
1729 2540 1848 2568 omittunt

1075 2573 1292 2614 Βθείξξεειὲςτε-
1480 2610 1503 2614 ..
1684 2612 1700 2614 _
1741 2611 1746 2614 _
1825 2609 1830 2614 .

1110 2609 1177 2646 (49)!
1187 2609 1281 2646 Basil..
1299 2612 1362 2646 παρ’
1386 2611 1460 2646 ὑμῖν.
1480 2610 1540 2639 Mox
1558 2611 1626 2639 idem
1640 2617 1667 2638 et
1684 2611 1780 2646 Regius
1795 2609 1845 2643 pri-

1075 2652 1145 2681 mus.
1162 2644 1316 2681 Sngiobl.
1339 2644 1366 2672 et
1386 2644 1504 2674 Felckm.
1521 2647 1625 2681 primus
1641 2644 1740 2674 habent
1752 2645 1780 2672 16
1795 2651 1844 2681 τοις

1073 2678 1150 2705 οὖτον
1176 2676 1262 2714 ὑμῶν.
1278 2688 1330 2708 etc.
1356 2681 1408 2708 Alii
1434 2676 1528 2708 autem.
1546 2686 1573 2709 et
1594 2682 1719 2712 editi.1ot
1739 2680 1805 2707 οὕτω
1819 2676 1844 2703 τὸ

1074 2714 1161 2749 ὑμῶν.
1176 2720 1226 2756 etc.
1243 2716 1343 2757 Regius
1362 2716 1541 2778 2..ὺμέτεὲον
1558 2725 1608 2753 pro
1624 2717 1712 2758 υμῶν.
1763 2750 1767 2755 1

1109 2750 1165 2778 (50)
1186 2749 1230 2777 Sne
1246 2751 1345 2778 Remus
1364 2760 1477 2778 nrtmus.
1511 2760 1553 2778 en.
1571 2752 1650 2778 Bastl.
1665 2751 1767 2778 Goblert

1109 2750 1165 2786 (50)
1186 2749 1230 2777 Sie
1246 2749 1345 2785 Regius
1364 2749 1477 2786 primus.
1491 2749 1651 2786 Seg.'Basil.'
1665 2749 1843 2786 Gobleriapﬂ

1073 2783 1320 2826 Felekm._printns_.
1382 2787 1427 2814 alii
1436 2792 1464 2826 et
1476 2783 1552 2826 editi.
1566 2787 1772 2826 ἀποξενίζςνςξεβη
1783 2783 1842 2826 ξέμ·

1073 2819 1177 2880 Ιίζφῃοδι
1199 2816 1278 2849 iidem
1296 2822 1440 2858 nemp;
1458 2823 1556 2850 habent
1574 2833 1579 2849 :
1596 2816 1640 2850 alii
1654 2816 1764 2852 et'editi,
1787 2816 1838 2844 ὀλο-

1073 2863 1090 2880 κ
1101 2875 1104 2880 υ
1119 2864 1188 2880 ,θ(])(.

1073 2863 1188 2891 κληρως.
