1974 3037
137 126 190 156 597

691 123 862 151 EPISTOLA
878 123 888 150 I
906 121 952 149 AD
972 120 1199 150 SERAPIONEM.

1695 116 1748 145 598

132 193 169 223 τῃ
185 184 240 222 (51)
268 183 378 220 κτίσμα·
404 183 453 211 καὶ
476 184 623 219 θεολογεὴε
650 185 696 212 καὶ
728 185 816 220 ὑμεῖς,
833 184 871 216 ὡς
891 185 916 210 οἱ

973 191 998 212 te
1010 183 1132 220 gentiles,
1146 191 1203 211 rem
1214 187 1331 211 creatam
1348 188 1401 209 una
1414 188 1476 209 cum
1490 179 1557 212 Deo,
1566 179 1613 214 qui
1629 185 1690 206 eam
1701 186 1748 213 per

141 231 277 267 ’Δρειανολ⁵
291 231 336 258 καὶ
351 230 489 266 Ἕλληνες,
520 230 569 266 τὴν
585 231 672 258 κτίσιν
700 231 768 266 μετὰ
793 230 839 258 τοῦ
859 230 916 258 κτί-

135 285 234 309 σαντος
246 276 330 312 αὐτὴν
341 276 408 303 Θεοῦ
421 276 465 303 διὰ
477 276 525 303 τοῦ
538 277 603 303 ίδίου
616 277 712 310 Λόγου.
724 276 802 303 Οὕτω
816 276 844 303 δὲ
859 276 917 303 δια-

133 322 265 357 κείμενοι,
283 321 362 353 ποίας
382 322 487 355 ἐλπίδος
502 321 580 355 ὲστέ;
598 322 634 348 Ἦ
651 322 692 354 τίς
709 323 780 358 ὑμᾶς
806 322 918 357 συνάψει

132 367 174 403 τῷ
191 367 249 403 Θεῷ
259 367 371 403 (52),μὴ
383 367 493 403 ἔχοντας
508 367 539 394 τὸ
555 367 667 403 Πνεῦμα
683 368 766 394 αὑτοῦ
782 367 829 394 τοῦ
838 367 916 400 Θεοῦ,

132 414 248 441 mea.
272 414 323 449 τῆς
346 413 476 446 κτίσεωςς
504 413 570 440 Ποία
602 413 631 440 δὲ
659 412 735 449 ὑμῶν
759 413 847 448 τόλμα
872 413 918 439 καὶ

133 459 294 495 ἀπροσεξία,
309 459 351 486 ὅτι
364 459 410 486 τὸν
424 459 533 494 Πατέρα
548 459 595 486 καὶ
613 458 659 485 τὸν
674 458 769 485 τούτου
780 458 864 492 Λόγον
879 458 919 489 είς

132 505 167 532 τὰ
183 505 321 540 κτίσματα
340 505 471 539 κατάγετε
499 504 567 540 (53),
593 505 639 531 καὶ
663 504 743 531 πάλιν
759 503 790 530 τὸ
817 504 919 538 κτίσμα

134 549 304 582 ουνεξισοῦτε
320 550 360 585 τῷ
371 549 430 585 Θεῷ
442 558 450 582 ;
465 549 550 576 Τοῦτο
564 550 620 585 γὰρ
632 550 733 576 ποιεῖτε
749 548 919 584 φανταζόμε-

133 605 173 622 νοι
185 595 250 632 περὶ
263 594 310 622 τοῦ
339 595 495 630 Πνεύματος
508 595 546 627 ὡς
561 595 718 630 κτίσματος,
745 595 791 621 καὶ
807 593 919 620 συντάσ-

87 657 89 659 -
133 650 226 673 σοντες
239 641 304 668 αὐτὸ
317 641 356 672 είς
367 641 478 676 Τριάδα.
490 640 522 667 Τί
538 641 567 668 δὲ
583 641 629 668 καὶ
640 641 671 667 τὸ
684 640 814 676 μανιῶδες
831 639 918 675 ὑμῶν,

132 686 204 713 ὥστε
216 687 324 722 φρονεῖν
337 686 443 713 ἀδικίαν
459 686 530 713 κατὰ
550 686 597 712 τοῦ
613 685 692 716 Θεοῦ,
709 686 750 712 ὅτι
771 685 808 721 μὴ
820 686 919 718 πάντες

132 732 255 767 ἄγγελοι,
272 733 288 768 ἢ
304 733 393 760 πάντα
409 732 443 759 τὰ
459 732 607 768 κτίσματα,
635 731 692 759 ἀλλ’
708 728 748 763 εἷς
772 732 805 758 ὲκ
818 731 918 759 τούτων

132 779 338 815 συναριθμεῖται
352 778 390 813 τῷ
401 778 459 814 Θεῷ
470 778 517 805 καὶ
531 778 569 814 τῷ
579 778 657 813 Λόγῳ
671 777 766 810 αὐτοῦ;
779 777 851 804 Ἔδει
865 776 919 813 γὰρ

134 825 196 851 καθ’
212 825 293 860 ὑμᾶς,
306 824 377 858 ἅπαξ
392 824 508 858 ἀγγέλου
531 824 578 851 καὶ
608 824 754 859 κτίσματος
773 823 847 855 ὄντος
870 822 918 849 τοῦ

134 859 303 905 Πνεύματος,
324 870 370 896 καὶ
393 869 606 904 συντασσομένου
622 869 663 900 εἰς
677 868 789 904 Τριάδα,
807 869 843 904 μὴ
859 868 916 900 ἕνα,
934 859 954 886 Β

132 914 204 942 ἀλλὰ
219 915 265 942 καὶ
278 915 332 950 (54)
356 915 459 947 πάντας
471 915 533 947 τοὺς
542 915 699 946 κτισθέντας
710 913 842 949 ἀγγέλους
857 922 918 942 συν-

133 961 282 989 τάσσεσθαι
292 960 387 998 ταύτῃ·
406 961 452 988 καὶ
471 961 568 996 μηκέτι
595 960 707 997 Τριάδα,
723 959 790 987 ἀλλὰ
815 959 918 995 πληθύν

134 1016 196 1034 τινα
209 1006 333 1042 Θεότητος
350 1007 533 1043 ἀναρίθμητον
545 1004 626 1035 εἶναι·
642 1007 684 1033 ἵνα
699 1007 746 1033 καὶ
760 1007 776 1042 ἡ
793 1007 822 1033 ὲν
833 1006 920 1042 τούτῳ

134 1053 217 1080 πάλιν
228 1052 343 1080 δοκοῦσα
357 1053 495 1084 τελείωσις
506 1053 583 1089 ὑμῶν
596 1053 728 1088 γίνεσθαι,
746 1052 918 1089 διαιρουμένη

134 1094 187 1126 ὦδε
203 1099 324 1132 κάκεῖσε,
338 1099 467 1131 ἀόέὸαιος
482 1100 515 1134 τῇ
532 1099 653 1135 ποικιλίᾳ
667 1100 788 1136 γένηται.
803 1099 920 1126 Τοιαῦτα

134 1143 189 1180 γὰρ
202 1144 236 1172 τὰ
248 1145 312 1180 τέλη
328 1144 406 1180 ὑμῶν
417 1153 447 1173 τε
462 1144 518 1181 (55)
541 1144 589 1171 καὶ
616 1145 668 1173 τῶν
689 1144 835 1181 Ἀρειανῶν
849 1145 920 1179 λογι-

135 1189 257 1225 ζομένων
271 1189 341 1217 κατὰ
355 1189 405 1225 τῆς
417 1189 553 1225 Θεότητος,
566 1189 614 1216 καὶ
626 1191 660 1225 τῇ
678 1189 766 1216 κτίσει
777 1189 921 1226 λατρευόν-

135 1243 191 1263 των
203 1235 277 1271 παρὰ
287 1236 332 1263 τὸν
345 1235 476 1263 κτίσαντα
485 1235 521 1262 τὰ
534 1236 622 1263 πάντα
634 1235 711 1262 Θεόν.

172 1322 217 1351 30.
233 1322 350 1350 Τοιαῦτα
365 1323 414 1358 μὲν
422 1319 469 1350 οὖν
485 1322 550 1358 ὑμῖν
560 1321 616 1359 (56)
631 1321 719 1349 ἄτοπα
730 1322 762 1348 ὲκ
775 1321 822 1348 τοῦ
839 1321 921 1349 δυάδα

136 1369 227 1404 λέγειν
241 1369 358 1405 ἀπαντᾷ.
375 1369 406 1396 Εί
433 1369 462 1396 δὲ
488 1369 573 1405 Τριάς
591 1369 674 1402 ἐστιν,
694 1368 788 1404 ὥσπερ
815 1366 861 1396 οὖν
875 1369 922 1396 καὶ⁸

135 1415 206 1449 ἐστι,
219 1415 352 1443 δέδεικται
367 1415 395 1443 δὲ
415 1414 566 1452 ἀδιαίρετος
581 1413 648 1442 οὖσα
664 1415 710 1443 καὶ
720 1415 770 1442 οὐκ
786 1415 919 1451 ἀνόμοιος·

135 1461 243 1497 ἀνάγκη
261 1461 324 1496 μίαν
339 1461 439 1497 ταύτης
464 1459 532 1488 εἶναι
554 1461 602 1497 τὴν
630 1461 771 1497 ἀγιότητα,
791 1461 838 1488 καὶ
859 1461 922 1497 μίαν

136 1507 239 1542 ταύτης
251 1506 300 1543 τὴν
314 1506 461 1542 ὰῖδιότητα,
479 1506 527 1534 καὶ
542 1506 593 1542 τὴν
611 1506 659 1540 τῆς
683 1506 814 1542 άτρεψίας
831 1505 919 1541 φύσιν.

137 1553 243 1588 Ὠσπερ
253 1552 341 1589 γὰρὴ
365 1553 402 1585 ὼς
423 1552 506 1588 αὐτὴν
520 1552 576 1588 (57)
602 1552 803 1588 παραδεδομένη
831 1552 922 1584 πίστις

138 1599 189 1635 μία
203 1599 270 1631 ἐστὶ,
282 1599 329 1626 καὶ
337 1598 405 1634 αὕτη
427 1598 557 1626 συνάπτει
568 1598 609 1634 τῷ
621 1598 690 1634 Θεῷ,
699 1599 714 1625 ό
725 1599 753 1625 δὲ
764 1599 922 1636 ὑπεξαιρού-

138 1644 220 1680 μενός
233 1653 260 1671 τι
282 1645 331 1680 τῆς
348 1644 470 1680 Τριάδος,
497 1645 544 1671 καὶ
558 1645 586 1672 ὲν
603 1645 676 1680 μόνῳ
703 1645 742 1681 τῷ
756 1645 802 1672 τοῦ
816 1645 923 1681 Πατρὸς

137 1690 250 1725 ὀνόματι
266 1689 501 1725 βαπτιζόμενος,ἢ
530 1691 559 1716 ὲν
575 1690 647 1726 μόνῳ
673 1690 711 1726 τῷ
737 1690 846 1726 ὀνόματι
874 1690 921 1717 τοῦ

138 1735 215 1767 Υίοῦ,
236 1734 252 1770 ἢ
269 1735 352 1771 χωρίς
364 1743 395 1769 γε
413 1735 460 1761 τοῦ
475 1734 632 1770 Πνεύματος
644 1736 672 1762 ὲν
690 1735 777 1771 Ila-rp).
793 1735 838 1762 καὶ¹
854 1735 920 1770 Υίῷ,

138 1781 214 1809 οὐδὲν
228 1781 282 1816 (58)
296 1781 438 1817 λαμϐάνει,
454 1781 521 1808 ἀλλὰ
534 1781 611 1813 κενὸς
630 1781 677 1808 καὶ
691 1781 788 1817 ἀτελὴς
798 1781 878 1813 αὐτός
892 1791 922 1808 τε

139 1826 306 1853 καὶὸδοκῶν
321 1826 419 1853 διδόναι
447 1826 577 1862 διαμένει·
603 1827 632 1853 ἐν
655 1827 687 1862 τῇ
711 1826 805 1862 Τριάδι
832 1827 885 1862 γὰρ
904 1827 921 1862 ἡ

138 1871 276 1903 τελείωσίς
289 1873 371 1898 ἐστιν·
387 1871 472 1903 οὕτως
497 1873 510 1898 ό
525 1872 634 1908 διαιρῶν
661 1872 706 1899 τὸν
721 1873 784 1899 Υίὺν
806 1872 860 1899 ἀπὸ
875 1872 921 1898 τοῦ

138 1917 255 1951 Πατρὸς,
266 1917 282 1952 ἢ
297 1917 327 1944 τὸ
340 1917 453 1953 Πνεῦμα
468 1917 594 1952 κατάγων
607 1918 646 1949 είς
656 1918 689 1944 τὰ
704 1919 849 1953 κτίσματα,
860 1918 921 1945 οὕτε

138 1963 184 1990 τδν
196 1963 260 1990 Υζδν
271 1963 327 1999 ἔχει
341 1962 402 1990 οὔτε
414 1964 459 1990 τὸν
474 1963 593 1999 Πατέρα,
623 1963 679 1990 ἀλλ’
690 1963 762 1990 ἔστιν
776 1963 855 1995 ἄθεος
875 1964 922 1991 καὶ

138 2009 254 2035 ἀπίστου
270 2009 378 2044 χείρων,
391 2009 437 2036 καὶ
448 2009 535 2036 πάντα
552 2009 650 2044 μᾶλλον
666 2010 683 2045 ἢ
698 2010 921 2045 Χριστιανός”καὶ

137 2054 251 2086 δικαίως
268 2063 299 2089 γε
313 2055 379 2090 (59).
398 2055 531 2090 Καθάπερ
547 2055 602 2091 γὰρ
615 2055 645 2082 ἓν
659 2056 717 2082 ἐστι
738 2056 768 2082 τὸ
783 2056 922 2091 βάπτισμα

138 2101 168 2126 ὲν
183 2100 271 2136 Harp).
282 2101 329 2127 καὶ
343 2100 399 2136 1⁸ίῷ
414 2101 460 2127 καὶ
475 2101 545 2136 ἁγίῳ
562 2101 702 2135 Πνεύματι
718 2101 865 2137 διδόμενον,
876 2102 922 2129 καὶ

968 230 1107 266 proprium
1121 229 1236 258 Verbum
1251 228 1363 260 creavit,
1379 226 1559 262 conjungatis.
1577 225 1642 259 Quae
1658 229 1748 252 autem

967 276 1044 305 vobis
1060 276 1098 304 ita
1112 276 1290 304 sentientibus
1302 282 1363 310 spes
1375 281 1436 302 esse
1451 273 1554 308 possit?
1570 271 1618 300 Vel
1630 271 1692 308 quis
1701 279 1749 298 vos

967 330 1030 351 cum
1046 321 1101 351 Deo
1122 322 1275 357 conjunget,
1297 321 1344 357 qui
1367 327 1423 348 non
1450 319 1537 354 ipsius
1563 318 1622 352 Dei,
1637 318 1684 346 sed
1710 318 1750 345 rei

967 372 1063 396 creatae
1076 368 1201 403 spiritum
1217 366 1416 400 habetisiQua:
1430 365 1537 394 tandem
1549 369 1641 392 vestra
1655 367 1697 391 est
1711 367 1750 391 te-

967 414 1079 443 meritas
1091 418 1119 442 et
1130 413 1368 446 inconsiderantia,
1381 412 1427 448 qui
1441 411 1548 439 Patrem
1565 415 1592 439 et
1607 410 1666 446 ejus
1681 409 1749 437 Ver-

967 460 1032 488 bum
1055 460 1090 488 ιὰ
1112 467 1157 488 res
1179 467 1265 495 usque
1291 463 1396 487 creatas
1416 458 1577 494 deprimitis,
1599 464 1752 491 rursuSque

967 512 1024 533 rem
1037 510 1155 533 creatam
1169 504 1224 533 Deo
1233 504 1398 540 exaequatis?
1410 504 1438 532 ld
1446 503 1577 540 siquidem
1586 503 1677 538 agitis,
1688 510 1751 543 eum

967 551 1001 578 de
1016 550 1120 585 Spiritu
1140 558 1193 578 non
1215 558 1294 578 secus
1319 557 1352 578 ac
1375 550 1409 578 de
1424 557 1454 577 re
1471 553 1561 577 creata
1575 549 1710 585 cogitatis,
1725 553 1752 576 et

967 595 1043 624 illum
1060 595 1238 623 nihilominus
1261 595 1287 622 in
1310 594 1443 622 Trinitate
1457 593 1591 622 collocare
1603 601 1656 621 non
1674 601 1751 621 vere-

968 641 1045 668 mini.
1057 639 1124 674 Quis
1139 644 1229 668 tantus
1240 640 1286 667 ille
1300 644 1389 668 vester
1404 639 1491 672 furor,
1504 643 1534 666 ut
1548 643 1601 666 tam
1613 638 1705 673 iniqua
1717 639 1752 666 de

968 686 1024 714 Deo
1034 686 1167 718 sentiatis,
1183 686 1230 721 qui
1242 685 1344 714 scilicet
1358 693 1412 713 non
1426 693 1521 713 omnes
1531 692 1575 714 res
1588 691 1694 714 creatas
1706 686 1750 712 vel

968 740 1063 761 omnes
1087 733 1207 768 angelos,
1228 733 1275 761 sed
1299 741 1382 760 unum
1404 733 1538 760 duntaxat
1558 739 1592 760 ex
1614 732 1680 765 illis,
1696 731 1752 760 Deo

969 779 1082 814 ejusque
1098 778 1186 807 Verbo
1200 778 1401 806 annumeretis?
1419 778 1567 814 Postquam
1581 777 1654 805 enim
1668 777 1752 805 semel

971 823 1100 860 Spiritum
1116 832 1174 852 rem
1191 829 1308 853 creatam
1319 832 1379 853 esse
1389 824 1545 857 censuistis,
1561 823 1641 859 eique
1658 823 1751 850 locum

970 870 996 898 in
1013 869 1144 898 Trinilate
1156 870 1326 905 assignastis,
1340 877 1395 897 non
1410 878 1493 898 unum
1508 873 1581 897 certe
1596 868 1643 897 sed
1658 875 1753 896 omnes

968 920 1074 944 creatos
1089 915 1199 950 angelos
1219 915 1246 942 in
1268 915 1312 942 illa
1329 922 1438 950 quoque
1466 914 1601 942 collocare
1620 914 1751 949 oportuit,

968 967 1019 988 nec
1043 960 1159 995 amplius
1177 958 1336 987 Trinitatem
1359 966 1435 992 esse,
1453 959 1501 987 sed
1526 957 1752 986 innumerabilem

968 1006 1113 1040 quamdam
1136 1005 1285 1033 divinitatis
1308 1004 1509 1032 multitudinem
1527 1013 1533 1031 :
1555 1007 1585 1031 ut
1607 1007 1635 1030 et
1659 1008 1749 1030 vestra

969 1051 1086 1079 initiatio
1099 1059 1161 1087 qua
1171 1051 1199 1079 in
1213 1059 1245 1078 ea
1262 1051 1319 1078 ﬁeri
1339 1050 1456 1084 videtur,
1468 1050 1522 1078 huc
1533 1053 1561 1078 et
1577 1049 1642 1076 illuc
1654 1048 1753 1076 distra-

969 1101 1023 1131 cta,
1048 1096 1182 1125 instabilis
1205 1095 1284 1132 542
1308 1100 1382 1123 tanta
1406 1094 1562 1123 diversitate
1584 1093 1751 1122 redderetur.

969 1142 1091 1178 Namque
1103 1142 1238 1177 ejusmodi
1250 1146 1314 1170 sunt
1334 1145 1424 1169 vestra
1438 1145 1465 1169 et
1474 1140 1637 1168 Arianorum
1651 1143 1753 1175 mystc-

969 1186 1021 1221 ria,
1037 1186 1085 1222 qui
1104 1190 1159 1214 tam
1179 1185 1262 1220 impia
1277 1185 1408 1213 adversus
1426 1185 1592 1212 divinitatem
1608 1183 1752 1211 commini-

970 1232 1087 1266 scimini,
1100 1237 1127 1260 et
1141 1232 1223 1260 rebus
1243 1231 1342 1259 creatis
1358 1231 1447 1266 potius
1462 1237 1544 1265 quam
1561 1229 1617 1258 Deo
1628 1230 1751 1258 omnium

969 1279 1084 1308 creatori
1092 1277 1210 1307 servitis.

1005 1325 1048 1353 30.
1062 1324 1102 1352 En
1119 1331 1183 1360 ergo
1199 1331 1260 1359 quae
1278 1322 1357 1351 vobis
1369 1322 1487 1351 absurda
1507 1329 1540 1350 ex
1560 1321 1690 1350 dualitate
1704 1328 1751 1348 oc-

969 1374 1093 1399 currunt.
1112 1369 1190 1403 Quod
1207 1369 1230 1397 si
1250 1367 1370 1396 Trinitas
1396 1368 1442 1401 sit,
1461 1367 1499 1395 uti
1516 1366 1604 1403 reipsa
1625 1370 1677 1399 est,
1692 1373 1753 1401 qua:

970 1415 1091 1452 quidem,
1105 1419 1135 1442 ut
1150 1413 1328 1445 ostendimus,
1341 1412 1478 1440 individua
1488 1419 1538 1439 nec
1549 1411 1690 1440 dissimilis
1698 1415 1752 1442 est.

971 1467 1081 1488 necesse
1095 1463 1137 1487 est
1145 1466 1227 1486 unam
1242 1459 1302 1493 ejus
1315 1465 1376 1486 esse
1387 1457 1570 1488 sanctitatem,
1582 1464 1664 1484 unam
1676 1460 1755 1483 aster-

973 1505 1100 1538 nitatem,
1115 1504 1366 1539 immutabilemque
1387 1507 1524 1530 naturam.
1544 1501 1579 1530 Ut
1600 1502 1673 1530 enim
1689 1501 1755 1530 ﬁdes

972 1559 1053 1586 quam
1068 1551 1127 1586 ejus
1148 1550 1256 1578 nomine
1277 1550 1432 1585 accepimus
1445 1556 1498 1576 una
1516 1553 1568 1582 est,
1581 1553 1608 1576 et
1627 1555 1678 1576 nos
1693 1555 1756 1576 cum

972 1596 1027 1624 Deo
1043 1596 1183 1632 conjungit
1196 1605 1202 1623 ε
1215 1601 1244 1623 ut
1256 1595 1319 1622 item
1337 1597 1383 1630 qui
1401 1594 1502 1630 aliquid
1518 1595 1552 1622 de
1567 1593 1699 1622 Trinitate
1709 1593 1757 1621 de-

973 1641 1065 1673 trahit,
1081 1645 1108 1668 et
1123 1640 1150 1667 in
1167 1640 1226 1668 solo
1241 1639 1329 1668 Patris
1343 1640 1386 1667 vel
1399 1638 1460 1668 Filii
1472 1639 1582 1666 nomine
1591 1638 1755 1673 baptizatur,

973 1692 1020 1715 aut
1032 1687 1092 1715 sine
1106 1686 1219 1722 Spiritu,
1235 1687 1261 1714 in
1276 1686 1356 1715 Patre
1370 1691 1397 1714 et
1413 1686 1493 1718 Filio,
1503 1685 1572 1713 nihil
1588 1685 1696 1721 accipit,
1709 1684 1757 1712 sed

972 1741 1075 1761 vacuus
1099 1740 1150 1772 nec
1174 1732 1294 1761 initiatus
1318 1732 1376 1768 ipse
1403 1736 1430 1759 et
1453 1732 1476 1759 is
1491 1732 1538 1767 qui
1557 1731 1622 1759 dare
1638 1731 1755 1762 videtur,

973 1783 1080 1811 manet;
1101 1777 1236 1812 siquidem
1257 1777 1373 1805 initiatio
1388 1777 1496 1806 nonnisi
1511 1777 1538 1804 in
1554 1776 1686 1803 Trinitate
1703 1775 1756 1803 sita

972 1829 1013 1852 est
1027 1833 1033 1851 :
1051 1824 1089 1851 ita
1103 1823 1150 1859 qui
1166 1823 1263 1853 Filium
1280 1831 1295 1851 a
1311 1822 1391 1851 Patre
1404 1823 1509 1856 dividit,
1521 1823 1560 1850 vel
1574 1821 1705 1857 Spiritum
1719 1821 1754 1848 ad

973 1879 1016 1900 res
1033 1879 1119 1907 usque
1132 1877 1237 1900 creatas
1253 1871 1389 1907 deprimit,
1406 1879 1456 1900 nec
1470 1871 1569 1898 Filium
1586 1878 1635 1898 nec
1645 1870 1754 1898 Patrem

973 1918 1061 1950 habet,
1076 1917 1123 1945 sed
1134 1922 1176 1945 est
1192 1918 1291 1953 impius
1301 1922 1328 1945 et
1339 1918 1439 1945 infideli
1451 1918 1578 1950 deterior,
1594 1916 1755 1952 quidvisque

971 1963 1062 1999 potius
1084 1971 1166 1998 quam
1184 1963 1357 1991 Christianus
1381 1963 1477 1991 merito
1492 1971 1524 1991 ac
1541 1963 1602 1998 jure
1618 1963 1756 1998 putandus

972 2012 1023 2036 est.
1039 2008 1271 2042 Quemadmodum
1288 2009 1359 2036 enim
1378 2016 1460 2035 unum
1476 2012 1517 2035 est
1532 2007 1663 2042 baptisma
1683 2006 1755 2041 quod

973 2054 1000 2081 in
1015 2053 1095 2082 Patre
1109 2060 1136 2082 et
1151 2054 1219 2082 Filio
1229 2060 1255 2082 et
1267 2054 1368 2090 Spiritu
1384 2059 1478 2082 sancto
1492 2055 1572 2082 datur
1587 2061 1594 2078 :
1609 2056 1638 2080 ut
1651 2059 1704 2080 una
1718 2052 1756 2079 si-

973 2100 1072 2128 militer
1087 2100 1151 2128 ﬁdes
1165 2105 1206 2128 est
1224 2101 1251 2128 in
1264 2101 1386 2128 eamdem
1395 2100 1564 2132 Trinitatem,
1580 2099 1756 2134 quemadmo-

141 2145 190 2181 μία
203 2146 293 2178 πίστις
305 2147 377 2173 ἐστὶν
392 2147 431 2178 εἰς
449 2146 543 2182 αὐτὴν,
558 2146 595 2178 ὡς
618 2145 693 2173 εἶπεν
720 2148 735 2174 ὁ
754 2147 920 2180 Ἀπόστολος·

975 2146 1040 2175 dum
1053 2146 1128 2174 docet
1137 2147 1282 2182 Apostolus
1291 2148 1314 2163 ⁵³³
1326 2156 1333 2174 :
1346 2148 1381 2174 ita
1390 2151 1482 2175 sancta
1499 2145 1628 2179 Trinitas,
1637 2152 1697 2180 qute
1710 2153 1755 2172 ca-

175 2249 198 2265 "
218 2248 318 2284 Ephes.
332 2256 369 2280 Iv,
383 2249 410 2275 5.

176 2337 233 2372 (51)
254 2337 298 2365 Sic
324 2337 424 2373 Regius
447 2338 561 2373 primus,
577 2337 638 2372 Seg.
657 2336 734 2365 Gobl.
753 2342 780 2365 et
803 2337 922 2366 Felckm.

140 2373 422 2408 primusaAliirautem
435 2378 462 2400 et
474 2374 548 2404 editi,
563 2374 642 2408 αὐτῇ.

177 2407 233 2442 (52)
254 2407 300 2443 Sic
324 2407 424 2442 Regius
451 2409 567 2443 primus,
582 2406 642 2442 Seg.
660 2408 738 2436 Gobl.
756 2410 783 2434 et
804 2406 921 2435 F‘elckm.

139 2441 257 2477 primus.
271 2441 342 2470 Editi
356 2441 420 2470 vero
435 2441 462 2470 et
481 2443 526 2470 alii
549 2441 657 2470 articul.
669 2443 708 2478 τῷ
722 2443 860 2478 omittunt,
876 2443 923 2478 qui

139 2482 167 2504 et
187 2478 267 2504 iidem
293 2485 357 2505 mox
372 2478 472 2505 habent
486 2478 552 2504 αὐτὸ
563 2478 593 2504 τὸ
603 2477 714 2512 Πνεῦμα
735 2477 782 2504 τοῦ
796 2477 873 2504 Θεοῦ.
886 2477 924 2505 ⁷Αι

141 2512 242 2547 Regius
260 2512 375 2547 primus,
395 2513 457 2548 Seg.
478 2513 557 2540 Gobl.
575 2517 605 2540 et
617 2512 736 2540 Felekm.
752 2512 856 2547 primus
873 2513 923 2540 ha-

140 2548 205 2575 bent
222 2551 251 2574 ut
267 2547 310 2575 hic
324 2552 423 2575 exsmt.

176 2582 231 2618 (55)
254 2581 299 2609 Sic
313 2582 414 2618 Regius
429 2583 544 2617 primus,
563 2581 623 2617 Seg.
639 2581 720 2610 Basil.
731 2581 886 2609 Goblerian.
897 2587 923 2618 et

140 2617 261 2645 Felckm.
279 2618 392 2651 primus.
410 2618 506 2645 Cmteri
527 2625 590 2644 vero
613 2625 674 2644 cum
694 2617 784 2650 editis,
804 2617 924 2652 κατηγά-

139 2661 214 2687 γετε.
233 2652 294 2679 Mox
307 2652 372 2687 Reg.
388 2653 416 2685 2,
431 2652 625 2686 συνεξισοῦται.

175 2687 233 2720 (Si)
255 2685 360 2721 Regius
371 2688 484 2722 primus,
500 2685 562 2722 Seg.
585 2687 663 2714 Gobl.
682 2691 709 2715 et
730 2685 848 2713 Felekm.
867 2687 923 2722 pri-

139 2730 213 2753 mus,
228 2730 392 2757 anonymus,
406 2723 567 2756 particulam
583 2722 629 2749 καί
645 2723 690 2749 hic
702 2722 804 2749 addunt
817 2725 844 2748 et
857 2730 923 2756 pau-

139 2757 164 2783 lo
183 2761 244 2793 post
257 2757 345 2793 ταύτῃ
360 2757 461 2793 habent
475 2767 481 2784 2
496 2758 541 2784 alii
554 2765 619 2784 vero
637 2762 665 2784 et
677 2757 742 2793 editi
767 2757 862 2791 partic.
877 2757 922 2784 καί

139 2792 281 2828 omittunt,
293 2796 324 2828 et
332 2792 383 2828 pro
397 2792 482 2828 ταύτῃ
500 2793 600 2819 habent
611 2793 644 2828 τῇ
658 2792 772 2828 οερτητι.

177 2826 234 2862 (55)
256 2826 302 2854 Sic
317 2827 417 2862 Regius
435 2826 538 2862 primus
552 2831 578 2856 et
594 2826 654 2862 Scit.
673 2827 743 2855 Editi
759 2834 822 2855 vero
837 2831 863 2855 et
877 2826 923 2854 alii

974 2335 1100 2371 particul.
1118 2344 1147 2371 τε
1163 2334 1300 2371 omittunt.

1010 2371 1066 2406 (56)
1078 2370 1115 2407 fin
1135 2370 1195 2405 Seg.
1219 2370 1298 2407 G_obl._
1314 2374 1340 2396 et
1366 2369 1485 2407 Felckm.
1503 2370 1670 2407 primo,rvox
1691 2371 1756 2407 ὑμῖν

975 2405 1061 2434 abest.
1078 2406 1170 2441 Iidem
1184 2410 1210 2432 et
1235 2405 1334 2440 Regius
1356 2406 1458 2440 primus
1471 2410 1533 2440 post
1546 2406 1657 2433 τοιαῦτα
1673 2405 1756 2441 parti-

974 2442 1062 2469 culam
1078 2441 1126 2474 μέν
1140 2440 1253 2471 addunt.
1268 2448 1328 2474 quze
1342 2441 1376 2466 ab
1390 2441 1452 2467 aliis
1464 2446 1491 2467 et
1506 2441 1585 2468 editis
1602 2440 1689 2469 abest.

1010 2475 1183 2512 (57))Begiuﬁs
1201 2475 1315 2512 primus,
1329 2475 1393 2512 Seg.
1418 2475 1495 2512 Gobl.
1515 2480 1541 2502 et
1556 2475 1674 2503 Felclun.
1693 2476 1717 2506 Ι,
1739 2476 1756 2510 ἡ

973 2509 1018 2548 εἰς’
1026 2509 1136 2548 ταύτην
1142 2509 1237 2548 (601]ιᾷ
1250 2515 1282 2548 et_
1291 2509 1542 2548 Felckmxprimns,
1556 2511 1654 2548 αὐτήν)
1668 2509 1756 2548 παραξ

973 2547 1098 2581 διδομένη
1106 2544 1204 2580 ἰρύσις.
1219 2544 1319 2581 Regius
1334 2545 1352 2571 9.
1366 2544 1534 2581 rtVOttohun.
1552 2546 1591 2573 sic
1610 2544 1717 2576 habent,
1729 2547 1754 2581 νὴ

973 2582 1013 2613 είς
1033 2580 1119 2616 αὐτὴν
1143 2580 1345 2616 παραδεδομένην(
1368 2580 1458 2616 πίστις
1475 2581 1604 2607 συνάπτει
1622 2581 1660 2616 τῷ
1686 2580 1753 2615 Θεῷ.

974 2616 1041 2644 Ibid.
1054 2614 1153 2651 Regius
1168 2614 1283 2650 primus,
1296 2614 1357 2651 seg.
1371 2614 1448 2651 Gobl.
1464 2621 1491 2643 et
1505 2616 1624 2644 Felckm.
1640 2614 1754 2651 primus,

974 2650 1135 2687 auunymiis,
1151 2650 1502 2687 Ιιίιίωιις»ὑπεξαιρούμενοςῗ
1512 2652 1564 2677 Alii
1582 2650 1647 2679 vero
1661 2656 1687 2678 et
1699 2651 1756 2678 edi—

974 2687 1004 2719 ti,
1022 2685 1303 2722 btpatpoduavo;._hlo;(
1320 2693 1368 2719 pro
1381 2685 1426 2722 καί
1440 2685 1538 2722 Regius
1551 2687 1568 2712 εὶ
1578 2687 1595 2722 ἢ
1612 2687 1701 2713 habet.

1001 2720 1066 2757 -(58)
1087 2721 1164 2757 (ῥοὴ).
1182 2725 1208 2748 et
1224 2720 1458 2757 Felektnlprinrus
1473 2721 1548 2747 οὐδέν
1564 2720 1702 2749 omittunt.

1009 2755 1066 2792 (59)
1087 2756 1184 2792 Βοκίας»
1205 2756 1320 2790 primus,
1411 2756 1489 2783 Gobl.
1502 2762 1527 2792 et
1543 2757 1660 2784 Felcknt.
1677 2757 1702 2786 1,
1718 2757 1756 2782 εἰ-

974 2790 1069 2823 κότως.
1090 2791 1249 2826 Ροιιιογιιοδι
1267 2798 1316 2826 pro
1336 2790 1481 2826 διδόμενον,
1500 2791 1581 2819 Basil.
1605 2792 1683 2820 habet
1703 2793 1755 2817 5m-

974 2826 1120 2863 διδόμενον,
1135 2831 1160 2853 et
1176 2825 1274 2862 Regius,
1289 2825 1315 2858 2,
1336 2825 1530 2863 τελειούμενον.
