1974 3037
262 128 316 159 599

557 128 586 158 S.
604 129 790 157 ATHANASII
809 128 884 157 OPP.
905 128 994 156 PARS
1014 129 1035 156 Ι.
1054 144 1089 149 -
1106 127 1295 156 HISTORICA
1316 126 1360 154 ET
1381 117 1602 154 DOGMATICA:

1809 126 1855 154 600

262 189 322 216 dem
333 185 362 215 in
373 187 465 222 seipsa
479 190 564 219 est,et
575 193 668 214 secum
682 186 740 222 ipsa
754 187 897 222 conjuncta
912 191 964 218 est,
974 187 1040 214 nihil

1093 187 1179 218 οὕτως
1196 188 1212 222 ἡ
1230 187 1294 220 ἁγία
1310 186 1405 222 Τριὰς,
1430 186 1446 221 ἡ
1474 185 1542 221 αὐτὴ
1567 182 1634 212 οὖσα
1648 185 1727 220 ἑαυτῇ
1740 184 1801 220 (ω),
1819 187 1858 213 καὶ

263 234 291 260 in
306 240 335 260 se
348 240 437 259 rerum
452 232 583 258 factarum
598 231 693 264 babet;
713 232 823 266 haecque
832 231 972 260 Trinitatis
983 233 1044 259 uni-

263 283 304 306 tas
321 277 457 305 individua
469 276 671 311 est,unaquein
686 277 808 304 eamdem
818 277 884 304 lides
898 282 947 305 est.
964 277 1042 311 Quod

262 325 285 351 si
306 323 343 351 uti
359 331 416 356 vos,
430 322 548 357 'l‘ropici,
570 323 715 350 commenti
732 323 808 355 estis,
826 331 879 350 non
904 324 939 350 ita
953 331 982 351 se
998 330 1042 351 res

262 368 351 400 habet,
361 368 417 400 sed,
432 372 461 395 ut
471 368 639 400 somniastis,
651 368 768 403 Spiritus
776 374 887 397 sanctus
902 377 945 397 res
952 374 1041 397 creata

261 423 277 442 ιι
289 415 365 443 vobis
384 414 484 442 dicitur
499 423 507 442 :
519 415 575 449 jam
591 422 644 441 non
664 423 717 442 una
729 420 771 443 est
790 416 856 444 ﬁdes
871 421 971 448 vestra,
987 422 1042 443 non

262 469 344 488 unum
365 461 509 496 baptisma,
523 461 570 488 sed
587 462 660 489 duo:
675 470 759 489 unum
777 463 880 490 scilicet
894 462 920 489 in
935 462 1041 490 Patrem

260 513 287 534 et
303 506 412 536 Filium.
429 507 502 534 aliud
517 507 544 534 in
560 508 685 542 angelum
703 508 749 543 qui
767 516 810 536 res
822 513 910 535 creata
927 513 985 541 est;
999 508 1041 535 ni-

262 553 354 588 hilque
365 553 421 588 jam
441 553 518 581 vobis
537 554 662 586 ﬁrmum,
678 554 744 581 nihil
757 562 849 580 verum
866 553 1040 588 superfuerit.

260 599 326 633 Quae
346 600 418 626 enim
442 599 598 626 communio
618 600 687 627 inter
701 607 757 627 rem
779 599 877 627 factam
890 604 917 627 et
931 599 989 634 ejus
1003 599 1043 627 ef—

259 645 406 673 fectorem?
429 644 476 672 Vel
508 653 568 680 qua;
593 645 708 673 societas
735 646 806 673 inter
830 653 873 672 res
898 645 1042 673 inferiores

258 695 364 719 creatas
379 696 406 718 et
421 689 537 718 Verbum
554 689 575 718 a'
586 699 641 727 quo
650 692 788 725 productae
799 692 879 718 sunt?
894 691 973 719 Certe
981 692 1043 719 bea-

259 742 304 764 tns
320 736 433 770 Paulus,
450 737 497 772 qui
514 736 565 764 ista
582 737 693 763 minime
706 737 857 772 ignorabat.
870 744 925 764 non
940 742 970 764 ut
983 745 1041 770 vos,

259 782 418 810 Trinitatem
434 782 540 815 dividit,
554 782 601 809 sed
612 782 671 816 ejus
687 782 817 810 unitatem
832 783 981 810 luculenter
994 783 1043 809 do-

258 833 299 856 θυι
311 836 372 856 cum
387 829 420 856 de
437 827 625 863 spiritualibus
639 827 720 855 rebus
734 828 766 855 ad
781 828 936 856 Corinthios
948 828 1043 856 scribit

259 879 286 901 et
302 873 393 902 omnia
408 873 441 900 ad
459 881 542 900 unum
555 872 638 900 Deum
651 872 758 900 Patrem
771 877 899 908 tanquam
914 873 946 900 ad
961 878 1043 908 caput
1057 866 1078 894 Β

260 921 311 946 hoc
325 923 404 954 pacto
414 919 519 947 reducit
531 929 538 946 :
554 929 563 945 ι
574 918 723 947 Divisiones
734 927 799 947 vero
811 920 958 954 gratiarum
968 923 1040 952 sunt,

259 966 328 993 idem
341 970 431 992 autem
448 964 564 999 Spiritus
580 973 588 991 :
607 969 635 992 et
647 964 796 992 divisiones
813 964 1042 992 ministrationum

259 1015 333 1046 sunt,
347 1011 416 1039 idem
430 1016 520 1039 autem
532 1011 662 1038 Dominus
678 1020 685 1038 :
703 1016 730 1038 et
745 1011 892 1038 divisiones
907 1011 1041 1046 operatio-

258 1065 323 1086 num
344 1061 417 1090 sntit,
431 1057 500 1084 idem
517 1065 581 1084 vero
597 1057 678 1089 Deus,
693 1057 739 1092 qui
762 1062 890 1092 operatur
906 1057 996 1084 omnia
1014 1057 1041 1084 in

258 1103 385 1130 Omnibus
397 1103 430 1130 ⁸⁷.
448 1112 458 1128 ι
469 1102 535 1135 Qua!
545 1103 617 1130 enim
635 1102 752 1138 Spiritus
767 1103 882 1138 singulis
893 1103 1041 1135 distribuit,

257 1156 289 1174 ea
301 1155 316 1174 a
327 1147 405 1174 Patre
420 1155 466 1182 per
481 1146 598 1174 Verbum
612 1147 719 1175 dantur.
734 1147 801 1175 Nam
817 1148 907 1175 omnia
922 1156 983 1182 quae
991 1147 1041 1176 Pa-

259 1194 308 1221 tris
320 1198 394 1225 sunt,
406 1198 470 1222 sunt
492 1193 556 1221 item
576 1193 636 1221 Filii
651 1203 658 1221 :
679 1194 750 1221 unde
769 1201 800 1221 ea
815 1201 876 1228 quae
890 1201 905 1221 a
921 1193 989 1220 Filio
1014 1194 1040 1221 in

258 1241 361 1275 Spiritu
378 1241 487 1273 dantur,
503 1247 564 1267 vera
579 1244 644 1267 sunt
658 1239 747 1267 Patris
766 1246 890 1266 munera.
911 1239 1042 1266 Similiter

257 1295 318 1315 cum
335 1286 454 1322 Spiritus
470 1287 496 1313 in
514 1287 591 1314 nobis
605 1290 657 1319 est,
671 1287 800 1318 Verbum,
815 1293 830 1312 a
842 1293 896 1320 quo
909 1285 984 1313 illum
996 1294 1041 1313 ac-

257 1333 384 1368 cipimus,
396 1333 423 1360 in
441 1332 520 1360 nobis
530 1333 610 1359 etiam
623 1337 674 1365 est,
688 1337 715 1359 et
731 1333 759 1359 in
775 1331 864 1359 Verbo
876 1336 917 1359 est
931 1339 1041 1367 quoque

256 1378 346 1412 Pater,
359 1383 439 1414 atque
456 1379 493 1406 ita
508 1379 539 1407 iit
554 1379 644 1406 istud:
663 1388 673 1404 ‹
684 1377 831 1406 Veniemus
843 1385 894 1413 ego
911 1382 938 1405 et
949 1377 1039 1411 Pater,

256 1428 284 1452 et
300 1424 467 1452 mansionem
483 1424 555 1460 apud
575 1432 637 1451 eum
659 1423 791 1452 faciemus
799 1425 832 1457 ⁸⁸,
847 1434 857 1450 ι
880 1425 917 1451 uti
930 1424 987 1459 jam
998 1423 1040 1451 di-

256 1475 330 1498 ctum
345 1474 396 1498 est.
413 1469 463 1498 Ubi
477 1471 549 1497 enim
569 1471 614 1498 lux
627 1475 680 1501 est.
689 1471 744 1498 illic
754 1475 781 1498 et
793 1471 921 1506 splendor
931 1479 1040 1506 quoque

256 1520 317 1544 est:
334 1517 379 1544 ubi
392 1517 456 1544 item
474 1516 601 1552 splendor
617 1521 669 1549 est,
685 1517 721 1544 ibi
739 1517 865 1545 similiter
875 1522 901 1544 et
912 1517 972 1552 ejus
984 1518 1040 1545 eiii-

1072 256 1079 261 .
1094 233 1218 268 ήνωμένη
1230 232 1298 268 πρὸς
1308 232 1418 268 ἑαυτὴν,
1431 231 1506 258 οὐδὲν
1525 231 1581 266 ἔχει
1591 231 1619 257 ἐν
1634 231 1713 266 ἑαυτῇ
1728 231 1778 257 τῶν
1790 239 1859 266 γενη-

1092 278 1154 305 τῶν·
1171 278 1218 305 καὶ
1231 276 1300 313 αὕτη
1314 278 1363 312 τῆς
1379 276 1492 312 Τριάδος
1504 278 1520 312 ἡ
1538 275 1687 312 ἀδιαίρετος
1701 276 1789 311 ἑνότης
1802 276 1858 312 (61),

1092 323 1139 350 καὶ
1151 323 1199 358 μία
1213 324 1230 358 ἡ
1247 323 1287 354 είς
1298 323 1399 358 ταύτην
1413 322 1504 354 πίστις
1522 322 1605 349 ἐστίν.
1634 322 1664 348 El
1678 321 1706 349 δὲ
1728 322 1794 349 κατὰ
1817 323 1860 358 τὴν

1092 369 1168 404 ὑμῶν
1189 369 1243 395 τῶν
1262 369 1404 405 Τρωικῶν
1419 368 1592 404 ὲπεξεύρεσιν
1615 368 1664 403 οὐχ
1692 366 1774 399 οὕτως
1787 368 1861 400 ἐστὶν,

1092 415 1148 441 ἀλλ’
1163 415 1357 451 ὲνυπνιάσθητε
1370 415 1472 450 κτίσμα
1487 414 1544 450 (6‘3)
1565 415 1654 448 λέγειν
1669 414 1699 441 τὸ
1714 413 1820 449 Πνεῦμα
1836 414 1863 441 τὺ

1092 462 1177 496 ἆγιον·
1192 461 1283 488 οὐκέτι
1300 462 1349 497 μία
1376 462 1466 493 πίστις
1490 462 1563 488 ἐστὶν
1592 461 1679 496 ὑμῶν,
1700 460 1757 487 οὐδὲ
1773 461 1800 487 ἓν
1820 460 1862 495 βά-

1092 516 1208 543 πτισμα,
1220 507 1289 534 ἀλλὰ
1306 507 1361 534 δύο·
1375 507 1403 534 ἒν
1420 507 1471 543 μὲν
1488 508 1527 538 είς
1544 506 1653 542 Πατέρα
1672 506 1719 533 καὶ
1730 506 1798 532 Υἰόν·
1812 506 1863 532 ἓτε-

1093 562 1139 588 ρον
1157 553 1186 579 δὲ
1201 553 1241 584 εἰς
1269 553 1382 587 ἄγγελον
1414 552 1515 588 κτίσμα
1537 551 1612 578 ὂντα·
1633 551 1680 578 καὶ
1700 551 1772 578 οὐδὲν
1782 551 1863 578 λοιπὸν

1093 599 1170 634 ὑμῶν
1184 599 1304 634 ἀσφαλὲς
1321 599 1381 626 οὐδὲ
1406 598 1514 633 ἀληθές.
1529 598 1598 625 Ποία
1623 597 1677 632 γὰρ
1695 597 1815 623 κοινωνία
1824 605 1863 630 γε-

1092 644 1164 679 νητῷ
1184 644 1230 670 καὶ
1256 643 1432 679 δημιουργῷ;
1454 644 1489 670 Ἦ
1522 643 1587 669 ποία
1622 642 1716 677 ἑνότης
1733 643 1785 672 τοῖς
1799 641 1865 668 κάτω

1092 690 1222 725 κτίσμασι
1262 690 1309 716 καὶ
1338 689 1378 724 τῷ
1406 689 1492 716 ταῦτα
1520 688 1750 724 δημιουργήσαντι
1780 687 1864 721 Λόγῳ;

1092 735 1176 762 Τοῦτο
1190 735 1268 767 εἰδὼς
1291 736 1305 762 6
1337 735 1472 770 μακάριος
1498 734 1622 766 Παῦλος,
1647 735 1680 760 οὐ
1710 734 1803 768 διαιρεί
1822 733 1865 767 τὴν

1092 781 1205 817 Τριάδα,
1219 781 1312 816 ὥσπερ
1327 781 1416 816 ὑμεῖς,
1431 780 1499 807 ἀλλὰ
1521 780 1571 815 τὴν
1595 779 1708 815 ἑνότητα
1726 779 1821 814 ταύτης
1833 778 1865 804 δι-

1092 826 1198 853 δάσκων
1212 826 1314 862 ἔγραψε
1335 825 1485 861 Κορινθίοις
1512 826 1576 860 περὶ
1598 825 1652 851 τῶν
1677 823 1864 860 πνευματικῶν,

1092 873 1139 900 καὶ
1156 873 1190 900 τὰ
1209 873 1296 900 πάντα
1313 873 1351 904 εἰς
1365 872 1414 899 ἕνα
1424 872 1490 898 Θεὸν
1500 872 1546 898 τὸν
1557 871 1668 907 Πατέρα
1682 870 1865 905 ἀνακεφαλαιοῑ

1091 919 1189 954 λέγων*
1203 928 1212 944 ι
1233 918 1384 954 Διαιρέσεις
1397 918 1425 944 δὲ
1445 917 1622 953 χαρισμάτων
1639 916 1702 948 εἰσὶ,
1716 915 1747 942 τὸ
1759 915 1786 942 δὲ
1810 914 1866 941 abri-

1092 964 1213 999 Πνεῦμα”
1230 964 1277 991 καὶ
1294 964 1440 1000 διαιρέσεις
1459 962 1601 990 διακονιῶν
1631 963 1711 993 εἰσιν,
1722 963 1737 988 6
1752 961 1779 988 δὲ
1794 960 1866 991 αὐτὸς

1091 1011 1192 1046 Κύριος
1210 1010 1276 1045 (65)·
1291 1010 1337 1037 καὶ
1362 1009 1508 1045 διαιρέσεις
1525 1007 1721 1045 ἐνεργημάτων
1728 1007 1803 1038 εἰσὶν,
1818 1007 1830 1033 6
1843 1006 1866 1033 δὲ

1091 1057 1172 1088 αὐτὸς
1186 1056 1251 1088 Θεὸς
1263 1056 1277 1082 6
1288 1055 1406 1092 ἐνεργῶν
1425 1055 1459 1082 τὰ
1479 1055 1568 1082 πάντα
1583 1055 1611 1083 ὲν
1642 1055 1734 1080 πᾶσιν.
1747 1063 1756 1079 ι
1775 1054 1806 1079 Ἀ
1820 1052 1867 1088 γὰρ

1090 1103 1120 1130 τὺ
1134 1102 1245 1138 Πνεῦμα
1258 1101 1365 1137 ἑκάστῳ
1378 1102 1485 1138 διαιρεῖ,
1501 1101 1587 1128 ταῦτα
1611 1101 1689 1136 παρὰ
1703 1100 1749 1127 τοῦ
1772 1100 1866 1135 Πατρὸς

1090 1148 1134 1176 διὰ
1147 1148 1194 1176 τοῦ
1208 1148 1294 1182 Λόγου
1309 1149 1476 1184 χορηγεῖται.
1493 1148 1586 1178 Πάντα
1611 1147 1668 1183 γὰρ
1690 1147 1724 1173 τὰ
1749 1145 1794 1172 τοῦ
1818 1147 1866 1173 Πα-

1089 1194 1164 1230 τρὸς,
1181 1194 1228 1221 τοῦ
1244 1194 1309 1221 Υἱοῦ
1328 1195 1397 1221 ἔστι·
1411 1194 1450 1221 διὸ
1467 1195 1514 1220 καὶ
1540 1194 1574 1221 τὰ
1590 1194 1667 1230 παρὰ
1690 1194 1736 1222 τοῦ
1764 1193 1824 1220 Υίοῦ
1843 1193 1866 1219 ὲν

1090 1241 1227 1276 Πνεύματι
1239 1241 1365 1276 διδόμενα
1378 1240 1425 1267 τοῦ
1446 1241 1553 1276 Πατρός
1563 1242 1621 1278 ὲειτι
1642 1242 1806 1278 χαρίσματα.
1819 1239 1866 1267 Καὶ

1089 1286 1136 1313 τοῦ
1151 1286 1307 1322 Πνεύματος
1324 1286 1352 1313 δὲ
1365 1286 1440 1318 ὅντος
1455 1287 1484 1313 ὲν
1494 1287 1570 1322 ἡμῖν,
1586 1288 1632 1319 καὶ
1641 1287 1656 1313 ὁ
1677 1289 1761 1323 Λόγος
1774 1289 1787 1315 ό
1799 1286 1867 1314 τοῦτο

1089 1332 1176 1364 διδούς
1192 1332 1265 1358 ἐστιν
1280 1333 1309 1359 ὲν
1323 1333 1389 1369 ἡμῖν
1401 1332 1468 1367 (64),
1496 1333 1542 1359 καὶ
1558 1333 1587 1359 ὲν
1611 1333 1650 1369 τῷ
1670 1335 1748 1370 Λόγῳ
1772 1333 1839 1362 ἐστὶν
1855 1334 1867 1359 ό

1090 1378 1194 1414 Πατήρ·
1209 1379 1256 1405 καὶ
1272 1377 1358 1410 οὕτως
1370 1379 1427 1404 ἐστὶ
1443 1378 1484 1411 τὸ,
1517 1388 1526 1404 ι
1547 1379 1734 1416 ,Ἑλευσόμεθα
1754 1380 1806 1414 ἐγὼ
1826 1372 1873 1405 καί

1089 1425 1103 1451 6
1119 1424 1221 1460 Πατὴρ,
1238 1425 1284 1451 καὶ
1302 1424 1383 1460 μονὴν
1398 1424 1462 1460 παρ’
1475 1423 1550 1459 αὐτῷ
1561 1426 1738 1461 ποιήσομενμ
1755 1425 1867 1460 καθάπερ

1090 1469 1207 1506 εἴρηται.
1226 1470 1310 1497 Ἔνθα
1323 1470 1377 1507 γὰρ
1402 1470 1432 1498 τὸ
1455 1472 1523 1506 φῶς,
1536 1472 1595 1498 ἐκεῖ
1607 1472 1653 1498 καὶ
1670 1471 1724 1508 (65)
1742 1472 1772 1498 τὸ
1789 1471 1867 1498 ἀπαύ-

1089 1524 1192 1550 γασμα·
1220 1517 1266 1542 καὶ
1286 1515 1350 1542 ἔνθα
1362 1516 1393 1542 τὺ
1408 1517 1588 1553 ἀπαύγασμα,
1610 1518 1671 1544 ἐκεῖ
1694 1517 1740 1544 καὶ
1756 1516 1866 1552 ήτούτον

256 1561 356 1589 cientia
369 1566 396 1589 et
407 1562 547 1596 splendida
561 1567 602 1589 est
617 1562 713 1597 gratia.
727 1562 805 1595 Quod
820 1562 890 1589 idem
902 1562 1003 1590 Paulus
1013 1563 1040 1589 in

1091 1561 1215 1596 ἐνέργεια
1232 1562 1279 1588 καὶ
1294 1561 1435 1597 αὑγοειδὴς
1449 1562 1539 1598 χάρις.
1566 1563 1621 1589 Καὶ
1646 1563 1728 1590 τοῦτο
1746 1563 1820 1590 πάλιν
1832 1562 1866 1589 δι-

257 1606 377 1634 secunda
391 1606 509 1641 Epistula
531 1607 565 1634 ad
579 1606 736 1635 Corinthios
764 1607 808 1635 bis
832 1608 920 1635 verbis
943 1607 1038 1635 docet:

259 1661 270 1678 ι
279 1652 371 1680 Gratia
380 1651 487 1679 Domini
497 1653 582 1680 nostri
590 1652 654 1680 Jesu
664 1653 776 1686 Christi,
784 1658 811 1681 et
819 1653 940 1681 cbaritas
948 1653 1005 1686 Dei,
1014 1658 1041 1681 et

257 1697 470 1726 communicatio
486 1699 572 1725 sancti
588 1697 705 1734 Spiritus
718 1699 754 1727 sit
772 1707 833 1726 cum
850 1699 978 1727 omnibus
993 1695 1040 1726 vo:

257 1743 300 1771 bis
308 1743 341 1770 ".
359 1752 368 1769 ι
381 1742 472 1771 Gratia
487 1744 566 1780 543
578 1744 650 1771 enim
662 1749 688 1772 et
701 1745 801 1772 donum
818 1745 891 1780 quod
906 1745 932 1772 in
950 1745 1040 1772 Trini-

258 1794 312 1816 tate
326 1789 416 1821 datur,
432 1789 512 1816 datur
526 1798 541 1816 a
554 1789 635 1818 Patre
647 1798 695 1825 per
709 1790 808 1817 Filium
823 1791 848 1818 in
864 1789 967 1826 Spiritu
982 1799 1041 1819 san-

258 1840 312 1863 cto.
330 1835 398 1863 Nam
411 1836 640 1870 quemadmodum
655 1845 688 1864 ex
701 1836 781 1864 Patre
793 1845 840 1872 per
854 1837 951 1864 Filium
962 1838 1041 1864 datur

257 1882 355 1917 gratia,
370 1882 406 1909 ita
424 1883 451 1909 in
470 1883 548 1910 nobis
561 1883 618 1909 ﬁeri
633 1891 685 1910 non
702 1887 792 1917 potest
808 1883 871 1910 doni
885 1884 1041 1910 communi-

257 1929 329 1956 catio
343 1929 394 1956 nisi
408 1930 433 1956 in
449 1929 550 1964 Spiritu
563 1934 666 1957 sancto.
683 1929 770 1964 Hujus
784 1922 1041 1964 siquidem’partici-

257 1983 305 2011 pes
321 1975 417 2009 ell‘ccti,
427 1975 514 2004 Patris
530 1976 700 2009 cbaritatem,
712 1976 774 2003 Filii
790 1977 904 2012 gratiam
916 1981 943 2004 et
955 1976 1040 2012 ipsius

259 2021 376 2056 Spiritus
392 2021 666 2050 communicationem
681 2022 823 2051 habemus.

293 2153 337 2180 5|.
356 2152 393 2180 Ex
408 2153 451 2181 his
478 2153 561 2189 igitur
579 2162 633 2182 una
657 2155 798 2184 Trinitatis
814 2156 953 2185 elﬁcientia
981 2165 1040 2185 esse

257 2199 418 2227 ostenditur.
432 2199 486 2228 Nec
500 2202 571 2227 enim
588 2202 692 2229 diversa
707 2206 733 2230 et
743 2203 829 2230 divisa
844 2204 901 2231 dari
917 2213 932 2231 a
947 2204 1040 2239 singu—

1091 1607 1198 1634 δάσκων
1214 1609 1228 1634 6
1243 1607 1348 1640 Παῦλος
1362 1607 1480 1644 ἔγραφεν
1495 1607 1573 1641 αὖθις
1592 1609 1647 1644 (66)
1665 1610 1812 1646 Κορινθίοις
1828 1609 1867 1635 καὶ

1091 1654 1162 1689 ἐντῇ
1173 1654 1286 1690 δευτέρᾳ
1298 1654 1441 1690 Ἐπιστολῇ
1464 1655 1560 1689 λέγων·
1580 1664 1590 1680 ι
1616 1656 1648 1682 Ἡ
1666 1658 1744 1692 χάρις
1762 1655 1805 1682 τοῦ
1817 1656 1866 1682 Κυ-

1092 1700 1150 1735 ρίου
1165 1699 1242 1735 ἡμῶν
1260 1700 1346 1735 Ἰησοῦ
1373 1701 1501 1737 Χριστοῦ,
1528 1701 1602 1737 καὶὴ
1622 1703 1717 1739 ἀγάπη
1739 1702 1784 1729 τοῦ
1797 1701 1864 1733 Θεοῦ,

1091 1746 1165 1781 καὶὴ
1180 1748 1305 1773 κοινωνία
1315 1747 1362 1773 τοῦ
1385 1747 1462 1781 ἁγίου
1485 1748 1655 1783 Πνεῦματος,
1675 1748 1744 1784 μετὰ
1770 1749 1865 1775 πάντων

1092 1792 1194 1827 ὑμῶν.»
1216 1793 1247 1819 Ἦ
1265 1792 1319 1828 γὰρ
1337 1793 1463 1829 διδομένη
1476 1793 1555 1829 χάρις
1572 1794 1618 1820 καὶ
1638 1794 1728 1829 δωρεὰ
1744 1795 1771 1820 ὲν
1782 1792 1864 1828 Τριᾱδι

1091 1839 1187 1866 δίδοται
1205 1840 1280 1876 παρὰ
1292 1840 1339 1867 τοῦ
1353 1841 1458 1876 Πατρδς
1469 1841 1576 1868 δι’Υίοῦ
1594 1842 1624 1868 ὲν
1639 1842 1777 1878 Πνεύματι
1793 1841 1862 1876 ἁγίῳ.

1093 1885 1195 1922 Ὠσπερ
1211 1886 1264 1922 γὰρ
1276 1887 1307 1913 ὲκ
1321 1887 1367 1913 τοῦ
1391 1888 1495 1923 Πατρός
1524 1889 1581 1914 ἐστι
1601 1888 1635 1914 δι’
1654 1888 1718 1915 Υίοῦ
1740 1888 1791 1923 (67)
1804 1888 1818 1922 ἡ
1832 1886 1864 1912 δι-

1091 1931 1189 1966 δομένη
1204 1931 1294 1967 χάρις,
1318 1931 1404 1964 οὕτως
1429 1933 1479 1960 οὐκ
1495 1933 1527 1960 ἂν
1549 1933 1654 1967 γένοιτο
1679 1933 1802 1960 κοινωνία
1823 1931 1864 1966 τῆς

1091 1976 1190 2008 δόσεως
1207 1977 1236 2003 ὲν
1251 1978 1327 2013 ἡμῖν,
1351 1979 1375 2004 εί
1404 1978 1440 2013 μὴ
1469 1979 1497 2004 ὲν
1518 1979 1557 2014 τῷ
1572 1978 1710 2014 Πνεῦματι
1735 1979 1772 2014 τῷ
1793 1977 1862 2012 ἁγίῳ.

1091 2022 1191 2049 Τούτου
1221 2022 1275 2058 γὰρ
1300 2023 1468 2058 μετέχοντες,
1496 2024 1593 2060 ἔχομεν
1620 2024 1667 2052 τοῦ
1695 2024 1798 2060 Πατρὸς
1821 2022 1863 2057 τὴν

1091 2068 1211 2103 ἀγάπην,
1237 2069 1348 2095 καὶτοῦ
1375 2070 1441 2096 Υίοῦ
1465 2070 1514 2106 τὴν
1542 2070 1632 2107 χάριν,
1662 2071 1708 2098 καὶ
1733 2066 1862 2097 αὐτοῦτοῦ

1091 2113 1159 2140 Πνεύ
1163 2123 1246 2150 ματος
1261 2114 1310 2150 τὴν
1328 2116 1478 2144 κοινωνίαν.

1122 2160 1166 2187 51.
1184 2160 1241 2187 Μία
1256 2162 1310 2197 ἄρα
1329 2162 1375 2188 καὶ
1391 2163 1422 2189 ἐκ
1436 2162 1538 2189 τούτων
1559 2165 1575 2198 ἡ
1599 2165 1648 2198 τῆς
1664 2163 1777 2199 Τριάδος
1797 2160 1863 2196 ἐνέρ-

1090 2215 1152 2240 γεια
1162 2206 1306 2233 δείκνυται.
1322 2208 1360 2234 Οὐ
1373 2208 1427 2244 γὰρ
1438 2208 1476 2240 ὡς
1489 2209 1554 2245 παρ’
1569 2209 1684 2236 ἑκάστου
1697 2209 1808 2244 διάφορα
1822 2205 1862 2233 καὶ

258 2247 291 2274 lis
303 2247 437 2282 signiﬁcat
449 2246 606 2282 Apostolus,
623 2249 670 2276 sed
685 2257 715 2276 ea
726 2258 786 2285 quae
797 2250 906 2283 dantur,
933 2251 959 2278 in
980 2250 1039 2278 Tri-

1091 2251 1241 2287 διῃρημένα
1255 2253 1289 2279 τὰ
1303 2253 1428 2289 διδόμενα
1443 2255 1571 2290 σημαίνει
1583 2256 1598 2281 6
1624 2255 1781 2286 Ἀπόστολος
1791 2263 1797 2269 ·
1811 2252 1862 2280 ἀλλ’

293 2336 315 2351 ³⁷
336 2335 346 2362 Ι
362 2335 425 2363 Cor.
445 2344 493 2369 xu,
509 2337 570 2364 4-6.
607 2338 630 2353 "
648 2337 727 2365 Joan.
743 2347 798 2371 xxv,
814 2339 858 2367 ‘23.
897 2340 919 2356 ”
939 2341 960 2367 ll
979 2341 1043 2369 Cor.
1059 2349 1118 2373 xui,
1137 2344 1179 2372 i5.

295 2415 350 2450 (60)
371 2415 416 2443 Sic
442 2417 542 2452 Regius
567 2418 681 2452 primus,
709 2417 770 2452 Seg.
788 2418 867 2447 Gobl.
879 2424 906 2446 et
920 2419 1041 2448 Felckm.

259 2452 371 2493 primus.
385 2452 481 2479 theri
501 2461 564 2480 vero
575 2458 603 2480 et
619 2454 695 2486 editi,
716 2455 733 2489 ἡ
749 2453 815 2488 ἁγία
831 2454 914 2490 Τριὰς
928 2456 957 2481 ὲν
973 2457 1040 2492 αὐτῇ

259 2494 334 2513 (ma.
350 2488 405 2513 καί.
422 2493 473 2513 etc.

259 2494 334 2514 ουσα.
350 2493 405 2518 καί,
422 2493 473 2515 elc.

294 2521 350 2555 (61)
370 2522 448 2559 Gubl.
465 2523 633 2559 etiFelckm.
648 2523 761 2559 primus,
781 2524 886 2556 ἒνωσις.
905 2525 964 2552 Mox
987 2525 1041 2553 Re-

259 2557 439 2596 giiis‘pritnus
457 2564 483 2586 et
498 2558 572 2596 Sex”
586 2557 698 2596 ταύτην.
715 2559 767 2586 Alii
781 2561 894 2596 etAediti,
910 2561 1004 2596 αὑτήν.

295 2591 350 2631 (62)
371 2592 416 2631 Eis
426 2601 491 2621 mss.
585 2595 597 2621 1
612 2600 639 2631 et
648 2591 675 2626 ‘2,
689 2602 791 2622 necnon
805 2594 866 2630 Seg.
880 2591 1040 2623 vocem'ml-

259 2634 315 2661 αμα
333 2628 358 2653 in
374 2628 433 2655 aliis
451 2634 477 2655 et
489 2630 570 2656 editis
582 2630 711 2657 omissam
728 2628 906 2657 restituilnus.

296 2661 350 2700 (£35)
371 2662 436 2700 Erg.
451 2664 474 2694 Ι.
492 2663 554 2700 Seg.
565 2665 671 2700 Anglic.
686 2663 764 2692 Gobl.
782 2670 808 2692 et
820 2665 939 2693 Felckm.
953 2666 978 2700 l,
992 2667 1038 2694 mi

239 2718 242 2723 .
256 2695 271 2721 ό
285 2697 366 2734 αὐτὸς
376 2695 485 2734 Κύριος.

293 2731 349 2772 (64)
371 2731 538 2772 Sic_‘_liegius
562 2735 679 2772 primus,
695 2735 756 2771 Seg.
773 2735 851 2772 Gobl.
876 2741 903 2764 et
919 2736 1037 2765 Felckm.

258 2767 372 2808 primus:
388 2767 463 2808 Editi
480 2767 617 2808 autemet
635 2771 692 2808 alii,
710 2767 764 2808 Καὶ
779 2771 826 2808 τοῦ
839 2771 996 2808 Πνεύμτος
1011 2773 1040 2800 δὲ

258 2801 387 2843 ὅντρίὲν
409 2804 485 2844 ήμζν.
503 2805 549 2830 καὶ
574 2806 603 2844 έν
625 2806 711 2841 τούτῳ
720 2806 802 2844 ἀῦτῷ
818 2807 890 2834 ἐστιν
906 2801 920 2834 6
937 2801 1041 2843 Πατήρ,

257 2840 366 2867 omissis
379 2847 440 2875 qua:
454 2840 613 2868 intermedia
631 2846 702 2868 sunt.
719 2840 792 2869 Ibid.
802 2846 853 2870 art.
874 2844 887 2870 6
910 2847 972 2871 ante
986 2840 1041 2872 Πάὶὲ

1092 2423 1144 2458 τήρ
1158 2422 1238 2450 Basil.
1255 2432 1307 2452 ms.
1315 2429 1342 2452 et
1355 2424 1420 2451 editi
1435 2425 1572 2453 omittunt.

1128 2457 1182 2494 (65)
1204 2459 1249 2486 Sic
1266 2459 1332 2494 Reg.
1349 2465 1376 2487 et
1388 2458 1450 2495 Seg.
1464 2460 1534 2489 Editi
1553 2469 1616 2488 vero
1628 2465 1655 2488 et
1671 2460 1716 2488 alii
1733 2459 1778 2487 καί
1791 2457 1861 2486 omit

1092 2497 1181 2566 ἤυῗόίί)
1201 2529 1456 2566 δὶοίιεςῑυεκὸες.
1475 2530 1553 2558 Gobl.
1574 2536 1601 2559 et
1620 2531 1736 2566 Felnkm.
1754 2530 1857 2566 primus.

1092 2561 1215 2591 Attamen
1233 2565 1259 2590 hi
1275 2561 1329 2592 όιῖο
1339 2561 1579 2597 υίιίιιιίνοηιίιιυηι,
1591 2567 1680 2598 πάλιν,
1692 2561 1797 2597 αὖθιξνι
1807 2561 1856 2590 καί.

1092 2599 1144 2638 {alii
1156 2603 1182 2626 et
1194 2599 1579 2638 editi,_‘A736no)to§6t8ﬁcxuiv
1593 2602 1718 2638 ἔγραψεν.
1731 2599 1821 2638 Ιξεείυδ
1833 2597 1856 2638 ξ.

1093 2633 1222 2670 ἔγραφεν.
1239 2635 1306 2662 Ibid.
1324 2635 1406 2663 Basil.
1423 2635 1541 2664 Felrkm.
1558 2637 1575 2664 2
1590 2631 1718 2665 δί’θόῖιὶο
1735 2631 1856 2663 Columel-

1093 2677 1184 2697 vocem
1206 2670 1283 2706 ήμῶν
1307 2672 1444 2699 omittunt.
1473 2672 1552 2700 Gobl.
1572 2677 1599 2699 et
1620 2672 1736 2699 Felckm.
1752 2670 1854 2705 primus.

1092 2711 1253 2740 anonymus,
1271 2711 1333 2741 post
1354 2706 1421 2733 Θεοῦ
1447 2707 1558 2741 addunt,
1574 2708 1620 2734 καὶ
1633 2706 1747 2743 Πατρός.
1764 2709 1788 2732 ει
1802 2705 1857 2738 Ροδί

1091 2740 1258 2775 Πνεύματος.
1275 2741 1328 2775 εἴη.
1791 2773 1803 2775 _
1823 2770 1844 2775 ..

1138 2750 1352 2812 ξῦαὲῧῖ
1367 2778 1470 2812 primus
1486 2783 1512 2805 et
1525 2778 1668 2810 secundus,
1684 2770 1853 2812 Basil.__qul:

1087 2814 1114 2873 ἓξ
1218 2805 1322 2847 primus
1344 2805 1505 2849 anonymus.
1526 2814 1577 2840 Alii
1594 2805 1682 2842 autem
1698 2815 1723 2839 et
1741 2808 1800 2838 editi
1815 2805 1855 2833 ἐπὶ

1102 2860 1114 2872 5
1159 2866 1165 2872 1
1183 2855 1187 2863 γ
1202 2866 1207 2872 l
