1974 3037
109 107 158 134 601

666 103 834 132 EPISTOLA
854 104 863 130 Ι
884 104 930 132 AD
944 103 1182 137 SERAPIONEM.

1679 105 1733 134 602

108 163 149 189 δτι
162 162 198 189 τὰ
207 161 331 197 διδόμενα
343 160 399 195 (68)
411 161 440 187 ὲν
452 160 547 196 Τριάδι
559 160 670 192 δίδοται,
687 161 734 187 καὶ
752 161 786 186 τὰ
806 161 894 187 πάντα

956 162 1030 189 ritate
1045 163 1116 195 dari,
1134 162 1281 198 omniaque
1299 171 1332 190 ex
1351 171 1405 190 uno
1421 162 1475 190 Deo
1491 170 1562 190 esse.
1582 161 1629 190 Ille
1653 162 1734 197 igitur

110 208 140 241 ἐξ
155 207 213 239 ἑνὸς
224 206 290 234 Θεοῦ
304 208 371 233 ἐστι.
387 206 424 232 T6
434 205 523 232 τοίνυν
535 207 571 241 μὴ
586 206 615 232 6v
627 206 740 241 κτίσμα,
759 206 816 232 ἀλλ’
827 207 897 242 ἡνω-

112 255 193 290 μένον
206 253 244 289 τῷ
262 253 325 288 rio,
342 253 379 284 ὡς
392 253 406 279 6
422 253 483 284 Υἱὸς
502 253 605 288 ἥνωται
623 252 662 288 τῷ
676 253 773 288 Πατρὶ,
789 252 820 279 16
834 261 896 279 συν-

109 300 285 336 δοξαζόμενον
302 300 389 335 Harp).
403 299 450 325 καὶ
466 298 533 334 Υιῷ,
543 299 588 325 και
601 298 726 332 θεολογού
731 307 810 334 μενον
829 299 898 334 μετὰ

108 345 157 373 τοῦ
173 345 268 380 Λόγου,
282 345 409 381 ἐνεργοῦν
419 354 450 372 τε
462 345 533 381 ἅπερ
554 347 568 372 6
585 346 679 382 Πατὴρ
699 345 743 371 διὰ
769 344 816 372 τοῦ
833 344 897 371 1⁸ίοῦ

111 391 267 427 ἐργάζεται,
279 391 337 422 πῶς
353 391 367 417 6
381 391 469 426 λέγων
479 392 582 426 κτίσμα
595 391 644 418 οὐκ
656 391 785 426 ἄντικρυς
800 392 839 422 εἰς
851 391 898 418 αύ-

109 437 155 464 τὺν
170 437 217 464 τὸν
232 437 296 464 Υιὺν
310 437 420 470 ἀσεϐεῖς
433 437 516 464 Οὐδὲν
532 437 587 473 γάρ
610 438 683 463 ἐστιν
700 437 714 463 6
737 437 774 473 μὴ
788 436 832 463 διὰ
851 435 898 463 τοῦ

110 484 197 517 Λόγου
212 484 241 510 ὲν
251 482 289 518 τῷ
302 483 441 519 Πνεύματι
453 483 558 517 γίνεται
571 483 618 509 καὶ
634 484 796 519 ἐνεργεῖται.
814 482 899 509 Τοῦτο

110 529 159 556 καὶ
170 530 199 555 ὲν
212 529 338 565 Ψαλμοῖς
353 529 444 565 ᾅδεται
457 538 463 544 ·
478 539 486 555 ι
501 528 547 564 Τῷ
566 529 645 564 Λόγῳ
661 529 762 564 Κυρίου
777 530 801 555 oi
819 529 899 564 ούρα-

110 574 152 600 νοὶ
172 573 386 608 ἐστερεώθησαν,
411 573 457 600 καὶ
480 572 519 608 τῷ
536 573 675 608 Πνεύματι
698 573 745 600 τοῦ
768 573 899 608 στόματος

110 618 193 646 αὐτοῦ
218 620 318 654 πᾶσαή
334 619 448 654 δύναμις
458 619 562 646 αὐτῶν·
580 629 589 645 ι
604 620 652 646 καὶ
669 620 698 646 ὲν
712 619 751 654 τῷ
763 618 900 654 ἑκατοστῷ

109 663 320 699 τεσσαρακοπῷ
334 664 440 699 ὲδδόμῳ
449 664 561 700 ψαλμῷ-
578 674 587 690 ι
605 664 763 691 ’Λποστελεῖ
784 664 840 699 (69)
855 664 900 690 τὸν

111 710 197 744 Λόγον
219 709 300 736 αὐτοῦ
314 730 321 741 ,
344 710 390 736 καὶ
404 709 479 745 τήξει
498 711 585 737 αὐτά·
607 710 718 737 πνεύσει
735 710 766 737 16
789 710 906 745 Πνεῦμα

110 754 267 786 αὐτῶνκαὶ
285 755 414 790 ρυήσεται
433 755 526 782 ὕδατα.
546 765 556 782 ι
574 756 628 783 Καὶ
648 756 846 791 ἐδικαιώοημεν
860 756 898 788 δὲ,

110 800 149 832 ὡς
164 798 240 827 εἶπεν
255 801 269 826 6
288 800 462 833 ’Λπόστολος,
483 811 492 826 ι
510 802 539 828 ὲν
551 801 590 836 τῷ
604 802 715 837 ὀνόματι
734 801 781 828 τοῦ
798 802 899 837 Κυρίου

111 845 190 880 ἡμῶν
208 846 295 882 Ἰησοῦ
312 846 441 882 Χριστοῦ,
459 847 506 873 καὶ
520 847 549 874 ὲν
620 833 758 883 Πνεύματι
774 847 820 874 τοῦ
831 833 899 874 θεοῦ
915 833 937 864 Β

110 890 201 926 ἡμῶν.
223 900 233 916 ι
254 891 416 927 ’Λδιαίρετον
427 893 481 927 γάρ
492 894 551 919 ἐστι
566 892 613 919 τοῦ
626 893 712 928 Λόγου
728 893 758 920 16
776 894 897 929 Πνεῦμα.

118 937 226 973 Ἀμέλει
248 937 372 971 λέγοντος
398 939 445 965 τοῦ
466 940 567 976 Κυρίου
587 940 643 975 (70)
657 961 664 973 ,
683 949 693 966 t
719 941 900 977 Ἐλευσόμεοα

111 983 168 1017 ἐγὼ
181 983 227 1010 καὶ
247 985 261 1010 6
278 984 372 1020 Πατὴρ
386 1005 394 1017 ,
414 994 423 1010 ι
440 986 642 1021 συνεισέρχεται
664 986 694 1013 16
715 986 826 1022 Πνεῦμα
851 987 901 1013 οὐκ

111 1029 227 1065 ἄλλωςῆ
243 1030 281 1062 ὡς
291 1031 306 1057 6
321 1030 384 1062 Υἱὸς
404 1030 460 1067 (71)
476 1032 504 1058 ὲν
521 1032 587 1067 ἡμῖν
602 1033 737 1068 οἰκήσων,
750 1033 901 1068 γράφοντος

119 1077 252 1111 Ἐφεσίοις
274 1077 321 1103 τοῦ
338 1077 462 1104 Παύλου·
486 1087 496 1103 ι
518 1078 575 1105 Ἵνα
588 1078 642 1114 δῲη
673 1079 736 1114 ὑμῖν
759 1078 830 1105 κατὰ
856 1079 901 1106 16v

113 1122 228 1149 πλοῦτον
237 1123 285 1157 τῆς
302 1122 382 1158 δόξης
397 1123 490 1154 αὑτοῦ,
501 1123 614 1159 δυνάμει
633 1123 835 1160 κραταιωθῆναι
858 1125 902 1151 διὰ

113 1169 161 1195 τοῦ
178 1168 334 1203 Πνεύματος
344 1169 426 1195 αὐτοῦ
446 1169 487 1201 είς
505 1169 550 1196 16v
567 1169 621 1196 ἔσω
642 1170 794 1205 ἄνθρωπον,
812 1179 903 1197 κατοι-

115 1217 197 1251 κῆσαι
213 1215 258 1242 16v
270 1215 396 1251 Χριστόν.
413 1225 422 1241 ι
439 1215 492 1242 Τοῦ
509 1215 538 1242 δὲ
548 1216 611 1242 Υίοῦ
627 1216 656 1242 ὲν
673 1217 739 1251 ἡμῖν
755 1216 839 1248 ὄντος,
862 1216 902 1243 ἔτι

115 1263 164 1290 καὶ
177 1263 192 1289 6
205 1261 310 1297 Πατὴρ,
321 1261 444 1296 λέγοντος
461 1261 508 1288 τοῦ
524 1261 589 1287 Υἱοῦ
599 1270 607 1277 ⁸
629 1271 638 1287 ι
666 1261 736 1296 Ἐγὼ
748 1263 777 1288 ὲν
793 1262 833 1297 τῷ
845 1263 902 1289 Πα-

115 1309 171 1344 τρὶ,
188 1308 235 1335 καὶ
250 1308 264 1334 6
276 1307 369 1343 Πατὴρ
385 1307 414 1333 ἐν
429 1307 500 1342 ἐμοί.
522 1317 531 1333 ι
547 1307 592 1334 Διὸ
611 1308 674 1339 καὶ,
700 1307 842 1343 γινομένου
856 1307 903 1334 τοῦ

115 1354 203 1388 Λόγου
218 1355 246 1380 ὲν
259 1354 316 1385 τοῖς
326 1353 488 1389 προφήταις,
504 1353 533 1379 ἐν
553 1353 627 1388 αὒτῷ
645 1352 684 1388 τῷ
704 1353 844 1389 Πνεύματι
863 1353 905 1389 τῷ

115 1399 188 1435 ἁγίῳ
218 1398 428 1435 προφητεύουσι,
455 1399 510 1434 Τῆς
540 1399 606 1433 γοῦν
624 1399 734 1434 Γραφῆς
756 1399 903 1435 λεγούσης,

119 1456 129 1472 ι
153 1446 208 1473 Καὶ
224 1445 280 1481 (72)
296 1444 404 1478 ἐγένετο
421 1443 506 1478 Λόγος
522 1443 625 1480 Κυρίου
646 1453 655 1470 ι
676 1445 744 1479 πρὸς
761 1445 834 1472 τόνδε
860 1445 905 1472 τὸν

947 209 1048 243 quires
1061 214 1153 236 creata
1179 218 1243 237 nou‘
1258 213 1310 241 est,
1327 209 1374 237 sed
1390 217 1452 236 cum
1477 209 1547 236 Filio
1574 217 1628 236 non
1655 216 1734 236 secus

947 256 1109 291 conjunctus
1125 261 1176 287 est,
1192 264 1224 284 ae
1239 256 1297 291 ipse
1309 255 1396 283 Filius
1413 263 1474 283 cum
1495 255 1593 283 Patre:
1607 256 1654 291 qui
1668 256 1733 284 item

948 311 1009 330 cum
1026 302 1105 330 Patre
1120 307 1146 330 et
1161 303 1229 330 l’ilio
1239 303 1406 334 honoratur,
1422 306 1449 329 et
1464 310 1526 329 cum
1549 301 1638 329 Verbo
1663 301 1734 330 Deus

947 349 1115 383 agnoscitur,
1141 356 1248 376 necnon
1261 356 1294 375 ea
1309 348 1367 383 ipsa
1381 349 1437 383 agit
1452 355 1514 383 quae
1540 355 1587 382 per
1613 347 1731 374 Verbum

948 393 1028 422 Pater
1039 394 1138 427 eﬂieit;
1153 394 1200 428 qui
1214 401 1258 421 res
1274 398 1367 421 creata
1379 393 1434 420 dici
1451 395 1548 428 possit,
1563 394 1616 421 nisi
1638 394 1673 421 ab
1698 402 1732 421 eo

948 441 1027 475 plane
1042 441 1087 475 qui
1099 441 1126 468 iu
1143 441 1241 468 Filium
1257 440 1346 475 ipsum
1359 440 1459 475 impius
1475 440 1578 468 fuerit?
1592 440 1732 475 Siquidem

949 487 1015 513 nihil
1031 494 1142 521 prorsus
1157 491 1208 520 est,
1224 487 1295 520 quod
1309 494 1362 514 non
1378 494 1426 521 per
1438 485 1557 514 Verbum
1573 487 1619 514 ﬁat
1630 491 1657 514 et
1670 494 1733 521 aga-

949 538 992 560 tur
1005 532 1031 559 in
1049 533 1175 568 Spiritu:
1199 533 1428 571 quemadmodum
1454 533 1536 559 etiam
1564 533 1590 560 lu
1618 533 1734 560 Psalmis

949 579 1058 606 canitur
1073 588 1078 606 :
1099 588 1107 604 ι
1125 578 1214 606 Verbo
1230 578 1336 606 Domini
1353 579 1414 606 cmli
1429 579 1530 606 ﬁrmati
1544 583 1618 611 sunt,
1632 584 1658 606 et
1670 578 1732 614 Spi-

950 625 1224 660 rituorisejusomnis
1233 625 1318 652 virtus
1330 632 1425 652 eorum
1433 625 1472 658 ’°;
1484 634 1492 650 ι
1506 629 1533 652 et
1547 625 1572 651 in
1587 626 1734 652 centesimo

950 671 1158 706 quadragesimo
1171 671 1287 705 septimo
1301 671 1406 705 psalmo
1423 682 1429 696 :
1455 680 1464 696 ι
1485 671 1595 698 Emittet
1617 670 1734 698 Verbum

949 726 1042 751 suum,
1059 722 1086 745 et
1100 717 1254 752 liquefaciet
1265 725 1295 744 ea
1306 726 1313 751 ;
1323 717 1522 752 ﬂabilSpirilus
1534 717 1604 750 ejus,
1619 717 1736 744 elﬂuent

951 772 1027 798 aqua:
1041 764 1074 792 ".
1095 773 1104 789 ι
1121 762 1164 795 Ει,
1189 768 1217 790 ιιι
1232 764 1270 790 ait
1286 764 1442 798 Apostolus,
1458 773 1468 789 ‹
1487 763 1628 798 iustiﬁcati
1641 771 1735 790 sumus

951 810 978 837 in
1000 809 1108 836 nomine
1132 809 1239 836 Domini
1265 810 1350 836 nostri
1379 808 1444 836 Jesu
1467 808 1570 836 Christi
1592 812 1619 836 et
1635 809 1662 835 in
1680 807 1736 843 Spi-

951 856 1004 882 ritu
1019 855 1065 882 Dei
1082 855 1166 882 nostri
1180 856 1213 882 ".
1237 866 1245 880 ι
1261 855 1384 889 Namque
1408 854 1526 889 Spiritus
1541 862 1557 881 a
1578 853 1665 881 Verbo
1693 862 1737 880 ne-

951 902 1010 936 quit
1023 901 1116 928 dividi.
1129 900 1255 927 Prol'ccto
1271 908 1333 927 cum
1347 899 1473 927 Christus
1489 899 1538 930 ait,
1561 909 1570 924 ι
1589 898 1738 926 Veuiemus

951 955 1001 982 ego
1013 951 1040 974 et
1051 947 1130 974 Pater
1149 947 1182 979 ’³,
1206 957 1215 972 ι
1238 954 1292 973 una
1312 954 1421 980 quoque
1438 946 1520 972 intrat
1545 944 1663 980 Spiritus
1683 952 1736 971 nou

951 992 1005 1019 alio
1029 991 1111 1018 modo
1137 999 1219 1026 quam
1245 991 1330 1018 Filius
1364 991 1391 1018 in
1416 991 1495 1018 nobis
1512 990 1691 1022 habitaturus,
1708 993 1738 1017 ut

951 1037 1051 1065 Paulus
1067 1038 1100 1064 ad
1121 1037 1254 1072 Ephesios
1274 1037 1370 1065 scribit
1384 1044 1391 1062 :
1406 1045 1415 1062 ι
1439 1036 1473 1064 υι
1486 1037 1531 1064 det
1547 1037 1625 1064 vobis
1643 1044 1738 1064 secun-

952 1082 1017 1109 dum
1031 1082 1142 1110 divitias
1168 1082 1261 1117 gloriae
1284 1089 1351 1114 suae,
1376 1081 1476 1108 virtute
1501 1081 1674 1108 corroborari
1689 1089 1738 1116 per

953 1125 1083 1161 Spiritum
1100 1127 1160 1161 ejus
1174 1126 1201 1153 iu
1224 1127 1382 1154 interiorem
1413 1126 1547 1153 hominem
1563 1146 1570 1158 ,
1597 1125 1736 1153 Christum

953 1171 1075 1199 habitare
1085 1171 1118 1198 ".
1139 1181 1148 1197 ι
1164 1171 1250 1198 Porro
1264 1178 1326 1198 cum
1340 1170 1425 1198 Filius
1441 1171 1468 1197 in
1483 1171 1563 1198 nobis
1590 1175 1642 1202 est,
1658 1171 1738 1198 Pater

953 1225 1062 1252 quoque
1078 1218 1160 1245 simul
1173 1221 1264 1249 est.ut
1275 1217 1360 1244 Filius
1376 1217 1433 1252 ipse
1445 1217 1482 1244 ita
1499 1221 1636 1244 testatur:
1655 1225 1665 1242 ι
1681 1216 1738 1252 Ego

954 1263 981 1290 in
999 1263 1088 1295 Patre,
1102 1268 1128 1290 et
1141 1263 1219 1291 l’ster
1233 1263 1260 1290 in
1273 1271 1316 1291 me
1330 1264 1363 1289 ".
1382 1272 1392 1289 ι
1410 1262 1478 1289 Hinc
1490 1270 1552 1290 cum
1575 1261 1692 1290 Verbum
1711 1262 1737 1289 in

954 1310 1093 1344 prophetis
1107 1309 1194 1342 adest,
1221 1309 1260 1336 illi
1276 1309 1302 1336 in
1319 1309 1378 1344 ipso
1405 1308 1508 1343 Spiritu
1530 1313 1627 1336 sancto
1644 1308 1738 1336 vatici-

955 1360 1066 1382 nantur.
1083 1354 1160 1383 Unde
1172 1363 1234 1382 cum
1253 1355 1395 1390 Scriptura
1420 1355 1496 1387 dicit,
1512 1364 1521 1380 ι
1541 1354 1575 1381 Ει
1587 1354 1687 1382 factum
1699 1359 1740 1382 est

958 1400 1072 1428 Verbum
1085 1410 1094 1426 ι
1104 1401 1137 1428 ad
1150 1401 1229 1428 talem
1245 1401 1415 1436 prophetam,
1432 1401 1508 1427 illum
1521 1401 1547 1427 in
1562 1400 1665 1435 Spiritu
1676 1408 1740 1428 san-

955 1451 1001 1475 cto
1017 1447 1160 1474 vaticinari
1174 1448 1319 1482 signiﬁcat.
1340 1446 1408 1474 Nam
1423 1447 1449 1474 in
1462 1447 1592 1474 Zacharia
1608 1448 1738 1482 scriptum

116 1492 270 1528 προφήτην,
284 1490 418 1517 δείκνυται
433 1489 612 1525 προφητεύων
627 1490 656 1516 ὲν
670 1489 708 1525 τῷ
716 1489 855 1526 Πνεύματι
865 1490 903 1526 τῷ

956 1496 998 1520 est
1012 1502 1017 1519 :
1038 1501 1047 1518 ι
1069 1491 1261 1520 Verumtamen
1277 1492 1358 1520 verba
1375 1500 1434 1519 mea
1449 1496 1477 1519 et
1487 1492 1607 1528 legitima
1624 1500 1683 1519 mea
1695 1499 1741 1518 su-

116 1538 199 1572 ἁγίῳ.
223 1537 266 1563 Ἐν
289 1536 338 1571 μὲν
363 1535 418 1571 γὰρ
443 1535 499 1570 (75)
521 1534 560 1570 τῷ
583 1536 706 1571 Ζαχαρία
733 1537 903 1572 γέγραπται·

119 1594 130 1610 Ι
148 1583 222 1618 Πλὴν
235 1583 296 1614 τοὺς
312 1582 408 1616 λόγους
423 1590 473 1617 μου
486 1581 533 1608 καὶ
551 1581 585 1608 τὰ
599 1582 702 1616 νόμιμά
721 1590 770 1617 μου
785 1581 904 1617 δέχεσθε,

115 1630 168 1656 ὅσα
179 1627 233 1662 ἐγὼ
244 1627 400 1662 ἐντέλλομαι
409 1627 438 1653 ὲν
449 1626 587 1661 Πνεύματί
598 1635 648 1661 μου
663 1627 719 1658 τοῖς
737 1627 840 1659 δούλοις
855 1636 905 1662 μου

116 1676 176 1706 τοῖς
192 1673 342 1709 προφήταις
352 1680 358 1687 ·
376 1682 385 1698 ι
403 1673 446 1699 ὅτε
458 1672 505 1698 καὶ
521 1673 580 1707 μετ’
593 1672 670 1706 ὀλίγα
684 1673 842 1708 αἰτιώμενος
861 1673 906 1700 τὸν

118 1720 185 1748 λαὸν
202 1720 294 1754 ἔλεγε·
308 1729 316 1745 ι
331 1720 384 1754 Καὶ
398 1719 447 1754 τὴν
464 1719 577 1755 καρδίαν
588 1719 678 1746 αὐτῶν
687 1719 783 1752 ἔταξαν
794 1720 906 1755 ἀπειθῆ,

117 1767 168 1793 τοῦ
182 1766 219 1802 μὴ
235 1765 385 1793 είσακούειν
398 1767 460 1797 τοὺς
474 1766 573 1800 νόμους
588 1765 644 1801 (74)
659 1774 710 1801 μου
723 1766 770 1792 καὶ
783 1766 845 1797 τοὺς
860 1765 905 1792 λό-

118 1823 195 1849 γους.
212 1813 258 1845 οὓς
274 1813 445 1847 ἐξαπέστειλε
461 1813 561 1848 Κύριος
574 1813 768 1849 παντοκράτωρ
783 1813 811 1839 ἐν
827 1813 906 1840 [Ινεὺ-

121 1869 188 1895 ματι
201 1858 284 1886 αὑτοῦ
298 1859 326 1884 ὲν
340 1859 418 1894 χερσὶ
431 1857 485 1884 τῶν
507 1858 652 1895 προφητῷν
669 1857 750 1884 αὑτοῦ
773 1858 827 1884 τῶν
849 1858 905 1893 (75)

119 1905 275 1942 ἔμπροσθεν
288 1914 294 1920 ·
315 1915 324 1931 ι
340 1905 354 1931 6
370 1905 399 1931 δὲ
412 1904 512 1940 Πέτρος
528 1905 556 1930 ὲν
573 1906 633 1936 ταῖς
650 1903 783 1940 Πράξεσιν
798 1904 904 1939 ἔλεγεν

122 1961 132 1977 ι
152 1951 265 1988 ’Δνδρες
279 1950 399 1985 ἀδελφοὶ,
412 1950 465 1976 ἔδει
485 1949 661 1986 πληρωθῆναι
675 1950 723 1986 τὴν
736 1951 855 1986 Γραφὴν,
871 1951 905 1986 ἢν

118 1998 235 2033 προεῖπε
247 1998 277 2023 16
290 1996 402 2032 Πνεῦμα
410 1996 440 2023 16
456 1995 542 2030 ἅγιον.
565 2005 574 2022 ι
592 1996 645 2022 Καὶ
656 1997 732 2031 κοινῇ
749 1996 777 2022 δὲ
792 1997 816 2023 οἱ
838 1997 906 2023 ἀπό-

121 2043 210 2069 στολοι
226 2042 309 2069 ὲῦόων
322 2042 408 2073 οὕτως
418 2051 424 2058 υ
442 2051 451 2067 ι
467 2042 599 2074 Δέσποτα,
614 2043 629 2068 6
644 2043 759 2077 ποιήσας
768 2042 813 2068 τὸν
826 2043 906 2078 ούρα-

119 2089 176 2120 νὸν,
192 2089 238 2115 καὶ
253 2089 302 2124 τὴν
313 2089 374 2124 γῆν,
392 2088 439 2115 καὶ
451 2087 500 2124 τὴν
513 2087 661 2118 θάλασσαν,
674 2089 720 2114 καὶ
735 2087 823 2115 πάντα
835 2088 869 2115 τὰ
877 2089 906 2116 ὲν

120 2135 224 2167 αὐτοῖς,
233 2135 247 2161 6
262 2135 309 2161 τοῦ
324 2135 426 2170 πατρὸς
439 2135 455 2170 ἡ
460 2135 517 2170 μῶν
531 2134 575 2160 διὰ
584 2133 652 2161 Πνεύ
657 2143 740 2170 ματος
754 2134 830 2168 ἁγίου
846 2135 906 2161 στό-

158 2196 181 2212 ³⁰
196 2193 266 2220 Psal.
281 2200 366 2222 xxx".
378 2192 404 2218 6.

443 2192 464 2207 ⁹¹
480 2190 551 2217 Psal.
567 2198 666 2222 CXLVII,
684 2190 726 2217 18.
765 2190 788 2206 ”
804 2189 813 2216 Ι
830 2191 892 2218 (lor.
909 2200 944 2224 Vl,
963 2191 1005 2219 11.
1045 2192 1068 2208 ’⁸
1083 2191 1161 2220 Joan.
1174 2200 1231 2223 xlv,
1243 2192 1288 2220 23.

123 2239 180 2263 xiv,
195 2230 238 2257 10.
276 2228 299 2244 ’⁸
314 2227 397 2254 Zacb.
413 2234 431 2258 ι,
445 2225 471 2253 6.
509 2226 530 2241 ”
543 2225 626 2253 Zacb.
644 2234 691 2258 vn,
708 2226 750 2253 i2.
788 2226 811 2241 "
825 2226 884 2254 Act.
901 2235 903 2253 ι

956 2227 982 2254 6.
1021 2227 1044 2244 ⁹⁹
1058 2228 1117 2254 Act.
1134 2235 1171 2260 tv,
1186 2227 1230 2259 21,
1243 2228 1290 2255 25.

955 1539 1061 1574 scipile,
1074 1546 1134 1572 qua:
1147 1545 1197 1572 ego
1212 1539 1312 1566 mando
1325 1538 1353 1565 in
1373 1537 1477 1572 Spiritu
1493 1545 1553 1565 meo
1569 1538 1656 1565 servis
1669 1537 1737 1565 meis

956 1585 1096 1619 prophetis
1111 1585 1144 1612 “.
1164 1594 1174 1610 ι
1194 1583 1279 1611 Paulo
1291 1588 1353 1619 post
1368 1583 1450 1610 etiam
1469 1582 1599 1618 populqu
1617 1583 1660 1610 his
1677 1590 1739 1610 ver-

955 1631 997 1658 bis
1010 1631 1136 1665 objurgat
1151 1639 1158 1657 :
1173 1639 1182 1656 ι
1194 1629 1227 1657 Ει
1240 1637 1288 1658 cor
1302 1637 1384 1657 suum
1395 1629 1563 1656 obstinatum
1576 1631 1740 1660 statuerunt,

956 1684 990 1704 ne
1004 1677 1129 1704 audirent
1145 1677 1230 1712 legem
1248 1683 1347 1706 meam.
1359 1679 1387 1703 et
1410 1676 1491 1703 Verba
1509 1683 1571 1711 quae
1589 1675 1665 1702 misit
1692 1673 1742 1702 Do-

955 1723 1046 1750 minus
1061 1722 1234 1757 omuipotens
1249 1722 1277 1748 in
1305 1720 1408 1756 Spiritu
1427 1729 1479 1748 suo
1492 1721 1518 1748 in
1537 1722 1664 1748 manibus
1679 1728 1742 1755 pro-

956 1769 1098 1803 phetarum
1115 1768 1175 1803 ejus
1189 1768 1311 1803 priorum
1325 1768 1358 1794 ".
1379 1777 1388 1793 ι
1408 1766 1504 1796 Petrus
1524 1768 1589 1794 item
1614 1767 1641 1794 in
1668 1766 1742 1794 Actis

955 1815 993 1842 ita
1007 1814 1130 1849 loquitur
1144 1823 1151 1840 :
1168 1823 1177 1840 ι
1194 1814 1249 1841 Viri
1265 1813 1375 1845 fratres,
1391 1813 1534 1848 oportebat
1547 1812 1653 1847 impleri
1669 1811 1744 1839 Scri-

955 1865 1061 1896 pturam
1068 1868 1150 1895 quam
1157 1859 1280 1895 prazdixit
1287 1859 1405 1895 Spiritus
1411 1858 1561 1887 sanctus".
1569 1857 1670 1884 »ΞίιιιιιΙ
1679 1865 1743 1884 vero

955 1907 994 1935 sic
1005 1906 1159 1934 clamabant
1171 1907 1285 1941 apostoli
1301 1916 1307 1934 :
1322 1915 1331 1932 ι
1349 1906 1474 1939 Domine,
1486 1905 1628 1941 quil'ecisti
1644 1904 1742 1931 ctelum

954 1956 982 1980 et
995 1955 1139 1986 terram,et
1147 1960 1232 1986 mare,
1244 1957 1271 1980 et
1281 1953 1370 1980 omnia
1378 1960 1438 1987 qum
1451 1951 1478 1979 in
1494 1952 1533 1980 eis
1547 1955 1620 1981 sunt,
1629 1950 1676 1985 qui
1686 1949 1747 1984 Spi'

956 1999 1009 2025 ritu
1021 2002 1115 2026 sancto
1125 2006 1173 2033 per
1180 2006 1212 2026 os
1219 1999 1305 2032 patris
1316 1999 1402 2026 nostri
1412 1998 1505 2030 David,
1516 1998 1592 2032 pueri
1601 1995 1683 2032 544
1691 1995 1742 2028 tui,

955 2044 1049 2072 dixisti
1064 2044 1098 2071 ".
1120 2053 1130 2070 ι
1150 2044 1251 2072 Paulus
1261 2052 1372 2080 quoque
1387 2053 1448 2072 cum
1467 2044 1560 2071 Romae
1576 2048 1743 2073 versaretur,

956 2089 1057 2118 Judaeis
1082 2090 1116 2117 ad
1139 2098 1169 2118 se
1196 2091 1367 2118 venientibus
1394 2091 1506 2118 ﬁdenter
1518 2090 1627 2118 aiebat:
1645 2097 1654 2114 ι
1671 2088 1745 2115 Bene

959 2135 1078 2172 Spiritus
1089 2141 1201 2164 sanctus
1215 2137 1330 2164 ltcutus
1344 2141 1386 2164 est
1397 2144 1445 2171 per
1470 2135 1566 2164 Isaiam
1585 2134 1745 2170 prophetam

1340 2192 1364 2209 ”
1376 2191 1475 2227 Ephes.
1488 2200 1515 2224 ν,
1529 2191 1571 2219 16.
1625 2191 1649 2208 ’⁸
1665 2189 1744 2217 Joan.

159 2286 221 2324 (ϐξ).
232 2284 458 2324 Regiusprimus,
473 2283 625 2324 Seguer.het
644 2283 792 2324 Anglic._16
803 2283 903 2324 6t66pa:

958 2284 1021 2324 aliis
1034 2289 1062 2324 et
1078 2285 1157 2324 editis
1177 2289 1275 2312 exstat.
1298 2285 1359 2324 Mox
1376 2284 1441 2324 Reg.
1459 2283 1744 2324 i_._chuer.~Gohler.

122 2318 179 2350 νον.
197 2321 256 2348 Mox
275 2318 375 2354 Regius
399 2318 518 2354 primus;
531 2323 559 2346 et
585 2318 697 2354 Seguer.
717 2319 816 2346 habent
840 2319 907 2346 Θεοῦ

123 2360 190 2385 ἐστι
209 2356 261 2383 Alii
276 2361 302 2382 et
316 2355 391 2386 editi,
406 2354 473 2380 Θεοῦ
491 2356 553 2381 εισι.

160 2391 216 2426 (69)
232 2391 339 2418 Gohler.
358 2394 383 2417 et
400 2389 470 2426 fele.
487 2389 511 2421 1,
527 2389 571 2416 καὶ
590 2387 676 2426 αὖθις·
698 2389 853 2417 ’Λποστελεῖ
863 2390 908 2416 τὸν

124 2424 210 2462 Λόγον
224 2425 316 2462 αὑτοῦ,
330 2430 381 2462 etc.
401 2424 500 2462 Regius
512 2426 580 2462 item
595 2425 698 2462 primus
714 2430 740 2451 et
760 2426 907 2462 secundus,

125 2459 240 2495 Seguer.
265 2459 423 2488 Dasiliensis
451 2464 478 2486 et
503 2460 615 2495 Anglic.
633 2460 732 2495 habent
757 2460 908 2487 ἀποστελεῖ.

125 2494 223 2525 (Iaéteri
244 2501 271 2523 et
291 2496 372 2528 editi,
389 2494 570 2527 ὲξαποστελεῖ.
593 2494 653 2521 Mox
676 2494 774 2529 Regius
798 2496 911 2529 primus,

126 2534 241 2565 Seguer.
256 2531 366 2559 Gobler.
379 2535 406 2571 et
426 2529 497 2557 Felc.
516 2530 542 2570 1,
554 2530 695 2592 pulsam,
709 2530 753 2570 ubi
768 2530 813 2557 alii
827 2536 853 2557 et.
867 2531 910 2557 ed.

128 2567 284 2592 όυήσονται.
302 2566 363 2592 Mox
391 2571 454 2592 Item
479 2564 578 2592 Remus
639 2570 667 2592 et
696 2566 760 2592 edit.
781 2565 910 2592 Commel.

128 2566 364 2608 ρυήσοντᾳιέ-Μοξ
377 2565 454 2608 ‘item
479 2564 578 2604 Regius

127 2600 257 2630 omittunt
279 2600 365 2632 Ἰησοῦ
377 2600 506 2635 Χριστοῦ.

164 2637 220 2679 (70)
240 2636 372 2679 SiqReg;
387 2634 421 2679 Ξ.
435 2635 546 2674 Seguer.
569 2635 678 2663 Gobler.
697 2639 724 2662 et
743 2634 815 2662 Felc.
839 2635 865 2662 1.
880 2635 914 2662 At

128 2669 174 2700 alii
193 2669 220 2699 et
235 2672 309 2703 editi,
323 2669 371 2698 τοῦ
387 2669 513 2706 Χριστοῦ.

165 2708 222 2741 (71)
243 2707 300 2734 Art.
316 2708 330 2733 6
351 2704 419 2733 ante
434 2705 498 2736 Υἱός
509 2705 592 2741 _deest
615 2706 641 2733 in
665 2704 776 2741 nguer.
797 2704 908 2737 Ibidem,

130 2739 195 2777 Reg.
212 2743 238 2774 1,
252 2743 363 2777 Segucr.
380 2741 486 2775 Anglic.
503 2739 611 2777 G_obler.
639 2745 666 2777 et
675 2739 789 2777 lie-led.
802 2747 910 2777 necnon

129 2775 223 2805 mtiena
240 2775 332 2807 msfin
352 2776 464 2808 Lucam,
481 2775 559 2808 cujus
575 2776 697 2802 meminit
715 2775 785 2802 [θείς.
802 2775 910 2807 habent,

129 2814 244 2849 οἶκήσιῑ.
267 2811 379 2839 Videtur
403 2815 493 2839 tamen
515 2811 672 2846 legendum,
695 2811 821 2846 οἰκήσων,
841 2811 912 2839 utin

639 2570 667 2592 et
696 2565 760 2593 edit.
781 2565 911 2592 Commel.

960 2325 987 2346 et
1002 2319 1073 2347 Felc.
1092 2320 1117 2351 1,
1131 2326 1156 2346 et
1171 2325 1265 2347 catena
1282 2328 1333 2348 ms.
1353 2318 1462 2350 habent,
1475 2320 1521 2355 δῷ.
1541 2319 1605 2352 Reg.
1621 2319 1648 2350 ἓ,
1662 2318 1745 2355 δῲσῃ.

961 2355 1030 2382 Editi
1045 2363 1108 2382 vero
1121 2359 1148 2382 et
1159 2355 1223 2390 alii,
1239 2355 1305 2390 δώῃ,
1324 2359 1393 2382 utet
1409 2353 1505 2389 legitur
1522 2356 1547 2381 in
1563 2355 1656 2382 Gneco
1673 2353 1746 2390 Scri-

962 2395 1047 2424 pturze
1060 2395 1144 2417 textu.
1159 2389 1224 2417 Ibid.
1243 2389 1348 2425 Anglic.
1363 2395 1390 2417 et
1410 2390 1492 2417 Basil.
1517 2389 1748 2425 haltelitﬂxaﬁﬂﬁ

962 2423 1086 2457 ὴλοῦτος,
1101 2430 1130 2451 ιιι
1151 2430 1177 2451 et
1199 2423 1334 2458 legiturin
1351 2433 1402 2452 tus.
1419 2425 1602 2452 Alexandrino
1615 2423 1681 2450 Novi
1698 2423 1748 2451 Te-

962 2461 1101 2488 stamenti.
1121 2460 1191 2487 h’diti
1216 2461 1303 2487 Oxon.
1333 2460 1411 2487 1675.
1435 2459 1517 2488 Basil.
1541 2464 1670 2494 praeterea
1699 2466 1749 2494 pro

961 2495 1220 2539 τῆλξιξξηςηιιιυει»
1235 2496 1286 2539 τις
1299 2496 1422 2539 mnos:

998 2531 1054 2565 (72)
1069 2531 1123 2557 Καί
1137 2531 1214 2558 abest
1229 2538 1244 2556 a
1257 2530 1364 2558 Gobler.
1377 2535 1405 2557 et
1419 2530 1490 2558 Felc.
1505 2530 1530 2556 1.
1585 2563 1589 2565 Δ
1628 2550 1631 2551 ν

998 2563 1055 2601 (75)
1070 2565 1170 2601 Regius
1184 2566 1298 2600 primus,
1313 2570 1341 2593 et
1363 2565 1476 2600 Seguer.
1496 2565 1550 2600 γάρ
1565 2563 1608 2591 hic
1624 2564 1727 2601 addunt
1740 2572 1748 2590 :

962 2602 1007 2629 alii
1025 2608 1051 2628 ct
1067 2600 1131 2628 editi
1154 2601 1292 2628 omittunt.
1316 2600 1397 2628 Iidem
1420 2601 1519 2635 Regius
1540 2600 1565 2632 1,
1592 2605 1619 2626 et
1636 2600 1748 2634 Seguer.

962 2637 1116 2673 pauloppst
1125 2636 1265 2673 omittunt,
1279 2638 1335 2668 τοῖς
1345 2636 1451 2673 δούλοις
1469 2644 1531 2670 μου.

999 2668 1165 2707 (74)’ῐιεείυδ
1177 2671 1291 2707 primus.
1304 2676 1332 2698 et
1343 2671 1454 2706 Seguer.
1470 2668 1501 2698 ut
1514 2676 1540 2698 et
1554 2670 1663 2698 Graecus
1678 2668 1751 2696 Scri-

965 2713 1051 2743 ptura}
1068 2711 1167 2743 textus,
1183 2706 1229 2743 τοῦ
1246 2707 1338 2743 νόμου.

1001 2742 1056 2777 (75)
1073 2742 1160 2769 Αὑτοῦ
1179 2741 1232 2777 τῷν
1247 2740 1321 2769 deest
1336 2742 1362 2768 in
1380 2740 1464 2777 Regio
1479 2741 1607 2770 secundo.
1624 2740 1752 2777 Basi_l._et

966 2774 1082 2808 ΡεΙικῖ,
1101 2785 1182 2804 anon.
1199 2776 1258 2804 Mox
1284 2776 1507 2813 ἄνδρες’ὰδελφοί
1527 2777 1659 2804 omittunt.
1671 2774 1750 2802 Cobi.

965 2818 991 2841 ct
1007 2813 1077 2841 Fclc.
1094 2813 1117 2846 l,
1130 2820 1211 2840 anon.
