1974 3037
88 117 140 144 609

631 116 799 145 EPISTOLA
818 117 841 146 ll
857 117 903 145 AD
923 117 1152 146 SERAPIONEM.

1650 123 1702 152 M0

86 177 201 212 ἐποίησα
213 176 344 203 καὶτοῦτο
367 176 485 212 θαῤῥῶν,
500 177 540 204 ὅτι
557 177 707 214 συνείδησιν
721 178 788 214 ἔχων
799 179 852 213 ἀγα

919 179 1035 206 dendum
1051 179 1093 207 his
1105 179 1150 214 qui
1168 179 1241 213 ipsos
1257 180 1290 207 de
1306 180 1358 207 ﬁde
1381 185 1474 208 nostra
1508 181 1678 217 interrogant
1692 201 1700 212 .

85 221 145 256 θὴν,
161 221 188 248 el
198 230 224 247 τι
238 221 282 247 καὶ
298 222 326 247 ὲν
339 221 443 252 τούτοις
460 222 685 257 παραλέλειπται,
702 223 851 258 ἀναπληρὼ
860 238 866 243 -

85 275 152 297 σεις.
174 267 205 292 Οί
225 266 364 300 Ἀρειανοὶ,
380 267 419 298 είς
434 267 546 299 ἑαυτοὺς
561 268 735 303 στραφέντες,
752 269 799 295 καὶ
816 278 867 304 μη-

83 313 127 339 δὲν
141 313 247 348 πλέονῆ
264 313 360 345 ἔξωθεν
377 315 480 341 ἑαυτῶν
492 314 614 346 νοοῦντες
633 314 704 341 κατὰ
723 315 786 346 τοὺς
800 316 866 342 Σαδ-

82 357 232 390 δουκαίους,
246 358 423 394 ἀνθρωπίνοις
442 359 579 395 λογισμοῖς
593 360 744 393 ἐξεδέξαντο
763 361 800 395 (5)
817 362 864 396 τὴν

83 402 258 430 θεόπνευστον
283 404 404 439 Γραφήν.
436 404 590 436 Ἀκούοντες
602 405 667 439 γοῦν
684 405 788 440 σοψίαν,
819 407 865 433 καὶ

82 448 260 484 ἀπαύγασμα,
274 450 320 476 καὶ
345 451 430 484 Λόγον
453 449 522 477 εἶναι
537 451 583 477 τοῦ
599 451 704 487 Πατρὸς
723 452 769 478 τὸν
790 452 862 485 Υίὸν,

82 493 208 521 εἰώθασιν
225 495 358 530 ἐπιλέγειν
371 505 377 511 ·
414 496 476 528 Πῶς
492 496 601 523 δύναται
619 497 698 524 τοῦτο
720 495 788 524 εἶναι
803 498 839 534 (4)
853 506 861 530 ;

82 539 175 575 ὥσπερ
189 540 219 567 οὐ
231 540 378 576 δυναμένου
389 540 490 577 εἶναιηό
501 543 538 577 μὴ
551 542 677 570 δύνανται
692 543 767 570 αὐτοὶ
782 546 861 570 νοεῖν.

82 586 154 620 Ὥρα
165 585 219 621 γὰρ
236 586 334 618 αὐτοὺς
354 587 400 614 καὶ
416 587 480 622 περὶ
496 587 543 613 τοῦ
560 588 659 620 παντὸς
676 588 786 615 τοιαῦτα
806 589 864 616 δια-

81 631 198 658 νοεῖσθαι
210 640 216 646 ·
232 632 292 663 Πῶς
306 632 414 659 δύναται
430 633 446 667 ἡ
466 633 554 665 κτίσις
564 654 571 666 ,
595 634 631 668 μὴ
647 632 715 660 οὗσὰ
728 643 802 667 ποτε,
817 643 863 669 γε-

81 675 192 708 νέσθαι;
212 675 229 710 ἢ
247 676 305 708 πῶς
318 676 427 703 δύναται
442 677 504 711 χοῦς
519 677 571 712 γῆς
587 678 737 714 πλασθῆναι
755 679 862 714 λογικὸς

79 720 238 755 ἅνθρωπος
256 721 272 756 ἦ
289 721 347 753 πῶς
359 722 389 748 τὸ
402 721 520 757 φθαρτὸν
537 723 672 759 ἄφθαρτον
685 724 826 758 γενέσθαι;
843 726 859 761 ἢ

79 764 139 797 πώς
151 766 167 800 ἡ
180 766 216 800 γῆ
231 766 276 792 ἐπὶ
290 766 430 793 θαλασσῶν
445 766 646 801 τεθεμελίωται,
658 769 705 796 καὶ
719 771 764 797 ἐπὶ
778 779 861 798 ποτα-

79 811 138 845 μῶν
153 810 295 846 ἡτοίμασεν
308 811 391 846 αὐτὴν
407 813 421 838 6
443 811 524 844 Θεόςς
543 811 594 840 Καὶ
610 813 702 841 λοιπὸν
724 815 859 850 ἐπιλέγειν

918 229 975 251 tum
989 225 1021 251 ad
1034 224 1131 259 impios
1144 224 1302 252 refutandos
1320 235 1328 253 :
1346 226 1371 252 id
1392 233 1442 260 ego
1455 234 1487 253 eo
1505 227 1607 261 majore
1630 228 1698 256 ﬁdu-

916 271 958 298 cia
972 272 1090 306 suscepi,
1103 271 1187 306 quod,
1200 279 1261 299 cum
1276 277 1348 300 recta
1362 272 1402 300 sis
1416 273 1545 307 praditus
1559 275 1699 302 conscien-

916 318 963 348 tia,
979 317 1000 344 si
1015 316 1080 352 quid
1097 317 1228 345 omissum
1245 317 1338 351 fuerit,
1356 322 1384 345 tu
1403 319 1460 354 ipse
1484 327 1538 346 non
1551 327 1621 355 aegre
1635 328 1699 355 sup-
1738 348 1742 354 Α

915 362 1011 395 plebis.
1038 361 1130 388 Ariani
1150 362 1197 389 toti
1227 362 1261 390 ad
1291 363 1397 397 seipsos
1420 364 1556 397 conversi,
1575 365 1699 400 nihilque

913 409 987 435 aliud
1004 416 1092 442 neque
1114 409 1187 443 quod
1210 413 1285 436 extra
1312 409 1385 444 ipsos
1410 410 1528 444 positum
1551 416 1604 443 est,
1623 419 1699 439 mare

914 454 1136 487 Sadducaaorum,
1148 455 1309 493 cogitantes,
1327 456 1446 483 divinam
1463 457 1631 492 Scripturam
1645 458 1698 485 hu-

913 500 1001 526 manis
1034 500 1182 527 ratiociniis
1205 500 1371 534 expendunt.
1388 500 1455 528 Cum
1482 501 1565 537 igitur
1575 502 1672 530 Filium
1687 524 1695 536 ,

912 543 1001 572 Patris
1016 545 1176 580 sapientiam
1187 565 1195 578 ,
1209 545 1393 580 splendorem,
1406 551 1434 573 et
1444 546 1562 574 Verbum
1575 555 1635 575 esse
1650 556 1697 575 au-

911 591 999 623 diunt,
1013 591 1166 626 percontari
1176 592 1275 625 solent,
1286 592 1332 626 qui
1346 592 1416 619 istud
1428 593 1582 626 possitesse
1593 601 1600 619 :
1611 593 1695 626 Quasi

912 637 939 664 id
952 644 1012 664 esse
1026 645 1077 664 non
1097 637 1183 671 possit
1197 637 1269 672 quod
1286 637 1338 672 ipsi
1353 638 1502 673 intelligere
1518 646 1570 665 non
1580 645 1693 674 queunt.

911 680 991 708 Certe
1008 681 1078 708 idem
1095 689 1221 716 perteque
1238 689 1385 716 possumus
1403 683 1436 710 de
1450 683 1577 710 universo
1592 684 1693 711 mundo

911 726 1050 761 inquirere
1063 735 1070 753 ε
1100 726 1242 760 Quomodo
1259 736 1302 756 res
1317 736 1378 763 quae
1393 728 1540 763 aliquando
1554 736 1608 756 non
1623 734 1693 761 erat,

910 771 998 805 potuit
1019 771 1101 798 ﬁeri?
1128 771 1272 804 Quomodo
1288 773 1377 807 pulvis
1408 777 1488 800 terrae
1513 774 1601 808 pctuit
1622 773 1692 802 silici

910 816 992 843 homo
1006 816 1111 844 ratione
1126 817 1272 851 pratditus?
1281 818 1424 850 Quomodo
1437 819 1509 854 quod
1523 820 1692 854 corruptioni

77 857 175 888 αὐτοὺς
191 858 296 890 ἑαυτοῖς
307 866 313 872 ·
329 867 337 883 ι
352 859 485 895 Φάγωμεν
502 861 548 887 καὶ
559 861 682 896 πίωμεν·
701 861 794 896 αὔριον
806 862 855 898 γὰρ

911 862 1063 896 subjectum
1081 868 1132 896 est,
1147 863 1332 897 incorruptum
1351 865 1408 892 ﬁeri
1422 866 1530 900 potest?
1550 865 1692 899 Quomodo

76 901 283 937 ἀποθνήσκομεν
297 902 335 938 (5)
346 911 352 918 ·
372 913 381 930 ι
398 904 441 930 ἴνα
452 905 588 940 δηλονότι,
606 906 788 942 φθειρομένων
808 908 858 934 αὑ-

76 947 141 978 τῶν,
158 947 302 984 συμφθαρῇ
313 949 359 976 καὶ
374 949 390 985 ἡ
406 950 455 985 τῆς
471 951 602 986 αίρέσεως
619 952 707 979 αὐτῶν
724 953 818 988 μανία.

910 912 980 936 terra
996 916 1077 943 super
1087 908 1171 935 maria
1184 908 1294 936 fundata
1309 915 1394 941 est,et
1408 918 1490 945 super
1499 911 1611 938 ﬂumina
1624 919 1691 946 prae-

907 955 1012 989 paravit
1029 961 1089 981 eam
1107 953 1178 981 Deus
1193 955 1233 981 “i
1249 955 1370 990 Denique
1384 956 1452 983 nihil
1477 956 1549 984 aliud
1567 961 1692 992 superest

74 1002 159 1029 quam
183 999 214 1022 ut
236 995 288 1030 ipsi
305 996 356 1023 sibi
384 997 486 1030 dicant,
503 1007 512 1023 ι
528 997 720 1027 Manducemus
748 1005 774 1027 et
802 1001 942 1035 bibamus;
974 1009 1036 1029 cras
1064 1001 1137 1029 enim
1166 1002 1315 1030 moriemur
1330 1003 1362 1035 “,
1383 1012 1392 1029 ι
1410 1008 1441 1031 ut
1458 1005 1583 1032 videlicet
1595 1012 1692 1032 corru-

75 1041 130 1075 ptis
145 1041 208 1073 illis,
219 1042 299 1069 simul
313 1048 504 1077 corrumpatur
518 1044 615 1072 insana
627 1053 720 1073 eorum
735 1046 856 1074 haeresis.

110 1090 137 1116 2.
151 1090 210 1116 Τῶν
226 1090 274 1126 μὲν
288 1089 335 1118 οὖν
356 1091 500 1127 ’Δρειανῶν
513 1092 607 1127 θνητὸν
627 1094 673 1120 καὶ
687 1094 804 1130 φθαρτὸν
826 1095 858 1122 τὸ

74 1136 192 1166 τοιοῦτον
202 1137 344 1175 φρόνημ’
362 1138 377 1167 6
389 1138 420 1167 δὲ
439 1138 490 1175 τῆς
510 1139 638 1174 ἀληθείας
655 1139 750 1174 λόγος,
773 1141 856 1178 ὅνπερ

73 1184 178 1220 ἔπρεπε
199 1185 246 1211 καὶ
259 1186 357 1217 αὐτοὺς
374 1185 553 1218 διανοεῖσθαι,
575 1185 696 1217 τοιοῦτός
720 1187 806 1213 ἐστιν·
824 1188 855 1215 Εί

74 1230 162 1266 πηγὴ,
180 1231 226 1257 καὶ
240 1230 313 1265 φῶς,
336 1231 382 1258 καὶ
403 1231 497 1267 Πατήρ
514 1232 587 1258 ἔστιν
604 1233 617 1258 6
633 1232 719 1265 Θεὸς,
734 1233 763 1258 οὐ
777 1232 854 1268 θέμις

72 1278 161 1303 εἰπεῖν
185 1275 246 1303 οὔτε
275 1276 323 1312 τὴν
348 1277 438 1312 πηγὴν
453 1277 554 1313 ξηρὰν,
578 1277 639 1304 οὔτε
652 1278 683 1305 τὸ
702 1279 761 1312 φῶς
774 1279 857 1314 χωρὶς

72 1321 172 1356 αὐτῆς,
187 1320 248 1347 οὔτε
262 1321 307 1348 τὸν
324 1321 389 1348 Θεὸν
399 1322 482 1357 χωρὶς
501 1322 597 1356 Λόγου,
622 1322 665 1349 ἵνα
691 1323 727 1358 μὴ
746 1322 856 1358 ἀσοφος,

72 1368 121 1394 καὶ
133 1367 238 1401 ἄλογος,
252 1368 297 1394 καὶ
307 1367 430 1403 ἀφεγγὴς
439 1367 475 1402 (6)
487 1366 502 1405 ᾖ
518 1369 531 1394 6
544 1368 619 1400 Θεὸς,
634 1369 731 1395 Ἀῖδίου
745 1378 857 1405 τοιγαρ-

70 1413 121 1440 οῦν
148 1414 224 1446 ὄντος
237 1415 284 1441 τοῦ
300 1415 417 1450 Πατρὸς,
436 1415 541 1451 ἀνάγκη
558 1416 605 1443 καὶ
620 1416 666 1443 τὸν
687 1417 749 1444 Υίὸν
772 1418 856 1444 ἁτδιον

71 1456 160 1486 εἶναι·
175 1459 193 1486 ἃ
207 1459 260 1494 γὰρ
275 1459 307 1486 ἂν
325 1460 353 1486 έν
375 1459 413 1495 τῷ
429 1461 516 1495 Πατρὶ
537 1461 693 1496 νοήσωμεν,
709 1462 794 1489 ταῦτα
810 1463 856 1490 καὶ

70 1506 103 1531 ὲν
117 1504 156 1540 τῷ
169 1504 225 1540 Υίῷ
237 1503 307 1532 εἶναι
325 1505 376 1532 οὐκ
397 1505 556 1540 ἀμφίϐολον,
569 1506 692 1540 λέγοντος
710 1507 792 1535 αὑτοῦ
808 1508 854 1535 τοῦ

72 1553 194 1588 Κυρίου·
206 1562 215 1578 ι
228 1553 330 1585 Πάντα,
347 1553 396 1579 ὅσα.
409 1553 464 1588 ἔχει
476 1553 490 1579 ό
507 1553 598 1589 Πατὴρ
608 1573 615 1584 ,
632 1554 687 1589 ἐμά
705 1555 773 1586 ἐστι,
787 1564 796 1580 ι
808 1555 856 1582 καὶ

70 1598 108 1625 τὰ
131 1598 185 1633 ὲμὰ
203 1598 291 1625 πάντα
310 1597 355 1624 τοῦ
372 1599 478 1633 Πατρός
499 1599 572 1624 ἔστιν
595 1599 642 1633 ('7).
664 1599 775 1632 Αίώνιος
791 1599 855 1634 γοῦν

71 1646 147 1671 ἐστιν
156 1645 170 1670 6
182 1644 275 1680 Πατήρ
285 1653 291 1659 ·
304 1644 409 1675 αἰώνιός
419 1645 477 1671 ἐστι
487 1645 533 1672 καὶ
545 1647 558 1672 6
569 1646 633 1677 Υἱός
645 1654 651 1661 ·
668 1645 701 1671 δι’
709 1645 790 1672 αὐτοῦ
803 1645 856 1681 γὰρ

71 1691 98 1716 oi
114 1690 211 1722 αἰῶνες
225 1690 378 1724 γεγόνασιν.
393 1691 441 1716 Ὧν
459 1691 532 1717 ἐστιν
555 1692 569 1717 6
588 1691 683 1726 Πατήρ
698 1691 735 1726 (8)
748 1699 755 1705 ·
771 1691 856 1725 ἀνάγ-

72 1745 108 1772 κη
122 1736 161 1771 (9)
177 1736 224 1763 καὶ
239 1737 254 1763 6
267 1736 339 1768 Υἱὸς,
357 1745 366 1762 ι
383 1735 441 1762 ὁῶν
456 1736 502 1763 ἐπὶ
511 1737 618 1763 πάντων
633 1737 699 1768 Θεὸς
712 1737 856 1772 εὐλογητὸς

72 1783 113 1813 εἰς
127 1782 190 1813 τοὺς
209 1781 319 1813 αἰῶνας.
338 1781 433 1817 Ἀμὴν,
453 1791 462 1807 ›
475 1781 512 1813 ὼς
526 1780 600 1809 εἶπεν
612 1783 626 1809 ὁ
637 1782 750 1814 Παῦλος.
760 1783 797 1808 οὐ
809 1782 854 1809 θέ-

73 1837 119 1862 μις
133 1829 220 1854 εἰπεῖν
233 1828 278 1854 ἐπὶ
293 1827 408 1863 Πατρός,
424 1826 477 1854 Ἦν
492 1836 566 1860 ποτε,
581 1828 624 1855 ὅτε
641 1829 690 1855 οὐκ
697 1826 730 1863 ἦν
744 1828 856 1864 ’ἀθέμι-

70 1883 117 1900 τον
130 1875 216 1900 εἰπεῖν
231 1875 277 1900 ἐπὶ
289 1874 363 1906 Υίοῦ,
374 1872 428 1901 Ἦν
442 1875 564 1906 ποτε,ὄτε
579 1875 628 1900 οὐκ
641 1872 685 1910 ἦν.
700 1873 856 1909 Παντοκρά-

71 1928 128 1956 τωρ
144 1921 216 1958 ἐστὶν
240 1921 254 1947 6
270 1921 364 1955 Πατήρ
375 1929 382 1936 ·
409 1921 604 1956 παντοκράτωρ
627 1921 685 1947 ὲστὶ
709 1921 755 1947 καὶ
770 1920 825 1955 (10)
841 1921 855 1947 6

73 1966 147 1998 Υἱὸς,
164 1966 289 1999 λέγοντος
305 1966 351 1992 τοῦ
379 1966 514 1993 Ἰωάννου·
534 1976 544 1992 ‹
571 1967 599 1993 '0
612 1965 660 1998 ὢν,
674 1966 688 1992 6
699 1964 742 2001 ἦν,
757 1967 771 1992 6
782 1966 856 2002 ἐρχό-

72 2020 163 2046 μενος,
175 2011 189 2037 6
203 2011 408 2047 παντοκράτωρ.
432 2021 441 2037 ι
459 2013 518 2043 Φῶς
531 2013 603 2039 ἐστιν
621 2013 634 2038 6
649 2011 753 2047 Πατὴρ,
768 2012 856 2038 ἀπαύ-

70 2066 166 2093 γασμα
186 2059 200 2084 6
214 2057 277 2089 Υἱὸς
294 2058 341 2084 καὶ
361 2057 418 2092 φῶς
436 2057 570 2094 ἀληθινόν.
591 2057 728 2094 Ἀληθινὸς
752 2057 818 2090 Θεὸς
840 2058 855 2083 6

943 1094 970 1123 2.
984 1094 1056 1121 Nihil
1071 1093 1153 1129 igitur
1179 1092 1232 1121 nisi
1250 1093 1365 1120 mortale
1381 1097 1408 1120 et
1433 1099 1590 1130 corruptum
1605 1102 1647 1125 est
1661 1097 1689 1124 in

909 1141 959 1169 hac
972 1141 1136 1168 Arianorum
1151 1140 1295 1168 sententia.
1312 1139 1347 1166 At
1364 1140 1487 1168 veritatis
1495 1148 1596 1176 sermo,
1607 1150 1689 1178 quem

907 1189 1000 1222 utique
1015 1187 1075 1214 illos
1099 1186 1223 1214 meditari
1243 1187 1367 1219 decebat,
1396 1185 1552 1221 hujusmodi
1566 1192 1608 1215 est
1625 1197 1632 1215 :
1659 1188 1688 1215 Si

906 1233 977 1265 fons,
994 1233 1016 1260 si
1036 1233 1092 1264 lux,
1108 1233 1132 1260 si
1148 1232 1229 1259 Pater
1253 1237 1296 1260 est
1312 1231 1401 1265 Deus,
1420 1232 1496 1260 nefas
1514 1238 1587 1261 certe
1613 1235 1688 1262 dictu

906 1283 957 1310 est,
971 1279 1012 1306 vel
1026 1278 1126 1306 fontem
1142 1278 1260 1309 aridum.
1279 1277 1321 1305 vel
1337 1278 1425 1305 lucem
1441 1278 1500 1305 sine
1521 1279 1665 1314 splendore
1676 1299 1686 1312 ,

905 1324 948 1352 vel
960 1323 1044 1351 Deum
1055 1323 1114 1351 sine
1129 1322 1218 1350 Verbo
1234 1323 1291 1351 sive
1321 1323 1426 1350 ratione
1445 1331 1526 1358 esse;
1547 1332 1580 1352 ne
1591 1325 1688 1353 videli-

906 1374 950 1397 cet
971 1370 1119 1404 sapientia,
1137 1369 1252 1396 rationis
1269 1373 1294 1396 et
1309 1369 1462 1403 splendoris
1477 1377 1576 1404 expers
1593 1371 1689 1398 creda-

908 1419 952 1442 tur
967 1414 1048 1442 Deus.
1063 1414 1155 1449 itaque
1168 1415 1230 1449 quia
1259 1418 1378 1441 aeternus
1393 1419 1435 1441 est
1461 1414 1542 1442 Pater
1553 1435 1561 1449 ,
1578 1423 1688 1443 necesse

908 1466 949 1490 est
960 1462 1057 1489 Filium
1068 1469 1128 1489 esse
1139 1469 1246 1496 quoque
1258 1465 1402 1488 aeternum.
1417 1460 1592 1497 Quaecunque
1614 1463 1688 1489 enim

908 1509 934 1535 in
951 1509 1031 1535 Patre
1042 1514 1103 1535 esse
1130 1507 1354 1539 intellexerimus,
1374 1515 1426 1534 non
1443 1512 1485 1535 est
1508 1508 1688 1535 dubitandum

907 1554 972 1588 quin
988 1552 1045 1580 hac
1056 1552 1149 1580 eadem
1175 1552 1230 1579 sint
1255 1551 1281 1578 in
1303 1551 1383 1584 Filio,
1400 1559 1461 1579 cum
1476 1552 1533 1586 ipse
1555 1551 1690 1579 Dominus

907 1598 1000 1625 dicat:
1030 1606 1040 1623 ι
1070 1597 1167 1624 Omnia
1197 1605 1368 1632 quaecunque
1394 1597 1475 1625 habet
1498 1597 1600 1629 Pater.
1627 1605 1688 1626 mea

907 1647 971 1671 sunt
984 1643 1016 1676 “,
1032 1652 1041 1670 ι
1056 1647 1084 1670 et
1097 1651 1155 1670 mea
1168 1643 1259 1670 omnia
1277 1642 1363 1670 Patris
1377 1647 1451 1671 sunt.
1466 1642 1558 1678 Itaque
1571 1648 1689 1672 alternus

906 1695 948 1717 est
958 1690 1037 1717 Pater
1051 1699 1057 1717 :
1073 1693 1191 1716 aeternus
1201 1689 1264 1716 item
1291 1694 1332 1716 est
1355 1689 1455 1723 Filius;
1477 1689 1610 1725 siquidem
1640 1698 1690 1726 per

906 1735 981 1762 illum
1005 1733 1075 1761 facta
1094 1738 1159 1761 sunt
1178 1734 1276 1761 saacula
1294 1734 1325 1760 ".
1348 1733 1417 1761 Vere
1440 1738 1483 1762 est
1503 1733 1602 1762 Pater:
1626 1743 1689 1763 vere

907 1788 1015 1816 quoque
1031 1779 1185 1807 necessario
1198 1784 1239 1807 est
1248 1779 1342 1812 Filius,
1357 1789 1367 1805 ι
1383 1780 1430 1815 qui
1446 1784 1486 1807 est
1502 1788 1585 1814 super
1596 1781 1688 1808 omnia

908 1826 979 1853 Deus
990 1825 1183 1853 benedictusin
1199 1825 1308 1857 saecula,
1320 1825 1417 1857 Amen,
1432 1834 1441 1850 ι
1458 1829 1486 1851 ιιι
1496 1825 1686 1853 aitl‘aulus“.

907 1872 966 1900 Non
984 1872 1046 1900 licet
1057 1873 1090 1899 de
1103 1871 1182 1899 Patre
1197 1871 1299 1904 dicere,
1314 1871 1376 1899 Fuit
1390 1871 1536 1906 aliquando
1554 1879 1616 1899 cum
1633 1879 1688 1899 non

908 1924 995 1948 esset:
1012 1918 1088 1946 nefas
1104 1919 1229 1947 similiter
1250 1922 1292 1946 est
1309 1919 1342 1946 de
1356 1919 1424 1945 Filio
1436 1919 1536 1951 dicere,
1553 1917 1617 1946 Fuit
1635 1919 1687 1946 ali-

908 1965 1017 2000 quando
1044 1972 1107 1992 cum
1131 1972 1185 1992 non
1211 1969 1292 1992 esset.
1319 1964 1496 1999 Omnipotens
1520 1969 1561 1992 est
1587 1963 1686 1991 Pater:

907 2012 1078 2046 omnipotens
1088 2010 1169 2037 etiam
1181 2015 1223 2037 est
1236 2010 1331 2041 Filius,
1350 2009 1429 2045 547
1441 2009 1546 2037 Joanne
1563 2010 1687 2037 dicente:

910 2067 919 2083 ι
938 2056 988 2090 Qui
1002 2060 1054 2088 est,
1084 2055 1130 2091 qui
1156 2060 1213 2083 erat
1236 2060 1263 2083 et
1288 2056 1334 2090 qui
1352 2061 1482 2083 venturus
1496 2061 1547 2089 est,
1563 2056 1688 2091 omnipo-

108 2139 130 2153 ¹¹
147 2137 218 2165 Psal.
237 2145 315 2170 xxnt,
329 2136 357 2164 2.
397 2135 513 2164 "lCor.
526 2144 571 2168 xv,
586 2135 630 2163 32.
670 2135 692 2151 "
704 2134 783 2162 Joan.
799 2142 852 2168 xvt,
864 2134 908 2161 i5.
949 2134 970 2149 ”
987 2133 1069 2161 Hebr.
1082 2133 1141 2166 1,2.
1163 2134 1184 2150 ¹⁶
1196 2133 1274 2160 Rom.
1288 2141 1325 2166 ix,
1339 2133 1365 2160 5.

106 2226 145 2261 (3)
162 2225 207 2253 Sic
225 2225 324 2260 Regius
341 2229 368 2252 et
383 2223 540 2259 Seguerian.
557 2222 591 2250 At
604 2223 651 2250 alii
665 2227 692 2250 et
707 2222 783 2255 editi,
798 2222 852 2249 διε·
868 2224 890 2252 D
905 2226 956 2253 est,
973 2226 1002 2261 ut
1014 2221 1135 2261 _videlur,
1159 2222 1398 2261 scribendumquel
1410 2222 1447 2248 ὧν
1461 2222 1533 2261 ἐστιν
1551 2222 1565 2248 6
1583 2223 1687 2261 ΙΙατήρ,

69 2261 190 2294 δέξαντο.

106 2292 145 2331 (4)
161 2296 269 2323 Gobler.
282 2299 309 2322 et
324 2293 445 2331 Feickrn.
461 2292 598 2331 1,λέγειν.
613 2292 678 2331 Mox
688 2292 746 2331 haec
759 2292 852 2323 verba,

70 2327 166 2367 ᾧπέρ
185 2331 214 2357 οὐ
229 2329 376 2365 δυναμένου
397 2327 476 2360 εἶναι,
492 2328 591 2354 absunt
607 2327 641 2354 ab
665 2328 805 2362 Anglican.
826 2332 853 2354 et

70 2365 260 2435 Οιξὲῗιιθςῑυς
277 2399 499 2435 ἀποθνήσκωμεν.
524 2397 590 2435 Item
607 2396 711 2435 ibidem
731 2396 850 2435 Regius,

71 2431 185 2469 Seeuer.
201 2431 401 2469 Cnbleriankt
417 2431 589 2469 Felekmanni
605 2432 631 2469 Ιὲ
645 2432 773 2466 δηλονότι.
793 2431 852 2469 Qa:-

69 2466 123 2497 teri
135 2476 161 2497 et
175 2471 250 2499 editi.
263 2470 340 2504 δῆλον
353 2467 385 2495 ἂν
403 2467 444 2504 εζη
453 2488 460 2498 ,
473 2468 523 2494 ὅτι.
540 2467 600 2494 Mox
615 2466 712 2501 Regius
726 2467 852 2502 συμφθα-

69 2507 116 2542 ρῇτ
127 2505 182 2542 Alii
196 2503 334 2542 editiqueL
342 2503 576 2542 q0§1¢9afﬂ6£ﬂtt._

110 2526 116 2531 .
131 2511 182 2532 Alit
196 2511 323 2539 emtique,
342 2512 373 2529 συ
398 2511 451 2538 φυα
470 2511 572 2538 ησεται.

107 2541 145 2575 (6)
159 2540 298 2567 Βλεὶιίθηε.
314 2512 432 2575 Feb-lim.
448 2511 503 2575 get
516 2537 598 2575 editio
623 2536 753 2575 Commel.
769 2536 853 2570 ἀφεγ-

69 2571 122 2610 γής
135 2571 272 2611 omittunt.
289 2574 389 2611 ibidem
400 2572 422 2611 fi
438 2574 538 2611 abesta
554 2572 619 2611 Reg.
635 2576 662 2598 et
677 2571 787 2611 Seguer.

105 2605 145 2646 (7)
161 2605 470 2646 Ηωεγνετὺτιν-καϊζτὰ
490 2608 544 2646 ὲμᾲ
568 2606 723 2646 adv-.1106
744 2605 852 2646 ματρός

70 2640 140 2676 ἐστιξ
153 2653 214 2680 qum
228 2645 326 2671 habent
342 2643 406 2678 Reg.
422 2640 578 2677 Segue‘rian.
590 2641 730 2682 Apgliean.
742 2640 850 2681 Gobler.

70 2685 96 2704 ei.
108 2679 180 2704 Fe‘h;
198 2681 223 2704 L
237 2687 268 2704 ac
283 2679 344 2704 letzit
355 2677 488 2704 Nannius.
502 2677 600 2704 desunt
615 2684 640 2702 ιιι
653 2676 714 2702 alus
726 2680 752 2702 et
761 2677 850 2703 editis.

69 2685 96 2707 et
108 2679 180 2708 Fe‘lc.
198 2681 223 2712 1,
237 2687 268 2706 ac
283 2679 344 2713 legit
355 2679 488 2709 Nannius,
502 2679 600 2704 desunt
615 2679 640 2702 in
653 2679 714 2702 aliis
726 2680 752 2702 et
761 2679 850 2703 editis.

69 2715 154 2743 Paulo
168 2719 229 2749 post
243 2714 288 2740 καί
301 2715 375 2741 abest
391 2721 405 2739 a
422 2712 486 2747 Reg.
501 2717 530 2749 et
544 2711 730 2749 Seguerianlu
781 2746 787 2749 _
806 2744 817 2749 _

106 2751 143 2786 (8)
159 2744 221 2787 Haec
234 2750 325 2787 verba,
338 2749 352 2775 6
364 2744 475 2787 Πετήρῖ
484 2744 592 2787 ἀνᾴςριῇ
603 2747 651 2785 και
665 2747 679 2771 δ
692 2745 762 2787 Iug,
776 2746 790 2771 6
801 2744 850 2787 9v,

70 2779 174 2814 desu'nt‘
191 2785 218 2811 in
234 2784 327 2819 Regio,
348 2788 374 2810 et
391 2779 501 2819 segnem
518 2779 621 2819 ibidem
645 2781 672 2807 in
693 2779 851 2819 Regio,_Se-

71 2813 213 2856 gucriano,
227 2827 258 2846 ac
272 2813 349 2846 Editis
364 2813 501 2850 scribitur,
515 2813 551 2844 ὧν
565 2817 621 2842 ἐστι
636 2824 642 2841 :
660 2815 708 2843 sed
723 2813 849 2843 mendum

907 2263 935 2284 ut
950 2258 1033 2291 exigit
1049 2264 1155 2292 sensus.
1173 2256 1232 2282 Mox
1249 2256 1360 2292 Regius.
1382 2256 1573 2291 Segueriauus,
1590 2256 1688 2292 eume-

907 2293 999 2319 riantts
1018 2298 1045 2319 et
1068 2291 1241 2318 Felekmanni
1263 2293 1366 2326 primus
1390 2292 1503 2323 habent,
1526 2292 1562 2323 ὡς
1583 2291 1658 2319 εἶπεν
1675 2293 1689 2319 6

906 2327 1019 2358 Παῦλος.
1035 2326 1086 2353 Alii
1100 2333 1126 2353 et
1143 2327 1218 2358 editi,
1231 2325 1269 2358 ὡς
1282 2325 1356 2353 εἶπεν
1370 2327 1384 2352 6
1404 2327 1571 2358 Ἀπόστολος.
1588 2327 1688 2354 Ibidem

904 2367 965 2396 post
979 2362 1065 2397 θέμις⁷
1084 2361 1193 2396 Regius,
1217 2362 1374 2396 Seguerian.
1395 2361 1503 2388 Gobler.
1525 2367 1551 2388 et
1567 2361 1687 2397 Ft’li:km.

904 2396 1018 2431 primus,
1035 2396 1080 2424 οὖν
1097 2397 1226 2431 omittunt
1245 2404 1251 2422 :
1267 2402 1294 2423 at
1309 2397 1352 2422 alii
1371 2401 1398 2423 et
1418 2397 1481 2423 editi
1501 2397 1612 2431 addunt.
1625 2396 1687 2423 Mox

906 2432 969 2458 item
994 2432 1103 2467 Regius.
1128 2430 1286 2465 Segueriau.
1310 2431 1461 2467 Goblerinn.
1480 2435 1506 2458 et
1523 2430 1640 2467 Felckni.
1661 2431 1687 2463 i,

906 2466 1043 2499 omittunt
1054 2469 1110 2494 hazc
1126 2467 1216 2497 verba,
1230 2466 1290 2492 οὐδὲ
1311 2467 1356 2492 ἐπὶ
1376 2466 1450 2497 Υἰοῦ,
1469 2474 1529 2500 qua:
1544 2466 1569 2492 in
1585 2466 1644 2492 aliis
1661 2473 1689 2493 et

904 2502 985 2529 editis
1009 2502 1142 2529 habentur
1162 2505 1231 2535 post,
1256 2501 1301 2527 ἐπὶ
1317 2501 1432 2536 Πατρόςἐ
1452 2500 1517 2532 Qua:
1537 2507 1688 2533 sequunlttr

906 2537 1014 2571 ibidem,
1030 2534 1256 2571 ἀθέμιτονείπεῖν
1272 2536 1317 2562 ἐπὶ
1330 2534 1405 2568 Υίοῦ,
1421 2534 1473 2561 Ἦν
1487 2543 1562 2568 ποτε,
1578 2536 1622 2561 ὅτε
1639 2537 1688 2562 οὐκ

904 2569 938 2606 ἦν
955 2580 985 2598 ex
1003 2580 1054 2599 ms.
1071 2569 1153 2606 Regio
1166 2571 1342 2598 restituinius.

940 2607 978 2642 (9)
996 2606 1074 2634 Forte
1089 2607 1205 2642 ἀνάγκῃ.

886 2641 924 2677 ‘_
940 2635 994 2677 (ιθ)
1010 2643 1062 2668 Καί
1079 2635 1154 2668 deest
1217 2640 1283 2677 Reg.
1306 2639 1463 2677 Seguerian_.
1480 2639 1643 2677 ﬁobleriau,
1660 2645 1687 2677 et

903 2674 1026 2703 Felcfi.
1052 2678 1152 2704 lbidetn
1176 2674 1366 2706 Galilei-ianus,
1393 2680 1420 2710 et
1442 2674 1615 2702 Feltkmanni
1630 2676 1686 2710 pri-

904 2719 974 2743 mus,
991 2711 1114 2746 λέγοντος
1135 2711 1181 2737 τοῦ
1205 2711 1343 2746 Ἰωάννου.
1365 2711 1392 2737 Ὁ
1405 2709 1520 2746 ὣντῗθις.
1541 2710 1593 2737 Alii
1608 2709 1685 2741 missu

903 2744 1032 2780 λέγοντος
1046 2746 1091 2773 τοῦ
1114 2746 1246 2775 Ἰωάννου.
1265 2745 1327 2772 τάδε
1344 2745 1427 2780 λέγει,
1448 2745 1476 2771 '0
1489 2744 1535 2777 ὥν,
1551 2751 1602 2773 etc.
1616 2746 1685 2773 Ed.l.i

903 2779 1024 2816 λέῨοντος
1040 2783 1085 2808 τοῦ
1105 2781 1237 2813 Ἰωάννου,
1253 2780 1311 2807 τόδε
1323 2780 1405 2815 λέγει,
1425 2781 1452 2806 Ὁ
1467 2779 1515 2812 ὢν,
1527 2785 1579 2808 etc.
