1974 3037
292 115 341 144 fill

591 116 620 144 S.
640 116 825 144 ATHANASII
845 116 920 145 OPP.
941 116 1031 145 PARS
1060 117 1080 144 l.
1100 132 1134 136 —
1151 115 1336 144 HISTORICA
1355 115 1399 142 ET
1419 115 1630 143 DOGMATICA.

1840 117 1884 144 612

291 174 396 203 telis”.
417 182 426 199 ι
449 173 507 200 Lux
532 177 574 200 est
584 171 663 200 Pater
679 181 685 199 :
703 173 830 207 splendor
849 178 875 200 et
887 173 933 200 lux
958 180 1020 200 vera
1032 178 1074 200 est

1130 172 1229 208 Πατὴρ,
1247 171 1370 207 ἀληθινὸς
1388 170 1453 201 Θεὸς
1464 171 1479 195 ὁ
1494 170 1557 202 YM;
1567 179 1574 186 ·
1588 170 1657 197 οὕτω
1673 173 1726 207 γάρ
1738 172 1752 197 ὁ
1776 172 1884 209 Ἰωάννης

289 219 388 247 Filius.
402 219 472 246 Deus
493 225 572 246 verus
584 222 626 245 est
647 218 725 245 Pater
740 227 746 245 :
765 218 837 246 Deus
852 226 932 246 verus
945 223 987 246 est
1007 226 1073 253 quo-

293 274 346 302 que
361 266 456 293 Filius.
474 264 512 292 ita
527 265 598 292 enim
618 264 728 298 scripsit
741 263 864 292 Joannes
880 274 885 291 :
902 273 911 290 ε
932 264 1035 292 Sumus
1049 264 1076 291 in

250 338 258 346 ,
293 319 366 343 vero,
385 311 412 337 in
423 310 492 338 Filio
501 310 561 345 ejus
574 309 639 337 Jesu
650 309 770 336 Christo.
789 309 838 336 Hic
854 314 895 337 est
912 317 993 338 verus
1006 309 1077 339 Deus

293 361 320 384 ct
334 357 389 384 vita
404 361 504 384 aeterna
517 356 549 383 ¹⁸.
564 364 575 383 ›
592 355 712 390 Denique
729 356 797 383 nihil
812 356 892 383 habet
901 355 989 388 Pater,
1004 356 1076 391 quod

293 410 348 430 non
364 403 399 430 sit
413 402 485 430 Filii.
504 401 609 430 Idcirco
628 403 702 429 enim
717 402 803 430 Filius
816 403 842 429 in
859 401 938 429 Patre
955 407 983 429 et
998 401 1078 428 Pater

293 448 321 476 in
335 448 404 475 Filio
414 453 466 480 est,
476 449 540 483 quia
555 456 616 482 qua:
627 447 800 481 suntPatris,
815 449 872 475 haec
884 448 910 475 in
923 448 992 475 Filio
1003 452 1076 480 sunt,

293 496 320 520 et
336 499 432 519 rursus
452 493 546 519 eadem
564 492 591 519 in
618 492 699 519 Patre
727 493 925 527 intelliguntur.
949 492 986 520 ita
1012 501 1078 520 sane

293 538 365 565 istud
379 538 490 573 intelligi
505 538 584 566 debet
595 548 602 565 ε
613 548 622 564 ι
634 538 689 574 Ego
698 543 725 566 et
736 539 814 567 Pater
823 548 906 566 unum
922 548 1016 567 sumus
1026 541 1073 573 ",»

293 583 358 618 quia
374 591 428 610 non
447 583 498 610 alia
515 588 580 611 sunt
592 585 619 610 in
632 584 711 612 Patre
721 590 748 612 et
759 585 810 611 alia
825 585 851 611 in
866 585 944 618 Filio,
956 585 1003 612 sed
1017 593 1078 620 qua:

294 629 321 656 in
335 629 413 656 Patre
428 633 502 662 sunt,
523 630 617 656 eadem
633 635 697 657 sunt
712 631 738 657 in
757 630 835 657 Filio.
853 630 929 657 Unde
941 630 1004 666 quia
1017 639 1078 666 quae

294 674 322 701 in
336 674 416 701 Patre
428 674 514 706 vides,
530 674 605 701 vides
620 683 729 710 quoque
743 675 769 702 in
785 676 863 709 [-‘ilio,
878 681 951 703 recte
962 676 1027 703 illud
1041 677 1078 703 in-

295 719 435 754 telligitur,
450 728 458 744 ι
477 718 528 751 Qui
540 718 613 745 videt
629 726 682 751 me,
699 719 770 746 videt
785 719 892 747 Patrem
909 720 942 746 ’°.
961 729 971 746 ι

329 766 355 792 5.
372 765 420 792 His
433 772 497 800 ergo
510 765 546 791 ita
557 765 735 797 confirmatis,
750 766 850 801 impius
862 766 922 793 sine
936 766 1019 793 dubio
1034 766 1078 794 ille

295 810 435 838 habendus
449 816 491 838 est
503 812 550 847 qui
568 811 666 838 Filium
680 819 736 837 rem
755 816 874 838 creatam
890 819 950 839 esse
965 816 1078 840 conten-

294 857 346 884 dit.
363 855 433 884 Hinc
450 857 522 884 enim
540 856 618 884 fateri
638 862 750 892 cogetur
769 865 826 884 rem
847 862 965 884 creatam
989 858 1078 892 ipsum
1094 850 1116 878 Β

294 910 404 938 quoque
420 910 480 930 esse
495 902 607 934 fontem,
623 903 695 930 unde
710 908 819 930 emanat
843 909 934 931 creata
947 905 1079 939 sapientia

294 955 322 977 et
338 948 456 977 Verbum
474 950 501 976 in
518 957 574 985 quo
600 949 702 982 omnia,
718 957 779 984 qua:
800 949 889 977 Patris
905 955 979 983 sunt,
1005 950 1079 977 exsi-

295 1001 381 1025 stunt.
397 995 530 1024 Praeterea
541 997 583 1024 vel
595 1004 628 1024 cx
640 995 683 1024 his
694 997 886 1031 comprehendi
901 1002 987 1032 potest
998 1005 1079 1032 quam

296 1042 382 1071 futilis
392 1043 428 1071 sit
439 1043 603 1070 Arianorum
614 1043 736 1070 haeresis.
744 1042 845 1077 Nempe
856 1051 972 1078 quorum
985 1051 1080 1071 sumus

297 1089 412 1120 similes,
426 1088 548 1116 eamdem
565 1096 674 1124 quoque
687 1096 769 1123 quam
794 1089 833 1116 illi
848 1094 972 1116 naturam
996 1089 1079 1116 habe-

296 1141 369 1167 mus,
386 1138 467 1169 atque
481 1133 549 1161 adeo
563 1134 811 1162 consubstantiales
822 1142 928 1162 sumus.
944 1134 1014 1168 Quia
1031 1135 1081 1170 igi-

296 1183 341 1206 tur
356 1178 480 1206 homines
495 1178 600 1206 similes
614 1186 711 1206 sumus
721 1183 748 1206 et
760 1179 854 1207 eadem
871 1179 951 1208 nobis
976 1183 1018 1207 est
1033 1188 1081 1208 na-

296 1228 359 1252 tura
372 1233 380 1252 :
395 1232 491 1252 sumus
506 1224 608 1253 idcirco
623 1224 740 1252 invicem
755 1225 1010 1254 consubstantiales.
1026 1225 1080 1253 Ea«

296 1271 358 1298 dem
372 1271 446 1298 enim
458 1270 586 1298 omnibus
607 1275 649 1298 est
665 1271 827 1304 mortalitas,
851 1273 1002 1306 corruptio,
1018 1280 1080 1300 mu-

298 1315 428 1348 tabilitas,
441 1320 468 1343 et
482 1315 559 1352 origo
574 1323 608 1343 ex
622 1315 719 1343 nihilo.
734 1316 831 1352 Angeli
852 1317 954 1351 pariter
966 1317 1036 1344 inter
1052 1325 1082 1345 se

298 1361 406 1397 aliaque
425 1361 519 1389 omnia
540 1365 646 1389 natura:
671 1361 850 1390 similitudine
866 1370 959 1390 secum
981 1370 1081 1390 conve-

296 1406 388 1434 niunt.
405 1406 568 1434 Scrutentur
583 1414 649 1442 ergo
663 1406 789 1435 heminas
803 1408 863 1440 plus
879 1415 957 1443 aquo
968 1408 1080 1442 curiosi,

296 1453 320 1480 si
334 1453 405 1482 inter
420 1453 519 1481 Filium
533 1457 560 1482 et
574 1461 619 1481 res
630 1458 736 1482 creatas
755 1454 865 1482 intersit
879 1455 970 1490 aliqua
984 1454 1082 1483 simili-

295 1499 373 1533 tudo,
388 1499 431 1527 vel
445 1499 469 1527 si
484 1507 527 1532 ea,
545 1507 606 1535 quae
621 1499 648 1526 in
669 1499 739 1528 Filio
755 1506 830 1533 sunt,
855 1501 881 1528 in
897 1501 979 1529 rebus
1002 1500 1082 1528 factis

296 1545 416 1581 reperire
432 1546 548 1581 possint,
565 1554 621 1581 quo
638 1546 693 1575 illis
717 1547 797 1575 liceat
821 1547 940 1575 Verbum
961 1547 1010 1574 Dei
1024 1555 1080 1574 rem

296 1595 418 1619 creatam
436 1591 582 1627 appellare.
609 1592 711 1620 Verum
736 1593 763 1621 id
786 1600 927 1628 nunquam
946 1593 1084 1621 invenient

296 1637 348 1665 viri
365 1645 496 1673 perquam
514 1639 651 1666 temerarii
665 1643 747 1674 atque
761 1647 778 1666 a
789 1647 854 1667 vera
879 1639 979 1674 pietate
1005 1639 1085 1668 aber-

296 1687 400 1711 rantes.
414 1683 483 1712 Nam
499 1683 527 1712 in
542 1685 624 1712 rebus
638 1685 738 1713 creatis
753 1685 821 1712 nihil
841 1690 883 1714 est
900 1685 1082 1720 omnipotens,

296 1730 426 1765 nullaque
448 1729 477 1757 in
501 1730 613 1758 alterius
627 1731 674 1758 sed
697 1731 784 1759 solius
804 1731 851 1759 Dei
875 1735 918 1759 est
940 1735 1082 1766 potestate.

298 1775 438 1811 Siquidem
454 1785 463 1802 ι
483 1776 546 1803 εωΙὶ
558 1777 812 1812 enarrantgloriam
827 1776 921 1811 Dei“;
935 1786 945 1803 ι
957 1781 993 1810 et,
1009 1786 1018 1802 ι
1031 1777 1085 1804 Do-

296 1821 365 1847 mini
379 1825 423 1848 est
437 1826 507 1848 terra
521 1826 548 1849 et
560 1821 699 1856 plenitudo
714 1822 774 1856 ejus
785 1822 819 1849 ¹¹.
835 1821 911 1850 Mare
923 1821 990 1849 vidit
1006 1826 1033 1849 et
1045 1821 1085 1849 fu-

296 1867 336 1901 git
347 1866 380 1893 “.
405 1876 415 1893 ›
430 1867 529 1894 Omnia
556 1867 675 1902 denique
700 1868 817 1895 creatori
842 1867 1020 1900 famulantur,
1044 1867 1085 1895 fa-

297 1913 430 1952 ciuntque
444 1913 555 1941 verbum
567 1913 628 1948 ejus
638 1913 671 1947 “,
687 1918 714 1942 et
725 1914 786 1949 ejus
802 1914 931 1942 mandato
942 1914 1082 1942 obediunt.

296 1958 332 1986 At
349 1950 436 1987 Pilius
453 1959 627 1994 omnipotens
643 1964 694 1993 est,
713 1964 744 1987 ut
757 1959 849 1992 Pater,
867 1960 940 1995 quod
952 1959 1046 1994 utique
1058 1964 1085 1987 et

298 2005 428 2041 scriptum
438 2010 465 2034 et
478 2010 618 2033 ostensum
633 2012 685 2034 est.
702 2006 767 2033 ltem
783 2006 850 2033 nihil
866 2006 937 2033 inter
951 2013 995 2033 res
1009 2013 1085 2032 crea-

298 2056 341 2080 tas
364 2057 460 2080 natura
479 2052 648 2079 immutabile
674 2058 725 2080 est.
753 2051 893 2088 Siquidem
915 2051 1026 2087 quidam
1051 2059 1082 2079 ex

297 2097 401 2134 angelis
413 2098 537 2126 ordinem
548 2106 628 2125 suum
643 2105 696 2125 non
708 2103 884 2126 servaverunt
895 2098 930 2131 ",
943 2102 980 2131 et,
996 2107 1005 2123 ι
1021 2097 1085 2125 stel-

296 2143 331 2171 la:
346 2150 399 2171 non
411 2149 475 2171 sunt
485 2143 593 2171 mundae
604 2144 631 2171 in
643 2148 790 2179 conspectu
802 2143 893 2177 ejus"
911 2153 919 2170 :
938 2153 946 2169 ι
960 2142 1085 2170 diabolus

1127 218 1243 254 ἔγραψεν
1255 227 1261 232 ·
1276 227 1286 242 ί
1309 217 1406 252 Ὲσμὲν
1419 218 1448 243 ὲν
1458 217 1496 252 τῷ
1505 216 1633 252 ἀληθινῷ,
1649 218 1678 243 ὲν
1690 217 1727 252 τῷ
1741 217 1793 252 Υἰῷ
1816 219 1884 246 αὑτοῦ

1133 264 1219 300 Ἰησοῦ
1236 263 1356 300 Χριστῷ.
1372 259 1456 294 Οὗτός
1482 264 1557 289 ἐστιν
1582 263 1597 288 ὁ
1613 263 1735 297 ἀληθινός
1754 263 1815 295 Θεὸς
1826 285 1833 296 ,
1849 266 1887 292 καὶ

1127 310 1182 346 ζωὴ
1195 312 1211 345 ἡ
1230 310 1283 345 (11)
1300 309 1414 340 αἰώνιος.
1436 318 1445 334 ι
1469 308 1522 336 Καὶ
1535 308 1603 340 ὅλως
1613 308 1688 335 οὐδέν
1700 309 1782 341 ἔστιν,
1794 306 1828 336 ὧν
1841 310 1888 345 ἔχει

1126 356 1140 382 ὀ
1155 356 1259 392 Πατὴρ,
1275 356 1289 382 ὃ
1305 356 1342 392 μὴ
1355 355 1401 382 τοῦ
1416 355 1481 382 Υίοῠ
1494 356 1562 381 ἐστι.
1578 354 1627 381 Διὰ
1649 354 1726 381 τοῦτο
1744 355 1795 391 γὰρ
1809 356 1822 382 ό
1837 356 1889 388 Υἱὸς

1127 402 1155 428 ὲν
1164 401 1203 437 τῷ
1222 401 1319 437 Πατρὶ,
1338 402 1385 428 καὶ
1398 401 1412 427 ὁ
1423 400 1517 436 Πατὴρ
1532 401 1561 426 ὲν
1574 399 1613 435 τῷ
1625 400 1680 436 Υἱῷ
1689 408 1696 416 ”
1709 401 1797 437 ἐπειδὴ
1812 402 1842 428 τὰ
1851 402 1889 429 τοῦ

1127 448 1243 483 Πατρὺς,
1254 447 1340 474 ταῦτα
1355 448 1383 474 ὲν
1396 447 1434 482 τῷ
1449 447 1505 482 Υἱῷ
1519 448 1587 480 ἐστι,
1607 447 1654 473 καὶ
1669 447 1747 473 πάλιν
1768 447 1846 474 ταῦτα
1866 449 1890 474 ἐν

1126 493 1165 528 τῷ
1181 493 1266 528 Πατρὶ
1282 495 1391 520 νοεῖται.
1410 492 1487 519 Οὕτω
1501 494 1601 519 νοεῖται
1615 492 1702 519 καὶτὸ
1717 491 1770 527 (12)
1783 512 1790 525 ,
1805 501 1813 517 ι
1832 492 1891 527 Ἐγὼ

1127 540 1175 566 καὶ
1188 540 1202 565 ὁ
1215 539 1309 575 Πατὴρ
1325 539 1354 565 ἓν
1373 539 1456 573 ἐσμεν
1468 546 1475 553 ·
1491 548 1500 564 ι
1516 538 1610 574 ἐπειδὴ
1623 538 1672 564 οὐκ
1684 538 1749 565 ἄλλα
1762 538 1790 565 ὲν
1807 537 1890 573 τούτῳ,

1128 586 1174 612 καὶ
1190 585 1256 611 ἄλλα
1271 586 1299 611 ἐν
1317 584 1356 620 τῷ
1373 584 1429 620 Υιῷ
1439 593 1445 599 ·
1464 584 1531 611 ἀλλὰ
1543 584 1576 611 τὰ
1588 585 1617 610 ὲν
1627 584 1666 620 τῷ
1677 583 1772 620 Πατρὶ,
1787 584 1862 611 ταῦτα
1869 586 1892 610 ἐν

1128 631 1166 667 τῷ
1177 631 1234 666 1⁸ίῷ
1251 632 1319 658 ἐστι.
1336 631 1391 658 Καὶ
1405 631 1423 658 ὃ.
1444 631 1552 666 βλέπεις
1563 631 1592 657 δὲ
1608 631 1637 656 ὲν
1656 631 1695 666 τῷ
1711 630 1809 666 Πατρὶ,
1830 631 1891 657 ἐπειι

1127 678 1159 713 δὴ
1171 678 1226 714 (15)
1244 678 1354 713 βλέπεις
1369 679 1398 704 ὲν
1414 678 1453 713 τῷ
1466 677 1523 712 Υἱῷ
1533 698 1540 710 ,
1563 679 1663 704 νοεῖται
1682 677 1769 709 καλῶς
1793 677 1830 710 τὸ,
1845 687 1853 702 ι
1869 677 1892 704 ’0

1128 725 1177 761 ἐμὲ
1190 725 1320 760 ἑωρακὼς
1335 724 1441 761 ἑώρακε
1455 725 1500 751 τὸν
1516 725 1635 760 Πατέρα.
1658 733 1667 750 ι

1164 772 1190 798 5.
1208 771 1316 798 Τούτων
1340 771 1368 798 δὲ
1390 771 1461 798 οὕτω
1484 770 1676 806 δεικνυμένων,
1697 770 1794 806 ἀσεϐής
1810 770 1892 796 ὲστινό

1128 817 1215 851 λέγων
1237 818 1339 853 κτίσμα
1354 815 1424 845 εἶναι
1439 817 1495 852 (14)
1508 817 1553 843 τὸν
1567 816 1641 844 Υἱόν.
1666 816 1893 852 Ἀναγκασθήσεται

1128 864 1182 899 γὰρ
1195 865 1280 890 εἰπεῖν
1295 863 1398 899 κτίσμα
1414 863 1461 890 καὶ
1476 863 1524 898 τὴν
1541 862 1632 898 πηγὴν
1654 862 1795 897 βρύουσαν,
1808 863 1893 896 κτίσμα

1127 909 1176 945 τὴν
1191 909 1296 944 σοφίαν,
1312 909 1358 936 τὸν
1374 909 1470 943 Λόγον,
1482 909 1511 935 ὲν
1524 905 1546 942 ᾧ
1560 909 1618 935 ἐστι
1635 908 1724 935 πάντα
1741 907 1775 934 τὰ
1789 907 1833 934 τοῦ
1848 908 1893 934 Παι

1127 954 1200 990 τρός.
1218 955 1321 987 Ἀλλως
1339 963 1370 981 τε
1387 955 1434 981 καὶ
1449 955 1503 982 ἀπὸ
1528 954 1632 981 τούτων
1647 955 1680 982 ἄν
1696 962 1738 986 τις
1751 954 1798 981 ῐδοι
1812 954 1839 980 τὸ
1849 953 1893 989 (15)

1130 1001 1228 1037 σαθρὸν
1245 1001 1293 1036 τῆς
1304 1001 1436 1036 αἱρέσεως
1449 1000 1503 1027 τῶν
1522 1000 1744 1036 Ἀρειομανιτῶν.
1761 997 1808 1027 Ὧν
1826 1000 1894 1035 ἐσμεν

1128 1049 1226 1084 ὅμοιοι,
1243 1048 1290 1075 καὶ
1302 1048 1352 1083 τὴν
1365 1047 1517 1083 ταυτότητα
1530 1047 1628 1082 ἔχομεν
1636 1047 1748 1080 τούτων,
1758 1047 1803 1074 καὶ
1813 1046 1893 1082 ὁμοσύ-

1130 1093 1181 1121 σιοί
1192 1095 1289 1129 ὲσμεν’
1304 1093 1440 1129 ἄνθρωποι
1451 1092 1516 1128 γοῦν
1530 1093 1616 1127 ὅμοιοι
1631 1092 1679 1119 καὶ
1692 1093 1837 1128 ταυτότητα
1850 1091 1893 1127 (16)

1129 1139 1245 1174 ἔχοντες,
1261 1138 1397 1174 ὁμοούσιοι
1409 1139 1492 1173 ὲσμεν
1505 1138 1636 1174 ἀλλήλων.
1649 1138 1687 1165 Τὸ
1700 1138 1764 1165 αὐτὸ
1773 1138 1824 1174 γὰρ
1831 1138 1895 1169 πᾶσι,

1129 1184 1159 1211 τὸ
1174 1185 1280 1220 θνητὸν,
1291 1184 1322 1211 τὸ
1335 1184 1462 1220 φθαρτὸν,
1476 1183 1507 1210 τὸ
1526 1184 1651 1220 τρεπτὸν,
1674 1184 1706 1211 τὸ
1718 1185 1749 1211 ὲκ
1764 1185 1798 1220 μὴ
1814 1184 1894 1211 ὄντων.
1938 1183 1939 1207 ἒ

1129 1232 1184 1259 Καὶ
1191 1231 1299 1266 ἄγγελοι
1309 1230 1365 1267 (17)
1373 1231 1402 1258 δὲ
1416 1230 1483 1266 πρὸς
1495 1231 1616 1263 ἑαυτοὺς,
1633 1231 1683 1258 καὶ
1695 1231 1729 1258 τὰ
1740 1230 1804 1258 ἄλλα
1814 1230 1896 1261 πάντα,

1130 1277 1260 1309 ὡσαύτως
1270 1277 1376 1313 ὀμοφυῆ
1386 1277 1459 1304 ἐστιν
1470 1276 1600 1312 ἀλλήλων.
1613 1276 1719 1304 Οὐκοῦν
1731 1277 1897 1313 ἐρευνάτωσαν

1130 1326 1154 1352 0t
1171 1323 1334 1360 περίεργοι,
1360 1323 1385 1350 ει
1401 1323 1458 1350 ἐστι
1482 1331 1524 1355 τις
1548 1323 1676 1358 ὁμοιότης
1693 1323 1760 1358 πρὸς
1782 1322 1824 1349 τὸν
1847 1321 1897 1348 Υίὺν

1130 1371 1186 1401 τοῖς
1208 1369 1367 1404 χτίσμασιν·
1391 1368 1408 1405 ἢ
1422 1369 1455 1395 τὰ
1475 1369 1504 1395 ὲν
1519 1367 1559 1403 τῷ
1569 1368 1625 1403 Υίῷ
1639 1367 1765 1395 δύνανται
1780 1369 1861 1404 εὑρεῖν
1875 1368 1897 1393 ἐν

1130 1416 1187 1445 τοῖς
1200 1415 1333 1450 γενητοῖς,
1350 1413 1393 1440 ἵνα
1408 1413 1455 1440 καὶ
1468 1413 1571 1448 κτίσμα
1586 1413 1758 1449 τολμήσωσιν
1773 1414 1851 1440 εἰπεῖν
1862 1411 1898 1438 τδν

1131 1459 1178 1485 τοῦ
1189 1458 1256 1485 Θεοῦ
1268 1458 1353 1492 Λόγον
1369 1458 1436 1494 (18).
1457 1457 1526 1484 Ἀλλ’
1543 1458 1594 1485 οὐκ
1615 1457 1649 1485 ἂν
1667 1457 1771 1494 εὕροιεν
1790 1458 1813 1484 οἱ
1826 1457 1899 1484 πάντα

1132 1505 1276 1540 προπετεῖς
1289 1505 1336 1531 καὶ
1350 1503 1520 1540 πλανώμενοι
1539 1503 1604 1539 περὶ
1620 1504 1672 1538 τὴν
1692 1503 1838 1531 εὐσέϐειαν.
1864 1503 1899 1529 Ἐν
1938 1538 1939 1544 γ

1134 1550 1184 1585 μὲν
1198 1549 1252 1585 γὰρ
1263 1550 1320 1581 τοῖς
1334 1549 1480 1584 κτίσμασιν
1493 1549 1568 1576 οὐδέν
1577 1549 1636 1575 ἐστι
1653 1549 1854 1585 παντοκράτωρ,
1863 1547 1899 1574 καὶ

1132 1595 1208 1623 οὐδὲν
1219 1595 1296 1631 παρὰ
1311 1594 1357 1622 τοῦ
1371 1595 1464 1631 ἐτέρου
1475 1589 1628 1631 κρατεῖται.
1644 1596 1780 1623 Ἕκαστον
1798 1595 1847 1631 γὰρ
1860 1593 1898 1622 αὖ·

1130 1641 1179 1669 ποῦ
1187 1642 1241 1678 (19)
1250 1643 1307 1669 ἐστι
1314 1641 1360 1669 τοῦ
1367 1641 1445 1669 Θεοῦ.
1455 1651 1465 1668 ‹
1474 1642 1506 1669 Οἱ
1516 1651 1526 1669 ι
1540 1641 1649 1678 μὲνγὰρ
1662 1652 1672 1669 ι
1682 1640 1899 1678 οὐρανοὶδιηγοῦν-

1132 1695 1179 1714 ται
1190 1687 1268 1720 δόξαν
1283 1686 1350 1714 Θεοῦ
1360 1694 1367 1701 ·
1383 1688 1400 1721 ἡ
1410 1687 1438 1714 δὲ
1451 1686 1540 1722 γῆτοῦ
1552 1687 1657 1723 Κυρίου
1672 1688 1732 1714 ἐστὶ
1746 1688 1792 1714 καὶ
1805 1686 1832 1713 τὸ
1846 1685 1900 1720 πλή·

1135 1741 1214 1768 ρωμα
1230 1733 1330 1768 αὐτῆς·
1351 1733 1367 1768 ἡ
1383 1732 1504 1760 θάλασσα
1522 1731 1577 1759 εἶδε
1594 1733 1642 1760 καὶ
1667 1733 1762 1768 ἔφυγε.
1790 1742 1800 1759 ι
1817 1732 1864 1759 Καὶ
1873 1729 1900 1756 τὰ

1133 1778 1223 1805 πάντα.
1234 1778 1315 1805 δοῦλα
1328 1778 1374 1805 τοῦ
1386 1779 1566 1814 πεποιηκότος
1577 1779 1649 1811 ἐστὶ,
1667 1779 1794 1807 ποιοῦντα
1813 1778 1854 1805 τὸν
1867 1776 1901 1802 λό-
1938 1778 1939 1811 ξ

1133 1833 1180 1860 γον
1194 1824 1286 1857 αὑτοῦ,
1303 1825 1350 1851 καὶ
1367 1824 1538 1852 ὑπακούοντα
1555 1824 1595 1859 τῷ
1614 1825 1804 1861 προστάγματι
1822 1821 1899 1851 αὑτοῦ.
1938 1822 1939 1828 ‘

1140 1871 1169 1897 '0
1183 1871 1211 1897 δὲ
1238 1870 1302 1902 Υίδς
1327 1871 1523 1908 παντοκράτωρ
1545 1872 1628 1905 ἐστὶν,
1643 1872 1683 1904 ὡς
1711 1873 1726 1899 6
1752 1867 1901 1905 Πατήρ·καὶ

1133 1915 1213 1942 τοῦτο
1227 1915 1392 1951 γέγραπται,
1416 1916 1462 1943 καὶ
1478 1916 1621 1943 δέδεικται.
1646 1917 1734 1944 Πάλιν
1759 1925 1788 1943 τε
1807 1914 1856 1951 (20)
1878 1913 1900 1939 ἐν

1133 1962 1189 1993 τοῖς
1200 1961 1346 1997 κτίσμασιν
1357 1961 1433 1988 οὐδέν
1456 1962 1530 1989 ἐστιν
1549 1962 1684 1999 ἄτρεπτον
1706 1964 1739 1998 τῇ
1758 1961 1840 1997 φύσει.
1853 1958 1900 1986 Τῶν

1134 2007 1189 2043 γὰρ
1204 2007 1326 2041 ἀγγέλων
1340 2007 1411 2039 τινὲς
1420 2008 1471 2034 οὐκ
1495 2008 1632 2044 ἐτήρησαν
1655 2008 1707 2044 τὴν
1738 2008 1803 2035 ιδίαν
1821 2005 1899 2038 τάξιν

1135 2053 1182 2080 καὶ
1202 2061 1211 2078 ι
1226 2052 1313 2088 ἄστρα
1329 2053 1359 2079 οὐ
1373 2052 1480 2088 καθαρὰ
1491 2053 1606 2080 ὲνώπιον
1621 2053 1705 2080 αὐτοῦ
1715 2062 1722 2069 ·
1745 2063 1753 2079 ι
1771 2053 1816 2080 καὶ
1834 2052 1846 2078 ὸ
1862 2050 1900 2086 μὲν

1134 2098 1254 2130 διάϐολος
1273 2099 1369 2126 ἔπεσεν
1390 2099 1437 2126 ἀπ’
1453 2099 1567 2135 οὐρανοῦ
1578 2108 1586 2116 ·
1604 2099 1618 2125 ὁ
1635 2099 1666 2126 δὲ
1687 2099 1772 2135 Ἀδὰμ
1794 2096 1898 2133 παρὲἦη“

1137 2146 1183 2172 καὶ
1208 2145 1298 2172 πάντα
1320 2145 1497 2182 ἀλλοιούμενα
1514 2147 1597 2173 ἐστιν.
1619 2147 1647 2173 '0
1661 2147 1691 2174 δὲ
1712 2147 1775 2178 Υἱὸς
1788 2142 1901 2181 ἄτρεπτός

296 2197 313 2217 e
328 2189 405 2217 ccelis
419 2190 528 2222 cecidit,
544 2190 632 2217 Adam
648 2190 841 2225 praeraricatus
863 2194 905 2217 est
923 2199 930 2216 :
947 2193 1080 2224 postremo

1137 2189 1195 2216 ἐστι
1212 2189 1260 2216 καὶ
1270 2190 1457 2224 ἀναλλοίωτος,
1471 2191 1509 2224 ὡς
1523 2192 1537 2218 ὁ
1550 2192 1655 2228 Πατήρ.
1669 2193 1726 2219 Καὶ
1736 2191 1811 2219 τοῦτο
1823 2191 1835 2217 6
1846 2187 1902 2216 Παῦ-

298 2239 403 2263 cunctae
418 2242 462 2263 res
475 2239 626 2262 mutantur.
646 2234 732 2262 Filius
747 2242 813 2262 vero
837 2235 1016 2263 immutabilis
1041 2239 1083 2262 est

332 2335 354 2351 "
368 2334 478 2369 Apocal.
495 2342 514 2367 ι,
529 2333 557 2361 ὃ.
595 2334 617 2350 ⁸⁵
634 2333 732 2361 lJoan.
747 2342 773 2366 v,
786 2334 832 2362 20.
869 2334 890 2350 "
904 2333 983 2362 Joan.
997 2342 1023 2367 χ,
1036 2333 1080 2361 50.

315 2369 338 2387 ²³
349 2370 422 2398 Psal.
435 2377 512 2401 cmi,
523 2369 550 2396 5.
588 2370 612 2386 ’⁵
627 2369 700 2397 Psal.
715 2377 764 2403 cn,
777 2369 822 2396 20.
860 2369 884 2385 "
901 2369 965 2397 Jud.
982 2369 1009 2396 6.

334 2427 390 2468 (ll)
409 2427 447 2468 Ἦ.
454 2426 529 2454 deest
544 2425 572 2453 in
587 2425 683 2462 Regio,
697 2425 809 2461 Seguer.
826 2425 935 2454 Gobler.
949 2430 976 2454 et
988 2425 1082 2454 Felck-

297 2471 389 2490 mannl
407 2469 506 2490 primo.

404 2470 618 2537 gagiih‘elckm.
631 2496 767 2537 secundus
781 2503 944 2532 anonymus,
957 2501 985 2524 et
998 2497 1082 2525 editio

295 2532 524 2563 Commeliniana,
538 2531 585 2558 καί
598 2533 736 2559 omittunt.

331 2568 386 2603 (15)
403 2567 449 2595 Sic
459 2567 620 2603 Regiusﬂet
640 2566 752 2603 Seguer.
771 2566 806 2593 At
821 2566 866 2594 alii
886 2570 913 2593 et
931 2566 995 2603 editi
1010 2566 1038 2593 δέ
1055 2571 1082 2603 et

331 2573 375 2603 (15
403 2573 449 2595 διο
465 2573 565 2602 ﬂeglus
592 2573 619 2594 et
640 2573 752 2602 Deguer.
771 2573 806 2593 At
821 2573 866 2594 alu
886 2573 913 2593 et
931 2573 995 2594 eam
1010 2573 1038 2593 οε
1055 2573 1082 2594 et

296 2573 399 2664 saesz
410 2602 548 2630 omittunt.
567 2602 666 2629 Ibidem
688 2602 735 2628 καί
758 2607 820 2630 ante
842 2603 939 2628 νοεῖται
958 2602 1034 2629 deest
1054 2602 1082 2629 in

297 2638 361 2664 Rea.
389 2637 492 2664 ‘ezuer.
508 2637 617 2664 Gobler.
634 2642 661 2664 et
671 2636 744 2664 Felc.
761 2637 786 2664 1.

297 2638 361 2673 Reg.
380 2636 492 2673 Seguer.
508 2637 661 2673 Goblerzet
671 2636 744 2673 Felc.
761 2637 786 2664 1.

333 2670 388 2707 (14)
410 2670 486 2700 Εἶναι
501 2673 576 2700 abest
593 2680 609 2699 a
624 2671 690 2707 Reg.
709 2672 867 2707 Seguerian.
886 2670 1040 2700 Goblerian.
1055 2675 1082 2698 et

295 2707 368 2743 Felc.
384 2708 409 2734 1.
431 2707 491 2735 Mox
506 2712 568 2742 post
580 2706 677 2740 εἰπεῖν,
691 2706 757 2743 Reg.
775 2712 803 2735 et
821 2706 932 2743 Seguer.
954 2707 1081 2734 omittunt

295 2742 446 2838 xtzggfﬁc
456 2777 557 2813 Regius
573 2782 600 2805 et
620 2777 732 2813 Seguer.
747 2777 781 2804 At
792 2777 932 2810 Ottobon.,
949 2777 1003 2804 ἀπὸ
1018 2776 1080 2803 τού-

295 2821 349 2838 των
381 2811 421 2838 δοι
445 2821 496 2838 τις.
513 2813 609 2838 Ceteri
629 2818 656 2838 et
675 2813 750 2838 editi.
773 2813 827 2838 ἀπὸ
848 2812 948 2838 τούτων
965 2812 1079 2838 μάλιστα

292 2811 349 2841 των
372 2811 421 2839 ἴδοι
445 2811 610 2845 τις.’(.ὶειθι’ἰ
629 2811 750 2845 ειάξᾶίιὶ,
773 2813 827 2840 ἀπὸ
848 2812 948 2839 τούτων
963 2812 1079 2848 μάλιστα

1137 2234 1181 2267 λος
1195 2234 1353 2270 ὑπέμνησεν
1366 2236 1398 2263 ὲκ
1409 2236 1455 2263 τοῦ
1470 2237 1617 2264 ἐκατοστοῦ
1633 2238 1679 2264 καὶ
1691 2237 1797 2273 πρώτου
1812 2231 1902 2271 ψαλμοῦ

1117 2334 1140 2349 ’⁸
1156 2332 1236 2361 Joan.
1251 2342 1308 2366 xw,
1321 2334 1349 2362 9.
1388 2334 1409 2350 ’ί
1425 2333 1496 2362 Psal.
1510 2342 1587 2367 mn,
1601 2335 1628 2363 2.
1668 2337 1691 2353 ²²
1705 2335 1776 2364 Psal.
1801 2342 1871 2368 mu,
1881 2332 1901 2359 1.

1047 2370 1070 2385 ¹⁶
1084 2368 1135 2396 Job
1149 2377 1215 2401 xxv,
1227 2369 1254 2397 5.

1134 2425 1183 2463 ἴδοι
1197 2425 1237 2463 το,
1251 2429 1304 2453 etc.
1319 2425 1422 2463 ibidem
1442 2425 1543 2462 Regius
1558 2431 1584 2455 et
1598 2426 1768 2463 Seguerian.,
1787 2424 1903 2461 αἱρέσεως

1132 2461 1187 2488 τῶν
1205 2460 1362 2488 Ἀοειανῶν.

1169 2491 1359 2533 (16)_Fel_ckm.
1378 2495 1408 2533 21
1426 2501 1454 2533 et
1473 2496 1554 2533 editi,
1571 2497 1620 2533 τὴν
1633 2497 1790 2533 summa.
1807 2494 1861 2521 Mox
1877 2491 1903 2518 τὸ

1133 2530 1342 2568 φθαρτόν-οὺεδι
1358 2538 1373 2568 a
1389 2530 1498 2568 Gobler.
1513 2532 1586 2568 Fele.
1599 2530 1635 2565 ’1,
1647 2533 1717 2568 Reg:
1724 2530 1749 2559 et
1763 2530 1863 2568 segu‘er.

1169 2561 1412 2606 (l'7_)r.lta_Reg_ius,
1429 2567 1542 2606 S_egt_lel_‘:
1561 2561 1638 2595 Gobl'.
1659 2561 1768 2606 etvFelc.
1784 2561 1902 2606 lT‘Atna‘iii

1133 2596 1266 2637 erfediti,
1283 2596 1419 2634 ἀγγέλοις.
1438 2596 1505 2630 Ibid.
1522 2601 1588 2637 Reg.
1611 2608 1638 2630 et
1660 2602 1781 2637 Seguer.,
1795 2599 1825 2625 τὰ
1844 2596 1902 2624 ἄλλα

1135 2635 1233 2662 πάντα.
1246 2635 1342 2662 Caeteri
1357 2641 1384 2663 et
1397 2636 1472 2669 editi,
1484 2636 1519 2663 τὰ
1533 2635 1599 2664 ἄλλα
1612 2637 1641 2664 δὲ
1657 2635 1754 2664 πάντα.

1170 2671 1226 2706 (18)
1242 2670 1343 2706 Regius
1357 2677 1384 2698 et
1399 2671 1522 2706 Seguer.,
1539 2672 1607 2699 Θεοῦ
1623 2673 1695 2699 Υῑόν.

1170 2699 1229 2742 (19)
1241 2699 1306 2742 Reg.
1322 2699 1450 2741 Seguer."
1458 2699 1597 2742 Anglican.
1614 2707 1720 2735 Gohler.
1739 2710 1765 2733 et
1776 2702 1861 2742 fulcit:
1877 2699 1899 2731 ί-

1133 2739 1339 2778 ἐαντοῦἊινὶἆειη
1359 2739 1466 2778 (praeter
1478 2739 1595 2778 Anglic.)
1611 2744 1735 2770 omittunt
1743 2739 1788 2767 τοῦ
1800 2739 1885 2778 Θεοῐη,

1133 2776 1226 2839 d
1243 2774 1289 2804 Sic
1305 2771 1379 2811 Reg:
1388 2781 1415 2805 et
1437 2771 1549 2812 Segue‘i‘.
1574 2771 1602 2805 In
1625 2778 1683 2806 aliis
1705 2784 1766 2804 vero
1786 2779 1811 2802 et
1830 2771 1899 2800 editi!

1220 2820 1261 2838 τε.

1151 2816 1209 2840 eest
1220 2820 1261 2838 τε.
