1974 3037
109 129 160 157 615

672 126 839 154 ΕΡΙΞΤΟΙΑ
858 126 879 154 li
898 126 944 153 AD
964 125 1192 153 SERAPIONEM.

1316 60 1326 75 \

1674 121 1726 150 6M

107 189 196 224 λέγων
211 186 280 222 (2i)~
309 196 317 212 ι
331 185 386 213 Καὶ
400 186 431 212 σὺ
449 186 508 212 κατ’
523 186 619 222 ἀρχὰς,
641 185 738 221 Κύριε,
765 185 814 222 τὴν
841 185 892 221 γῆν

949 189 974 211 ut
983 184 1074 216 Pater,
1084 182 1272 219 idquePaulus
1278 189 1308 209 ex
1318 181 1468 210 centesimo
1475 181 1564 216 primo
1570 180 1676 216 psalmo
1683 181 1727 208 hi's

108 233 294 268 ἐθεμελίωσας
304 240 311 247 ·
323 231 369 257 καὶ
385 231 453 266 ἔργα
465 231 520 257 τῶν
539 231 638 267 χειρῶν
659 239 706 257 σου
723 231 792 258 είσὶν
808 233 832 257 oi
846 231 892 257 οὺ-

108 278 197 316 ρανοί.
209 278 288 304 Αὐτοὶ
301 277 471 309 ἀπολοῦνται,
485 277 516 304 σὺ
531 277 559 304 δὲ
573 277 723 312 διαμενεῖς·
735 277 783 303 καὶ
794 276 894 308 πάντες

106 323 146 355 ὡς
167 323 273 356 ίμάτιον
304 321 548 356 παλαιωθήσονται,
573 322 620 348 καὶ
642 322 708 348 ὡσεὶ
723 322 893 358 περιϐόλαιον

109 367 235 401 ἀλλάξεις
247 367 354 400 αὐτοὺς,
372 367 420 393 καὶ
433 367 645 403 ἀλλαγήσονται·
660 368 691 394 σὺ
699 367 746 394 δὲὸ
763 368 842 399 αὐτὸς
857 366 892 401 εἴ,

109 414 201 440 καὶτὰ
213 413 260 448 ἐτη
270 421 316 439 σου
326 413 376 440 οὐκ
386 413 549 448 ὲκλείψουσι.
561 423 570 439 ι
582 413 636 440 Καὶ
644 414 724 441 πάλιν
735 413 808 448 λέγει
818 413 874 449 (22)
885 421 892 428 θ

112 468 122 485 ε
134 458 235 494 Ἰησοῦς
246 458 362 494 Χριστὸς
379 459 441 493 χθὲς
456 459 503 485 καὶ
515 459 650 495 σήμερον·
673 459 687 485 ὸ
697 459 776 490 αὐτὸς
793 459 839 486 καὶ
854 459 894 490 είς

108 506 173 537 τοὺς
187 505 298 536 αἰῶνας.
320 513 329 530 ι

144 552 172 579 4.
188 551 244 579 Καὶ
259 551 338 578 πάλιν
352 550 386 577 τὰ
399 550 500 585 γενητὰ
508 550 597 577 πάντα
608 548 660 578 οὐκ
671 548 716 586 ἦν,
725 550 772 577 καὶ
786 551 893 585 γέγονε.

109 598 167 633 Τὴν
186 597 240 633 γὰρ
257 597 319 632 γῆν,
335 596 372 629 ὡς
384 597 469 630 οὐδὲν,
486 597 610 632 ἐποίησε·
623 596 680 628 καὶ,
700 606 710 622 ι
726 598 740 623 ὁ
758 597 849 624 καλῶν
861 597 894 623 τὰ

111 644 151 678 μὴ
164 643 227 670 ὄντα
244 641 281 673 ὡς
301 642 365 668 ὅντα
379 650 385 656 ·
404 651 414 667 ι
429 642 475 668 καὶ
493 642 548 676 (25)
573 642 712 677 ποιήματα
724 641 754 668 δέ
775 642 833 668 ἐστι
849 642 896 669 καὶ

110 688 248 723 κτίσματα
259 696 265 702 ·
281 687 326 713 διὰ
337 687 416 714 τοῦτο
433 687 489 723 γὰρ
504 688 551 713 καὶ
569 687 656 723 ἀρχὴν
675 687 731 722 ἔχει
755 687 801 714 τοῦ
819 688 894 723 γενέ-

111 735 183 761 σθαι.
195 743 204 760 ‹
216 734 259 760 Ἑν
274 734 343 769 ἀρχῇ
362 743 371 759 ι
381 733 435 769 γὰρ
447 742 456 759 t
476 734 603 769 ἐποίησεν
615 735 629 760 ὁ
645 734 710 766 Θεὸς
723 734 768 761 τὸν
782 735 895 770 οὐρανὸν

110 781 157 807 καὶ
170 780 218 815 τὴν
230 780 291 815 γῆν,
304 780 370 806 ι’καὶ
381 780 468 807 πάντα
475 780 510 806 τὰ
525 781 553 806 ὲν
564 781 654 812 αὐτοῖς
664 789 670 795 ⁸
683 781 729 807 καὶ
738 781 817 808 πάλιν
828 781 892 817 (24)·

112 836 122 852 ι
148 827 180 852 'H
195 826 254 861 χείρ
277 835 328 862 μου
341 825 451 862 ἐποίησε
473 825 559 853 ταῦτα
576 826 674 853 πάντα.
701 839 711 853 ι
731 827 760 853 '0
780 827 807 853 δὲ
832 827 895 859 Υἱὸς

945 231 1034 258 verbis
1049 231 1127 258 docet
1135 230 1158 246 "
1170 239 1176 256 :
1190 229 1237 256 «Et
1251 233 1279 256 tu
1291 228 1320 256 in
1335 228 1479 263 principio,
1489 227 1613 260 Domine,
1626 231 1727 254 terram

944 275 1075 309 fundasti,
1091 280 1118 303 et
1133 282 1215 310 opera
1231 281 1361 301 manuum
1377 277 1484 300 tuarum
1502 276 1567 300 sunt
1581 271 1661 300 coeli:
1676 271 1728 306 ipsi

945 323 1084 357 peribunt,
1101 328 1129 349 tu
1155 326 1244 348 autem
1264 319 1458 355 permanebis:
1478 323 1505 347 et
1517 325 1613 346 omnes
1636 323 1666 345 ιιι
1680 325 1730 346 ve-
1747 342 1754 348 .

945 367 1102 395 stimentum
1125 369 1304 397 veterascent,
1319 370 1346 392 et
1363 365 1438 392 velut
1463 363 1592 391 amictum
1609 362 1729 390 mutabis

945 420 1002 444 eos,
1026 417 1053 440 et
1078 412 1266 439 mutabuntur.
1291 410 1331 438 Tu
1358 415 1447 438 autem
1464 410 1535 437 idem
1561 408 1619 444 ipse
1641 415 1683 441 es,
1702 411 1731 435 et

945 461 1009 488 anni
1025 459 1064 487 tui
1079 467 1133 487 non
1143 459 1285 491 deﬁcient;
1302 467 1312 484 ι
1329 462 1357 485 et
1367 458 1463 485 iterum
1471 457 1493 473 “
1507 466 1514 484 ε
1530 465 1540 482 ι
1557 455 1638 484 Jesus
1648 455 1728 483 Chri-

945 510 1004 533 stus
1021 505 1079 532 heri
1093 509 1120 533 et
1134 504 1214 531 hodie
1228 512 1234 530 :
1249 504 1306 538 ipse
1320 508 1347 530 et
1360 504 1386 530 in
1403 502 1512 530 saecula.
1526 511 1535 528 ι

980 551 1007 579 4.
1022 551 1154 578 Praeterea
1171 549 1302 585 quidquid
1316 553 1358 576 εει
1374 548 1487 580 factum,
1503 548 1604 575 factum
1615 551 1657 575 est
1667 553 1729 574 cum

945 602 1023 625 antea
1045 597 1114 624 nihil
1137 600 1219 624 esset.
1248 594 1316 622 Nam
1343 599 1454 626 terram,
1479 602 1540 628 quae
1561 597 1639 621 antea
1662 592 1731 620 nihil

945 648 1014 674 erat.
1024 642 1097 670 fecit.
1109 642 1142 669 Et
1159 642 1205 677 qui
1218 651 1226 668 ι
1239 646 1318 669 vocat
1328 649 1360 669 ea
1368 648 1429 676 qua:
1442 648 1495 667 non
1513 643 1588 671 sunt,
1600 643 1730 673 tanquam

945 698 976 717 ea
991 697 1050 724 qua:
1065 694 1128 716 sunt
1141 689 1175 716 ".
1195 698 1204 714 ι
1223 688 1305 723 Atqui
1327 695 1370 715 res
1387 687 1474 719 factae,
1490 691 1555 713 sunt
1571 685 1634 712 item
1651 691 1730 712 crea-

946 741 989 764 ne.
1009 735 1113 764 Idcirco
1130 735 1202 763 enim
1222 735 1328 762 initium
1349 733 1431 769 548
1452 732 1602 761 exsistendi
1619 731 1729 758 habent.

945 782 1012 810 Nam
1032 792 1041 808 ‹
1059 783 1085 810 in
1099 782 1233 817 principio
1247 781 1311 809 fecit
1321 780 1392 808 Deus
1407 779 1505 807 caelum
1522 783 1548 806 et
1559 783 1658 806 terram
1671 778 1705 810 ³⁸,
1718 787 1728 803 ι

945 837 1050 857 necnon
1070 830 1161 857 omnia
1180 837 1240 864 quae
1258 829 1284 855 in
1298 828 1339 855 eis
1358 831 1430 855 sunt.
1447 826 1480 853 Et
1509 826 1628 853 iterum:
1648 833 1657 850 ι
1672 823 1731 851 Ma-

109 871 148 898 ὦν
177 872 233 898 ἐστι
259 871 305 898 καὶ
324 872 370 898 ἐπὶ
387 871 495 898 πάντων
513 871 580 903 Θεὸς
593 892 600 904 ,
622 872 659 903 ὼς
684 872 697 898 ὁ
711 872 805 908 Πατήρ
818 880 825 888 ·
849 873 893 899 καὶ

949 883 998 902 nus
1010 883 1070 902 mea
1086 874 1150 902 fecit
1164 875 1220 902 haec
1233 874 1324 902 omnia
1338 873 1370 900 ³¹.
1393 882 1402 899 ι
1420 872 1506 899 Filius
1522 876 1623 903 autem,
1638 874 1668 897 ut
1680 869 1733 896 Pa-

109 919 190 945 τοῦτο
207 917 261 954 (25)
285 917 355 944 οὕτω
364 918 515 944 δέδεικται·
534 918 581 945 καὶ
592 918 622 945 οὐ
637 919 796 953 ποιούμενός
810 920 893 952 ἐστιν,

110 965 179 992 ἀλλὰ
196 964 295 991 ποιῶν·
324 965 373 992 καὶ
401 965 432 991 οὺ
445 964 613 1000 κτιζόμενος,
641 965 708 991 ἀλλὰ
734 965 834 998 κτίζων
847 967 895 993 καὶ

109 1011 196 1038 ποιῶν
208 1011 242 1038 τὰ
251 1011 319 1046 ἔργα
333 1010 380 1038 τοῦ
392 1011 506 1046 Πατρός.
528 1011 566 1037 Δι’
580 1011 662 1037 αὑτοῦ
681 1011 734 1047 γὰρ
753 1013 778 1038 οἱ
798 1012 896 1044 αἰῶνες

108 1057 257 1092 γεγόνασι·
279 1057 327 1083 καὶ
348 1056 436 1083 πάντα
452 1056 485 1082 δι’
503 1057 584 1084 αὑτοῦ
606 1058 726 1091 ἐγένετο·
743 1058 789 1084 καὶ
811 1059 895 1095 χωρὶς

109 1101 193 1128 αὑτοῦ
210 1102 319 1136 ἐγένετο
332 1100 392 1127 οὐδὲ
407 1100 452 1127 ἓν·
473 1100 511 1132 ὡς
524 1100 553 1127 δὲ
576 1100 736 1132 Ἀπόστολος
748 1100 849 1135 ἐδίδαξε
865 1102 896 1128 τὸ

109 1147 140 1173 ὲν
149 1149 188 1182 τῷ
202 1147 300 1182 ψαλμῷ
317 1146 383 1182 (26),
398 1147 478 1178 αὐτὸς
488 1148 548 1173 κατ’
561 1147 648 1182 ἀρχὰς
665 1147 714 1182 τὴν
733 1147 785 1182 γῆν
801 1147 896 1183 ἐθεμε-

109 1193 201 1226 λίωσε,
217 1193 264 1220 καὶ
283 1193 351 1228 ἔργα
363 1192 417 1219 τῶν
432 1192 531 1228 χειρῶν
549 1193 630 1219 αὑτοῦ
649 1194 717 1220 εἰσιν
734 1194 758 1220 οί
775 1193 894 1230 οὐρανοί.

109 1240 166 1266 Καὶ
178 1240 259 1267 πάλιν
274 1239 327 1266 τῶν
339 1240 495 1275 κτισμάτων
514 1239 590 1266 οὐδέν
601 1240 660 1266 ἐστι
674 1240 707 1275 τῇ
722 1239 801 1274 φύσει
814 1240 893 1272 Θε6ς’

109 1284 167 1311 ἀλλ’
184 1285 297 1311 ἕκαστον
312 1284 365 1311 τῶν
375 1284 528 1320 γενομένων
538 1284 552 1311 ὃ
563 1284 610 1311 καὶ
623 1283 717 1318 γέγονε
731 1283 802 1319 (27),
817 1283 896 1310 τοῦτο

109 1330 157 1357 καὶ
172 1330 272 1366 ἐκλήθη
284 1339 292 1346 ·
312 1330 342 1357 τὸ
356 1331 403 1366 μὲν
431 1330 555 1366 οὐρανὸς,
568 1329 632 1358 ἄλλο
647 1330 675 1356 δὲ
693 1331 729 1365 γῆ
748 1329 804 1365 (28)
815 1338 822 1345 ο
849 1329 896 1356 καὶ

107 1377 134 1404 al
148 1376 196 1412 μὲν
210 1377 365 1412 φωστῆρες,
384 1377 420 1404 τὰ
438 1376 467 1403 δὲ
477 1377 565 1412 ἄστρα
576 1384 582 1391 ·
597 1376 644 1403 καὶ
670 1376 736 1403 ἄλλα
762 1375 894 1407 θάλασσα,

108 1423 158 1449 καὶ
171 1423 292 1454 ᾶὸυσσοι,
308 1423 355 1450 καὶ
363 1422 532 1459 τετράποδα·
548 1422 595 1449 καὶ
619 1422 722 1454 λοιπὸν,
738 1421 893 1458 ἄνθρωπος’

107 1467 158 1494 καὶ
169 1467 222 1503 πρὸ
233 1468 335 1494 τούτων
348 1467 468 1503 ἄγγελοι,
485 1467 532 1494 καὶ
546 1467 711 1503 ἀρχάγγελοι
722 1467 789 1503 (29),
806 1476 896 1504 χερου-

946 926 999 954 ter,
1019 921 1090 949 Deus
1107 925 1149 949 est
1161 929 1242 956 super
1259 919 1361 952 omnia,
1373 918 1445 953 quod
1461 917 1569 952 quidem
1589 915 1732 951 probatum

945 972 1005 999 est;
1021 975 1070 996 nec
1085 972 1127 995 est
1146 975 1191 994 res
1214 975 1275 1002 qua:
1293 967 1340 998 lit,
1367 964 1414 992 sed
1431 964 1488 999 ipse
1508 971 1552 990 res
1576 961 1659 989 facit:
1681 969 1733 989 nec

946 1014 1063 1049 denique
1076 1018 1194 1046 creatur,
1208 1013 1254 1040 sed
1268 1013 1326 1047 ipse
1340 1011 1428 1038 Patris
1440 1017 1521 1045 opera
1532 1014 1607 1036 creat
1617 1013 1643 1036 et
1655 1007 1730 1035 facit.

946 1058 1013 1085 Nam
1029 1066 1076 1093 per
1087 1058 1176 1093 ipsum
1200 1061 1226 1085 et
1243 1057 1342 1084 saecula
1351 1056 1374 1072 ⁸¹
1391 1059 1418 1083 ει
1433 1055 1524 1082 omnia
1540 1054 1609 1082 facta
1628 1053 1732 1087 sunt”,

946 1109 974 1132 et
988 1103 1046 1132 sine
1064 1104 1122 1138 ipso
1137 1103 1239 1130 factum
1256 1107 1298 1130 est
1318 1101 1386 1129 nihil
1400 1110 1407 1129 :
1425 1105 1517 1136 atque,
1533 1104 1564 1127 ut
1581 1099 1731 1134 Apostolus

945 1156 977 1176 ex
994 1149 1100 1184 psalmo
1117 1148 1247 1180 ostendit,
1263 1147 1322 1183 ipse
1340 1147 1419 1174 initio
1432 1152 1532 1173 terram
1554 1145 1688 1178 fundavit,
1706 1150 1735 1173 et

947 1203 1028 1230 opera
1040 1202 1171 1222 manuum
1184 1194 1244 1229 ejus
1261 1198 1325 1221 sunt
1338 1193 1399 1221 caeli
1413 1192 1446 1219 “.
1461 1190 1586 1226 Insuper,
1600 1191 1674 1218 nulla
1689 1198 1734 1218 res

946 1244 1037 1268 creata
1064 1245 1160 1267 natura
1188 1239 1260 1268 Deus
1279 1243 1330 1273 εει,
1348 1239 1396 1266 εεά
1421 1237 1537 1273 singulae
1560 1237 1632 1272 quod
1656 1236 1735 1264 facta

945 1291 1019 1318 sunt,
1028 1286 1145 1322 idipsum
1155 1285 1295 1321 appellata:
1308 1289 1373 1313 sunt
1387 1284 1468 1312 :hinc
1482 1283 1666 1316 alia,cu:lum,
1681 1282 1734 1310 alia

946 1336 1017 1359 terra
1030 1333 1102 1360 dicta
1121 1338 1182 1360 est:
1198 1332 1269 1365 alite,
1286 1330 1447 1364 luminaria;
1464 1330 1534 1363 alite,
1550 1333 1643 1363 astra;
1663 1328 1733 1361 aliae,

945 1377 1042 1412 maria,
1054 1378 1146 1414 abyssi
1160 1381 1187 1405 et
1195 1377 1396 1413 quadrupedes,
1411 1377 1529 1413 aliaque,
1544 1377 1647 1405 homo:
1665 1383 1694 1404 ut
1707 1380 1736 1404 et

945 1427 1008 1450 ante
1017 1431 1060 1451 res
1069 1423 1129 1450 illas
1137 1423 1236 1458 angeli,
1248 1423 1415 1459 archangeli,
1423 1423 1577 1456 cherubim,
1586 1423 1734 1458 seraphim,

951 1469 1078 1503 virtutes,
1088 1469 1269 1505 principatus,
1284 1472 1444 1504 potestates,
1459 1469 1671 1501 dominationes,
1685 1475 1736 1503 pa-

107 1514 171 1549 σὶμ,
189 1514 318 1549 σεραφὶμ,
335 1514 381 1542 καὶ
395 1513 536 1550 δυνάμεις,
551 1514 645 1549 ἀρχαὶ,
657 1513 788 1546 ἐξουσίαι,
805 1514 893 1550 κυριό-

949 1514 1070 1542 radisus:
1096 1519 1177 1550 atque
1201 1515 1238 1542 ita
1262 1521 1306 1542 res
1326 1514 1380 1541 illa;
1407 1513 1521 1550 singulae
1547 1518 1732 1549 perseverant.

106 1547 368 1596 τητες,τέαράδεισος
377 1569 384 1575 ·
399 1560 446 1586 καὶ
455 1547 541 1592 οὕτως
552 1547 668 1587 ἐέαστον
677 1559 809 1595 διαμένει.
825 1547 857 1587 Fit
867 1560 893 1587 δὲ

949 1560 1024 1593 Quod
1039 1561 1063 1588 si
1082 1547 1205 1588 nonnulli
1228 1560 1266 1587 dii
1281 1560 1407 1596 appellati
1431 1547 1516 1588 sunt:
1535 1547 1609 1588 certe
1628 1568 1683 1588 non
1700 1568 1735 1589 ex

107 1606 158 1632 καὶ
168 1605 222 1632 θεοί
235 1614 307 1637 τινες
319 1606 472 1642 ἐκλήθησαν
480 1605 547 1642 (50),
557 1606 615 1633 ἀλλ’
630 1607 660 1633 οὑ
671 1607 705 1642 τῇ
723 1607 812 1642 φύσει,
828 1607 896 1634 ἀλλὰ

107 1652 142 1687 τῇ
160 1651 288 1688 μετουσίᾳ
299 1652 347 1679 τοῦ
362 1651 438 1679 Υίοῦ.
458 1651 536 1679 Οὕτω
551 1653 606 1688 γὰρ
626 1652 674 1679 καὶ
697 1652 776 1684 αὐτὸς
799 1651 894 1680 εἶπεν·

111 1708 121 1724 ι
141 1698 173 1725 Εἰ
184 1698 302 1730 ἐκείνους
317 1696 390 1725 εἶπεν
404 1698 491 1730 θεοὺς,
504 1698 571 1734 πρὸς
582 1697 630 1730 οὒς
641 1699 656 1725 ὁ
668 1698 752 1733 Λόγος
765 1698 812 1725 τοῦ
827 1698 895 1726 Θεοῦ

108 1744 219 1778 ἐγένετο
237 1744 303 1780 (51).
325 1754 334 1770 ι
351 1744 406 1776 Διὸ,
423 1744 460 1780 μὴ
476 1745 552 1776 ὸντες
568 1745 601 1780 τῇ
622 1744 702 1779 φύσει
728 1744 795 1779 θεοὶ,
821 1744 896 1772 ἐστιν

108 1790 154 1817 ὅτε
170 1791 241 1823 τινὲς
265 1791 420 1827 τρέπονται,
435 1791 578 1822 ἀκούοντες
590 1799 597 1805 ·
618 1800 627 1816 ι
653 1790 723 1825 Ἐγὼ
739 1788 818 1818 εἶπα·
835 1791 897 1818 Θεοί

108 1837 172 1863 ἔστε
189 1838 236 1863 καὶ
253 1837 306 1863 υίοὶ
326 1837 453 1872 Ὑψίστου
479 1837 580 1869 πάντες
616 1837 709 1872 Ὑμεῖς
723 1837 767 1869 δὲ,
792 1837 830 1869 ὡς
849 1838 896 1864 dv-

107 1882 223 1919 θρωποι,
233 1882 426 1919 ἀποθνήσκετε.
448 1892 457 1908 ι
475 1882 600 1914 Τοιοῦτος
614 1880 648 1918 ἦν
658 1883 672 1909 ό
690 1882 809 1914 ἀκούσας
818 1891 825 1898 ο
838 1892 846 1908 ε
859 1883 895 1909 Σὺ

105 1929 135 1956 δὲ
147 1928 172 1956 εἴ
185 1930 336 1965 ἄνθρωπος,
353 1930 401 1956 καὶ
414 1930 444 1956 οὐ
458 1929 534 1961 Θεός.
554 1938 563 1955 ι
586 1929 615 1956 '0
627 1929 655 1956 δὲ
669 1929 733 1960 Υἱὸς
745 1929 810 1961 Θεὸς
827 1929 895 1964 ἀλη-

106 1975 181 2008 θινός
196 1976 280 2009 ἐστιν,
300 1975 338 2008 ὡς
353 1976 368 2002 ὁ
381 1976 485 2011 Πατήρ.
510 1975 554 2002 Ἐν
570 1974 643 2010 αὺτῷ
654 1975 709 2011 γάρ
724 1976 808 2008 ἐστιν,
823 1975 870 2002 καὶ
881 1974 899 2002 ὅ

143 2043 166 2058 ’τ
180 2043 261 2071 Hebr.
274 2051 294 2074 ι.
308 2042 396 2070 10-12.
437 2043 459 2059 ’³
470 2042 551 2070 Hebr.
565 2051 624 2074 xm,
637 2042 663 2070 8.
710 2041 732 2058 ¹⁹
747 2041 825 2069 Rom.
840 2050 875 2075 ιν,
889 2042 933 2069 I7.

105 2077 130 2094 ³³
143 2077 223 2106 Joan.
238 2086 262 2111 1,
277 2079 304 2106 3.
343 2079 366 2094 ³⁸
381 2077 463 2107 Hebr.
481 2086 499 2112 I,
514 2078 569 2111 I0;-
581 2078 652 2106 Psal.
666 2085 702 2111 Ci,
719 2077 764 2104 26.
802 2077 824 2093 ³⁵
838 2076 893 2104 Joai

951 2098 958 2112 ,
979 2077 1025 2105 35.

142 2134 199 2169 (21)
219 2133 326 2162 Gobler.
351 2138 378 2162 et
393 2134 465 2169 Felc.
482 2134 508 2168 I,
530 2136 562 2162 ὲκ
577 2134 623 2161 τοῦ
639 2133 722 2160 Δαόὶδ
738 2133 827 2161 λαϐὼν

104 2168 322 2209 “ima???”
344 2174 404 2209 99%:
425 2168 491 2209 lies-
512 2175 544 2209 εξ.
560 2169 683 2209 Statuam,
698 2169 850 2209 διαμενέξῖς..
864 2168 895 2197 'ei
910 2181 932 2209 ι)

105 2203 188 2236 infra,
202 2203 336 2240 ἀλλάξεις,
347 2205 393 2232 ubi
408 2204 453 2231 alii
466 2203 493 2232 et
503 2205 578 2238 editi,
591 2203 737 2240 διαμένεις,
746 2203 771 2231 ει
785 2203 892 2236 ἑλίξεις.

143 2240 200 2274 (22)
228 2239 293 2274 Reg.
309 2240 420 2275 Seguer.
436 2240 545 2268 Gohler.
563 2245 590 2267 et
605 2239 728 2275 Feickul
739 2260 746 2272 ,
762 2240 894 2267 omittunt

104 2276 161 2302 Καὶ
178 2274 358 2311 πάλινγλέγειζ
371 2274 434 2302 Mox
454 2283 504 2310 pro
517 2276 571 2302 Καὶ
585 2275 676 2308 πάλιν,
697 2274 762 2310 Reg.
785 2280 812 2302 et
828 2274 890 2311 Seg.

104 2311 207 2337 habent
222 2310 304 2336 Πάλιν
317 2319 356 2337 τε.

142 2345 200 2380 (25)
217 2345 271 2381 Sic,
286 2345 353 2381 Reg.
376 2349 404 2372 et
425 2345 536 2381 Seguer.
558 2345 587 2372 In
601 2345 706 2381 Anglic.
724 2344 781 2381 καί
791 2345 866 2373 deest
884 2354 890 2373 :

105 2380 152 2416 alii
166 2385 194 2407 et
210 2380 274 2416 editi
286 2381 315 2407 δέ
331 2379 473 2408 omittunt:
485 2380 546 2408 Mox
561 2381 627 2408 ibid.
643 2379 709 2416 Heg.
726 2386 753 2408 et
765 2379 890 2415 Seguer.,

104 2415 153 2442 τοῦ
167 2415 300 2450 γίνεσθαι.

141 2450 198 2487 (24)
220 2451 308 2487 μάλιν
332 2451 408 2478 deest
429 2451 456 2478 in
479 2450 641 2487 Gobleriano
665 2455 692 2478 et
716 2449 891 2487 Felekmanni

103 2485 205 2521 primo.
220 2485 321 2513 Ibidem
347 2487 442 2518 Basil.,
453 2487 565 2521 ἐποίησε
582 2486 617 2512 τὰ
633 2486 731 2513 πάντα.
746 2486 806 2513 Mox
823 2485 890 2521 Reg.

103 2520 133 2548 et
147 2520 270 2561 Seguep,
282 2521 319 2547 ῶν
331 2522 403 2548 ἐστιν
420 2522 466 2548 ἐπὶ
481 2520 589 2562 πάντων
603 2521 677 2553 Θεὸς,
691 2521 728 2553 ὡς
741 2521 846 2582 Πατήρ.

141 2556 197 2582 (25)
216 2556 261 2582 Sic
274 2556 337 2582 Heg.
356 2556 466 2582 Seauer.
483 2556 587 2582 Anglic.
607 2555 715 2582 Gobler.
732 2561 758 2582 et
771 2555 807 2582 Fe
819 2564 843 2582 c.

141 2555 197 2592 (25)
216 2556 261 2584 Sic
274 2556 337 2591 Heg.
356 2556 466 2592 Seguer.
483 2556 587 2592 Anglic.
607 2555 715 2592 Gobler.
732 2561 758 2584 et
767 2555 843 2592 ινδιξ.
862 2555 891 2583 I.

103 2591 133 2619 Ιιι
149 2590 209 2619 aliis
224 2596 250 2618 et
271 2590 351 2620 editis
369 2590 445 2619 deest
458 2590 545 2618 τοῦτό.
560 2590 627 2618 Ibid.
643 2590 707 2626 Reg.
724 2596 751 2619 et
764 2590 889 2626 Seguer.,

101 2627 150 2652 καὶ
162 2627 193 2652 οὐ
205 2626 365 2661 ποιούμενος
377 2635 384 2653 :
403 2627 447 2654 alii
459 2632 486 2654 et
500 2627 575 2659 editi,
589 2626 626 2658 ὡς
643 2627 683 2660 οὐ,
697 2632 749 2654 etc.

141 2661 198 2698 (26)
213 2661 257 2698 Ita
269 2661 338 2698 Heg.
355 2666 381 2689 et
400 2662 512 2698 Seguer.
528 2663 561 2689 At
580 2662 699 2698 Gobler.
710 2669 736 2698 et
751 2661 842 2698 Felck.
861 2662 888 2698 I,

101 2696 141 2727 ὡς
155 2696 202 2722 καὶ
220 2697 235 2722 ὁ
253 2697 411 2728 Ἀπύστολος
434 2696 527 2730 ἔδειξε·
542 2697 626 2729 Αὐτὸς
641 2697 701 2724 κατ’
716 2697 811 2732 ἀρχὰς,
831 2697 888 2724 Κύ-

103 2739 156 2766 ριε.
174 2732 225 2758 Alii
241 2737 267 2758 et
282 2732 345 2759 editi
367 2741 415 2767 pro
433 2733 471 2765 δέ,
493 2733 592 2760 habent
617 2732 673 2764 καί,
690 2737 716 2759 et
733 2733 768 2758 τά
783 2740 831 2767 pro
847 2733 888 2763 τό,

104 2771 130 2803 et
145 2766 235 2803 Κύριε
256 2772 317 2801 post
338 2766 429 2799 αὗτός.
443 2769 578 2803 iidemque
598 2775 660 2794 cum
686 2766 842 2795 Goblerian.
862 2772 890 2795 et

104 2801 329 2839 Fcit_:._I,_habent
339 2803 520 2839 εθεμελίωσας
530 2801 665 2839 ειχειρῶν
680 2811 737 2830 σου.

140 2837 197 2872 (27)
217 2836 326 2872 Regius,
343 2836 534 2874 Seg'uerianus,
549 2836 739 2873 Gobierianus,
754 2842 781 2867 et
794 2837 889 2867 Felck-

947 1611 1056 1639 natura,
1072 1606 1118 1634 sed
1133 1606 1206 1641 quod
1222 1606 1283 1634 Filii
1303 1606 1452 1642 participes
1468 1606 1534 1634 facti
1549 1607 1614 1641 sint,
1634 1607 1662 1635 id
1683 1614 1735 1635 no-

948 1659 1010 1679 men
1032 1655 1095 1679 sunt
1114 1652 1265 1679 consecuti.
1282 1651 1330 1680 Sic
1343 1652 1416 1680 enim
1437 1652 1495 1687 ipse
1509 1652 1566 1680 ait:
1587 1662 1596 1679 I
1619 1652 1648 1680 Si
1673 1653 1735 1681 illos

948 1697 1017 1725 dixit
1031 1697 1109 1731 deos,
1122 1698 1156 1726 ad
1171 1705 1240 1733 quos
1255 1706 1347 1726 sermo
1357 1697 1405 1726 Dei
1421 1698 1509 1727 factus
1523 1705 1566 1727 est
1576 1699 1609 1728 ⁸⁸.
1631 1710 1640 1726 ι
1658 1699 1736 1728 Unde

949 1746 1014 1781 quia
1038 1751 1135 1774 natura
1151 1754 1207 1773 non
1222 1751 1287 1774 sunt
1308 1747 1357 1780 dii,
1373 1747 1404 1774 iit
1417 1747 1563 1783 aliquando
1579 1752 1609 1776 ut
1623 1748 1735 1784 quidam

945 1796 1095 1826 mutentur,
1114 1792 1227 1828 haecque
1252 1793 1385 1820 audiant:
1403 1802 1412 1819 ι
1431 1792 1488 1829 Ego
1511 1794 1588 1822 dixi:
1605 1794 1646 1821 Dii
1670 1795 1736 1823 estis

945 1844 973 1866 et
992 1838 1040 1866 ﬁlii
1059 1838 1167 1866 Excelsi
1191 1846 1298 1866 omnes.
1315 1838 1371 1867 Vos
1391 1844 1494 1872 autem,
1509 1841 1582 1868 sicut
1599 1840 1734 1874 homines,

945 1883 1084 1910 morimini
1097 1883 1129 1910 ³⁸.
1148 1892 1158 1909 ι
1181 1883 1256 1911 Talis
1272 1883 1316 1911 ille
1332 1888 1390 1911 erat
1405 1885 1449 1912 cui
1462 1884 1565 1912 dictum
1586 1889 1648 1912 est:
1665 1895 1675 1912 ι
1693 1885 1734 1913 'l'u

944 1937 1009 1957 vero
1024 1929 1106 1957 homo
1121 1937 1161 1963 es,
1179 1934 1207 1957 et
1224 1937 1279 1957 non
1295 1930 1378 1958 Deus.
1402 1939 1412 1956 ι
1430 1931 1465 1957 At
1483 1930 1579 1963 Filius,
1604 1930 1676 1958 Deus
1690 1939 1735 1959 ve-

944 1983 992 2003 rus
1011 1980 1062 2007 est,
1079 1983 1135 2003 non
1150 1983 1230 2004 secus
1247 1984 1279 2003 ac
1291 1975 1382 2003 Pater.
1403 1975 1433 2003 In
1451 1976 1511 2011 ipso
1531 1975 1666 2011 siquidem
1682 1981 1734 2010 εει,

990 2042 1013 2058 ⁸ο
1026 2041 1124 2078 Cenes.
1138 2050 1158 2075 ι,
1174 2043 1200 2071 I.
1254 2043 1277 2059 ³¹
1293 2044 1345 2070 lsa.
1359 2051 1432 2078 ιινι,
1446 2042 1473 2070 2.
1524 2043 1546 2059 ³⁵
1561 2043 1643 2072 Hebr.
1660 2051 1680 2077 ι,
1705 2043 1733 2071 2.

1065 2078 1088 2094 ³⁸
1102 2077 1175 2105 Psal.
1192 2086 1283 2111 um,
1299 2079 1326 2106 6.

838 2133 886 2170 τὴν
938 2134 1032 2162 manni
1045 2134 1161 2170 primus,
1179 2134 1225 2161 καί
1242 2134 1380 2170 omittunt.

980 2168 1100 2204 (28)’Sic
1115 2168 1181 2204 Reg.
1199 2173 1226 2197 et
1241 2169 1353 2205 seguef.
1370 2169 1423 2197 Alii
1438 2178 1503 2198 vero
1519 2176 1546 2198 et
1567 2170 1643 2202 editi.
1657 2170 1688 2198 τὸ
1703 2170 1732 2198 δὲ

943 2204 989 2240 γῆ,
1002 2205 1026 2230 οἱ
1039 2205 1240 2241 νδὲμφωστῆρεῇ
1255 2204 1316 2232 Mox
1329 2204 1434 2241 RegLet
1447 2205 1618 2241 Seguerian..
1633 2206 1733 2233 θάλασ-

943 2248 993 2301 ἓὲ(
1003 2240 1050 2266 καὶ
1072 2239 1199 2272 ἄϐυσσος.
1217 2239 1328 2268 Gobier.
1345 2239 1381 2268 et’
1393 2239 1513 2269 Felckm.
1536 2241 1562 2275 1,
1582 2241 1670 2277 ἄστρα
1685 2242 1733 2269 καὶ

995 2283 1086 2301 ασσαι.

995 2283 1086 2301 ασσαι.

978 2310 1035 2347 (29)
1051 2309 1152 2347 Regius
1172 2314 1200 2337 et
1225 2309 1336 2345 Seguer.
1352 2310 1490 2347 omittunt.
1509 2311 1596 2339 καίει
1610 2311 1732 2347 σεραφὶμ

942 2345 998 2381 καί.
1017 2345 1045 2371 In
1059 2344 1150 2381 φησι..
1167 2344 1359 2381 autem’deest,
1376 2346 1540 2381 ἀρχάγγελοι
1552 2351 1579 2373 et
1599 2344 1731 2381 σεραφίιὶ.

978 2380 1038 2421 (50)
1055 2380 1101 2421 Sic
1117 2380 1183 2421 Heg.
1209 2381 1321 2421 Seguer.
1344 2380 1546 2421 Goblerian.__e_t
1561 2380 1638 2421 [ᾔεις-⁷
1649 2382 1682 2421 ξι,
1702 2380 1732 2408 ut

942 2419 968 2442 ει
979 2415 1042 2449 legit
1055 2414 1188 2443 Nannius.
1204 2414 1258 2442 Alii
1269 2423 1333 2443 vero
1351 2420 1378 2443 et
1399 2417 1474 2448 editi,
1493 2417 1548 2443 Καὶ
1570 2416 1626 2443 θεοὶ
1647 2416 1675 2442 δέ
1691 2425 1732 2443 τι-

942 2459 995 2486 νες.
1011 2450 1071 2477 Mox
1096 2449 1163 2485 Reg.
1181 2456 1208 2478 et
1230 2451 1354 2486 Seguer.,
1374 2452 1407 2486 τῇ
1416 2452 1564 2486 Ῠμετουσίᾳ.
1587 2451 1622 2478 At
1642 2451 1688 2478 alii
1705 2456 1734 2479 ει

942 2479 1018 2517 editi,
1031 2487 1063 2529 ej)
1071 2479 1217 2547 <Ennii'tunl.
1239 2479 1478 2521 Ibidem'inulieg.
1498 2492 1525 2514 et
1542 2479 1669 2522 Βεῳιεικ,
1685 2487 1732 2513 καί

942 2526 1003 2547 ante
1020 2529 1070 2547 αυτ
1087 2529 1110 2547 :.

942 2526 1003 2548 ante
1020 2521 1110 2552 αὑτός.

977 2555 1033 2591 (51)
1059 2555 1231 2592 Ιιξιῌῐίαεεὶιιεν
1246 2561 1274 2584 ει
1299 2556 1503 2592 Seguerianus.
1527 2560 1558 2584 ut
1582 2561 1619 2592 et,
1633 2557 1731 2591 legitur

940 2589 1027 2618 Joan.‘
1037 2599 1063 2624 x,
1081 2590 1125 2618 55.
1138 2589 1234 2618 Caneri
1249 2596 1276 2618 et
1290 2589 1364 2624 editi,
1380 2591 1427 2618 τοῦ
1442 2591 1582 2619 omittunt.
1596 2589 1732 2626 Mox‘post

940 2626 996 2657 Διό,
1013 2626 1113 2661 Regius
1126 2631 1152 2652 et
1165 2625 1336 2661 Seguerian.,
1350 2627 1397 2653 καί
1409 2627 1520 2654 addunt.
1536 2626 1636 2654 Ibidem
1650 2625 1730 2661 paulo

960 2665 1000 2688 ost
1027 2662 1066 2688 sic
1089 2661 1189 2688 habent
1202 2661 1371 2693 Basiliensis,
1388 2661 1572 2696 Anglicanus,
1586 2661 1687 2696 Regius
1703 2667 1731 2689 et

965 2696 1082 2733 ttobon._.
1097 2695 1168 2733 ἐστιν
1180 2697 1226 2733 ὅτε
1243 2697 1314 2733 τινὲς
1325 2695 1470 2733 τρέπονται
1482 2695 1639 2729 ἁκούοντεςζ
1649 2697 1729 2733 Gohl.

940 2739 1005 2758 vero
1014 2737 1046 2768 et
1062 2731 1199 2768 Felck._I,
1215 2731 1287 2758 ἔστιν
1304 2731 1349 2758 ὅτε
1368 2732 1440 2763 τινὲς
1459 2733 1603 2768 τρέποντες
1618 2732 1730 2759 ἀκούον-

939 2765 1058 2802 τεςηδίε
1072 2766 1135 2794 item
1153 2765 1346 2802 Seguerianus.
1362 2768 1410 2794 sed
1426 2768 1466 2794 ὅτι
1477 2765 1606 2794 ἐιίάιιιιιιι
1622 2772 1664 2796 εει
1684 2775 1729 2794 se-

940 2801 1028 2839 cunda
1052 2809 1132 2839 manu
1155 2801 1204 2839 pro
1220 2803 1275 2836 ὅτε,
1289 2802 1362 2839 quod
1379 2803 1481 2831 aberat.
1497 2802 1580 2837 Editi,
1595 2803 1668 2830 ἐστιν
1684 2804 1729 2830 ὅτε

940 2836 1085 2872 τρέπονται
1102 2836 1255 2870 ἀκούοντες.
