1974 3037
273 118 325 147 θέθ

274 225 323 253 niti
346 225 495 258 videantur,
512 234 521 250 ι
549 225 680 253 Dominus
695 227 796 253 creavit
813 235 855 253 me
872 227 978 254 iuitinm
997 227 1054 254 via-

273 281 334 300 rum
343 281 451 300 suarum
460 273 485 299 in
495 280 577 307 opera
588 281 636 300 Sua
646 276 679 305 ⁵⁵,
692 283 700 298 ι
718 279 798 308 atque
812 273 844 301 ad
857 274 928 301 hunc
943 274 1052 301 modum

273 319 436 346 concludam
448 329 455 340 τ
469 318 536 346 Ecce
554 319 634 354 igitur
649 321 760 351 creavit,
779 328 809 347 ac
826 321 939 355 proinde
955 328 997 347 res
1013 324 1053 347 est

274 372 363 394 creata
377 376 384 399 ;
400 375 415 394 e
429 375 457 394 re
476 374 542 394 sane
559 367 641 394 l'ucrit
661 375 693 394 ex
720 367 771 394 hoc
791 368 872 394 etiam
888 367 948 394 loco
962 372 1054 395 osten-

273 413 337 440 dere
350 417 481 447 quantum
496 413 534 439 illi
548 413 756 443 halluciuentur.
781 418 807 440 et
826 421 840 439 a
856 421 938 448 scopo
956 413 1054 440 divina:

275 457 421 492 Scriptum
444 458 578 485 aberrent.
606 458 752 485 Enimvero
779 458 802 485 si
826 458 910 485 Filius
933 463 984 487 esl.
1009 465 1053 485 res

273 508 363 530 creata
375 511 410 530 ne
426 503 549 530 dicatur:
564 503 609 530 sed
625 505 649 530 si
666 511 708 530 res
722 508 764 531 est
775 509 876 537 creata,
898 503 982 531 Filius
999 511 1052 530 non

274 549 430 583 appelletur.
448 548 570 583 Namque
587 557 667 583 supra
684 549 825 584 probatum
846 555 896 582 est,
921 554 1053 585 quantum

273 600 345 622 esset
358 595 397 622 rei
412 600 508 622 creatae
520 600 545 622 et
558 595 605 622 ﬁlii
617 595 773 622 discrimen.
788 596 898 628 Deinde,
921 603 982 623 cum
1000 596 1054 622 ini-

275 640 351 666 tiatio
367 639 425 667 sive
439 640 590 674 baptismus
610 648 663 667 non
687 641 714 667 in
742 642 851 668 nomine
876 642 1007 669 creatoris
1028 646 1054 669 et

275 686 432 718 rei-creatae,
447 686 493 713 sed
509 686 534 713 in
553 686 662 714 nomine
677 686 764 714 Patris
779 692 806 714 et
825 687 885 715 Filii
904 687 1052 722 periicitur,

274 738 384 758 necesse
400 735 442 758 est
456 731 601 759 Dominum
617 740 670 758 non
687 740 742 759 rem
756 737 874 760 creatam
890 733 938 760 sed
954 733 1053 760 Filium

275 775 376 802 vocari.
394 775 437 807 At,
452 775 590 810 inquiunt,
606 784 640 803 an
663 785 716 804 non
735 777 760 804 id
783 778 912 812 scriptum
930 779 993 805 est?
1015 778 1053 806 ita

274 829 340 849 sane
352 821 481 856 scriptum
499 825 539 848 est
553 827 579 848 et
593 822 747 849 necessario
766 822 866 850 dictum
882 832 888 849 :
907 822 952 850 sed
969 823 1068 849 ᾕρητο-ι

275 867 321 894 tici
334 866 407 901 quod
419 867 486 893 bene
497 866 597 893 dictum
609 871 660 899 est,
669 867 740 894 male
753 867 875 902 profecto
887 867 1051 902 intelligunt.
1069 861 1090 889 Β

275 912 304 940 Si
318 913 390 939 enim
406 912 605 939 Christianismi
621 912 735 939 formam
753 917 779 939 et
803 913 986 940 characterem
1010 913 1053 940 in-

275 957 424 992 telligerent
450 961 688 991 cognoscerentve,
714 956 858 984 Dominum
884 957 975 992 gloriae
996 964 1053 984 rem

274 1006 393 1030 creatam
408 1009 468 1029 esse
487 1009 657 1036 nequaquam
674 1001 804 1032 dicerent,
822 1009 909 1036 neque
919 1001 991 1036 quod
1009 1009 1054 1028 re-

274 1052 316 1075 cte
329 1047 458 1082 scriptum
472 1051 524 1080 est,
542 1047 595 1074 illis
615 1047 700 1073 instar
715 1047 818 1081 scopuli
829 1052 910 1074 essel.
924 1047 957 1074 Hi
974 1047 1055 1082 igitur

277 1103 287 1121 ι
303 1093 460 1121 nescierunt
472 1100 560 1127 neque
573 1092 764 1120 intellexerunt
772 1092 805 1124 ",
823 1101 832 1118 ι
846 1101 926 1127 quam
937 1093 972 1120 ob
985 1101 1053 1126 rem,

275 1140 316 1167 uti
340 1140 473 1174 scriptum
489 1143 540 1170 est,
559 1147 568 1164 ‹
590 1139 617 1165 in
639 1139 758 1165 tenebris
773 1138 913 1166 ambulant
924 1138 955 1165 ⁸⁵.
975 1149 984 1164 ι
1003 1138 1055 1166 Ve-

273 1191 427 1212 rumtamen
444 1192 501 1211 rem
517 1184 652 1218 explicare
669 1191 780 1211 necesse
799 1191 850 1216 est,
876 1192 939 1212 cum
962 1189 993 1212 ut
1015 1184 1054 1211 illi

273 1232 355 1259 etiam
371 1231 423 1258 hoc
437 1231 463 1257 in
488 1230 549 1257 loco
574 1230 697 1264 desipere
721 1231 928 1262 convincantur,
947 1235 1003 1257 tum
1021 1237 1054 1257 ne

273 1286 325 1306 nos
339 1278 391 1312 ipsi
408 1276 597 1305 refutationem
614 1277 722 1303 illorum
741 1277 886 1311 impietatis
903 1276 1053 1311 pratermi-

273 1325 343 1353 sisse
358 1324 508 1355 videamur,
524 1330 556 1350 ac
570 1323 686 1358 denique
705 1322 821 1351 fortasse
837 1327 866 1350 ut
893 1323 972 1350 iidem
1001 1322 1053 1358 ipsi

273 1378 382 1406 quoque
405 1370 574 1404 resipiscam.
600 1369 624 1396 Is
641 1374 683 1397 est
705 1370 796 1404 itaque
817 1369 976 1397 Christianae
993 1369 1054 1396 ﬁdei

272 1418 423 1448 character,
440 1416 538 1443 Filium
555 1415 614 1448 Dei,
626 1415 672 1450 qui
688 1415 805 1442 Verbum
824 1414 894 1442 Deus
907 1419 947 1443 est
959 1415 968 1450 (
980 1423 1053 1447 nam,

276 1472 285 1489 ι
314 1463 341 1489 in
367 1462 498 1497 principio
522 1465 580 1488 erat
605 1460 723 1488 Verbum
750 1465 778 1488 et
804 1460 875 1488 Deus
900 1465 958 1488 erat
987 1461 1055 1489 Ver-

570 119 597 146 S.
618 119 803 146 ATHANASII
822 119 896 147 OPP.
918 119 1007 146 PARS
1028 120 1047 146 Ι.

1107 119 1287 148 lllSTORlCA
1305 121 1349 148 ET
1371 121 1580 150 DOGMATICA.

306 180 335 207 ἶῖ.
352 179 450 207 Verum
464 187 524 207 cum
540 181 656 208 maxime
673 181 715 208 his
735 180 943 208 Proverbiorum
962 182 1050 209 verbis
1065 186 1086 214 Α

1813 129 1854 150 MU

1137 184 1162 210 7.
1185 184 1253 210 Ἀλλ’
1269 184 1361 219 ἐπειδὴ
1382 183 1595 218 προφασίζονται
1612 182 1643 209 τὺ
1660 183 1688 208 ὲν
1703 183 1757 213 ταῖς
1778 183 1856 217 Παροι-

1105 229 1180 264 μίαις
1197 230 1385 265 γεγραμμένον
1411 230 1450 261 τὸ,
1483 238 1492 255 ι
1509 229 1609 264 Κύριος
1624 228 1711 254 ἑκτισέ
1739 236 1768 262 με
1787 228 1857 262 ἀρχὴν

1103 276 1169 301 ὁδῶν
1186 276 1268 302 αὑτοῦ
1279 277 1319 307 είς
1333 276 1401 311 ἔργα
1424 275 1516 308 αὑτοῦ,
1535 286 1543 300 ι
1563 275 1609 301 καὶ
1634 274 1794 308 ἐπιλέγουσιν
1813 274 1858 307 (54)

1104 321 1223 352 ἑαυτοῖς·
1246 321 1309 348 Ἰδοὺ
1326 321 1426 355 ἔκτισε,
1445 322 1491 348 καὶ
1505 320 1608 356 κτίσμα
1625 320 1712 346 ἐστίν’
1734 320 1860 354 ἀναγκαῖόν

1103 368 1161 393 ἔστι
1181 368 1228 393 καὶ
1242 368 1273 394 ἐκ
1289 367 1383 394 τούτου
1400 367 1483 400 δεῖξαι
1500 367 1560 393 ὅσον
1577 365 1735 397 πλανῶνται,
1759 366 1792 400 μὴ
1805 365 1859 390 εῐδό.

1103 421 1148 443 τες
1163 412 1208 439 τὸν
1225 413 1325 439 σκοπὸν
1341 412 1389 447 τῆς
1406 412 1478 443 Θείας
1492 412 1613 447 Γραφῆς.
1630 411 1661 437 Ei
1686 410 1732 445 μὲν
1749 407 1790 436 οὖν
1809 409 1861 440 Υἱός

1104 458 1171 489 ἐστι,
1187 458 1224 493 μὴ
1240 457 1359 491 λεγέσθω
1371 457 1487 492 κτίσμα·
1501 458 1524 483 εἰ
1541 457 1569 483 δὲ
1583 456 1694 490 κτίσμα,
1713 455 1747 490 μὴ
1760 453 1861 488 λεγέσθω

1104 504 1177 535 Υἱός.
1192 504 1330 531 Δέδεικται
1346 503 1400 539 γὰρ
1412 505 1439 529 ὲν
1458 504 1513 534 τοῖς
1526 502 1677 537 ἔμπροσθεν
1687 521 1693 533 ,
1706 501 1752 535 ὅση
1765 498 1864 534 διαφορά

1105 551 1163 577 ἐστι
1175 550 1322 585 κτίσματος
1339 550 1386 576 καὶ
1399 548 1474 575 Υἱοῦ.
1490 548 1545 574 Καὶ
1555 547 1648 581 ἐπειδὴ
1661 547 1677 582 ὴ
1688 545 1813 576 τελείωσις
1823 545 1864 570 οὐκ

1104 598 1144 628 εἰς
1166 596 1278 631 κτίστην
1294 596 1340 622 καὶ
1356 595 1458 629 κτίσμα
1481 593 1548 629 (55),
1565 593 1623 619 ἀλλ’
1643 593 1684 624 εἰς
1706 591 1806 625 Πατέρα
1827 589 1865 615 καὶ

1105 643 1168 668 Υἱὺν
1184 642 1288 676 κρατεῖ,
1308 641 1414 675 ἀνάγκη
1433 640 1469 675 μὴ
1485 639 1611 673 λέγεσθαι
1626 639 1737 672 κτίσμα,
1750 636 1801 662 ἀλλ’
1813 634 1866 660 Υίδν

1103 688 1148 715 τὸν
1161 687 1270 722 Κύριον.
1283 687 1320 713 Οὐ
1333 686 1484 720 γέγραπται
1498 683 1543 711 οὖν
1554 684 1644 719 ;φησί.
1656 683 1709 710 Ναὶ
1722 682 1866 717 γέγραπται.

1104 733 1151 759 καὶ
1162 732 1317 766 ἀναγκαίως
1329 731 1434 767 εἴρηται
1444 739 1451 747 ·
1465 729 1532 757 ἀλλὰ
1547 729 1638 760 κακῶς
1651 728 1738 755 νοοῦσι
1751 727 1779 753 τὸ
1791 725 1868 755 καλῶς

1105 778 1247 814 εἰρημένον
1257 778 1281 804 oi
1295 776 1437 813 αἰρετικοί.
1452 777 1484 802 Et
1496 776 1550 811 γὰρ
1564 775 1654 801 ἐνόουν
1673 774 1719 800 καὶ
1738 773 1868 806 ἐγίνωσκον

1104 824 1149 850 τὸν
1163 824 1324 859 χαρακτῆρα
1336 822 1383 848 τοῦ
1394 821 1617 858 Χριστιανισμσῦ,
1626 821 1676 847 οὐκ
1689 820 1720 847 ἂν
1728 819 1770 846 τὸν
1781 817 1869 853 Κύριον

1103 872 1153 906 τῆς
1168 870 1246 904 δόξης
1260 869 1351 902 ἔλεγον
1366 868 1468 903 κτίσμα
1486 865 1566 897 εἶναι,
1579 867 1639 893 οὐδὲ
1654 865 1830 902 προσέκοπτον
1838 862 1870 896 τῷ

1104 916 1286 951 γεγραμμένῳ
1299 914 1400 945 καλῶς.
1416 914 1527 940 Ἐκεῖνοι
1546 913 1593 948 μὲν
1607 910 1652 938 οὖν
1668 921 1677 936 ‹
1692 912 1740 938 οὐκ
1754 910 1870 944 ἔγνωσαν,

1103 963 1164 989 οὐδὲ
1180 963 1312 996 συνῆκαν·
1325 971 1335 986 ›
1347 959 1390 986 διὰ
1401 959 1488 991 τοῦτο,
1501 959 1538 991 ὡς
1551 959 1715 993 γέγραπται,
1734 966 1742 981 ι
1757 957 1785 982 ὲν
1797 954 1870 988 σκάτῳ

1104 1008 1324 1044 διαπορεὺονται·
1350 1016 1359 1033 ι
1381 1007 1454 1041 ἡμᾶς
1472 1005 1500 1032 δὲ
1528 1005 1603 1039 ὅμως
1624 1004 1769 1038 ἀναγκαῖον
1786 1001 1870 1030 εἰπεῖν,

1105 1055 1138 1081 ἵν’
1155 1055 1252 1081 ἐκεῖνοι
1267 1054 1314 1089 μὲν
1326 1053 1372 1080 καὶ
1389 1053 1417 1078 ὲν
1429 1052 1514 1086 τούτῳ
1523 1050 1662 1086 δειχθῶσιν
1672 1050 1795 1085 ἄφρονες,
1803 1046 1872 1082 ἡμεῖς

1103 1100 1132 1126 δὲ
1155 1099 1191 1134 μὴ
1216 1097 1411 1135 παραλίπωμεν
1429 1097 1475 1123 τὸν
1498 1096 1569 1122 κατὰ
1590 1096 1639 1130 τῆς
1658 1094 1783 1124 ἀσεϐείας
1796 1091 1872 1118 αὐτῶν

1105 1145 1224 1180 ἔλεγχον,
1254 1144 1318 1175 ἴσως
1333 1143 1379 1169 καὶ
1403 1142 1478 1168 αὐτοὶ
1502 1140 1683 1177 μεταγνῶσιν.
1704 1139 1733 1165 Ὁ
1747 1135 1873 1174 χαρακτὴρ

1104 1191 1192 1218 τοίνυν
1205 1190 1253 1226 τῆς
1267 1190 1295 1216 ὲν
1309 1187 1420 1224 Χριστῷ
1433 1186 1548 1218 πίστεώς
1565 1188 1637 1213 ἐστιν
1657 1183 1749 1216 οὗτος,
1763 1184 1806 1210 τὸν
1819 1180 1873 1208 Υίόν

1104 1236 1150 1263 τοῦ
1167 1235 1245 1268 Θεοῦ,
1261 1236 1345 1269 Λόγον
1359 1235 1423 1261 ὄντα
1437 1233 1502 1260 Θεόν
1529 1233 1558 1269 (ι
1585 1233 1629 1259 Ἑν
1645 1233 1717 1266 ἀρχῇ
1739 1230 1790 1264 γὰρ
1804 1229 1816 1255 ὁ
1830 1227 1873 1254 M-

1104 1291 1161 1317 γος,
1173 1282 1220 1309 καὶ
1236 1282 1301 1313 Θεὸς
1317 1279 1350 1317 ἦν
1364 1282 1377 1308 ὁ
1389 1281 1473 1314 Λόγος
1492 1279 1520 1314 ι)
1534 1300 1541 1312 ,
1560 1279 1653 1313 σοφίαν
1665 1278 1731 1304 ὂντα
1751 1276 1796 1302 καὶ
1808 1274 1875 1300 δύνα-

1106 1316 1152 1363 μιν
1162 1327 1208 1353 τοῦ
1222 1327 1327 1362 Πατρός
1350 1326 1359 1361 (
1369 1325 1484 1362 Χριστὸς
1496 1324 1549 1359 γὰρ
1560 1323 1626 1350 Θεοῦ
1636 1323 1750 1357 δύναμις
1763 1320 1808 1347 καὶ
1817 1316 1875 1345 Θεοῦ

1105 1374 1214 1409 σοφία),
1228 1374 1321 1400 τοῦτον
1337 1373 1382 1399 ἐπὶ
1397 1371 1535 1406 συντελείᾳ
1549 1370 1603 1396 τῶν
1622 1368 1729 1395 αἰώνων
1746 1366 1876 1402 ἄνθρωπον

1104 1419 1264 1455 γεγενῆσθαι
1281 1418 1337 1454 (56)
1357 1418 1399 1444 διὰ
1414 1418 1462 1452 τὴν
1480 1416 1615 1452 ἡμετέραν
1637 1413 1785 1449 σωτηρίαν.
1802 1408 1877 1439 Αὐτὸς

1104 1466 1158 1501 γὰρ
1174 1466 1187 1491 ὁ
1208 1464 1344 1499 Ἰωάννης,
1361 1463 1489 1498 εἰρηκὼς,
1508 1472 1517 1488 ί
1530 1462 1573 1488 Ἑν
1592 1461 1661 1496 ἀρχῇ
1677 1459 1713 1495 ἦν
1729 1460 1743 1485 ὁ
1756 1457 1848 1491 Λόγος,
1867 1463 1875 1479 ³

271 1508 336 1536 bum
345 1508 378 1540 δ’,
391 1508 414 1543 ι)
439 1507 486 1542 qui
500 1506 630 1541 sapientia
645 1510 672 1533 et
684 1506 771 1533 virtus
787 1505 875 1534 Patris
901 1511 942 1534 est
955 1506 1053 1542 (Chri-

1108 1511 1165 1547 μετ’
1182 1510 1259 1545 ὀλίγα
1274 1509 1334 1536 εἷπε
1345 1518 1351 1525 ·
1369 1519 1379 1535 ‹
1399 1509 1447 1535 καὶ
1460 1509 1474 1535 ὁ
1487 1508 1572 1542 Λόγος
1587 1507 1655 1542 σὰρξ
1670 1505 1780 1540 ἐγένετο
1789 1503 1878 1557 Πίσον

272 1559 331 1581 stus
349 1554 421 1580 enim
446 1551 493 1580 Dei
510 1553 596 1579 virtus
610 1550 703 1579 et'Dei
727 1552 859 1586 sapientia
870 1553 893 1568 ⁸³⁵
903 1552 924 1587 ),
948 1552 975 1579 in
1000 1552 1053 1580 line

272 1599 431 1627 saeculorum
450 1597 586 1625 hominem
611 1602 718 1632 propter
733 1601 852 1624 nostram
869 1597 984 1624 salutem
1012 1597 1052 1624 fa-

271 1650 345 1672 ctum
356 1651 427 1670 esse.
441 1642 558 1670 Joannes
582 1643 653 1669 enim
678 1642 726 1677 qui
748 1642 826 1675 dixit,
844 1651 853 1667 ι
874 1642 904 1669 In
920 1642 1053 1676 principio

271 1694 330 1716 erat
345 1690 462 1716 Verbum
477 1697 484 1716 :
501 1698 511 1714 ›
530 1696 593 1715 mox
621 1688 752 1722 subjecit,
775 1697 783 1713 ι
799 1687 832 1714 ΕΙ.
847 1686 965 1714 Verbum
990 1695 1053 1716 caro

274 1738 373 1764 factum
386 1742 428 1764 est
438 1737 472 1769 ι’,
491 1746 501 1762 ι
520 1736 593 1771 quod
609 1735 680 1763 idem
697 1740 739 1763 est
757 1743 788 1762 ac
805 1735 828 1762 si
840 1735 950 1768 diceret,
971 1735 1052 1762 homo

271 1783 361 1811 factus
384 1789 434 1810 est.
454 1782 525 1815 Quin
546 1782 628 1809 etiam
653 1781 711 1815 ipse
737 1780 869 1808 Dominus
905 1781 939 1808 de
964 1781 1053 1815 seipso

271 1830 379 1857 aiebat:
398 1838 408 1855 ε
433 1828 504 1862 Quid
526 1836 570 1855 me
593 1827 714 1862 quaeritis
732 1826 893 1858 interﬁcere,
914 1826 1051 1853 hominem

271 1875 318 1911 qui
332 1875 470 1902 veritatem
483 1874 559 1901 vobis
572 1874 680 1900 locutus
689 1880 748 1900 sum
760 1872 799 1898 5‘?
809 1881 818 1897 ι
834 1871 934 1899 Paulus
945 1879 1007 1899 vero
1019 1872 1053 1898 ab

271 1921 367 1948 eodem
382 1921 478 1947 doctus
495 1919 610 1947 scribit:
627 1928 636 1944 l
657 1917 732 1945 Unus
755 1917 837 1950 Deus,
860 1925 930 1944 unus
946 1922 972 1944 et
995 1926 1052 1945 me-

271 1969 359 1995 diator
374 1967 420 1995 Dei
436 1972 463 1995 et
479 1967 629 1998 hominum,
643 1966 723 1992 homo
738 1964 863 1992 Christus
883 1963 962 1992 Iesus
975 1965 997 1981 ⁸³
1011 1975 1017 1992 :
1039 1976 1048 1992 ι

1106 1556 1143 1591 τῷ
1158 1556 1254 1587 εἰπεῖν,
1274 1554 1416 1590 ἄνθρωπος
1430 1554 1534 1587 γέγονε.
1548 1553 1603 1579 Καὶ
1618 1552 1632 1578 ὁ
1646 1551 1698 1586 μὲν
1716 1550 1772 1585 (57)
1789 1547 1878 1583 Κύριος

1106 1602 1169 1637 περ).
1186 1600 1280 1627 ἑαυτοῦ
1295 1600 1370 1633 ἔλεγε
1381 1608 1387 1615 -
1404 1609 1413 1624 ι
1430 1599 1461 1625 Τί
1476 1607 1509 1633 με
1524 1597 1628 1633 ζητεῖτε
1646 1597 1804 1624 ἀποκτεῖναι
1817 1612 1824 1624 ,
1841 1592 1880 1619 άν-

1105 1648 1212 1682 θρωπον
1224 1647 1253 1678 ὃς
1265 1646 1313 1681 τὴν
1328 1645 1454 1680 ἀλήθειαν
1471 1645 1534 1680 ὑμῖν
1546 1643 1684 1678 λελάληκα
1696 1651 1703 1674 ;
1722 1654 1731 1668 ι
1749 1642 1763 1668 ὁ
1777 1640 1805 1666 δὲ
1816 1637 1880 1682 Baii-

1104 1681 1159 1725 λος,
1177 1693 1240 1729 παρ’
1256 1692 1337 1720 αὑτοῦ
1352 1691 1455 1728 μαθὼν,
1468 1691 1559 1725 ἔλεγεν
1570 1699 1577 1706 ·
1598 1700 1607 1716 ι
1623 1688 1669 1721 Εἷς
1689 1689 1754 1720 Θεὸς
1768 1686 1830 1722 (58),
1845 1681 1879 1714 εἷς

1105 1739 1152 1766 καὶ
1166 1739 1277 1774 μεσίτης
1290 1738 1356 1764 Θεοῦ
1373 1738 1420 1765 καὶ
1430 1737 1590 1773 ἀνθρώπων,
1611 1735 1754 1771 ἄνθρωπος
1776 1729 1879 1767 Χριστὸς

1112 1784 1230 1819 Ἰησοῦς·
1249 1794 1258 1810 ι
1276 1784 1417 1819 ἄνθρωπος
1430 1784 1458 1810 δὲ
1481 1783 1624 1817 γενόμενος
1644 1782 1691 1808 καὶ
1712 1777 1880 1812 οἰκονομήσας

1105 1830 1140 1856 τὰ
1152 1829 1319 1865 ἀνθρώπινα,
1335 1829 1478 1865 τροπώσας
1490 1837 1520 1855 τε
1530 1829 1576 1854 καὶ
1587 1828 1766 1863 καταργήσας
1773 1824 1816 1850 τὸν
1827 1819 1879 1848 καθ’

1105 1875 1182 1910 ἡμῶν
1195 1876 1250 1910 (59)
1266 1875 1388 1907 θάνατον,
1402 1875 1517 1909 κάθηται
1528 1873 1575 1900 νῦν
1584 1874 1611 1899 ὲν
1626 1873 1704 1907 δεξιᾷ
1716 1871 1763 1897 τοῦ
1775 1866 1880 1902 Πατρδςι

1105 1922 1134 1948 ὲν
1151 1921 1223 1956 αὑτῷ
1235 1921 1283 1953 ὢν,
1300 1921 1347 1948 καὶ
1365 1921 1411 1947 τοῦ
1427 1920 1532 1955 Πατρὸς
1551 1920 1624 1950 ὄντος
1642 1920 1672 1945 ὲν
1685 1917 1761 1952 αὐτῷ
1772 1937 1779 1949 ,
1798 1914 1881 1946 ὥσπερ

1103 1965 1137 2003 ἦν
1150 1968 1204 2000 ἀεὶ,
1223 1967 1269 1993 καὶ
1284 1967 1341 1994 ἐστι
1356 1966 1510 1996 διαπαντός.

272 2015 364 2047 homo,
378 2013 498 2048 inquam,
518 2012 615 2043 factus,
631 2012 688 2046 qui,
706 2011 786 2038 rebus
817 2011 943 2039 humanis
967 2013 1067 2046 optime
1086 2014 1288 2045 administratis,
1321 2017 1348 2040 et
1372 2017 1470 2046 morte,
1502 2012 1579 2046 cujus
1600 2011 1640 2038 rei
1663 2016 1786 2040 eramus,
1801 2006 1882 2040 iusala

271 2068 303 2087 ac
318 2060 463 2091 destructa,
476 2059 532 2093 jam
548 2058 581 2084 ad
596 2057 717 2084 dextram
734 2055 822 2083 Patris
843 2056 928 2089 sedet,
944 2058 970 2083 in
989 2065 1044 2091 quo
1062 2062 1089 2085 et
1101 2059 1158 2093 ipse
1168 2063 1220 2091 est,
1234 2063 1260 2085 et
1272 2057 1351 2084 Pater
1366 2058 1392 2084 in
1404 2058 1463 2091 ipso
1478 2057 1556 2083 sicuti
1571 2056 1621 2082 fuit
1631 2060 1711 2083 etest
1723 2061 1836 2088 semper.

306 2107 333 2133 8.
355 2106 418 2133 Haec
436 2113 500 2140 ergo
520 2112 584 2132 vera
602 2109 644 2132 est
660 2104 823 2131 Christiana:
837 2103 898 2131 ﬁdei
910 2103 998 2131 forma
1019 2112 1052 2130 ex

271 2152 402 2186 apostolis
424 2159 470 2186 per
496 2151 588 2178 Patres
608 2150 739 2177 derivata.
760 2149 892 2177 Caeterum
914 2150 961 2184 qui
978 2149 1052 2177 Scri-

271 2203 357 2233 ptura:
365 2197 474 2224 lectioni
487 2201 574 2228 vacat,
586 2196 751 2230 perpendere
764 2199 790 2222 et
800 2195 954 2223 discernere
964 2196 1052 2228 debet,

271 2242 444 2278 quaudonam
471 2243 503 2270 de
524 2242 665 2270 divinitate
679 2241 759 2268 Verbi
781 2241 917 2277 loquatur,
944 2243 1052 2276 quando

306 2311 329 2326 “
343 2310 422 2337 Prov.
439 2317 498 2340 vni,
510 2309 555 2336 22.
592 2310 614 2325 ⁸⁷
628 2309 700 2337 Psal.
715 2317 806 2341 ωιτη,
823 2309 849 2336 5.
887 2309 909 2325 “
921 2308 999 2337 Joan.
1015 2317 1064 2342 xu,
1077 2309 1122 2337 '55.

271 2358 294 2373 "
311 2356 379 2383 Joan
405 2364 453 2387 vn,
470 2356 519 2387 i9;
538 2363 596 2387 vui,
614 2355 658 2382 40.
696 2355 720 2371 ⁵³
733 2355 741 2382 l
756 2355 826 2382 Tim.
845 2363 863 2382 ιι
887 2355 912 2382 5.

1140 2105 1166 2132 8.
1191 2105 1219 2131 ’0
1233 2105 1282 2140 μὲν
1299 2104 1442 2140 χαρακτὴρ
1457 2101 1534 2134 οὗτος
1546 2103 1578 2129 ἐκ
1595 2102 1649 2128 τῶν
1668 2101 1825 2129 ἀποστόλων
1845 2097 1882 2124 διὰ

1105 2149 1158 2176 τῶν
1169 2150 1306 2185 Πατέρων·
1316 2150 1355 2176 δεῖ
1364 2150 1391 2176 δὲ
1406 2148 1508 2181 λοιπὸν,
1526 2148 1725 2183 ἐντυγχάνοντα
1739 2148 1772 2182 τῇ
1786 2145 1884 2182 Γραφῇ.

1104 2195 1260 2231 δοκιμάζειν
1268 2196 1313 2222 καὶ
1324 2195 1480 2230 διακρίνειν,
1492 2195 1555 2221 πότε
1569 2195 1617 2230 μὲν
1629 2194 1756 2230 περὶτῆς
1768 2193 1883 2224 Θεότητῑσς

1105 2241 1151 2268 τοῦ
1162 2242 1247 2276 Λόγου
1256 2242 1340 2276 λέγει,
1353 2241 1416 2268 πότε
1425 2241 1452 2268 δὲ
1467 2241 1531 2276 περὶ
1541 2241 1594 2267 τῶν
1609 2240 1789 2274 ἀνθρωπίνων
1799 2234 1884 2264 αὑτοῦ·

1171 2310 1194 2325 "
1205 2309 1285 2337 Joan.
1303 2318 1323 2338 t.
1338 2310 1362 2336 l.
1417 2309 1439 2325 "
1452 2309 1536 2337 lCor.
1553 2317 1573 2341 ι,
1588 2308 1633 2334 24.
1672 2309 1695 2324 ⁸¹
1709 2307 1791 2335 Joan.
1809 2314 1827 2337 ι,
1846 2303 1885 2330 Η.

318 2424 363 2459 54)
380 2424 424 2451 Sic
442 2424 507 2460 Reg.
524 2423 635 2460 Seguer.
649 2423 753 2459 Anglic.
767 2423 876 2460 Gobler.
894 2428 920 2450 et
934 2423 1012 2460 Felc_._
1023 2423 1048 2450 1.
1067 2425 1089 2452 D
1104 2422 1130 2449 in
1143 2422 1204 2449 aliis
1224 2427 1250 2460 et
1261 2421 1342 2460 editis
1357 2422 1482 2460 habetur.
1506 2420 1607 2460 ibidem
1622 2421 1788 2460 iidem_Reg.
1801 2419 1887 2460 9.89:

270 2458 366 2486 Caneri
381 2467 444 2486 vero
460 2458 490 2486 et
502 2458 585 2486 editio
598 2458 728 2486 Commel.
740 2479 747 2491 ,
763 2460 822 2485 ἐπεὶ
836 2459 969 2492 λέγουσιν.
989 2458 1050 2485 Mox

271 2493 339 2529 Reg.
359 2499 388 2521 et
408 2493 531 2529 Seguer.,
556 2495 656 2520 ἔκτισε.
679 2494 732 2520 Alii
755 2499 782 2520 et
803 2495 886 2521 editio
905 2493 1050 2525 Commel.,

272 2528 392 2565 ἐκτίσθη.
418 2528 508 2556 Editio
530 2530 730 2565 autemhl’aris.
753 2533 780 2556 et
799 2529 906 2565 Culon.,
929 2529 1058 2565 “tome.

271 2563 380 2625 ibidem
388 2570 450 2599 post
462 2565 610 2598 ἀναγκαῖον
626 2563 725 2599 Regius
751 2569 778 2590 et
799 2564 908 2598 Segner.
925 2564 1053 2590 omittunt

288 2606 357 2625 στι.ι

288 2606 340 2626 στι.
351 2606 357 2622 ⁸

309 2633 365 2670 (55)
385 2634 423 2660 Ita
439 2633 554 2670 Regius,
572 2632 682 2670 seguer.
700 2632 808 2670 Gobler.
826 2637 853 2670 et
867 2633 956 2670 Fclclt.
973 2633 998 2660 Ι.
1019 2633 1054 2670 At

272 2668 411 2700 Ottobon,
424 2669 534 2704 ἐκτίσθη
549 2669 595 2695 καί
604 2668 617 2700 ,⁷
631 2674 683 2696 etc.
698 2669 752 2695 Alii
766 2673 793 2696 et
808 2669 891 2695 editio
905 2669 1051 2699 Commel.,

272 2703 358 2730 κτίσιν
370 2704 416 2730 καὶ
429 2703 539 2738 κτίσμα,
552 2705 632 2730 male.

309 2738 363 2772 (56)
388 2739 433 2765 Sic
458 2737 568 2772 Regius,
596 2737 707 2772 Seguer.
733 2737 841 2765 Gobler.
867 2742 894 2764 et
913 2737 1003 2764 Fclck.
1026 2737 1051 2764 l.

271 2772 324 2799 Alii
340 2777 367 2799 et
388 2773 470 2800 editio
484 2774 614 2800 Commel.
627 2793 634 2804 ,
652 2773 786 2806 γενέσθαι.
805 2772 866 2799 Mox
889 2777 948 2806 post
965 2781 1052 2807 σωτη-

274 2808 333 2842 ρίαν
349 2807 416 2842 Reg.
431 2811 457 2834 ct
474 2807 584 2842 Seguer.
601 2808 729 2835 omittunt
741 2808 858 2842 ἐδέησεν,
875 2815 935 2842 qtne
948 2816 997 2835 vos
1015 2807 1050 2834 lbi

1102 2465 1190 2492 θυεμ,
1206 2457 1290 2488 Αὐτὸς
1303 2456 1356 2492 γὰρ
1367 2458 1381 2482 ὁ
1399 2457 1524 2492 Ἰωάννης
1540 2457 1667 2492 sip-natiue,
1687 2457 1734 2492 ἶΕν
1746 2453 1823 2492 ἀρχῇΔ
1832 2453 1887 2489 ἧνό

1103 2490 1200 2526 λόγος,
1217 2493 1275 2527 μετ’
1289 2490 1376 2526 ὀλίγα,
1389 2497 1440 2519 etc.
1459 2490 1572 2519 Gobler:
1586 2497 1612 2518 et
1626 2491 1758 2527 Felckai,
1768 2490 1887 2527 'lwtiyvns

1101 2524 1157 2563 γάρ
1180 2524 1302 2562 (metu...
1324 2524 1370 2553 καὶ
1393 2529 1449 2562 μετ’
1464 2527 1551 2561 ὀλίγα.
1570 2527 1622 2553 Alii
1639 2532 1672 2563 ret
1689 2526 1776 2559 editi,
1799 2524 1887 2554 Οὕτως

1103 2562 1157 2598 γὰρ
1174 2563 1298 2597 Ἰωάννης
1312 2562 1477 2598 εἴρηκεν.....
1497 2562 1543 2589 καὶ
1559 2563 1622 2598 per:
1633 2562 1723 2598 ιξλίγαἶ
1770 2596 1776 2598 _
1854 2593 1860 2598 .

1139 2596 1198 2632 (57)
1220 2596 1286 2631 μσς.
1303 2596 1415 2632 δεςιιειπ.
1433 2598 1541 2625 Gobler.
1554 2596 1581 2623 et
1603 2596 1694 2632 Fclck.
1712 2597 1726 2632 i
1742 2596 1792 2632 μέν
1807 2596 1886 2621 omit-

1105 2632 1250 2669 tunt:ng
1260 2633 1289 2669 in
1307 2631 1418 2669 Seguer.
1432 2633 1485 2669 silv
1495 2632 1646 2669 deest_an_te
1654 2631 1802 2669 ἔληθειαν.
1843 2660 1875 2669 ﬂ

1143 2668 1198 2702 (58)
1216 2667 1324 2694 Gobler.
1344 2663 1373 2694 Et
1393 2663 1482 2694 Felcli.
1500 2667 1523 2698 l,
1540 2668 1554 2694 6
1569 2667 1597 2693 δὲ
1612 2663 1716 2697 Παῦλος
1731 2672 1828 2702 φησιν·
1843 2663 1887 2693 Εἷς

1107 2703 1186 2733 θεός,
1201 2707 1253 2729 etc.
1270 2701 1335 2729 Ibid.
1350 2703 1397 2729 καί
1413 2703 1488 2729 abest
1501 2703 1535 2728 ab
1549 2702 1666 2729 editione
1682 2701 1818 2728 Corniuel.

1141 2737 1197 2771 (59)
1216 2737 1356 2769 Οιιυὺοιιη
1371 2739 1416 2763 τὸν
1436 2738 1496 2764 καθ’
1512 2738 1595 2772 ἡμᾶς.
1621 2736 1687 2764 Ibid.
1712 2735 1780 2769 Reg.
1798 2740 1824 2772 et
1840 2733 1886 2771 Sf-

1105 2770 1198 2805 guerQ,
1217 2771 1332 2808 κάθηται
1343 2772 1400 2806 νῦν,
1415 2777 1467 2800 ctc.
1483 2770 1539 2800 Alii
1551 2776 1578 2799 ct
1598 2772 1678 2800 editio
1693 2770 1827 2798 (Zommel.
1842 2770 1886 2792 νὺν

1105 2812 1242 2834 onnttunt.

1559 2563 1621 2597 μετῖ
1633 2561 1722 2593 ὀλίγα.
