1974 3037
246 131 299 161 6'17

245 195 381 223 creatura,
398 191 444 218 sed
462 190 536 218 Patri
551 190 802 221 consubstantialis.
817 191 856 217 sic
879 199 927 217 nec
943 189 1029 223 Spiri~

246 243 291 266 tus
318 243 427 266 sanctus
447 237 527 264 fuerit
548 241 694 264 creatura:
719 237 784 271 quin
807 238 889 264 etiam
907 237 958 271 qui-
982 237 1032 264 hoc

246 284 314 311 dicit
329 283 428 318 impius
442 287 494 315 est,
516 282 551 309 ob
577 283 769 317 proprietatem
785 283 892 310 scilicet
915 283 974 317 ejus
998 282 1030 309 ad

247 329 344 356 Filium
358 337 366 361 ;
383 333 409 355 et
422 328 484 362 quia
499 335 530 355 ex
548 328 608 363 ipso
623 328 704 355 datur
713 329 853 364 omnibus,
867 334 894 356 et
911 336 972 363 quae
987 328 1032 355 ha—

246 375 290 401 bet
303 373 347 400 ille
361 373 420 400 Filii
436 378 513 400 sunt.

280 419 307 446 2.
326 418 374 446 Sat
404 419 514 454 quidem
538 419 595 447 hate
617 418 733 446 fuissent
758 420 791 446 ad
814 419 1030 454 persuadendum

245 465 288 492 vel
307 465 394 492 cuivis
407 465 590 497 contentioso,
606 472 639 491 ne
656 469 717 500 post
733 465 790 492 haec
809 465 910 492 diceret
924 470 1031 492 creatu-

243 519 303 538 ram
320 518 381 538 esse
396 510 455 543 Dei,
470 517 533 538 eum
547 510 594 544 qui
609 516 650 537 est
666 511 692 536 in
706 510 771 542 Deo,
784 511 885 545 quique
897 510 1030 545 profunda

245 558 291 585 Dei
312 562 461 587 scrutatur.
477 563 503 585 et
526 565 558 584 ex
573 557 652 585 Patre
676 565 724 592 per
746 557 844 585 Filium
871 558 971 585 datur:
997 565 1030 585 ne

245 604 309 632 hinc
321 605 476 639 adigeretur
486 609 514 631 ut
523 603 742 639 Filium-quoque
753 604 855 632 diceret
865 609 1029 636 creaturam,

244 650 291 684 qui
305 654 347 677 est
363 649 492 682 Verbum,
508 649 651 682 sapientia,
664 649 761 684 ﬁgura,
786 649 931 684 splendor:
948 657 1028 684 quem

243 695 291 730 qui
306 696 388 727 videt,
399 695 472 723 videt
485 700 513 722 et
524 694 631 722 Patrem
644 704 652 728 ;
668 703 701 722 ac
715 701 748 723 ne
764 695 891 730 deinceps
906 696 1028 723 audiret:

247 751 257 767 ι
276 741 328 774 Qui
345 745 426 776 negat
443 739 551 773 Filium,
568 749 656 776 neque
666 741 773 769 Patrem
790 742 914 769 habet".
927 751 937 768 ›
949 742 1030 777 Ejus-

245 787 318 815 modi
333 787 432 821 quippe
454 787 536 814 homo
554 787 685 821 paulatim
707 787 883 822 progrediens
905 787 1029 815 dicturus

244 840 329 863 estut
342 835 386 862 ille
401 835 550 870 insipiens:
567 844 576 860 ε
597 834 655 861 Non
672 839 714 862 est
729 834 800 862 Deus
814 835 846 860 ".
875 844 884 860 ι
901 834 1027 861 Attamen

244 887 273 910 ut
293 882 418 916 pluribus
436 881 604 916 argumentis
620 881 696 915 impii
714 881 921 913 convincantur,
941 887 1029 915 operm

244 929 361 963 pretium
382 927 474 962 fuerit,
490 935 522 955 ex
543 927 643 962 quibus
658 926 744 954 Filius
756 927 959 954 demonstratur
975 933 1029 952 non

244 982 305 1002 esse
328 978 419 1001 creata
443 981 497 1004 res.
519 980 553 1000 ex
578 972 673 1000 iisdem
690 972 811 1007 'probare
828 979 878 999 nec
898 971 1030 1006 Spiritum

244 1026 369 1049 sanctum
390 1027 452 1048 esse
477 1027 535 1046 rem
558 1024 689 1046 creatam.
715 1018 754 1045 Ex
782 1026 836 1045 non
860 1017 1031 1045 exstantibus

244 1072 309 1095 sunt
323 1074 367 1094 res
382 1072 491 1098 creatae,
504 1065 647 1093 etinitium
661 1064 762 1091 habent
773 1063 939 1091 exsistendi:
956 1071 1029 1093 nam,

247 1124 256 1139 ι
276 1113 305 1140 In
326 1112 460 1148 principio
487 1111 550 1138 fecit
578 1109 650 1137 Deus
673 1109 773 1137 cmlum
785 1112 813 1136 et
825 1113 924 1136 terram
936 1109 969 1141 ⁷⁸,
983 1119 992 1135 ι
1005 1112 1032 1135 et

244 1167 305 1194 quae
319 1159 347 1186 in
363 1158 417 1186 illis
439 1161 515 1185 sunt.
531 1157 565 1184 At
580 1155 698 1191 Spiritus
720 1160 832 1184 sanctus
854 1164 889 1183 ex
912 1155 967 1183 Deo
990 1161 1032 1182 est

243 1206 408 1240 dicitur-que,
429 1209 459 1232 ut
474 1204 511 1231 ait
527 1202 682 1238 Apostolus.
706 1202 783 1235 Quod
810 1202 832 1230 si
857 1201 942 1229 Filius
967 1202 1031 1236 quia

243 1258 299 1278 non
317 1254 359 1277 est
374 1257 407 1276 ex
427 1255 482 1275 non
496 1247 679 1278 exstantibus,
694 1247 740 1274 sed
751 1254 785 1274 ex
798 1245 862 1279 Deo,
877 1254 931 1273 non
945 1250 1033 1280 potest

243 1303 304 1323 esse
317 1299 460 1322 creatura:
478 1300 543 1328 ergo
560 1301 610 1320 nec
625 1292 743 1328 Spiritus
764 1296 876 1320 sanctus
893 1296 935 1318 est
953 1299 1030 1319 crea-

244 1345 306 1368 tura
325 1349 332 1367 :
352 1339 573 1375 quandoquidem
591 1338 618 1364 in
637 1338 763 1365 confesso
778 1341 820 1364 est
840 1344 902 1364 eum
919 1345 953 1364 ex
978 1336 1032 1364 Deo

243 1394 315 1415 esse.
335 1386 403 1413 Nam
415 1390 546 1414 creaturae
559 1388 623 1413 sunt
636 1391 668 1412 ex
684 1391 739 1412 non
753 1384 936 1411 exstantibus.

271 1433 308 1460 43.
337 1432 457 1460 Rursum
480 1431 573 1459 unctio
591 1435 619 1458 et
637 1430 806 1465 signaculum
822 1429 921 1457 dicitur
940 1433 968 1455 et
991 1432 1033 1456 est

245 1479 365 1515 Spiritus
391 1483 512 1506 sanctus.
529 1477 630 1505 Scribit
651 1478 722 1504 enim
745 1475 885 1504 Joannes:
903 1485 912 1501 ι
934 1474 966 1502 Ει
984 1483 1032 1503 vos

244 1526 404 1553 unctionem
423 1532 504 1560 quam
523 1523 668 1558 accepistis
686 1523 721 1550 ab
739 1530 772 1550 eo
787 1527 879 1550 manet
893 1521 921 1549 in
943 1521 1029 1548 vobis.

243 1569 279 1598 Et
294 1578 349 1598 non
368 1577 481 1598 necesse
496 1569 613 1602 habetis,
629 1574 659 1595 ut
674 1568 773 1604 aliquis
789 1568 886 1596 doceat
899 1575 947 1595 vos
961 1576 968 1595 :
985 1567 1032 1594 sed

245 1616 319 1643 sicut
332 1615 425 1643 unctio
440 1615 511 1649 ejus,
530 1614 642 1649 spiritus
657 1613 718 1648 ejus
732 1613 811 1641 docet
831 1621 879 1640 vos
893 1613 927 1640 de
943 1612 1033 1640 omni-

243 1661 342 1690 bus";
358 1669 369 1686 ι
384 1659 413 1687 In
427 1660 495 1687 Isaia
510 1666 575 1686 vero
589 1658 721 1694 propheta
729 1658 861 1694 scriptum
876 1661 917 1686 est
930 1667 936 1686 :
949 1667 958 1684 ι
970 1657 1033 1693 Spi-

245 1706 316 1734 ritus
332 1705 442 1732 Domini
465 1712 546 1740 super
564 1712 618 1737 me.
642 1712 676 1732 eo
691 1704 764 1739 quod
778 1705 886 1732 tinxerit
902 1711 946 1731 me
956 1704 979 1720 “
993 1713 999 1731 :
1020 1713 1030 1730 ι

246 1752 349 1780 Paulus
372 1756 463 1779 autem
488 1752 531 1779 sic
542 1751 659 1779 scribit:
685 1759 695 1776 ι
720 1751 750 1778 In
769 1759 824 1785 quo
842 1756 869 1778 et
892 1750 1033 1777 credentes

248 1797 349 1833 signati
372 1797 439 1825 estis
450 1797 493 1831 ";
513 1807 522 1823 ι
539 1801 566 1824 et
587 1796 708 1824 iterum:
728 1806 737 1822 ι
766 1795 855 1824 Nolite
869 1796 1033 1824 contristare

248 1843 382 1878 Spiritum
400 1847 537 1874 sanctum,
563 1842 593 1870 in
617 1850 673 1878 quo
695 1841 796 1878 signati
821 1842 896 1875 estis,
918 1841 946 1868 in
962 1841 1034 1868 diem

247 1890 442 1925 redemptionis
451 1890 486 1916 ".
506 1899 515 1916 ι
534 1888 639 1917 Creata:
651 1893 742 1916 autem
755 1896 798 1916 res
810 1887 837 1915 in
858 1888 909 1915 hoc
927 1895 1035 1923 ungun-

255 1941 297 1965 tur
307 1941 335 1964 et
347 1936 489 1971 signantur
504 1944 510 1962 :
525 1935 597 1970 quod
613 1935 636 1962 si
649 1939 747 1963 creata:
763 1942 806 1961 res
820 1934 847 1961 in
861 1933 914 1960 hoc
929 1941 1037 1968 ungun—

249 1986 333 2009 tnret
348 1981 501 2016 signantur,
518 1986 690 2014 nequaquam
711 1982 834 2006 creatura
851 1976 933 2004 fuerit
949 1976 1034 2012 Spiri-

249 2033 313 2055 tus:
329 2034 418 2061 neque
433 2026 506 2054 enim
521 2025 610 2053 simile
621 2029 663 2052 est
678 2024 751 2059 quod
765 2024 842 2058 ungit
857 2023 890 2050 iis
905 2031 966 2058 qua:
982 2031 1034 2049 un-

249 2078 360 2108 guntur.
376 2072 484 2099 Etenim
505 2071 563 2098 haec
586 2070 679 2097 unctio
695 2069 776 2097 ﬂatus
788 2073 831 2096 est
846 2068 926 2101 Filii;
943 2072 972 2095 ut
989 2068 1035 2102 qui

249 2119 331 2146 habet
353 2116 484 2152 Spiritum
504 2116 599 2144 dicat:
623 2124 632 2141 ι
658 2115 760 2142 Christi
783 2114 873 2142 bonus
896 2114 964 2141 odor
989 2121 1036 2141 su-

285 2221 309 2237 "
329 2220 337 2246 Ι
351 2219 480 2251 Joan.u,
494 2219 539 2246 25.
595 2218 618 2234 ⁷⁷
631 2217 703 2245 Psal.
720 2225 781 2250 xm,
792 2216 817 2243 Ι.

246 2258 269 2274 ⁸³
286 2256 385 2291 Epltes.
402 2263 439 2288 tv,
453 2255 499 2282 50.

282 2354 342 2391 (82)
369 2352 564 2391 seguerianus,
587 2350 734 2391 ὁντιναοῦν.
754 2349 871 2391 IRegius,
893 2349 1037 2391 mendose!

246 2384 291 2418 ετξ
313 2384 372 2420 οὖν,
398 2384 460 2416 Mox
484 2391 547 2422 post
566 2387 669 2421 κτίσμα
680 2386 832 2422 _legebatttt'
853 2385 879 2410 in
900 2384 1036 2422 editi_s_16

247 2425 375 2462 Πνεῦμα,
388 2423 462 2462 quod
475 2419 538 2450 cum
553 2419 664 2462 desit_'itt
680 2419 774 2461 Begio.
796 2419 908 2454 Seguer.
924 2419 1033 2462 Goble‘r.

247 2467 274 2489 et
298 2455 525 2494 Félckfprimo,
549 2461 576 2484 et
598 2456 956 2494 alioquisu‘pervacaneum
981 2455 1033 2494 sit.

248 2488 381 2524 omissum
394 2488 446 2522 est.
461 2488 563 2520 Ibidem
580 2488 720 2523 editifxat
733 2488 768 2517 τᾶ
782 2490 829 2525 μὲν
848 2488 930 2525 βᾴθηι
944 2489 1034 2525 sedAin

251 2523 447 2566 IiegISeguer.
466 2534 493 2556 et
510 2527 593 2556 Basil.
613 2526 662 2562 μέν
679 2527 763 2553 deest.
782 2523 852 2553 'lllox‘
867 2523 977 2559 Regius,
991 2523 1034 2550 διὰ

251 2567 328 2594 Υἰοῦ.

287 2602 343 2635 (85)
362 2601 475 2634 Seguer.
490 2603 517 2626 et
531 2597 626 2635 Basil..
638 2596 759 2635 ἀκούσει.
827 2633 831 2635 Α
855 2627 875 2635 “
910 2629 915 2634 Ι

285 2627 342 2672 (8λῇ
359 2627 416 2671 Γάῷ
432 2635 517 2672 deest
530 2634 557 2672 in
579 2627 782 2672 Reg._§rgtler.
808 2627 938 2672 et‘Bas‘il.
958 2627 1035 2672 ’de

249 2663 406 2706 editii'post'
422 2668 491 2696 εἶναι
512 2663 633 2706 habent;
645 2663 810 2706 Γέγρατξται-
821 2663 874 2704 γὰρ
899 2665 928 2690 ἐν
953 2663 1035 2704 ἀρχῇ-

251 2702 361 2741 Regius,
384 2705 496 2740 Seguer.
518 2708 545 2732 et
558 2703 655 2733 Basil.,
674 2703 717 2728 Ἐν
742 2702 812 2737 ἀρχῇ
834 2702 908 2734 γὰρ,
934 2702 1037 2725 omisso

341 2750 417 2768 πται.

316 2767 343 2811 3)
354 2767 476 2811 rGobler.
493 2778 520 2802 et
533 2773 625 2801 Felck.
641 2773 668 2804 I,
690 2772 761 2798 ἐπεί.
778 2771 861 2798 Iidem
877 2767 958 2803 paulo
975 2772 1037 2804 post

250 2742 301 2778 γέγ

287 2778 343 2812 (85)
364 2778 437 2803 (ὶουμ

250 2813 279 2841 δέ
293 2821 342 2847 pro
361 2810 437 2846 μηδέ.

531 133 559 160 S.
579 131 763 160 ATIIANASII
784 131 858 159 OPP.
879 130 969 159 PARS
988 132 1006 159 l.
1024 146 1058 152 —
1075 131 1257 160 HISTORICA
1276 132 1320 160 ΕΤ
1340 133 1549 161 DOCMATICA.

875 2216 898 2232 "
912 2215 982 2246 Gen.
995 2223 1014 2248 I,
1030 2216 1056 2244 ί.

1806 136 1850 164 628

1043 196 1066 224 Α
1081 191 1130 216 οὐκ
1143 191 1199 217 ἔστι
1214 191 1325 225 κτίσμα,
1345 191 1404 218 ἀλλ’
1423 191 1563 226 δμοοῦσιος
1577 191 1624 217 τοῦ
1645 192 1764 227 Πατρεςο
1776 192 1851 225 οὕτως

1082 237 1131 262 οὔκ
1148 236 1181 263 ἂν
1194 237 1236 271 εἴη
1261 237 1320 263 οὐδὲ
1341 237 1371 263 τὸ
1394 237 1506 272 Πνεῦμα
1525 237 1555 263 τὺ
1570 237 1645 271 ἅγιον
1661 238 1777 273 κτίσμα,
1794 238 1853 266 ἀλλὰ

1082 281 1128 307 καῖ
1142 281 1240 316 ἀσεϐὴς
1261 282 1275 307 6
1294 281 1381 315 λέγων
1402 281 1491 314 τοῦτο,
1516 281 1560 307 διὰ
1579 281 1627 317 τὴν
1651 282 1718 317 πρὸς
1733 283 1777 308 τὸν
1796 283 1853 310 Υἱὸν

1083 326 1201 361 ἰδιότητα
1220 327 1312 359 αὐτοῦ,
1327 328 1374 354 καὶ
1390 328 1430 354 ὅτι
1441 327 1470 359 ἐξ
1482 327 1563 354 αὑτοῦ
1576 327 1675 354 δίδοται
1694 329 1771 361 πᾶσι,
1785 330 1828 356 καὶ
1839 329 1854 356 ἃ

1081 372 1198 408 ἔχειτοῦ
1216 373 1279 399 Υἱοῦ
1297 374 1381 400 ἐστιν.

1115 418 1142 445 2.
1168 418 1259 445 Ἱκανὰ
1282 419 1336 454 μὲν
1348 416 1394 446 οῦν
1415 419 1461 446 καὶ
1484 419 1569 445 ταῦτα
1592 421 1685 446 πεῖσαι
1702 421 1748 446 καί
1772 421 1853 447 πάντα

1079 459 1199 491 ὁντινοῦν
1212 465 1268 499 (82)
1286 465 1446 499 φιλόνεικον,
1463 465 1561 500 μηκέτι
1589 465 1678 500 λέγειν
1693 466 1792 500 κτίσμα
1814 466 1856 492 τοῦ

1079 508 1157 540 Θεοῦ,
1173 509 1205 535 τὸ
1224 510 1252 535 ἐν
1269 509 1307 544 τῷ
1321 509 1389 544 Θεῷ,
1407 509 1497 536 καὶτὰ
1513 509 1583 545 βάθη
1596 510 1712 546 ἐρευνῶν
1726 510 1771 537 τοῦ
1786 511 1856 542 Θεοῦ,

1079 555 1126 581 καὶ
1143 555 1174 581 ὲκ
1193 555 1299 591 Πατρὸς
1315 555 1348 582 δι’
1362 555 1425 582 Υίοῦ
1443 555 1579 591 διδόμενον
1594 563 1602 570 ·
1621 557 1664 583 ἵνα
1692 556 1728 592 μή
1752 557 1783 583 ἐκ
1803 557 1858 583 τοῦ·

1077 609 1132 627 των
1145 601 1303 638 ἀναγκασθῇ
1322 602 1368 629 καὶ
1385 602 1430 629 τὸν
1445 602 1508 629 Υἱδν
1528 603 1613 629 εἰπεῖν
1625 603 1737 638 κτίσμα,
1754 604 1797 630 τὸν
1814 604 1858 630 A6-

1079 654 1137 679 γον,
1155 646 1205 682 τὴν
1230 647 1342 681 σοφίαν,
1358 647 1404 673 τὸν
1428 647 1600 682 χαρακτῆρα,
1624 647 1655 673 τὸ
1677 647 1858 682 ἀπαύγασμα,

1079 691 1108 718 δν
1125 691 1195 727 δρῶν
1210 700 1254 723 τις
1265 692 1315 728 δρᾷ
1326 691 1370 719 τὸν
1387 692 1507 727 Πατέρα,
1522 693 1569 719 καὶ
1580 692 1673 719 λοιπὸν
1685 692 1788 728 ἀκούσῃ
1799 693 1859 728 (85)·

1082 749 1090 764 ε
1112 739 1140 765 '0
1155 732 1320 775 ἀρνούμενος
1335 739 1380 765 τὸν
1402 739 1476 771 Υίὸν,
1499 739 1559 766 οὐδὲ
1581 740 1628 767 τὸν
1645 740 1756 776 Πατέρα
1772 739 1835 775 ἔχει.
1850 750 1857 765 ι

1079 785 1156 817 Λέξει
1170 785 1224 821 γὰρ
1242 785 1303 812 κατ’
1314 785 1404 820 ὀλίγον
1418 787 1432 812 6
1446 786 1574 818 τοιοῦτος,
1590 786 1628 818 ὡς
1639 787 1653 812 6
1665 786 1769 822 ἄφρωνη
1788 796 1796 811 ι
1810 787 1860 813 Οὐκ

1078 831 1136 857 ἐστι
1153 831 1229 863 Θεός.
1243 841 1252 857 ι
1272 831 1368 866 Ὀμως
1380 831 1408 858 δὲ
1423 832 1493 868 ὑπὲρ
1502 831 1549 858 τοῦ
1567 833 1598 858 ἐκ
1610 831 1741 859 πλειόνων
1761 832 1855 867 δειχθῆ-

1045 874 1065 901 Β
1079 886 1122 903 ναι
1137 878 1183 904 τὸν
1207 877 1284 904 κατὰι
1295 877 1350 904 τῶν
1366 878 1472 905 ἀσεϐῶν
1498 878 1608 913 ἔλεγχον
1633 879 1726 911 καλὸν,
1744 879 1771 912 ἐξ
1792 875 1827 905 ὧν
1848 879 1860 904 6

1082 923 1147 954 Υἱὸς
1158 923 1295 950 δείκνυται
1314 923 1351 958 μὴ
1371 923 1408 949 ὢν
1425 924 1545 958 κτίσμα,
1561 924 1593 950 ὲκ
1611 923 1716 950 τούτων
1729 924 1809 957 δεῖξαι
1820 924 1861 950 καὶ

1081 968 1111 995 τὸ
1131 968 1242 1004 Πνεῦμα
1261 968 1298 1004 μὴ
1311 967 1380 995 εἶναι
1402 969 1515 1004 κτίσμα.
1540 968 1585 1001 Ἐξ
1598 969 1647 995 οὑκ
1664 970 1749 996 ὄντων
1762 970 1816 995 ἐστὶ
1831 969 1862 995 τὰ

1080 1015 1226 1050 κτίσματα,
1244 1015 1291 1042 καὶ
1305 1015 1360 1052 (84)
1375 1015 1461 1051 ἀρχὴν
1474 1015 1586 1050 ἔχειτοῦ
1599 1013 1668 1042 εἶναι
1679 1024 1686 1031 ⁸
1697 1025 1706 1041 ί
1719 1016 1762 1042 Ἐν
1775 1016 1839 1051 ἀρχῇ
1851 1026 1859 1040 ι

1080 1061 1134 1097 γὰρ
1153 1071 1161 1087 ι
1173 1062 1300 1096 ἐποίησεν
1320 1063 1334 1088 6
1347 1061 1413 1093 Θεὸς
1430 1062 1476 1088 τὸν
1499 1061 1613 1097 οὐρανὸν
1633 1061 1681 1088 καὶ
1701 1062 1750 1097 τὴν
1772 1062 1834 1097 γῆν,
1851 1070 1859 1086 ι

1081 1107 1175 1134 καὶτὰ
1200 1109 1228 1135 ὲν
1252 1108 1353 1139 αὐτοῖς.
1373 1108 1409 1134 T6
1429 1108 1457 1134 δὲ
1481 1107 1592 1143 Πνεῦμα
1615 1107 1646 1134 τὸ
1671 1108 1748 1142 ἆγιον
1767 1109 1799 1134 ἐκ
1819 1107 1861 1134 τοῦ

1081 1152 1148 1179 Θεοῦ
1160 1153 1227 1184 ἐστι,
1243 1154 1289 1180 καὶ
1303 1153 1421 1188 λέγεται,
1435 1155 1473 1184 ὡς
1484 1153 1559 1182 εἶπεν
1571 1156 1585 1181 6
1603 1154 1775 1186 Ἀπόστολος.
1792 1154 1821 1180 Εἰ
1837 1153 1862 1180 δὲ

1081 1201 1094 1227 6
1111 1200 1184 1231 Υἱὸς,
1202 1200 1296 1235 ἐπειδὴ
1382 1200 1411 1233 ἐξ
1430 1201 1480 1227 οὐκ
1495 1201 1579 1228 ὅντων
1591 1202 1642 1227 οὐκ
1657 1201 1742 1232 ἐστιν,
1766 1200 1820 1227 ἀλλ’
1835 1201 1863 1226 ὲκ

1081 1245 1127 1272 τοῦ
1144 1245 1222 1278 Θεοῦ,
1242 1245 1355 1277 εἰκότως
1369 1246 1419 1272 οὐκ
1433 1246 1466 1272 ἂν
1487 1246 1530 1281 εἴη
1546 1246 1660 1281 κτίσμα,
1678 1244 1784 1280 ἀνάγκη
1802 1244 1862 1279 μηδὲ

1080 1291 1111 1318 τὸ
1128 1290 1239 1326 Πνεῦμα
1262 1291 1292 1317 τὸ
1315 1290 1392 1326 ἅγιον
1413 1289 1482 1317 εἶναι
1507 1291 1626 1326 κτίσμα·
1651 1290 1746 1325 ἐπειδὴ
1772 1290 1803 1316 ὲκ
1820 1289 1862 1316 τοῦ

1081 1336 1148 1363 Θεοῦ
1163 1336 1345 1372 ὡμολόγηται.
1370 1337 1410 1364 Τὰ
1429 1336 1483 1373 γὰρ
1508 1336 1643 1372 κτίσματα
1668 1336 1698 1370 ἐξ
1716 1337 1765 1362 οὐκ
1785 1335 1862 1362 ὄντων

1081 1381 1168 1408 ἐστίν.

1116 1426 1142 1453 5.
1164 1426 1219 1453 Καὶ
1230 1425 1311 1452 πάλιν
1323 1426 1427 1462 χρίσμα
1441 1427 1488 1453 καλ⁸
1501 1427 1619 1462 σφραγὶς
1631 1426 1742 1461 λέγεται
1757 1427 1802 1454 καὶ
1811 1426 1862 1452 ἔστι

1080 1470 1111 1497 τδ
1124 1471 1235 1506 Πνεῦμα
1246 1479 1253 1487 ’
1270 1472 1284 1499 6
1301 1472 1349 1507 μὲν
1369 1471 1425 1507 (86)
1439 1473 1492 1508 γὰρ
1515 1472 1641 1508 Ἰωάννης
1653 1473 1769 1508 γράφει-
1791 1472 1860 1499 «Καὶ

1082 1517 1161 1552 ὑμεῖς
1171 1517 1202 1544 τδ
1215 1517 1342 1553 χρίσμαό
1357 1518 1467 1544 ἐλάϐετε
1482 1519 1548 1553 παρ’
1564 1518 1646 1545 αὐτοῦ
1661 1519 1736 1554 μένει
1752 1520 1780 1545 ὲν
1794 1519 1861 1553 ὑμῖν·

1085 1563 1133 1590 καὶ
1146 1564 1176 1590 οὑ
1188 1563 1282 1598 χρείαν
1298 1564 1384 1599 ἔχετε,
1400 1565 1442 1591 ἴνα
1456 1573 1499 1596 τις
1513 1565 1624 1601 διδάσκῃ
1642 1566 1716 1601 ὑμᾶς
1732 1566 1797 1601 (87),
1811 1564 1862 1591 ἀλλ’

1084 1607 1122 1640 ὡς
1139 1608 1168 1634 τὺ
1182 1608 1264 1635 αὑτοῦ
1277 1609 1392 1645 χρίσμα,
1405 1609 1435 1636 τδ
1447 1610 1556 1645 πνεῦμα
1569 1610 1651 1637 αὐτοῦ
1665 1610 1785 1637 διδάσκει
1799 1610 1862 1645 ὑμᾶς

1084 1654 1149 1690 περὶ
1162 1654 1286 1682 πάντων·
1300 1656 1357 1693 ›,ὲν
1371 1655 1399 1682 δὲ
1413 1655 1452 1691 τῷ
1473 1657 1598 1692 προφήτῃ
1621 1656 1676 1692 (88)
1707 1657 1801 1692 Ἦσατᾳ
1821 1655 1862 1690 γέ-

1084 1709 1205 1737 γραπται
1215 1709 1222 1718 ⁸
1240 1710 1249 1727 ι
1262 1702 1374 1737 Πνεῦμα
1383 1701 1484 1737 Κυρίου
1495 1704 1539 1729 ἐπ’
1551 1703 1610 1738 ἐμὲ,
1622 1699 1652 1730 οὗ
1666 1703 1768 1730 εἵνεκεν
1780 1701 1863 1738 ἔχρισέ

1087 1754 1136 1783 με·
1152 1757 1161 1774 ι
1180 1748 1227 1775 κα),
1241 1749 1255 1774 6
1271 1747 1375 1780 Παῦλος
1386 1748 1415 1774 δὲ
1429 1748 1545 1784 γράφει·
1567 1758 1577 1774 ι
1595 1749 1638 1776 Ἑν
1665 1746 1689 1783 ᾧ
1704 1749 1750 1776 καὶ
1762 1747 1863 1775 πιστεύ-

1084 1800 1180 1824 σαντες
1195 1793 1396 1828 ἐσφραγίσθητε
1407 1802 1413 1808 ·
1429 1803 1439 1820 ι
1454 1795 1501 1820 καὶ
1516 1794 1613 1821 πάλινι
1633 1804 1643 1820 ι
1653 1794 1701 1831 Μὴ
1717 1795 1820 1821 λυπεῖτε
1836 1793 1862 1819 τὺ

1083 1837 1195 1874 Πνεῦμα
1217 1838 1248 1865 τὸ
1274 1839 1360 1873 ἅγιον,
1381 1840 1411 1865 ὲν
1433 1835 1454 1873 ᾧ
1477 1839 1680 1876 ἐσφραγίσθητε
1703 1841 1743 1872 εἰς
1765 1839 1862 1876 ἡμέραν

1083 1883 1325 1920 ἀπολυτρώσεως.)
1347 1884 1387 1911 Τὰ
1398 1885 1426 1911 δὲ
1439 1886 1576 1920 κτίσματα
1588 1886 1642 1922 (89)
1654 1887 1684 1913 ὲν
1698 1886 1782 1922 τούτῳ
1797 1885 1862 1921 χρίε-

1083 1937 1127 1956 ται
1149 1930 1197 1957 καὶ
1221 1929 1399 1966 σφραγίςεται
1411 1940 1417 1946 ·
1445 1931 1468 1957 εί
1485 1931 1514 1957 δὲ
1528 1931 1562 1958 τὰ
1578 1932 1716 1967 κτίσματα
1735 1933 1764 1958 ἐν
1783 1930 1861 1964 τούτῳ

1087 1976 1192 2010 χρίεται
1207 1976 1254 2002 καὶ
1268 1976 1455 2012 σφραγίζεται,
1468 1978 1517 2004 οὐκ
1531 1977 1563 2004 ἂν
1577 1978 1618 2013 εἴη
1633 1979 1736 2014 κτίσμα
1750 1978 1778 2004 τὸ
1789 1975 1862 2003 Πνεῦ-

1088 2030 1127 2056 μα
1137 2030 1144 2038 ·
1160 2022 1191 2048 οὑ
1207 2022 1261 2057 γὰρ
1275 2022 1365 2058 ὅμοιον
1375 2023 1405 2049 τὸ
1417 2023 1492 2059 χρίον
1506 2023 1559 2049 τῶν
1572 2024 1723 2060 χρωμένων
1739 2023 1802 2059 (90).
1813 2021 1860 2048 Καὶ

1087 2068 1142 2103 γὰρ
1154 2068 1184 2093 τὸ
1198 2067 1302 2103 χρίσμα
1314 2068 1393 2095 τοῦτο
1407 2069 1475 2104 πνοή
1494 2070 1551 2095 ἐστι
1565 2068 1612 2095 τοῦ
1636 2069 1701 2095 Υίοῦ
1714 2078 1720 2084 ·
1738 2069 1804 2095 ὥστε
1821 2066 1861 2093 τὸν

1089 2113 1184 2148 ἔχοντα
1199 2113 1230 2140 τὸ
1247 2113 1359 2149 Πνεῦμα
1371 2113 1468 2142 λὲνειν·
1487 2124 1495 2140 ι
1507 2114 1625 2150 Χριστοῦ
1641 2115 1739 2142 εὐωδία
1751 2113 1837 2149 ὲσμέν.
1850 2122 1858 2136 ι

1111 2217 1133 2233 ⁷⁸
1147 2215 1158 2243 I
1173 2215 1254 2245 Joan.
1267 2225 1299 2248 tt,
1315 2217 1360 2244 Τί.
1398 2218 1422 2234 ⁸⁸
1436 2217 1488 2245 lsa.
1505 2225 1562 2250 ut,
1576 2217 1601 2245 I.
1652 2217 1674 2233 "
1690 2216 1788 2252 Ephes.
1801 2212 1859 2247 t,l5.

1051 2351 1073 2379 Ι)
1084 2349 1099 2376 ὃ
1113 2355 1176 2376 ante
1189 2349 1301 2377 ἐλάϐετε
1317 2350 1393 2378 deest
1410 2351 1436 2377 in
1451 2350 1532 2378 Basil.

1124 2384 1181 2420 (87)
1194 2384 1237 2420 Sic
1251 2385 1350 2420 Regius
1361 2392 1387 2412 et
1404 2386 1514 2420 chuer.
1530 2385 1610 2417 Editi.
1624 2386 1751 2412 διδάσκει.
1767 2384 1859 2420 Ibidem

1087 2420 1161 2457 gini,
1171 2417 1378 2457 6t6iqxsft’iui;
1393 2421 1423 2447 τὸ
1435 2417 1556 2456 Πνεῦμα.
1571 2421 1636 2457 Reg.
1654 2426 1681 2448 et
1698 2420 1818 2455 Seguer.,
1831 2417 1859 2444 τὸ

1088 2455 1296 2491 Πνεῦμα-αὺτοῦ
1313 2456 1431 2483 διδάσκει
1447 2457 1527 2491 ὑμᾶς.

1123 2490 1178 2524 (88)
1201 2489 1229 2516 In
1246 2490 1408 2526 Goblei-iano
1424 2496 1450 2518 et
1467 2489 1583 2518 Felckm.
1606 2492 1703 2526 primo.
1718 2491 1791 2526 deest
1811 2494 1857 2514 v0!

1087 2525 1223 2560 προφήτῃ.
1248 2525 1309 2553 Mox
1325 2525 1424 2559 Regius
1440 2533 1467 2553 et
1488 2524 1670 2561 Seguerianus
1684 2547 1691 2558 ,
1708 2524 1738 2553 οὗ
1753 2525 1856 2551 εἵνεκεν.

1087 2559 1168 2588 Iiditi.
1184 2561 1214 2588 οὗ
1228 2562 1329 2588 ἕνεκεν.
1345 2560 1444 2587 Ibidem
1458 2566 1518 2588 post
1530 2564 1543 2588 6
1557 2561 1672 2588 Παῦλος.
1688 2557 1783 2588 desunt
1797 2559 1856 2585 haec,

1087 2569 1168 2593 nam,
1184 2569 1214 2589 οῡ
1228 2569 1329 2588 ενεκεν.
1346 2569 1444 2587 mntem
1458 2569 1518 2595 post
1530 2569 1543 2588 ο
1557 2569 1672 2593 ιιαυλος,
1688 2569 1783 2588 desunt
1797 2569 1856 2585 mre,

1087 2595 1114 2635 δὲ
1132 2596 1243 2635 γράφει,
1260 2596 1287 2635 Ψ
1301 2597 1381 2635 editis
1396 2597 1465 2635 et_in
1482 2597 1741 2635 quibusdam_is.,
1754 2593 1797 2635 sed
1816 2593 1858 2635 ba:

1091 2631 1239 2660 hentur'in
1262 2631 1346 2665 Regio
1366 2635 1394 2658 et
1420 2631 1597 2665 chueriano.
1623 2631 1721 2657 Ibidem
1742 2631 1857 2665 καςευιξο

1090 2667 1284 2698 πιστεύσαντες
1303 2661 1381 2693 deest
1409 2665 1435 2692 itt
1453 2661 1560 2693 Coltler.
1583 2671 1608 2693 et
1631 2665 1719 2693 Felck.
1733 2665 1757 2691 1.
1780 2661 1856 2689 Paulo

1089 2707 1150 2736 post
1165 2702 1287 2735 Semen,
1302 2701 1416 2736 λυπῆτε.

1125 2738 1181 2772 (89)
1201 2737 1295 2768 Basi|.,
1313 2737 1460 2772 χρίσματα,
1477 2741 1504 2764 et
1519 2736 1558 2763 sic
1574 2743 1647 2762 mox.

1125 2767 1180 2806 (90)
1200 2773 1244 2799 Sic
1261 2767 1383 2806 Regi-us;
1396 2771 1508 2805 Seguer.
1533 2770 1700 2800 Basilicusis.
1717 2767 1784 2796 Editi
1797 2771 1854 2792 vero

1089 2812 1115 2834 et
1129 2807 1229 2841 caeteri,
1243 2807 1289 2834 τοῦ
1304 2806 1461 2843 χρωμένου.

287 2840 342 2883 ('86)
361 2840 419 2874 iui-sv
435 2844 510 2873 deest
529 2844 555 2872 in
571 2842 679 2871 Goblcr.
691 2841 814 2870 ethlck.
834 2841 857 2868 ι.
871 2840 957 2868 Paulo
974 2843 1035 2874 post
