1974 3037
140 123 192 151 619

665 120 833 148 EPISTULA
851 119 883 146 ill
900 119 945 146 AD
969 117 1196 146 SEBAPIONEM'.

1700 115 1752 143 630

141 181 196 206 Καὶ
213 179 268 214 (91)
292 181 312 215 ἠ
335 180 449 215 σφραγὶς
471 180 499 206 δὲ
524 181 569 206 τὸν
597 180 660 207 Υίδν
677 180 798 211 ὲκτυποῖ,
815 179 854 210 ὡς
877 179 918 205 τὸν

974 177 1075 205 mus“.
1097 186 1106 202 ι
1120 176 1205 203 Porro
1220 174 1388 210 signaculum
1410 173 1506 200 Filium
1521 172 1657 208 exprimit,
1672 171 1708 199 ita
1723 177 1752 200 ut

141 225 357 261 σφραγιζόμενον
374 226 445 261 ἔχειν
465 226 513 261 τὴν
535 227 580 253 τοῦ
603 227 720 262 Χριστοῦ
745 226 862 262 μορφὴν,
879 226 922 251 λέ-

139 280 234 306 γοντος
258 271 303 298 τοῦ
326 271 501 298 ’Ἀττοει-τόλου⁸
523 281 532 297 ‹
548 273 648 299 Τεκνία
676 281 745 308 μου,
769 272 815 304 οὒς
842 272 922 299 πάλιν

138 317 227 344 ὠδίνω
241 317 294 352 (92)
307 337 314 348 ,
334 317 429 353 μέχρις
446 314 475 344 οὗ
494 318 623 354 μορφωθῇ
643 319 758 354 Χριστὸς
775 319 804 345 ἐν
824 319 896 353 ὑμῖν.
910 327 919 344 ι

138 364 171 390 Et
187 363 215 389 δὲ
232 363 262 390 τὸ
276 364 386 398 Πνεῦμα
402 363 498 390 εὐωδία
512 365 558 391 καὶ
579 365 668 400 μορφὴ
687 364 733 391 τοῦ
758 364 822 391 Υίοῦ
838 366 921 395 ἐστιν,

138 409 258 445 εὗδηλον,
271 409 308 442 ὡς
325 410 375 436 οὐκ
392 409 424 438 ἄν
445 410 487 444 εἴη
508 410 538 436 τὺ
559 410 670 445 Πνεῦμα
692 410 810 446 κτίσμα·
829 410 921 445 ἐπειδὴ

138 455 186 481 καὶ
202 455 218 481 ὅ
234 454 307 486 Υἱὸς,
323 455 351 481 ἐν
368 456 458 490 μορφῇ
473 454 519 481 τοῦ
534 455 639 490 Πατρὺς
653 456 851 491 ὑπάρχων,οὐκ
865 455 922 481 ἐστι

137 501 249 535 κτίσμα.
276 501 330 527 Καὶ
348 500 401 537 γὰρ
421 501 513 537 ὥσπερ
538 501 552 527 6
575 501 703 537 ἑωρακὼς
725 502 769 528 τὸν
784 502 847 528 Υἱὺν
871 502 921 537 ὁρᾷ

136 548 183 573 τὸν
201 547 320 582 Πατέρα,
331 547 416 578 οὕτως
429 548 443 574 6
458 547 488 574 τὸ
503 546 615 582 Πνεῦμα
634 548 663 574 τὸ
683 547 759 582 ἅγιον
777 548 844 582 ἔχων
866 548 921 583 ἔχει

137 593 182 619 τὸν
198 592 272 624 Υίὸν,
287 593 334 619 καὶ
351 592 419 627 ἔχων
435 593 515 619 αὑτὸν
530 593 596 628 (θῦ),
615 593 678 625 ναὸς
695 593 742 620 τοῦ
765 593 831 620 Θεοῦ
847 593 920 626 ἐστι,

136 638 287 673 γράφοντος
301 637 347 664 τοῦ
365 638 412 673 μὲν
425 638 545 664 Παύλου-
564 648 573 664 ι
588 639 644 665 Οὐκ
667 639 754 665 οἴδατε
768 659 774 670 ,
801 639 841 665 ὅτι
860 639 921 670 ναὸς

136 683 184 710 τοῦ
197 683 263 710 Θεοῦ
274 683 345 716 ἐστε,
355 684 401 710 καὶ
413 683 444 710 τὸ
455 684 566 720 Πνεῦμα
577 684 623 711 τοῦ
633 684 700 711 Θεοῦ
708 686 777 711 οίκεῖ
789 686 816 712 ἐν
829 686 901 720 ὑμῖν·
909 695 918 711 ι

136 729 151 755 6
166 728 195 755 δὲ
218 728 342 764 Ἰωάννης
368 729 423 765 (94)
446 730 543 765 φησίν·
561 739 570 755 ι
586 730 629 756 Ἑν
642 731 728 766 τούτῳ
742 731 919 766 γινώσκομεν,

136 775 178 801 ὅτι
193 776 223 801 ἐν
242 775 279 810 τῷ
298 775 357 810 Θεῷ
378 776 504 811 μένομεν,
526 777 571 803 καὶ
594 777 674 808 αὐτὸς
689 778 717 804 ὲν
737 777 812 812 ἡμῖν,
829 777 869 804 ὅτι
889 778 921 803 ἐκ

135 818 183 846 τοῦ
197 819 354 855 Πνεῦμα-τος
377 820 459 847 αὐτοῦ
478 820 592 847 δέδωκεν
612 821 687 856 ἡμῖν.
701 831 710 847 ι
731 822 761 848 Ei
780 821 808 848 δὲ
825 823 840 848 6
857 821 921 853 Υἱὸς

973 222 1045 258 quod
1060 223 1183 258 signatur
1197 221 1296 248 Christi
1312 219 1426 247 formam
1446 219 1550 251 haheat,
1566 218 1670 245 dicente
1680 217 1752 251 Apo-

973 269 1064 297 stolo:
1084 280 1092 294 ι
1112 267 1200 295 Filioli
1221 267 1283 299 mei,
1300 273 1368 300 quos
1391 265 1488 291 iterum
1516 263 1648 298 parturio,
1665 263 1751 289 donec

973 315 1105 342 formetur
1123 313 1248 342 Christus
1272 313 1298 339 in
1325 312 1401 338 vobis
1414 312 1447 338 ⁸⁸.
1469 320 1477 336 ι
1502 309 1578 343 Quod
1592 309 1613 336 si
1634 308 1751 343 Spiritus

972 359 1060 387 bonus
1077 359 1145 386 odor
1159 363 1186 385 et
1210 357 1296 384 l‘orma
1314 356 1374 383 Filii
1390 362 1441 387 est,
1455 355 1544 390 palam
1564 358 1606 381 est
1620 353 1756 388 Spiritum-

973 411 1026 430 non
1040 411 1100 430 esse
1111 407 1274 434 creaturam,
1290 400 1508 436 quandoquidem
1519 407 1568 426 nec
1579 398 1675 429 Filius,
1688 405 1749 425 cum

973 448 1000 475 in
1018 448 1105 476 forma
1120 447 1209 475 Patris
1224 448 1269 478 sit,
1286 451 1327 474 est
1350 450 1485 473 creatura.
1511 444 1587 472 Sicut
1609 444 1681 472 enim
1704 444 1756 478 qui.

972 494 1043 521 videt
1059 493 1157 520 Filium
1179 493 1252 520 videt
1266 492 1371 519 Patrem
1386 500 1393 525 ;
1407 491 1447 519 sic
1462 491 1507 526 qui
1524 490 1603 518 habet
1621 490 1750 524 Spiritum

973 542 1108 568 sanctum.
1127 537 1208 564 habet
1223 541 1250 563 et
1263 536 1372 568 Filium,
1387 542 1413 563 et
1428 537 1450 563 si
1469 536 1550 563 habet
1572 535 1658 566 illum.
1683 540 1756 564 tem--

972 583 1045 618 plum
1062 588 1103 610 est
1125 582 1183 614 Dei,
1203 586 1232 609 ut
1258 582 1358 609 Paulus
1382 581 1495 609 scribit:
1524 590 1533 606 ι
1553 579 1668 608 Nescitis
1686 580 1751 616 quia

973 630 1101 664 templum
1124 629 1170 656 Dei
1191 630 1266 660 estis,
1282 632 1308 655 et
1328 628 1445 663 Spiritus
1464 627 1511 654 Dei
1529 627 1632 654 habitat
1651 627 1677 654 in
1700 634 1750 654 vo-

972 675 1013 702 bis
1024 675 1058 700 ".
1075 684 1084 701 ι
1097 673 1215 701 Joannes
1231 676 1321 700 autem
1333 673 1390 700 ait:
1413 681 1422 698 ι
1441 671 1471 699 ln
1486 672 1537 699 hoc
1550 672 1749 706 cognoscimus,

972 721 1099 756 quoniam
1114 720 1141 747 in
1165 719 1221 747 Deo
1239 727 1390 752 manemus,
1413 723 1439 746 et
1456 718 1513 753 ipse
1528 719 1555 745 in
1572 718 1667 745 nobis:
1682 725 1751 752 quo-

971 767 1044 793 niam
1062 766 1096 793 de
1121 765 1223 801 Spiritu
1241 773 1291 792 suo
1307 765 1381 792 dedit
1402 763 1480 791 nobis
1491 763 1523 790 ⁸⁸.
1549 773 1558 790 ι
1575 763 1650 796 Quod
1667 763 1690 790 si
1704 763 1750 790 Εἰ-

972 811 1038 838 lium
1053 810 1116 845 quia
1131 810 1158 837 in
1180 809 1259 837 Patre
1279 814 1330 842 est,
1349 813 1376 836 et
1391 807 1471 835 Pater
1490 808 1517 835 in
1533 807 1601 843 ipso,
1624 807 1751 836 conﬁtea-

136 865 166 891 ἑν
180 866 219 901 τῷ
236 866 323 901 Πατρὶ
337 865 385 898 ὢν,
405 867 434 893 ἐν
450 863 473 901 ᾧ
495 868 551 894 ἐστι
572 868 619 895 καὶ
637 869 650 895 6
673 868 767 904 Πατὴρ
778 887 785 899 ,
817 867 918 903 ὡμολο-

971 864 1032 883 mur
1046 863 1099 882 non
1115 863 1176 882 esse
1190 859 1341 882 creaturam
1354 862 1361 887 ;
1380 861 1492 888 prorsus
1507 861 1618 881 necesse
1634 857 1752 886 est,'nec

135 910 206 946 γήθη
222 911 258 946 μὴ
272 910 341 937 εἶναι
353 911 466 946 κτίσμα,
480 911 586 947 ἀνάγκη
602 913 675 938 πᾶσα
688 912 754 948 μηδὲ
767 912 796 938 τὸ
808 911 919 947 Πνεῦμα

137 954 206 982 εἶναι
223 956 324 991 κτίσμα
335 965 341 971 ·
366 956 394 982 ἐν
409 956 482 992 αὐτῷ
499 957 552 993 γάρ
568 958 640 984 ἐστιν
656 959 670 984 6
684 957 756 990 Υἱὸς,
776 958 823 984 καὶ
840 958 920 990 αὐτὸς

137 1003 166 1027 ὲν
181 1001 220 1036 τῷ
237 1001 302 1036 Υἱῷ.
319 1001 365 1028 Διὸ
377 1003 423 1028 καὶ
438 1004 452 1029 6
466 1003 496 1029 τὸ
507 1002 618 1038 Πνεῦμα
634 1002 781 1038 λαμϐάνων
794 1004 855 1035 ναὸς
873 1003 918 1030 τοῦ

137 1046 205 1072 Θεοῦ
218 1047 390 1082 χρηματίζει.
410 1048 493 1074 Πάλιν
509 1048 536 1074 δὲ
548 1049 602 1075 κάκ
620 1049 714 1075 τούτου
730 1049 785 1085 (95)
807 1050 919 1076 συνιδεῖν

137 1091 230 1123 καλὸν,
244 1093 268 1118 ει
285 1091 358 1119 ἐστιν
372 1093 386 1119 ὀ
397 1093 459 1124 Υἱὸς
471 1093 517 1119 τοῦ
529 1093 595 1119 Θεοῦ
613 1094 708 1128 Λόγος,
723 1094 760 1125 ὼς
772 1094 865 1130 Πατὴρ
880 1092 919 1126 εἷς

137 1138 221 1166 ἐστιν.
241 1148 250 1164 ι
265 1135 312 1170 Εἷς
326 1140 380 1174 γὰρ
395 1139 471 1171 Θεὸς,
489 1139 519 1172 ἐξ
533 1136 563 1166 οὗ
580 1139 614 1166 τὰ
629 1141 726 1172 πάντα,
744 1141 792 1167 καὶ
807 1138 847 1172 εἷς
861 1140 918 1167 Κύ-

138 1193 195 1220 ριος
218 1185 321 1220 Ἰησοῦς
347 1186 501 1222 Χριστός-ι
529 1186 569 1213 διὸ
599 1188 646 1214 καὶ
677 1187 824 1223 μονογενὴς
856 1187 919 1220 Υἱὸς

137 1231 245 1266 εἴρηται
259 1231 305 1258 καὶ
328 1231 481 1266 γέγραπται
494 1241 501 1248 ⁷
521 1232 555 1259 τὰ
571 1233 600 1259 δὲ
622 1233 757 1268 χτίσματα
773 1233 858 1260 πολλὰ
872 1234 919 1261 καὶ¹

136 1276 264 1311 διάφορα,
284 1277 416 1312 ἄγγελοι,
443 1278 615 1313 ἀρχάγγελοι,
639 1279 790 1314 χερουὸὶμ,
816 1280 918 1315 ἀρχαὶ,

137 1322 271 1355 ἐξουσίαι,
283 1324 331 1349 καὶ
348 1323 381 1350 τὰ
398 1323 476 1356 ἄλλα,
492 1323 586 1359 ὥσπερ
601 1324 716 1360 εἴρηται.
730 1325 762 1351 Et
772 1325 810 1358 δὲ,
819 1326 859 1352 ὅτι
871 1326 920 1352 οὐκ

136 1368 194 1394 ἔστι
208 1368 262 1395 τῶν
280 1368 384 1396 πολλῶν
400 1370 414 1395 6
434 1369 508 1402 Υίδς,
523 1360 587 1397 ἀλλ”
601 1368 642 1402 εἷς
663 1372 745 1405 ἐστιν,
767 1371 805 1404 ὡς
825 1372 919 1408 Πατὴρ

135 1409 176 1444 εἷς
190 1413 259 1446 ἐστι,
274 1414 320 1440 καὶ
345 1415 395 1441 οὐκ
419 1414 476 1441 ἔστι
494 1415 549 1450 (96)
567 1416 680 1451 κτίσμα,
702 1416 810 1449 πάντως
827 1418 874 1444 καὶ
889 1418 920 1444 τὸ

135 1458 249 1494 Πνεῦμα
265 1460 335 1496 (χρὴ
351 1460 405 1496 γὰρ
422 1461 475 1487 ἀπὸ
490 1461 538 1487 τοῦ
558 1461 624 1488 Υἱοῦ
647 1462 793 1498 λαμϐάνειν
808 1464 855 1490 καὶ
871 1463 919 1500 τὴν

135 1507 200 1542 περὶ
216 1506 264 1534 τοῦ
281 1507 439 1542 Πνεῦματος
448 1507 564 1543 γνῶσιν)
578 1508 628 1534 οὐκ
645 1508 679 1535 ἂν
697 1508 739 1544 εἴη
751 1509 862 1545 κτίσμα.
881 1509 917 1536 Οὐ
932 1522 953 1550 c

134 1552 191 1588 γὰρ
202 1552 257 1579 τῶν
274 1553 380 1580 πολλῶν
393 1554 467 1580 ἐστιν
479 1573 486 1585 ,
499 1553 556 1580 ἀλλ’
568 1553 597 1580 ἓν
612 1554 670 1580 ἐστι
688 1555 735 1581 καὶ
753 1555 829 1582 αὑτό.

173 1598 200 1626 4.
221 1599 275 1626 Καὶ
289 1599 368 1626 τοῦτο
381 1598 451 1626 οἶδεν
466 1600 480 1626 6
499 1600 657 1632 ’Δπόστολος
673 1601 761 1636 λέγων
772 1611 778 1618 ·
805 1612 814 1628 ι
826 1603 918 1630 Ταῦτα

134 1644 164 1671 δὲ
180 1645 269 1672 πάντα
288 1645 396 1681 ἐνεργεῖ
409 1646 439 1673 τὸ
460 1646 488 1672 ἒν
511 1647 557 1673 καὶ
581 1647 611 1673 τὸ
626 1647 692 1674 αὐτὸ
709 1648 829 1684 Πνεῦμα,
852 1649 919 1676 διαι-

136 1691 202 1726 ροῦν
220 1691 272 1726 ἰδίᾳ
284 1692 390 1727 ἑκάστῳ
403 1692 494 1724 καθὼς
510 1692 635 1728 βούλεται
645 1702 668 1719 ⁸)
688 1694 734 1720 καὶ
749 1696 807 1729 μετ’
823 1695 900 1729 ὀλίγα
910 1703 917 1711 '

137 1745 147 1762 ο
166 1737 210 1763 Ἐν
224 1737 263 1764 ἑνὶ
286 1737 341 1772 (97)
365 1738 502 1773 Πνεῦματι
523 1740 603 1774 ἡμεῖς
626 1739 726 1771 πάντες
740 1740 780 1771 είς
796 1740 824 1766 ἓν
840 1741 918 1776 σῶμα

133 1781 346 1816 ἐσαπτίσοημεν,
360 1782 406 1808 καὶ
422 1783 521 1815 πάντες
535 1783 563 1810 ἒν
576 1783 687 1819 Πνεῦμα
702 1784 882 1820 ἐποτίσθημεν
893 1793 915 1811 Ἱ

133 1827 182 1852 καὶ
206 1826 297 1858 πάλιν,
314 1826 408 1862 ἐπειδὴ
426 1828 458 1854 ἐκ
480 1827 528 1853 τοῦ
554 1827 619 1854 Υἱοῦ
638 1827 679 1854 δεῖ
699 1829 847 1864 λαμϐάνειν
870 1830 918 1866 τὴν

132 1871 198 1906 περὶ
212 1871 260 1898 τοῦ
279 1872 437 1907 Πνεῦματος
457 1872 566 1906 γνῶσιν,
583 1874 685 1909 πρέπον
702 1874 734 1901 ἂν
742 1875 783 1909 εἴη
797 1874 825 1908 ἐξ
836 1875 917 1902 αὐτοῦ

131 1915 238 1948 καὶτὰς
250 1916 398 1948 ἀποδείξεις
408 1917 565 1952 προφέρειν.
576 1918 716 1953 Πανταχοῦ
723 1919 810 1946 τοίνυν
819 1920 890 1947 ἐστὶν
904 1921 919 1947 6

131 1961 207 1994 Υἱὸς,
216 1963 244 1989 ὲν
262 1962 347 1998 Πατρὶ
358 1963 411 1998 γὰρ
425 1963 473 1995 ὢν,
481 1964 527 1989 καὶ
539 1963 583 1990 τοῦ
595 1964 699 1999 Πατρὸς
707 1964 780 1997 ὄντος
795 1966 824 1991 ὲν
834 1965 916 2001 αὐτῷ.

131 2006 223 2034 Πάντα
231 2007 285 2044 γὰρ
304 2009 399 2043 κρατεῖ
423 2009 469 2034 καὶ
484 2008 588 2044 συνέχει
600 2029 607 2040 ,
630 2010 676 2036 καὶ
692 2010 917 2046 γέγραπται(98),

130 2052 171 2079 ὅτι
191 2062 200 2078 ι
218 2054 262 2079 Ἐν
286 2053 360 2089 αὐτῷ
391 2054 539 2090 συνέστηκε
565 2055 599 2081 τὰ
625 2055 713 2082 πάντα
729 2065 737 2081 ι
755 2056 809 2082 εἴτε
834 2058 919 2092 ὁρατὰ

132 2099 187 2125 εἴτε
203 2098 318 2134 ἀόρατα,
334 2109 342 2125 ι
355 2099 402 2126 καὶ
422 2100 503 2131 αὐτὸς
524 2101 582 2127 ἐστι
597 2101 650 2136 πρὸ
671 2101 789 2128 πάντων.
806 2111 816 2128 ι
838 2103 877 2128 Τὰ
890 2103 918 2129 δὲ

131 2144 268 2178 κτίσμα-ια
284 2145 313 2171 ὲν
329 2146 543 2180 μεμερισμένοις
559 2146 652 2177 τόποις
668 2147 742 2173 ἐστίν
758 2147 812 2182 (99)
823 2156 830 2163 ’
845 2148 918 2183 ἥλιος

971 902 1101 937 Spiritum
1115 900 1195 936 554.
1219 908 1279 928 esse
1302 904 1473 928 creaturam:
1500 898 1527 926 in
1549 899 1609 934 ipso
1633 906 1752 934 namque

969 948 1056 975 Filius
1070 952 1121 980 est,
1139 952 1166 974 et
1181 947 1238 981 ipse
1254 947 1281 974 in
1299 945 1379 974 Filio.
1397 945 1566 981 Quapropter
1591 945 1637 980 qui
1662 945 1750 979 Spiri-

971 999 1028 1021 tum
1045 993 1154 1028 accipit,
1176 993 1306 1028 templum
1330 992 1376 1019 Dei
1393 994 1443 1018 est.
1469 991 1587 1018 Rursum
1612 990 1675 1017 hinc
1693 997 1750 1017 rem

969 1041 1182 1068 animadvertere
1209 1040 1286 1072 licet,
1312 1039 1334 1066 si
1361 1038 1446 1066 Filius
1482 1037 1530 1064 Dei
1555 1036 1672 1064 Verbum
1697 1041 1749 1069 est,

969 1095 1040 1114 unus
1061 1092 1102 1114 est
1123 1086 1202 1114 sicuti
1216 1086 1306 1113 Pater.
1333 1095 1342 1111 ι
1369 1084 1446 1112 Unus
1458 1084 1529 1111 enim
1556 1083 1627 1110 Deus
1645 1090 1677 1110 ex
1695 1090 1750 1117 quo

969 1133 1071 1164 omnia,
1087 1137 1113 1159 et
1129 1140 1200 1159 unus
1214 1131 1344 1158 Dominus
1357 1129 1436 1157 Jesus
1451 1129 1576 1157 Christus
1586 1129 1608 1144 "
1622 1137 1629 1155 :
1651 1137 1660 1154 ι
1677 1128 1751 1155 ideo-

970 1186 1023 1214 que
1039 1179 1195 1214 unigenitus
1209 1177 1294 1205 Filius
1306 1177 1395 1204 dictus
1405 1175 1576 1210 scriptusque
1591 1179 1633 1202 est
1647 1183 1654 1201 :
1673 1182 1750 1202 crea-

968 1229 1036 1252 turae
1052 1229 1142 1252 autem
1157 1224 1248 1251 multa:
1263 1230 1295 1251 ac
1315 1222 1396 1250 variat
1411 1226 1474 1249 sunt
1490 1230 1496 1248 :
1515 1221 1612 1256 angeli,
1636 1221 1752 1248 archan-

969 1269 1030 1305 geli,
1051 1269 1201 1302 cherubim,
1226 1269 1404 1304 principatus,
1422 1272 1449 1295 et
1472 1265 1577 1300 caetera,
1593 1267 1632 1294 uti
1647 1267 1748 1294 dictum

968 1318 1019 1341 est.
1037 1313 1115 1347 Quod
1136 1315 1159 1341 si
1183 1315 1247 1349 quia
1271 1313 1357 1341 Filius
1381 1321 1435 1340 non
1460 1317 1501 1340 est
1524 1313 1681 1345 multorum,
1702 1312 1748 1338 sed

969 1368 1040 1388 unus
1051 1364 1102 1394 est,
1118 1360 1198 1388 sicuti
1215 1360 1295 1387 Pater
1311 1364 1352 1387 est
1367 1367 1448 1391 unus,
1468 1367 1521 1386 non
1545 1364 1586 1387 est
1603 1363 1725 1386 creatura
1740 1368 1748 1392 ;

969 1413 1033 1440 ergo
1051 1413 1101 1434 nec
1124 1405 1242 1440 Spiritus
1267 1411 1377 1433 sanctus
1390 1404 1400 1437 (
1412 1409 1518 1439 oportet
1533 1406 1605 1433 enim
1623 1413 1656 1433 ex
1680 1404 1753 1432 Filio

970 1450 1088 1486 Spiritus
1111 1452 1197 1479 sancti
1214 1451 1322 1486 assequi
1345 1452 1488 1486 notitiam)
1506 1456 1629 1479 creatura
1657 1450 1747 1478 fuerit.

969 1495 1028 1523 Non
1042 1496 1115 1524 enim
1129 1496 1277 1524 multorum
1295 1500 1346 1529 est,
1359 1496 1404 1524 sed
1423 1504 1493 1524 unus
1507 1500 1549 1524 est
1564 1501 1591 1524 et
1605 1496 1673 1531 ipse.

1003 1597 1031 1624 ι.
1045 1595 1078 1623 Ει.
1092 1596 1145 1624 hoc
1154 1596 1237 1631 probe
1253 1600 1332 1624 norat
1350 1596 1492 1631 Apostolus
1513 1596 1559 1631 qui
1574 1596 1630 1623 ait:
1649 1605 1659 1621 ι
1686 1595 1752 1623 llaec

968 1647 1058 1669 autem
1075 1643 1168 1670 omnia
1184 1646 1312 1677 operatur
1333 1650 1405 1670 unus
1426 1646 1506 1677 atque
1523 1642 1593 1670 idem
1620 1641 1747 1677 Spiritus,

968 1687 1092 1716 dividens
1107 1688 1219 1723 singulis
1230 1691 1310 1723 prout
1324 1688 1381 1715 vult
1392 1688 1428 1715 ἐς
1445 1698 1454 1714 ι
1465 1692 1491 1715 et
1507 1688 1585 1723 paulo
1594 1692 1654 1723 post
1668 1696 1674 1714 :
1693 1697 1702 1712 ι
1718 1686 1747 1714 ln

968 1742 1024 1762 uno
1049 1735 1151 1770 Spiritu
1174 1742 1268 1762 omnes
1284 1742 1334 1762 nos
1352 1735 1379 1761 in
1396 1742 1480 1761 unum
1497 1741 1596 1769 corpus
1620 1734 1748 1768 baptizati

968 1789 1084 1810 sumus:
1102 1786 1129 1808 et
1151 1789 1246 1808 omnes
1268 1788 1323 1808 uno
1338 1780 1441 1816 Spiritu
1464 1781 1549 1816 potati
1574 1788 1668 1808 sumus
1680 1781 1715 1808 ⁸⁵.
1735 1791 1744 1806 ι

967 1828 1006 1854 Ac
1022 1834 1142 1858 rursum,
1156 1827 1285 1862 quoniam
1299 1834 1331 1854 ex
1351 1825 1420 1854 Filio
1436 1826 1553 1861 Spiritus
1569 1826 1686 1860 cognitio
1702 1833 1748 1853 ac-

968 1873 1090 1908 cipienda
1105 1877 1157 1904 est,
1177 1872 1303 1900 convenit
1317 1873 1395 1899 etiam
1412 1879 1445 1899 ex
1468 1873 1526 1906 ipso
1541 1871 1748 1899 demonstratim

969 1926 1017 1946 nes
1032 1919 1164 1954 proferre.
1178 1918 1260 1954 Igitur
1274 1918 1375 1953 ubique
1389 1917 1475 1945 Filius
1489 1921 1529 1945 est
1544 1925 1605 1945 cum
1621 1917 1647 1944 in
1668 1916 1747 1944 Patre

969 1965 1014 1996 sit,
1030 1969 1056 1992 et
1070 1963 1149 1992 Pater
1165 1964 1192 1991 in
1210 1965 1278 1999 ipso.
1295 1962 1362 1991 Nam
1379 1964 1471 1990 omnia
1482 1967 1564 1990 .tenet
1582 1966 1608 1990 et
1627 1963 1747 1998 comple<

968 2010 1050 2037 ctitur
1063 2019 1070 2036 :
1081 2010 1265 2044 scriptumque
1278 2013 1337 2036 est:
1350 2018 1359 2034 ι
1371 2001 1400 2034 in
1409 2008 1468 2043 ipso
1482 2007 1573 2035 omnia
1587 2012 1722 2040 constant,
1730 2010 1746 2034 ἰ

968 2063 1030 2083 cum
1061 2055 1177 2083 visibilia
1202 2059 1258 2082 tum
1273 2053 1417 2081 invisibilia
1432 2073 1439 2086 ,
1454 2062 1463 2079 ι
1481 2058 1508 2080 et
1533 2053 1591 2088 ipse
1617 2057 1659 2080 est
1686 2056 1746 2080 ante

969 2109 1062 2128 omnes
1075 2101 1108 2128 9°.
1132 2110 1141 2127 ι
1155 2101 1290 2128 Creaturze
1302 2104 1391 2127 autent
1414 2100 1441 2126 in
1463 2099 1556 2126 divisis
1573 2102 1636 2126 sunt
1660 2099 1745 2126 locis:

969 2148 1010 2175 sol
1024 2147 1134 2182 quidem
1155 2152 1182 2174 et
1199 2147 1265 2174 luna
1288 2151 1438 2181 cteteraque
1454 2145 1596 2182 luminaria
1612 2145 1638 2172 in
1657 2144 1741 2171 ﬁrma-

132 2189 182 2224 μὲν
198 2189 245 2216 καὶ
259 2190 356 2226 σελήνη
372 2191 420 2217 καὶ
433 2192 457 2218 οἱ
474 2192 548 2218 ἄλλοι
561 2192 701 2228 φωστῆρες
713 2194 742 2219 ὲν
752 2192 790 2228 τῷ
801 2202 845 2220 στε
851 2194 917 2229 ρεώ-

970 2193 1112 2224 mento.'in
1128 2193 1197 2220 coelo
1215 2192 1313 2228 angeli,
1333 2196 1361 2219 et
1375 2191 1499 2218 homines
1522 2190 1549 2217 in
1564 2194 1645 2217 terra.
1671 2189 1745 2222 Quod

132 2242 208 2268 ματι,
223 2234 252 2260 ἐν
267 2235 373 2270 οὐρανῷ
388 2235 417 2261 δὲ
437 2235 558 2270 ἄγγελοι,
583 2236 630 2263 καὶ
651 2237 787 2272 ἄνθρωποι
805 2239 850 2265 ἐπὶ
867 2240 915 2275 τῆς

163 2292 187 2308 ³⁸
204 2292 226 2330 ll_
238 2293 418 2330 Δ(Ιοιξᾼιιηίδ.
455 2294 478 2310 ⁸⁸
490 2294 577 2322 Galat.
592 2303 628 2326 iv.
645 2295 687 2323 i9.
726 2296 749 2312 “‘
762 2297 771 2323 Ι
785 2297 849 2325 Cor.
868 2307 908 2330 ιιι¹

1004 2298 1027 2313 ¹⁶
1042 2297 1052 2323 l
1067 2297 1146 2325 Joan.
1163 2306 1199 2330 IV,
1218 2297 1260 2325 15.

130 2335 181 2359 xu,
217 2327 260 2354 H.
297 2328 320 2344 “
334 2328 400 2355 ibid.
416 2330 459 2355 15.
498 2330 520 2345 ³ο
536 2330 643 2358 Coloss.
660 2339 678 2363 ι,
695 2331 737 2357 17.

166 2374 222 2414 (9i)
241 2373 290 2400 Καί
305 2374 382 2414 deest
395 2376 421 2402 in
438 2375 546 2414 Gobler.
567 2382 593 2404 et
610 2377 698 2404 Felck.
714 2377 819 2414 i._Mox
832 2377 915 2414 editio

131 2408 217 2436 Paris.
231 2429 239 2441 ,
264 2409 402 2441 mendose,
416 2411 545 2446 σφράγη,
577 2417 604 2439 at
626 2413 708 2440 editio
731 2412 862 2440 Commel.
889 2416 930 2439 et"

130 2452 227 2470 omnes
245 2451 322 2479 mss..
339 2446 466 2479 σφραγίς.

167 2479 223 2513 (112)
244 2478 521 2511 Βιιείιίειιδίε,⁷ὥδινα.

166 2513 222 2551 (95)
245 2513 300 2551 Si_c_
313 2513 448 2551 Regius,‘
460 2515 661 2551 Seguerianns,
688 2516 853 2544 Basiliensis.
880 2516 914 2543 At

129 2548 193 2588 editi
204 2553 240 2588 _et
255 2548 312 2588 alii.
328 2550 374 2575 καὶ
416 2548 685 2588 ἕχωνξιὲιηιθιίψιο
699 2552 838 2588 sententia:
851 2551 915 2588 _dis—

131 2583 256 2623 erimine.
274 2583 333 2623 Mos
369 2585 417 2620 μὲν
431 2583 496 2623 ante
519 2583 733 2623 Haﬁiovlcgitur
749 2587 774 2613 in
793 2586 876 2621 Regio
889 2590 916 2613 ct

130 2618 310 2649 Segueriano,
327 2620 353 2646 in
369 2618 474 2647 ereteris
488 2625 515 2648 et
527 2621 607 2648 editis
620 2618 801 2648 desideratur.

234 2653 350 2694 'pobler.
372 2660 403 2694 et
417 2654 534 2694 Felcigm.
554 2656 586 2688 1,
632 2656 659 2694 ᾷὲ
680 2656 790 2694 Κύριος,

166 2688 221 2723 (95)
233 2688 333 2721 Regius
346 2694 373 2716 et
388 2689 557 2723 Seuuerian”
573 2691 619 2717 καὶ
634 2692 666 2717 ἐκ
680 2688 785 2719 τούτου.
801 2691 911 2722 ibidem,

177 2723 249 2760 ἐςτιν
265 2723 357 2760 ὁ-Υίὺς
370 2725 416 2751 τοῦ
430 2724 496 2752 Θεοῦ
512 2726 595 2759 Λόγος
605 2726 643 2757 ὡς
658 2726 761 2760 Πατὴρ.
772 2724 811 2757 εἷς
826 2726 909 2752 ἐστιν.

132 2759 178 2785 Sic
200 2758 265 2795 Reg.
285 2757 397 2795 Sgguer.
415 2764 441 2786 et
461 2760 516 2787 alii.
535 2757 604 2788 Editi
624 2769 689 2787 vero
709 2757 795 2795 Λόγου
811 2760 911 2787 habent

132 2794 271 2820 mendose.
300 2792 375 2821 Hunc
391 2794 479 2822 locum
504 2797 586 2825 probe
613 2792 907 2825 intellexit'Erasmns,

132 2803 271 2820 nienuose.
300 2803 375 2821 nunc
392 2803 479 2822 locum
523 2803 586 2822 rone
614 2803 741 2823 interierit
762 2803 889 2822 hrasmus
900 2815 907 2825 ,

132 2829 178 2863 qui
193 2828 244 2855 hoc
258 2828 336 2856 modo
349 2830 427 2857 vertit
438 2839 443 2858 :
453 2830 483 2858 Si
499 2803 582 2858 pilius
594 2836 631 2858 σθ’
644 2830 690 2858 Dei
709 2830 827 2864 Verbum,
842 2838 907 2858 unus

968 2240 991 2266 si
1001 2239 1087 2267 Filius
1102 2246 1164 2267 cum
1181 2247 1234 2266 non
1249 2239 1275 2266 in
1289 2238 1384 2266 divisis
1404 2236 1482 2268 locis,
1499 2236 1546 2264 sed
1564 2235 1590 2262 in
1609 2235 1688 2262 Patre
1702 2235 1736 2262 sit

1300 2297 1321 2313 ⁸τ
1351 2296 1362 2323 Ι
1378 2297 1440 2324 Cor.
1458 2303 1506 2323 vni
1519 2298 1532 2326 ,'
1551 2294 1577 2320 6.
1623 2293 1646 2308 ⁵⁸
1661 2291 1736 2319 l€or

968 2381 1006 2402 cat
1020 2377 1099 2410 sicuti
1114 2377 1201 2403 Pater.
1214 2375 1332 2403 Felckm.
1341 2383 1405 2403 vero
1415 2374 1664 2410 putavitlegendum
1676 2381 1743 2401 esse.

969 2412 999 2437 Εἰ
1018 2409 1058 2443 εἷς
1072 2413 1144 2438 ἐστιν
1159 2413 1173 2438 ὸ
1186 2411 1259 2442 Υἱός.
1278 2411 1329 2438 Sed
1353 2411 1428 2437 locus
1451 2410 1518 2437 bene
1532 2410 1627 2438 habet.
1655 2413 1735 2443 atque

967 2452 1048 2479 prout
1071 2447 1154 2480 liquet
1174 2454 1206 2473 ex
1233 2446 1302 2472 serie
1315 2465 1321 2477 ,
1348 2450 1377 2472 ut
1393 2445 1517 2480 superius
1534 2444 1678 2480 veittcndus
1694 2449 1735 2480 est

967 2478 1038 2521 Infra
1056 2478 1134 2515 Reg,
1147 2481 1303 2521 χερονῦείμ.
1322 2480 1388 2521 ibid.
1405 2478 1477 2521 haec,
1497 2479 1627 2521 βγγελρι,
1642 2478 1733 2521 ἀρχάγ

967 2516 1049 2550 γελοι,
1064 2513 1204 2551 χερουὸὶμ,
1219 2513 1509 2551 ἀρχαὶ,νέξουσίοιι,ν›εαὶ
1520 2514 1555 2551 τὰ
1567 2513 1741 2548 ἂλλα,ὥσπετ

966 2549 1193 2587 εἴρηταὶζγίιθειιιιι
1209 2549 1358 2587 ιη’(ξοωεν.
1374 2555 1401 2587 e_t
1413 2549 1502 2587 _F_‘e_lck.
1518 2549 1543 2575 1.

1001 2583 1057 2620 (96)
1079 2586 1123 2612 Sic
1137 2585 1203 2619 Reg.
1219 2589 1245 2611 et
1258 2585 1369 2619 Seguer.
1383 2584 1451 2611 Editi
1465 2591 1617 2620 perperam,
1632 2583 1681 2620 οὐκ
1692 2591 1732 2609 ετι

1001 2618 1055 2656 (97)
1077 2620 1273 2656 Seguerianus,
1291 2618 1335 2647 ᾱτν.
1362 2628 1410 2656 τι,
1428 2619 1565 2656 mendose.
1592 2618 1650 2656 mox
1660 2618 1738 2656 June.

965 2652 1012 2683 mi.
1026 2652 1125 2687 πάντεξ
1138 2655 1166 2681 ἒν
1184 2655 1294 2690 Πνεῦμα
1305 2654 1496 2690 ἐποτίσθημεν,
1505 2654 1602 2690 desunt
1616 2653 1642 2679 in
1660 2652 1738 2688 Regic

965 2692 1032 2718 solo.
1051 2691 1134 2718 Paulo
1151 2695 1211 2725 post
1227 2688 1291 2724 Reg.
1307 2694 1334 2716 et
1350 2688 1474 2725 Seguer.,
1487 2688 1645 2725 λαμῦάνειν.

1001 2727 1057 2761 (98)
1078 2725 1122 2753 Sic
1137 2723 1231 2761 omnes
1245 2723 1319 2761 mss.
1336 2729 1363 2751 et
1383 2724 1467 2751 editio
1488 2723 1633 2756 Commel.;
1657 2723 1738 2750 editie

963 2759 1027 2788 vero
1041 2761 1143 2796 Paris.1
1155 2759 1192 2791 ὡς
1210 2760 1255 2786 κα)¹
1271 2759 1433 2796 γέγραπται2

998 2796 1052 2831 (99)
1072 2795 1116 2823 Sic
1130 2795 1229 2830 Regius
1243 2799 1268 2822 et
1285 2794 1395 2830 Seguer.
1415 2794 1484 2822 Editi
1502 2802 1577 2827 vero,
1594 2794 1682 2821 εἰσιν..
