  <div class='ocr_page' id='page_1' title='image "/cluster/home/n/w/nwhite01/storage/ocr_20150623/26/njp.32101077772521/323.png"; bbox 0 0 1974 3037; ppageno 0'>
   <div class='ocr_carea' id='block_1_1' title="bbox 279 124 332 152">
    <p class='ocr_par' dir='ltr' id='par_1_1' title="bbox 279 124 332 152">
     <span class='ocr_line' id='line_1_1' title="bbox 279 124 332 152; baseline 0.038 -2"><span class='ocrx_word' id='word_1_1' title='bbox 279 124 332 152; x_wconf 69' lang='grc'><strong>1555</strong></span> 
     </span>
    </p>
   </div>
   <div class='ocr_carea' id='block_1_2' title="bbox 567 124 1892 154">
    <p class='ocr_par' dir='ltr' id='par_1_2' title="bbox 567 124 1892 154">
     <span class='ocr_line' id='line_1_2' title="bbox 567 124 1892 154; baseline -0.002 -1"><span class='ocrx_word' id='word_1_2' title='bbox 567 125 596 153; x_wconf 90' lang='lat' dir='ltr'><strong>S.</strong></span> <span class='ocrx_word' id='word_1_3' title='bbox 618 126 808 154; x_wconf 68' lang='lat' dir='ltr'><strong>ATHANASII</strong></span> <span class='ocrx_word' id='word_1_4' title='bbox 829 125 905 153; x_wconf 83' lang='lat' dir='ltr'><strong>OPP.</strong></span> <span class='ocrx_word' id='word_1_5' title='bbox 928 125 1019 152; x_wconf 76' lang='lat' dir='ltr'><strong>PARS</strong></span> <span class='ocrx_word' id='word_1_6' title='bbox 1039 125 1058 152; x_wconf 94' lang='grc' dir='ltr'>Ι.</span> <span class='ocrx_word' id='word_1_7' title='bbox 1080 139 1115 146; x_wconf 81' lang='lat'><strong>—</strong></span> <span class='ocrx_word' id='word_1_8' title='bbox 1130 124 1317 153; x_wconf 79' lang='lat' dir='ltr'><strong>IIISTORICA</strong></span> <span class='ocrx_word' id='word_1_9' title='bbox 1334 124 1378 151; x_wconf 78' lang='lat' dir='ltr'><strong>ET</strong></span> <span class='ocrx_word' id='word_1_10' title='bbox 1400 124 1611 153; x_wconf 72' lang='lat' dir='ltr'><strong>DOGMATICA.</strong></span> <span class='ocrx_word' id='word_1_11' title='bbox 1847 125 1892 152; x_wconf 68' lang='lat'><strong>€36</strong></span> 
     </span>
    </p>
   </div>
   <div class='ocr_carea' id='block_1_3' title="bbox 278 181 1066 221">
    <p class='ocr_par' dir='ltr' id='par_1_3' title="bbox 278 186 1066 221">
     <span class='ocr_line' id='line_1_3' title="bbox 278 186 1066 221; baseline -0.003 -7"><span class='ocrx_word' id='word_1_12' title='bbox 278 187 348 220; x_wconf 83' lang='lat' dir='ltr'><strong>Quid</strong></span> <span class='ocrx_word' id='word_1_13' title='bbox 373 186 446 214; x_wconf 90' lang='lat' dir='ltr'><strong>enim</strong></span> <span class='ocrx_word' id='word_1_14' title='bbox 468 186 523 213; x_wconf 88' lang='lat' dir='ltr'><strong>Deo</strong></span> <span class='ocrx_word' id='word_1_15' title='bbox 539 186 643 219; x_wconf 86' lang='lat' dir='ltr'><strong>deerat,</strong></span> <span class='ocrx_word' id='word_1_16' title='bbox 661 191 690 213; x_wconf 87' lang='grc' dir='ltr'><strong>ιιι</strong></span> <span class='ocrx_word' id='word_1_17' title='bbox 707 186 857 221; x_wconf 84' lang='lat' dir='ltr'><strong>quidquam</strong></span> <span class='ocrx_word' id='word_1_18' title='bbox 874 187 988 213; x_wconf 74' lang='lat' dir='ltr'><strong>divorsa:</strong></span> <span class='ocrx_word' id='word_1_19' title='bbox 1003 186 1066 213; x_wconf 76' lang='lat' dir='ltr'><strong>sul)-</strong></span> 
     </span>
    </p>
   </div>
   <div class='ocr_carea' id='block_1_4' title="bbox 1119 181 1892 221">
    <p class='ocr_par' dir='ltr' id='par_1_4' title="bbox 1121 181 1892 220">
     <span class='ocr_line' id='line_1_4' title="bbox 1121 181 1892 220; baseline -0.005 -9"><span class='ocrx_word' id='word_1_20' title='bbox 1121 185 1246 220; x_wconf 84' lang='grc' dir='ltr'>ἀνόμοιος</span> <span class='ocrx_word' id='word_1_21' title='bbox 1261 185 1343 219; x_wconf 81' lang='grc' dir='ltr'>ἑαυτῇ</span> <span class='ocrx_word' id='word_1_22' title='bbox 1361 185 1378 219; x_wconf 77' lang='grc' dir='ltr'>ἡ</span> <span class='ocrx_word' id='word_1_23' title='bbox 1395 184 1479 219; x_wconf 85' lang='grc' dir='ltr'>Τριὰς</span> <span class='ocrx_word' id='word_1_24' title='bbox 1490 183 1584 215; x_wconf 81' lang='grc' dir='ltr'>,ξένου</span> <span class='ocrx_word' id='word_1_25' title='bbox 1611 181 1680 214; x_wconf 72' lang='grc' dir='ltr'>τινὸς</span> <span class='ocrx_word' id='word_1_26' title='bbox 1703 181 1747 209; x_wconf 77' lang='grc' dir='ltr'>καὶ</span> <span class='ocrx_word' id='word_1_27' title='bbox 1767 182 1892 219; x_wconf 78' lang='grc' dir='ltr'>ἀλλοτρίου</span> 
     </span>
    </p>
   </div>
   <div class='ocr_carea' id='block_1_5' title="bbox 279 231 1066 265">
    <p class='ocr_par' dir='ltr' id='par_1_5' title="bbox 279 231 1066 265">
     <span class='ocr_line' id='line_1_5' title="bbox 279 231 1066 265; baseline -0.001 -6"><span class='ocrx_word' id='word_1_28' title='bbox 279 232 390 259; x_wconf 64' lang='lat' dir='ltr'><strong>stantia:</strong></span> <span class='ocrx_word' id='word_1_29' title='bbox 403 235 565 262; x_wconf 75' lang='lat' dir='ltr'><strong>assumeret,</strong></span> <span class='ocrx_word' id='word_1_30' title='bbox 583 237 610 258; x_wconf 80' lang='lat' dir='ltr'><strong>et</strong></span> <span class='ocrx_word' id='word_1_31' title='bbox 632 239 694 258; x_wconf 90' lang='lat' dir='ltr'><strong>cum</strong></span> <span class='ocrx_word' id='word_1_32' title='bbox 714 231 762 258; x_wconf 89' lang='lat' dir='ltr'><strong>illo</strong></span> <span class='ocrx_word' id='word_1_33' title='bbox 781 231 1066 265; x_wconf 77' lang='lat' dir='ltr'><strong>gloriﬁcaretur?Ab-</strong></span> 
     </span>
    </p>
   </div>
   <div class='ocr_carea' id='block_1_6' title="bbox 279 276 1069 307">
    <p class='ocr_par' dir='ltr' id='par_1_6' title="bbox 279 276 1069 307">
     <span class='ocr_line' id='line_1_6' title="bbox 279 276 1069 307; baseline -0.001 -3"><span class='ocrx_word' id='word_1_34' title='bbox 279 278 331 304; x_wconf 88' lang='lat' dir='ltr'><strong>sit!</strong></span> <span class='ocrx_word' id='word_1_35' title='bbox 350 276 408 303; x_wconf 82' lang='lat' dir='ltr'><strong>Non</strong></span> <span class='ocrx_word' id='word_1_36' title='bbox 436 277 474 303; x_wconf 87' lang='lat' dir='ltr'><strong>ita</strong></span> <span class='ocrx_word' id='word_1_37' title='bbox 505 284 534 304; x_wconf 89' lang='lat' dir='ltr'><strong>se</strong></span> <span class='ocrx_word' id='word_1_38' title='bbox 564 284 608 304; x_wconf 87' lang='lat' dir='ltr'><strong>res</strong></span> <span class='ocrx_word' id='word_1_39' title='bbox 631 276 722 303; x_wconf 85' lang='lat' dir='ltr'><strong>habet.</strong></span> <span class='ocrx_word' id='word_1_40' title='bbox 743 276 867 303; x_wconf 69' lang='lat' dir='ltr'><strong>«Plenus</strong></span> <span class='ocrx_word' id='word_1_41' title='bbox 881 284 942 304; x_wconf 92' lang='lat' dir='ltr'><strong>sum</strong></span> <span class='ocrx_word' id='word_1_42' title='bbox 957 276 988 307; x_wconf 73' lang='grc' dir='ltr'><strong>ιο.</strong></span> <span class='ocrx_word' id='word_1_43' title='bbox 1005 287 1014 302; x_wconf 70' lang='grc' dir='ltr'><strong>ι</strong></span> <span class='ocrx_word' id='word_1_44' title='bbox 1031 277 1069 303; x_wconf 87' lang='lat' dir='ltr'><strong>ait</strong></span> 
     </span>
    </p>
   </div>
   <div class='ocr_carea' id='block_1_7' title="bbox 281 318 1067 358">
    <p class='ocr_par' dir='ltr' id='par_1_7' title="bbox 281 318 1067 358">
     <span class='ocr_line' id='line_1_7' title="bbox 281 318 1067 358; baseline 0 -8"><span class='ocrx_word' id='word_1_45' title='bbox 281 325 349 358; x_wconf 81' lang='lat' dir='ltr'><strong>ipse.</strong></span> <span class='ocrx_word' id='word_1_46' title='bbox 362 323 465 350; x_wconf 82' lang='lat' dir='ltr'><strong>Idcirco</strong></span> <span class='ocrx_word' id='word_1_47' title='bbox 482 322 539 358; x_wconf 86' lang='lat' dir='ltr'><strong>ipse</strong></span> <span class='ocrx_word' id='word_1_48' title='bbox 558 321 688 350; x_wconf 89' lang='lat' dir='ltr'><strong>Dominus</strong></span> <span class='ocrx_word' id='word_1_49' title='bbox 720 318 782 350; x_wconf 75' lang='lat' dir='ltr'><strong>cum</strong></span> <span class='ocrx_word' id='word_1_50' title='bbox 801 325 910 350; x_wconf 84' lang='lat' dir='ltr'><strong>nomine.</strong></span> <span class='ocrx_word' id='word_1_51' title='bbox 926 323 1014 350; x_wconf 87' lang='lat' dir='ltr'><strong>Patris</strong></span> <span class='ocrx_word' id='word_1_52' title='bbox 1025 323 1067 351; x_wconf 93' lang='lat' dir='ltr'><strong>sui</strong></span> 
     </span>
    </p>
   </div>
   <div class='ocr_carea' id='block_1_8' title="bbox 278 369 1068 405">
    <p class='ocr_par' dir='ltr' id='par_1_8' title="bbox 278 369 1068 405">
     <span class='ocr_line' id='line_1_8' title="bbox 278 369 1068 405; baseline 0.001 -9"><span class='ocrx_word' id='word_1_53' title='bbox 278 370 354 396; x_wconf 90' lang='lat' dir='ltr'><strong>illum</strong></span> <span class='ocrx_word' id='word_1_54' title='bbox 376 369 458 405; x_wconf 79' lang='lat'><strong>556</strong></span> <span class='ocrx_word' id='word_1_55' title='bbox 471 369 624 403; x_wconf 78' lang='lat' dir='ltr'><strong>copulavit;</strong></span> <span class='ocrx_word' id='word_1_56' title='bbox 646 374 676 396; x_wconf 90' lang='lat' dir='ltr'><strong>ut</strong></span> <span class='ocrx_word' id='word_1_57' title='bbox 701 370 867 403; x_wconf 87' lang='lat' dir='ltr'><strong>ostenderet,</strong></span> <span class='ocrx_word' id='word_1_58' title='bbox 893 377 946 397; x_wconf 91' lang='lat' dir='ltr'><strong>non</strong></span> <span class='ocrx_word' id='word_1_59' title='bbox 969 378 1002 397; x_wconf 78' lang='lat' dir='ltr'><strong>ex</strong></span> <span class='ocrx_word' id='word_1_60' title='bbox 1025 371 1068 397; x_wconf 50' lang='lat' dir='ltr'><strong>div</strong></span> 
     </span>
    </p>
   </div>
   <div class='ocr_carea' id='block_1_9' title="bbox 277 415 1068 448">
    <p class='ocr_par' dir='ltr' id='par_1_9' title="bbox 277 415 1068 448">
     <span class='ocr_line' id='line_1_9' title="bbox 277 415 1068 448; baseline 0 -5"><span class='ocrx_word' id='word_1_61' title='bbox 277 416 375 446; x_wconf 82' lang='lat' dir='ltr'><strong>versis.</strong></span> <span class='ocrx_word' id='word_1_62' title='bbox 398 417 423 443; x_wconf 93' lang='lat' dir='ltr'><strong>id</strong></span> <span class='ocrx_word' id='word_1_63' title='bbox 435 420 477 443; x_wconf 90' lang='lat' dir='ltr'><strong>est</strong></span> <span class='ocrx_word' id='word_1_64' title='bbox 490 424 523 442; x_wconf 71' lang='lat' dir='ltr'><strong>ex</strong></span> <span class='ocrx_word' id='word_1_65' title='bbox 537 420 660 443; x_wconf 77' lang='lat' dir='ltr'><strong>creatore</strong></span> <span class='ocrx_word' id='word_1_66' title='bbox 675 420 700 442; x_wconf 90' lang='lat' dir='ltr'><strong>et</strong></span> <span class='ocrx_word' id='word_1_67' title='bbox 712 421 848 448; x_wconf 77' lang='lat' dir='ltr'><strong>creatura,</strong></span> <span class='ocrx_word' id='word_1_68' title='bbox 866 421 987 443; x_wconf 88' lang='lat' dir='ltr'><strong>sanctam</strong></span> <span class='ocrx_word' id='word_1_69' title='bbox 1004 415 1068 443; x_wconf 88' lang='lat' dir='ltr'><strong>Tri-</strong></span> 
     </span>
    </p>
   </div>
   <div class='ocr_carea' id='block_1_10' title="bbox 276 462 1066 497">
    <p class='ocr_par' dir='ltr' id='par_1_10' title="bbox 276 462 1066 497">
     <span class='ocr_line' id='line_1_10' title="bbox 276 462 1066 497; baseline 0 -8"><span class='ocrx_word' id='word_1_70' title='bbox 276 463 389 489; x_wconf 90' lang='lat' dir='ltr'><strong>nitatem</strong></span> <span class='ocrx_word' id='word_1_71' title='bbox 423 467 568 494; x_wconf 81' lang='lat' dir='ltr'><strong>constare;</strong></span> <span class='ocrx_word' id='word_1_72' title='bbox 609 462 655 489; x_wconf 89' lang='lat' dir='ltr'><strong>sed</strong></span> <span class='ocrx_word' id='word_1_73' title='bbox 692 470 775 488; x_wconf 89' lang='lat' dir='ltr'><strong>unam</strong></span> <span class='ocrx_word' id='word_1_74' title='bbox 808 462 867 497; x_wconf 81' lang='lat' dir='ltr'><strong>ejus</strong></span> <span class='ocrx_word' id='word_1_75' title='bbox 899 463 1066 490; x_wconf 73' lang='lat' dir='ltr'><strong>divinitatem</strong></span> 
     </span>
    </p>
   </div>
   <div class='ocr_carea' id='block_1_11' title="bbox 276 507 1067 540">
    <p class='ocr_par' dir='ltr' id='par_1_11' title="bbox 276 507 1067 540">
     <span class='ocr_line' id='line_1_11' title="bbox 276 507 1067 540; baseline -0.003 -4"><span class='ocrx_word' id='word_1_76' title='bbox 276 516 345 536; x_wconf 85' lang='lat' dir='ltr'><strong>esse.</strong></span> <span class='ocrx_word' id='word_1_77' title='bbox 377 507 434 536; x_wconf 84' lang='lat' dir='ltr'><strong>lloc</strong></span> <span class='ocrx_word' id='word_1_78' title='bbox 460 516 521 536; x_wconf 90' lang='lat' dir='ltr'><strong>cum</strong></span> <span class='ocrx_word' id='word_1_79' title='bbox 551 507 693 535; x_wconf 88' lang='lat' dir='ltr'><strong>didicisset</strong></span> <span class='ocrx_word' id='word_1_80' title='bbox 719 507 829 540; x_wconf 81' lang='lat' dir='ltr'><strong>Paulus,</strong></span> <span class='ocrx_word' id='word_1_81' title='bbox 851 508 965 534; x_wconf 83' lang='lat' dir='ltr'><strong>docebat</strong></span> <span class='ocrx_word' id='word_1_82' title='bbox 987 516 1067 534; x_wconf 92' lang='lat' dir='ltr'><strong>unam</strong></span> 
     </span>
    </p>
   </div>
   <div class='ocr_carea' id='block_1_12' title="bbox 276 552 1067 588">
    <p class='ocr_par' dir='ltr' id='par_1_12' title="bbox 276 552 1067 588">
     <span class='ocr_line' id='line_1_12' title="bbox 276 552 1067 588; baseline -0.003 -7"><span class='ocrx_word' id='word_1_83' title='bbox 276 562 348 586; x_wconf 88' lang='lat' dir='ltr'><strong>esse,</strong></span> <span class='ocrx_word' id='word_1_84' title='bbox 363 561 424 588; x_wconf 76' lang='lat' dir='ltr'><strong>qua:</strong></span> <span class='ocrx_word' id='word_1_85' title='bbox 438 553 464 580; x_wconf 91' lang='lat' dir='ltr'><strong>in</strong></span> <span class='ocrx_word' id='word_1_86' title='bbox 482 554 540 587; x_wconf 85' lang='lat' dir='ltr'><strong>ipsa</strong></span> <span class='ocrx_word' id='word_1_87' title='bbox 556 552 713 587; x_wconf 87' lang='lat' dir='ltr'><strong>(Trinitate)</strong></span> <span class='ocrx_word' id='word_1_88' title='bbox 736 553 858 584; x_wconf 83' lang='lat' dir='ltr'><strong>daretur,</strong></span> <span class='ocrx_word' id='word_1_89' title='bbox 878 553 1004 587; x_wconf 77' lang='lat' dir='ltr'><strong>gratiam,</strong></span> <span class='ocrx_word' id='word_1_90' title='bbox 1025 553 1067 579; x_wconf 92' lang='lat' dir='ltr'><strong>di-</strong></span> 
     </span>
    </p>
   </div>
   <div class='ocr_carea' id='block_1_13' title="bbox 276 598 1067 633">
    <p class='ocr_par' dir='ltr' id='par_1_13' title="bbox 276 598 1067 633">
     <span class='ocr_line' id='line_1_13' title="bbox 276 598 1067 633; baseline -0.003 -6"><span class='ocrx_word' id='word_1_91' title='bbox 276 608 342 627; x_wconf 87' lang='lat' dir='ltr'><strong>cens</strong></span> <span class='ocrx_word' id='word_1_92' title='bbox 359 609 365 627; x_wconf 94' lang='lat'>:</span> <span class='ocrx_word' id='word_1_93' title='bbox 385 609 394 625; x_wconf 78' lang='grc' dir='ltr'>ι</span> <span class='ocrx_word' id='word_1_94' title='bbox 415 598 491 627; x_wconf 86' lang='lat' dir='ltr'><strong>Unus</strong></span> <span class='ocrx_word' id='word_1_95' title='bbox 515 599 657 629; x_wconf 86' lang='lat' dir='ltr'><strong>Dominus,</strong></span> <span class='ocrx_word' id='word_1_96' title='bbox 683 606 738 626; x_wconf 91' lang='lat' dir='ltr'><strong>una</strong></span> <span class='ocrx_word' id='word_1_97' title='bbox 759 598 836 630; x_wconf 85' lang='lat' dir='ltr'><strong>ﬁdes,</strong></span> <span class='ocrx_word' id='word_1_98' title='bbox 866 606 949 625; x_wconf 91' lang='lat' dir='ltr'><strong>unum</strong></span> <span class='ocrx_word' id='word_1_99' title='bbox 977 599 1067 633; x_wconf 77' lang='lat' dir='ltr'><strong>bapti-</strong></span> 
     </span>
    </p>
   </div>
   <div class='ocr_carea' id='block_1_14' title="bbox 276 644 1064 679">
    <p class='ocr_par' dir='ltr' id='par_1_14' title="bbox 276 644 1064 679">
     <span class='ocr_line' id='line_1_14' title="bbox 276 644 1064 679; baseline -0.001 -6"><span class='ocrx_word' id='word_1_100' title='bbox 276 653 335 673; x_wconf 78' lang='lat' dir='ltr'><strong>sma</strong></span> <span class='ocrx_word' id='word_1_101' title='bbox 347 646 378 672; x_wconf 89' lang='lat'><strong>“.</strong></span> <span class='ocrx_word' id='word_1_102' title='bbox 400 655 409 670; x_wconf 85' lang='grc'><strong>›</strong></span> <span class='ocrx_word' id='word_1_103' title='bbox 432 644 465 672; x_wconf 80' lang='lat' dir='ltr'><strong>L‘t</strong></span> <span class='ocrx_word' id='word_1_104' title='bbox 477 649 566 672; x_wconf 84' lang='lat' dir='ltr'><strong>autem</strong></span> <span class='ocrx_word' id='word_1_105' title='bbox 578 653 661 671; x_wconf 92' lang='lat' dir='ltr'><strong>unum</strong></span> <span class='ocrx_word' id='word_1_106' title='bbox 677 645 820 679; x_wconf 82' lang='lat' dir='ltr'><strong>baptisma,</strong></span> <span class='ocrx_word' id='word_1_107' title='bbox 831 645 870 671; x_wconf 88' lang='lat' dir='ltr'><strong>sic</strong></span> <span class='ocrx_word' id='word_1_108' title='bbox 883 650 908 671; x_wconf 71' lang='lat' dir='ltr'><strong>et</strong></span> <span class='ocrx_word' id='word_1_109' title='bbox 923 653 975 672; x_wconf 89' lang='lat' dir='ltr'><strong>uua</strong></span> <span class='ocrx_word' id='word_1_110' title='bbox 990 645 1064 672; x_wconf 67' lang='lat' dir='ltr'><strong>lidn‘s.</strong></span> 
     </span>
    </p>
   </div>
   <div class='ocr_carea' id='block_1_15' title="bbox 276 689 1067 724">
    <p class='ocr_par' dir='ltr' id='par_1_15' title="bbox 276 689 1067 724">
     <span class='ocr_line' id='line_1_15' title="bbox 276 689 1067 724; baseline 0.001 -8"><span class='ocrx_word' id='word_1_111' title='bbox 276 691 328 724; x_wconf 82' lang='lat' dir='ltr'><strong>Qui</strong></span> <span class='ocrx_word' id='word_1_112' title='bbox 341 691 413 717; x_wconf 91' lang='lat' dir='ltr'><strong>enim</strong></span> <span class='ocrx_word' id='word_1_113' title='bbox 433 691 520 718; x_wconf 91' lang='lat' dir='ltr'><strong>credit</strong></span> <span class='ocrx_word' id='word_1_114' title='bbox 534 691 560 718; x_wconf 91' lang='lat' dir='ltr'><strong>in</strong></span> <span class='ocrx_word' id='word_1_115' title='bbox 584 689 704 721; x_wconf 84' lang='lat' dir='ltr'><strong>Patrem,</strong></span> <span class='ocrx_word' id='word_1_116' title='bbox 727 691 804 718; x_wconf 84' lang='lat' dir='ltr'><strong>novit</strong></span> <span class='ocrx_word' id='word_1_117' title='bbox 817 691 843 717; x_wconf 90' lang='lat' dir='ltr'><strong>in</strong></span> <span class='ocrx_word' id='word_1_118' title='bbox 863 690 942 717; x_wconf 86' lang='lat' dir='ltr'><strong>Patre</strong></span> <span class='ocrx_word' id='word_1_119' title='bbox 958 690 1067 722; x_wconf 84' lang='lat' dir='ltr'><strong>Filium,</strong></span> 
     </span>
    </p>
   </div>
   <div class='ocr_carea' id='block_1_16' title="bbox 276 736 1068 771">
    <p class='ocr_par' dir='ltr' id='par_1_16' title="bbox 276 736 1068 771">
     <span class='ocr_line' id='line_1_16' title="bbox 276 736 1068 771; baseline 0.001 -8"><span class='ocrx_word' id='word_1_120' title='bbox 276 741 304 763; x_wconf 88' lang='lat' dir='ltr'><strong>et</strong></span> <span class='ocrx_word' id='word_1_121' title='bbox 320 736 451 771; x_wconf 86' lang='lat' dir='ltr'><strong>Spiritum</strong></span> <span class='ocrx_word' id='word_1_122' title='bbox 474 744 527 763; x_wconf 91' lang='lat' dir='ltr'><strong>non</strong></span> <span class='ocrx_word' id='word_1_123' title='bbox 543 741 619 764; x_wconf 83' lang='lat' dir='ltr'><strong>extra</strong></span> <span class='ocrx_word' id='word_1_124' title='bbox 637 737 736 764; x_wconf 84' lang='lat' dir='ltr'><strong>Filium</strong></span> <span class='ocrx_word' id='word_1_125' title='bbox 754 742 799 764; x_wconf 87' lang='lat' dir='ltr'><strong>:et</strong></span> <span class='ocrx_word' id='word_1_126' title='bbox 821 737 882 764; x_wconf 88' lang='lat' dir='ltr'><strong>ideo</strong></span> <span class='ocrx_word' id='word_1_127' title='bbox 901 738 989 764; x_wconf 83' lang='lat' dir='ltr'><strong>credit</strong></span> <span class='ocrx_word' id='word_1_128' title='bbox 1003 737 1068 764; x_wconf 87' lang='lat' dir='ltr'><strong>etin</strong></span> 
     </span>
    </p>
   </div>
   <div class='ocr_carea' id='block_1_17' title="bbox 276 782 1068 818">
    <p class='ocr_par' dir='ltr' id='par_1_17' title="bbox 276 782 1068 818">
     <span class='ocr_line' id='line_1_17' title="bbox 276 782 1068 818; baseline 0.001 -9"><span class='ocrx_word' id='word_1_129' title='bbox 276 782 374 809; x_wconf 85' lang='lat' dir='ltr'><strong>Filium</strong></span> <span class='ocrx_word' id='word_1_130' title='bbox 392 788 418 809; x_wconf 91' lang='lat' dir='ltr'><strong>et</strong></span> <span class='ocrx_word' id='word_1_131' title='bbox 433 783 459 809; x_wconf 92' lang='lat' dir='ltr'><strong>in</strong></span> <span class='ocrx_word' id='word_1_132' title='bbox 475 782 605 817; x_wconf 81' lang='lat' dir='ltr'><strong>Spiritum</strong></span> <span class='ocrx_word' id='word_1_133' title='bbox 620 788 764 816; x_wconf 82' lang='lat' dir='ltr'><strong>sanctum;</strong></span> <span class='ocrx_word' id='word_1_134' title='bbox 783 783 1001 818; x_wconf 87' lang='lat' dir='ltr'><strong>quandoquidem</strong></span> <span class='ocrx_word' id='word_1_135' title='bbox 1016 792 1068 810; x_wconf 90' lang='lat' dir='ltr'><strong>una</strong></span> 
     </span>
    </p>
   </div>
   <div class='ocr_carea' id='block_1_18' title="bbox 282 828 1068 865">
    <p class='ocr_par' dir='ltr' id='par_1_18' title="bbox 282 828 1068 865">
     <span class='ocr_line' id='line_1_18' title="bbox 282 828 1068 865; baseline 0.003 -11"><span class='ocrx_word' id='word_1_136' title='bbox 282 833 324 856; x_wconf 75' lang='lat' dir='ltr'><strong>est</strong></span> <span class='ocrx_word' id='word_1_137' title='bbox 339 828 480 856; x_wconf 82' lang='lat' dir='ltr'><strong>Trinitatis</strong></span> <span class='ocrx_word' id='word_1_138' title='bbox 493 829 632 862; x_wconf 89' lang='lat' dir='ltr'><strong>divinitas,</strong></span> <span class='ocrx_word' id='word_1_139' title='bbox 653 838 714 864; x_wconf 74' lang='lat' dir='ltr'><strong>quae</strong></span> <span class='ocrx_word' id='word_1_140' title='bbox 737 837 768 857; x_wconf 80' lang='lat' dir='ltr'><strong>ex</strong></span> <span class='ocrx_word' id='word_1_141' title='bbox 787 837 842 857; x_wconf 89' lang='lat' dir='ltr'><strong>uno</strong></span> <span class='ocrx_word' id='word_1_142' title='bbox 869 829 949 857; x_wconf 81' lang='lat' dir='ltr'><strong>Patre</strong></span> <span class='ocrx_word' id='word_1_143' title='bbox 964 837 1068 865; x_wconf 75' lang='lat' dir='ltr'><strong>cogno-</strong></span> 
     </span>
    </p>
   </div>
   <div class='ocr_carea' id='block_1_19' title="bbox 277 875 374 901">
    <p class='ocr_par' dir='ltr' id='par_1_19' title="bbox 277 875 374 901">
     <span class='ocr_line' id='line_1_19' title="bbox 277 875 374 901; baseline -0.01 0"><span class='ocrx_word' id='word_1_144' title='bbox 277 875 374 901; x_wconf 81' lang='lat' dir='ltr'><strong>scitur.</strong></span> 
     </span>
    </p>
   </div>
   <div class='ocr_carea' id='block_1_20' title="bbox 314 919 1065 954">
    <p class='ocr_par' dir='ltr' id='par_1_20' title="bbox 314 919 1065 954">
     <span class='ocr_line' id='line_1_20' title="bbox 314 919 1065 954; baseline 0.004 -8"><span class='ocrx_word' id='word_1_145' title='bbox 314 921 339 947; x_wconf 83' lang='grc'><strong>7.</strong></span> <span class='ocrx_word' id='word_1_146' title='bbox 362 919 423 948; x_wconf 69' lang='lat' dir='ltr'><strong>llaec</strong></span> <span class='ocrx_word' id='word_1_147' title='bbox 447 924 489 947; x_wconf 91' lang='lat' dir='ltr'><strong>est</strong></span> <span class='ocrx_word' id='word_1_148' title='bbox 514 921 656 948; x_wconf 75' lang='lat' dir='ltr'><strong>catholica:</strong></span> <span class='ocrx_word' id='word_1_149' title='bbox 684 920 746 948; x_wconf 79' lang='lat' dir='ltr'><strong>fidei</strong></span> <span class='ocrx_word' id='word_1_150' title='bbox 774 920 871 948; x_wconf 80' lang='lat' dir='ltr'><strong>forma.</strong></span> <span class='ocrx_word' id='word_1_151' title='bbox 895 920 946 954; x_wconf 85' lang='lat' dir='ltr'><strong>Qui</strong></span> <span class='ocrx_word' id='word_1_152' title='bbox 976 927 1065 949; x_wconf 88' lang='lat' dir='ltr'><strong>autem</strong></span> 
     </span>
    </p>
   </div>
   <div class='ocr_carea' id='block_1_21' title="bbox 276 965 1067 1002">
    <p class='ocr_par' dir='ltr' id='par_1_21' title="bbox 276 965 1067 1002">
     <span class='ocr_line' id='line_1_21' title="bbox 276 965 1067 1002; baseline 0.004 -10"><span class='ocrx_word' id='word_1_153' title='bbox 276 965 469 1000; x_wconf 71' lang='lat' dir='ltr'><strong>lilaspliemant</strong></span> <span class='ocrx_word' id='word_1_154' title='bbox 494 966 520 992; x_wconf 91' lang='lat' dir='ltr'><strong>in</strong></span> <span class='ocrx_word' id='word_1_155' title='bbox 551 966 695 1001; x_wconf 86' lang='lat' dir='ltr'><strong>Spiritum,</strong></span> <span class='ocrx_word' id='word_1_156' title='bbox 718 971 745 993; x_wconf 82' lang='lat' dir='ltr'><strong>et</strong></span> <span class='ocrx_word' id='word_1_157' title='bbox 769 967 863 994; x_wconf 90' lang='lat' dir='ltr'><strong>dicunt</strong></span> <span class='ocrx_word' id='word_1_158' title='bbox 889 967 976 1002; x_wconf 88' lang='lat' dir='ltr'><strong>ipsum</strong></span> <span class='ocrx_word' id='word_1_159' title='bbox 1006 976 1067 996; x_wconf 90' lang='lat' dir='ltr'><strong>esse</strong></span> 
     </span>
    </p>
   </div>
   <div class='ocr_carea' id='block_1_22' title="bbox 276 1012 1065 1048">
    <p class='ocr_par' dir='ltr' id='par_1_22' title="bbox 276 1012 1065 1048">
     <span class='ocr_line' id='line_1_22' title="bbox 276 1012 1065 1048; baseline 0.003 -10"><span class='ocrx_word' id='word_1_160' title='bbox 276 1015 442 1043; x_wconf 44' lang='lat' dir='ltr'><strong>creaturam,</strong></span> <span class='ocrx_word' id='word_1_161' title='bbox 459 1012 481 1039; x_wconf 87' lang='lat' dir='ltr'><strong>si</strong></span> <span class='ocrx_word' id='word_1_162' title='bbox 493 1019 526 1038; x_wconf 83' lang='lat' dir='ltr'><strong>ex</strong></span> <span class='ocrx_word' id='word_1_163' title='bbox 540 1012 573 1039; x_wconf 92' lang='lat' dir='ltr'><strong>iis</strong></span> <span class='ocrx_word' id='word_1_164' title='bbox 588 1020 648 1046; x_wconf 66' lang='lat' dir='ltr'><strong>qua:</strong></span> <span class='ocrx_word' id='word_1_165' title='bbox 659 1012 732 1039; x_wconf 89' lang='lat' dir='ltr'><strong>dicta</strong></span> <span class='ocrx_word' id='word_1_166' title='bbox 745 1015 810 1039; x_wconf 91' lang='lat' dir='ltr'><strong>sunt</strong></span> <span class='ocrx_word' id='word_1_167' title='bbox 820 1020 873 1039; x_wconf 93' lang='lat' dir='ltr'><strong>non</strong></span> <span class='ocrx_word' id='word_1_168' title='bbox 890 1013 1065 1048; x_wconf 86' lang='lat' dir='ltr'><strong>resipiscunt,</strong></span> 
     </span>
    </p>
   </div>
   <div class='ocr_carea' id='block_1_23' title="bbox 275 1058 1065 1092">
    <p class='ocr_par' dir='ltr' id='par_1_23' title="bbox 275 1058 1065 1092">
     <span class='ocr_line' id='line_1_23' title="bbox 275 1058 1065 1092; baseline 0.003 -8"><span class='ocrx_word' id='word_1_169' title='bbox 275 1058 318 1084; x_wconf 63' lang='lat' dir='ltr'><strong>vel</strong></span> <span class='ocrx_word' id='word_1_170' title='bbox 334 1066 367 1084; x_wconf 79' lang='lat' dir='ltr'><strong>ex</strong></span> <span class='ocrx_word' id='word_1_171' title='bbox 383 1058 416 1085; x_wconf 88' lang='lat' dir='ltr'><strong>iis</strong></span> <span class='ocrx_word' id='word_1_172' title='bbox 434 1065 494 1092; x_wconf 65' lang='lat' dir='ltr'><strong>quae</strong></span> <span class='ocrx_word' id='word_1_173' title='bbox 506 1058 619 1085; x_wconf 88' lang='lat' dir='ltr'><strong>dicenda</strong></span> <span class='ocrx_word' id='word_1_174' title='bbox 643 1062 706 1085; x_wconf 85' lang='lat' dir='ltr'><strong>sunt</strong></span> <span class='ocrx_word' id='word_1_175' title='bbox 723 1059 826 1092; x_wconf 85' lang='lat' dir='ltr'><strong>pudore</strong></span> <span class='ocrx_word' id='word_1_176' title='bbox 849 1058 1014 1086; x_wconf 81' lang='lat' dir='ltr'><strong>alliciautur.</strong></span> <span class='ocrx_word' id='word_1_177' title='bbox 1036 1060 1065 1086; x_wconf 82' lang='lat' dir='ltr'><strong>Si</strong></span> 
     </span>
    </p>
   </div>
   <div class='ocr_carea' id='block_1_24' title="bbox 277 1102 1065 1136">
    <p class='ocr_par' dir='ltr' id='par_1_24' title="bbox 277 1102 1065 1136">
     <span class='ocr_line' id='line_1_24' title="bbox 277 1102 1065 1136; baseline 0.003 -6"><span class='ocrx_word' id='word_1_178' title='bbox 277 1103 397 1130; x_wconf 88' lang='lat' dir='ltr'><strong>Trinitas</strong></span> <span class='ocrx_word' id='word_1_179' title='bbox 413 1107 490 1130; x_wconf 88' lang='lat' dir='ltr'><strong>estet</strong></span> <span class='ocrx_word' id='word_1_180' title='bbox 503 1103 530 1130; x_wconf 89' lang='lat' dir='ltr'><strong>in</strong></span> <span class='ocrx_word' id='word_1_181' title='bbox 542 1102 679 1130; x_wconf 87' lang='lat' dir='ltr'><strong>Triuilate</strong></span> <span class='ocrx_word' id='word_1_182' title='bbox 689 1103 741 1130; x_wconf 84' lang='lat' dir='ltr'><strong>sita</strong></span> <span class='ocrx_word' id='word_1_183' title='bbox 752 1108 794 1130; x_wconf 83' lang='lat' dir='ltr'><strong>est</strong></span> <span class='ocrx_word' id='word_1_184' title='bbox 807 1103 884 1136; x_wconf 88' lang='lat' dir='ltr'><strong>ﬁdes,</strong></span> <span class='ocrx_word' id='word_1_185' title='bbox 898 1104 989 1131; x_wconf 88' lang='lat' dir='ltr'><strong>dicant</strong></span> <span class='ocrx_word' id='word_1_186' title='bbox 1002 1113 1065 1132; x_wconf 92' lang='lat' dir='ltr'><strong>num</strong></span> 
     </span>
    </p>
   </div>
   <div class='ocr_carea' id='block_1_25' title="bbox 277 1149 1067 1184">
    <p class='ocr_par' dir='ltr' id='par_1_25' title="bbox 277 1149 1067 1184">
     <span class='ocr_line' id='line_1_25' title="bbox 277 1149 1067 1184; baseline 0.001 -7"><span class='ocrx_word' id='word_1_187' title='bbox 277 1157 386 1184; x_wconf 85' lang='lat' dir='ltr'><strong>semper</strong></span> <span class='ocrx_word' id='word_1_188' title='bbox 401 1150 522 1177; x_wconf 85' lang='lat' dir='ltr'><strong>Trinitas</strong></span> <span class='ocrx_word' id='word_1_189' title='bbox 538 1150 629 1182; x_wconf 80' lang='lat' dir='ltr'><strong>luerit,</strong></span> <span class='ocrx_word' id='word_1_190' title='bbox 645 1149 686 1176; x_wconf 84' lang='lat' dir='ltr'><strong>vel</strong></span> <span class='ocrx_word' id='word_1_191' title='bbox 703 1157 737 1176; x_wconf 93' lang='lat' dir='ltr'><strong>an</strong></span> <span class='ocrx_word' id='word_1_192' title='bbox 754 1149 835 1177; x_wconf 83' lang='lat' dir='ltr'><strong>fuerit</strong></span> <span class='ocrx_word' id='word_1_193' title='bbox 848 1158 910 1178; x_wconf 90' lang='lat' dir='ltr'><strong>cum</strong></span> <span class='ocrx_word' id='word_1_194' title='bbox 924 1159 977 1178; x_wconf 83' lang='lat' dir='ltr'><strong>non</strong></span> <span class='ocrx_word' id='word_1_195' title='bbox 994 1157 1067 1179; x_wconf 82' lang='lat' dir='ltr'><strong>esset</strong></span> 
     </span>
    </p>
   </div>
   <div class='ocr_carea' id='block_1_26' title="bbox 276 1194 1067 1232">
    <p class='ocr_par' dir='ltr' id='par_1_26' title="bbox 276 1194 1067 1232">
     <span class='ocr_line' id='line_1_26' title="bbox 276 1194 1067 1232; baseline 0.003 -10"><span class='ocrx_word' id='word_1_196' title='bbox 276 1194 406 1223; x_wconf 85' lang='lat' dir='ltr'><strong>Trinitas.</strong></span> <span class='ocrx_word' id='word_1_197' title='bbox 418 1196 446 1223; x_wconf 90' lang='lat' dir='ltr'><strong>Si</strong></span> <span class='ocrx_word' id='word_1_198' title='bbox 460 1195 551 1230; x_wconf 78' lang='lat' dir='ltr'><strong>itaque</strong></span> <span class='ocrx_word' id='word_1_199' title='bbox 562 1196 726 1230; x_wconf 87' lang='lat' dir='ltr'><strong>sempiterna</strong></span> <span class='ocrx_word' id='word_1_200' title='bbox 741 1201 782 1223; x_wconf 86' lang='lat' dir='ltr'><strong>est</strong></span> <span class='ocrx_word' id='word_1_201' title='bbox 793 1196 924 1228; x_wconf 87' lang='lat' dir='ltr'><strong>Trinitas,</strong></span> <span class='ocrx_word' id='word_1_202' title='bbox 938 1205 990 1223; x_wconf 94' lang='lat' dir='ltr'><strong>non</strong></span> <span class='ocrx_word' id='word_1_203' title='bbox 1003 1205 1067 1232; x_wconf 74' lang='lat' dir='ltr'><strong>ergo</strong></span> 
     </span>
    </p>
   </div>
   <div class='ocr_carea' id='block_1_27' title="bbox 276 1241 1068 1276">
    <p class='ocr_par' dir='ltr' id='par_1_27' title="bbox 276 1241 1068 1276">
     <span class='ocr_line' id='line_1_27' title="bbox 276 1241 1068 1276; baseline 0.001 -8"><span class='ocrx_word' id='word_1_204' title='bbox 276 1245 371 1268; x_wconf 79' lang='lat' dir='ltr'><strong>creata</strong></span> <span class='ocrx_word' id='word_1_205' title='bbox 391 1249 436 1269; x_wconf 89' lang='lat' dir='ltr'><strong>res</strong></span> <span class='ocrx_word' id='word_1_206' title='bbox 448 1246 490 1268; x_wconf 90' lang='lat' dir='ltr'><strong>est</strong></span> <span class='ocrx_word' id='word_1_207' title='bbox 504 1241 634 1276; x_wconf 83' lang='lat' dir='ltr'><strong>Spiritus,</strong></span> <span class='ocrx_word' id='word_1_208' title='bbox 648 1241 694 1276; x_wconf 91' lang='lat' dir='ltr'><strong>qui</strong></span> <span class='ocrx_word' id='word_1_209' title='bbox 707 1249 813 1276; x_wconf 82' lang='lat' dir='ltr'><strong>semper</strong></span> <span class='ocrx_word' id='word_1_210' title='bbox 825 1241 914 1269; x_wconf 84' lang='lat' dir='ltr'><strong>Verbo</strong></span> <span class='ocrx_word' id='word_1_211' title='bbox 927 1242 1068 1269; x_wconf 84' lang='lat' dir='ltr'><strong>coexsistit</strong></span> 
     </span>
    </p>
   </div>
   <div class='ocr_carea' id='block_1_28' title="bbox 277 1286 1065 1322">
    <p class='ocr_par' dir='ltr' id='par_1_28' title="bbox 277 1286 1065 1322">
     <span class='ocr_line' id='line_1_28' title="bbox 277 1286 1065 1322; baseline 0 -7"><span class='ocrx_word' id='word_1_212' title='bbox 277 1288 304 1315; x_wconf 90' lang='lat' dir='ltr'><strong>lu</strong></span> <span class='ocrx_word' id='word_1_213' title='bbox 321 1288 435 1322; x_wconf 89' lang='lat' dir='ltr'><strong>ipsoque</strong></span> <span class='ocrx_word' id='word_1_214' title='bbox 448 1291 498 1313; x_wconf 89' lang='lat' dir='ltr'><strong>est.</strong></span> <span class='ocrx_word' id='word_1_215' title='bbox 510 1286 578 1314; x_wconf 88' lang='lat' dir='ltr'><strong>Nam</strong></span> <span class='ocrx_word' id='word_1_216' title='bbox 597 1292 728 1320; x_wconf 83' lang='lat' dir='ltr'><strong>eratcum</strong></span> <span class='ocrx_word' id='word_1_217' title='bbox 754 1292 886 1314; x_wconf 68' lang='lat' dir='ltr'><strong>creatura:</strong></span> <span class='ocrx_word' id='word_1_218' title='bbox 897 1296 951 1314; x_wconf 92' lang='lat' dir='ltr'><strong>non</strong></span> <span class='ocrx_word' id='word_1_219' title='bbox 965 1292 1065 1315; x_wconf 84' lang='lat' dir='ltr'><strong>essent.</strong></span> 
     </span>
    </p>
   </div>
   <div class='ocr_carea' id='block_1_29' title="bbox 276 1332 1067 1367">
    <p class='ocr_par' dir='ltr' id='par_1_29' title="bbox 276 1332 1067 1367">
     <span class='ocr_line' id='line_1_29' title="bbox 276 1332 1067 1367; baseline 0.001 -8"><span class='ocrx_word' id='word_1_220' title='bbox 276 1332 355 1367; x_wconf 70' lang='lat' dir='ltr'><strong>Quod</strong></span> <span class='ocrx_word' id='word_1_221' title='bbox 376 1333 398 1360; x_wconf 88' lang='lat' dir='ltr'><strong>si</strong></span> <span class='ocrx_word' id='word_1_222' title='bbox 424 1337 547 1360; x_wconf 84' lang='lat' dir='ltr'><strong>creatura</strong></span> <span class='ocrx_word' id='word_1_223' title='bbox 572 1337 624 1365; x_wconf 88' lang='lat' dir='ltr'><strong>est,</strong></span> <span class='ocrx_word' id='word_1_224' title='bbox 648 1340 710 1360; x_wconf 89' lang='lat' dir='ltr'><strong>cum</strong></span> <span class='ocrx_word' id='word_1_225' title='bbox 728 1338 860 1360; x_wconf 73' lang='lat' dir='ltr'><strong>creaturae</strong></span> <span class='ocrx_word' id='word_1_226' title='bbox 881 1333 936 1360; x_wconf 89' lang='lat' dir='ltr'><strong>sint</strong></span> <span class='ocrx_word' id='word_1_227' title='bbox 955 1342 988 1361; x_wconf 75' lang='lat' dir='ltr'><strong>ex</strong></span> <span class='ocrx_word' id='word_1_228' title='bbox 1012 1342 1067 1360; x_wconf 92' lang='lat' dir='ltr'><strong>non</strong></span> 
     </span>
    </p>
   </div>
   <div class='ocr_carea' id='block_1_30' title="bbox 276 1378 1066 1413">
    <p class='ocr_par' dir='ltr' id='par_1_30' title="bbox 276 1378 1066 1413">
     <span class='ocr_line' id='line_1_30' title="bbox 276 1378 1066 1413; baseline 0 -8"><span class='ocrx_word' id='word_1_229' title='bbox 276 1379 458 1409; x_wconf 80' lang='lat' dir='ltr'><strong>exstantibus,</strong></span> <span class='ocrx_word' id='word_1_230' title='bbox 471 1379 560 1413; x_wconf 84' lang='lat' dir='ltr'><strong>palam</strong></span> <span class='ocrx_word' id='word_1_231' title='bbox 570 1383 612 1405; x_wconf 88' lang='lat' dir='ltr'><strong>est</strong></span> <span class='ocrx_word' id='word_1_232' title='bbox 624 1378 707 1405; x_wconf 83' lang='lat' dir='ltr'><strong>fuisse</strong></span> <span class='ocrx_word' id='word_1_233' title='bbox 715 1386 776 1406; x_wconf 91' lang='lat' dir='ltr'><strong>cum</strong></span> <span class='ocrx_word' id='word_1_234' title='bbox 791 1386 843 1405; x_wconf 90' lang='lat' dir='ltr'><strong>non</strong></span> <span class='ocrx_word' id='word_1_235' title='bbox 857 1383 928 1406; x_wconf 72' lang='lat' dir='ltr'><strong>esset</strong></span> <span class='ocrx_word' id='word_1_236' title='bbox 937 1378 1066 1410; x_wconf 82' lang='lat' dir='ltr'><strong>Trinitas,</strong></span> 
     </span>
    </p>
   </div>
   <div class='ocr_carea' id='block_1_31' title="bbox 277 1424 1068 1460">
    <p class='ocr_par' dir='ltr' id='par_1_31' title="bbox 277 1424 1068 1460">
     <span class='ocr_line' id='line_1_31' title="bbox 277 1424 1068 1460; baseline 0.001 -9"><span class='ocrx_word' id='word_1_237' title='bbox 277 1425 325 1451; x_wconf 86' lang='lat' dir='ltr'><strong>sed</strong></span> <span class='ocrx_word' id='word_1_238' title='bbox 343 1424 460 1452; x_wconf 84' lang='lat' dir='ltr'><strong>dualitas</strong></span> <span class='ocrx_word' id='word_1_239' title='bbox 475 1434 481 1451; x_wconf 89' lang='lat'>:</span> <span class='ocrx_word' id='word_1_240' title='bbox 499 1432 553 1459; x_wconf 89' lang='lat' dir='ltr'><strong>quo</strong></span> <span class='ocrx_word' id='word_1_241' title='bbox 566 1424 630 1459; x_wconf 63' lang='lat' dir='ltr'><strong>quid</strong></span> <span class='ocrx_word' id='word_1_242' title='bbox 647 1424 733 1459; x_wconf 77' lang='lat' dir='ltr'><strong>magis</strong></span> <span class='ocrx_word' id='word_1_243' title='bbox 746 1424 858 1459; x_wconf 92' lang='lat' dir='ltr'><strong>impium</strong></span> <span class='ocrx_word' id='word_1_244' title='bbox 874 1425 936 1460; x_wconf 86' lang='lat' dir='ltr'><strong>quis</strong></span> <span class='ocrx_word' id='word_1_245' title='bbox 954 1424 1068 1452; x_wconf 81' lang='lat' dir='ltr'><strong>dixerit?</strong></span> 
     </span>
    </p>
   </div>
   <div class='ocr_carea' id='block_1_32' title="bbox 277 1468 1068 1504">
    <p class='ocr_par' dir='ltr' id='par_1_32' title="bbox 277 1468 1068 1504">
     <span class='ocr_line' id='line_1_32' title="bbox 277 1468 1068 1504; baseline 0.001 -8"><span class='ocrx_word' id='word_1_246' title='bbox 277 1468 318 1497; x_wconf 78' lang='lat' dir='ltr'><strong>Ex</strong></span> <span class='ocrx_word' id='word_1_247' title='bbox 331 1470 482 1497; x_wconf 86' lang='lat' dir='ltr'><strong>mutatione</strong></span> <span class='ocrx_word' id='word_1_248' title='bbox 502 1475 527 1497; x_wconf 91' lang='lat' dir='ltr'><strong>et</strong></span> <span class='ocrx_word' id='word_1_249' title='bbox 546 1470 671 1504; x_wconf 80' lang='lat' dir='ltr'><strong>profectu</strong></span> <span class='ocrx_word' id='word_1_250' title='bbox 691 1470 787 1497; x_wconf 88' lang='lat' dir='ltr'><strong>dicunt</strong></span> <span class='ocrx_word' id='word_1_251' title='bbox 808 1474 936 1497; x_wconf 84' lang='lat' dir='ltr'><strong>constare</strong></span> <span class='ocrx_word' id='word_1_252' title='bbox 948 1469 1068 1497; x_wconf 88' lang='lat' dir='ltr'><strong>Trinita-</strong></span> 
     </span>
    </p>
   </div>
   <div class='ocr_carea' id='block_1_33' title="bbox 277 1515 1068 1550">
    <p class='ocr_par' dir='ltr' id='par_1_33' title="bbox 277 1515 1068 1550">
     <span class='ocr_line' id='line_1_33' title="bbox 277 1515 1068 1550; baseline 0.003 -8"><span class='ocrx_word' id='word_1_253' title='bbox 277 1521 344 1547; x_wconf 87' lang='lat' dir='ltr'><strong>tem,</strong></span> <span class='ocrx_word' id='word_1_254' title='bbox 369 1523 402 1543; x_wconf 88' lang='lat' dir='ltr'><strong>ac</strong></span> <span class='ocrx_word' id='word_1_255' title='bbox 433 1516 592 1542; x_wconf 87' lang='lat' dir='ltr'><strong>dualitatem</strong></span> <span class='ocrx_word' id='word_1_256' title='bbox 617 1515 727 1550; x_wconf 89' lang='lat' dir='ltr'><strong>quidem</strong></span> <span class='ocrx_word' id='word_1_257' title='bbox 750 1523 822 1548; x_wconf 88' lang='lat' dir='ltr'><strong>esse,</strong></span> <span class='ocrx_word' id='word_1_258' title='bbox 842 1515 888 1543; x_wconf 90' lang='lat' dir='ltr'><strong>sed</strong></span> <span class='ocrx_word' id='word_1_259' title='bbox 911 1521 1068 1550; x_wconf 83' lang='lat' dir='ltr'><strong>exspectare</strong></span> 
     </span>
    </p>
   </div>
   <div class='ocr_carea' id='block_1_34' title="bbox 276 1561 1065 1596">
    <p class='ocr_par' dir='ltr' id='par_1_34' title="bbox 276 1561 1065 1596">
     <span class='ocr_line' id='line_1_34' title="bbox 276 1561 1065 1596; baseline 0.003 -8"><span class='ocrx_word' id='word_1_260' title='bbox 276 1567 410 1588; x_wconf 75' lang='lat' dir='ltr'><strong>creaturze</strong></span> <span class='ocrx_word' id='word_1_261' title='bbox 423 1561 641 1596; x_wconf 76' lang='lat' dir='ltr'><strong>productionem,</strong></span> <span class='ocrx_word' id='word_1_262' title='bbox 654 1566 683 1589; x_wconf 93' lang='lat' dir='ltr'><strong>ut</strong></span> <span class='ocrx_word' id='word_1_263' title='bbox 699 1570 762 1589; x_wconf 92' lang='lat' dir='ltr'><strong>cum</strong></span> <span class='ocrx_word' id='word_1_264' title='bbox 779 1561 859 1589; x_wconf 81' lang='lat' dir='ltr'><strong>Patre</strong></span> <span class='ocrx_word' id='word_1_265' title='bbox 883 1568 910 1589; x_wconf 89' lang='lat' dir='ltr'><strong>et</strong></span> <span class='ocrx_word' id='word_1_266' title='bbox 933 1562 1002 1590; x_wconf 89' lang='lat' dir='ltr'><strong>Filio</strong></span> <span class='ocrx_word' id='word_1_267' title='bbox 1017 1571 1065 1590; x_wconf 93' lang='lat' dir='ltr'><strong>co-</strong></span> 
     </span>
    </p>
   </div>
   <div class='ocr_carea' id='block_1_35' title="bbox 277 1607 1066 1643">
    <p class='ocr_par' dir='ltr' id='par_1_35' title="bbox 277 1607 1066 1643">
     <span class='ocr_line' id='line_1_35' title="bbox 277 1607 1066 1643; baseline 0.003 -10"><span class='ocrx_word' id='word_1_268' title='bbox 277 1607 387 1642; x_wconf 82' lang='lat' dir='ltr'><strong>puletut‘</strong></span> <span class='ocrx_word' id='word_1_269' title='bbox 401 1612 428 1634; x_wconf 90' lang='lat' dir='ltr'><strong>et</strong></span> <span class='ocrx_word' id='word_1_270' title='bbox 450 1607 497 1634; x_wconf 83' lang='lat' dir='ltr'><strong>ﬂat</strong></span> <span class='ocrx_word' id='word_1_271' title='bbox 524 1607 656 1635; x_wconf 83' lang='lat' dir='ltr'><strong>Trinitas.</strong></span> <span class='ocrx_word' id='word_1_272' title='bbox 679 1607 759 1634; x_wconf 79' lang='lat' dir='ltr'><strong>Absit</strong></span> <span class='ocrx_word' id='word_1_273' title='bbox 772 1613 801 1635; x_wconf 92' lang='lat' dir='ltr'><strong>ut</strong></span> <span class='ocrx_word' id='word_1_274' title='bbox 819 1608 884 1643; x_wconf 93' lang='lat' dir='ltr'><strong>quid</strong></span> <span class='ocrx_word' id='word_1_275' title='bbox 909 1608 1066 1643; x_wconf 87' lang='lat' dir='ltr'><strong>hujusmodi</strong></span> 
     </span>
    </p>
   </div>
   <div class='ocr_carea' id='block_1_36' title="bbox 277 1652 1068 1688">
    <p class='ocr_par' dir='ltr' id='par_1_36' title="bbox 277 1652 1068 1688">
     <span class='ocr_line' id='line_1_36' title="bbox 277 1652 1068 1688; baseline 0.001 -9"><span class='ocrx_word' id='word_1_276' title='bbox 277 1654 318 1679; x_wconf 83' lang='lat' dir='ltr'><strong>vel</strong></span> <span class='ocrx_word' id='word_1_277' title='bbox 330 1653 356 1679; x_wconf 94' lang='lat' dir='ltr'><strong>iu</strong></span> <span class='ocrx_word' id='word_1_278' title='bbox 370 1657 487 1679; x_wconf 87' lang='lat' dir='ltr'><strong>mentem</strong></span> <span class='ocrx_word' id='word_1_279' title='bbox 500 1661 620 1688; x_wconf 82' lang='lat' dir='ltr'><strong>unquam</strong></span> <span class='ocrx_word' id='word_1_280' title='bbox 632 1653 850 1679; x_wconf 84' lang='lat' dir='ltr'><strong>Christianorum</strong></span> <span class='ocrx_word' id='word_1_281' title='bbox 866 1653 954 1680; x_wconf 82' lang='lat' dir='ltr'><strong>cadat.</strong></span> <span class='ocrx_word' id='word_1_282' title='bbox 968 1652 1068 1686; x_wconf 85' lang='lat' dir='ltr'><strong>Quem-</strong></span> 
     </span>
    </p>
   </div>
   <div class='ocr_carea' id='block_1_37' title="bbox 279 1697 1068 1734">
    <p class='ocr_par' dir='ltr' id='par_1_37' title="bbox 279 1697 1068 1734">
     <span class='ocr_line' id='line_1_37' title="bbox 279 1697 1068 1734; baseline 0.005 -10"><span class='ocrx_word' id='word_1_283' title='bbox 279 1697 425 1726; x_wconf 81' lang='lat' dir='ltr'><strong>admodum</strong></span> <span class='ocrx_word' id='word_1_284' title='bbox 453 1698 525 1724; x_wconf 91' lang='lat' dir='ltr'><strong>enim</strong></span> <span class='ocrx_word' id='word_1_285' title='bbox 550 1697 635 1725; x_wconf 84' lang='lat' dir='ltr'><strong>Filius</strong></span> <span class='ocrx_word' id='word_1_286' title='bbox 653 1706 715 1725; x_wconf 88' lang='lat' dir='ltr'><strong>cum</strong></span> <span class='ocrx_word' id='word_1_287' title='bbox 741 1706 849 1734; x_wconf 87' lang='lat' dir='ltr'><strong>semper</strong></span> <span class='ocrx_word' id='word_1_288' title='bbox 877 1701 922 1732; x_wconf 87' lang='lat' dir='ltr'><strong>sit,</strong></span> <span class='ocrx_word' id='word_1_289' title='bbox 948 1708 1003 1727; x_wconf 89' lang='lat' dir='ltr'><strong>non</strong></span> <span class='ocrx_word' id='word_1_290' title='bbox 1025 1705 1068 1728; x_wconf 91' lang='lat' dir='ltr'><strong>est</strong></span> 
     </span>
    </p>
   </div>
   <div class='ocr_carea' id='block_1_38' title="bbox 279 1742 1067 1780">
    <p class='ocr_par' dir='ltr' id='par_1_38' title="bbox 279 1742 1067 1780">
     <span class='ocr_line' id='line_1_38' title="bbox 279 1742 1067 1780; baseline 0.005 -10"><span class='ocrx_word' id='word_1_291' title='bbox 279 1748 406 1770; x_wconf 63' lang='lat' dir='ltr'><strong>creatura</strong></span> <span class='ocrx_word' id='word_1_292' title='bbox 418 1752 425 1776; x_wconf 90' lang='lat'>;</span> <span class='ocrx_word' id='word_1_293' title='bbox 439 1744 479 1771; x_wconf 89' lang='lat' dir='ltr'><strong>sic</strong></span> <span class='ocrx_word' id='word_1_294' title='bbox 495 1742 623 1778; x_wconf 82' lang='lat' dir='ltr'><strong>quoniam</strong></span> <span class='ocrx_word' id='word_1_295' title='bbox 647 1753 753 1780; x_wconf 87' lang='lat' dir='ltr'><strong>semper</strong></span> <span class='ocrx_word' id='word_1_296' title='bbox 780 1751 821 1773; x_wconf 89' lang='lat' dir='ltr'><strong>est</strong></span> <span class='ocrx_word' id='word_1_297' title='bbox 844 1745 976 1778; x_wconf 86' lang='lat' dir='ltr'><strong>Trinitas,</strong></span> <span class='ocrx_word' id='word_1_298' title='bbox 991 1746 1018 1773; x_wconf 92' lang='lat' dir='ltr'><strong>in</strong></span> <span class='ocrx_word' id='word_1_299' title='bbox 1035 1754 1067 1774; x_wconf 87' lang='lat' dir='ltr'><strong>ea</strong></span> 
     </span>
    </p>
   </div>
   <div class='ocr_carea' id='block_1_39' title="bbox 281 1790 1068 1825">
    <p class='ocr_par' dir='ltr' id='par_1_39' title="bbox 281 1790 1068 1825">
     <span class='ocr_line' id='line_1_39' title="bbox 281 1790 1068 1825; baseline 0.004 -9"><span class='ocrx_word' id='word_1_300' title='bbox 281 1790 355 1817; x_wconf 91' lang='lat' dir='ltr'><strong>nulla</strong></span> <span class='ocrx_word' id='word_1_301' title='bbox 370 1795 412 1817; x_wconf 88' lang='lat' dir='ltr'><strong>est</strong></span> <span class='ocrx_word' id='word_1_302' title='bbox 424 1795 560 1822; x_wconf 84' lang='lat' dir='ltr'><strong>creatura,</strong></span> <span class='ocrx_word' id='word_1_303' title='bbox 589 1795 672 1825; x_wconf 86' lang='lat' dir='ltr'><strong>atque</strong></span> <span class='ocrx_word' id='word_1_304' title='bbox 698 1792 766 1818; x_wconf 89' lang='lat' dir='ltr'><strong>adeo</strong></span> <span class='ocrx_word' id='word_1_305' title='bbox 793 1799 846 1818; x_wconf 93' lang='lat' dir='ltr'><strong>non</strong></span> <span class='ocrx_word' id='word_1_306' title='bbox 875 1797 916 1820; x_wconf 90' lang='lat' dir='ltr'><strong>est</strong></span> <span class='ocrx_word' id='word_1_307' title='bbox 943 1797 1068 1820; x_wconf 89' lang='lat' dir='ltr'><strong>creatura</strong></span> 
     </span>
    </p>
   </div>
   <div class='ocr_carea' id='block_1_40' title="bbox 282 1835 1065 1871">
    <p class='ocr_par' dir='ltr' id='par_1_40' title="bbox 282 1835 1065 1871">
     <span class='ocr_line' id='line_1_40' title="bbox 282 1835 1065 1871; baseline 0.005 -9"><span class='ocrx_word' id='word_1_308' title='bbox 282 1836 410 1871; x_wconf 79' lang='lat' dir='ltr'><strong>Spiritus.</strong></span> <span class='ocrx_word' id='word_1_309' title='bbox 431 1835 507 1863; x_wconf 88' lang='lat' dir='ltr'><strong>Sicut</strong></span> <span class='ocrx_word' id='word_1_310' title='bbox 521 1837 593 1863; x_wconf 92' lang='lat' dir='ltr'><strong>enim</strong></span> <span class='ocrx_word' id='word_1_311' title='bbox 612 1844 719 1871; x_wconf 83' lang='lat' dir='ltr'><strong>semper</strong></span> <span class='ocrx_word' id='word_1_312' title='bbox 742 1836 803 1869; x_wconf 80' lang='lat' dir='ltr'><strong>fuit,</strong></span> <span class='ocrx_word' id='word_1_313' title='bbox 819 1838 854 1865; x_wconf 90' lang='lat' dir='ltr'><strong>ita</strong></span> <span class='ocrx_word' id='word_1_314' title='bbox 870 1844 896 1865; x_wconf 89' lang='lat' dir='ltr'><strong>et</strong></span> <span class='ocrx_word' id='word_1_315' title='bbox 921 1847 992 1866; x_wconf 91' lang='lat' dir='ltr'><strong>nunc</strong></span> <span class='ocrx_word' id='word_1_316' title='bbox 1004 1844 1045 1866; x_wconf 91' lang='lat' dir='ltr'><strong>est</strong></span> <span class='ocrx_word' id='word_1_317' title='bbox 1059 1847 1065 1866; x_wconf 93' lang='lat'>:</span> 
     </span>
    </p>
   </div>
   <div class='ocr_carea' id='block_1_41' title="bbox 279 1882 1066 1918">
    <p class='ocr_par' dir='ltr' id='par_1_41' title="bbox 279 1882 1066 1918">
     <span class='ocr_line' id='line_1_41' title="bbox 279 1882 1066 1918; baseline 0.003 -9"><span class='ocrx_word' id='word_1_318' title='bbox 279 1887 307 1909; x_wconf 86' lang='lat' dir='ltr'><strong>et</strong></span> <span class='ocrx_word' id='word_1_319' title='bbox 321 1882 393 1909; x_wconf 92' lang='lat' dir='ltr'><strong>sicut</strong></span> <span class='ocrx_word' id='word_1_320' title='bbox 407 1890 479 1909; x_wconf 88' lang='lat' dir='ltr'><strong>nunc</strong></span> <span class='ocrx_word' id='word_1_321' title='bbox 492 1887 543 1912; x_wconf 88' lang='lat' dir='ltr'><strong>est,</strong></span> <span class='ocrx_word' id='word_1_322' title='bbox 559 1882 594 1909; x_wconf 89' lang='lat' dir='ltr'><strong>ita</strong></span> <span class='ocrx_word' id='word_1_323' title='bbox 611 1890 718 1917; x_wconf 87' lang='lat' dir='ltr'><strong>semper</strong></span> <span class='ocrx_word' id='word_1_324' title='bbox 738 1882 802 1916; x_wconf 80' lang='lat' dir='ltr'><strong>fuit,</strong></span> <span class='ocrx_word' id='word_1_325' title='bbox 819 1888 916 1918; x_wconf 80' lang='lat' dir='ltr'><strong>estque</strong></span> <span class='ocrx_word' id='word_1_326' title='bbox 935 1884 1066 1916; x_wconf 83' lang='lat' dir='ltr'><strong>Trinitas,</strong></span> 
     </span>
    </p>
   </div>
   <div class='ocr_carea' id='block_1_42' title="bbox 279 1927 1068 1963">
    <p class='ocr_par' dir='ltr' id='par_1_42' title="bbox 279 1927 1068 1963">
     <span class='ocr_line' id='line_1_42' title="bbox 279 1927 1068 1963; baseline 0.004 -9"><span class='ocrx_word' id='word_1_327' title='bbox 279 1932 309 1955; x_wconf 86' lang='lat' dir='ltr'><strong>et</strong></span> <span class='ocrx_word' id='word_1_328' title='bbox 324 1928 350 1954; x_wconf 94' lang='lat' dir='ltr'><strong>iu</strong></span> <span class='ocrx_word' id='word_1_329' title='bbox 365 1928 423 1963; x_wconf 89' lang='lat' dir='ltr'><strong>ipsa</strong></span> <span class='ocrx_word' id='word_1_330' title='bbox 435 1927 525 1961; x_wconf 86' lang='lat' dir='ltr'><strong>Pater,</strong></span> <span class='ocrx_word' id='word_1_331' title='bbox 541 1927 638 1961; x_wconf 83' lang='lat' dir='ltr'><strong>Filius,</strong></span> <span class='ocrx_word' id='word_1_332' title='bbox 649 1927 804 1963; x_wconf 86' lang='lat' dir='ltr'><strong>etSpiritus</strong></span> <span class='ocrx_word' id='word_1_333' title='bbox 817 1934 938 1956; x_wconf 77' lang='lat' dir='ltr'><strong>sanctus.</strong></span> <span class='ocrx_word' id='word_1_334' title='bbox 952 1929 986 1956; x_wconf 90' lang='lat' dir='ltr'><strong>Et</strong></span> <span class='ocrx_word' id='word_1_335' title='bbox 997 1938 1068 1958; x_wconf 86' lang='lat' dir='ltr'><strong>unus</strong></span> 
     </span>
    </p>
   </div>
   <div class='ocr_carea' id='block_1_43' title="bbox 279 1973 1067 2010">
    <p class='ocr_par' dir='ltr' id='par_1_43' title="bbox 279 1973 1067 2010">
     <span class='ocr_line' id='line_1_43' title="bbox 279 1973 1067 2010; baseline 0.001 -9"><span class='ocrx_word' id='word_1_336' title='bbox 279 1978 322 2001; x_wconf 88' lang='lat' dir='ltr'><strong>cst</strong></span> <span class='ocrx_word' id='word_1_337' title='bbox 337 1973 408 2001; x_wconf 87' lang='lat' dir='ltr'><strong>Deus</strong></span> <span class='ocrx_word' id='word_1_338' title='bbox 422 1974 512 2005; x_wconf 81' lang='lat' dir='ltr'><strong>Pater,</strong></span> <span class='ocrx_word' id='word_1_339' title='bbox 524 1974 572 2008; x_wconf 91' lang='lat' dir='ltr'><strong>qui</strong></span> <span class='ocrx_word' id='word_1_340' title='bbox 587 1978 629 2001; x_wconf 90' lang='lat' dir='ltr'><strong>est</strong></span> <span class='ocrx_word' id='word_1_341' title='bbox 645 1982 726 2009; x_wconf 90' lang='lat' dir='ltr'><strong>super</strong></span> <span class='ocrx_word' id='word_1_342' title='bbox 738 1975 840 2007; x_wconf 87' lang='lat' dir='ltr'><strong>omnia,</strong></span> <span class='ocrx_word' id='word_1_343' title='bbox 859 1979 886 2002; x_wconf 92' lang='lat' dir='ltr'><strong>et</strong></span> <span class='ocrx_word' id='word_1_344' title='bbox 904 1982 952 2010; x_wconf 91' lang='lat' dir='ltr'><strong>per</strong></span> <span class='ocrx_word' id='word_1_345' title='bbox 965 1975 1067 2008; x_wconf 88' lang='lat' dir='ltr'><strong>omnia,</strong></span> 
     </span>
    </p>
   </div>
   <div class='ocr_carea' id='block_1_44' title="bbox 279 2019 1067 2055">
    <p class='ocr_par' dir='ltr' id='par_1_44' title="bbox 279 2019 1067 2055">
     <span class='ocr_line' id='line_1_44' title="bbox 279 2019 1067 2055; baseline 0.004 -9"><span class='ocrx_word' id='word_1_346' title='bbox 279 2024 306 2046; x_wconf 90' lang='lat' dir='ltr'><strong>et</strong></span> <span class='ocrx_word' id='word_1_347' title='bbox 317 2019 343 2046; x_wconf 92' lang='lat' dir='ltr'><strong>in</strong></span> <span class='ocrx_word' id='word_1_348' title='bbox 356 2020 484 2047; x_wconf 84' lang='lat' dir='ltr'><strong>omnibus</strong></span> <span class='ocrx_word' id='word_1_349' title='bbox 498 2028 505 2053; x_wconf 83' lang='lat'><strong>;</strong></span> <span class='ocrx_word' id='word_1_350' title='bbox 519 2020 565 2055; x_wconf 88' lang='lat' dir='ltr'><strong>qui</strong></span> <span class='ocrx_word' id='word_1_351' title='bbox 578 2025 620 2047; x_wconf 88' lang='lat' dir='ltr'><strong>est</strong></span> <span class='ocrx_word' id='word_1_352' title='bbox 631 2020 789 2047; x_wconf 83' lang='lat' dir='ltr'><strong>benedictus</strong></span> <span class='ocrx_word' id='word_1_353' title='bbox 805 2021 831 2047; x_wconf 94' lang='lat' dir='ltr'><strong>iu</strong></span> <span class='ocrx_word' id='word_1_354' title='bbox 846 2021 955 2048; x_wconf 64' lang='lat' dir='ltr'><strong>saecula.</strong></span> <span class='ocrx_word' id='word_1_355' title='bbox 970 2022 1067 2050; x_wconf 82' lang='lat' dir='ltr'><strong>Amen.</strong></span> 
     </span>
    </p>
   </div>
   <div class='ocr_carea' id='block_1_45' title="bbox 279 2065 1068 2102">
    <p class='ocr_par' dir='ltr' id='par_1_45' title="bbox 279 2065 1068 2102">
     <span class='ocr_line' id='line_1_45' title="bbox 279 2065 1068 2102; baseline 0.004 -10"><span class='ocrx_word' id='word_1_356' title='bbox 279 2065 336 2100; x_wconf 80' lang='lat' dir='ltr'><strong>Ego</strong></span> <span class='ocrx_word' id='word_1_357' title='bbox 351 2066 472 2100; x_wconf 89' lang='lat' dir='ltr'><strong>quidem,</strong></span> <span class='ocrx_word' id='word_1_358' title='bbox 488 2071 517 2093; x_wconf 93' lang='lat' dir='ltr'><strong>ut</strong></span> <span class='ocrx_word' id='word_1_359' title='bbox 529 2066 702 2101; x_wconf 75' lang='lat' dir='ltr'><strong>signiﬁcasti,</strong></span> <span class='ocrx_word' id='word_1_360' title='bbox 720 2066 777 2094; x_wconf 72' lang='lat' dir='ltr'><strong>lucc</strong></span> <span class='ocrx_word' id='word_1_361' title='bbox 796 2067 892 2101; x_wconf 83' lang='lat' dir='ltr'><strong>paucis</strong></span> <span class='ocrx_word' id='word_1_362' title='bbox 913 2069 1068 2102; x_wconf 87' lang='lat' dir='ltr'><strong>conscripta</strong></span> 
     </span>
    </p>
   </div>
   <div class='ocr_carea' id='block_1_46' title="bbox 279 2113 1068 2150">
    <p class='ocr_par' dir='ltr' id='par_1_46' title="bbox 279 2113 1068 2150">
     <span class='ocr_line' id='line_1_46' title="bbox 279 2113 1068 2150; baseline 0.003 -11"><span class='ocrx_word' id='word_1_363' title='bbox 279 2113 313 2140; x_wconf 83' lang='lat' dir='ltr'><strong>ad</strong></span> <span class='ocrx_word' id='word_1_364' title='bbox 334 2118 359 2140; x_wconf 89' lang='lat' dir='ltr'><strong>te</strong></span> <span class='ocrx_word' id='word_1_365' title='bbox 373 2113 444 2140; x_wconf 89' lang='lat' dir='ltr'><strong>misi.</strong></span> <span class='ocrx_word' id='word_1_366' title='bbox 462 2113 502 2139; x_wconf 93' lang='lat' dir='ltr'><strong>Tu</strong></span> <span class='ocrx_word' id='word_1_367' title='bbox 515 2121 579 2139; x_wconf 88' lang='lat' dir='ltr'><strong>vero</strong></span> <span class='ocrx_word' id='word_1_368' title='bbox 601 2113 721 2148; x_wconf 86' lang='lat' dir='ltr'><strong>prudens</strong></span> <span class='ocrx_word' id='word_1_369' title='bbox 747 2121 810 2140; x_wconf 91' lang='lat' dir='ltr'><strong>cum</strong></span> <span class='ocrx_word' id='word_1_370' title='bbox 843 2114 893 2146; x_wconf 86' lang='lat' dir='ltr'><strong>sis,</strong></span> <span class='ocrx_word' id='word_1_371' title='bbox 918 2114 941 2141; x_wconf 93' lang='lat' dir='ltr'><strong>si</strong></span> <span class='ocrx_word' id='word_1_372' title='bbox 959 2115 1023 2150; x_wconf 91' lang='lat' dir='ltr'><strong>quid</strong></span> <span class='ocrx_word' id='word_1_373' title='bbox 1041 2115 1068 2142; x_wconf 90' lang='lat' dir='ltr'><strong>in</strong></span> 
     </span>
    </p>
   </div>
   <div class='ocr_carea' id='block_1_47' title="bbox 283 2158 1068 2194">
    <p class='ocr_par' dir='ltr' id='par_1_47' title="bbox 283 2158 1068 2194">
     <span class='ocr_line' id='line_1_47' title="bbox 283 2158 1068 2194; baseline 0.004 -9"><span class='ocrx_word' id='word_1_374' title='bbox 283 2159 327 2186; x_wconf 86' lang='lat' dir='ltr'><strong>his</strong></span> <span class='ocrx_word' id='word_1_375' title='bbox 340 2158 435 2191; x_wconf 86' lang='lat' dir='ltr'><strong>deerit,</strong></span> <span class='ocrx_word' id='word_1_376' title='bbox 456 2158 493 2191; x_wconf 88' lang='lat' dir='ltr'><strong>id,</strong></span> <span class='ocrx_word' id='word_1_377' title='bbox 505 2166 609 2193; x_wconf 60' lang='lat' dir='ltr'><strong>quaso,</strong></span> <span class='ocrx_word' id='word_1_378' title='bbox 632 2159 771 2194; x_wconf 87' lang='lat' dir='ltr'><strong>suppleas,</strong></span> <span class='ocrx_word' id='word_1_379' title='bbox 787 2164 814 2186; x_wconf 93' lang='lat' dir='ltr'><strong>et</strong></span> <span class='ocrx_word' id='word_1_380' title='bbox 829 2160 987 2188; x_wconf 86' lang='lat' dir='ltr'><strong>domesticis</strong></span> <span class='ocrx_word' id='word_1_381' title='bbox 1006 2161 1068 2188; x_wconf 89' lang='lat' dir='ltr'><strong>lidei</strong></span> 
     </span>
    </p>
   </div>
   <div class='ocr_carea' id='block_1_48' title="bbox 1119 228 1892 266">
    <p class='ocr_par' dir='ltr' id='par_1_48' title="bbox 1119 228 1892 266">
     <span class='ocr_line' id='line_1_48' title="bbox 1119 228 1892 266; baseline 0 -9"><span class='ocrx_word' id='word_1_382' title='bbox 1119 231 1335 266; x_wconf 77' lang='grc' dir='ltr'>συντασσομένου</span> <span class='ocrx_word' id='word_1_383' title='bbox 1352 231 1432 266; x_wconf 74' lang='grc' dir='ltr'>αὐτῇ.</span> <span class='ocrx_word' id='word_1_384' title='bbox 1451 230 1483 256; x_wconf 83' lang='grc' dir='ltr'>Τί</span> <span class='ocrx_word' id='word_1_385' title='bbox 1493 229 1547 266; x_wconf 86' lang='grc' dir='ltr'>γὰρ</span> <span class='ocrx_word' id='word_1_386' title='bbox 1563 229 1654 256; x_wconf 79' lang='grc' dir='ltr'><strong>ἔλειπε</strong></span> <span class='ocrx_word' id='word_1_387' title='bbox 1665 228 1720 265; x_wconf 65' lang='grc'>(16)</span> <span class='ocrx_word' id='word_1_388' title='bbox 1730 228 1767 264; x_wconf 83' lang='grc' dir='ltr'>τῷ</span> <span class='ocrx_word' id='word_1_389' title='bbox 1778 229 1841 265; x_wconf 77' lang='grc' dir='ltr'>Θεῷ,</span> <span class='ocrx_word' id='word_1_390' title='bbox 1855 230 1892 257; x_wconf 79' lang='grc' dir='ltr'>ἵνα</span> 
     </span>
    </p>
   </div>
   <div class='ocr_carea' id='block_1_49' title="bbox 1118 274 1892 313">
    <p class='ocr_par' dir='ltr' id='par_1_49' title="bbox 1118 274 1892 313">
     <span class='ocr_line' id='line_1_49' title="bbox 1118 274 1892 313; baseline -0.004 -9"><span class='ocrx_word' id='word_1_391' title='bbox 1118 277 1335 312; x_wconf 79' lang='grc' dir='ltr'>ἀλ).οτριοοὺσιον</span> <span class='ocrx_word' id='word_1_392' title='bbox 1344 276 1540 313; x_wconf 78' lang='grc' dir='ltr'>προσλάὸηται,</span> <span class='ocrx_word' id='word_1_393' title='bbox 1554 276 1602 302; x_wconf 72' lang='grc' dir='ltr'>καὶ</span> <span class='ocrx_word' id='word_1_394' title='bbox 1611 276 1658 302; x_wconf 72' lang='grc' dir='ltr'>σὺν</span> <span class='ocrx_word' id='word_1_395' title='bbox 1668 274 1740 310; x_wconf 85' lang='grc' dir='ltr'><strong>αὑτῷ</strong></span> <span class='ocrx_word' id='word_1_396' title='bbox 1745 275 1878 310; x_wconf 74' lang='grc' dir='ltr'><strong>δοξάζηται</strong></span> <span class='ocrx_word' id='word_1_397' title='bbox 1887 285 1892 307; x_wconf 92' lang='grc'>;</span> 
     </span>
    </p>
   </div>
   <div class='ocr_carea' id='block_1_50' title="bbox 1119 321 1894 360">
    <p class='ocr_par' dir='ltr' id='par_1_50' title="bbox 1119 321 1894 360">
     <span class='ocr_line' id='line_1_50' title="bbox 1119 321 1894 360; baseline -0.003 -10"><span class='ocrx_word' id='word_1_398' title='bbox 1119 325 1165 360; x_wconf 81' lang='grc' dir='ltr'><strong>Μὴ</strong></span> <span class='ocrx_word' id='word_1_399' title='bbox 1182 325 1304 359; x_wconf 80' lang='grc' dir='ltr'>γένοιτοῐ</span> <span class='ocrx_word' id='word_1_400' title='bbox 1333 325 1389 350; x_wconf 80' lang='grc' dir='ltr'><strong>υὺκ</strong></span> <span class='ocrx_word' id='word_1_401' title='bbox 1405 324 1477 350; x_wconf 78' lang='grc' dir='ltr'>ἔστιν</span> <span class='ocrx_word' id='word_1_402' title='bbox 1494 322 1590 354; x_wconf 78' lang='grc' dir='ltr'><strong>οὕτως.</strong></span> <span class='ocrx_word' id='word_1_403' title='bbox 1623 332 1632 347; x_wconf 77' lang='grc' dir='ltr'>ι</span> <span class='ocrx_word' id='word_1_404' title='bbox 1649 321 1773 357; x_wconf 76' lang='grc' dir='ltr'>Πλήρης,</span> <span class='ocrx_word' id='word_1_405' title='bbox 1789 331 1798 346; x_wconf 87' lang='grc'><strong>›</strong></span> <span class='ocrx_word' id='word_1_406' title='bbox 1823 321 1894 354; x_wconf 72' lang='grc' dir='ltr'>αὐτὸς</span> 
     </span>
    </p>
   </div>
   <div class='ocr_carea' id='block_1_51' title="bbox 1119 367 1893 406">
    <p class='ocr_par' dir='ltr' id='par_1_51' title="bbox 1119 367 1893 406">
     <span class='ocr_line' id='line_1_51' title="bbox 1119 367 1893 406; baseline -0.005 -9"><span class='ocrx_word' id='word_1_407' title='bbox 1119 369 1206 402; x_wconf 74' lang='grc' dir='ltr'>εἶπεν,</span> <span class='ocrx_word' id='word_1_408' title='bbox 1227 381 1235 396; x_wconf 82' lang='grc' dir='ltr'>ι</span> <span class='ocrx_word' id='word_1_409' title='bbox 1248 370 1313 406; x_wconf 85' lang='grc' dir='ltr'>εἰμί.</span> <span class='ocrx_word' id='word_1_410' title='bbox 1329 380 1337 396; x_wconf 76' lang='grc' dir='ltr'>ι</span> <span class='ocrx_word' id='word_1_411' title='bbox 1357 370 1406 396; x_wconf 84' lang='grc' dir='ltr'><strong>Διὰ</strong></span> <span class='ocrx_word' id='word_1_412' title='bbox 1422 370 1499 396; x_wconf 85' lang='grc' dir='ltr'>τοῦτο</span> <span class='ocrx_word' id='word_1_413' title='bbox 1513 369 1594 400; x_wconf 77' lang='grc' dir='ltr'>αὐτὸς</span> <span class='ocrx_word' id='word_1_414' title='bbox 1608 368 1622 394; x_wconf 86' lang='grc' dir='ltr'>ὁ</span> <span class='ocrx_word' id='word_1_415' title='bbox 1636 368 1734 403; x_wconf 76' lang='grc' dir='ltr'>Κύριος</span> <span class='ocrx_word' id='word_1_416' title='bbox 1745 367 1782 402; x_wconf 80' lang='grc' dir='ltr'>τῷ</span> <span class='ocrx_word' id='word_1_417' title='bbox 1795 368 1893 402; x_wconf 77' lang='grc' dir='ltr'>ὀνόματι</span> 
     </span>
    </p>
   </div>
   <div class='ocr_carea' id='block_1_52' title="bbox 1118 413 1894 452">
    <p class='ocr_par' dir='ltr' id='par_1_52' title="bbox 1118 413 1894 452">
     <span class='ocr_line' id='line_1_52' title="bbox 1118 413 1894 452; baseline -0.006 -9"><span class='ocrx_word' id='word_1_418' title='bbox 1118 417 1164 443; x_wconf 76' lang='grc' dir='ltr'>τοῦ</span> <span class='ocrx_word' id='word_1_419' title='bbox 1176 417 1282 452; x_wconf 79' lang='grc' dir='ltr'>Πατρὺς</span> <span class='ocrx_word' id='word_1_420' title='bbox 1291 416 1345 451; x_wconf 80' lang='lat' dir='ltr'><strong>(l7)</strong></span> <span class='ocrx_word' id='word_1_421' title='bbox 1357 416 1421 442; x_wconf 80' lang='grc' dir='ltr'>αὐτὸ</span> <span class='ocrx_word' id='word_1_422' title='bbox 1436 414 1580 446; x_wconf 76' lang='grc' dir='ltr'>συνέταξεν</span> <span class='ocrx_word' id='word_1_423' title='bbox 1590 423 1596 429; x_wconf 90' lang='grc'><strong>·</strong></span> <span class='ocrx_word' id='word_1_424' title='bbox 1611 414 1653 440; x_wconf 82' lang='grc' dir='ltr'><strong>ἵνα</strong></span> <span class='ocrx_word' id='word_1_425' title='bbox 1664 413 1746 449; x_wconf 77' lang='grc' dir='ltr'>δείξῃ,</span> <span class='ocrx_word' id='word_1_426' title='bbox 1756 414 1794 439; x_wconf 84' lang='grc' dir='ltr'>ὃτι</span> <span class='ocrx_word' id='word_1_427' title='bbox 1809 414 1854 439; x_wconf 76' lang='grc' dir='ltr'>οὐκ</span> <span class='ocrx_word' id='word_1_428' title='bbox 1867 414 1894 439; x_wconf 76' lang='grc' dir='ltr'>ἐκ</span> 
     </span>
    </p>
   </div>
   <div class='ocr_carea' id='block_1_53' title="bbox 1118 460 1892 500">
    <p class='ocr_par' dir='ltr' id='par_1_53' title="bbox 1118 460 1892 500">
     <span class='ocr_line' id='line_1_53' title="bbox 1118 460 1892 500; baseline -0.006 -10"><span class='ocrx_word' id='word_1_429' title='bbox 1118 464 1263 500; x_wconf 72' lang='grc' dir='ltr'>διαφόρων,</span> <span class='ocrx_word' id='word_1_430' title='bbox 1278 463 1414 490; x_wconf 79' lang='grc' dir='ltr'><strong>τουτέστιν</strong></span> <span class='ocrx_word' id='word_1_431' title='bbox 1427 464 1458 489; x_wconf 79' lang='grc' dir='ltr'>ὲκ</span> <span class='ocrx_word' id='word_1_432' title='bbox 1472 462 1580 488; x_wconf 84' lang='grc' dir='ltr'>κτίστου</span> <span class='ocrx_word' id='word_1_433' title='bbox 1595 461 1642 488; x_wconf 81' lang='grc' dir='ltr'><strong>καὶ</strong></span> <span class='ocrx_word' id='word_1_434' title='bbox 1656 460 1800 495; x_wconf 74' lang='grc' dir='ltr'><strong>κτίσματος</strong></span> <span class='ocrx_word' id='word_1_435' title='bbox 1814 480 1821 492; x_wconf 88' lang='grc'><strong>,</strong></span> <span class='ocrx_word' id='word_1_436' title='bbox 1837 468 1892 486; x_wconf 86' lang='grc' dir='ltr'>συν-</span> 
     </span>
    </p>
   </div>
   <div class='ocr_carea' id='block_1_54' title="bbox 1119 506 1893 546">
    <p class='ocr_par' dir='ltr' id='par_1_54' title="bbox 1119 506 1893 546">
     <span class='ocr_line' id='line_1_54' title="bbox 1119 506 1893 546; baseline -0.005 -9"><span class='ocrx_word' id='word_1_437' title='bbox 1119 510 1233 546; x_wconf 78' lang='grc' dir='ltr'>έστηκεν</span> <span class='ocrx_word' id='word_1_438' title='bbox 1247 511 1263 545; x_wconf 87' lang='grc' dir='ltr'>ὴ</span> <span class='ocrx_word' id='word_1_439' title='bbox 1275 510 1341 544; x_wconf 85' lang='grc' dir='ltr'>ἁγία</span> <span class='ocrx_word' id='word_1_440' title='bbox 1353 509 1447 545; x_wconf 78' lang='grc' dir='ltr'><strong>Τριάς·</strong></span> <span class='ocrx_word' id='word_1_441' title='bbox 1457 508 1525 535; x_wconf 78' lang='grc' dir='ltr'>ἀλλὰ</span> <span class='ocrx_word' id='word_1_442' title='bbox 1538 507 1586 543; x_wconf 87' lang='grc' dir='ltr'><strong>μία</strong></span> <span class='ocrx_word' id='word_1_443' title='bbox 1597 507 1697 542; x_wconf 71' lang='grc' dir='ltr'>ταύτης</span> <span class='ocrx_word' id='word_1_444' title='bbox 1707 507 1723 542; x_wconf 89' lang='grc' dir='ltr'><strong>ἡ</strong></span> <span class='ocrx_word' id='word_1_445' title='bbox 1735 506 1824 542; x_wconf 79' lang='grc' dir='ltr'>Θεότης</span> <span class='ocrx_word' id='word_1_446' title='bbox 1834 506 1893 533; x_wconf 75' lang='grc' dir='ltr'>ἐστι.</span> 
     </span>
    </p>
   </div>
   <div class='ocr_carea' id='block_1_55' title="bbox 1119 550 1894 592">
    <p class='ocr_par' dir='ltr' id='par_1_55' title="bbox 1119 550 1894 592">
     <span class='ocr_line' id='line_1_55' title="bbox 1119 550 1894 592; baseline -0.009 -8"><span class='ocrx_word' id='word_1_447' title='bbox 1119 557 1204 584; x_wconf 76' lang='grc' dir='ltr'>Τοῦτο</span> <span class='ocrx_word' id='word_1_448' title='bbox 1219 556 1312 592; x_wconf 85' lang='grc' dir='ltr'>μαθὼν</span> <span class='ocrx_word' id='word_1_449' title='bbox 1329 557 1343 583; x_wconf 86' lang='grc' dir='ltr'>ὁ</span> <span class='ocrx_word' id='word_1_450' title='bbox 1363 555 1486 588; x_wconf 76' lang='grc' dir='ltr'>Παῦλος,</span> <span class='ocrx_word' id='word_1_451' title='bbox 1503 554 1626 581; x_wconf 75' lang='grc' dir='ltr'>ἐδίδασκε</span> <span class='ocrx_word' id='word_1_452' title='bbox 1644 553 1708 589; x_wconf 88' lang='grc' dir='ltr'>μίαν</span> <span class='ocrx_word' id='word_1_453' title='bbox 1731 550 1797 579; x_wconf 83' lang='grc' dir='ltr'>εἶναι</span> <span class='ocrx_word' id='word_1_454' title='bbox 1812 552 1856 587; x_wconf 81' lang='grc' dir='ltr'>τὴν</span> <span class='ocrx_word' id='word_1_455' title='bbox 1870 553 1894 578; x_wconf 79' lang='grc' dir='ltr'>ὲν</span> 
     </span>
    </p>
   </div>
   <div class='ocr_carea' id='block_1_56' title="bbox 1119 597 1894 639">
    <p class='ocr_par' dir='ltr' id='par_1_56' title="bbox 1119 597 1894 639">
     <span class='ocr_line' id='line_1_56' title="bbox 1119 597 1894 639; baseline -0.008 -9"><span class='ocrx_word' id='word_1_456' title='bbox 1119 604 1186 639; x_wconf 85' lang='grc' dir='ltr'>αὐτῇ</span> <span class='ocrx_word' id='word_1_457' title='bbox 1200 603 1342 638; x_wconf 79' lang='grc' dir='ltr'><strong>διδομένην</strong></span> <span class='ocrx_word' id='word_1_458' title='bbox 1357 603 1445 638; x_wconf 81' lang='grc' dir='ltr'><strong>χάριν,</strong></span> <span class='ocrx_word' id='word_1_459' title='bbox 1467 601 1552 636; x_wconf 75' lang='grc' dir='ltr'>λέγων</span> <span class='ocrx_word' id='word_1_460' title='bbox 1562 609 1568 615; x_wconf 92' lang='grc'><strong>·</strong></span> <span class='ocrx_word' id='word_1_461' title='bbox 1587 610 1595 626; x_wconf 83' lang='grc' dir='ltr'>ι</span> <span class='ocrx_word' id='word_1_462' title='bbox 1613 597 1660 631; x_wconf 79' lang='grc' dir='ltr'><strong>Εἷς</strong></span> <span class='ocrx_word' id='word_1_463' title='bbox 1674 599 1784 634; x_wconf 83' lang='grc' dir='ltr'>Κύριος,</span> <span class='ocrx_word' id='word_1_464' title='bbox 1799 599 1844 633; x_wconf 84' lang='grc' dir='ltr'><strong>μία</strong></span> <span class='ocrx_word' id='word_1_465' title='bbox 1856 598 1894 624; x_wconf 84' lang='grc' dir='ltr'>πί-</span> 
     </span>
    </p>
   </div>
   <div class='ocr_carea' id='block_1_57' title="bbox 1120 644 1893 683">
    <p class='ocr_par' dir='ltr' id='par_1_57' title="bbox 1120 644 1893 683">
     <span class='ocr_line' id='line_1_57' title="bbox 1120 644 1893 683; baseline -0.006 -8"><span class='ocrx_word' id='word_1_466' title='bbox 1120 657 1191 680; x_wconf 84' lang='grc' dir='ltr'>στις,</span> <span class='ocrx_word' id='word_1_467' title='bbox 1205 648 1233 675; x_wconf 81' lang='grc' dir='ltr'>ἓν</span> <span class='ocrx_word' id='word_1_468' title='bbox 1247 648 1396 683; x_wconf 76' lang='grc' dir='ltr'><strong>βάπτισμα.</strong></span> <span class='ocrx_word' id='word_1_469' title='bbox 1417 657 1425 673; x_wconf 74' lang='grc' dir='ltr'>ι</span> <span class='ocrx_word' id='word_1_470' title='bbox 1443 647 1549 681; x_wconf 84' lang='grc' dir='ltr'>Ὥσπερ</span> <span class='ocrx_word' id='word_1_471' title='bbox 1563 646 1592 672; x_wconf 76' lang='grc' dir='ltr'><strong>δὲ</strong></span> <span class='ocrx_word' id='word_1_472' title='bbox 1607 646 1636 672; x_wconf 80' lang='grc' dir='ltr'>ἓν</span> <span class='ocrx_word' id='word_1_473' title='bbox 1651 645 1804 680; x_wconf 80' lang='grc' dir='ltr'><strong>βάπτισμα,</strong></span> <span class='ocrx_word' id='word_1_474' title='bbox 1817 644 1893 676; x_wconf 65' lang='grc' dir='ltr'>οὕτως</span> 
     </span>
    </p>
   </div>
   <div class='ocr_carea' id='block_1_58' title="bbox 1119 690 1893 730">
    <p class='ocr_par' dir='ltr' id='par_1_58' title="bbox 1119 690 1893 730">
     <span class='ocr_line' id='line_1_58' title="bbox 1119 690 1893 730; baseline -0.005 -8"><span class='ocrx_word' id='word_1_475' title='bbox 1119 695 1165 722; x_wconf 66' lang='grc' dir='ltr'>καὶ</span> <span class='ocrx_word' id='word_1_476' title='bbox 1179 695 1227 730; x_wconf 77' lang='grc' dir='ltr'><strong>μία</strong></span> <span class='ocrx_word' id='word_1_477' title='bbox 1243 695 1333 726; x_wconf 83' lang='grc' dir='ltr'>πίστις</span> <span class='ocrx_word' id='word_1_478' title='bbox 1343 704 1349 709; x_wconf 93' lang='grc'><strong>·</strong></span> <span class='ocrx_word' id='word_1_479' title='bbox 1362 696 1376 721; x_wconf 80' lang='grc' dir='ltr'>ὁ</span> <span class='ocrx_word' id='word_1_480' title='bbox 1387 693 1441 729; x_wconf 79' lang='grc' dir='ltr'>γὰρ</span> <span class='ocrx_word' id='word_1_481' title='bbox 1454 693 1591 720; x_wconf 76' lang='grc' dir='ltr'><strong>πιστεύων</strong></span> <span class='ocrx_word' id='word_1_482' title='bbox 1604 694 1644 725; x_wconf 80' lang='grc' dir='ltr'><strong>εἰς</strong></span> <span class='ocrx_word' id='word_1_483' title='bbox 1657 693 1702 719; x_wconf 78' lang='grc' dir='ltr'>τὸν</span> <span class='ocrx_word' id='word_1_484' title='bbox 1715 692 1820 728; x_wconf 79' lang='grc' dir='ltr'><strong>Πατέρα</strong></span> <span class='ocrx_word' id='word_1_485' title='bbox 1834 690 1893 719; x_wconf 77' lang='grc' dir='ltr'>οἶδεν</span> 
     </span>
    </p>
   </div>
   <div class='ocr_carea' id='block_1_59' title="bbox 1119 738 1892 777">
    <p class='ocr_par' dir='ltr' id='par_1_59' title="bbox 1119 738 1892 777">
     <span class='ocr_line' id='line_1_59' title="bbox 1119 738 1892 777; baseline -0.005 -9"><span class='ocrx_word' id='word_1_486' title='bbox 1119 742 1148 768; x_wconf 83' lang='grc' dir='ltr'>ὲν</span> <span class='ocrx_word' id='word_1_487' title='bbox 1163 741 1202 777; x_wconf 81' lang='grc' dir='ltr'><strong>τῷ</strong></span> <span class='ocrx_word' id='word_1_488' title='bbox 1219 741 1307 777; x_wconf 74' lang='grc' dir='ltr'>Πατρὶ</span> <span class='ocrx_word' id='word_1_489' title='bbox 1322 741 1367 767; x_wconf 76' lang='grc' dir='ltr'>τὸν</span> <span class='ocrx_word' id='word_1_490' title='bbox 1379 741 1454 772; x_wconf 79' lang='grc' dir='ltr'>Υἱὸν,</span> <span class='ocrx_word' id='word_1_491' title='bbox 1472 740 1519 767; x_wconf 72' lang='grc' dir='ltr'><strong>καὶ</strong></span> <span class='ocrx_word' id='word_1_492' title='bbox 1532 739 1562 766; x_wconf 80' lang='grc' dir='ltr'>τὸ</span> <span class='ocrx_word' id='word_1_493' title='bbox 1575 739 1699 775; x_wconf 83' lang='grc' dir='ltr'><strong>Πνεῦμα,</strong></span> <span class='ocrx_word' id='word_1_494' title='bbox 1712 740 1760 765; x_wconf 85' lang='grc' dir='ltr'>οὐκ</span> <span class='ocrx_word' id='word_1_495' title='bbox 1772 738 1844 770; x_wconf 69' lang='grc' dir='ltr'>ἐκτὸς</span> <span class='ocrx_word' id='word_1_496' title='bbox 1855 738 1892 764; x_wconf 79' lang='grc' dir='ltr'>τοῦ</span> 
     </span>
    </p>
   </div>
   <div class='ocr_carea' id='block_1_60' title="bbox 1120 784 1892 820">
    <p class='ocr_par' dir='ltr' id='par_1_60' title="bbox 1120 784 1892 820">
     <span class='ocr_line' id='line_1_60' title="bbox 1120 784 1892 820; baseline -0.004 -7"><span class='ocrx_word' id='word_1_497' title='bbox 1120 787 1185 813; x_wconf 65' lang='lat' dir='ltr'><strong>Tini</strong></span> <span class='ocrx_word' id='word_1_498' title='bbox 1199 796 1204 802; x_wconf 83' lang='lat'><strong><em>-</em></strong></span> <span class='ocrx_word' id='word_1_499' title='bbox 1232 787 1279 813; x_wconf 78' lang='grc' dir='ltr'><strong>καὶ</strong></span> <span class='ocrx_word' id='word_1_500' title='bbox 1295 786 1338 813; x_wconf 81' lang='grc' dir='ltr'><strong>διὰ</strong></span> <span class='ocrx_word' id='word_1_501' title='bbox 1360 786 1438 813; x_wconf 82' lang='grc' dir='ltr'>τοῦτο</span> <span class='ocrx_word' id='word_1_502' title='bbox 1457 785 1579 812; x_wconf 80' lang='grc' dir='ltr'>πιστεύει</span> <span class='ocrx_word' id='word_1_503' title='bbox 1596 785 1643 812; x_wconf 76' lang='grc' dir='ltr'>καὶ</span> <span class='ocrx_word' id='word_1_504' title='bbox 1663 785 1718 820; x_wconf 90' lang='lat' dir='ltr'><strong>(l8)</strong></span> <span class='ocrx_word' id='word_1_505' title='bbox 1734 785 1773 816; x_wconf 80' lang='grc' dir='ltr'>είς</span> <span class='ocrx_word' id='word_1_506' title='bbox 1787 785 1830 811; x_wconf 78' lang='grc' dir='ltr'><strong>τὸν</strong></span> <span class='ocrx_word' id='word_1_507' title='bbox 1841 784 1892 810; x_wconf 82' lang='grc' dir='ltr'><strong>Υἱδν</strong></span> 
     </span>
    </p>
   </div>
   <div class='ocr_carea' id='block_1_61' title="bbox 1121 830 1893 868">
    <p class='ocr_par' dir='ltr' id='par_1_61' title="bbox 1121 830 1893 868">
     <span class='ocr_line' id='line_1_61' title="bbox 1121 830 1893 868; baseline -0.004 -9"><span class='ocrx_word' id='word_1_508' title='bbox 1121 833 1168 859; x_wconf 68' lang='grc' dir='ltr'>καὶ</span> <span class='ocrx_word' id='word_1_509' title='bbox 1183 834 1221 864; x_wconf 83' lang='grc' dir='ltr'>εἰς</span> <span class='ocrx_word' id='word_1_510' title='bbox 1232 833 1262 858; x_wconf 73' lang='grc' dir='ltr'>τὸ</span> <span class='ocrx_word' id='word_1_511' title='bbox 1272 832 1384 868; x_wconf 84' lang='grc' dir='ltr'>Πνεῦμα</span> <span class='ocrx_word' id='word_1_512' title='bbox 1396 832 1426 858; x_wconf 70' lang='grc' dir='ltr'><strong>τὸ</strong></span> <span class='ocrx_word' id='word_1_513' title='bbox 1437 832 1527 866; x_wconf 73' lang='grc' dir='ltr'>ἆγιοψ</span> <span class='ocrx_word' id='word_1_514' title='bbox 1541 830 1635 866; x_wconf 78' lang='grc' dir='ltr'><strong>ἐπειδὴ</strong></span> <span class='ocrx_word' id='word_1_515' title='bbox 1645 830 1694 857; x_wconf 67' lang='grc' dir='ltr'>καὶ</span> <span class='ocrx_word' id='word_1_516' title='bbox 1707 831 1753 866; x_wconf 92' lang='grc' dir='ltr'><strong>μία</strong></span> <span class='ocrx_word' id='word_1_517' title='bbox 1767 830 1814 865; x_wconf 78' lang='grc' dir='ltr'>τῆς</span> <span class='ocrx_word' id='word_1_518' title='bbox 1824 830 1893 865; x_wconf 81' lang='grc' dir='ltr'>Τριά-</span> 
     </span>
    </p>
   </div>
   <div class='ocr_carea' id='block_1_62' title="bbox 1118 877 1831 914">
    <p class='ocr_par' dir='ltr' id='par_1_62' title="bbox 1118 877 1831 914">
     <span class='ocr_line' id='line_1_62' title="bbox 1118 877 1831 914; baseline -0.004 -9"><span class='ocrx_word' id='word_1_519' title='bbox 1118 879 1162 910; x_wconf 82' lang='grc' dir='ltr'><strong>δος</strong></span> <span class='ocrx_word' id='word_1_520' title='bbox 1178 880 1194 914; x_wconf 89' lang='grc' dir='ltr'><strong>ἡ</strong></span> <span class='ocrx_word' id='word_1_521' title='bbox 1212 879 1316 914; x_wconf 79' lang='grc' dir='ltr'>θεότης,</span> <span class='ocrx_word' id='word_1_522' title='bbox 1334 879 1363 911; x_wconf 76' lang='grc' dir='ltr'><strong>ἐξ</strong></span> <span class='ocrx_word' id='word_1_523' title='bbox 1379 879 1437 910; x_wconf 79' lang='grc' dir='ltr'><strong>ἐνὸς</strong></span> <span class='ocrx_word' id='word_1_524' title='bbox 1454 877 1500 905; x_wconf 73' lang='grc' dir='ltr'>τοῦ</span> <span class='ocrx_word' id='word_1_525' title='bbox 1514 877 1619 913; x_wconf 82' lang='grc' dir='ltr'>Πατρὸς</span> <span class='ocrx_word' id='word_1_526' title='bbox 1635 877 1831 912; x_wconf 76' lang='grc' dir='ltr'>γινωσκομένη.</span> 
     </span>
    </p>
   </div>
   <div class='ocr_carea' id='block_1_63' title="bbox 1152 921 1892 960">
    <p class='ocr_par' dir='ltr' id='par_1_63' title="bbox 1152 921 1892 960">
     <span class='ocr_line' id='line_1_63' title="bbox 1152 921 1892 960; baseline -0.005 -9"><span class='ocrx_word' id='word_1_527' title='bbox 1152 925 1180 952; x_wconf 88' lang='grc'><strong>’1.</strong></span> <span class='ocrx_word' id='word_1_528' title='bbox 1195 925 1250 959; x_wconf 82' lang='grc' dir='ltr'><strong>Τῆς</strong></span> <span class='ocrx_word' id='word_1_529' title='bbox 1267 925 1315 960; x_wconf 82' lang='grc' dir='ltr'>μὲν</span> <span class='ocrx_word' id='word_1_530' title='bbox 1328 922 1373 951; x_wconf 73' lang='grc' dir='ltr'>οὖν</span> <span class='ocrx_word' id='word_1_531' title='bbox 1389 924 1442 960; x_wconf 85' lang='lat' dir='ltr'><strong>(l9)</strong></span> <span class='ocrx_word' id='word_1_532' title='bbox 1455 924 1600 959; x_wconf 80' lang='grc' dir='ltr'>καθολικῆς</span> <span class='ocrx_word' id='word_1_533' title='bbox 1616 923 1735 954; x_wconf 83' lang='grc' dir='ltr'>πίστεως</span> <span class='ocrx_word' id='word_1_534' title='bbox 1747 921 1892 957; x_wconf 71' lang='grc' dir='ltr'>ὁχαρακτὴρ</span> 
     </span>
    </p>
   </div>
   <div class='ocr_carea' id='block_1_64' title="bbox 1117 967 1892 1005">
    <p class='ocr_par' dir='ltr' id='par_1_64' title="bbox 1117 967 1892 1005">
     <span class='ocr_line' id='line_1_64' title="bbox 1117 967 1892 1005; baseline -0.006 -8"><span class='ocrx_word' id='word_1_535' title='bbox 1117 968 1202 1002; x_wconf 73' lang='grc' dir='ltr'>οὗτος.</span> <span class='ocrx_word' id='word_1_536' title='bbox 1217 971 1248 997; x_wconf 78' lang='grc' dir='ltr'><strong>Οἱ</strong></span> <span class='ocrx_word' id='word_1_537' title='bbox 1265 970 1293 996; x_wconf 84' lang='grc' dir='ltr'><strong>δὲ</strong></span> <span class='ocrx_word' id='word_1_538' title='bbox 1308 969 1512 1005; x_wconf 83' lang='grc' dir='ltr'>δυσφημοῦντες</span> <span class='ocrx_word' id='word_1_539' title='bbox 1523 970 1563 1001; x_wconf 81' lang='grc' dir='ltr'>είς</span> <span class='ocrx_word' id='word_1_540' title='bbox 1573 969 1603 995; x_wconf 78' lang='grc' dir='ltr'>τὸ</span> <span class='ocrx_word' id='word_1_541' title='bbox 1614 968 1738 1003; x_wconf 79' lang='grc' dir='ltr'>Πνεῦμα,</span> <span class='ocrx_word' id='word_1_542' title='bbox 1755 968 1801 994; x_wconf 70' lang='grc' dir='ltr'><strong>καὶ</strong></span> <span class='ocrx_word' id='word_1_543' title='bbox 1814 967 1892 1001; x_wconf 75' lang='grc' dir='ltr'>λέγον-</span> 
     </span>
    </p>
   </div>
   <div class='ocr_carea' id='block_1_65' title="bbox 1117 1015 1891 1052">
    <p class='ocr_par' dir='ltr' id='par_1_65' title="bbox 1117 1015 1891 1052">
     <span class='ocr_line' id='line_1_65' title="bbox 1117 1015 1891 1052; baseline -0.005 -9"><span class='ocrx_word' id='word_1_544' title='bbox 1117 1026 1162 1049; x_wconf 83' lang='grc' dir='ltr'>τες</span> <span class='ocrx_word' id='word_1_545' title='bbox 1183 1017 1248 1044; x_wconf 75' lang='grc' dir='ltr'>αὐτὸ</span> <span class='ocrx_word' id='word_1_546' title='bbox 1263 1017 1381 1052; x_wconf 81' lang='grc' dir='ltr'><strong>κτίσμα,</strong></span> <span class='ocrx_word' id='word_1_547' title='bbox 1399 1017 1422 1043; x_wconf 84' lang='grc' dir='ltr'><strong>εί</strong></span> <span class='ocrx_word' id='word_1_548' title='bbox 1440 1016 1477 1052; x_wconf 87' lang='grc' dir='ltr'>μὴ</span> <span class='ocrx_word' id='word_1_549' title='bbox 1506 1017 1537 1042; x_wconf 84' lang='grc' dir='ltr'>ὲκ</span> <span class='ocrx_word' id='word_1_550' title='bbox 1557 1015 1610 1042; x_wconf 87' lang='grc' dir='ltr'>τῶν</span> <span class='ocrx_word' id='word_1_551' title='bbox 1626 1015 1778 1051; x_wconf 71' lang='grc' dir='ltr'>εἰρημένων</span> <span class='ocrx_word' id='word_1_552' title='bbox 1796 1022 1891 1050; x_wconf 83' lang='grc' dir='ltr'>μεταγι-</span> 
     </span>
    </p>
   </div>
   <div class='ocr_carea' id='block_1_66' title="bbox 1117 1060 1891 1097">
    <p class='ocr_par' dir='ltr' id='par_1_66' title="bbox 1117 1060 1891 1097">
     <span class='ocr_line' id='line_1_66' title="bbox 1117 1060 1891 1097; baseline -0.004 -9"><span class='ocrx_word' id='word_1_553' title='bbox 1117 1063 1268 1095; x_wconf 74' lang='grc' dir='ltr'>νώσκουσι,</span> <span class='ocrx_word' id='word_1_554' title='bbox 1288 1063 1338 1090; x_wconf 76' lang='grc' dir='ltr'><strong>κᾶν</strong></span> <span class='ocrx_word' id='word_1_555' title='bbox 1359 1064 1390 1090; x_wconf 79' lang='grc' dir='ltr'>ὲκ</span> <span class='ocrx_word' id='word_1_556' title='bbox 1414 1062 1468 1089; x_wconf 84' lang='grc' dir='ltr'><strong>τῶν</strong></span> <span class='ocrx_word' id='word_1_557' title='bbox 1488 1062 1695 1097; x_wconf 83' lang='grc' dir='ltr'>λεχθησομένων</span> <span class='ocrx_word' id='word_1_558' title='bbox 1719 1060 1891 1096; x_wconf 74' lang='grc' dir='ltr'>αἰσχυνόμενοι</span> 
     </span>
    </p>
   </div>
   <div class='ocr_carea' id='block_1_67' title="bbox 1117 1106 1891 1144">
    <p class='ocr_par' dir='ltr' id='par_1_67' title="bbox 1117 1106 1891 1144">
     <span class='ocr_line' id='line_1_67' title="bbox 1117 1106 1891 1144; baseline -0.005 -9"><span class='ocrx_word' id='word_1_559' title='bbox 1117 1108 1335 1136; x_wconf 80' lang='grc' dir='ltr'>καταδυέτωσαν.</span> <span class='ocrx_word' id='word_1_560' title='bbox 1362 1109 1394 1135; x_wconf 88' lang='grc' dir='ltr'><strong>Εἰ</strong></span> <span class='ocrx_word' id='word_1_561' title='bbox 1409 1107 1492 1144; x_wconf 83' lang='grc' dir='ltr'>Τριάς</span> <span class='ocrx_word' id='word_1_562' title='bbox 1508 1108 1577 1138; x_wconf 79' lang='grc' dir='ltr'>ἑστι,</span> <span class='ocrx_word' id='word_1_563' title='bbox 1591 1107 1638 1134; x_wconf 79' lang='grc' dir='ltr'><strong>καὶ</strong></span> <span class='ocrx_word' id='word_1_564' title='bbox 1654 1108 1683 1134; x_wconf 80' lang='grc' dir='ltr'>ἐν</span> <span class='ocrx_word' id='word_1_565' title='bbox 1696 1106 1790 1142; x_wconf 81' lang='grc' dir='ltr'>Τριάδι</span> <span class='ocrx_word' id='word_1_566' title='bbox 1803 1106 1891 1139; x_wconf 74' lang='grc' dir='ltr'>ἐστὶνὴ</span> 
     </span>
    </p>
   </div>
   <div class='ocr_carea' id='block_1_68' title="bbox 1117 1150 1892 1189">
    <p class='ocr_par' dir='ltr' id='par_1_68' title="bbox 1117 1150 1892 1189">
     <span class='ocr_line' id='line_1_68' title="bbox 1117 1150 1892 1189; baseline -0.006 -8"><span class='ocrx_word' id='word_1_567' title='bbox 1117 1155 1219 1187; x_wconf 75' lang='grc' dir='ltr'>πίστις,</span> <span class='ocrx_word' id='word_1_568' title='bbox 1236 1155 1402 1187; x_wconf 71' lang='grc' dir='ltr'><strong>εἰπάτωσαν,</strong></span> <span class='ocrx_word' id='word_1_569' title='bbox 1417 1155 1441 1180; x_wconf 88' lang='grc' dir='ltr'>ει</span> <span class='ocrx_word' id='word_1_570' title='bbox 1457 1153 1499 1180; x_wconf 78' lang='grc' dir='ltr'><strong>ἀεὶ</strong></span> <span class='ocrx_word' id='word_1_571' title='bbox 1512 1153 1597 1189; x_wconf 82' lang='grc' dir='ltr'>Τριάς</span> <span class='ocrx_word' id='word_1_572' title='bbox 1614 1154 1699 1184; x_wconf 74' lang='grc' dir='ltr'>ἐστιν,</span> <span class='ocrx_word' id='word_1_573' title='bbox 1714 1152 1730 1188; x_wconf 85' lang='grc' dir='ltr'>ἢ</span> <span class='ocrx_word' id='word_1_574' title='bbox 1744 1150 1787 1187; x_wconf 79' lang='grc' dir='ltr'>ἦν,</span> <span class='ocrx_word' id='word_1_575' title='bbox 1801 1152 1839 1178; x_wconf 78' lang='grc' dir='ltr'>ὅτε</span> <span class='ocrx_word' id='word_1_576' title='bbox 1853 1151 1892 1176; x_wconf 72' lang='grc' dir='ltr'>οὐκ</span> 
     </span>
    </p>
   </div>
   <div class='ocr_carea' id='block_1_69' title="bbox 1116 1197 1891 1237">
    <p class='ocr_par' dir='ltr' id='par_1_69' title="bbox 1116 1197 1891 1237">
     <span class='ocr_line' id='line_1_69' title="bbox 1116 1197 1891 1237; baseline -0.006 -9"><span class='ocrx_word' id='word_1_577' title='bbox 1116 1199 1150 1237; x_wconf 82' lang='grc' dir='ltr'>ἦν</span> <span class='ocrx_word' id='word_1_578' title='bbox 1167 1201 1262 1237; x_wconf 79' lang='grc' dir='ltr'>Τριάς.</span> <span class='ocrx_word' id='word_1_579' title='bbox 1278 1202 1309 1228; x_wconf 84' lang='lat' dir='ltr'><strong>El</strong></span> <span class='ocrx_word' id='word_1_580' title='bbox 1325 1202 1373 1236; x_wconf 81' lang='grc' dir='ltr'>μὲν</span> <span class='ocrx_word' id='word_1_581' title='bbox 1386 1199 1432 1228; x_wconf 77' lang='grc' dir='ltr'><strong>οὗν</strong></span> <span class='ocrx_word' id='word_1_582' title='bbox 1450 1200 1535 1232; x_wconf 76' lang='grc' dir='ltr'><strong>ἀΐδιος</strong></span> <span class='ocrx_word' id='word_1_583' title='bbox 1548 1201 1621 1227; x_wconf 75' lang='grc' dir='ltr'>ἐστιν</span> <span class='ocrx_word' id='word_1_584' title='bbox 1635 1201 1652 1235; x_wconf 85' lang='grc' dir='ltr'>ἡ</span> <span class='ocrx_word' id='word_1_585' title='bbox 1671 1199 1755 1235; x_wconf 74' lang='grc' dir='ltr'>Τριὰς</span> <span class='ocrx_word' id='word_1_586' title='bbox 1766 1219 1772 1230; x_wconf 88' lang='grc'><strong>,</strong></span> <span class='ocrx_word' id='word_1_587' title='bbox 1789 1199 1834 1225; x_wconf 77' lang='grc' dir='ltr'>οὐκ</span> <span class='ocrx_word' id='word_1_588' title='bbox 1847 1197 1891 1223; x_wconf 73' lang='grc' dir='ltr'>ἔστι</span> 
     </span>
    </p>
   </div>
   <div class='ocr_carea' id='block_1_70' title="bbox 1117 1245 1892 1283">
    <p class='ocr_par' dir='ltr' id='par_1_70' title="bbox 1117 1245 1892 1283">
     <span class='ocr_line' id='line_1_70' title="bbox 1117 1245 1892 1283; baseline -0.005 -9"><span class='ocrx_word' id='word_1_589' title='bbox 1117 1249 1221 1283; x_wconf 80' lang='grc' dir='ltr'>κτίσμα</span> <span class='ocrx_word' id='word_1_590' title='bbox 1234 1247 1263 1274; x_wconf 78' lang='grc' dir='ltr'>τὸ</span> <span class='ocrx_word' id='word_1_591' title='bbox 1275 1247 1397 1283; x_wconf 80' lang='grc' dir='ltr'>Πνεῦμα,</span> <span class='ocrx_word' id='word_1_592' title='bbox 1414 1247 1506 1278; x_wconf 83' lang='grc' dir='ltr'><strong>ἁῖδίως</strong></span> <span class='ocrx_word' id='word_1_593' title='bbox 1521 1246 1598 1274; x_wconf 70' lang='grc' dir='ltr'>συνὸν</span> <span class='ocrx_word' id='word_1_594' title='bbox 1613 1246 1653 1282; x_wconf 83' lang='grc' dir='ltr'><strong>τῷ</strong></span> <span class='ocrx_word' id='word_1_595' title='bbox 1668 1247 1746 1281; x_wconf 86' lang='grc' dir='ltr'><strong>Λόγῳ</strong></span> <span class='ocrx_word' id='word_1_596' title='bbox 1762 1245 1806 1272; x_wconf 83' lang='grc' dir='ltr'>καὶ</span> <span class='ocrx_word' id='word_1_597' title='bbox 1818 1245 1843 1271; x_wconf 84' lang='grc' dir='ltr'>ὲν</span> <span class='ocrx_word' id='word_1_598' title='bbox 1855 1245 1892 1271; x_wconf 74' lang='grc' dir='ltr'><strong>αὑ-</strong></span> 
     </span>
    </p>
   </div>
   <div class='ocr_carea' id='block_1_71' title="bbox 1117 1289 1892 1328">
    <p class='ocr_par' dir='ltr' id='par_1_71' title="bbox 1117 1289 1892 1328">
     <span class='ocr_line' id='line_1_71' title="bbox 1117 1289 1892 1328; baseline -0.005 -9"><span class='ocrx_word' id='word_1_599' title='bbox 1117 1293 1156 1327; x_wconf 83' lang='grc' dir='ltr'>τῷ</span> <span class='ocrx_word' id='word_1_600' title='bbox 1170 1293 1208 1319; x_wconf 79' lang='grc' dir='ltr'><strong>δν.</strong></span> <span class='ocrx_word' id='word_1_601' title='bbox 1224 1292 1264 1318; x_wconf 82' lang='grc' dir='ltr'><strong>Τὰ</strong></span> <span class='ocrx_word' id='word_1_602' title='bbox 1275 1292 1329 1328; x_wconf 74' lang='grc' dir='ltr'>γὰρ</span> <span class='ocrx_word' id='word_1_603' title='bbox 1340 1292 1475 1327; x_wconf 82' lang='grc' dir='ltr'>κτίσματα</span> <span class='ocrx_word' id='word_1_604' title='bbox 1488 1289 1532 1327; x_wconf 82' lang='grc' dir='ltr'>ἦν,</span> <span class='ocrx_word' id='word_1_605' title='bbox 1546 1291 1589 1318; x_wconf 77' lang='grc' dir='ltr'>ὅτε</span> <span class='ocrx_word' id='word_1_606' title='bbox 1603 1292 1653 1318; x_wconf 75' lang='grc' dir='ltr'>οὐκ</span> <span class='ocrx_word' id='word_1_607' title='bbox 1664 1289 1709 1327; x_wconf 79' lang='grc' dir='ltr'><strong>ἦν.</strong></span> <span class='ocrx_word' id='word_1_608' title='bbox 1727 1292 1758 1318; x_wconf 86' lang='grc' dir='ltr'><strong>Εἰ</strong></span> <span class='ocrx_word' id='word_1_609' title='bbox 1769 1291 1796 1317; x_wconf 83' lang='grc' dir='ltr'>δὲ</span> <span class='ocrx_word' id='word_1_610' title='bbox 1807 1290 1892 1324; x_wconf 81' lang='grc' dir='ltr'>κτίσμα</span> 
     </span>
    </p>
   </div>
   <div class='ocr_carea' id='block_1_72' title="bbox 1117 1335 1892 1372">
    <p class='ocr_par' dir='ltr' id='par_1_72' title="bbox 1117 1335 1892 1372">
     <span class='ocr_line' id='line_1_72' title="bbox 1117 1335 1892 1372; baseline -0.004 -8"><span class='ocrx_word' id='word_1_611' title='bbox 1117 1338 1176 1364; x_wconf 76' lang='grc' dir='ltr'>ἐστὶ</span> <span class='ocrx_word' id='word_1_612' title='bbox 1189 1357 1196 1369; x_wconf 85' lang='grc'><strong>,</strong></span> <span class='ocrx_word' id='word_1_613' title='bbox 1211 1337 1245 1364; x_wconf 74' lang='grc' dir='ltr'>τὰ</span> <span class='ocrx_word' id='word_1_614' title='bbox 1260 1337 1289 1364; x_wconf 84' lang='grc' dir='ltr'><strong>δὲ</strong></span> <span class='ocrx_word' id='word_1_615' title='bbox 1303 1337 1441 1372; x_wconf 83' lang='grc' dir='ltr'>κτίσματα</span> <span class='ocrx_word' id='word_1_616' title='bbox 1456 1336 1486 1370; x_wconf 82' lang='grc' dir='ltr'>ἐξ</span> <span class='ocrx_word' id='word_1_617' title='bbox 1501 1336 1551 1363; x_wconf 79' lang='grc' dir='ltr'>οὐκ</span> <span class='ocrx_word' id='word_1_618' title='bbox 1563 1337 1649 1363; x_wconf 74' lang='grc' dir='ltr'>ὄντων</span> <span class='ocrx_word' id='word_1_619' title='bbox 1664 1337 1721 1363; x_wconf 80' lang='grc' dir='ltr'>ἐστὶ</span> <span class='ocrx_word' id='word_1_620' title='bbox 1733 1357 1740 1369; x_wconf 81' lang='lat'><strong>,</strong></span> <span class='ocrx_word' id='word_1_621' title='bbox 1756 1335 1846 1372; x_wconf 82' lang='grc' dir='ltr'>δῆλον,</span> <span class='ocrx_word' id='word_1_622' title='bbox 1860 1335 1892 1360; x_wconf 80' lang='grc' dir='ltr'>ὅτι</span> 
     </span>
    </p>
   </div>
   <div class='ocr_carea' id='block_1_73' title="bbox 1117 1381 1891 1420">
    <p class='ocr_par' dir='ltr' id='par_1_73' title="bbox 1117 1381 1891 1420">
     <span class='ocr_line' id='line_1_73' title="bbox 1117 1381 1891 1420; baseline -0.004 -10"><span class='ocrx_word' id='word_1_623' title='bbox 1117 1382 1161 1420; x_wconf 84' lang='grc' dir='ltr'>ἦν,</span> <span class='ocrx_word' id='word_1_624' title='bbox 1179 1385 1222 1410; x_wconf 80' lang='grc' dir='ltr'>ὅτε</span> <span class='ocrx_word' id='word_1_625' title='bbox 1233 1384 1283 1411; x_wconf 82' lang='grc' dir='ltr'>οὐκ</span> <span class='ocrx_word' id='word_1_626' title='bbox 1294 1382 1327 1420; x_wconf 79' lang='grc' dir='ltr'>ἦν</span> <span class='ocrx_word' id='word_1_627' title='bbox 1346 1385 1430 1419; x_wconf 81' lang='grc' dir='ltr'>Τριὰς</span> <span class='ocrx_word' id='word_1_628' title='bbox 1447 1384 1514 1419; x_wconf 73' lang='lat'><strong>(20),</strong></span> <span class='ocrx_word' id='word_1_629' title='bbox 1529 1382 1598 1411; x_wconf 77' lang='grc' dir='ltr'>ἀλλὰ</span> <span class='ocrx_word' id='word_1_630' title='bbox 1612 1384 1688 1416; x_wconf 87' lang='grc' dir='ltr'><strong>δυάς.</strong></span> <span class='ocrx_word' id='word_1_631' title='bbox 1702 1384 1757 1410; x_wconf 68' lang='grc' dir='ltr'><strong>Καὶ</strong></span> <span class='ocrx_word' id='word_1_632' title='bbox 1771 1383 1796 1409; x_wconf 85' lang='grc' dir='ltr'><strong>τί</strong></span> <span class='ocrx_word' id='word_1_633' title='bbox 1811 1381 1891 1409; x_wconf 78' lang='grc' dir='ltr'>τούτου</span> 
     </span>
    </p>
   </div>
   <div class='ocr_carea' id='block_1_74' title="bbox 1118 1429 1892 1466">
    <p class='ocr_par' dir='ltr' id='par_1_74' title="bbox 1118 1429 1892 1466">
     <span class='ocr_line' id='line_1_74' title="bbox 1118 1429 1892 1466; baseline -0.003 -9"><span class='ocrx_word' id='word_1_634' title='bbox 1118 1431 1297 1466; x_wconf 77' lang='grc' dir='ltr'>ἀσεϐέστερον</span> <span class='ocrx_word' id='word_1_635' title='bbox 1312 1431 1344 1457; x_wconf 77' lang='grc' dir='ltr'>ἄν</span> <span class='ocrx_word' id='word_1_636' title='bbox 1356 1439 1399 1462; x_wconf 86' lang='grc' dir='ltr'><strong>τις</strong></span> <span class='ocrx_word' id='word_1_637' title='bbox 1414 1429 1504 1463; x_wconf 71' lang='grc' dir='ltr'>εἴποις</span> <span class='ocrx_word' id='word_1_638' title='bbox 1525 1430 1572 1457; x_wconf 86' lang='grc' dir='ltr'>Ἐκ</span> <span class='ocrx_word' id='word_1_639' title='bbox 1588 1430 1740 1465; x_wconf 77' lang='grc' dir='ltr'>μεταϐολῆς</span> <span class='ocrx_word' id='word_1_640' title='bbox 1752 1430 1797 1456; x_wconf 75' lang='grc' dir='ltr'>καὶ</span> <span class='ocrx_word' id='word_1_641' title='bbox 1809 1436 1892 1465; x_wconf 78' lang='grc' dir='ltr'>προκο-</span> 
     </span>
    </p>
   </div>
   <div class='ocr_carea' id='block_1_75' title="bbox 1119 1473 1891 1512">
    <p class='ocr_par' dir='ltr' id='par_1_75' title="bbox 1119 1473 1891 1512">
     <span class='ocr_line' id='line_1_75' title="bbox 1119 1473 1891 1512; baseline -0.003 -9"><span class='ocrx_word' id='word_1_642' title='bbox 1119 1477 1173 1512; x_wconf 83' lang='grc' dir='ltr'><strong>πῆς</strong></span> <span class='ocrx_word' id='word_1_643' title='bbox 1188 1476 1296 1511; x_wconf 83' lang='grc' dir='ltr'>λέγουσι</span> <span class='ocrx_word' id='word_1_644' title='bbox 1311 1475 1483 1503; x_wconf 81' lang='grc' dir='ltr'>συνίστασθαι</span> <span class='ocrx_word' id='word_1_645' title='bbox 1499 1475 1549 1512; x_wconf 86' lang='grc' dir='ltr'>τὴν</span> <span class='ocrx_word' id='word_1_646' title='bbox 1565 1475 1684 1512; x_wconf 81' lang='grc' dir='ltr'>Τριάδα,</span> <span class='ocrx_word' id='word_1_647' title='bbox 1699 1476 1746 1502; x_wconf 74' lang='grc' dir='ltr'><strong>καὶ</strong></span> <span class='ocrx_word' id='word_1_648' title='bbox 1761 1475 1838 1502; x_wconf 83' lang='grc' dir='ltr'><strong>δυάδα</strong></span> <span class='ocrx_word' id='word_1_649' title='bbox 1853 1473 1891 1509; x_wconf 78' lang='grc' dir='ltr'>μὲν</span> 
     </span>
    </p>
   </div>
   <div class='ocr_carea' id='block_1_76' title="bbox 1118 1518 1893 1558">
    <p class='ocr_par' dir='ltr' id='par_1_76' title="bbox 1118 1518 1893 1558">
     <span class='ocr_line' id='line_1_76' title="bbox 1118 1518 1893 1558; baseline -0.006 -8"><span class='ocrx_word' id='word_1_650' title='bbox 1118 1520 1206 1554; x_wconf 77' lang='grc' dir='ltr'>εἶναι,</span> <span class='ocrx_word' id='word_1_651' title='bbox 1236 1522 1393 1558; x_wconf 72' lang='grc' dir='ltr'>ἐκδέχεσθαι</span> <span class='ocrx_word' id='word_1_652' title='bbox 1413 1522 1441 1549; x_wconf 85' lang='grc' dir='ltr'><strong>δὲ</strong></span> <span class='ocrx_word' id='word_1_653' title='bbox 1460 1522 1608 1557; x_wconf 84' lang='grc' dir='ltr'>κτίσματος</span> <span class='ocrx_word' id='word_1_654' title='bbox 1629 1522 1755 1556; x_wconf 81' lang='grc' dir='ltr'>γένεσιν,</span> <span class='ocrx_word' id='word_1_655' title='bbox 1779 1522 1819 1547; x_wconf 85' lang='grc' dir='ltr'>ἵνα</span> <span class='ocrx_word' id='word_1_656' title='bbox 1836 1518 1893 1556; x_wconf 69' lang='grc' dir='ltr'>μετὰ</span> 
     </span>
    </p>
   </div>
   <div class='ocr_carea' id='block_1_77' title="bbox 1118 1564 1890 1603">
    <p class='ocr_par' dir='ltr' id='par_1_77' title="bbox 1118 1564 1890 1603">
     <span class='ocr_line' id='line_1_77' title="bbox 1118 1564 1890 1603; baseline -0.005 -8"><span class='ocrx_word' id='word_1_657' title='bbox 1118 1568 1224 1603; x_wconf 80' lang='grc' dir='ltr'>Πατρὺς</span> <span class='ocrx_word' id='word_1_658' title='bbox 1239 1567 1286 1594; x_wconf 73' lang='grc' dir='ltr'>καὶ</span> <span class='ocrx_word' id='word_1_659' title='bbox 1299 1567 1364 1594; x_wconf 78' lang='grc' dir='ltr'>Υἱοῦ</span> <span class='ocrx_word' id='word_1_660' title='bbox 1381 1567 1514 1602; x_wconf 80' lang='grc' dir='ltr'>συνταχθῇ</span> <span class='ocrx_word' id='word_1_661' title='bbox 1531 1567 1578 1593; x_wconf 79' lang='grc' dir='ltr'>καὶ</span> <span class='ocrx_word' id='word_1_662' title='bbox 1592 1566 1706 1602; x_wconf 82' lang='grc' dir='ltr'>γένηται</span> <span class='ocrx_word' id='word_1_663' title='bbox 1721 1567 1738 1602; x_wconf 81' lang='grc' dir='ltr'><strong>ἡ</strong></span> <span class='ocrx_word' id='word_1_664' title='bbox 1751 1566 1838 1602; x_wconf 80' lang='grc' dir='ltr'><strong>Τριάς.</strong></span> <span class='ocrx_word' id='word_1_665' title='bbox 1854 1564 1890 1598; x_wconf 84' lang='grc' dir='ltr'><strong>Μὴ</strong></span> 
     </span>
    </p>
   </div>
   <div class='ocr_carea' id='block_1_78' title="bbox 1118 1608 1892 1648">
    <p class='ocr_par' dir='ltr' id='par_1_78' title="bbox 1118 1608 1892 1648">
     <span class='ocr_line' id='line_1_78' title="bbox 1118 1608 1892 1648; baseline -0.005 -9"><span class='ocrx_word' id='word_1_666' title='bbox 1118 1613 1222 1648; x_wconf 84' lang='grc' dir='ltr'>γένοιτο</span> <span class='ocrx_word' id='word_1_667' title='bbox 1234 1612 1284 1639; x_wconf 76' lang='grc' dir='ltr'>κᾶν</span> <span class='ocrx_word' id='word_1_668' title='bbox 1296 1613 1337 1644; x_wconf 87' lang='grc' dir='ltr'><strong>εἰς</strong></span> <span class='ocrx_word' id='word_1_669' title='bbox 1353 1611 1415 1638; x_wconf 77' lang='grc' dir='ltr'>νοῦν</span> <span class='ocrx_word' id='word_1_670' title='bbox 1428 1620 1492 1638; x_wconf 83' lang='grc' dir='ltr'>ποτε</span> <span class='ocrx_word' id='word_1_671' title='bbox 1503 1611 1589 1638; x_wconf 78' lang='grc' dir='ltr'><strong>ἐλθεῖν</strong></span> <span class='ocrx_word' id='word_1_672' title='bbox 1602 1611 1772 1646; x_wconf 85' lang='grc' dir='ltr'>Χριστιανῶν</span> <span class='ocrx_word' id='word_1_673' title='bbox 1782 1611 1810 1637; x_wconf 83' lang='grc' dir='ltr'>τὸ</span> <span class='ocrx_word' id='word_1_674' title='bbox 1822 1608 1892 1636; x_wconf 83' lang='grc' dir='ltr'>τοιοῦ-</span> 
     </span>
    </p>
   </div>
   <div class='ocr_carea' id='block_1_79' title="bbox 1117 1653 1881 1693">
    <p class='ocr_par' dir='ltr' id='par_1_79' title="bbox 1117 1653 1881 1693">
     <span class='ocr_line' id='line_1_79' title="bbox 1117 1653 1881 1693; baseline -0.003 -8"><span class='ocrx_word' id='word_1_675' title='bbox 1117 1659 1179 1686; x_wconf 74' lang='grc' dir='ltr'>τονε</span> <span class='ocrx_word' id='word_1_676' title='bbox 1197 1658 1301 1693; x_wconf 85' lang='grc' dir='ltr'>Ὠσπερ</span> <span class='ocrx_word' id='word_1_677' title='bbox 1312 1657 1365 1693; x_wconf 83' lang='grc' dir='ltr'>γὰρ</span> <span class='ocrx_word' id='word_1_678' title='bbox 1382 1658 1425 1683; x_wconf 77' lang='grc' dir='ltr'><strong>ἀεὶ</strong></span> <span class='ocrx_word' id='word_1_679' title='bbox 1440 1657 1477 1683; x_wconf 84' lang='grc' dir='ltr'>ὢν</span> <span class='ocrx_word' id='word_1_680' title='bbox 1491 1658 1505 1684; x_wconf 81' lang='grc' dir='ltr'>ὁ</span> <span class='ocrx_word' id='word_1_681' title='bbox 1521 1657 1585 1689; x_wconf 81' lang='grc' dir='ltr'><strong>Υἱὸς</strong></span> <span class='ocrx_word' id='word_1_682' title='bbox 1600 1657 1650 1684; x_wconf 77' lang='grc' dir='ltr'>οὐκ</span> <span class='ocrx_word' id='word_1_683' title='bbox 1668 1657 1725 1684; x_wconf 75' lang='grc' dir='ltr'>ἔστι</span> <span class='ocrx_word' id='word_1_684' title='bbox 1740 1657 1844 1692; x_wconf 84' lang='grc' dir='ltr'>κτίσμα,</span> <span class='ocrx_word' id='word_1_685' title='bbox 1855 1653 1881 1682; x_wconf 69' lang='grc' dir='ltr'>οὗ</span> 
     </span>
    </p>
   </div>
   <div class='ocr_carea' id='block_1_80' title="bbox 1117 1701 1888 1740">
    <p class='ocr_par' dir='ltr' id='par_1_80' title="bbox 1117 1701 1888 1740">
     <span class='ocr_line' id='line_1_80' title="bbox 1117 1701 1888 1740; baseline -0.005 -9"><span class='ocrx_word' id='word_1_686' title='bbox 1117 1713 1172 1737; x_wconf 82' lang='grc' dir='ltr'><strong>τως</strong></span> <span class='ocrx_word' id='word_1_687' title='bbox 1189 1705 1232 1731; x_wconf 79' lang='grc' dir='ltr'><strong>ἀεὶ</strong></span> <span class='ocrx_word' id='word_1_688' title='bbox 1243 1703 1327 1740; x_wconf 79' lang='grc' dir='ltr'>οὒσης</span> <span class='ocrx_word' id='word_1_689' title='bbox 1341 1704 1391 1739; x_wconf 83' lang='grc' dir='ltr'><strong>τῆς</strong></span> <span class='ocrx_word' id='word_1_690' title='bbox 1408 1704 1532 1739; x_wconf 80' lang='grc' dir='ltr'>Τριάδος,</span> <span class='ocrx_word' id='word_1_691' title='bbox 1545 1703 1620 1730; x_wconf 79' lang='grc' dir='ltr'>οὐδέν</span> <span class='ocrx_word' id='word_1_692' title='bbox 1631 1705 1708 1730; x_wconf 79' lang='grc' dir='ltr'>ἐστιν</span> <span class='ocrx_word' id='word_1_693' title='bbox 1724 1705 1752 1730; x_wconf 86' lang='grc' dir='ltr'>ὲν</span> <span class='ocrx_word' id='word_1_694' title='bbox 1767 1704 1830 1738; x_wconf 77' lang='grc' dir='ltr'>αὐτῇ</span> <span class='ocrx_word' id='word_1_695' title='bbox 1841 1701 1888 1727; x_wconf 88' lang='grc' dir='ltr'>κτί-</span> 
     </span>
    </p>
   </div>
   <div class='ocr_carea' id='block_1_81' title="bbox 1120 1744 1890 1786">
    <p class='ocr_par' dir='ltr' id='par_1_81' title="bbox 1120 1744 1890 1786">
     <span class='ocr_line' id='line_1_81' title="bbox 1120 1744 1890 1786; baseline -0.001 -9"><span class='ocrx_word' id='word_1_696' title='bbox 1120 1759 1189 1786; x_wconf 85' lang='grc' dir='ltr'>σμα·</span> <span class='ocrx_word' id='word_1_697' title='bbox 1202 1750 1242 1777; x_wconf 77' lang='grc' dir='ltr'><strong>διδ</strong></span> <span class='ocrx_word' id='word_1_698' title='bbox 1258 1751 1307 1776; x_wconf 80' lang='grc' dir='ltr'>οὐκ</span> <span class='ocrx_word' id='word_1_699' title='bbox 1319 1749 1376 1776; x_wconf 78' lang='grc' dir='ltr'>ἐστι</span> <span class='ocrx_word' id='word_1_700' title='bbox 1390 1749 1492 1784; x_wconf 86' lang='grc' dir='ltr'>κτίσμα</span> <span class='ocrx_word' id='word_1_701' title='bbox 1502 1749 1532 1775; x_wconf 82' lang='grc' dir='ltr'>τὸ</span> <span class='ocrx_word' id='word_1_702' title='bbox 1543 1749 1668 1784; x_wconf 82' lang='grc' dir='ltr'>Πνεῦμα.</span> <span class='ocrx_word' id='word_1_703' title='bbox 1686 1750 1729 1782; x_wconf 78' lang='grc' dir='ltr'><strong>Ὠς</strong></span> <span class='ocrx_word' id='word_1_704' title='bbox 1743 1749 1794 1785; x_wconf 78' lang='grc' dir='ltr'>γὰρ</span> <span class='ocrx_word' id='word_1_705' title='bbox 1806 1744 1890 1782; x_wconf 61' lang='grc' dir='ltr'>ἁεὶῆνι</span> 
     </span>
    </p>
   </div>
   <div class='ocr_carea' id='block_1_82' title="bbox 1118 1789 1889 1828">
    <p class='ocr_par' dir='ltr' id='par_1_82' title="bbox 1118 1789 1889 1828">
     <span class='ocr_line' id='line_1_82' title="bbox 1118 1789 1889 1828; baseline -0.005 -6"><span class='ocrx_word' id='word_1_706' title='bbox 1118 1795 1204 1827; x_wconf 78' lang='grc' dir='ltr'>οὕτως</span> <span class='ocrx_word' id='word_1_707' title='bbox 1218 1796 1276 1821; x_wconf 77' lang='grc' dir='ltr'>ἐστὶ</span> <span class='ocrx_word' id='word_1_708' title='bbox 1293 1795 1339 1822; x_wconf 74' lang='grc' dir='ltr'>καὶ</span> <span class='ocrx_word' id='word_1_709' title='bbox 1355 1793 1417 1821; x_wconf 77' lang='grc' dir='ltr'>νῦν·</span> <span class='ocrx_word' id='word_1_710' title='bbox 1436 1794 1483 1820; x_wconf 74' lang='grc' dir='ltr'>καὶ</span> <span class='ocrx_word' id='word_1_711' title='bbox 1496 1794 1532 1824; x_wconf 83' lang='grc' dir='ltr'><strong>ὡς</strong></span> <span class='ocrx_word' id='word_1_712' title='bbox 1547 1793 1594 1820; x_wconf 76' lang='grc' dir='ltr'>νῦν</span> <span class='ocrx_word' id='word_1_713' title='bbox 1609 1795 1694 1828; x_wconf 76' lang='grc' dir='ltr'>ἐστιν,</span> <span class='ocrx_word' id='word_1_714' title='bbox 1708 1793 1790 1825; x_wconf 76' lang='grc' dir='ltr'>οὕτως</span> <span class='ocrx_word' id='word_1_715' title='bbox 1806 1789 1889 1826; x_wconf 78' lang='grc' dir='ltr'>ὰεὶῆν,</span> 
     </span>
    </p>
   </div>
   <div class='ocr_carea' id='block_1_83' title="bbox 1119 1839 1890 1877">
    <p class='ocr_par' dir='ltr' id='par_1_83' title="bbox 1119 1839 1890 1877">
     <span class='ocr_line' id='line_1_83' title="bbox 1119 1839 1890 1877; baseline -0.005 -10"><span class='ocrx_word' id='word_1_716' title='bbox 1119 1841 1166 1868; x_wconf 71' lang='grc' dir='ltr'>καὶ</span> <span class='ocrx_word' id='word_1_717' title='bbox 1179 1841 1251 1867; x_wconf 77' lang='grc' dir='ltr'>ἔστιν</span> <span class='ocrx_word' id='word_1_718' title='bbox 1265 1841 1282 1876; x_wconf 88' lang='grc' dir='ltr'>ἠ</span> <span class='ocrx_word' id='word_1_719' title='bbox 1297 1840 1391 1877; x_wconf 75' lang='grc' dir='ltr'>Τριὰς,</span> <span class='ocrx_word' id='word_1_720' title='bbox 1405 1840 1451 1866; x_wconf 77' lang='grc' dir='ltr'>καὶ</span> <span class='ocrx_word' id='word_1_721' title='bbox 1465 1840 1493 1866; x_wconf 85' lang='grc' dir='ltr'>ὲν</span> <span class='ocrx_word' id='word_1_722' title='bbox 1506 1840 1574 1875; x_wconf 76' lang='grc' dir='ltr'>αὐτῇ</span> <span class='ocrx_word' id='word_1_723' title='bbox 1587 1839 1693 1876; x_wconf 82' lang='grc' dir='ltr'>Πατὴρ,</span> <span class='ocrx_word' id='word_1_724' title='bbox 1711 1839 1758 1866; x_wconf 72' lang='grc' dir='ltr'>καὶ</span> <span class='ocrx_word' id='word_1_725' title='bbox 1769 1839 1835 1871; x_wconf 79' lang='grc' dir='ltr'>Υῑὺς,</span> <span class='ocrx_word' id='word_1_726' title='bbox 1851 1845 1890 1864; x_wconf 75' lang='grc' dir='ltr'><strong>και</strong></span> 
     </span>
    </p>
   </div>
   <div class='ocr_carea' id='block_1_84' title="bbox 1119 1882 1890 1922">
    <p class='ocr_par' dir='ltr' id='par_1_84' title="bbox 1119 1882 1890 1922">
     <span class='ocr_line' id='line_1_84' title="bbox 1119 1882 1890 1922; baseline -0.006 -9"><span class='ocrx_word' id='word_1_727' title='bbox 1119 1886 1231 1922; x_wconf 83' lang='grc' dir='ltr'>Πνεῦμα</span> <span class='ocrx_word' id='word_1_728' title='bbox 1244 1886 1330 1920; x_wconf 77' lang='grc' dir='ltr'>ἅγιον.</span> <span class='ocrx_word' id='word_1_729' title='bbox 1349 1886 1404 1912; x_wconf 75' lang='grc' dir='ltr'><strong>Καὶ</strong></span> <span class='ocrx_word' id='word_1_730' title='bbox 1416 1883 1456 1918; x_wconf 76' lang='grc' dir='ltr'><strong>εἷς</strong></span> <span class='ocrx_word' id='word_1_731' title='bbox 1467 1885 1533 1917; x_wconf 75' lang='grc' dir='ltr'><strong>Θεὸς</strong></span> <span class='ocrx_word' id='word_1_732' title='bbox 1549 1885 1604 1921; x_wconf 74' lang='grc'>(21)</span> <span class='ocrx_word' id='word_1_733' title='bbox 1620 1886 1634 1911; x_wconf 86' lang='grc' dir='ltr'>ὁ</span> <span class='ocrx_word' id='word_1_734' title='bbox 1648 1885 1743 1920; x_wconf 80' lang='grc' dir='ltr'>Πατὴρ</span> <span class='ocrx_word' id='word_1_735' title='bbox 1758 1885 1772 1911; x_wconf 86' lang='grc' dir='ltr'><strong><em>ὁ</em></strong></span> <span class='ocrx_word' id='word_1_736' title='bbox 1783 1884 1826 1910; x_wconf 73' lang='grc' dir='ltr'><strong>ἐπὶ</strong></span> <span class='ocrx_word' id='word_1_737' title='bbox 1837 1882 1890 1909; x_wconf 76' lang='grc' dir='ltr'><strong>πᾶν·</strong></span> 
     </span>
    </p>
   </div>
   <div class='ocr_carea' id='block_1_85' title="bbox 1119 1929 1890 1964">
    <p class='ocr_par' dir='ltr' id='par_1_85' title="bbox 1119 1929 1890 1964">
     <span class='ocr_line' id='line_1_85' title="bbox 1119 1929 1890 1964; baseline -0.008 -5"><span class='ocrx_word' id='word_1_738' title='bbox 1119 1942 1183 1964; x_wconf 81' lang='grc' dir='ltr'>των,</span> <span class='ocrx_word' id='word_1_739' title='bbox 1199 1932 1246 1959; x_wconf 78' lang='grc' dir='ltr'>καὶ</span> <span class='ocrx_word' id='word_1_740' title='bbox 1262 1931 1306 1958; x_wconf 85' lang='grc' dir='ltr'>διὰ</span> <span class='ocrx_word' id='word_1_741' title='bbox 1320 1932 1445 1964; x_wconf 85' lang='grc' dir='ltr'>πάντων,</span> <span class='ocrx_word' id='word_1_742' title='bbox 1461 1932 1507 1958; x_wconf 82' lang='grc' dir='ltr'>καὶ</span> <span class='ocrx_word' id='word_1_743' title='bbox 1523 1932 1552 1958; x_wconf 79' lang='grc' dir='ltr'>ὲν</span> <span class='ocrx_word' id='word_1_744' title='bbox 1573 1932 1651 1964; x_wconf 77' lang='grc' dir='ltr'>πᾶσι,</span> <span class='ocrx_word' id='word_1_745' title='bbox 1669 1931 1698 1963; x_wconf 84' lang='grc' dir='ltr'><strong>ὃς</strong></span> <span class='ocrx_word' id='word_1_746' title='bbox 1712 1932 1784 1957; x_wconf 81' lang='grc' dir='ltr'>ἐστιν</span> <span class='ocrx_word' id='word_1_747' title='bbox 1796 1929 1890 1962; x_wconf 77' lang='grc' dir='ltr'>εὐλογη-</span> 
     </span>
    </p>
   </div>
   <div class='ocr_carea' id='block_1_86' title="bbox 1119 1974 1890 2014">
    <p class='ocr_par' dir='ltr' id='par_1_86' title="bbox 1119 1974 1890 2014">
     <span class='ocr_line' id='line_1_86' title="bbox 1119 1974 1890 2014; baseline -0.005 -9"><span class='ocrx_word' id='word_1_748' title='bbox 1119 1979 1164 2011; x_wconf 78' lang='grc' dir='ltr'><strong>τὸς</strong></span> <span class='ocrx_word' id='word_1_749' title='bbox 1181 1979 1220 2010; x_wconf 82' lang='grc' dir='ltr'>είς</span> <span class='ocrx_word' id='word_1_750' title='bbox 1235 1979 1298 2010; x_wconf 86' lang='grc' dir='ltr'>τοὺς</span> <span class='ocrx_word' id='word_1_751' title='bbox 1313 1978 1423 2010; x_wconf 82' lang='grc' dir='ltr'>αἰῶνας.</span> <span class='ocrx_word' id='word_1_752' title='bbox 1448 1979 1543 2014; x_wconf 80' lang='grc' dir='ltr'>Ἀμὴν.</span> <span class='ocrx_word' id='word_1_753' title='bbox 1563 1977 1632 2013; x_wconf 85' lang='grc' dir='ltr'><strong>Ἐγὼ</strong></span> <span class='ocrx_word' id='word_1_754' title='bbox 1650 1978 1699 2014; x_wconf 82' lang='grc' dir='ltr'>μὲν</span> <span class='ocrx_word' id='word_1_755' title='bbox 1715 1976 1776 2009; x_wconf 81' lang='grc' dir='ltr'>οὖν,</span> <span class='ocrx_word' id='word_1_756' title='bbox 1795 1977 1829 2008; x_wconf 79' lang='grc' dir='ltr'><strong>ὡς</strong></span> <span class='ocrx_word' id='word_1_757' title='bbox 1842 1974 1890 2008; x_wconf 76' lang='grc' dir='ltr'><strong>ἐδή-</strong></span> 
     </span>
    </p>
   </div>
   <div class='ocr_carea' id='block_1_87' title="bbox 1119 2021 1890 2060">
    <p class='ocr_par' dir='ltr' id='par_1_87' title="bbox 1119 2021 1890 2060">
     <span class='ocr_line' id='line_1_87' title="bbox 1119 2021 1890 2060; baseline -0.004 -9"><span class='ocrx_word' id='word_1_758' title='bbox 1119 2025 1224 2057; x_wconf 85' lang='grc' dir='ltr'>λωσας,</span> <span class='ocrx_word' id='word_1_759' title='bbox 1241 2025 1274 2051; x_wconf 82' lang='grc' dir='ltr'>δι’</span> <span class='ocrx_word' id='word_1_760' title='bbox 1296 2024 1392 2058; x_wconf 82' lang='grc' dir='ltr'>ὀλίγων</span> <span class='ocrx_word' id='word_1_761' title='bbox 1410 2024 1456 2051; x_wconf 75' lang='grc' dir='ltr'>καὶ</span> <span class='ocrx_word' id='word_1_762' title='bbox 1474 2024 1562 2051; x_wconf 81' lang='grc' dir='ltr'>ταῦτα</span> <span class='ocrx_word' id='word_1_763' title='bbox 1592 2024 1772 2060; x_wconf 64' lang='grc' dir='ltr'>καταγράψας</span> <span class='ocrx_word' id='word_1_764' title='bbox 1786 2022 1836 2058; x_wconf 71' lang='lat'><strong>(‘22)</strong></span> <span class='ocrx_word' id='word_1_765' title='bbox 1849 2021 1890 2047; x_wconf 79' lang='grc' dir='ltr'><strong>ἀπ-</strong></span> 
     </span>
    </p>
   </div>
   <div class='ocr_carea' id='block_1_88' title="bbox 1120 2065 1889 2103">
    <p class='ocr_par' dir='ltr' id='par_1_88' title="bbox 1120 2065 1889 2103">
     <span class='ocr_line' id='line_1_88' title="bbox 1120 2065 1889 2103; baseline -0.008 -5"><span class='ocrx_word' id='word_1_766' title='bbox 1120 2071 1226 2098; x_wconf 82' lang='grc' dir='ltr'>έστειλα</span> <span class='ocrx_word' id='word_1_767' title='bbox 1237 2080 1244 2087; x_wconf 89' lang='grc'><strong>·</strong></span> <span class='ocrx_word' id='word_1_768' title='bbox 1263 2071 1295 2097; x_wconf 77' lang='grc' dir='ltr'>σὺ</span> <span class='ocrx_word' id='word_1_769' title='bbox 1311 2071 1339 2098; x_wconf 79' lang='grc' dir='ltr'><strong>δὲ</strong></span> <span class='ocrx_word' id='word_1_770' title='bbox 1354 2071 1392 2102; x_wconf 85' lang='grc' dir='ltr'><strong>ὼς</strong></span> <span class='ocrx_word' id='word_1_771' title='bbox 1410 2070 1528 2103; x_wconf 82' lang='grc' dir='ltr'>συνετὸς,</span> <span class='ocrx_word' id='word_1_772' title='bbox 1546 2070 1572 2097; x_wconf 80' lang='grc' dir='ltr'><strong>εἴ</strong></span> <span class='ocrx_word' id='word_1_773' title='bbox 1586 2079 1611 2097; x_wconf 92' lang='grc' dir='ltr'><strong>τι</strong></span> <span class='ocrx_word' id='word_1_774' title='bbox 1629 2071 1677 2097; x_wconf 75' lang='grc' dir='ltr'>καὶ</span> <span class='ocrx_word' id='word_1_775' title='bbox 1693 2072 1721 2097; x_wconf 84' lang='grc' dir='ltr'>ὲν</span> <span class='ocrx_word' id='word_1_776' title='bbox 1737 2069 1834 2100; x_wconf 86' lang='grc' dir='ltr'>τούτοις</span> <span class='ocrx_word' id='word_1_777' title='bbox 1847 2065 1889 2092; x_wconf 74' lang='grc' dir='ltr'>λεί-</span> 
     </span>
    </p>
   </div>
   <div class='ocr_carea' id='block_1_89' title="bbox 1120 2111 1888 2152">
    <p class='ocr_par' dir='ltr' id='par_1_89' title="bbox 1120 2111 1888 2152">
     <span class='ocr_line' id='line_1_89' title="bbox 1120 2111 1888 2152; baseline -0.004 -9"><span class='ocrx_word' id='word_1_778' title='bbox 1120 2125 1180 2149; x_wconf 80' lang='grc' dir='ltr'>πει,</span> <span class='ocrx_word' id='word_1_779' title='bbox 1209 2115 1320 2152; x_wconf 86' lang='grc' dir='ltr'>θέλησον</span> <span class='ocrx_word' id='word_1_780' title='bbox 1344 2116 1506 2152; x_wconf 82' lang='grc' dir='ltr'>πληρῶσαι·</span> <span class='ocrx_word' id='word_1_781' title='bbox 1529 2115 1576 2142; x_wconf 79' lang='grc' dir='ltr'>καὶ</span> <span class='ocrx_word' id='word_1_782' title='bbox 1598 2116 1655 2147; x_wconf 85' lang='grc' dir='ltr'>τοῖς</span> <span class='ocrx_word' id='word_1_783' title='bbox 1673 2115 1722 2151; x_wconf 79' lang='grc' dir='ltr'>μὲν</span> <span class='ocrx_word' id='word_1_784' title='bbox 1735 2114 1836 2145; x_wconf 75' lang='grc' dir='ltr'>οἰκείοις</span> <span class='ocrx_word' id='word_1_785' title='bbox 1850 2111 1888 2145; x_wconf 75' lang='grc' dir='ltr'>τῆς</span> 
     </span>
    </p>
   </div>
   <div class='ocr_carea' id='block_1_90' title="bbox 1120 2158 1888 2197">
    <p class='ocr_par' dir='ltr' id='par_1_90' title="bbox 1120 2158 1888 2197">
     <span class='ocr_line' id='line_1_90' title="bbox 1120 2158 1888 2197; baseline -0.005 -8"><span class='ocrx_word' id='word_1_786' title='bbox 1120 2163 1237 2195; x_wconf 79' lang='grc' dir='ltr'>πίστεως</span> <span class='ocrx_word' id='word_1_787' title='bbox 1252 2162 1398 2197; x_wconf 84' lang='grc' dir='ltr'>ἀνάγνωθι,</span> <span class='ocrx_word' id='word_1_788' title='bbox 1409 2163 1470 2194; x_wconf 86' lang='grc' dir='ltr'>τοὺς</span> <span class='ocrx_word' id='word_1_789' title='bbox 1482 2162 1509 2188; x_wconf 83' lang='grc' dir='ltr'><strong>δὲ</strong></span> <span class='ocrx_word' id='word_1_790' title='bbox 1526 2161 1744 2196; x_wconf 79' lang='grc' dir='ltr'>φιλονεικοῦντας</span> <span class='ocrx_word' id='word_1_791' title='bbox 1757 2158 1888 2194; x_wconf 72' lang='grc' dir='ltr'>δυσφημεῖν</span> 
     </span>
    </p>
   </div>
   <div class='ocr_carea' id='block_1_91' title="bbox 279 2204 1066 2244">
    <p class='ocr_par' dir='ltr' id='par_1_91' title="bbox 279 2205 1066 2242">
     <span class='ocr_line' id='line_1_91' title="bbox 279 2205 1066 2242; baseline 0.003 -10"><span class='ocrx_word' id='word_1_792' title='bbox 279 2205 355 2239; x_wconf 81' lang='lat' dir='ltr'><strong>legas</strong></span> <span class='ocrx_word' id='word_1_793' title='bbox 371 2211 377 2231; x_wconf 92' lang='lat'>:</span> <span class='ocrx_word' id='word_1_794' title='bbox 394 2211 442 2231; x_wconf 90' lang='lat' dir='ltr'><strong>eos</strong></span> <span class='ocrx_word' id='word_1_795' title='bbox 458 2209 559 2237; x_wconf 87' lang='lat' dir='ltr'><strong>autem,</strong></span> <span class='ocrx_word' id='word_1_796' title='bbox 576 2205 622 2239; x_wconf 91' lang='lat' dir='ltr'><strong>qui</strong></span> <span class='ocrx_word' id='word_1_797' title='bbox 641 2213 690 2240; x_wconf 90' lang='lat' dir='ltr'><strong>per</strong></span> <span class='ocrx_word' id='word_1_798' title='bbox 710 2206 914 2234; x_wconf 87' lang='lat' dir='ltr'><strong>contentionem</strong></span> <span class='ocrx_word' id='word_1_799' title='bbox 940 2207 1066 2242; x_wconf 85' lang='lat' dir='ltr'><strong>blasphe-</strong></span> 
     </span>
    </p>
   </div>
   <div class='ocr_carea' id='block_1_92' title="bbox 1119 2204 1888 2244">
    <p class='ocr_par' dir='ltr' id='par_1_92' title="bbox 1120 2204 1888 2244">
     <span class='ocr_line' id='line_1_92' title="bbox 1120 2204 1888 2244; baseline -0.007 -9"><span class='ocrx_word' id='word_1_800' title='bbox 1120 2209 1213 2244; x_wconf 77' lang='grc' dir='ltr'>ἔλεγχε</span> <span class='ocrx_word' id='word_1_801' title='bbox 1223 2218 1230 2225; x_wconf 88' lang='grc'>·</span> <span class='ocrx_word' id='word_1_802' title='bbox 1246 2209 1316 2244; x_wconf 81' lang='grc' dir='ltr'>τάχα</span> <span class='ocrx_word' id='word_1_803' title='bbox 1332 2209 1383 2235; x_wconf 78' lang='grc' dir='ltr'>κᾶν</span> <span class='ocrx_word' id='word_1_804' title='bbox 1395 2209 1444 2243; x_wconf 70' lang='grc' dir='ltr'><strong>ὀψέ</strong></span> <span class='ocrx_word' id='word_1_805' title='bbox 1459 2217 1522 2235; x_wconf 81' lang='grc' dir='ltr'>ποτε</span> <span class='ocrx_word' id='word_1_806' title='bbox 1539 2208 1727 2244; x_wconf 83' lang='grc' dir='ltr'>μεταγνόντες,</span> <span class='ocrx_word' id='word_1_807' title='bbox 1740 2204 1888 2239; x_wconf 54' lang='grc' dir='ltr'>ἀπονίψωσιν</span> 
     </span>
    </p>
   </div>
   <div class='ocr_carea' id='block_1_93' title="bbox 280 2251 1066 2286">
    <p class='ocr_par' dir='ltr' id='par_1_93' title="bbox 280 2251 1066 2286">
     <span class='ocr_line' id='line_1_93' title="bbox 280 2251 1066 2286; baseline 0.003 -7"><span class='ocrx_word' id='word_1_808' title='bbox 280 2257 371 2283; x_wconf 89' lang='lat' dir='ltr'><strong>maut,</strong></span> <span class='ocrx_word' id='word_1_809' title='bbox 398 2251 712 2286; x_wconf 42' lang='lat' dir='ltr'><strong>redarguito..Fortasse</strong></span> <span class='ocrx_word' id='word_1_810' title='bbox 732 2252 774 2279; x_wconf 89' lang='lat' dir='ltr'><strong>vel</strong></span> <span class='ocrx_word' id='word_1_811' title='bbox 803 2260 864 2280; x_wconf 89' lang='lat' dir='ltr'><strong>sero</strong></span> <span class='ocrx_word' id='word_1_812' title='bbox 890 2253 999 2280; x_wconf 85' lang='lat' dir='ltr'><strong>tandem</strong></span> <span class='ocrx_word' id='word_1_813' title='bbox 1023 2261 1066 2281; x_wconf 89' lang='lat' dir='ltr'><strong>re-</strong></span> 
     </span>
    </p>
   </div>
   <div class='ocr_carea' id='block_1_94' title="bbox 280 2287 1067 2333">
    <p class='ocr_par' dir='ltr' id='par_1_94' title="bbox 280 2287 1067 2333">
     <span class='ocr_line' id='line_1_94' title="bbox 280 2287 1067 2333; baseline 0.004 -10"><span class='ocrx_word' id='word_1_814' title='bbox 280 2287 452 2332; x_wconf 68' lang='lat' dir='ltr'><strong>sipiscentes,</strong></span> <span class='ocrx_word' id='word_1_815' title='bbox 476 2301 539 2323; x_wconf 87' lang='lat' dir='ltr'><strong>ante</strong></span> <span class='ocrx_word' id='word_1_816' title='bbox 565 2296 679 2323; x_wconf 82' lang='lat' dir='ltr'><strong>insitum</strong></span> <span class='ocrx_word' id='word_1_817' title='bbox 702 2304 822 2324; x_wconf 90' lang='lat' dir='ltr'><strong>errorem</strong></span> <span class='ocrx_word' id='word_1_818' title='bbox 851 2299 1006 2333; x_wconf 76' lang='lat' dir='ltr'><strong>abstergent</strong></span> <span class='ocrx_word' id='word_1_819' title='bbox 1032 2298 1067 2326; x_wconf 82' lang='lat' dir='ltr'><strong>ab</strong></span> 
     </span>
    </p>
   </div>
   <div class='ocr_carea' id='block_1_95' title="bbox 280 2341 1066 2379">
    <p class='ocr_par' dir='ltr' id='par_1_95' title="bbox 280 2341 1066 2379">
     <span class='ocr_line' id='line_1_95' title="bbox 280 2341 1066 2379; baseline 0.001 -9"><span class='ocrx_word' id='word_1_820' title='bbox 280 2344 371 2370; x_wconf 87' lang='lat' dir='ltr'><strong>anima</strong></span> <span class='ocrx_word' id='word_1_821' title='bbox 391 2350 451 2370; x_wconf 83' lang='lat' dir='ltr'><strong>sua.</strong></span> <span class='ocrx_word' id='word_1_822' title='bbox 467 2341 489 2368; x_wconf 87' lang='lat' dir='ltr'><strong>E</strong></span> <span class='ocrx_word' id='word_1_823' title='bbox 505 2350 534 2370; x_wconf 90' lang='lat' dir='ltr'><strong>re</strong></span> <span class='ocrx_word' id='word_1_824' title='bbox 555 2342 627 2369; x_wconf 90' lang='lat' dir='ltr'><strong>enim</strong></span> <span class='ocrx_word' id='word_1_825' title='bbox 657 2342 739 2370; x_wconf 80' lang='lat' dir='ltr'><strong>fuerit</strong></span> <span class='ocrx_word' id='word_1_826' title='bbox 759 2351 865 2375; x_wconf 90' lang='lat' dir='ltr'><strong>eorum,</strong></span> <span class='ocrx_word' id='word_1_827' title='bbox 880 2349 908 2371; x_wconf 91' lang='lat' dir='ltr'><strong>ut</strong></span> <span class='ocrx_word' id='word_1_828' title='bbox 934 2344 1066 2379; x_wconf 87' lang='lat' dir='ltr'><strong>seriptum</strong></span> 
     </span>
    </p>
   </div>
   <div class='ocr_carea' id='block_1_96' title="bbox 279 2389 1064 2424">
    <p class='ocr_par' dir='ltr' id='par_1_96' title="bbox 279 2389 1064 2424">
     <span class='ocr_line' id='line_1_96' title="bbox 279 2389 1064 2424; baseline 0.001 -8"><span class='ocrx_word' id='word_1_829' title='bbox 279 2394 331 2423; x_wconf 77' lang='lat' dir='ltr'><strong>est,</strong></span> <span class='ocrx_word' id='word_1_830' title='bbox 341 2389 455 2421; x_wconf 88' lang='lat' dir='ltr'><strong>resilire,</strong></span> <span class='ocrx_word' id='word_1_831' title='bbox 466 2396 515 2415; x_wconf 89' lang='lat' dir='ltr'><strong>nec</strong></span> <span class='ocrx_word' id='word_1_832' title='bbox 522 2389 763 2423; x_wconf 87' lang='lat' dir='ltr'><strong>comperendinare</strong></span> <span class='ocrx_word' id='word_1_833' title='bbox 774 2397 780 2414; x_wconf 92' lang='lat'>:</span> <span class='ocrx_word' id='word_1_834' title='bbox 791 2397 824 2416; x_wconf 81' lang='lat' dir='ltr'><strong>ne</strong></span> <span class='ocrx_word' id='word_1_835' title='bbox 840 2389 862 2417; x_wconf 88' lang='lat' dir='ltr'><strong>si</strong></span> <span class='ocrx_word' id='word_1_836' title='bbox 877 2396 1064 2424; x_wconf 89' lang='lat' dir='ltr'><strong>permaneant,</strong></span> 
     </span>
    </p>
   </div>
   <div class='ocr_carea' id='block_1_97' title="bbox 318 2445 763 2482">
    <p class='ocr_par' dir='ltr' id='par_1_97' title="bbox 318 2445 763 2482">
     <span class='ocr_line' id='line_1_97' title="bbox 318 2445 763 2482; baseline 0.002 -8"><span class='ocrx_word' id='word_1_837' title='bbox 318 2448 338 2464; x_wconf 89' lang='lat'><strong>&#39;°</strong></span> <span class='ocrx_word' id='word_1_838' title='bbox 356 2449 409 2476; x_wconf 89' lang='lat' dir='ltr'><strong>lsa.</strong></span> <span class='ocrx_word' id='word_1_839' title='bbox 424 2455 444 2481; x_wconf 86' lang='grc' dir='ltr'><strong>ι,</strong></span> <span class='ocrx_word' id='word_1_840' title='bbox 460 2447 505 2474; x_wconf 79' lang='lat' dir='ltr'><strong>ll.</strong></span> <span class='ocrx_word' id='word_1_841' title='bbox 537 2447 557 2462; x_wconf 84' lang='lat'>“</span> <span class='ocrx_word' id='word_1_842' title='bbox 573 2445 673 2482; x_wconf 77' lang='lat' dir='ltr'><strong>Eplies.</strong></span> <span class='ocrx_word' id='word_1_843' title='bbox 686 2455 723 2480; x_wconf 84' lang='lat' dir='ltr'><strong>tv,</strong></span> <span class='ocrx_word' id='word_1_844' title='bbox 736 2448 763 2476; x_wconf 84' lang='lat'><strong>5.</strong></span> 
     </span>
    </p>
   </div>
   <div class='ocr_carea' id='block_1_98' title="bbox 318 2526 948 2563">
    <p class='ocr_par' dir='ltr' id='par_1_98' title="bbox 318 2526 948 2563">
     <span class='ocr_line' id='line_1_98' title="bbox 318 2526 948 2563; baseline 0.002 -9"><span class='ocrx_word' id='word_1_845' title='bbox 318 2526 370 2561; x_wconf 80' lang='grc'>116)</span> <span class='ocrx_word' id='word_1_846' title='bbox 391 2527 457 2563; x_wconf 70' lang='lat' dir='ltr'><strong>Reg.</strong></span> <span class='ocrx_word' id='word_1_847' title='bbox 469 2531 496 2555; x_wconf 89' lang='lat' dir='ltr'><strong>et</strong></span> <span class='ocrx_word' id='word_1_848' title='bbox 513 2526 637 2563; x_wconf 77' lang='lat' dir='ltr'><strong>Seguer.,</strong></span> <span class='ocrx_word' id='word_1_849' title='bbox 651 2526 847 2563; x_wconf 46' lang='lat' dir='ltr'><strong>ElstnyEditi,</strong></span> <span class='ocrx_word' id='word_1_850' title='bbox 862 2528 948 2555; x_wconf 79' lang='grc' dir='ltr'>ἔλιπε.</span> 
     </span>
    </p>
   </div>
   <div class='ocr_carea' id='block_1_99' title="bbox 304 2562 1064 2599">
    <p class='ocr_par' dir='ltr' id='par_1_99' title="bbox 304 2562 1064 2599">
     <span class='ocr_line' id='line_1_99' title="bbox 304 2562 1064 2599; baseline 0.001 -11"><span class='ocrx_word' id='word_1_851' title='bbox 304 2563 371 2599; x_wconf 32' lang='lat' dir='ltr'><strong>LI?)</strong></span> <span class='ocrx_word' id='word_1_852' title='bbox 392 2563 429 2589; x_wconf 92' lang='lat' dir='ltr'><strong>Ita</strong></span> <span class='ocrx_word' id='word_1_853' title='bbox 444 2562 508 2597; x_wconf 80' lang='lat' dir='ltr'><strong>Reg.</strong></span> <span class='ocrx_word' id='word_1_854' title='bbox 525 2562 638 2599; x_wconf 79' lang='lat' dir='ltr'><strong>seguer.</strong></span> <span class='ocrx_word' id='word_1_855' title='bbox 654 2567 681 2589; x_wconf 87' lang='lat' dir='ltr'><strong>et</strong></span> <span class='ocrx_word' id='word_1_856' title='bbox 694 2562 787 2591; x_wconf 81' lang='lat' dir='ltr'><strong>Busil..</strong></span> <span class='ocrx_word' id='word_1_857' title='bbox 806 2568 887 2590; x_wconf 89' lang='lat' dir='ltr'><strong>recte.</strong></span> <span class='ocrx_word' id='word_1_858' title='bbox 902 2563 971 2591; x_wconf 80' lang='lat' dir='ltr'><strong>Editi</strong></span> <span class='ocrx_word' id='word_1_859' title='bbox 990 2572 1064 2594; x_wconf 80' lang='lat' dir='ltr'><strong>vero,</strong></span> 
     </span>
    </p>
   </div>
   <div class='ocr_carea' id='block_1_100' title="bbox 280 2597 1066 2632">
    <p class='ocr_par' dir='ltr' id='par_1_100' title="bbox 280 2597 1066 2632">
     <span class='ocr_line' id='line_1_100' title="bbox 280 2597 1066 2632; baseline 0.003 -8"><span class='ocrx_word' id='word_1_860' title='bbox 280 2597 372 2624; x_wconf 77' lang='grc' dir='ltr'>αὐτοῦ.</span> <span class='ocrx_word' id='word_1_861' title='bbox 390 2598 473 2625; x_wconf 80' lang='lat' dir='ltr'><strong>Paulo</strong></span> <span class='ocrx_word' id='word_1_862' title='bbox 485 2604 545 2632; x_wconf 87' lang='lat' dir='ltr'><strong>post</strong></span> <span class='ocrx_word' id='word_1_863' title='bbox 557 2597 620 2625; x_wconf 84' lang='lat' dir='ltr'><strong>editi</strong></span> <span class='ocrx_word' id='word_1_864' title='bbox 635 2605 697 2624; x_wconf 89' lang='lat' dir='ltr'><strong>cum</strong></span> <span class='ocrx_word' id='word_1_865' title='bbox 711 2598 874 2631; x_wconf 85' lang='lat' dir='ltr'><strong>quihusdam</strong></span> <span class='ocrx_word' id='word_1_866' title='bbox 887 2606 953 2626; x_wconf 75' lang='lat' dir='ltr'><strong>mss.</strong></span> <span class='ocrx_word' id='word_1_867' title='bbox 967 2600 1066 2626; x_wconf 85' lang='lat' dir='ltr'><strong>habent</strong></span> 
     </span>
    </p>
   </div>
   <div class='ocr_carea' id='block_1_101' title="bbox 280 2632 1066 2666">
    <p class='ocr_par' dir='ltr' id='par_1_101' title="bbox 280 2632 1066 2666">
     <span class='ocr_line' id='line_1_101' title="bbox 280 2632 1066 2666; baseline 0.003 -7"><span class='ocrx_word' id='word_1_868' title='bbox 280 2632 326 2659; x_wconf 80' lang='grc' dir='ltr'>τοῦ</span> <span class='ocrx_word' id='word_1_869' title='bbox 341 2639 403 2660; x_wconf 79' lang='lat' dir='ltr'><strong>ante.</strong></span> <span class='ocrx_word' id='word_1_870' title='bbox 417 2633 542 2663; x_wconf 80' lang='grc' dir='ltr'>κτίστου.</span> <span class='ocrx_word' id='word_1_871' title='bbox 560 2633 607 2661; x_wconf 79' lang='lat' dir='ltr'><strong>sed</strong></span> <span class='ocrx_word' id='word_1_872' title='bbox 623 2633 756 2660; x_wconf 82' lang='lat' dir='ltr'><strong>articulus</strong></span> <span class='ocrx_word' id='word_1_873' title='bbox 769 2633 845 2660; x_wconf 79' lang='lat' dir='ltr'><strong>deest</strong></span> <span class='ocrx_word' id='word_1_874' title='bbox 860 2634 885 2660; x_wconf 84' lang='lat' dir='ltr'><strong>in</strong></span> <span class='ocrx_word' id='word_1_875' title='bbox 901 2634 996 2666; x_wconf 75' lang='lat' dir='ltr'><strong>Regio,</strong></span> <span class='ocrx_word' id='word_1_876' title='bbox 1016 2634 1066 2661; x_wconf 88' lang='lat' dir='ltr'><strong>Se-</strong></span> 
     </span>
    </p>
   </div>
   <div class='ocr_carea' id='block_1_102' title="bbox 281 2667 1067 2699">
    <p class='ocr_par' dir='ltr' id='par_1_102' title="bbox 281 2667 1067 2699">
     <span class='ocr_line' id='line_1_102' title="bbox 281 2667 1067 2699; baseline 0.004 -5"><span class='ocrx_word' id='word_1_877' title='bbox 281 2669 410 2699; x_wconf 70' lang='lat' dir='ltr'><strong>gueriauo</strong></span> <span class='ocrx_word' id='word_1_878' title='bbox 424 2674 452 2695; x_wconf 78' lang='lat' dir='ltr'><strong>et</strong></span> <span class='ocrx_word' id='word_1_879' title='bbox 465 2668 618 2695; x_wconf 85' lang='lat' dir='ltr'><strong>Basiliensi.</strong></span> <span class='ocrx_word' id='word_1_880' title='bbox 633 2667 700 2695; x_wconf 84' lang='lat' dir='ltr'><strong>Ibid.</strong></span> <span class='ocrx_word' id='word_1_881' title='bbox 717 2668 763 2695; x_wconf 89' lang='grc' dir='ltr'><strong>καί</strong></span> <span class='ocrx_word' id='word_1_882' title='bbox 773 2669 850 2696; x_wconf 89' lang='lat' dir='ltr'><strong>deest</strong></span> <span class='ocrx_word' id='word_1_883' title='bbox 864 2670 890 2696; x_wconf 93' lang='lat' dir='ltr'><strong>in</strong></span> <span class='ocrx_word' id='word_1_884' title='bbox 902 2667 1067 2697; x_wconf 67' lang='lat' dir='ltr'><strong>Gobleriano</strong></span> 
     </span>
    </p>
   </div>
   <div class='ocr_carea' id='block_1_103' title="bbox 280 2703 558 2738">
    <p class='ocr_par' dir='ltr' id='par_1_103' title="bbox 280 2703 558 2738">
     <span class='ocr_line' id='line_1_103' title="bbox 280 2703 558 2738; baseline 0 -8"><span class='ocrx_word' id='word_1_885' title='bbox 280 2708 307 2730; x_wconf 87' lang='lat' dir='ltr'><strong>et</strong></span> <span class='ocrx_word' id='word_1_886' title='bbox 323 2703 441 2731; x_wconf 79' lang='lat' dir='ltr'><strong>Felckm.</strong></span> <span class='ocrx_word' id='word_1_887' title='bbox 460 2705 558 2738; x_wconf 89' lang='lat' dir='ltr'><strong>primo.</strong></span> 
     </span>
    </p>
   </div>
   <div class='ocr_carea' id='block_1_104' title="bbox 315 2738 1068 2774">
    <p class='ocr_par' dir='ltr' id='par_1_104' title="bbox 315 2738 1068 2774">
     <span class='ocr_line' id='line_1_104' title="bbox 315 2738 1068 2774; baseline 0 -8"><span class='ocrx_word' id='word_1_888' title='bbox 315 2738 371 2773; x_wconf 81' lang='lat' dir='ltr'><strong>(l8)</strong></span> <span class='ocrx_word' id='word_1_889' title='bbox 391 2739 437 2774; x_wconf 74' lang='lat' dir='ltr'><strong>Sic</strong></span> <span class='ocrx_word' id='word_1_890' title='bbox 460 2739 526 2774; x_wconf 76' lang='lat' dir='ltr'><strong>Reg.</strong></span> <span class='ocrx_word' id='word_1_891' title='bbox 549 2742 576 2765; x_wconf 88' lang='lat' dir='ltr'><strong>et</strong></span> <span class='ocrx_word' id='word_1_892' title='bbox 598 2739 710 2774; x_wconf 76' lang='lat' dir='ltr'><strong>Seguer.</strong></span> <span class='ocrx_word' id='word_1_893' title='bbox 735 2738 764 2765; x_wconf 91' lang='lat' dir='ltr'><strong>lu</strong></span> <span class='ocrx_word' id='word_1_894' title='bbox 788 2739 868 2768; x_wconf 84' lang='lat' dir='ltr'><strong>editis</strong></span> <span class='ocrx_word' id='word_1_895' title='bbox 885 2745 913 2767; x_wconf 83' lang='lat' dir='ltr'><strong>et</strong></span> <span class='ocrx_word' id='word_1_896' title='bbox 937 2740 998 2767; x_wconf 88' lang='lat' dir='ltr'><strong>aliis</strong></span> <span class='ocrx_word' id='word_1_897' title='bbox 1020 2739 1068 2766; x_wconf 88' lang='grc' dir='ltr'><strong>καί</strong></span> 
     </span>
    </p>
   </div>
   <div class='ocr_carea' id='block_1_105' title="bbox 279 2773 1067 2835">
    <p class='ocr_par' dir='ltr' id='par_1_105' title="bbox 279 2773 1067 2835">
     <span class='ocr_line' id='line_1_105' title="bbox 279 2773 1067 2835; baseline 0.004 -35"><span class='ocrx_word' id='word_1_898' title='bbox 279 2773 365 2835; x_wconf 64' lang='grc' dir='ltr'><strong>ἱιεθῗι.</strong></span> <span class='ocrx_word' id='word_1_899' title='bbox 380 2773 442 2807; x_wconf 74' lang='lat' dir='ltr'><strong>Mox</strong></span> <span class='ocrx_word' id='word_1_900' title='bbox 462 2773 563 2810; x_wconf 70' lang='lat' dir='ltr'><strong>Regius</strong></span> <span class='ocrx_word' id='word_1_901' title='bbox 577 2779 603 2801; x_wconf 87' lang='lat' dir='ltr'><strong>et</strong></span> <span class='ocrx_word' id='word_1_902' title='bbox 614 2773 740 2809; x_wconf 35' lang='lat' dir='ltr'><strong>Sui-guern</strong></span> <span class='ocrx_word' id='word_1_903' title='bbox 757 2775 860 2811; x_wconf 75' lang='grc' dir='ltr'><strong>ἐπειδή.</strong></span> <span class='ocrx_word' id='word_1_904' title='bbox 879 2775 949 2803; x_wconf 86' lang='lat' dir='ltr'><strong>Editi</strong></span> <span class='ocrx_word' id='word_1_905' title='bbox 966 2780 993 2803; x_wconf 91' lang='lat' dir='ltr'><strong>ct</strong></span> <span class='ocrx_word' id='word_1_906' title='bbox 1003 2776 1067 2807; x_wconf 85' lang='lat' dir='ltr'><strong>alii,</strong></span> 
     </span>
     <span class='ocr_line' id='line_1_106' title="bbox 297 2817 351 2835; baseline 0.019 -1"><span class='ocrx_word' id='word_1_907' title='bbox 297 2817 329 2835; x_wconf 79' lang='grc' dir='ltr'><strong>τιε</strong></span> <span class='ocrx_word' id='word_1_908' title='bbox 344 2829 351 2835; x_wconf 90' lang='grc'><em>.</em></span> 
     </span>
    </p>
   </div>
   <div class='ocr_carea' id='block_1_106' title="bbox 297 2817 351 2836">
    <p class='ocr_par' dir='ltr' id='par_1_106' title="bbox 297 2817 351 2836">
     <span class='ocr_line' id='line_1_107' title="bbox 297 2817 351 2836; baseline 0.037 -2"><span class='ocrx_word' id='word_1_909' title='bbox 297 2817 351 2836; x_wconf 78' lang='grc' dir='ltr'>τιει.</span> 
     </span>
    </p>
   </div>
   <div class='ocr_carea' id='block_1_107' title="bbox 317 2842 1067 2880">
    <p class='ocr_par' dir='ltr' id='par_1_107' title="bbox 317 2842 1067 2880">
     <span class='ocr_line' id='line_1_108' title="bbox 317 2842 1067 2880; baseline 0.003 -8"><span class='ocrx_word' id='word_1_910' title='bbox 317 2844 371 2880; x_wconf 70' lang='grc' dir='ltr'><strong>(ιθ)</strong></span> <span class='ocrx_word' id='word_1_911' title='bbox 383 2842 437 2871; x_wconf 75' lang='grc' dir='ltr'><strong>Οὖν</strong></span> <span class='ocrx_word' id='word_1_912' title='bbox 452 2844 527 2872; x_wconf 88' lang='lat' dir='ltr'><strong>deest</strong></span> <span class='ocrx_word' id='word_1_913' title='bbox 543 2846 568 2872; x_wconf 88' lang='lat' dir='ltr'><strong>in</strong></span> <span class='ocrx_word' id='word_1_914' title='bbox 582 2845 736 2879; x_wconf 81' lang='lat' dir='ltr'><strong>Basilicusi,</strong></span> <span class='ocrx_word' id='word_1_915' title='bbox 747 2851 773 2873; x_wconf 88' lang='lat' dir='ltr'><strong>et</strong></span> <span class='ocrx_word' id='word_1_916' title='bbox 787 2854 848 2873; x_wconf 82' lang='lat' dir='ltr'><strong>mox</strong></span> <span class='ocrx_word' id='word_1_917' title='bbox 866 2846 998 2874; x_wconf 84' lang='lat' dir='ltr'><strong>articulus</strong></span> <span class='ocrx_word' id='word_1_918' title='bbox 1011 2847 1023 2873; x_wconf 74' lang='grc' dir='ltr'><strong>ὁ</strong></span> <span class='ocrx_word' id='word_1_919' title='bbox 1041 2847 1067 2874; x_wconf 94' lang='lat' dir='ltr'><strong>iu</strong></span> 
     </span>
    </p>
   </div>
   <div class='ocr_carea' id='block_1_108' title="bbox 1121 2248 1889 2291">
    <p class='ocr_par' dir='ltr' id='par_1_108' title="bbox 1121 2248 1889 2291">
     <span class='ocr_line' id='line_1_109' title="bbox 1121 2248 1889 2291; baseline -0.009 -9"><span class='ocrx_word' id='word_1_920' title='bbox 1121 2256 1174 2282; x_wconf 83' lang='grc' dir='ltr'><strong>ἀπὸ</strong></span> <span class='ocrx_word' id='word_1_921' title='bbox 1190 2255 1240 2290; x_wconf 81' lang='grc' dir='ltr'><strong>τῆς</strong></span> <span class='ocrx_word' id='word_1_922' title='bbox 1254 2255 1343 2291; x_wconf 77' lang='grc' dir='ltr'>ψυχῆς</span> <span class='ocrx_word' id='word_1_923' title='bbox 1356 2255 1458 2282; x_wconf 79' lang='grc' dir='ltr'>ἑαυτῶν</span> <span class='ocrx_word' id='word_1_924' title='bbox 1472 2256 1521 2290; x_wconf 82' lang='grc' dir='ltr'>τὴν</span> <span class='ocrx_word' id='word_1_925' title='bbox 1538 2255 1593 2290; x_wconf 68' lang='grc' dir='ltr'><strong>(ἓὸ)</strong></span> <span class='ocrx_word' id='word_1_926' title='bbox 1606 2253 1804 2289; x_wconf 81' lang='grc' dir='ltr'>προγενομένην</span> <span class='ocrx_word' id='word_1_927' title='bbox 1815 2252 1840 2276; x_wconf 80' lang='grc' dir='ltr'>ἐν</span> <span class='ocrx_word' id='word_1_928' title='bbox 1850 2248 1889 2274; x_wconf 71' lang='grc' dir='ltr'>σίο-</span> 
     </span>
    </p>
   </div>
   <div class='ocr_carea' id='block_1_109' title="bbox 1120 2299 1889 2336">
    <p class='ocr_par' dir='ltr' id='par_1_109' title="bbox 1120 2299 1889 2336">
     <span class='ocr_line' id='line_1_110' title="bbox 1120 2299 1889 2336; baseline 0 -8"><span class='ocrx_word' id='word_1_929' title='bbox 1120 2303 1176 2334; x_wconf 82' lang='grc' dir='ltr'>τοῐς</span> <span class='ocrx_word' id='word_1_930' title='bbox 1192 2302 1345 2329; x_wconf 86' lang='grc' dir='ltr'>κακόνοιαν.</span> <span class='ocrx_word' id='word_1_931' title='bbox 1363 2302 1451 2328; x_wconf 79' lang='grc' dir='ltr'>Καλὸν</span> <span class='ocrx_word' id='word_1_932' title='bbox 1466 2301 1521 2336; x_wconf 82' lang='grc' dir='ltr'>γὰρ</span> <span class='ocrx_word' id='word_1_933' title='bbox 1535 2301 1642 2333; x_wconf 82' lang='grc' dir='ltr'>αὐτοὺς,</span> <span class='ocrx_word' id='word_1_934' title='bbox 1657 2299 1728 2326; x_wconf 80' lang='grc' dir='ltr'>κατὰ</span> <span class='ocrx_word' id='word_1_935' title='bbox 1739 2299 1768 2325; x_wconf 82' lang='grc' dir='ltr'><strong>τὺ</strong></span> <span class='ocrx_word' id='word_1_936' title='bbox 1783 2303 1889 2331; x_wconf 78' lang='grc' dir='ltr'>γεγραμ-</span> 
     </span>
    </p>
   </div>
   <div class='ocr_carea' id='block_1_110' title="bbox 1123 2341 1888 2382">
    <p class='ocr_par' dir='ltr' id='par_1_110' title="bbox 1123 2341 1888 2382">
     <span class='ocr_line' id='line_1_111' title="bbox 1123 2341 1888 2382; baseline -0.012 -8"><span class='ocrx_word' id='word_1_937' title='bbox 1123 2347 1202 2382; x_wconf 80' lang='grc' dir='ltr'>μένον</span> <span class='ocrx_word' id='word_1_938' title='bbox 1212 2368 1218 2380; x_wconf 87' lang='grc'><strong>,</strong></span> <span class='ocrx_word' id='word_1_939' title='bbox 1237 2347 1412 2381; x_wconf 80' lang='grc' dir='ltr'>ἁποπηδῆσαι</span> <span class='ocrx_word' id='word_1_940' title='bbox 1426 2347 1474 2373; x_wconf 74' lang='grc' dir='ltr'>καὶ</span> <span class='ocrx_word' id='word_1_941' title='bbox 1489 2346 1526 2382; x_wconf 84' lang='grc' dir='ltr'>μὴ</span> <span class='ocrx_word' id='word_1_942' title='bbox 1549 2346 1718 2381; x_wconf 82' lang='grc' dir='ltr'>ὲγχρονίσαι·</span> <span class='ocrx_word' id='word_1_943' title='bbox 1735 2345 1775 2370; x_wconf 79' lang='grc' dir='ltr'><strong>ἵνα</strong></span> <span class='ocrx_word' id='word_1_944' title='bbox 1790 2342 1824 2378; x_wconf 88' lang='grc' dir='ltr'>μὴ</span> <span class='ocrx_word' id='word_1_945' title='bbox 1838 2341 1888 2366; x_wconf 78' lang='grc' dir='ltr'><strong>ἐπι-</strong></span> 
     </span>
    </p>
   </div>
   <div class='ocr_carea' id='block_1_111' title="bbox 1123 2386 1888 2429">
    <p class='ocr_par' dir='ltr' id='par_1_111' title="bbox 1123 2386 1888 2429">
     <span class='ocr_line' id='line_1_112' title="bbox 1123 2386 1888 2429; baseline -0.01 -9"><span class='ocrx_word' id='word_1_946' title='bbox 1123 2393 1247 2428; x_wconf 78' lang='grc' dir='ltr'>μένοντες</span> <span class='ocrx_word' id='word_1_947' title='bbox 1270 2393 1406 2420; x_wconf 80' lang='grc' dir='ltr'>ἀκούσωσι</span> <span class='ocrx_word' id='word_1_948' title='bbox 1422 2393 1453 2419; x_wconf 79' lang='grc' dir='ltr'>τὸ</span> <span class='ocrx_word' id='word_1_949' title='bbox 1472 2391 1616 2429; x_wconf 76' lang='grc' dir='ltr'>εἰρημένον</span> <span class='ocrx_word' id='word_1_950' title='bbox 1639 2391 1690 2417; x_wconf 82' lang='grc' dir='ltr'>ὑπὸ</span> <span class='ocrx_word' id='word_1_951' title='bbox 1713 2389 1759 2417; x_wconf 78' lang='grc' dir='ltr'>τοῦ</span> <span class='ocrx_word' id='word_1_952' title='bbox 1782 2386 1888 2415; x_wconf 75' lang='grc' dir='ltr'><strong>Κυρίου·</strong></span> 
     </span>
    </p>
   </div>
   <div class='ocr_carea' id='block_1_112' title="bbox 1121 2525 1206 2554">
    <p class='ocr_par' dir='ltr' id='par_1_112' title="bbox 1121 2525 1206 2554">
     <span class='ocr_line' id='line_1_113' title="bbox 1121 2525 1206 2554; baseline 0.012 -1"><span class='ocrx_word' id='word_1_953' title='bbox 1121 2525 1206 2554; x_wconf 73' lang='grc' dir='ltr'><strong>Βεείο</strong></span> 
     </span>
    </p>
   </div>
   <div class='ocr_carea' id='block_1_113' title="bbox 1120 2535 1889 2624">
    <p class='ocr_par' dir='ltr' id='par_1_113' title="bbox 1120 2535 1889 2624">
     <span class='ocr_line' id='line_1_114' title="bbox 1120 2535 1889 2624; baseline -0.007 -35"><span class='ocrx_word' id='word_1_954' title='bbox 1120 2535 1261 2624; x_wconf 44' lang='grc' dir='ltr'><strong>ῗὶῆὲίῗῌιι</strong></span> <span class='ocrx_word' id='word_1_955' title='bbox 1276 2562 1356 2590; x_wconf 87' lang='lat' dir='ltr'><strong>editis</strong></span> <span class='ocrx_word' id='word_1_956' title='bbox 1369 2567 1421 2590; x_wconf 82' lang='lat' dir='ltr'><strong>art.</strong></span> <span class='ocrx_word' id='word_1_957' title='bbox 1438 2563 1455 2599; x_wconf 83' lang='grc' dir='ltr'>ἠ</span> <span class='ocrx_word' id='word_1_958' title='bbox 1469 2568 1532 2590; x_wconf 86' lang='lat' dir='ltr'><strong>ante</strong></span> <span class='ocrx_word' id='word_1_959' title='bbox 1544 2562 1628 2598; x_wconf 76' lang='grc' dir='ltr'>Τριάς</span> <span class='ocrx_word' id='word_1_960' title='bbox 1642 2562 1746 2598; x_wconf 73' lang='lat' dir='ltr'><strong>lcgilm.</strong></span> <span class='ocrx_word' id='word_1_961' title='bbox 1762 2558 1810 2587; x_wconf 88' lang='lat' dir='ltr'><strong>Sed</strong></span> <span class='ocrx_word' id='word_1_962' title='bbox 1824 2557 1889 2584; x_wconf 78' lang='lat' dir='ltr'><strong>deest</strong></span> 
     </span>
     <span class='ocr_line' id='line_1_115' title="bbox 1120 2606 1256 2624; baseline 0 0"><span class='ocrx_word' id='word_1_963' title='bbox 1120 2606 1146 2624; x_wconf 83' lang='lat' dir='ltr'><strong>In</strong></span> <span class='ocrx_word' id='word_1_964' title='bbox 1186 2606 1256 2624; x_wconf 61' lang='lat' dir='ltr'><strong>CQIO.</strong></span> 
     </span>
    </p>
   </div>
   <div class='ocr_carea' id='block_1_114' title="bbox 1119 2606 1873 2629">
    <p class='ocr_par' dir='ltr' id='par_1_114' title="bbox 1119 2606 1873 2629">
     <span class='ocr_line' id='line_1_116' title="bbox 1119 2606 1873 2629; baseline 0 -5"><span class='ocrx_word' id='word_1_965' title='bbox 1119 2606 1146 2624; x_wconf 80' lang='lat' dir='ltr'><strong>in</strong></span> <span class='ocrx_word' id='word_1_966' title='bbox 1163 2606 1256 2629; x_wconf 73' lang='lat' dir='ltr'><strong>tteglo.</strong></span> <span class='ocrx_word' id='word_1_967' title='bbox 1868 2624 1873 2629; x_wconf 81' lang='grc'><strong>,</strong></span> 
     </span>
    </p>
   </div>
   <div class='ocr_carea' id='block_1_115' title="bbox 1155 2607 1887 2669">
    <p class='ocr_par' dir='ltr' id='par_1_115' title="bbox 1155 2607 1887 2669">
     <span class='ocr_line' id='line_1_117' title="bbox 1155 2607 1887 2669; baseline -0.007 -9"><span class='ocrx_word' id='word_1_968' title='bbox 1155 2607 1278 2669; x_wconf 52' lang='grc' dir='ltr'><strong>(ἓῒῗιὲἰο</strong></span> <span class='ocrx_word' id='word_1_969' title='bbox 1292 2633 1402 2661; x_wconf 82' lang='lat' dir='ltr'><strong>Goblcr.</strong></span> <span class='ocrx_word' id='word_1_970' title='bbox 1420 2638 1448 2660; x_wconf 88' lang='lat' dir='ltr'><strong>et</strong></span> <span class='ocrx_word' id='word_1_971' title='bbox 1466 2633 1558 2661; x_wconf 80' lang='lat' dir='ltr'><strong>Felck.</strong></span> <span class='ocrx_word' id='word_1_972' title='bbox 1572 2634 1597 2660; x_wconf 82' lang='lat' dir='ltr'><strong>l.</strong></span> <span class='ocrx_word' id='word_1_973' title='bbox 1622 2632 1650 2659; x_wconf 91' lang='lat' dir='ltr'><strong>ln</strong></span> <span class='ocrx_word' id='word_1_974' title='bbox 1666 2632 1744 2669; x_wconf 83' lang='lat' dir='ltr'><strong>editis</strong></span> <span class='ocrx_word' id='word_1_975' title='bbox 1755 2634 1780 2669; x_wconf 76' lang='lat' dir='ltr'><strong>et</strong></span> <span class='ocrx_word' id='word_1_976' title='bbox 1794 2624 1887 2669; x_wconf 53' lang='grc' dir='ltr'>οξιξιτῖξί</span> 
     </span>
    </p>
   </div>
   <div class='ocr_carea' id='block_1_116' title="bbox 1120 2661 1887 2701">
    <p class='ocr_par' dir='ltr' id='par_1_116' title="bbox 1120 2661 1887 2701">
     <span class='ocr_line' id='line_1_118' title="bbox 1120 2661 1887 2701; baseline -0.016 -2"><span class='ocrx_word' id='word_1_977' title='bbox 1120 2661 1257 2701; x_wconf 67' lang='grc' dir='ltr'><strong>ιηές-,ἐῖς</strong></span> <span class='ocrx_word' id='word_1_978' title='bbox 1271 2670 1286 2695; x_wconf 79' lang='grc' dir='ltr'>ὁ</span> <span class='ocrx_word' id='word_1_979' title='bbox 1302 2669 1377 2701; x_wconf 83' lang='grc' dir='ltr'><strong>Θεός.</strong></span> <span class='ocrx_word' id='word_1_980' title='bbox 1394 2669 1453 2696; x_wconf 76' lang='lat' dir='ltr'><strong>Mox</strong></span> <span class='ocrx_word' id='word_1_981' title='bbox 1467 2670 1481 2696; x_wconf 77' lang='grc' dir='ltr'>ὁ</span> <span class='ocrx_word' id='word_1_982' title='bbox 1495 2675 1556 2696; x_wconf 88' lang='lat' dir='ltr'><strong>ante</strong></span> <span class='ocrx_word' id='word_1_983' title='bbox 1570 2669 1630 2695; x_wconf 81' lang='grc' dir='ltr'>ἐπεὶ</span> <span class='ocrx_word' id='word_1_984' title='bbox 1645 2668 1751 2694; x_wconf 81' lang='grc' dir='ltr'>πάντων</span> <span class='ocrx_word' id='word_1_985' title='bbox 1766 2661 1887 2691; x_wconf 79' lang='lat' dir='ltr'><strong>desidera-</strong></span> 
     </span>
    </p>
   </div>
   <div class='ocr_carea' id='block_1_117' title="bbox 1122 2703 1793 2738">
    <p class='ocr_par' dir='ltr' id='par_1_117' title="bbox 1122 2703 1793 2738">
     <span class='ocr_line' id='line_1_119' title="bbox 1122 2703 1793 2738; baseline -0.007 -7"><span class='ocrx_word' id='word_1_986' title='bbox 1122 2709 1166 2731; x_wconf 87' lang='lat' dir='ltr'><strong>tur</strong></span> <span class='ocrx_word' id='word_1_987' title='bbox 1178 2705 1203 2730; x_wconf 88' lang='lat' dir='ltr'><strong>in</strong></span> <span class='ocrx_word' id='word_1_988' title='bbox 1217 2704 1309 2736; x_wconf 85' lang='lat' dir='ltr'><strong>editis,</strong></span> <span class='ocrx_word' id='word_1_989' title='bbox 1327 2705 1373 2732; x_wconf 90' lang='lat' dir='ltr'><strong>sed</strong></span> <span class='ocrx_word' id='word_1_990' title='bbox 1389 2705 1505 2731; x_wconf 78' lang='lat' dir='ltr'><strong>habetur</strong></span> <span class='ocrx_word' id='word_1_991' title='bbox 1520 2705 1547 2731; x_wconf 89' lang='lat' dir='ltr'><strong>in</strong></span> <span class='ocrx_word' id='word_1_992' title='bbox 1563 2704 1627 2738; x_wconf 75' lang='lat' dir='ltr'><strong>Reg.</strong></span> <span class='ocrx_word' id='word_1_993' title='bbox 1643 2709 1670 2730; x_wconf 85' lang='lat' dir='ltr'><strong>et.</strong></span> <span class='ocrx_word' id='word_1_994' title='bbox 1686 2703 1793 2736; x_wconf 77' lang='lat' dir='ltr'><strong>Seguer.</strong></span> 
     </span>
    </p>
   </div>
   <div class='ocr_carea' id='block_1_118' title="bbox 1157 2739 1660 2775">
    <p class='ocr_par' dir='ltr' id='par_1_118' title="bbox 1157 2739 1660 2775">
     <span class='ocr_line' id='line_1_120' title="bbox 1157 2739 1660 2775; baseline -0.004 -9"><span class='ocrx_word' id='word_1_995' title='bbox 1157 2740 1212 2775; x_wconf 61' lang='grc' dir='ltr'>(Ἠ)</span> <span class='ocrx_word' id='word_1_996' title='bbox 1232 2739 1341 2767; x_wconf 83' lang='lat' dir='ltr'><strong>Gohler.</strong></span> <span class='ocrx_word' id='word_1_997' title='bbox 1355 2744 1382 2767; x_wconf 86' lang='lat' dir='ltr'><strong>et</strong></span> <span class='ocrx_word' id='word_1_998' title='bbox 1396 2739 1485 2767; x_wconf 82' lang='lat' dir='ltr'><strong>Fclck.</strong></span> <span class='ocrx_word' id='word_1_999' title='bbox 1499 2740 1525 2770; x_wconf 75' lang='lat' dir='ltr'><strong>l,</strong></span> <span class='ocrx_word' id='word_1_1000' title='bbox 1543 2739 1660 2775; x_wconf 68' lang='grc' dir='ltr'>γράψας.</span> 
     </span>
    </p>
   </div>
   <div class='ocr_carea' id='block_1_119' title="bbox 1157 2763 1884 2811">
    <p class='ocr_par' dir='ltr' id='par_1_119' title="bbox 1157 2763 1884 2811">
     <span class='ocr_line' id='line_1_121' title="bbox 1157 2763 1884 2811; baseline -0.018 -9"><span class='ocrx_word' id='word_1_1001' title='bbox 1157 2763 1213 2807; x_wconf 62' lang='grc' dir='ltr'><strong>ὶΞῆ</strong></span> <span class='ocrx_word' id='word_1_1002' title='bbox 1232 2763 1554 2811; x_wconf 56' lang='grc' dir='ltr'><strong>ἐίέ”ἦὲεἷῦέ,”ἑέέυ’έιρ.¹</strong></span> <span class='ocrx_word' id='word_1_1003' title='bbox 1564 2763 1677 2802; x_wconf 59' lang='lat' dir='ltr'><strong>“cana.</strong></span> <span class='ocrx_word' id='word_1_1004' title='bbox 1692 2776 1718 2800; x_wconf 86' lang='lat' dir='ltr'><strong>et</strong></span> <span class='ocrx_word' id='word_1_1005' title='bbox 1738 2767 1847 2798; x_wconf 78' lang='lat' dir='ltr'><strong>Felcltm.</strong></span> <span class='ocrx_word' id='word_1_1006' title='bbox 1863 2763 1884 2791; x_wconf 82' lang='grc' dir='ltr'><strong>ι.</strong></span> 
     </span>
    </p>
   </div>
   <div class='ocr_carea' id='block_1_120' title="bbox 1122 2810 1401 2844">
    <p class='ocr_par' dir='ltr' id='par_1_120' title="bbox 1122 2810 1401 2844">
     <span class='ocr_line' id='line_1_122' title="bbox 1122 2810 1401 2844; baseline 0 -6"><span class='ocrx_word' id='word_1_1007' title='bbox 1122 2810 1193 2839; x_wconf 84' lang='lat' dir='ltr'><strong>Editi</strong></span> <span class='ocrx_word' id='word_1_1008' title='bbox 1211 2817 1285 2844; x_wconf 84' lang='lat' dir='ltr'><strong>vero,</strong></span> <span class='ocrx_word' id='word_1_1009' title='bbox 1302 2811 1401 2838; x_wconf 86' lang='grc' dir='ltr'>αὐτῶν.</span> 
     </span>
    </p>
   </div>
  </div>
