1974 3037
298 129 350 157 ϐῖθ

597 129 626 155 S.
649 127 835 154 ATHANASII
858 127 932 155 OPP.
953 127 1042 154 PAllS
1067 125 1085 152 I.
1101 140 1136 145 —
1155 125 1340 154 HISTORICA
1358 126 1402 153 ΕΤ
1420 127 1625 154 DOGMATICA.
1843 130 1885 156 m0

299 187 414 219 dientes,
442 186 575 215 insaniam
607 193 687 212 suam
720 190 877 220 agnoscent.
902 185 931 212 Si
962 185 1075 219 Spiritus

1128 191 1177 219 νην
1191 184 1256 218 (55).
1275 184 1306 210 Εἰ
1322 183 1359 219 μὴ
1372 184 1474 218 κτίσμα
1491 184 1549 209 ἐστὶ
1561 184 1590 210 τὸ
1609 184 1717 219 Πνεῦμα
1730 184 1758 210 τὸ
1771 184 1885 218 ἆγιον,ὼς

299 236 411 259 sanctus
423 240 476 258 non
497 235 539 258 est
557 236 692 262 creatura,
707 236 736 258 ut
767 232 794 259 in
816 232 1004 266 superioribus
1027 230 1078 258 de-

300 282 478 308 monstratum
492 281 544 307 est,
558 277 605 304 sed
619 277 646 304 in
666 276 720 304 Deo
733 282 784 309 est,
800 282 827 304 et
846 285 878 304 ex
904 277 958 303 Duo
975 277 1055 303 datur
1069 285 1076 303 :

297 330 363 357 ergo
377 322 448 349 filius
462 325 505 348 est
520 321 587 356 ipse,
606 325 633 348 et
648 322 703 349 dno
725 327 789 349 sunt
801 322 897 349 fratres
914 322 970 357 ipse
991 327 1017 349 et
1031 321 1077 348 Fi-

299 366 350 393 lius
370 374 377 392 :
398 371 425 393 et
442 367 463 393 si
479 367 541 394 Filii
559 372 601 395 est
617 367 747 402 Spiritus,
760 372 843 403 atque
860 376 874 395 a
899 368 968 395 Filio
986 369 1077 395 omnia

297 411 395 446 accipit
413 411 541 446 Spiritus,
559 418 589 440 ut
602 414 640 440 ait
656 413 723 448 ipse,
741 418 769 441 et
784 423 791 441 :
810 423 818 439 ι
838 414 1078 442 Cuminsnmasset

297 452 371 485 o'edit
394 459 468 485 illum
492 459 635 494 discipulis
645 460 687 486 "z
709 470 718 485 ι
735 468 797 486 nam
817 465 845 487 et
861 468 909 487 vos
936 460 1076 487 fatemini:

296 511 362 538 ergo
376 511 443 532 avus
457 509 498 532 est
512 504 592 532 Pater
606 509 631 532 et
645 512 728 539 nepos
739 505 798 539 ejus
813 510 855 532 est
870 505 997 540 Spiritus.
1013 506 1078 538 Quae

296 550 370 577 enim
386 550 557 577 sciscitantes
576 558 590 577 a
606 551 684 577 nobis
697 551 829 584 quaeritis,
850 550 884 577 de
905 551 998 577 iisdem
1017 558 1076 583 vos,

296 601 321 622 cl
335 603 369 623 ex
387 596 482 622 iisdem
501 596 663 631 interrogari
682 603 790 630 aequum
811 601 861 623 est.
882 595 959 628 Quod
974 595 997 622 si
1018 603 1078 630 quae

296 642 397 676 scripta
417 647 480 669 sunt
496 642 610 676 negatis,
633 649 686 668 non
706 642 775 668 ultra
797 642 946 669 Christiani
970 642 1077 669 dicendi

296 687 372 718 estis,
390 692 416 714 et
428 695 476 722 par
489 693 530 715 est
544 693 572 714 ut
597 696 658 720 nos,
679 693 771 722 utpote
800 688 979 719 Christianos.
993 689 1077 716 inter-

300 734 410 769 rogctis.
427 734 474 761 Sin
489 735 583 761 eadem
601 741 661 769 quae
675 742 724 761 nos
737 734 837 768 legitis,
852 742 961 762 necesse
974 739 1016 761 est
1030 743 1079 762 vos

297 787 404 816 quoque
416 780 450 807 de
461 781 555 807 iisdem
572 780 611 807 sic
625 787 639 807 a
654 779 733 806 nobis
745 780 914 815 interrogari.
932 779 1016 807 Dicite
1029 780 1079 815 igi-

297 830 342 852 tur
354 829 381 852 et
395 832 428 852 ne
445 825 661 856 eunetemini,an
675 823 761 852 Filius
772 829 814 852 est
829 823 958 859 Spiritus,
972 829 999 852 et
1011 832 1078 851 avus

1128 228 1157 254 ὲν
1168 230 1226 260 τοῖς
1240 229 1393 264 ἔμπροσθεν
1408 229 1551 260 δέδεικται,
1562 229 1618 256 ἀλλ’
1629 230 1656 256 ὲν
1666 229 1702 264 τῷ
1712 229 1768 264 Θεῷ
1777 231 1837 261 ὲστι,
1849 232 1884 257 καὶ

1127 274 1160 300 ἐκ
1173 274 1219 300 τοῦ
1235 274 1302 300 Θεοῦ
1317 275 1431 301 δίδοται·
1448 273 1546 300 οὐκοῦν
1567 274 1624 306 υἱός
1640 275 1696 301 ἐστι
1706 275 1752 301 καὶ
1766 275 1834 307 αὐτὸ,
1849 276 1885 301 καὶ

1127 319 1175 346 δύο
1186 319 1304 354 ἀδελφοὶ,
1317 320 1383 347 αὑτό
1395 329 1425 346 τε
1437 320 1483 346 καὶ
1495 321 1509 346 ὁ
1524 320 1586 352 Υἱός
1596 329 1602 334 ·
1622 320 1667 347 καὶ
1679 320 1756 346 εἰτοῦ
1770 320 1829 346 Υἱοῦ
1841 321 1888 347 ἐστι

1127 365 1157 392 τὸ
1168 365 1288 401 Πνεῦμα,
1301 367 1348 393 καὶ
1358 366 1434 401 παρὰ
1444 366 1490 392 τοῦ
1501 365 1566 392 Υίοῦ
1577 366 1663 392 πάντα
1674 366 1774 400 δέχεται
1783 366 1811 392 τὸ
1818 366 1886 392 Ilva-Cr

1129 420 1177 447 μα,
1190 412 1227 444 ὡς
1243 412 1324 443 αὐτὸς
1344 412 1448 447 εἴρηκε,
1466 412 1513 438 καὶ
1529 421 1538 436 ι
1558 412 1714 447 ὲμφυσήσας
1728 411 1833 438 δέδωκεν
1851 412 1887 438 αὗ-

1127 456 1158 483 τδ
1173 457 1229 492 (54)
1247 459 1303 488 τοῖς
1318 457 1452 492 μαθηταῖς
1474 467 1483 482 ι
1513 457 1676 492 (ὁμολογεῖτε
1693 457 1745 492 γὰρ
1761 457 1839 483 ταῦτα
1851 458 1889 484 καὶ

1128 501 1226 537 ὑμεῖς),
1242 502 1339 529 οὐκοῦν
1363 503 1558 535 πάπποςιὲαυτὶν
1574 505 1588 530 6
1608 503 1711 538 Πατὴρ,
1734 503 1778 529 καὶ
1796 503 1889 537 ἔκγονον

1127 547 1210 574 αὑτοῦ
1221 548 1279 574 ἐστι
1296 548 1325 574 τὺ
1342 549 1463 584 Πνεῦμα.
1488 549 1576 584 "Amp
1589 548 1644 584 γὰρ
1658 548 1806 583 ἐρωτῶντες
1821 549 1890 574 ἀπαι-

1127 595 1199 620 τεῖτε
1225 595 1290 629 παρ’
1304 594 1383 628 ἡμῶν
1394 615 1401 626 ,
1423 594 1457 620 τὰ
1473 594 1544 621 αὐτὰ
1557 595 1604 620 καὶ
1624 595 1695 629 ὑμᾶς
1708 596 1738 620 ὲκ
1751 593 1801 620 τῶν
1815 594 1890 620 αὐτῶν

1128 639 1279 675 ἐρωτᾶσθαι
1292 639 1404 666 δίκαιον.
1424 640 1454 666 Εἰ
1470 640 1519 675 μὲν
1541 638 1588 666 οὖν
1602 640 1725 675 ὰρνεῖσθε
1745 639 1778 666 τὰ
1789 648 1891 675 γεγραμ-

1130 683 1214 717 μένα,
1235 683 1285 710 οὐκ
1300 683 1340 710 ἔτι
1365 683 1414 718 μὲν
1429 684 1483 719 (⁸55)
1500 684 1577 719 ὑμεῖς
1603 684 1758 720 Χριστιανοὶ
1771 683 1891 719 λεχθείητς

1128 728 1161 754 ἄν
1170 737 1176 743 ·
1189 728 1292 755 δίκαιον
1301 729 1328 754 δὲ
1341 730 1414 764 ἡμᾶς
1423 730 1485 760 τοὺς
1496 729 1673 765 Χριστιανοὺς
1684 729 1829 765 ἐρωτᾶσθαι
1839 730 1891 764 παρ’

1129 773 1204 808 ὑμῶν
1214 780 1220 788 ⁸
1237 774 1261 800 εἱ
1274 773 1301 800 δὲ
1317 774 1350 801 τὰ
1360 774 1429 800 αὐτὰ
1441 776 1507 810 ἡμῖν
1518 773 1729 809 ἀναγινώσκετε,
1744 774 1842 809 ἀνάγκη
1855 774 1891 800 καὶ

1129 819 1201 854 ὑμᾶς
1216 819 1280 855 περὶ
1293 819 1347 846 τῶν
1361 820 1450 847 αὐτῶν
1470 820 1555 853 οὕτως
1573 820 1725 855 ἐρωτᾶσθαι
1738 820 1798 856 παρ’
1818 819 1891 855 ἡμῶν.

300 869 394 897 t’ater?
411 870 488 903 Quod
502 870 525 898 si
539 871 741 902 ratiocinantes,
759 875 788 898 ut
800 870 929 898 Pharisaei
945 871 992 903 illi,
1002 871 1075 898 dixe-

1127 865 1228 892 Εἴπατε
1241 865 1296 900 (56)
1311 865 1412 897 τοίνυν,
1428 866 1475 892 καὶ
1493 866 1529 901 μὴ
1550 866 1678 901 μέλλετε,
1693 867 1717 892 εί
1734 865 1794 896 Υἱός
1807 866 1858 891 ὲστι
1869 864 1893 891 τὸ

299 916 435 950 ritisapnd
449 917 629 952 vosmetipsos
643 925 648 942 :
666 917 695 944 Si
710 917 844 948 dicamus,
859 916 945 944 Filius
962 921 1014 948 est,
1030 924 1078 943 au-

302 961 422 988 iiemus:
439 960 556 989 Ubinam
576 963 603 989 id
621 962 754 998 scriptum
773 962 834 990 est?
851 963 897 990 Sin
918 963 1076 995 dixerimus,

301 1004 354 1033 Non
371 1011 412 1034 est
423 1005 518 1040 Filius,
533 1007 661 1035 timemus
673 1016 706 1035 ne
720 1008 813 1036 dicant
828 1009 906 1036 nobis
922 1017 929 1036 :
946 1009 1002 1036 (Zur
1014 1016 1078 1043 ergo

301 1052 427 1088 .criptum
453 1057 495 1080 est
515 1061 524 1078 ι
545 1052 600 1081 Nos
620 1062 674 1081 non
699 1055 825 1089 spiritum
853 1054 946 1081 mundi
971 1055 1077 1089 accepi-

301 1105 368 1131 nus,
380 1099 426 1126 sed
445 1098 575 1134 Spiritum
595 1101 642 1135 qui
658 1108 692 1128 ex
709 1100 764 1128 Deo
782 1106 824 1128 est
842 1101 863 1117 "
879 1101 908 1126 i?
924 1101 971 1128 Sin
989 1106 1078 1128 autem

301 1143 365 1178 ιριιὰ
386 1151 434 1170 vos
458 1145 532 1178 ipsos
559 1145 739 1179 decertantes,
757 1154 804 1174 vos
832 1154 940 1181 quoque
961 1147 1077 1174 dicatis:

301 1187 455 1222 sescimus;
478 1196 690 1219 consentaneum
704 1197 745 1219 est
758 1197 785 1219 et
799 1199 861 1219 eum
873 1200 953 1227 quem
983 1193 1017 1220 de
1049 1200 1079 1220 re

300 1233 428 1268 sjusmodi
455 1235 653 1270 interrogastis.
676 1237 766 1268 silere,
798 1237 1029 1271 obtemperaan
1053 1238 1078 1265 ei

300 1280 342 1314 {ui
352 1280 417 1307 dicit
432 1289 440 1307 ι
457 1290 466 1306 ι
486 1280 524 1308 Ne
542 1283 706 1318 respondeas
738 1282 820 1310 stulto
836 1283 914 1318 juxta
937 1283 1078 1310 stultitiam

300 1333 386 1358 suam,
405 1335 438 1354 ne
452 1327 580 1355 efficiat-is
591 1328 615 1355 ei
635 1328 734 1356 similis
749 1336 756 1354 ι
776 1328 822 1356 sed
844 1329 979 1364 responde
995 1329 1079 1357 stulto

299 1377 372 1405 .uxta
387 1373 529 1400 stultitiam
540 1381 629 1403 suam.
647 1382 682 1401 ne
702 1374 753 1402 sibi
774 1374 882 1409 sapiens
902 1372 963 1402 esse
985 1375 1078 1402 videa-

299 1419 381 1445 tur".
398 1428 408 1445 ι
430 1418 581 1454 Responsio
602 1424 691 1447 autem
711 1427 772 1454 quae
784 1420 861 1447 vobis
877 1420 995 1447 maxime
1013 1428 1079 1448 con—

299 1463 380 1496 venit,
393 1468 436 1491 est
453 1465 651 1498 silentium;ut
677 1470 796 1492 vestram
824 1465 1005 1500 ignorantiam
1029 1465 1079 1493 de-

298 1509 479 1545 prehendatis.

330 1597 357 1624 5.
380 1597 497 1625 Rursum
511 1597 706 1633 igiturazqunm
719 1603 760 1626 est
770 1606 803 1626 ex
816 1599 849 1627 iis
860 1607 922 1634 qua:
935 1607 984 1627 vos
997 1599 1075 1627 aﬂ‘er-

297 1641 341 1674 tis,
352 1649 401 1669 vos
417 1641 456 1669 sic
468 1642 645 1678 interrogare.
657 1642 881 1678 Quandoquidem
898 1645 1034 1680 prophetae
1047 1645 1074 1672 in

297 1690 400 1726 Spiritu
420 1691 465 1718 Dei
480 1691 640 1726 loquuntur,
661 1695 688 1719 et
706 1692 733 1718 in
750 1691 820 1719 Isaia
835 1691 952 1727 Spiritus
964 1697 1075 1721 sanctus

297 1737 448 1772 prophetat,
464 1742 494 1764 ut
509 1738 536 1765 in
561 1738 748 1772 superioribus
773 1738 988 1766 demonstratum
1004 1743 1046 1766 est
1067 1747 1073 1765 :

297 1790 360 1818 ergo
376 1782 493 1818 Spiritus
508 1788 550 1811 est
563 1783 682 1811 Verbum
707 1783 765 1817 Dei,
783 1784 891 1819 duoque
903 1784 990 1812 Verba
1001 1791 1073 1819 sunt,

297 1827 413 1863 Spiritus
426 1828 550 1856 videlicet
568 1834 595 1856 et
608 1828 703 1856 Filius.
723 1828 828 1856 Etenim
853 1829 992 1864 propheta:
1010 1833 1075 1858 tunc

297 1874 504 1909 prophetabant,
520 1875 629 1909 quando
643 1866 771 1902 'Verhum
796 1874 843 1902 Dei
858 1875 892 1902 ad
908 1875 968 1902 illos
982 1874 1074 1902 fiebat.

297 1920 336 1948 Ad
351 1921 418 1953 hac,
435 1922 654 1956 quandoquidem
670 1922 761 1949 omnia
785 1929 833 1957 per
859 1921 976 1949 Verbum
1005 1922 1074 1950 facta

297 1971 370 1999 sunt,
385 1971 412 1994 et
427 1967 486 1994 sine
513 1967 595 2002 558
622 1968 681 2002 ipso
707 1967 808 1994 factum
832 1971 874 1994 est
896 1967 964 1994 nihil
974 1968 1007 1999 ³⁷,
1023 1972 1072 1995 et:

297 2020 307 2036 ‹
324 2009 394 2038 Deus
414 2011 545 2045 sapientia
569 2011 692 2038 fundavit
712 2016 811 2038 terram
822 2011 854 2044 ¹⁰,
871 2021 880 2037 ι
896 2016 924 2039 et
934 2012 1027 2039 omnia
1046 2012 1074 2039 in

296 2057 427 2092 sapientia
441 2058 503 2085 fecit
514 2058 534 2074 "
550 2066 556 2084 :
574 2059 758 2093 scriptumque
771 2063 814 2085 est
827 2058 868 2093 (ut
882 2059 909 2085 in
925 2059 1074 2093 superiori-

296 2103 346 2131 bus
362 2103 526 2130 declaratum
544 2106 594 2140 est)
612 2113 619 2131 :
635 2114 644 2130 ‹
661 2103 773 2132 Emittes
794 2104 924 2140 Spiritum
951 2109 1026 2132 tuum
1048 2110 1073 2133 et

295 2149 460 2176 creabuntur
472 2149 493 2164 "
507 2157 514 2175 :
533 2159 542 2176 ι
558 2157 622 2185 ergo
639 2154 685 2177 aut
709 2149 826 2185 Spiritus
844 2149 957 2177 Verbum
973 2154 1015 2178 est
1029 2155 1075 2177 aut

1127 909 1247 946 Πνεῦμα,
1256 911 1303 937 καὶ
1315 911 1425 943 πάππος
1434 913 1448 938 6
1457 912 1562 947 Πατήρ.
1584 913 1633 938 Ἂν
1649 912 1678 938 δὲ
1690 910 1891 945 διαλογιζόμενοι,

1126 956 1164 988 ὡς
1177 957 1201 982 οἱ
1218 957 1277 983 τότε
1289 957 1429 991 Φαρισαῖοι
1444 958 1624 993 πεποιήκασιν
1635 978 1642 989 ,
1657 958 1752 992 εἴπητε
1772 958 1816 984 καὶ
1828 957 1892 991 ὑμεῖς

1126 1001 1194 1038 πρὸς
1209 1001 1321 1034 ἑαυτούς
1331 1010 1338 1017 ·
1359 1002 1421 1029 Ἐὰν
1436 1003 1568 1038 εἴπωμεν,
1579 1004 1620 1030 ὃτι
1635 1003 1698 1035 Υἱός
1709 1005 1789 1035 ἐστιν,
1799 1002 1892 1029 ἀκουσό-

1129 1047 1207 1082 μεθα·
1217 1046 1271 1073 Ποῦ
1280 1047 1446 1082 γέγραπται;
1455 1047 1502 1074 ἐὰν
1512 1048 1540 1074 δὲ
1548 1049 1669 1084 εἴπωμεν
1678 1057 1684 1063 ·
1698 1048 1827 1075 υὺκὲστιν
1833 1047 1891 1078 Υἱὸς,

1127 1093 1280 1130 φοόούμεθα
1305 1095 1342 1130 μὴ
1364 1095 1477 1121 εἴπωσιν
1500 1095 1582 1129 ἡμῖν’
1598 1094 1662 1126 Πῶς
1685 1092 1731 1121 οὖν
1757 1093 1891 1130 γέγραπται

1130 1148 1140 1165 ι
1160 1139 1255 1175 Ἡμεῖς
1268 1140 1298 1166 οὺ
1312 1141 1342 1167 τὸ
1357 1139 1464 1175 πνεῦμα
1477 1139 1523 1166 τοῦ
1541 1140 1644 1174 κόσμου
1670 1139 1814 1175 ἐλάϐομεν,
1838 1137 1892 1165 ἀλλὰ

1126 1185 1157 1212 τὸ
1171 1185 1280 1221 Πνεῦμα
1292 1186 1347 1222 (57)
1362 1186 1392 1213 τὸ
1407 1187 1438 1213 ὲκ
1448 1185 1494 1213 τοῦ
1509 1186 1576 1212 Θεοῦ
1594 1196 1602 1211 ι
1617 1194 1625 1219 ;
1643 1186 1760 1212 Τοιαῦτα
1773 1186 1800 1212 δὲ
1811 1185 1892 1219 διαμα-

1127 1230 1235 1266 χόμενοι
1249 1232 1316 1267 πρὸς
1332 1233 1453 1265 ἑαυτοὺς,
1468 1232 1515 1258 ἐὰν
1526 1233 1621 1267 εἴπητε
1637 1233 1683 1259 καὶ
1696 1232 1781 1267 ὑμεῖς,
1801 1231 1851 1258 Οὐκ
1863 1230 1892 1256 οἱ·

1127 1277 1227 1312 δαμεν,
1252 1277 1358 1312 ἀνάγκη
1377 1278 1423 1305 καὶ
1445 1278 1491 1304 τὸν
1514 1277 1690 1313 ἐρωτώμενον
1713 1277 1818 1304 τοιαῦτα
1840 1275 1891 1311 παρ’

1127 1322 1204 1358 ὑμῶν
1219 1323 1333 1358 σιωπᾷν,
1351 1322 1509 1358 πειθόμενον
1524 1322 1563 1357 τῷ
1578 1322 1701 1356 λέγοντι·
1717 1333 1725 1348 ι
1740 1322 1783 1358 Μὴ
1796 1320 1892 1356 ἀποκρί-

1127 1376 1172 1395 νου
1183 1368 1278 1402 ἄφρονι
1289 1368 1357 1404 πρὸς
1367 1368 1416 1404 τὴν
1428 1368 1531 1395 ἐκείνου
1540 1368 1707 1404 ἀφροσύνην,
1718 1369 1759 1395 ἵνα
1772 1368 1806 1403 μὴ
1817 1368 1892 1402 ὅμοιος

1127 1414 1193 1450 γένῃ
1205 1413 1278 1449 αὐτῷ
1287 1414 1353 1449 (58)·
1365 1414 1422 1441 ἀλλ’
1428 1415 1576 1450 ἀποκρίνου
1587 1414 1686 1450 ἄφρονι
1697 1414 1764 1441 κατὰ
1773 1413 1817 1449 τὴν
1826 1413 1892 1446 ἀφρο-

1129 1459 1212 1495 σύνην
1235 1460 1317 1486 αὐτοῦ
1328 1479 1336 1491 ,
1354 1459 1397 1487 ἵνα
1411 1460 1448 1496 μὴ
1467 1461 1595 1496 φαίνηται
1612 1460 1694 1496 σοφὸς
1708 1460 1770 1496 παρ’
1783 1458 1869 1493 ἐαυτῷ.
1883 1466 1888 1481 ι

1135 1505 1291 1541 Ἀπόκρισις
1302 1505 1331 1531 δὲ
1347 1505 1410 1540 ὑμῖν
1419 1505 1472 1541 (59)
1485 1505 1641 1541 ἁρμόζουσα
1653 1505 1792 1541 μάλισταή
1803 1503 1889 1538 σιωπή·

1142 1529 1289 1541 “""'r""
1305 1529 1329 1531 "
1351 1529 1406 1540 '1'"
1420 1529 1472 1541 \'V/
1485 1529 1586 1541 "r|""'
1597 1529 1639 1533 ⁷⁷*

1090 1529 1112 1560 C
1128 1550 1170 1577 ἵνα
1188 1551 1237 1586 τὴν
1251 1550 1355 1577 ἑαυτῶν
1367 1551 1476 1585 ἄγνοιαν
1494 1550 1639 1584 ὲπιγνῶτε.

1158 1597 1185 1624 5.
1199 1596 1282 1624 Πάλιν
1297 1595 1342 1623 οῦν
1352 1597 1384 1623 ὲκ
1395 1596 1449 1624 τῶν
1459 1596 1535 1632 ὑμῶν
1545 1597 1648 1623 δίκαιον
1660 1597 1732 1632 ὑμᾶς
1743 1595 1823 1626 οὕτως
1835 1595 1890 1629 ἐρω-

1123 1641 1230 1668 τᾶσθαι.
1247 1642 1353 1677 Ἐπειδὴ
1363 1643 1388 1668 οἱ
1400 1642 1538 1677 προφῆται
1550 1643 1578 1668 ὲν
1592 1641 1630 1678 τῷ
1639 1642 1775 1677 Πνεύματι
1784 1639 1827 1667 τοῦ
1837 1636 1890 1666 Θεοῦ

1124 1686 1243 1720 λαλοῦσι,
1253 1687 1299 1714 καὶ
1308 1688 1336 1714 ὲν
1348 1687 1387 1723 τῷ
1402 1687 1500 1723 Ἡσαΐᾳ
1510 1687 1543 1714 τὸ
1555 1687 1668 1723 Πνεῦμα
1678 1687 1708 1714 τὺ
1720 1688 1792 1721 ἅγιον
1802 1693 1890 1721 προφη-

1123 1733 1205 1766 τεύει,
1216 1733 1253 1765 ὡς
1267 1734 1295 1760 ὲν
1311 1735 1367 1765 τοῖς
1378 1733 1530 1768 ἔμπροσθεν
1541 1733 1674 1760 δέδεικται
1686 1754 1693 1767 ,
1706 1732 1799 1760 οὐκοῦν
1815 1731 1855 1758 καὶ
1868 1729 1891 1756 τὸ

1124 1779 1236 1814 Πνεῦμα
1244 1779 1328 1813 Λόγος
1339 1779 1397 1805 ἐστὶ
1407 1778 1453 1805 τοῦ
1462 1778 1529 1805 Θεοῦ
1537 1778 1604 1814 (40),
1614 1779 1662 1805 καὶ
1673 1779 1719 1805 δύο
1726 1778 1776 1804 εἰσὶ
1782 1775 1890 1811 Λόγοι,τό

1123 1834 1153 1852 τε
1164 1825 1274 1860 Πνεῦμα
1282 1826 1328 1851 καὶ
1335 1826 1348 1851 ὁ
1356 1825 1427 1856 Υἱός.
1443 1825 1497 1851 Καὶ
1509 1825 1562 1861 γὰρ
1571 1825 1595 1851 οἱ
1607 1825 1746 1861 προφῆται
1755 1824 1812 1850 τότε
1823 1823 1889 1857 ἐπρο-

1124 1871 1240 1905 φήτευον
1251 1890 1259 1902 ,
1280 1870 1324 1896 ὅτε
1339 1869 1444 1903 ἐγίνετο
1456 1871 1470 1896 ὁ
1483 1869 1568 1904 Λόγος
1582 1869 1628 1896 τοῦ
1641 1869 1709 1909 Θεοῦ
1721 1869 1786 1905 πρὸς
1799 1866 1888 1897 αὐτούς.

1124 1915 1179 1942 Καὶ
1189 1915 1229 1941 ἐτι
1241 1915 1308 1951 πρὸς
1319 1914 1434 1947 τούτοις,
1451 1915 1543 1950 ἐπειδὴ
1555 1915 1609 1950 (41)
1619 1917 1709 1942 πάντα
1718 1915 1761 1941 διὰ
1769 1913 1812 1941 τοῦ
1819 1913 1888 1946 Λόγω

1124 1960 1247 1995 ἐγένετο,
1263 1961 1310 1987 καὶ
1332 1961 1416 1996 χωρὶς
1433 1960 1514 1987 αὑτοῦ
1531 1961 1637 1995 ἐγένετο
1659 1961 1719 1988 οὐδὲ
1744 1961 1787 1992 ἓν,
1801 1960 1841 1986 καὶ
1855 1967 1862 1983 ι
1877 1958 1888 1982 6

1124 2006 1189 2038 Θεὸς
1208 2008 1242 2042 τῇ
1259 2007 1340 2042 σοφίᾳ
1355 2006 1518 2042 ὲθεμελίωσε
1539 2007 1588 2042 τὴν
1603 2007 1672 2043 γῆν,
1686 2016 1696 2033 ι
1714 2007 1760 2033 καὶ
1777 2006 1855 2033 πάντα
1866 2004 1889 2043 iv

1124 2053 1203 2087 σοφίᾳ
1223 2052 1334 2088 ἐποίησε
1355 2053 1518 2088 (γέγραπται
1534 2052 1578 2084 δὲ,
1594 2053 1631 2084 ὡς
1645 2053 1675 2079 ὲν
1688 2054 1742 2084 τοῖς
1756 2049 1888 2088 ἔμπροσθεν

1123 2099 1256 2126 δέδεικται
1266 2108 1271 2114 ·
1285 2108 1295 2124 ι
1306 2098 1508 2132 Ἐξαποστελείς
1519 2099 1548 2125 τὸ
1556 2097 1668 2133 Πνεῦμά
1678 2107 1734 2130 σου,
1747 2099 1791 2125 καὶ
1801 2095 1889 2129 κτισθή-

1125 2145 1237 2180 σονται),
1255 2155 1265 2171 ι
1296 2144 1393 2172 οὐκοῦν
1406 2145 1423 2180 ἦ
1438 2146 1469 2172 τὸ
1485 2144 1596 2180 Πνεῦμα
1617 2146 1631 2171 6
1644 2145 1728 2179 Ᾱόγος
1740 2145 1822 2175 ἐστὶν,
1840 2142 1854 2178 ἢ
1867 2142 1888 2167 ὲν

295 2195 322 2222 in
334 2195 441 2223 duobus
457 2195 520 2223 fecit
535 2196 605 2223 Deus
618 2195 728 2228 omnia,‘
738 2192 771 2223 ιη’
780 2196 918 2232 Sapientia
934 2201 960 2224 et
975 2197 1002 2224 in
1015 2197 1075 2231 Spi-

1126 2192 1187 2218 δυσὶ
1203 2192 1351 2227 πεποίηκεν
1366 2192 1381 2217 ὁ
1395 2191 1460 2222 Θεὸς
1474 2191 1509 2217 τὰ
1520 2190 1620 2222 πάντα,
1635 2190 1664 2218 ἐν
1676 2199 1704 2217 τε
1719 2192 1751 2226 τῇ
1765 2189 1841 2224 Σοφίᾳ
1853 2187 1889 2213 καὶ

294 2243 370 2275 ritu;
387 2247 413 2269 et
432 2249 491 2274 cur,
509 2249 612 2277 quzeso,
629 2242 730 2270 Paulus
742 2243 779 2270 ait
797 2252 804 2270 :
827 2252 837 2269 ι
855 2243 931 2271 Unus
955 2243 1026 2271 Deus
1042 2251 1076 2271 ex

293 2296 348 2324 quo
361 2288 463 2321 omnia,
473 2293 500 2315 et
510 2296 581 2316 unus
599 2288 728 2316 Dominus
749 2297 795 2324 per
806 2297 887 2324 quem
901 2289 992 2316 omnia
1008 2289 1049 2316 “7
1064 2298 1073 2316 ι

294 2333 449 2370 iterumque
465 2345 472 2363 ι
495 2343 505 2360 ι
522 2334 590 2362 Cum
605 2334 691 2362 Filius
714 2335 852 2366 sit-imago
867 2335 957 2363 Patris
982 2335 1076 2363 invisi-

1126 2237 1165 2273 τῷ
1181 2238 1330 2272 Πνεύματι.
1345 2237 1400 2263 Καὶ
1415 2236 1472 2268 πῶς
1487 2237 1501 2262 6
1516 2235 1620 2268 Παῦλός
1633 2244 1715 2271 φησιν
1733 2245 1742 2261 ι
1761 2233 1807 2267 Εἷς
1825 2233 1888 2264 Θεὸς.

1125 2284 1155 2316 ἐξ
1166 2281 1196 2311 οὖ
1207 2283 1241 2310 τὰ
1252 2283 1350 2315 πάντα,
1358 2283 1404 2310 καὶ
1417 2280 1456 2313 εἷς
1464 2281 1574 2318 Κύριος,
1587 2281 1619 2308 δι’
1629 2277 1660 2308 οὗ
1670 2281 1704 2308 τὰ
1715 2281 1800 2308 πάντα
1809 2290 1817 2305 ι
1830 2289 1836 2310 ;
1847 2277 1890 2304 Καὶ

1127 2330 1206 2357 πάλιν
1216 2337 1223 2344 ·
1243 2337 1252 2355 ι
1272 2328 1379 2364 Ἐπειδὴ
1399 2329 1414 2355 ό
1434 2327 1498 2359 Υἱὸς
1512 2327 1593 2354 είκών
1609 2328 1667 2354 ἐστι
1682 2326 1729 2354 τοῦ
1742 2326 1840 2362 Πατρὸς
1852 2323 1890 2350 τοῦ

330 2413 352 2429 ιδ
366 2412 445 2440 Joan.
460 2421 506 2444 xx,
519 2413 563 2440 22.
603 2413 624 2429 ³⁸
639 2412 649 2439 l
662 2413 725 2440 Cor.
739 2421 769 2448 ιι,
784 2414 827 2441 12.
866 2413 889 2429 η
902 2412 982 2440 Prov.
999 2420 1073 2444 nrt,

1153 2408 1176 2426 "
1191 2407 1270 2437 Joan.
1289 2417 1310 2442 ι,
1326 2409 1352 2436 3.
1392 2408 1415 2424 η
1429 2407 1510 2435 Prov.
1527 2415 1568 2439 In,
1581 2407 1623 2436 19.
1664 2407 1687 2423 "
1702 2406 1772 2435 Psal.
1787 2413 1840 2438 cm,
1851 2402 1888 2431 26.

295 2449 318 2464 ¹⁰
332 2449 397 2477 ibid.
410 2449 455 2476 50.
493 2449 514 2465 “
526 2449 537 2475 l
551 2448 615 2476 Cor.
632 2456 690 2482 vtu,
704 2448 730 2476 6.

295 2517 408 2544 ἑαυτῶν.
423 2517 494 2545 Infra
513 2516 696 2551 Seguerianus
706 2524 791 2552 quem
812 2518 952 2552 sequimur
964 2513 1070 2552 οὐκοῦν.

296 2553 365 2580 Editi
382 2560 444 2580 vero
462 2557 490 2581 et
503 2553 548 2580 alii
565 2554 614 2585 sic,
627 2554 677 2580 οὐκ
688 2551 745 2587 οὖν,
758 2558 784 2580 et
795 2553 833 2580 ita
846 2552 958 2580 inferius
969 2551 1073 2585 aliquo-

297 2589 356 2615 lies.

331 2623 386 2656 (53)
401 2623 464 2650 Haec
477 2623 570 2651 confer
580 2631 642 2650 cum
657 2622 842 2658 superioribus
852 2622 938 2657 Epist.
950 2622 980 2658 1.
989 2629 1016 2648 n.
1029 2621 1072 2648 15.

333 2658 469 2694 (5.1)A616
480 2659 555 2686 abest
569 2667 584 2686 a
599 2657 707 2686 Gobler.
721 2663 746 2686 et
759 2657 831 2694 Felg.
850 2659 875 2684 1.
889 2658 950 2685 Mox
968 2657 1032 2694 Reg.
1048 2661 1074 2683 et

298 2691 420 2729 Segner.,
430 2695 517 2729 ὑμεῖς,
529 2698 609 2720 recte.
618 2694 698 2725 Etliti,
707 2694 796 2728 ἡμεῖς.
803 2693 887 2720 Paulo
896 2698 954 2728 post
963 2691 1074 2729 Segner.

297 2727 377 2756 Basil.
397 2727 503 2757 Gobler.
519 2734 546 2756 et
562 2729 634 2758 Felc.
650 2730 674 2760 1,
687 2727 805 2763 ἔγγονον.
819 2727 918 2756 ibidem
934 2737 948 2755 a
964 2728 1074 2762 Seguer.

296 2762 451 2791 Gohlerian.
467 2768 493 2791 et
504 2763 575 2792 Felc.
591 2765 602 2791 1
619 2765 675 2791 ἐστι
693 2762 778 2791 abest.

334 2799 389 2832 (35)
404 2799 460 2826 Μέν
475 2799 547 2825 deest
559 2800 585 2826 in
603 2800 711 2827 Gohlcr.
725 2805 750 2826 et
764 2799 834 2827 Fclc.
851 2799 876 2826 1.

334 2834 388 2869 (δύ)
406 2833 506 2860 Εἴπατε
522 2834 590 2869 πρδς
610 2834 716 2866 αὐτούς’
742 2835 804 2862 Ἐὰν
825 2834 880 2861 εἴτι.
900 2834 944 2861 Sic
965 2833 1072 2861 Gobler.

1124 2524 1154 2548 et
1174 2519 1294 2548 Felckm.
1311 2520 1337 2552 1,
1354 2520 1465 2547 omissis
1488 2521 1665 2548 intermediis.
1688 2520 1748 2547 Mox
1770 2520 1794 2547 in
1817 2515 1889 2550 Regio

1124 2556 1166 2583 ὅτι
1181 2556 1264 2582 deest.
1280 2555 1345 2582 lhid.
1358 2554 1527 2589 Seguerian.,
1542 2557 1556 2582 6
1573 2556 1636 2587 Υίός
1647 2557 1729 2583 ἐστιν.

1231 2591 1267 2628 Τρ
1280 2583 1476 2628 ΠνεῦμαἨιξεει
1491 2583 1634 2628 in'ngler'.
1650 2596 1676 2618 et
1692 2589 1804 2628 Felcltm;
1855 2620 1861 2625 '

1162 2619 1217 2658 (58i
1231 2625 1276 2653 Sic
1300 2619 1365 2660 ﬂeti.
1382 2629 1408 2651 et
1420 2624 1531 2660 Seguer.
1554 2625 1622 2652 Editi
1637 2633 1711 2656 vero,
1728 2622 1813 2660 αὐτοῦ.
1828 2619 1886 2648 Ibid.

1127 2659 1282 2687 Goblerian.
1298 2665 1326 2687 et
1340 2659 1412 2695 Felc.
1427 2658 1520 2690 1.11).)!
1535 2660 1677 2695 ἀκοκρίνου
1692 2660 1759 2695 πρὸς
1772 2658 1825 2695 τήγ-

1162 2695 1217 2729 (59)
1230 2695 1329 2730 Regius
1341 2700 1367 2722 ct
1385 2694 1554 2730 Seguerian.,
1566 2693 1639 2731 ὑμῖν,
1653 2693 1733 2722 recte.
1742 2693 1806 2722 Editi
1820 2696 1885 2722 ver

1130 2730 1215 2756 ὑμῶν,

1149 2739 1218 2799 Ἥ)
1231 2764 1284 2791 Τοῦ
1301 2764 1367 2792 Θεοῦ
1380 2766 1457 2793 abest
1471 2765 1578 2793 Gobler.
1590 2771 1616 2793 et
1633 2764 1693 2792 Fclc
1720 2765 1744 2791 1.

1163 2799 1339 2835 (11)Gobler.
1354 2806 1381 2829 et
1394 2800 1470 2839 Felc.
1483 2801 1507 2833 1,
1521 2801 1589 2827 ἐπεί.
