1974 3037
87 137 137 164 ειι

631 132 797 160 EPISTULA
818 130 851 158 IV
871 130 917 157 AD
949 128 1178 157 SERAI‘IONEM.

1647 126 1699 152 642

76 195 196 231 ἀοράτου
208 215 215 225 ,
229 203 239 220 ι
253 193 308 220 ἐστι
321 193 349 220 δὲ
362 192 391 219 τδ
402 192 514 227 Πνεῦμα
523 191 604 218 εἰκὼν
613 191 661 218 τοῦ
672 190 737 217 Υίοῦ
756 189 867 225 (γέγρα·

923 186 982 214 bilis
991 187 1024 218 ¹¹,
1042 195 1051 212 ι
1069 191 1111 214 est
1125 191 1214 213 autem
1229 183 1347 220 Spiritus
1372 185 1461 219 imago
1481 183 1554 216 Filii,
1568 184 1699 219 scriptum

78 249 147 267 πται
164 239 234 274 γάρ·
253 248 262 264 ι
277 238 330 270 Οὓς
343 237 467 272 προέγνω
482 238 527 264 καὶ
539 236 674 272 προώρισε
689 235 866 270 συμμόρφους

77 286 132 321 τῆς
143 285 246 317 εἰκόνος
256 284 302 310 τοῦ
313 283 377 310 Υίοῦ
389 283 469 310 αὐτοῦ
482 284 517 318 ι),
529 282 624 309 οὐκοῦν
634 282 703 308 κατὰ
711 281 788 307 τοῦτο
796 281 868 308 πάπ-

79 340 133 363 πος
145 333 160 358 ό
175 331 279 365 Πατήρ.
312 330 366 356 Καὶ
379 329 471 365 ἐπειδὴ
487 330 501 356 ὀ
517 329 565 364 μὶν
580 328 643 359 Υἱὸς
657 328 686 353 ἐν
701 327 740 362 τῷ
756 326 868 361 ὀνόματι

79 376 128 404 τοῦ
143 375 247 411 Πατρὸς
261 373 343 410 ἦλθε·
361 384 371 400 σ
387 375 423 401 Tb
436 374 464 400 δέ
478 373 589 408 Πνεῦμα
602 373 632 399 τδ
646 373 722 407 ἆγιον
731 392 738 404 ,
756 382 765 398 ν
786 371 868 406 φησὶν

80 424 96 449 ὁ
111 422 189 453 Υἱὸς,
208 431 217 446 ‹
233 421 246 447 ὃ
262 421 364 456 πέμψει
389 421 403 447 6
416 420 509 455 Πατὴρ
541 420 570 445 ἐν
583 418 621 453 τῷ
638 416 749 453 ὀνόματί
768 425 817 452 μου
828 425 835 432 ·
855 425 864 442 ι

80 467 179 494 οὐκοῦν
197 467 244 493 καὶ
255 466 325 493 οὕτω
335 465 388 501 (42)
399 466 510 497 πάππος
520 466 534 491 ό
543 465 647 499 Πατήρ.
657 464 689 490 Τί
697 463 764 498 πρὸς
772 461 867 494 ταῦτα,

81 513 173 540 καίτοι
184 513 271 539 πάντα
282 511 404 546 λέγοντες
416 510 550 546 εὐχερῶς;
564 509 596 535 Τί
607 507 789 542 διαλογίζεσθε
802 507 870 543 πρὸς

83 558 213 590 tauro-5;;
237 558 270 584 Ἦ
293 557 410 591 ὁρῶντες
432 556 543 586 ἑαυτοὺς
559 554 743 590 ἀποροῦντας,
763 553 868 589 μέμφε-

83 603 131 630 σθε
155 603 209 637 (43)
226 603 274 634 τὰς
289 601 414 633 τοιαύτας
439 601 605 636 ἐρωτήσεις;
639 599 718 626 Ἀλλὰ
736 599 869 634 πρότερον

83 649 190 676 ἑαυτῶν
207 648 361 682 κατάγνωτε
382 647 480 682 (ὑμεῖς
499 646 553 681 γὰρ
565 644 676 672 τοιαῦτα
690 645 795 680 ἐρωτᾷν
809 643 871 670 είώ-

83 695 168 729 θατε)
182 714 189 726 ,
211 694 258 720 καὶ
271 692 396 720 πείθεσθε
412 693 471 724 ταῖς
485 692 606 727 Γραφαίς
616 711 623 722 ,
646 691 693 717 καὶ
705 689 870 725 ἀποροῦντες

82 741 186 772 είπεῐν,
204 740 302 775 μάθετε
321 739 413 766 λοιπόν
423 747 430 753 ·
446 738 508 769 Υίὸς
526 737 574 773 μὲν
589 738 618 764 ἐν
633 738 693 768 ταῖς
707 737 826 771 Γραφαῐς
840 736 871 762 τὸ

83 786 197 821 Πνεῦμα
206 786 255 812 οὐκ
265 782 494 820 ὠνομάσθη,ἀλλὰ
500 782 610 818 Πνεῦμα
620 782 696 816 ἆγιον
707 781 754 808 καὶ
760 779 871 815 Πνεῦμα

81 832 131 859 τοῦ
148 831 226 859 Θεοῦ.
244 831 348 866 Ὥσπερ
361 830 389 856 δέ
405 831 454 857 οὐκ
468 828 613 864 ὠνομάσθη
626 828 689 860 Υἱὸς
702 828 733 854 τὸ
747 826 868 862 Πνεῦμα,

81 878 171 910 οὓτως
181 877 240 904 οὐδὲ
249 877 311 913 περὶ
323 862 369 903 τοῦ
380 877 444 903 Υἰοῦ
455 862 623 912 γέγραπται,
635 875 675 901 ὃτι
686 874 765 906 αὑτός
776 874 833 900 ἐστι
841 873 872 900 τὸ
886 862 907 890 Β

82 922 197 958 Πνεῦμα
209 922 238 949 τὸ
249 922 334 956 ἅγιον.
343 920 405 958 Ἆρ’
418 920 464 949 οὖν
473 941 480 954 ,
499 921 591 956 ἐπειδὴ
602 920 656 955 (44)
665 921 714 947 οὐκ
725 919 870 955 ὠνομάσθη

83 969 148 1001 Tib;
156 970 186 995 τὺ
194 968 315 1004 Πνεῦμα,
324 968 377 994 οὐδ’
385 969 427 995 ὅτι
435 968 498 1000 Υἱός
509 968 567 994 ἐστι
578 967 609 993 τὸ
616 966 736 1002 Πνεῦμα,
744 966 871 1001 διαφωνεῖ

81 1017 134 1051 τῆς
141 1014 270 1050 ἀληθείας
279 1015 296 1049 ἡ
310 1014 416 1047 πίστις;
428 1014 473 1049 Μὴ
484 1014 604 1048 γένοιτοί
621 1012 701 1038 Ἀλλὰ
712 1013 758 1038 καὶ
772 1011 871 1048 μᾶλλον

82 1062 200 1088 ἕκαστον
209 1060 262 1087 τῶν
274 1059 479 1095 σημαινομένων
488 1059 544 1094 ἔχει
553 1059 603 1095 τὴν
615 1059 682 1085 ῐδίαν
691 1057 801 1092 γνῶσιν.
815 1057 871 1084 Καὶ

83 1107 139 1143 γὰρ
152 1109 166 1134 ό
177 1107 239 1139 Υἱὸς
250 1107 314 1134 ἴδιον
325 1106 375 1141 τῆς
385 1105 478 1137 οὐσίας
485 1106 532 1132 καὶ
539 1105 588 1141 τῆς
597 1105 703 1140 φύσεως
711 1103 757 1131 τοῦ
765 1103 871 1138 Πατρός

83 1155 143 1180 ἐστι
152 1153 284 1188 γέννημα,
291 1152 337 1179 καὶ
347 1151 424 1178 τοῦτο
433 1151 489 1187 ἔχει
496 1151 526 1177 τὸ
534 1150 742 1186 σημαινόμενον.
750 1149 805 1175 Καὶ
815 1148 870 1184 (45)

83 1199 118 1226 ἰδ
140 1198 253 1234 Πνεῦμα
268 1199 297 1225 δὲ
312 1198 456 1233 λεγόμενον
470 1196 515 1224 τοῦ
531 1195 613 1228 Θεοῦ,
636 1195 683 1223 καὶ
699 1196 728 1222 ἐν
744 1194 818 1229 αὐτῷ
830 1194 870 1226 ὃν,

83 1245 116 1272 οὗ
131 1244 205 1277 ξένον
219 1244 276 1271 ἐστὶ
289 1244 338 1279 τῆς
350 1242 397 1270 τοῦ
410 1241 474 1269 Υιοῦ
488 1241 605 1276 φύσεως,
620 1240 680 1268 οὗτε
693 1240 744 1275 τῆς
757 1239 803 1266 τοῦ
815 1240 871 1266 Πα-

83 1289 149 1327 τρδς
160 1290 292 1325 Baden-ros.
306 1289 355 1316 Διὰ
364 1288 442 1316 τοῦτο
454 1288 507 1323 γὰρ
518 1289 546 1314 ἐν
558 1286 664 1323 Τριάδι,
678 1287 706 1313 ἐν
713 1286 811 1321 lla-:91,
825 1285 872 1312 καὶ

85 1337 116 1363 ἐν
125 1336 192 1370 (45·)
201 1335 267 1370 Υίῷ,
277 1336 323 1361 καὶ
331 1335 359 1361 ἐν
367 1334 440 1367 αὐτῷ
446 1334 484 1369 τῷ
491 1333 638 1368 Πνεύματι,
647 1332 695 1367 μία
702 1332 794 1367 θεότης
802 1331 870 1362 ἐστὶ,

85 1382 134 1408 καὶ
148 1382 177 1407 ἐν
191 1381 258 1416 αὐτῇ
275 1383 307 1417 τῇ
318 1380 413 1416 Τριάδι
425 1379 455 1406 ἓν
476 1380 534 1405 ἐστι
547 1379 578 1405 τὺ
595 1378 750 1413 βάπτισμα,
761 1375 808 1403 καὶ
822 1375 872 1412 μία

85 1430 104 1466 ἠ
122 1429 221 1461 πίστις.
243 1428 351 1464 Ἀμέλει
363 1427 409 1454 τοῦ
421 1427 528 1462 Πατρὺς
539 1426 692 1461 πέμποντος
708 1425 738 1451 τὸ
749 1423 870 1459 Πνεῦμα,

84 1478 100 1503 ό
117 1476 181 1508 Υἱὸς
197 1475 324 1511 ἐμφυσῶν
340 1475 446 1502 δίδωσιν
460 1473 525 1502 αὐτὸ
541 1474 596 1504 τοῖς
613 1472 760 1507 μαθηταῖς·
777 1470 870 1506 ἐπειδὴ

88 1531 97 1545 σ
112 1521 202 1566 πάντα
215 1521 265 1547 ὅσα
284 1520 339 1555 ἔχει
355 1521 370 1546 ὁ
384 1519 488 1555 Πατὴρ,
505 1517 551 1545 τοῦ
567 1517 631 1544 Υἱοῦ
643 1517 712 1543 ἐστι.
727 1525 737 1542 ›
748 1516 802 1543 Καὶ
814 1515 870 1566 (46)
885 1534 906 1563 C

84 1565 134 1593 τοῦ
149 1565 234 1600 Λόγου
255 1565 398 1600 γινομένου
416 1565 444 1591 ἐν
468 1565 525 1595 τοῖς
543 1563 711 1598 προφήταις,
735 1561 812 1588 αὐτοὶ
833 1561 872 1595 τῷ

85 1612 226 1647 Πνεύματι
242 1611 436 1646 ἐπροφήτευον,
448 1609 486 1641 ὡς
500 1608 653 1643 γέγραπται
668 1607 714 1634 καὶ
724 1606 880 1633 δέδεικται·-

88 1667 98 1683 ‹
116 1656 161 1692 Τῷ
172 1657 249 1692 Λόγῳ
266 1655 368 1691 Κυρίου
384 1657 408 1682 ot
421 1655 528 1690 οὐρανοὶ
541 1652 744 1689 ἐστερεώθησαν
753 1671 760 1683 ,
775 1651 821 1678 καὶ
835 1651 874 1686 τῷ

85 1702 226 1737 Πνεῦματι
234 1701 279 1728 τοῦ
291 1701 420 1737 στόματος
428 1700 508 1728 αὑτοῦ
520 1700 617 1734 πᾶσαὴ
626 1698 740 1734 δύναμις
752 1697 869 1724 αὐτῶν.»

123 1793 150 1820 Al.
166 1793 259 1824 Οὕτως
273 1792 322 1819 οὐκ
338 1791 395 1818 ἐστι
413 1791 514 1826 κτίσμα
528 1790 558 1817 τὸ
578 1788 708 1824 Πνεῦμα,
735 1787 792 1814 ἀλλ’
810 1787 874 1814 [διον

85 1839 136 1874 τῆς
150 1838 197 1865 τοῦ
209 1839 295 1872 Λόγου
310 1837 414 1871 οὐσίας,
434 1837 498 1863 ἴδιον
513 1836 559 1863 καὶ
573 1835 620 1862 τοῦ
630 1833 708 1866 Θεοῦ,
722 1835 770 1860 καὶ
782 1835 812 1860 ἐν
824 1833 874 1860 αὺ-

85 1884 127 1920 τῷ
137 1884 245 1919 λέγεται
260 1881 338 1910 εἶναι.
350 1882 435 1909 Πάλιν
447 1882 500 1918 γὰρ
510 1881 545 1908 τὰ
554 1880 622 1908 αὐτὰ
635 1880 723 1914 λέγειν
733 1880 782 1906 οὐκ
794 1879 875 1914 ὀκνη-

85 1932 158 1958 τέον.
172 1931 204 1958 Et
218 1931 265 1958 καὶ
279 1931 343 1962 Υἱὸς
356 1931 405 1957 οὐκ
419 1927 563 1963 ὠνομάσθη
580 1927 609 1953 τὸ
621 1925 732 1960 Πνεῦμα
743 1925 774 1951 τὸ
784 1924 872 1958 ἅγιον,

86 1977 147 2005 ἀλλ’
157 1978 206 2004 οὐκ
220 1977 294 2004 ἐστιν
308 1976 385 2008 ἐκτὸς
396 1975 442 2003 τοῦ
454 1973 519 2001 Υίοῦ
529 1983 537 1990 υ
553 1972 665 2008 Πνεῦμα
676 1972 730 2007 γὰρ
739 1970 875 2001 υἱοθεσίας

87 2024 198 2060 ιῐρηται
210 2032 216 2038 ·
239 2024 286 2051 καὶ
296 2022 388 2058 ἐπειδὴ
406 2031 415 2047 ι
427 2019 542 2057 Χριστὸς
551 2018 618 2045 Θεοῦ
626 2018 739 2052 δύναμις
752 2018 799 2044 καὶ
808 2016 874 2043 Θεοῦ

88 2068 191 2103 σοφία,
204 2077 213 2093 ι
234 2066 387 2098 ἀκολούθως
412 2065 518 2101 εἴρηται
545 2063 608 2099 περὶ
627 2062 672 2089 τοῦ
698 2061 872 2096 Πνεύματος·

91 2124 101 2140 ι
118 2114 230 2150 Πνεῦμα
245 2113 353 2148 σοφίας,
366 2111 412 2139 καὶ
428 2109 540 2145 Πνεῦμα
553 2107 692 2144 δυνάμεώς
708 2108 777 2134 ἐστι.
792 2116 802 2132 ›
821 2106 874 2133 Τοῦ

87 2161 146 2196 γὰρ
159 2159 314 2195 Πνεύματος
329 2158 495 2194 μετέχοντες,
511 2155 609 2191 ἔχομεν
621 2154 668 2180 τὸν
682 2153 757 2186 Υῑδν,
772 2153 817 2179 καὶ
829 2152 875 2179 τὸν

918 238 959 260 est
978 233 1050 260 enim
1068 241 1074 257 :
1093 242 1101 258 ε
1123 232 1197 265 Quos
1214 232 1348 266 priest-ivit
1370 236 1396 258 et
1416 231 1613 265 pra-destinavit
1634 239 1699 258 con-

918 278 1019 306 formes
1032 279 1088 306 ﬁeri
1107 279 1232 313 imaginis
1254 277 1314 304 Filii
1336 278 1379 304 sui
1395 278 1436 303 “:
1458 287 1467 302 ι
1485 277 1566 312 igitur
1586 278 1637 304 hac
1657 285 1700 304 rn-

919 325 992 352 tione
1007 333 1074 352 avus
1089 328 1130 351 est
1140 323 1231 351 Pater.
1250 323 1283 350 Et
1299 323 1428 358 quoniam
1449 322 1535 350 Filius
1550 323 1657 357 quidem
1672 324 1700 350 in

919 371 1028 398 nomine
1048 370 1136 397 Patris
1148 370 1243 397 venit:
1263 379 1272 395 ‹
1298 369 1415 403 Spiritus
1439 374 1529 396 autem
1551 367 1672 402 sanctus,
1688 379 1698 395 ι

918 417 956 444 ait
970 416 1066 447 Filius.
1081 425 1090 441 ι
1108 423 1189 450 quem
1206 416 1294 442 mittet
1308 414 1388 442 Pater
1402 415 1428 441 in
1443 415 1552 442 nomine
1566 423 1626 442 meo
1635 416 1657 431 ”
1669 424 1675 441 :
1689 425 1699 441 ι

918 470 982 497 ergo
998 467 1025 489 et
1034 461 1088 488 hoc
1103 469 1211 496 quoque
1229 462 1309 488 modo
1324 468 1390 488 avus
1409 465 1450 487 est
1468 459 1556 487 Pater.
1571 459 1640 493 Quid
1667 461 1700 488 ad

919 508 977 535 haec
997 508 1154 542 responsuri
1177 507 1255 539 estis,
1272 507 1333 533 licet
1357 506 1449 533 omnia
1466 509 1566 533 temere
1586 506 1702 534 dicatis?

920 553 991 587 Quid
1021 553 1220 580 ratiocinamini
1248 553 1319 587 apud
1342 551 1540 586 vosmetipsos?
1571 552 1612 579 An
1639 559 1702 579 cum

920 600 1067 627 advertatis
1092 607 1141 626 vos
1163 599 1299 632 haesitare,
1318 598 1451 633 ejusmodi
1476 597 1639 632 qurestioues
1659 606 1702 625 re-

919 645 1106 680 prehenditis?
1124 645 1176 672 Sed
1198 644 1274 678 prius
1291 652 1340 672 vos
1363 644 1438 679 ipsos
1462 643 1600 678 eoarguite
1628 644 1703 678 (nam

919 692 983 719 talia
997 699 1118 726 quaerere
1133 690 1325 724 consuevistis)
1341 690 1543 725 Scripturisque
1567 690 1704 723 obtempe-

920 741 989 769 rate,
1010 741 1037 764 et
1047 745 1110 764 cum
1133 744 1186 764 non
1214 740 1358 771 suppetant
1372 743 1433 770 quae
1448 735 1646 770 respondeatis,
1662 735 1704 763 di-

921 782 988 810 scite
1001 783 1126 817 posthac,
1143 782 1275 816 Spiritum
1293 782 1319 808 in
1334 781 1483 816 Scripturis
1500 789 1637 815 nunquam
1653 789 1704 808 vo-

919 830 1009 853 catum
1029 833 1089 853 esse
1108 825 1217 858 Filium,
1235 826 1282 853 sed
1303 826 1432 861 Spiritum
1449 832 1584 858 sanctum,
1599 831 1624 854 et
1644 826 1707 861 Spi-

921 872 1003 899 ritum
1016 871 1074 899 Dei.
1087 871 1321 905 Quemadmodum
1341 875 1431 899 autem
1450 871 1567 906 Spiritus
1583 879 1636 898 non
1658 878 1706 899 vo-

920 921 998 945 catus
1020 921 1062 944 est
1076 917 1178 950 Filius;
1193 918 1233 945 sic
1251 925 1337 952 neque
1361 917 1394 944 de
1409 917 1477 944 Filio
1491 918 1622 951 scriptum
1637 921 1678 944 est
1696 923 1704 942 :

921 963 979 998 Ipse
995 969 1036 991 est
1053 963 1171 998 Spiritus
1184 968 1305 991 sanctus.
1323 961 1393 990 Num
1408 963 1490 998 igitur
1505 963 1567 998 quia
1585 963 1704 998 Spiritus

921 1017 976 1037 non
987 1014 1100 1038 vocatus
1117 1013 1160 1037 est
1179 1009 1274 1042 Filius,
1291 1013 1318 1036 et
1337 1008 1423 1036 Filius
1443 1017 1495 1036 non
1518 1014 1560 1036 est
1575 1009 1704 1044 Spiritus.

920 1056 982 1083 ideo
996 1056 1123 1083 dissentit
1141 1063 1157 1082 a
1174 1055 1286 1082 veritate
1309 1054 1394 1082 ﬁdes?
1411 1054 1504 1082 Absit!
1524 1054 1594 1087 Quin
1617 1055 1705 1090 potius

920 1101 1131 1137 unumquodque
1146 1108 1241 1128 eorum
1255 1107 1316 1135 quae
1341 1100 1506 1132 indicantur,
1529 1101 1611 1127 habet
1642 1108 1706 1135 pro-

920 1146 1007 1181 priam
1026 1145 1264 1181 signiﬁcationem.
1280 1143 1386 1171 Etenim
1402 1143 1485 1171 Filius
1499 1143 1658 1171 substantiae
1672 1151 1706 1172 ac

921 1195 1026 1218 natura:
1042 1190 1132 1218 Patris
1141 1189 1251 1225 propria
1268 1193 1310 1217 est
1325 1189 1425 1223 proles,
1438 1193 1465 1216 et
1483 1189 1534 1216 hoc
1553 1196 1646 1216 revera
1668 1189 1706 1216 si-

920 1238 1046 1273 gniﬁcat:
1067 1237 1141 1269 item,
1157 1236 1275 1271 Spiritus
1289 1236 1336 1271 qui
1354 1235 1401 1262 Dei
1417 1235 1528 1267 dicitur,
1541 1239 1567 1262 et
1593 1235 1620 1262 in
1645 1235 1706 1270 ipso

920 1287 972 1315 est.
991 1290 1045 1310 non
1073 1283 1180 1310 alienus
1204 1286 1246 1309 est
1268 1289 1283 1308 a
1304 1281 1366 1308 Filii
1391 1285 1498 1313 natura,
1518 1287 1567 1308 nec
1582 1288 1596 1307 a
1617 1279 1706 1308 Patris

921 1329 1070 1357 divinitate.
1085 1329 1147 1357 Ideo
1163 1328 1235 1356 enim
1249 1328 1276 1355 in
1290 1320 1434 1359 Trinitate,
1450 1326 1554 1354 scilicet
1577 1326 1603 1353 in
1626 1325 1706 1353 Patre

920 1379 948 1402 et
966 1375 993 1402 in
1003 1373 1073 1402 Filio
1089 1374 1154 1402 etin
1171 1374 1230 1409 ipso
1243 1373 1347 1408 Spiritu
1360 1377 1456 1400 sancto
1481 1379 1535 1398 una
1549 1377 1591 1399 est
1606 1372 1706 1399 divini-

921 1424 975 1452 tas,
1003 1425 1030 1447 et
1056 1420 1084 1447 in
1104 1420 1162 1454 ipsa
1190 1418 1322 1445 Trinitate
1347 1425 1432 1444 unum
1459 1422 1501 1443 est
1519 1417 1665 1451 baptisma.
1678 1419 1706 1443 et

921 1474 975 1494 una
988 1466 1064 1494 ﬁdes.
1079 1465 1214 1492 Nimirum
1229 1463 1308 1491 Patre
1321 1463 1446 1490 mittente
1467 1462 1609 1496 Spiritum,
1621 1461 1706 1488 Filius

922 1511 1060 1538 insuﬁlans
1076 1510 1123 1537 dat
1142 1510 1217 1537 illum
1233 1508 1373 1543 discipulis
1383 1508 1405 1523 "
1420 1516 1427 1541 ;
1441 1507 1572 1542 quoniam
1587 1515 1596 1532 ε
1609 1506 1706 1534 Omnia

923 1564 1093 1592 quaecunque
1118 1555 1201 1583 habet
1228 1554 1318 1586 Pater,
1349 1553 1410 1580 Filii
1430 1553 1535 1580 sunt“.
1554 1561 1563 1577 ι
1592 1551 1705 1578 Etcum

923 1602 1041 1631 Verbum
1059 1602 1086 1629 in
1100 1600 1239 1636 prophetis
1255 1600 1342 1632 ﬁeret,
1357 1599 1408 1634 ipsi
1425 1599 1452 1626 in
1470 1597 1572 1632 Spiritu
1590 1596 1707 1632 prophe-

923 1648 1026 1679 tabant,
1038 1651 1068 1674 ut
1078 1646 1210 1680 scriptum
1227 1652 1260 1672 ac
1279 1644 1497 1671 demonstratum
1511 1645 1552 1669 est
1567 1649 1574 1667 :
1592 1650 1601 1666 ‹
1617 1639 1706 1668 Verbo

923 1693 1030 1721 Domini
1058 1692 1119 1720 cmli
1146 1691 1245 1718 lirmati
1274 1695 1349 1722 sunt,
1377 1692 1405 1716 et
1433 1688 1535 1723 Spiritu
1564 1687 1621 1715 oris
1647 1686 1706 1722 ejus

922 1740 1012 1767 omnis
1027 1739 1113 1766 virtus
1124 1745 1218 1765 eorum
1231 1737 1263 1764 ³⁷.
1283 1745 1292 1762 ι

957 1786 984 1813 4.
1004 1784 1097 1819 Itaque
1109 1791 1164 1810 non
1177 1787 1268 1810 creata
1282 1789 1327 1809 res
1345 1785 1386 1808 est
1401 1779 1519 1815 Spiritus
1541 1788 1548 1806 :
1565 1779 1611 1806 sed
1624 1777 1706 1805 Verbi

923 1829 1082 1857 substantia:
1101 1827 1239 1863 proprius,
1252 1826 1299 1854 Dei
1321 1826 1385 1853 item
1408 1824 1545 1860 proprius,
1556 1828 1582 1850 et
1596 1823 1622 1850 in
1646 1823 1706 1857 ipso

923 1882 983 1902 esse
999 1873 1112 1901 dicitur.‘
1122 1872 1241 1899 Rursum
1254 1871 1348 1898 eadem
1362 1870 1420 1905 ipsa
1436 1870 1526 1896 dicere
1541 1875 1593 1895 non
1607 1868 1704 1903 pigeat.

923 1919 1043 1947 Tametsi
1060 1918 1177 1953 Spiritus
1201 1921 1313 1944 sanctus
1336 1923 1390 1942 non
1415 1918 1526 1942 vocatus
1549 1917 1590 1941 est
1609 1912 1705 1946 Filius,

923 1972 977 1992 non
1004 1969 1094 1992 tamen
1125 1968 1167 1991 est
1195 1967 1273 1990 extra
1304 1961 1404 1988 Filium
1421 1969 1429 1994 ;
1446 1960 1563 1995 Spiritus
1589 1966 1708 1993 namque

924 2010 1077 2044 adoptionis
1091 2009 1179 2036 dictus
1190 2013 1232 2035 est
1245 2016 1252 2041 ;
1264 2011 1292 2035 et
1310 2007 1374 2042 quia
1389 2015 1398 2031 ε
1411 2006 1537 2033 Christus
1552 2003 1601 2032 Dei
1620 2003 1707 2031 virtus

923 2060 951 2084 et
963 2055 1158 2090 Deinsapientia
1181 2058 1222 2082 est
1239 2053 1306 2085 “,‘i
1336 2056 1515 2087 congruenter
1541 2050 1574 2077 de
1604 2050 1706 2084 Spiritu

924 2105 1018 2130 sancto
1034 2101 1137 2129 dictum
1152 2106 1202 2132 est,
1221 2109 1231 2126 Ι
1255 2099 1373 2134 Spiritus
1396 2097 1535 2132 sapientiae
1549 2101 1576 2124 et
1590 2095 1708 2131 Spiritus

924 2147 1031 2174 virtutis
1048 2149 1090 2173 est
1101 2145 1134 2173 ".
1154 2154 1163 2170 ι
1177 2145 1246 2172 Cum
1276 2143 1349 2172 enim
1367 2142 1515 2178 participes
1530 2148 1626 2168 sumus
1645 2139 1703 2174 Spi-

90 2185 281 2240 Ϋῖἱνῖχᾶᾁὲες,
293 2185 431 2239 εὶὸμενέδ
576 2199 676 2236 κρᾶζον
690 2199 719 2225 ἐν
734 2199 793 2229 ταῖς
806 2206 871 2233 καρ-

925 2193 1005 2226 ritus,
1022 2191 1121 2218 Filium
1144 2190 1286 2222 habemus,
1303 2193 1330 2216 et
1347 2187 1446 2215 Filium
1467 2186 1608 2216 habentes.
1624 2185 1707 2212 hahe—

89 2252 161 2283 δίαις
179 2250 271 2287 ἡμῶν,
289 2260 298 2276 ε
317 2249 399 2276 Ἀσὸὰ
420 2249 434 2275 ὀ
455 2247 565 2282 Πατὴρ,
585 2255 595 2271 ι
616 2246 653 2278 ὡς
670 2246 684 2272 ὁ
698 2244 803 2275 Παῦλος
816 2243 871 2280 (47)

90 2297 212 2333 εἴρηκεν.
241 2297 272 2323 Εἰ
284 2296 308 2323 δ’
324 2294 406 2322 ὅτιτὸ
426 2292 536 2328 Πνεῦμά
555 2293 612 2318 ἐστι
628 2290 674 2317 τοῦ
687 2289 764 2321 Θεοῦ,
780 2289 828 2316 καὶ
845 2290 875 2315 ἐν

90 2342 166 2378 αὐτῷ
181 2340 249 2369 εῐναι
264 2342 432 2377 γέγραπται·
451 2349 460 2365 ι
475 2338 516 2365 Τὰ
529 2338 577 2364 τοῦ
588 2336 656 2364 Θεοῦ
669 2336 723 2372 γὰρ
735 2335 822 2366 οὐδεὶς
836 2332 876 2361 οἷ-

90 2389 137 2416 δεν
152 2389 176 2414 εί
194 2387 230 2423 μὴ
244 2387 274 2414 τὸ
290 2386 400 2422 Πνεῦμα
418 2384 465 2412 τοῦ
484 2383 550 2411 Θεοῦ
570 2382 601 2409 τὸ
616 2383 645 2408 ἐν
656 2380 743 2416 αὐτῷ·
759 2389 770 2406 ι
799 2380 846 2406 καὶ
862 2380 876 2406 ό

92 2435 156 2467 Υἱὸς
169 2434 197 2460 δὲ
214 2433 322 2469 εἴρηκεν
332 2440 339 2446 ·
360 2441 369 2457 ι
390 2431 460 2465 Ἐγὼ
475 2431 503 2456 ἐν
519 2428 558 2464 τῷ
573 2426 676 2462 Πατρὶ,
691 2425 739 2452 καὶ
752 2425 766 2452 ὁ
781 2424 875 2459 Πατὴρ

92 2482 123 2507 ἐν
139 2480 215 2515 ἐμοί·
230 2489 240 2505 ι
255 2479 299 2506 διὰ
316 2478 342 2505 τί
356 2478 387 2504 τὸ
397 2477 463 2504 αὐτὸ
481 2476 564 2510 ὄνομα
578 2474 628 2500 οὐκ
643 2472 700 2498 ἐστι
713 2471 800 2505 τούτῳ
818 2469 874 2505 (48)

130 2539 152 2555 ¹¹
167 2538 272 2565 Coloss.
288 2545 307 2568 r,
325 2536 367 2564 15.
423 2535 446 2551 "
461 2535 538 2561 Rom.
555 2540 614 2563 vni,
630 2530 675 2557 29.

93 2582 178 2606 xxx".
191 2573 218 2600 6.

129 2630 184 2664 (£2)
198 2629 235 2657 lta
250 2629 317 2664 Reg.
333 2633 360 2656 et
374 2628 484 2664 Seguer.
500 2625 568 2664 _Edit_i
582 2631 656 2664 vero,
668 2621 765 2664 οὕτως.

129 2657 185 2701 ita)
199 2657 354 2701 gobieﬁan.
367 2668 393 2690 et
406 2657 479 2701 ξομε.
497 2661 522 2701 i,
537 2660 575 2701 μὴ
588 2657 739 2701 μέμφεσθε.

129 2696 185 2736 (44)
200 2700 355 2736 Golilerianr.
369 2703 394 2725 et
405 2697 475 2736 Felg.
493 2696 519 2736 ρ,
535 2696 606 2736 ἐπεί.

201 2735 228 2761 1η
245 2735 445 2770 (ἑοι›ιρι-ἱξιη..εί
455 2732 526 2770 l-‘elc.
539 2731 565 2762 1,
583 2727 736 2770 “adeost,
783 2761 788 2767 _

124 2760 259 2834 ἐλέγίίἝν
273 2760 348 2813 deest
358 2769 385 2795 in
398 2760 564 2794 Goblcriano
577 2769 604 2791 et
617 2761 790 2790 Felcktnanni
806 2760 832 2793 ί,
847 2764 874 2787 et

134 2812 218 2834 enus.
234 2805 262 2830 ἐν
276 2813 359 2834 αυτῳ.
638 2833 643 2834 γ
674 2833 678 2834 ν
764 2832 769 2834 ν
831 2830 848 2834 __

95 2803 218 2836 inferius.
234 2805 262 2830 ἐν
276 2803 359 2838 αὐτῷ.
413 2837 428 2838 η
467 2836 481 2838 _
521 2836 526 2838 _
615 2833 643 2838 __
673 2833 679 2838 _
710 2837 713 2838 ν
763 2832 769 2837 ,
831 2830 848 2838 __

129 2830 250 2876 (ῖθῇξαί
266 2830 341 2867 ἀεεεί
354 2839 380 2865 in
389 2837 453 2865 edit.
466 2836 566 2868 Parim,
576 2834 623 2863 sed
637 2833 751 2862 habetur
762 2832 790 2858 in
806 2830 872 2872 edit.

730 2530 753 2545 ³⁵
764 2527 843 2555 Joan.
859 2535 915 2559 xlv,
929 2526 975 2553 26.

269 2554 315 2598 3δί
328 2554 392 2599 ἱῖᾰτ.
406 2579 425 2602 Ι,
436 2554 542 2597 εἶ’Ἒὶ
559 2554 614 2594 ίέὲέέ
628 2554 706 2598 ἷζε.
746 2554 772 2579 ιο⁷
783 2563 870 2590 Galat.

941 2561 968 2588 6.
1008 2560 1029 2576 "
1048 2559 1131 2588 lCor.
1149 2567 1180 2592 ll,
1194 2554 1242 2585 ill.
1279 2557 1302 2574 ³²
1320 2557 1399 2584 Joan.
1416 2563 1473 2588 xw,
1488 2554 1533 2581 10.

924 2729 951 2751 et
964 2723 1034 2750 Felc.

925 2247 986 2267 mus
1005 2242 1032 2265 et
1051 2237 1181 2272 Spiritum
1203 2235 1365 2263 clamantem
1390 2234 1417 2261 in
1445 2232 1574 2260 cordibus
1594 2231 1706 2261 nostris,

929 2295 939 2311 ε
954 2285 1029 2313 Abba
1047 2284 1128 2312 Pater
1139 2283 1189 2315 ",i
1209 2287 1239 2309 ut
1250 2281 1371 2316 loquitur
1383 2278 1493 2306 Paulus.
1511 2276 1621 2310 Quodsi
1643 2275 1706 2310 quia

927 2331 1044 2366 Spiritus
1057 2335 1099 2357 est
1112 2329 1171 2364 Dei,
1185 2332 1211 2356 et
1223 2328 1251 2355 in
1269 2327 1329 2362 ipso
1340 2333 1401 2353 esse
1416 2324 1549 2359 scriptum
1565 2327 1606 2350 est
1624 2331 1630 2348 :
1644 2328 1707 2348 nam

930 2387 939 2403 σ
956 2377 1021 2410 Qua:
1040 2375 1087 2402 Dei
1105 2378 1179 2406 sunt,
1194 2379 1274 2400 nemo
1283 2371 1420 2407 cogn0vit,
1436 2369 1487 2396 nisi
1512 2368 1630 2403 Spiritus
1645 2365 1707 2398 Dei,

927 2423 971 2457 qui
983 2422 1010 2448 in
1022 2422 1081 2456 ipso
1092 2424 1134 2447 est
1142 2420 1175 2446 ³¹.
1189 2429 1199 2445 ι
1221 2418 1306 2445 Filius
1317 2418 1380 2445 item
1393 2416 1461 2443 dixit
1480 2423 1487 2441 ε
1511 2424 1521 2440 ι
1536 2413 1592 2448 Ego
1606 2413 1633 2440 in
1653 2412 1707 2439 Pa-

927 2472 969 2496 tre
982 2471 1009 2494 et
1021 2466 1101 2494 Pater
1117 2466 1144 2492 in
1169 2473 1214 2492 me
1225 2465 1248 2480 “
1262 2471 1270 2488 :
1291 2473 1300 2489 ι
1316 2470 1402 2498 quare
1417 2469 1470 2488 non
1484 2461 1549 2487 huic
1568 2463 1649 2493 atque
1669 2457 1707 2484 illi

1023 2526 1050 2542 τι
1060 2524 1138 2552 Juan.
1153 2532 1198 2556 xx,
1211 2523 1256 2550 22.
1304 2523 1328 2538 “
1339 2521 1417 2549 Joan.
1433 2519 1547 2556 χνιηίδ.
1599 2518 1620 2533 ’⁷
1632 2516 1705 2544 Psal.

925 2617 1058 2646 Commel.
1072 2621 1099 2644 et
1117 2617 1145 2643 in
1167 2615 1293 2644 omnibus
1317 2613 1465 2641 codicibus.
1488 2610 1560 2637 Infra
1583 2608 1630 2636 καί
1645 2613 1709 2635 ante

923 2653 962 2687 τῷ
978 2654 1055 2687 Λόγῳ
1066 2653 1141 2679 deest
1155 2652 1180 2678 in
1196 2650 1349 2687 Goblerian.
1368 2653 1393 2675 et
1410 2647 1482 2687 Felc.
1500 2646 1524 2672 l.

948 2678 1152 2728 ίρθγίῖιέᾷξώς
1169 2686 1183 2711 ὁ
1197 2685 1300 2716 Παῦλος
1312 2684 1432 2719 εἴρηκεν.
1449 2683 1546 2709 desunt
1561 2680 1587 2706 in
1597 2678 1708 2706 Golxler-

964 2730 1034 2750 rete.
1047 2730 1145 2757 primo.

960 2759 1016 2794 (48)
1030 2756 1198 2794 Sic_Regius,
1212 2755 1404 2794 Seguerjanus,
1416 2752 1509 2794 Basil_.,
1518 2755 1544 2778 et
1558 2750 1593 2777 ita
1607 2749 1708 2784 legerat

925 2786 1056 2823 Nannius.
1070 2786 1142 2820 Editi
1158 2786 1233 2823 vero,
1245 2786 1294 2817 ὂὺκ
1306 2789 1376 2815 ἐστιν
1389 2786 1561 2824 ἀμφοτέροις.
