1974 3037
101 131 156 158 ὑεὸ

646 127 813 155 ΕΡιετοιΑ
834 127 867 155 IV
892 127 938 154 AD
959 127 1192 156 SEBAPIONEM.

1672 125 1723 153 336

100 188 240 223 Εὑνόμιοι,
255 187 301 214 καὶ
312 186 439 220 Εὑδόξιοι,
454 187 500 213 καὶ
510 186 633 213 Εὺσὲὃιω.
647 186 712 222 (60).
727 186 818 219 ’Δπαξ
833 187 888 222 γὰρ

941 188 1010 215 enim
1037 187 1121 214 semel
1136 186 1244 213 Arianae
1263 184 1375 212 haeresis
1392 184 1538 213 histriones
1550 183 1637 211 eﬁ‘ecti
1649 185 1702 210 sint
1714 204 1723 216 ,

101 233 308 268 ὑποκρινόμενοι
319 233 367 268 τὴν
382 233 520 267 Ἀρειανὴν
535 232 650 267 αἵρεσιν,
659 232 689 258 οὐ
705 232 741 267 μὴ
753 231 886 258 παύσουσι

99 276 151 311 τὴν
165 277 268 303 ἑαυτῶν
280 276 403 310 γλῶσσαν
419 276 473 302 ἀπὸ
499 276 634 307 ἀσεϐείας.
648 276 695 308 Τίς
715 276 770 311 γὰρ
796 277 886 308 αὐτοῖς

101 321 245 356 παρέδωκε
258 320 359 352 ταῦτα;
377 321 424 352 Τίς
440 322 454 347 6
465 321 588 352 διδάξας;
610 321 677 347 Ἀλλ’
689 321 774 353 οὐδεὶς
788 322 820 348 ἐκ
832 321 887 348 τῶν

101 367 182 394 Θείων
192 367 211 392 Γ
215 367 315 403 ραφὼν’
329 369 361 393 ὲκ
373 367 401 393 δὲ
414 366 460 393 τοῦ
485 367 700 403 περισσεύματος
714 368 762 402 τῆς
775 368 887 403 καρδίας

101 414 192 440 αὐτῶν
205 413 314 448 ἐξῆλθεν
328 414 345 448 ὴ
359 413 468 448 τοιαύτη
481 413 688 449 παραφροσύνη.

137 460 164 486 6.
176 460 206 486 El
223 460 287 495 γὰρ,
303 460 364 485 ἐπεὶ
378 459 415 494 μὴ
430 459 532 494 κτίσμα
548 460 606 485 ἐστὶ
622 459 652 486 τὺ
665 459 776 495 Πνεῦμα
798 459 887 495 (τοῦτο

101 505 156 540 γὰρ
176 505 302 540 ἐδείχθη),
319 505 450 540 ἐρωτᾶτε,
466 505 529 537 Υἱὸς
557 503 603 532 οὖν
620 507 677 532 ἐστι
708 506 738 532 τὸ
756 506 885 542 Πνεῦμας

101 551 172 586 ὥρα,
189 551 323 585 μαθόντας
346 551 426 585 ὑμᾶς,
450 551 491 577 ὅτι
509 551 546 586 μὴ
569 551 671 586 κτίσμα
695 552 768 578 ἐστὶν
783 552 798 578 6
824 552 887 583 Υἱὸς

102 596 163 630 (διὰ
175 596 269 622 τούτου
284 597 339 631 (6|)
357 596 410 632 γὰρ
434 595 469 622 τὰ
497 597 597 631 γενητά
618 597 752 632 ἐκτίσθη),
772 598 886 633 ἐρωτᾷν,

101 643 198 677 Πατὴρ
213 640 257 668 οῦν
271 644 343 668 ἐστιν
353 642 366 668 6
383 643 465 675 Υἱόςς
480 643 515 669 Ἦ
542 643 588 669 καὶ
612 642 713 674 οὕτως·
728 643 764 669 Τὸ
777 643 888 678 Πνεῦμα

100 686 150 714 οὖν
165 689 236 714 ἐστιν
259 689 273 714 6
291 688 363 720 Υἱὸς,
395 689 440 715 καὶ
455 690 470 715 6
482 689 545 720 Υἱὸς
556 688 636 720 αὑτός
656 690 712 716 ἐστι
731 689 760 716 τὸ
777 689 888 724 Πνεῦμα

101 735 133 760 τὸ
147 735 239 768 ἆγιονς
257 734 373 761 Τοιαῦτα
385 734 413 760 δὲ
427 735 603 770 λογιζόμενοι,
619 735 670 768 ἔξω
687 736 735 771 μὲν
747 737 796 771 τῆς
809 736 889 769 ἁγίας

102 780 217 815 Τριαδος
230 780 346 812 ἔσονται,
367 780 440 807 ἄθεοι
463 780 491 808 δὲ
517 781 693 817 κριθήσονται
710 782 776 817 (62),
790 781 890 808 ἀλλὰσ‹

103 833 198 856 σοντες
211 825 242 851 τὸ
253 825 337 860 ὄνομα
350 825 396 852 τοῦ
413 826 528 862 Πατρδς,
546 827 593 853 καὶ
618 827 665 854 τοῦ
680 827 756 858 Υἱοῦ,
775 827 822 854 καὶ
839 825 886 853 τοῦ

103 873 183 906 ἁγίου
198 871 363 907 Πνεῦματος·
388 868 585 908 μταφέροντὲς
609 881 638 900 τε
653 873 728 904 αὐτὸ,
744 873 781 905 ὡς
795 873 887 900 θέλου-

104 925 158 949 σιν,
174 918 202 943 ὲν
216 917 366 952 ὁμοιώματι
381 917 514 951 γενέσεως
528 917 710 954 ἀνθρωπίνης,
725 917 823 952 ἔκγονα
833 917 888 953 (65)

100 963 151 989 καὶ
169 961 295 994 πάππους
307 963 500 998 ὀνομάζοντες,
529 964 574 990 καὶ
602 964 652 999 τὴν
673 964 805 999 Ἑλλήνων
831 964 889 990 θεο-

103 1008 197 1042 γονίαν
213 1009 318 1040 ἑαυτοῖς
347 1009 589 1044 ἀναπλασσόμενοι.
622 1011 678 1036 Οὐκ
694 1010 751 1036 ἐστι
777 1011 805 1036 δὲ
820 1010 888 1045 αὕτη

103 1054 154 1087 τῆς
175 1052 334 1088 Ἑκκλησίας
347 1053 364 1088 ἠ
376 1054 476 1085 πίστις,
488 1053 543 1080 ἀλλ’
558 1054 595 1086 ὡς
611 1053 685 1081 εἶπεν
695 1055 710 1080 6
732 1055 836 1091 Σωτὴρ,
849 1056 889 1087 είς

104 1098 215 1133 Πατέρα
227 1099 272 1124 καὶ
287 1098 350 1124 Υἱὺν
364 1099 410 1125 καὶ
421 1099 496 1133 ἆγιον
511 1099 633 1135 Πνεῦμα’
649 1101 759 1136 Πατέρα
784 1101 887 1136 μέντοι,

104 1144 136 1170 οὺ
152 1143 298 1178 δυνάμενον
322 1143 446 1178 λέγεσθαι
473 1145 594 1176 πάππον,
621 1146 668 1171 καὶ
685 1146 747 1172 Υίὸν
759 1147 790 1172 οὺ
813 1146 890 1173 δυνά-

106 1197 186 1224 μενον
199 1189 325 1223 λέγεσθαι
338 1190 458 1225 Πατέρα,
474 1191 520 1217 καὶ
534 1189 645 1226 Πνεῦμα
657 1191 733 1225 ἆγιον
745 1192 795 1218 οὐκ
804 1192 890 1224 ἄλλως

103 1234 222 1270 ῆοῦτως
245 1235 452 1270 ὀνομαζόμενον.
481 1237 542 1263 Ἐπὶ
572 1236 673 1272 ταύτης
694 1238 744 1273 τῆς
774 1238 889 1270 πίστεως

103 1281 157 1307 οὐκ
171 1280 243 1307 ἐστιν
258 1281 370 1313 ἐναλλὰξ
395 1282 490 1308 εἰπεῖν’
509 1282 565 1309 ἀλλ’
581 1284 624 1310 ἀεὶ
641 1285 655 1310 ὁ
684 1283 778 1318 Πατὴρ
796 1284 890 1320 Πατήρ

102 1327 174 1358 ἐστι,
188 1327 260 1352 καὶὸ
277 1326 332 1362 (64)
359 1327 422 1359 Υἱὸς
448 1328 491 1354 ἀεὶ
512 1327 585 1360 Υίὺς,
608 1328 655 1355 καὶ
683 1329 712 1354 τὺ
735 1328 846 1364 Πνεῦμα
860 1329 891 1355 τὸ

104 1372 182 1406 ἆγιον
194 1373 236 1398 ἀεὶ
253 1372 362 1408 Πνεῦμα
375 1372 451 1407 ἅγιόν
471 1375 529 1400 ἐστι
551 1374 598 1401 καὶ
610 1374 727 1409 λέγεται.
749 1375 809 1401 Ἐπὶ
841 1375 890 1410 μὲν

102 1417 159 1452 γὰρ
177 1417 231 1443 τῶν
244 1417 429 1453 ἁνῡρωπὶνων,
438 1419 488 1446 οὐκ
502 1419 574 1446 ἐστιν
585 1420 680 1452 οὕτως,
689 1419 739 1447 κᾶν
750 1421 774 1446 oi
787 1421 891 1456 ’Λρεια-

102 1464 145 1490 vel
155 1463 266 1490 τοιαῦτα
282 1464 466 1498 φαντάζωνται
583 1466 625 1498 Ὠς
644 1466 698 1502 γὰρ
725 1466 889 1503 γέγραπται,

937 240 1075 267 nunquam
1097 231 1263 259 cohibebant
1284 232 1403 265 linguam
1426 238 1503 258 suam
1524 231 1558 257 ah
1574 229 1724 264 impietate.

937 277 1003 310 Quis
1024 278 1096 304 enim
1123 278 1180 305 hzec
1202 276 1269 312 ipsis
1284 275 1413 303 tradidit?
1426 275 1493 308 Quis
1508 275 1623 302 docuit?
1640 274 1726 302 Nemo

936 331 1002 351 sane
1016 331 1048 351 ex
1059 323 1158 350 divinis
1172 322 1328 357 Scripturis.
1343 321 1394 348 Sed
1406 329 1439 348 ex
1452 321 1618 348 abundantia
1633 320 1726 348 cordis

936 376 1030 396 eorum
1048 368 1204 403 huiusmodi
1217 367 1331 395 stultitia
1344 367 1452 402 prodiit.

972 415 998 442 6.
1016 414 1043 442 Si
1057 414 1276 450 anim,quoniam
1293 418 1416 441 creatura
1432 421 1486 440 nou
1499 417 1540 440 est
1551 412 1637 440 Filius
1648 413 1725 448 (illud

937 460 1008 487 enim
1018 464 1230 487 eommonstratu
1236 467 1261 486 m
1270 460 1333 493 est),
1341 459 1523 493 interrogatis,
1531 458 1634 493 Ergone
1642 458 1726 486 Filius

937 511 977 533 est
999 505 1134 540 Spiritus?
1159 504 1253 532 Restat
1275 513 1324 532 vos
1344 505 1389 539 qui
1404 505 1538 532 didicistis
1557 504 1655 532 Filium
1672 513 1726 532 non

937 558 996 578 esse
1011 555 1163 578 creaturam
1181 553 1239 585 (per
1250 557 1312 576 eum
1329 557 1447 583 namque
1466 554 1598 577 creatum
1609 550 1727 577 condite

938 599 1012 630 sunt)
1034 595 1210 630 interrogare,
1232 593 1311 622 Pater
1326 602 1390 630 ergo
1408 599 1449 621 est
1470 593 1574 621 Filius?
1595 597 1649 623 Aut
1663 595 1724 622 sie:

939 640 1057 676 Spiritus
1075 648 1141 675 ergo
1160 645 1202 668 est
1217 639 1314 672 Filius,
1335 645 1363 668 et
1382 640 1468 668 Filius
1486 641 1543 675 ipse
1555 646 1596 668 est
1609 641 1727 676 Spiritus

939 686 1069 714 sanctus?
1082 686 1150 713 Cum
1161 690 1251 713 autem
1264 686 1328 712 talia
1344 686 1459 720 cogitent
1475 691 1501 713 ct
1514 690 1590 713 extra
1605 692 1726 714 sanctam

939 733 1100 760 Trinitatem
1122 736 1217 765 erunt,
1234 737 1260 759 et
1271 732 1344 759 athei
1367 732 1573 767 judieahuntur,
1590 733 1660 767 quod
1676 733 1727 759 im-

940 784 1046 807 mutent
1056 787 1154 806 nomen
1164 779 1253 806 Patris
1261 784 1286 806 et
1295 778 1355 806 Filii
1367 785 1393 805 et
1403 778 1520 813 Spiritus
1531 779 1629 811 sancti,
1642 783 1728 806 trans-

941 824 1082 859 feramque
1095 825 1160 851 illud
1169 832 1218 851 suo
1233 824 1365 851 arbitratu
1378 824 1404 850 in
1420 823 1625 851 similitudinem
1643 831 1727 858 gene-

939 870 1052 898 rationis
1066 870 1191 897 humana'.
1206 879 1213 896 :
1225 869 1297 904 quod
1313 874 1423 904 nepotes
1437 877 1557 904 avosque
1568 869 1722 902 nominent,

940 923 971 942 ac
993 915 1104 942 deorum
1122 915 1336 949 generationem,
1353 914 1583 948 quemadmodqu
1599 914 1724 948 gentiles,

939 961 1077 995 efﬁngant.
1090 959 1149 987 Non
1168 964 1209 988 est
1222 967 1312 988 autem
1328 961 1384 988 haec
1401 960 1528 988 Beclesia:
1547 960 1623 992 ﬁdes,
1637 960 1684 988 sed
1697 965 1728 988 ut

939 1008 977 1034 ait
992 1006 1126 1037 Salvator.
1141 1006 1167 1033 in
1190 1006 1297 1034 Patrem
1309 1011 1336 1034 et
1355 1007 1454 1034 Filium
1468 1012 1495 1034 et
1510 1006 1640 1042 Spiritum
1662 1015 1727 1034 san-

939 1058 1012 1081 etum
1026 1063 1033 1080 :
1049 1053 1156 1080 Patrem
1171 1052 1274 1080 scilicet
1291 1053 1338 1088 qui
1356 1061 1410 1080 non
1433 1053 1519 1088 possit
1539 1061 1605 1080 avus
1624 1053 1726 1086 vocari,

939 1098 1038 1126 Filium
1060 1099 1106 1133 qui
1126 1105 1180 1124 non
1198 1097 1286 1132 possit
1298 1097 1351 1124 dici
1365 1097 1454 1130 Pater,
1471 1103 1496 1124 et
1512 1097 1642 1132 Spiritum
1657 1105 1729 1125 san—

940 1149 1012 1172 ctum
1027 1152 1080 1170 non
1092 1144 1145 1171 alio
1157 1151 1238 1178 quam
1252 1143 1303 1170 huc
1314 1143 1424 1170 nomine
1435 1144 1607 1178 appellatum.
1624 1142 1660 1170 De
1675 1143 1728 1170 hac

940 1189 992 1216 ﬁde
1013 1189 1093 1224 560
1114 1197 1167 1215 non
1182 1189 1244 1216 licet
1266 1188 1340 1215 varie
1357 1187 1448 1222 loqui:
1461 1188 1507 1215 sed
1524 1196 1630 1222 semper
1646 1187 1729 1216 Pater

940 1232 1019 1260 Pater
1034 1238 1085 1266 est,
1101 1237 1129 1260 et
1145 1232 1230 1260 Filius
1243 1241 1350 1268 semper
1366 1233 1454 1260 Filius
1464 1253 1471 1266 ,
1485 1239 1512 1260 et
1531 1232 1648 1268 Spiritus
1662 1241 1727 1261 san-

940 1284 1001 1306 ctus
1015 1286 1120 1314 semper
1142 1282 1184 1306 est
1196 1278 1351 1314 diciturque
1363 1278 1482 1314 Spiritus
1498 1283 1622 1306 sanctus.
1639 1278 1667 1306 in
1683 1287 1728 1307 re—

940 1325 992 1352 bus
1011 1326 1083 1352 enim
1109 1325 1235 1352 humanis
1261 1332 1314 1351 non
1336 1325 1372 1352 ita
1395 1332 1424 1351 se
1440 1332 1483 1351 res
1498 1325 1587 1358 habet,
1602 1326 1727 1360 quamvis

939 1370 1033 1397 Ariani
1053 1371 1116 1397 talia
1134 1371 1385 1398 comminiscantur.
1412 1369 1479 1396 Nam
1498 1370 1726 1403 quemadmodum

941 1416 1069 1451 scriptum
1084 1420 1136 1449 est,
1145 1424 1155 1441 ι
1167 1415 1225 1442 Non
1239 1420 1268 1443 ut
1278 1416 1368 1447 homo,
1379 1415 1478 1442 Deus“
1487 1435 1494 1447 ,
1506 1425 1514 1440 ι
1525 1416 1561 1442 ita
1569 1416 1728 1444 dixeritali-

940 1463 1012 1497 quis,
1029 1470 1082 1490 non
1108 1467 1137 1490 ut
1157 1462 1227 1489 Deus
1251 1463 1385 1490 homines.
1405 1463 1483 1497 Apud
1502 1464 1626 1491 homines
1653 1464 1728 1491 enim

106 1518 116 1534 ε
130 1509 186 1544 Οὐχ
196 1508 233 1540 ὠς
247 1508 388 1543 ἄνθρωπος
403 1510 417 1535 6
431 1509 508 1542 Θεὸς,
520 1519 529 1535 ι
544 1509 629 1542 οὕτως
645 1510 677 1537 ἄν
690 1519 731 1542 τις
746 1511 827 1543 εἴποι,
841 1511 889 1546 οὐχ

941 1513 1018 1543 pater
1035 1516 1089 1535 non
1104 1516 1211 1543 semper
1226 1513 1302 1543 pater
1317 1513 1367 1541 est,
1381 1516 1468 1542 neque
1487 1509 1559 1536 ﬁlius
1573 1517 1679 1543 semper
1697 1509 1729 1536 ﬁ-

102 1554 142 1585 ὡς
157 1553 221 1586 Θεὸς
240 1555 264 1580 οἱ
274 1554 419 1590 ἄνθρωποι,
438 1556 499 1581 Ἐπὶ
517 1555 571 1590 γὰρ
592 1556 645 1582 τῶν
664 1555 824 1591 ἀνθρώπων,
840 1557 890 1582 οὐκ
909 1553 917 1583 ί

103 1601 178 1627 ἔστιν
189 1602 202 1627 6
216 1601 306 1637 πατὴρ
317 1601 360 1627 ἀεὶ
381 1602 482 1637 πατὴρ,
496 1602 555 1629 οὐδὲ
566 1603 579 1628 6
590 1602 646 1634 υἱὸς
661 1603 703 1628 ἀεὶ
716 1602 780 1634 υἱός.
797 1603 825 1629 '0
838 1602 891 1638 γὰρ

103 1647 186 1678 αὐτὸς
200 1646 289 1682 πατὴρ
302 1647 350 1682 μὲν
366 1646 422 1673 υἱοῦ
433 1647 546 1681 γίνεται,
570 1648 649 1679 αὐτὸς
661 1647 688 1674 δὲ
701 1647 793 1683 ἑτέρου
811 1648 890 1682 γέγο-

102 1700 149 1717 νεν
161 1691 227 1723 υίὸς,
242 1692 288 1718 καὶ
300 1693 314 1718 ὁ
329 1692 384 1724 υἱὸς
398 1693 498 1728 πατρὸς
509 1692 546 1719 ὢν
560 1693 625 1725 υίὸς,
635 1693 713 1720 ἄλλου
727 1693 890 1729 (adnixis-rat

103 1737 206 1772 πατήρ.
229 1737 353 1772 Ἀδραὰμ
370 1737 434 1771 γοῦν
450 1738 506 1770 υίὸς
521 1737 558 1765 ὢν
572 1738 617 1765 τοῦ
639 1738 739 1774 Ναχὼρ
757 1738 823 1773 (67),
840 1747 891 1765 πα-

101 1782 156 1818 τὴρ
169 1783 264 1817 γέγονε
290 1783 335 1809 τοῦ
359 1784 459 1810 Ἰσαάκ·
485 1785 532 1811 καὶ
553 1785 645 1811 Ἰσαὰκ
673 1784 701 1811 δὲ
726 1785 782 1817 υίὸς
796 1784 833 1811 ὢν
843 1785 889 1812 τοῦ

110 1827 246 1864 Ἀϐραὰμ,
263 1829 352 1864 πατὴρ
368 1829 461 1863 γέγονε
474 1829 520 1856 τοῦ
551 1829 655 1856 Ἰακώϐ.
682 1831 814 1862 Ἕκαστος
826 1830 889 1866 γὰρ,

105 1873 189 1908 μέρος
204 1873 240 1900 ὣν
255 1873 302 1900 τοῦ
326 1874 435 1908 γονέως,
451 1875 577 1909 γεννᾶται
593 1875 642 1909 μὲν
658 1875 729 1907 υίὸς,
745 1875 848 1909 γίνεται
862 1875 891 1902 δὲ

103 1919 151 1945 καὶ
162 1919 240 1950 αὐτὸς
254 1919 348 1955 ἑτέρου
362 1921 460 1956 πατήρ.
496 1921 558 1947 Ἐπὶ
576 1921 604 1946 δὲ
632 1921 681 1955 τῆς
705 1919 830 1955 Θεότητος
842 1921 890 1955 οὐχ

103 1963 202 1996 οὕτως,
218 1965 279 1991 ἐπεὶ
295 1965 332 2001 μὴ
348 1966 385 1997 ὡς
401 1966 542 2002 ἄνθρωπος
558 1967 572 1993 6
586 1966 660 1998 Θεός.
678 1967 706 1993 Ὀ
718 1967 783 2001 γοῦν
797 1967 891 2002 Πατὴρ

103 2010 155 2036 οὐκ
170 2011 202 2036 ὲκ
220 2011 325 2046 Πατρός
339 2013 406 2038 ἐστι·
421 2012 460 2038 διὸ
478 2013 537 2038 οὐδὲ
552 2013 632 2048 γεννᾷ
646 2013 690 2039 τὸν
711 2013 891 2048 γενησόμενον

103 2054 199 2089 ἑτέρου
214 2055 331 2091 Πατέρα·
348 2056 407 2082 οὐδὲ
423 2058 437 2083 6
452 2056 515 2088 Υἱὸς
534 2057 616 2092 μέρος
627 2057 685 2083 ἐστὶ
697 2056 744 2083 τοῦ
772 2057 888 2092 Πατρὸς,

103 2100 146 2126 διὸ
160 2100 219 2127 οὐδὲ
236 2101 357 2137 γέννημα
370 2103 443 2128 ἐστιν
453 2103 491 2134 εἰς
504 2103 534 2129 τὸ
549 2103 643 2138 γεννᾷν
658 2103 730 2129 Υίόν.
749 2103 828 2129 Ὅθεν
844 2103 890 2129 ἐπὶ

103 2147 155 2181 τῆς
169 2146 293 2183 Θεότητος
305 2148 388 2183 μόνης
402 2148 416 2173 ὁ
437 2148 530 2185 Πατὴρ
554 2149 653 2184 κυρίως
678 2149 732 2185 (68)
749 2149 796 2175 καὶ
812 2149 891 2184 μόνος

943 1555 1005 1581 lius.
1023 1553 1089 1580 Nam
1104 1553 1161 1587 ipse
1180 1553 1288 1588 quidem
1299 1553 1346 1580 ﬁlii
1362 1558 1436 1587 pater
1453 1553 1577 1586 ciﬁcitur,
1593 1554 1640 1580 sed
1661 1554 1728 1580 alte-

943 1599 999 1626 rius
1015 1599 1072 1633 ipse
1084 1599 1155 1626 ﬁlius
1167 1598 1280 1626 exstitit.
1303 1597 1334 1625 Et
1351 1597 1421 1625 ﬁlius
1433 1606 1494 1625 eum
1507 1598 1542 1626 sit
1558 1599 1642 1633 patris
1655 1598 1729 1627 ﬁlius

942 1645 1052 1672 alterius
1077 1650 1151 1679 pater
1172 1644 1296 1671 eﬁicitur.
1315 1643 1452 1670 Abraham
1474 1645 1556 1679 igitur
1579 1645 1650 1672 lilius
1664 1653 1728 1672 cum

941 1696 1012 1718 esset
1034 1689 1174 1722 Nachoris,
1199 1694 1274 1725 pater
1298 1689 1387 1717 iactus
1411 1694 1453 1717 est
1479 1691 1581 1724 Isaac;
1606 1697 1632 1720 et
1653 1692 1728 1720 Isaae

941 1745 1003 1765 cum
1022 1742 1094 1765 esset
1112 1737 1184 1763 lilius
1204 1736 1329 1767 Ahraiuc.
1349 1741 1425 1771 pater
1444 1736 1496 1763 fuit
1516 1736 1608 1764 Jacob.
1636 1737 1728 1766 linus-

942 1782 1057 1817 quisque
1071 1782 1143 1809 enim
1163 1789 1224 1809 cum
1247 1781 1283 1808 sit
1299 1789 1362 1816 pars
1378 1783 1507 1815 parentis,
1529 1783 1650 1811 nascitur
1666 1785 1728 1819 qui-

941 1829 1001 1856 dem
1019 1829 1100 1861 ﬁlius,
1115 1827 1231 1856 efﬁcitur
1244 1833 1332 1856 autem
1347 1834 1373 1856 et
1389 1829 1446 1863 ipse
1461 1829 1573 1856 alterius
1587 1835 1672 1864 pater.
1697 1830 1727 1858 In

941 1875 1082 1903 divinitate
1103 1883 1166 1902 vero
1187 1883 1239 1903 non
1263 1876 1314 1907 sic,
1335 1875 1463 1910 quoniam
1487 1882 1541 1902 non
1561 1876 1630 1903 sicut
1646 1877 1728 1904 homo

941 1921 1023 1948 Deus.
1041 1920 1121 1948 Pater
1134 1921 1225 1955 itaque
1241 1928 1294 1948 non
1309 1929 1342 1949 ex
1367 1921 1447 1948 Patre
1469 1926 1529 1949 est:
1544 1921 1657 1957 ideoque
1673 1929 1728 1950 non

941 1967 1026 2003 gignit
1041 1975 1104 1994 eum
1129 1967 1174 2001 qui
1198 1966 1306 1994 futurus
1323 1969 1358 1995 sit
1379 1969 1491 1996 alterius
1508 1968 1588 1996 Pater
1606 1978 1614 2002 ;
1639 1977 1728 2004 neque

941 2012 1027 2040 Filius
1041 2020 1103 2048 pars
1122 2017 1163 2040 est
1179 2012 1280 2044 Patris,
1297 2018 1462 2048 quapropter
1478 2021 1530 2041 non
1551 2019 1590 2042 est
1605 2013 1676 2042 fetus
1693 2015 1728 2042 ad

941 2060 1124 2095 generandum
1142 2060 1237 2088 ﬁlium.
1251 2059 1328 2088 Unde
1340 2061 1367 2088 in
1383 2061 1482 2089 deitate
1493 2063 1561 2094 sola,
1576 2061 1654 2090 Pater
1664 2070 1728 2098 pro-

941 2105 1008 2140 prie,
1027 2106 1154 2140 solusque
1174 2104 1254 2133 Pater
1268 2113 1329 2133 cum
1345 2107 1396 2140 sit,
1411 2111 1452 2134 est
1471 2111 1497 2134 et
1513 2107 1563 2134 fuit
1579 2113 1606 2135 et
1619 2115 1727 2143 semper

941 2152 1001 2180 erit.
1028 2152 1061 2178 Et
1085 2151 1170 2179 Filius
1196 2152 1305 2186 proprie
1328 2157 1355 2180 ct
1372 2153 1446 2180 solus
1462 2152 1548 2181 Filius
1563 2158 1614 2181 est.
1631 2153 1658 2181 In
1679 2155 1724 2182 his

105 2193 199 2230 Πατὴρ
213 2193 260 2225 ὢν,
278 2194 334 2221 ἔστι
351 2195 397 2221 καὶ
418 2193 450 2230 ἦν
464 2196 509 2222 καὶ
525 2196 567 2222 ἀεί
590 2196 657 2222 ἐστι.
674 2196 728 2222 Καὶ
740 2196 754 2222 6
766 2195 827 2227 Υἱὸς
842 2204 889 2222 κυ-

942 2198 1012 2225 enim
1024 2203 1132 2225 constat
1147 2197 1222 2229 illud,
1234 2197 1340 2225 Patrem
1355 2205 1461 2233 semper
1472 2198 1579 2226 Patrem
1589 2203 1616 2226 et
1627 2198 1725 2227 Filium

106 2239 182 2274 ρίως.
200 2240 246 2266 καὶ
264 2240 342 2274 μόνος
356 2240 419 2272 Υίός
432 2242 500 2269 ἐστι.
521 2242 574 2267 Καὶ
593 2241 638 2267 ἐπὶ
662 2241 764 2268 τούτων
789 2241 888 2276 ἕστηκε

103 2284 145 2315 τὸ,
156 2286 170 2311 6
182 2285 276 2321 Πατὴρ
292 2285 334 2312 ἀεὶ
348 2286 451 2321 Πατὴρ,
468 2287 514 2313 καὶ
525 2287 564 2318 τὸ,
583 2287 645 2319 Υἱὸς
665 2288 707 2314 ἀεὶ
733 2288 806 2320 Υἱὸς,
821 2285 889 2314 εἷναί

103 2336 134 2354 τε
151 2330 197 2355 καὶ
214 2329 348 2363 λέγεσθαι·
378 2332 424 2357 καὶ
447 2332 477 2357 τὸ
503 2331 613 2368 Πνεῦμα
642 2332 669 2359 δὲ
696 2333 726 2360 τὸ
754 2334 829 2368 ἅγιον
846 2333 890 2360 ἀεὶ

104 2373 216 2408 Πνεῦμα
228 2373 304 2407 ama,
319 2374 386 2401 ἐστι’
413 2376 459 2401 καὶ
484 2376 562 2403 τοῦτο
581 2376 627 2403 τοῦ
657 2378 724 2404 Θεοῦ
738 2377 817 2410 εἶναι,
843 2379 890 2405 καὶ

104 2419 181 2455 παρὰ
192 2419 238 2445 τοῦ
250 2419 355 2455 Πατρὸς
378 2420 412 2447 δι’
427 2421 490 2447 Υἱοῦ
514 2422 629 2449 δίδοσθαι
658 2424 888 2460 πεπιστεύκαμεν,

142 2500 165 2515 ³⁸
178 2499 258 2528 Νιιιη.
276 2503 409 2535 “111,19.

105 2579 197 2640 δέξο)
212 2579 294 2607 iidem
304 2601 312 2613 ,
325 2582 389 2616 περὶ
410 2581 541 2617 Εὑνομίου
551 2602 558 2614 ,
579 2583 717 2631 Εὑξοςιου,
735 2584 782 2609 καὶ
803 2583 888 2610 Εὐσε-

133 2623 173 2641 ου.
616 2626 623 2631 ⁴

141 2649 404 2688 (61)5οειιειςίειηιιε,
420 2651 463 2678 διὰ
483 2651 570 2688 τοῦτο.
591 2651 651 2679 Mox
671 2652 741 2680 idem
762 2658 790 2680 et
808 2653 886 2688 Reg”

103 2684 260 2721 τὰνγονητά.
275 2684 356 2717 Editi,
368 2686 401 2721 τὰ
416 2686 542 2721 γεννητά.

151 2720 195 2752 62)
210 2719 318 2747 Gobler.
332 2726 358 2747 et
372 2719 443 2748 Fele.
463 2719 523 2752 Ι,’κ
544 2721 634 2748 ιθοῖεν.

139 2720 194 2789 ἓϐὃ)
214 2754 323 2789 Regius,
341 2754 498 2789 Seguerian.
522 2730 634 2784 Eobieri:

151 2754 194 2789 63)
214 2754 498 2793 RegiuSuSeguerian.
522 2754 676 2784 Gobierian.
697 2761 724 2784 et
745 2757 835 2785 Felck.
859 2759 885 2793 Ι,

104 2789 213 2822 ἔγγονα.
232 2789 312 2822 Editi,
329 2789 437 2824 ἔκγονα,

141 2824 196 2859 (66)
216 2824 245 2850 ⁸0
259 2825 335 2852 abest
347 2833 361 2852 a
374 2825 528 2853 Gohlerian.
540 2829 566 2854 et
579 2826 649 2854 Fclc.
667 2828 690 2854 ί.

941 2249 1046 2276 semper
1061 2241 1158 2269 Filium
1174 2249 1233 2269 esse
1243 2249 1275 2269 ae
1289 2243 1359 2274 dici;
1373 2242 1504 2277 Spiritum
1516 2249 1640 2271 sanctum
1653 2252 1726 2272 sem-

939 2296 988 2323 per
999 2288 1127 2322 Spiritum
1145 2292 1269 2316 sanctum
1292 2296 1369 2321 esse;
1388 2294 1415 2316 et
1436 2290 1509 2316 hunc
1528 2289 1573 2316 Dei
1585 2298 1655 2322 esse,
1671 2294 1698 2317 et
1710 2289 1727 2318 a

943 2335 1022 2362 Patre
1045 2342 1091 2370 per
1114 2334 1211 2362 Filium
1239 2334 1297 2362 dari
1312 2335 1459 2362 credimus.
1485 2335 1530 2363 Sic
1545 2336 1616 2363 enim
1633 2341 1726 2364 saneta

943 2380 1061 2408 Trinitas
1083 2380 1249 2408 invariahilis
1266 2386 1415 2414 permanet,
1434 2382 1461 2408 in
1483 2389 1536 2409 una
1558 2382 1656 2410 deitate
1677 2390 1726 2410 co-

944 2427 1029 2462 gnita.
1046 2426 1138 2461 Itaque
1153 2426 1199 2461 qui
1213 2426 1376 2462 interrogat:
1388 2426 1493 2461 Ergone
1510 2427 1596 2455 Filius
1608 2432 1650 2456 est
1664 2427 1726 2464 Spi-

956 2584 1032 2650 ἁὲϐδ)
1046 2584 1090 2612 Sic
1105 2584 1215 2620 Regius,
1233 2585 1343 2622 Seguer.
1359 2590 1386 2614 et
1407 2585 1547 2614 Basiliens.
1562 2586 1643 2620 Editi,
1658 2595 1725 2623 φαν-

992 2628 1077 2647 ονται.

940 2628 1066 2647 ταςονται
1070 2640 1077 2646 .

977 2654 1031 2691 (66)
1048 2656 1093 2682 Sic
1107 2656 1207 2691 Regius
1224 2660 1250 2684 et
1266 2655 1425 2691 Seguerian.
1439 2655 1508 2683 Editi
1520 2664 1595 2687 vero.
1610 2657 1668 2685 ἀλλ’
1679 2658 1724 2691 οὐ,

941 2690 1020 2726 male.
1037 2691 1097 2717 Mox
1112 2690 1212 2724 Regius
1227 2696 1253 2718 et
1268 2690 1460 2726 Seguerianus,
1474 2692 1549 2725 γοῦν.
1570 2693 1649 2726 Editi,
1666 2690 1722 2720 οὗνζ

940 2724 1024 2764 Paullo
1038 2730 1098 2760 post
1103 2726 1136 2764 §é
1151 2731 1211 2760 post
1228 2724 1319 2753 Ἰσαάκ
1336 2727 1411 2753 deest
1422 2726 1448 2753 in
1462 2724 1552 2760 editis,
1567 2729 1612 2756 sed
1627 2724 1726 2764 legitur

942 2760 968 2786 in
983 2759 1047 2794 Reg.
1060 2766 1087 2787 et
1102 2759 1213 2794 Seg’uer.

977 2795 1033 2831 (ti?)
1049 2795 1184 2822 Memoria-
1197 2796 1272 2830 lapsu
1286 2796 1394 2831 ponilur
1411 2804 1460 2831 pro
1473 2796 1562 2824 Thare
1579 2796 1699 2826 Nachor.

976 2829 1031 2865 (68)
1045 2830 1154 2865 κυρίως
1169 2829 1245 2858 deost
1261 2829 1291 2858 in
1304 2829 1418 2858 Goblcr.‘
1428 2837 1455 2859 et
1471 2831 1588 2860 Felckm.
1605 2834 1630 2860 l.
