1974 3037
122 145 176 175 619

661 140 827 170 EPISTULA
852 142 882 168 IV
901 141 945 168 AD
967 141 1195 170 SEIIAI‘IONEII.

1682 140 1733 170 6ξο

121 203 227 238 μέμψῃ,
241 202 379 237 γινώσκων
400 202 449 237 τὴν
476 201 611 237 ἡμετέραν
632 200 783 236 προθυμίαν
801 199 856 234 (77)
871 207 900 224 τε

959 203 1016 232 iter,
1036 205 1091 226 tum
1111 205 1202 227 nostra
1227 199 1369 226 inlirmitas
1388 206 1442 225 non
1456 198 1545 234 ignota
1560 202 1610 226 est.
1626 198 1732 225 Dictum

117 250 166 275 καὶ
177 248 327 275 ἀσθένειαν.
340 249 376 274 Τὸ
391 249 438 282 μὲν
452 246 498 274 οὖν
508 247 588 283 ῥητόν
600 248 683 276 ἐστιν,
697 247 751 278 ὅτε,
761 245 901 271 Τοσούτων

117 293 241 329 σημείων
258 293 406 328 γινομένων
423 294 451 318 ἐν
478 292 518 328 τῷ
539 291 707 326 Εὑαγγελίῳ,
730 291 755 317 οἱ
774 291 824 326 μὲν
852 291 904 316 Φα-

118 340 218 373 ρισαῖοι
232 338 324 371 ἔλεγον
337 346 342 352 “
363 347 371 363 ι
386 334 470 370 Οὗτος
483 339 531 364 οὐκ
548 336 672 364 ἐκϐάλλει
688 336 721 363 τὰ
735 336 859 371 δαιμόνια
879 337 903 362 εί

117 384 155 418 μὴ
175 385 204 409 ὲν
229 382 391 414 Βεελζεϐοῦλ
421 383 458 418 τῷ
473 383 580 417 ἄρχοντι
602 382 656 408 τῶν
678 382 831 416 δαιμονίων·
849 382 862 406 ὁ
875 381 903 407 δὲ

115 428 228 463 Κύριος,
247 428 323 459 εἰδὼς
335 428 384 459 τὰς
399 427 561 463 ἐνθυμήσεις
585 427 684 457 αὐτῶν,
703 424 777 452 εἶπεν
802 427 902 457 αὐτοῖς·

115 476 195 501 Πᾶτα
207 474 330 509 βασιλεία
349 474 508 510 μερισθεῖσα
524 473 584 500 καθ’
604 473 702 507 ἑαυτὴν
714 472 873 508 ἐρημοῦται.
892 483 900 498 ι

115 521 171 547 Καὶ
182 520 309 556 είρηκώς·
327 530 336 546 ι
356 521 386 547 Εἰ
398 520 425 547 δὲ
442 521 469 546 ὲν
484 519 621 554 Πνεύματι
635 518 702 545 Θεοῦ
713 518 768 552 ἐγὼ
781 518 904 545 ἐκϐάλλω

115 567 151 592 τὰ
167 566 302 601 δαιμόνια,
318 566 371 602 ἄρα
389 566 506 600 ἔφθασεν
533 565 575 599 ἐφ’
589 565 660 600 ὑμᾶς
683 565 699 600 ἡ
719 564 841 599 βασιλεία
856 564 902 590 τοῦ

114 612 211 639 Θεοῦ-ι
229 613 321 639 λοιπὸν
336 612 470 647 ἐπιφέρει·
488 621 497 637 ι
516 611 564 638 Διὰ
578 610 656 637 τοῦτο
669 610 739 644 λέγω
755 611 818 645 ὑμῖν
835 610 901 645 (78),

116 659 195 685 Πᾶσα
215 659 336 694 ἁμαρτία
361 659 408 685 καὶ
426 657 584 694 βλασφημία
598 657 760 692 ἀφεθήσεται
774 657 837 691 ὑμῖν
847 658 902 688 τοῖς

115 705 281 741 ἀνθρώποις·
311 706 327 740 ἡ
351 705 379 732 δὲ
407 706 446 736 είς
476 705 507 731 τὸ
525 704 634 739 Πνεῦμα
671 705 725 738 (79)
747 703 902 738 βλασφημία

115 752 167 777 οὐκ
189 751 372 786 ἀφεθήσεται·
398 751 445 776 καὶ
466 750 495 781 ὃς
516 749 548 776 ἂν
572 749 637 785 εἴπῃ
663 749 740 783 λόγον
762 748 831 775 κατὰ
855 747 902 774 τοῦ

115 796 184 822 Υἱοῦ
196 796 242 822 τοῦ
258 795 412 832 ἀνθρώπου,
430 795 595 830 ἀφεθήσεται
610 796 693 830 αὐτῷ·
709 795 737 826 ὃς
752 795 775 821 δ“
791 795 824 821 ἂν
839 795 904 830 εἴπῃ

116 841 188 868 κατὰ
210 840 256 867 τοῦ
277 841 436 876 Πνεῦματος
468 840 514 866 τοῦ
546 841 633 875 ἁγίου,
662 841 712 867 οὐκ
737 840 903 875 ἀφεθήσεται

953 245 1035 279 igitur
1049 245 1181 279 ejusmodi
1199 249 1259 272 est:
1279 245 1346 272 Cum
1363 248 1425 279 post
1445 248 1484 271 tot
1508 244 1583 279 signa
1600 245 1627 271 in
1643 244 1730 271 Evan-

953 291 1022 325 gelio
1034 296 1153 323 narrata,
1165 292 1220 318 bch
1233 291 1362 318 Pharisaei
1380 291 1556 325 loquerentur
1569 301 1575 318 τ
1593 300 1601 316 ι
1616 290 1664 318 llic
1678 299 1732 318 non

952 337 1026 371 ejicit
1036 337 1167 364 daemonia
1183 337 1235 364 nisi
1250 336 1276 363 in
1294 336 1442 364 Beelzebub
1457 337 1578 371 principe
1589 336 1736 364 daemonio-

953 391 1014 410 rum
1027 392 1033 410 :
1050 383 1182 410 Dominus
1194 383 1283 410 sciens
1295 383 1473 418 cogitationes
1484 390 1589 416 eorum,
1600 382 1668 410 dixit
1678 383 1734 409 eis:

953 429 1038 456 Omne
1054 437 1166 464 regnum
1185 429 1301 456 divisum
1317 433 1410 456 contra
1431 437 1460 457 se
1485 429 1658 456 desolabitur.
1675 438 1684 454 ι
1703 427 1737 455 Et

954 483 1016 503 cum
1035 475 1165 502 dixisset:
1184 485 1193 500 ί
1210 475 1240 501 Si
1256 479 1346 502 autem
1369 483 1418 510 ego
1435 475 1462 502 in
1479 475 1580 510 Spiritu
1596 475 1642 502 Dei
1657 475 1737 510 ejieio

953 521 1096 553 damonis,
1109 521 1191 556 igitur
1206 521 1328 556 pervenit
1339 521 1365 548 in
1381 529 1429 549 vos
1446 529 1557 556 regnum
1579 521 1645 554 Dei;
1659 530 1668 546 ι
1690 521 1737 547 de—

954 567 1016 594 inde
1029 566 1127 593 infert:
1150 575 1159 592 ‹
1174 567 1236 594 Ideo
1248 567 1309 594 dico
1324 566 1401 593 vobis
1420 575 1425 592 :
1449 565 1534 592 Omne
1555 570 1692 599 peccaturo
1711 571 1738 592 et

953 613 1121 647 blasphemia
1135 614 1286 640 remittetur
1297 612 1463 642 hominibusl
1472 611 1638 646 blasphemia
1647 616 1736 638 autem

953 658 981 684 in
1006 657 1136 693 Spiritum
1159 667 1213 686 non
1234 659 1396 686 remittetur.
1416 658 1448 685 Et
1468 658 1622 692 quicunque
1639 658 1739 686 dixerit

953 705 1064 731 verbum
1080 709 1174 732 contra
1196 704 1293 732 Filium
1315 705 1432 732 hominis
1455 704 1606 732 remittetur
1629 704 1671 736 ei;
1691 697 1738 739 qui

954 757 1043 778 autem
1064 751 1161 778 dixerit
1179 755 1271 778 contra
1290 750 1420 786 Spiritum
1440 755 1564 778 sanctum
1578 758 1630 778 non
1646 751 1739 778 remit—

954 801 1024 824 tetur
1044 797 1079 827 ei,
1093 804 1180 832 neque
1194 797 1222 824 in
1241 798 1293 824 hoc
1307 797 1417 829 smculo,
1435 804 1522 831 neque
1534 797 1559 823 in
1574 796 1666 823 futuro
1677 795 1708 823 ⁸⁸.
1726 806 1735 821 ι

956 842 995 869 Tu
1011 848 1100 870 autem
1116 843 1330 877 percontabaris,
1353 851 1401 871 cur
1414 843 1581 878 blasphemia
1597 843 1624 870 in
1640 842 1738 870 Filium

115 888 192 923 αὐτῷ
206 887 267 914 οὔτε
281 888 309 914 ἐν
321 887 360 923 τῷ
374 888 451 914 αἰῶνι
465 887 552 923 τούτῳ
570 887 630 914 οὔτε
648 887 677 914 ἐν
690 887 728 922 τῷ
752 886 884 922 μέλλοντι.
893 895 901 911 ι

959 888 1111 922 dimittitur,
1123 889 1291 924 blasphemia
1319 894 1408 917 autem
1428 890 1455 916 in
1470 874 1599 924 Spiritum
1615 895 1738 916 sanctum

117 934 157 960 Σὺ
176 934 203 960 δὲ
214 934 330 968 ἐζήτεις,
346 933 373 959 τί
385 933 485 968 δήποτε
498 934 514 968 ἠ
531 933 579 968 μὲν
601 934 639 964 είς
651 933 695 959 τὸν
712 932 774 958 Υἱὺν
787 932 906 967 βλασφη-

116 981 169 1014 μία
185 980 304 1014 ἀφίεται,
322 980 339 1014 ἡ
354 979 382 1005 δὲ
395 980 434 1010 είς
449 979 480 1005 τὸ
498 978 610 1014 Πνεῦμα
634 978 665 1004 τὸ
685 978 761 1012 ἇγιον
779 978 830 1004 οὐκ
849 977 904 1012 ἔχει

114 1024 214 1058 ἄφεσιν
236 1024 297 1050 οὔτε
325 1025 354 1050 ὲν
367 1024 406 1058 τῷ
421 1023 468 1050 νῦν
494 1023 584 1054 αἰῶνι,
606 1023 667 1050 οὔτε
694 1024 723 1049 ἐν
740 1023 778 1057 τῷ
797 1022 905 1057 μέλλον-

112 1078 143 1096 τι
159 1069 212 1105 (80)
224 1078 231 1102 ;

153 1115 179 1141 9.
192 1115 303 1141 Παλαιοὶ
320 1115 368 1150 μὲν
378 1113 424 1143 οὖν
438 1115 543 1151 ἄνδρες,
565 1114 704 1150 Ὦριγένης
719 1116 733 1141 ὁ
747 1115 906 1150 πολυμαθὴς

115 1161 166 1187 καὶ
186 1160 345 1194 φιλόπονος,
375 1162 421 1188 καὶ
448 1161 619 1195 Θεόγνωττος
645 1162 660 1187 ὸ
685 1161 834 1196 θαυμάσιος
858 1161 905 1187 καὶ

116 1208 262 1240 σπουδαῖος
280 1208 391 1243 (τούτων
403 1209 458 1244 γὰρ
479 1210 535 1241 τοῖς
555 1208 732 1243 περὶτούτων
750 1217 905 1243 συνταγμα-

114 1255 186 1286 τίοις
202 1255 326 1290 ἐνέτυχον
356 1255 422 1290 (81),
450 1255 494 1280 ὅτε
519 1255 568 1290 τὴν
597 1254 739 1290 ἐπιστολὴν
761 1254 904 1290 ἔγραψας),

116 1299 268 1335 ἀμφότεροι
277 1299 332 1334 γὰρ
352 1299 415 1334 περ).
432 1299 527 1325 τούτου
552 1299 697 1334 γράφουσι,
720 1298 822 1333 ταύτην
837 1297 906 1325 εἶναι

114 1342 167 1377 τὴν
180 1343 220 1372 εἰς
236 1341 266 1367 τὸ
278 1341 355 1375 ἅγιον
368 1341 423 1376 (82)
439 1341 551 1376 Πνεῦμα
577 1341 750 1376 βλασφημίαν
770 1339 905 1374 λέγοντες,

116 1387 182 1413 ὅταν
201 1388 225 1413 οἱ
249 1387 462 1420 καταξιωθέντες
478 1387 508 1414 ὲν
538 1386 576 1421 τῷ
605 1387 773 1422 βαπτίσματι
789 1386 837 1422 τῆς
854 1385 905 1412 δω-

118 1433 184 1468 ρεᾶς
272 1431 317 1459 τοῦ
335 1433 413 1467 ἁγίου
433 1433 589 1467 Πνεύματος
602 1432 853 1468 παλινδρομήσωσιν
867 1433 906 1463 εἰς

114 1478 149 1504 τὸ
168 1478 345 1513 ἁμαρτάνειν.
361 1479 410 1504 Διὰ
436 1478 514 1505 τοῦτο
529 1479 582 1514 γὰρ
601 1478 668 1514 μηδὲ
694 1479 789 1512 ἄφεσιν
807 1478 905 1510 αὐτοὺς

116 1523 251 1558 λήψεσθαί
275 1532 352 1558 φασι⁸
377 1523 449 1550 καθὰ
475 1524 522 1551 καὶ
553 1525 567 1550 ὁ
588 1524 692 1556 Παῦλος
720 1525 749 1550 ἐν
779 1526 811 1560 τῇ
839 1524 906 1560 πρὸς

131 1569 267 1604 Εὸραίους
290 1569 373 1604 λέγει·
401 1579 410 1595 ι
435 1570 575 1597 Ἀδύνατον
599 1570 653 1606 γὰρ
677 1570 742 1601 τοὺς
764 1570 836 1603 ama
853 1579 907 1604 φω-

115 1615 270 1649 τισθέντας,
286 1615 469 1651 γευσαμένους
494 1624 523 1642 τε
541 1617 590 1651 τῆς
612 1615 715 1650 δωρεᾶς
728 1616 777 1651 τῆς
794 1616 908 1651 ἐπουρα-

116 1662 187 1694 νίου,
201 1663 247 1689 καὶ
261 1662 317 1697 (84)
334 1663 462 1697 μετόχους
477 1663 639 1698 γενηθέντας
651 1662 720 1688 Πνεύ
726 1671 808 1697 ματος
820 1663 908 1696 ἁγίου,

117 1710 168 1735 καὶ
184 1708 265 1735 καλὸν
280 1708 465 1743 γευσαμένους
472 1708 538 1735 Θεοῦ
556 1709 640 1744 ῥῆμα,
668 1709 793 1744 δυνάμεις
805 1717 834 1735 τε
847 1709 910 1744 μὲλ-

118 1754 211 1784 λοντος
227 1753 334 1785 αἰῶνος,
356 1754 403 1779 καὶ
424 1754 644 1789 παραπεσόντας,
670 1754 750 1780 πάλιν
773 1754 910 1781 ἀνακαινί-

117 1799 177 1831 ζειν
187 1799 227 1830 εἰς
240 1798 410 1834 μετάνοιαν.»
423 1798 515 1825 Ταῦτα
525 1799 553 1825 δὲ
568 1801 644 1834 κοινῇ
658 1800 706 1834 μὲν
720 1799 829 1834 λέγουσι
841 1800 907 1836 (85S).

118 1845 167 1871 καὶ
181 1844 248 1871 ἰδίαν
264 1844 292 1870 δὲ
305 1844 419 1876 ἕκαστος
433 1845 596 1881 προστίθησι
611 1845 739 1872 διάνοιαν.

156 1890 201 1917 10.
219 1890 247 1916 ’0
274 1890 324 1925 μὲν
351 1889 405 1925 γὰρ
426 1890 565 1925 Ὠριγένης
595 1891 643 1917 καὶ
673 1891 722 1926 τὴν
747 1892 834 1918 αἰτίαν
863 1891 910 1926 τῆς

118 1936 192 1962 κατὰ
206 1935 261 1962 τῶν
274 1935 400 1962 τοιούτων
411 1936 526 1971 κρίσεως
537 1935 605 1962 οὕτω
618 1936 703 1971 λέγει’
723 1946 732 1962 ι
744 1936 772 1963 '0
787 1937 835 1972 μὲν
846 1936 911 1968 Θεὸς

119 1982 169 2008 καὶ
186 1981 281 2016 Πατὴρ
295 1982 334 2012 εἰς
345 1981 432 2008 πάντα
445 1980 534 2016 διήκει
550 1981 606 2015 (86)
623 1982 670 2008 καὶ
691 1981 780 2008 πάντα
795 1981 909 2016 συνέχει,

120 2027 215 2062 ἀψυχα
228 2035 258 2053 τε
272 2030 319 2053 καὶ
331 2026 451 2062 ἔμψυχα,
466 2027 564 2061 λογικά
588 2035 618 2053 τε
635 2028 682 2054 καὶ
711 2027 806 2061 ἄλογα·
821 2027 867 2053 τοῦ
882 2027 911 2053 δὲ

123 2072 189 2099 Υἱοῦ
203 2073 220 2108 ἡ
231 2072 344 2107 δύναμις
354 2073 393 2104 εἰς
407 2073 441 2099 τὰ
463 2073 559 2107 λογικὰ
585 2073 654 2108 μόνα
676 2073 813 2105 διατείνει,
831 2074 860 2099 ὲν
872 2070 912 2104 οἷς

122 2120 176 2145 εἱσι
191 2118 390 2154 κατηχούμενοι
407 2119 454 2146 καὶ
470 2119 608 2154 Ἕλληνες,
626 2120 651 2146 οἱ
677 2119 789 2155 μηδέπω
801 2119 911 2146 πιστεύ-

121 2172 229 2196 σαντες·
246 2164 276 2190 τὸ
292 2163 320 2190 δὲ
336 2163 448 2199 Πνεῦμα
460 2165 490 2191 τὸ
506 2164 583 2199 ἅγιον
593 2165 632 2196 είς
655 2165 752 2200 μόνους
772 2165 830 2191 ἐστὶ
849 2165 912 2197 τοὺς

160 2265 181 2280 ³⁸
194 2264 290 2293 Matth.
308 2274 357 2299 xu,
371 2265 465 2294 24-52.
501 2265 523 2282 ‘9
538 2265 620 2292 Hebr.
633 2273 670 2297 vt,
683 2266 740 2293 4-6.

958 936 1065 963 veniam
1076 943 1130 962 non
1147 936 1252 963 obtinet
1273 943 1361 971 neque
1377 935 1405 964 in
1417 935 1542 971 praesenti
1560 936 1674 968 saeculo,
1691 943 1739 963 ne-

958 989 1011 1017 que
1024 982 1051 1009 in
1067 983 1178 1010 futuro?

956 1136 958 1142 .
993 1117 1021 1144 9.
1035 1116 1121 1144 Prisci
1136 1120 1208 1144 certe
1220 1116 1283 1149 viri,
1296 1115 1435 1151 Origenes,
1451 1114 1651 1142 eruditissimus
1661 1117 1688 1141 et
1701 1113 1740 1141 la-

957 1163 1084 1191 boriosus
1108 1163 1233 1198 scriptor,
1247 1167 1273 1190 et
1287 1162 1484 1196 Theognostus,
1500 1159 1675 1187 admirandus
1696 1159 1741 1186 ille

957 1213 984 1236 et.
1001 1210 1138 1237 studiosus
1150 1210 1232 1237 homo
1246 1209 1358 1244 (horum
1373 1209 1444 1236 enim
1457 1216 1539 1243 opera
1551 1207 1670 1242 legebam
1678 1215 1740 1234 cum

957 1256 1100 1291 epistolam
1116 1257 1207 1291 accepi
1221 1256 1317 1290 tuam),
1334 1256 1415 1282 ambo
1428 1255 1527 1290 quippe
1535 1262 1594 1282 eam
1608 1261 1664 1281 rem
1679 1261 1740 1288 pcr-

958 1307 1084 1334 n-actant,
1096 1303 1171 1329 aiunt
1191 1303 1263 1329 illam
1282 1310 1341 1329 esse
1351 1302 1376 1328 in
1391 1302 1522 1336 Spiritum
1533 1306 1658 1329 sanctum
1670 1301 1742 1328 blas-

958 1348 1105 1381 pltemiam,
1125 1357 1186 1376 cum
1203 1349 1220 1375 ii
1231 1348 1330 1383 quibus
1346 1348 1373 1375 in
1391 1348 1552 1382 baptismate
1566 1348 1667 1374 donum
1679 1346 1741 1382 Spi-

958 1393 1029 1420 ritus
1044 1393 1130 1421 sancti
1147 1394 1286 1425 tribuitur,
1302 1394 1335 1420 ad
1354 1399 1463 1428 peccata
1478 1394 1612 1420 recidunt.
1626 1393 1743 1427 Ideoque

959 1440 1019 1468 illos
1041 1441 1228 1468 remissionem
1246 1449 1300 1468 non
1316 1447 1522 1475 consecuturos,
1536 1442 1630 1470 aiunt:
1647 1450 1744 1476 quem-

959 1486 1105 1514 admodum
1130 1492 1158 1515 et
1181 1487 1283 1515 Paulus
1301 1489 1327 1515 in
1346 1488 1466 1522 Epistola
1482 1489 1514 1515 ad
1538 1487 1666 1515 llebrmos
1690 1489 1741 1515 ait:

963 1543 971 1559 ι
986 1533 1157 1568 Impossibile
1176 1539 1218 1562 est
1238 1534 1309 1561 enim
1330 1542 1378 1561 eos
1393 1535 1439 1568 qui
1460 1535 1543 1561 semel
1565 1539 1628 1561 sunt
1643 1534 1745 1561 illumi-

959 1580 1024 1612 nati,
1035 1585 1209 1614 gustaverunt
1221 1580 1301 1607 etiam
1315 1580 1416 1607 donum
1427 1581 1547 1613 cceleste,
1563 1585 1590 1608 et
1600 1580 1745 1614 participes

959 1626 1021 1653 facti
1038 1633 1101 1653 sunt
1116 1625 1232 1660 Spiritus
1246 1627 1343 1660 sancti,
1354 1631 1379 1653 et
1390 1631 1567 1662 gustaverunt
1580 1627 1682 1654 bonum
1696 1626 1743 1653 Dei

962 1671 1088 1704 Verbum,
1103 1673 1269 1707 virtutesque
1283 1673 1374 1700 saeculi
1389 1673 1505 1706 venturi,
1515 1678 1542 1701 et
1553 1673 1670 1708 prolapsi
1682 1677 1746 1700 sunt

960 1725 1053 1745 rursus
1063 1717 1186 1745 renovari
1200 1718 1232 1744 ad
1244 1718 1429 1753 paenitentiam
1439 1719 1472 1745 '°.
1486 1729 1495 1745 ι
1511 1718 1544 1746 Ει
1555 1719 1671 1755 idipsum
1684 1719 1745 1753 qui-

960 1763 1021 1790 dem
1044 1764 1124 1791 ambo
1153 1764 1266 1796 dicunt,
1289 1765 1336 1792 sed
1354 1771 1432 1792 suam
1459 1765 1558 1800 singuli
1582 1766 1744 1793 sententiam

959 1810 1101 1845 adjiciunt.

996 1889 1039 1917 10.
1055 1888 1123 1917 Nam
1138 1889 1268 1925 Origenes
1283 1891 1391 1925 quidem
1413 1899 1524 1919 causam
1537 1892 1631 1927 iudicii
1648 1896 1743 1920 contra

960 1935 1095 1970 ejusmodi
1115 1936 1239 1964 homines
1253 1937 1300 1964 lati
1317 1937 1356 1964 sic
1372 1937 1488 1972 explicat
1499 1947 1505 1965 :
1518 1946 1527 1963 ι
1540 1937 1612 1966 Deus
1625 1943 1652 1966 et
1663 1938 1744 1966 Pater

961 1983 989 2009 in
1002 1982 1093 2009 omnia
1112 1986 1252 2016 penetrat,
1267 1987 1293 2009 et
1316 1983 1407 2009 omnia
1430 1983 1560 2015 continet,
1579 1984 1697 2014 animata
1717 1989 1745 2011 ct

961 2024 1128 2057 inanimata,
1148 2025 1290 2052 rationalia
1313 2030 1341 2053 et
1364 2026 1550 2053 irrationalia:
1568 2026 1628 2053 Filii
1653 2031 1743 2054 autem

961 2074 1082 2104 potestas
1097 2070 1130 2097 ad
1147 2071 1205 2097 sola
1219 2071 1362 2098 rationalia
1379 2079 1439 2099 sese
1452 2071 1587 2105 extendit;
1606 2072 1632 2099 in
1644 2072 1744 2107 quibus

961 2116 1134 2144 continentur
1155 2117 1341 2144 catechumeni
1369 2122 1397 2144 et
1417 2117 1534 2150 ethnici,
1554 2119 1600 2153 qui
1623 2119 1743 2146 nondum

947 2163 1145 2194 ucrediderunt.
1168 2163 1286 2198 Spiritus
1309 2171 1374 2191 vero
1397 2165 1515 2192 sanctus
1533 2165 1561 2192 in
1575 2165 1608 2193 iis
1626 2165 1692 2193 solis
1702 2169 1744 2193 est

156 2326 212 2360 (77)
229 2326 275 2362 Sic
289 2326 389 2361 Regius
403 2331 430 2354 et
445 2326 636 2362 Seguerianus.
653 2326 723 2354 Editi
742 2335 805 2355 vero
819 2327 908 2355 minus
924 2331 946 2358 D
960 2361 979 2362 7
991 2325 1053 2362 (82)
1068 2325 1113 2353 Sic
1128 2326 1237 2361 Regius,
1255 2326 1367 2362 Segtter.
1384 2327 1465 2354 Basil.
1485 2326 1563 2354 Gobl.
1586 2331 1613 2354 et
1628 2326 1701 2354 Felc.
1715 2325 1741 2353 1.
1784 2312 1787 2315 Δ

118 2366 203 2392 recte,
224 2361 367 2396 ρᾳθυμίαν.

157 2389 339 2433 (ﬁl-Gobler.
351 2402 381 2433 Aet
400 2396 473 2424 Felc.
494 2397 519 2433 1,
533 2397 712 2433 ὁλδέῌΚύριος
727 2395 812 2424 εἶπενο
828 2398 906 2425 Πᾶσα

121 2430 246 2467 βασιλεία
265 2431 433 2467 μερισθεῖσα,
458 2432 505 2458 καὶ
527 2431 562 2458 τὰ
578 2430 720 2466 ἐξῆςίΔιὰ
743 2433 821 2459 τοῦτο
834 2433 905 2466 λέγω

121 2466 198 2498 ὑμῖν,
215 2466 325 2493 omissis
341 2467 519 2494 intermediis.

158 2500 214 2536 (79)
229 2501 266 2527 lta
292 2500 391 2535 Regius
403 2521 409 2532 ,
435 2501 592 2536 Segueriao.
611 2501 720 2529 Gobler.
737 2507 763 2530 et
783 2502 856 2529 Felc.
877 2502 902 2528 I.

121 2534 192 2571 Editi
207 2543 281 2568 vero,
293 2537 310 2571 ὴ
324 2536 356 2571 δὴ
372 2537 419 2562 τοῦ
430 2534 596 2571 Πνέύματος.
611 2536 719 2564 Gobler.
734 2543 761 2564 et
774 2537 863 2564 Felck.
878 2537 903 2569 1,

121 2570 233 2603 ibidem,
248 2570 478 2607 οὐκίὰφεθήσεται
493 2570 565 2607 αὐτῷ
584 2570 645 2598 οὔτε
663 2573 692 2598 ἐν
704 2572 742 2607 τῷ
754 2572 831 2599 αἰῶνι
843 2571 904 2598 τού-

120 2613 170 2639 τῳ.
183 2610 247 2636 etc..
263 2606 372 2633 omissis
387 2606 564 2634 intermediis.

157 2640 213 2702 (ἕο)
236 2641 292 2667 Οὐκ
314 2641 370 2681 ἔχει
386 2642 492 2682 ἄφεσιν,
508 2642 621 2681 Παλαιοὶ
643 2641 702 2677 μέν.
725 2641 770 2685 Sic
792 2641 900 2669 Gobler.

185 2675 234 2702 elc.
249 2676 274 2702 1.
292 2678 384 2702 multis
399 2685 517 2702 otmssns.
541 2677 607 2702 Ibid.
624 2677 695 2702 Felu.
717 2677 743 2702 5.
771 2676 900 2702 Ωοιγένης

119 2679 147 2701 et.
163 2674 234 2711 Fele.
249 2676 274 2707 1,
292 2674 384 2703 multis
399 2674 517 2704 omissis.
541 2677 607 2703 Ibid.
624 2674 695 2704 Felc.
717 2677 743 2709 5,
763 2676 901 2711 Ὠριγένης

120 2717 184 2736 cum
200 2710 286 2738 denso
303 2719 316 2738 s

121 2744 211 2771 Felck.
234 2746 260 2771 1.
275 2719 335 2771 Θεᾷ

348 2711 409 2738 ritu.
435 2711 494 2738 Mox
512 2711 632 2746 .Regius,
657 2713 767 2746 Seguer.
792 2711 899 2738 Gobler.

121 2744 211 2772 Felck.
234 2746 260 2777 1,
275 2746 309 2772 Θε

326 2754 453 2779 γνωστος.
468 2742 536 2774 Editi
554 2742 581 2773 e't
597 2747 653 2778 alii,
666 2742 854 2780 Θέώγνωστος.

155 2779 212 2815 (Si)
237 2781 283 2808 Sic
305 2781 369 2815 Reg.
393 2781 504 2816 Seguer.
527 2781 608 2808 llasil.
633 2782 685 2808 Alii
709 2779 773 2808 vero
795 2782 901 2808 codices

121 2821 199 2847 mss,
212 2816 387 2852 περὶτούτων
402 2817 621 2852 συγγράμμασιν.
635 2817 716 2849 Editi,
726 2817 788 2852 περὶ
798 2817 902 2848 τούτοις

121 2851 342 2886 συγγράμμασιν.

279 2909 415 2941 Pyrum.
439 2909 496 2940 Gn.
519 2909 635 2940 XXVI.

960 2361 1031 2404 ξᾺίιὶ
1055 2369 1133 2389 vero.
1157 2362 1283 2397 τοιαύτην
1304 2361 1372 2388 εἶναι
1392 2363 1441 2398 τὴν
1467 2363 1507 2394 είς
1529 2363 1559 2388 τὸ
1582 2362 1694 2397 Πνεῦμα
1712 2362 1744 2388 τὸ

960 2404 995 2423 αγ
999 2405 1045 2423 ιον.

979 2405 1051 2467 Vg.)
1068 2430 1134 2465 Reg.
1152 2430 1261 2465 Seguer.
1279 2431 1387 2458 Gobler.
1405 2436 1432 2458 et
1451 2431 1541 2459 Felck.
1563 2432 1589 2464 I,
1602 2433 1652 2467 τῆς
1668 2431 1744 2463 θείας

958 2467 1071 2501 δωρεᾶς.
1092 2467 1119 2492 In
1133 2467 1193 2493 aliis
1213 2466 1285 2498 θείας
1301 2469 1385 2495 deest.
1408 2467 1470 2494 Mox
1491 2467 1556 2500 Reg.
1571 2471 1599 2494 et
1617 2466 1742 2501 Seguer.,

960 2501 1214 2537 mltvspopﬁamaw
1234 2509 1287 2528 una
1304 2509 1379 2534 voce,
1395 2503 1495 2530 rectius
1509 2509 1591 2537 quam
1608 2502 1672 2529 editi
1689 2502 1742 2528 πά-

958 2537 999 2562 λιν
1011 2536 1191 2571 δρομήσωσιν.

973 2570 1052 2633 (1ίὲιῆ
1071 2571 1116 2597 Sic
1137 2570 1237 2606 Regius
1257 2575 1284 2599 et
1307 2570 1508 2606 Seguerianus;
1532 2571 1579 2598 καί
1602 2571 1694 2599 deerat
1714 2571 1741 2598 in

993 2615 999 2632 ι
1015 2614 1047 2633 IS.

956 2611 1047 2634 Cdllls.

993 2641 1048 2676 (85)
1063 2641 1099 2668 lla
1117 2641 1182 2676 Reg.
1200 2640 1311 2676 Seguer.
1329 2645 1356 2668 et
1369 2641 1474 2676 Anglic.
1486 2641 1527 2676 At
1540 2640 1695 2668 Goblerian.
1715 2645 1743 2668 et

956 2675 1028 2703 Felc.
1046 2676 1072 2707 1,
1084 2676 1170 2702 ταῦτα
1189 2675 1326 2711 μὲνκοινῇ
1341 2675 1458 2710 λέγουσι.
1480 2675 1509 2703 In
1524 2675 1667 2703 Basilicus.
1684 2677 1742 2703 haec

955 2711 1054 2746 desunt.
1076 2719 1162 2745 usque
1181 2711 1214 2737 ad
1234 2719 1326 2738 vocem
1349 2711 1476 2738 διάνοιαν.
1500 2711 1572 2746 Infra
1595 2711 1696 2746 Regius
1714 2716 1742 2738 et.

955 2745 1026 2781 Eelc.
1037 2745 1065 2776 2.
1084 2746 1224 2781 Ὠριγὲνης
1240 2754 1302 2773 cum
1318 2746 1402 2774 denso
1415 2747 1522 2781 spiritu.
1537 2745 1621 2774 Paulo
1636 2745 1697 2781 post
1712 2747 1740 2774 in

955 2780 1050 2812 Basil.,
1070 2780 1297 2808 τοιούτωνάθεει.

955 2814 1174 2879 Εό(ἓίῗ)ἥ1ἒὲξὶιιε,
1192 2815 1304 2851 Seguer.
1324 2815 1434 2844 Gobler.
1452 2821 1480 2845 et
1497 2816 1588 2844 Felck.
1602 2815 1629 2850 1,
1641 2816 1739 2852 διήκει.

996 2856 1035 2884 tit,
1050 2856 1121 2884 ηκει,

1541 2909 1578 2938 21
