1974 3037
270 131 320 159 651

571 128 600 155 S.
618 125 803 154 ATHANASH
824 125 898 154 OI’P.
931 125 1022 152 PARS
1036 125 1056 152 1.
1077 139 1111 144 -
1125 123 1315 152 HISTORICA
1334 122 1379 150 ET
1398 116 1622 150 DOGMATIC'A.’

1814 123 1857 151 652

269 188 318 224 qui
334 188 376 215 sui
398 185 541 222 participes
558 183 646 212 eﬂ'ecti
662 187 726 211 sunt
744 183 771 210 in
784 182 955 218 baptismatis
969 182 1050 209 colla—

1104 180 1299 215 μεταλαϐόντας
1314 179 1370 215 (87)
1384 179 1465 206 αὑτοῦ
1491 179 1521 204 ὲν
1531 179 1563 214 τῇ
1576 177 1622 204 τοῦ
1640 178 1813 213 βαπτίσματος
1827 179 1859 205 δό-

272 235 355 261 tione.
369 233 436 260 Cum
448 231 529 266 igitur
539 229 724 257 catcchumeni
736 234 763 256 et
774 228 875 256 ethnici
889 232 1011 263 peccant,
1024 227 1051 253 in

271 278 368 306 Filium
387 281 509 313 peccant,
522 276 651 311 quoniam
675 275 699 302 is
717 279 760 303 est
775 275 802 302 in
818 275 882 308 illis,
898 279 928 301 ut
949 274 1051 301 dictum

270 329 312 352 est
323 334 330 351 :
345 327 460 358 possunt
472 327 562 349 tamen
571 322 676 349 veniam
693 320 832 356 consequi,
842 320 887 347 ubi
898 320 1053 354 acceperint

270 371 371 398 donum
393 368 616 404 regenerationis.
641 367 710 395 Cum
732 371 823 394 autem
847 366 975 401 baptizati
991 373 1053 400 pce-

269 421 343 449 eant,
360 415 431 443 hanc
448 414 618 450 iniquitatem
632 413 659 440 in
674 412 805 448 Spiritum
821 416 945 440 sanctum
960 419 1054 438 recur-

269 470 330 490 rere
349 461 398 495 ait,
417 460 481 496 quia
498 464 555 487 tum
571 459 692 494 peccavit
708 459 790 485 homo
806 465 868 486 cum
883 457 910 484 in
924 457 969 484 illo
981 462 1054 484 esset

270 507 397 543 Spiritus.
411 505 528 541 ldeoquc
541 505 644 532 remitti
657 511 711 531 non
727 510 807 538 posse
821 503 986 538 supplicium
1001 502 1052 537 ipsi

269 555 400 583 debitum.
418 561 427 578 ›

304 640 348 668 11.
363 639 551 673 Theognostus
562 641 652 664 autem
674 637 731 664 haec
747 636 841 670 adjicit
855 645 861 663 :
880 644 889 661 ‹
904 635 955 669 Qui
974 635 1054 671 562

268 687 388 721 primum
412 687 439 711 et
464 682 612 710 secundum
633 681 779 709 terminum
800 686 986 717 transgressus
1002 686 1053 714 est,

268 731 368 759 minori
394 729 528 764 supplicio
552 729 650 764 dignus
676 728 761 756 videri
782 728 868 763 possit
897 727 943 762 qui
964 733 1053 755 autem

269 777 379 804 tertium
400 775 594 810 contempserit
617 782 672 801 non
695 774 812 801 ulterius
825 774 932 801 veniam
957 781 1055 801 conse-

268 827 376 858 quetur.
390 820 512 848 Primum
528 825 617 848 autem
634 820 778 847 terminum
791 824 818 847 et
841 819 989 847 secundum
1001 824 1055 847 ter-

269 868 374 895 minum
392 867 441 900 ait,
456 867 607 894 doctrinam
623 866 656 893 de
671 865 750 892 Patre
770 870 797 893 et
813 865 882 892 Filio
896 870 1053 900 acceptam:

268 914 380 942 tertium
395 920 470 945 vero,
481 911 599 940 Verbum
614 912 642 939 in
656 911 809 939 initiatione
825 917 852 939 et
866 911 893 938 in
913 912 1055 947 participa-

268 960 342 988 tione
366 958 484 994 Spiritus
500 958 648 986 traditum:
667 958 739 993 quod
762 958 923 986 conﬁrmare
949 958 1052 992 volens,

267 1006 378 1034 adducit
389 1005 455 1033 illud
465 1005 605 1040 discipulis
619 1011 634 1032 a
651 1003 791 1032 Salvatore
804 1005 906 1032 dictum
918 1014 924 1032 :
940 1013 949 1030 (
959 1005 1054 1032 Adhuc

271 1061 281 1078 ι
302 1051 386 1078 multa
397 1051 484 1078 habeo
497 1050 574 1078 vobis
589 1050 689 1083 dicere,
704 1050 750 1078 sed
765 1057 818 1077 non
826 1050 938 1085 potestis
947 1054 1054 1085 portare

242 1114 251 1120 -
270 1107 281 1124 ι
301 1097 392 1125 modo.
404 1096 471 1124 Cum
481 1102 570 1124 autem
581 1096 684 1123 venerit
697 1095 814 1131 Spiritus
829 1101 940 1124 sanctus
948 1096 1055 1123 docebit

269 1151 281 1169 ε
301 1149 350 1170 vos
361 1142 396 1168 ⁸⁸.
410 1151 420 1168 ›
443 1141 543 1169 Deinde
558 1142 609 1168 ait:
625 1150 634 1167 (
650 1141 727 1169 Sicut
734 1149 782 1169 eos
795 1141 968 1176 quiperl‘ecta
983 1149 1054 1168 non‘

266 1188 332 1215 dum
348 1195 445 1222 capere
459 1191 575 1222 possunt
587 1186 735 1222 alloquitur
750 1186 885 1219 Salvator,
896 1187 929 1214 ad
944 1187 1052 1214 illorum

268 1242 330 1262 sese
352 1234 513 1269 parvitatem
535 1233 682 1261 demittens
702 1242 709 1260 :
728 1240 790 1261 cum
813 1232 939 1268 perfectis
962 1238 1052 1261 autem

269 1280 387 1315 Spiritus
409 1284 519 1307 sanctus
540 1283 684 1312 versatur;
702 1286 790 1314 neque
806 1283 896 1306 tamen
916 1279 978 1313 quis
992 1279 1053 1306 ideo

268 1325 379 1357 dixerit.
402 1324 520 1360 Spiritus
541 1323 628 1351 sancti
643 1323 805 1356 doctrinam,
822 1323 883 1351 Filii
901 1323 1052 1351 doctrinam

267 1378 416 1406 superare;
431 1371 477 1398 sed
492 1371 564 1406 quod
580 1369 667 1398 Filius
680 1370 789 1405 quidem
805 1378 865 1398 sese
878 1370 1002 1397 demittat
1019 1371 1052 1398 ad

269 1416 452 1452 imperfectos,
465 1415 584 1452 Spiritus
596 1423 660 1444 vero
681 1420 793 1444 sanctus
807 1416 926 1451 sigillum
942 1416 978 1444 sit
994 1424 1053 1451 per-

268 1463 421 1496 fectorum;
438 1463 479 1490 sic
503 1469 558 1490 non
587 1466 697 1497 propter
721 1462 908 1489 excellentiam
935 1461 1052 1497 Spiritus

1104 236 1154 254 σει.
1171 228 1255 255 Ὅταν
1270 227 1358 253 τοίνυν
1375 224 1571 261 κατηχούμενοι
1597 225 1644 251 καὶ
1660 224 1778 260 Ἕλληνες
1789 225 1860 260 ἁμαρ-

1102 274 1228 303 τάνωσιν,
1243 273 1282 304 εἰς
1298 272 1347 308 μὲν
1359 272 1403 298 τὸν
1420 272 1484 298 Yle
1495 271 1704 307 ἁμαρτάνουσιν,
1721 270 1776 296 ἐπεὶ
1788 271 1812 296 ὲν
1823 271 1861 296 αὖ·

1102 321 1157 352 τοῖς
1171 321 1255 352 ἐστιν,
1271 319 1365 355 ὥσπερ
1386 318 1502 354 εἰρηται¹
1520 318 1643 347 δύνανται
1658 317 1685 343 δὲ
1699 317 1767 352 ὅμως
1776 316 1862 351 λαμϐα-

1103 375 1157 393 νειν
1170 367 1276 400 ἇςρεσιν,
1291 366 1353 393 ὃταν
1385 364 1572 397 καταξιωθῶσι
1590 363 1693 399 δωρεᾶς
1719 362 1765 398 τῆς
1782 362 1862 396 παλιγ-

1102 412 1226 447 γενεσίας
1244 412 1311 447 (88).
1327 412 1411 439 Ὅταν
1430 412 1460 438 δὲ
1492 412 1516 437 οἱ
1547 409 1734 445 βαπτισθέντες
1757 409 1864 444 ἁμαρτά-

1102 465 1178 489 νωσι,
1194 456 1243 492 τὴν
1266 456 1393 491 τοιαύτην
1415 455 1585 491 παρανομίαν
1605 455 1645 486 είς
1670 453 1699 480 τὸ
1725 452 1825 487 Πνεῦμα
1839 453 1864 478 τὸ

1104 503 1180 537 ἅγιον
1204 502 1314 537 φθάνειν
1342 502 1435 538 φησίν·
1465 501 1558 537 ἐπειδὴ
1588 501 1616 527 ἐν
1645 498 1717 534 αὐτῷ
1741 499 1865 534 γενόμενος

1102 548 1219 584 ἥμαρτε·
1237 549 1284 575 καὶ
1299 548 1343 574 διὰ
1369 547 1448 575 τοῦτο
1473 547 1664 582 ἀσύγγνωστον
1684 543 1804 580 εἶναιτὴν
1816 545 1865 571 κατ’

1103 594 1184 621 αὐτοῦ
1197 594 1340 629 τιμωρίαν.
1357 603 1366 620 ι

1138 639 1182 667 11.
1199 640 1227 666 '0
1241 640 1270 666 δὲ
1284 639 1453 674 Θεόγνωστος
1479 640 1525 666 καὶ
1547 639 1626 670 αὐτὸς
1649 637 1794 674 προστιθείς
1811 645 1867 671 φησι

1103 684 1199 711 ταῦτα·
1217 693 1226 710 ι
1238 684 1266 710 ’0
1277 684 1383 718 πρῶτον
1410 684 1610 720 παραόεϐηκὼς
1620 685 1683 720 ὅρον
1706 683 1750 710 καὶ
1762 683 1868 718 δεύτερον

1104 730 1243 761 ἐλάττονος
1259 729 1291 756 ἂν
1319 729 1420 762 ἀξιοῖτο
1439 730 1583 765 τιμωρίας·
1605 731 1619 756 ὁ
1635 730 1664 756 δὲ
1685 728 1784 756 καὶτὸν
1795 727 1869 763 τρίτον

1105 774 1238 810 ὑπεριδὼν
1252 774 1342 801 οὐκέτι
1358 774 1392 800 ἂν
1409 774 1572 810 συγγνώμης
1585 774 1713 810 τυγχάνοι
1727 773 1790 810 (89).
1803 772 1869 808 1]ρῶ-

1104 829 1150 847 τον
1168 821 1197 847 δὲ
1214 821 1274 856 ὅρον
1288 821 1334 847 καὶ
1347 821 1471 857 δεύτερόν
1489 829 1554 856 φησι
1573 820 1621 856 τὴν
1634 822 1698 856 περὶ
1713 819 1811 855 Πατρὸς
1825 818 1871 854 (9θ)

1105 867 1152 893 καὶ
1177 865 1242 892 Υίοῦ
1259 867 1418 902 κατήχησιν·
1442 866 1487 893 τὸν
1511 866 1540 893 δὲ
1561 866 1651 902 τρίτον
1667 866 1712 894 τὸν
1730 866 1782 901 (91)
1797 866 1871 900 ὲπὶτῇ

1103 912 1240 939 τελειώσει
1252 913 1298 939 καὶ
1312 914 1345 949 τῇ
1362 912 1409 939 τοῦ
1422 912 1579 948 Πνεύματος
1598 914 1699 948 μετοχῇ
1712 911 1872 948 παραδιδόμε-

1104 968 1148 986 νον
1164 959 1259 993 Λόγον·
1286 959 1333 985 καὶ
1354 958 1434 985 τοῦτο
1461 958 1606 994 βεϐαιῶσαι
1633 959 1730 991 θέλων,
1749 956 1872 992 ὲπάγειτὺ

1104 1005 1179 1040 παρὰ
1188 1005 1234 1031 τοῦ
1245 1005 1368 1041 Σωτῆρος
1379 1005 1521 1041 εἰρημένον
1532 1007 1588 1036 τοῖς
1598 1005 1741 1040 μαθηταῖς·
1751 1014 1759 1030 ι
1767 1005 1821 1031 Ἔτι
1828 1003 1872 1037 (92)

1107 1060 1117 1076 ι
1137 1050 1221 1078 πολλὰ
1236 1050 1289 1085 ἔχω
1301 1051 1364 1086 ὑμῖν
1385 1051 1485 1085 λέγειν,
1497 1051 1553 1077 ἀλλ’
1571 1051 1646 1078 οῦπω
1654 1050 1766 1077 δύνασθε
1778 1050 1872 1084 χωρεῖν.

1107 1107 1116 1124 ι
1134 1097 1218 1124 Ὅταν
1235 1097 1263 1124 δὲ
1277 1097 1341 1133 ἔλθῃ
1367 1097 1398 1123 τὺ
1422 1097 1499 1131 ἆγιον
1516 1097 1637 1132 Πνεῦμα,
1654 1095 1754 1128 διδάξει
1780 1096 1870 1130 ὑμᾶς.)

1103 1141 1170 1169 Εἶτά
1181 1150 1272 1178 φησιν’
1290 1151 1299 1168 ι
1316 1143 1420 1178 ’Ὠσπερ
1430 1143 1486 1173 τοῖς
1500 1142 1614 1178 μηδέπω
1627 1143 1725 1177 χωρεῖν
1734 1140 1874 1176 δυναμένοις

1102 1190 1137 1216 τά
1149 1189 1240 1216 τέλεια
1255 1188 1405 1223 διαλέγεται
1418 1190 1432 1215 ὁ
1444 1188 1550 1224 Σωτὴρ,
1567 1187 1789 1222 συγκαταϐαίνων
1800 1185 1875 1212 αὐτῶν

1103 1236 1135 1270 τῇ
1151 1235 1321 1270 σμικρότητι·
1339 1235 1395 1266 τοῖς
1411 1234 1438 1261 δὲ
1450 1234 1644 1269 τελειουμένοις
1667 1233 1819 1267 συγγίνεται
1831 1230 1875 1266 (95)

1102 1281 1133 1308 τὸ
1144 1281 1257 1316 Πνεῦμα
1269 1281 1298 1307 τὸ
1315 1280 1401 1316 ἅγιον,
1419 1281 1467 1308 κα)⁷
1484 1281 1515 1307 οὐ
1538 1280 1623 1315 δήπου
1639 1289 1682 1312 τις
1699 1281 1731 1306 ὲκ
1743 1278 1836 1306 τούτων
1848 1277 1874 1303 ἂν

1103 1326 1170 1362 φαίη
1192 1326 1241 1361 τὴν
1256 1325 1302 1352 τοῦ
1330 1325 1487 1360 Πνεύματος
1510 1324 1684 1351 διδασκαλίαν
1712 1322 1876 1356 ὑπερϐάλλειν

1102 1372 1151 1407 τῆς
1167 1370 1213 1398 τοῦ
1228 1371 1291 1397 Υἱοῦ
1308 1371 1428 1406 διδαχῆς·
1443 1371 1500 1397 ἀλλ’
1513 1371 1554 1397 ὅτι
1579 1371 1593 1397 ὁ
1613 1370 1663 1405 μὲν
1679 1370 1743 1401 Υἱὸς
1756 1375 1877 1403 συγκατω

1103 1417 1187 1444 ϐαίνει
1204 1418 1259 1449 τοῖς
1273 1416 1390 1449 ἀτελέσι,
1406 1417 1437 1443 τὸ
1449 1416 1477 1443 δὲ
1490 1416 1602 1451 Πνεῦμα
1625 1416 1744 1451 σφραγίς
1768 1416 1822 1441 ἐστι
1832 1413 1876 1440 τῶν

1102 1463 1314 1498 τελειουμένων·
1340 1461 1427 1494 οὕτως
1452 1462 1483 1489 οὐ
1509 1461 1554 1488 διὰ
1581 1462 1631 1498 τὴν
1660 1461 1812 1497 ὑπερϐολὴν
1837 1458 1876 1485 τοῦ

269 1510 356 1538 sancti
379 1517 435 1545 prae
456 1508 538 1541 Filio,
560 1508 731 1544 inexpiabilis
745 1513 772 1536 et
791 1509 860 1536 citra
879 1508 986 1547 veniam
1009 1513 1051 1535 est

1104 1509 1258 1543 Πνεύματος
1275 1507 1342 1544 πρὸς
1370 1508 1416 1535 τὸν
1429 1508 1493 1534 Υίὸν
1518 1507 1637 1543 ἀφυκτός
1659 1508 1718 1534 ἐστι
1735 1507 1781 1534 καὶ
1806 1504 1877 1538 ἀσύγ-

267 1555 436 1591 blasphemia
453 1555 481 1582 in
497 1554 628 1590 Spiritum
641 1564 648 1582 :
661 1554 707 1582 sed
718 1554 782 1590 quia
795 1553 959 1589 imperfectis
970 1553 1050 1580 datur

267 1601 365 1635 venia;
379 1601 413 1629 iis
427 1608 492 1628 vero
506 1601 553 1636 qui
573 1601 676 1628 donum
700 1600 810 1628 caeleste
821 1604 1009 1635 gustaverunt,
1024 1603 1051 1627 et

269 1646 368 1674 initiati
391 1651 465 1678 sunt,
486 1646 558 1673 nulla
580 1646 664 1673 veniae
677 1646 838 1681 relinquitur
855 1645 996 1673 excusatio
1007 1645 1050 1672 vel

268 1692 432 1727 deprecatio.
444 1701 453 1718 ι
469 1691 532 1720 llaec
549 1692 638 1727 itaque
650 1692 700 1720 illi.

304 1782 348 1809 l2.
360 1781 415 1818 Ego
429 1787 519 1809 autem
536 1789 569 1809 ex
581 1781 615 1809 iis
628 1789 688 1816 quae
700 1781 793 1813 didici.
810 1781 926 1809 arbitror
947 1782 1050 1809 utrius—

269 1834 323 1862 que
346 1826 521 1859 sententiam,
540 1825 669 1853 mediocri
694 1825 810 1860 quadam
834 1825 1009 1860 inquisitione
1024 1831 1052 1854 et

269 1871 456 1899 observatione
472 1870 611 1905 indigere:
624 1877 659 1898 ne
673 1869 742 1897 forte
751 1870 912 1905 profundior
927 1871 1051 1905 quaedam

270 1917 296 1944 in
314 1916 380 1952 ipsis
392 1917 500 1944 illorum
513 1916 593 1944 dictis
603 1923 681 1943 mens
691 1915 782 1944 lateat.
794 1915 967 1944 Manifestum
977 1917 1051 1944 enim

269 1968 310 1991 est
327 1962 424 1990 Filium
443 1970 506 1989 cum
524 1962 560 1989 sit
573 1962 601 1989 in
620 1961 709 1994 Patre,
725 1962 752 1989 in
771 1962 825 1990 illis
840 1963 922 1990 etiam
941 1971 1010 1997 esse,
1024 1964 1050 1991 in

269 2008 369 2043 quibus
379 2012 421 2036 est
430 2007 520 2040 Pater,
531 2014 582 2034 nec
593 2007 689 2034 abesse
695 2006 962 2042 Spiritum.lndivisa
974 2016 1052 2036 nam-

269 2061 323 2088 que
337 2057 379 2082 est
395 2057 499 2086 sancta,
516 2051 634 2087 perfecta
646 2057 673 2080 et
693 2052 772 2081 beata
783 2053 913 2082 Trinitas.
928 2053 1050 2089 insuper,

269 2100 292 2126 si
309 2099 400 2127 omnia
419 2106 466 2134 per
487 2097 586 2125 Filium
610 2098 682 2126 facta
703 2103 778 2133 sunt,
791 2105 819 2127 et
841 2100 867 2127 in
885 2100 944 2136 ipso
959 2101 1050 2128 omnia

269 2146 432 2178 consistunt,
445 2143 582 2180 quomodo
601 2148 678 2172 extra
694 2145 739 2171 illa
764 2146 821 2180 ipse
837 2145 917 2174 fuerit
929 2154 989 2181 quae
1005 2154 1052 2182 per

1101 1563 1221 1589 γνωστος
1243 1555 1260 1589 ἡ
1290 1555 1330 1586 εις
1343 1553 1373 1580 τὸ
1391 1553 1507 1589 Πνεῦμα,
1530 1553 1701 1588 βλασφημία·
1723 1552 1779 1580 ἀλλ’
1791 1551 1828 1578 ὄτι
1839 1548 1877 1576 ἐπὶ

1103 1601 1152 1636 μὲν
1167 1601 1222 1632 τοῖς
1233 1599 1354 1627 ἀτελέσιν
1366 1600 1424 1626 ἐστὶ
1440 1598 1598 1635 συγγνώμη·
1614 1599 1662 1626 ἐπὶ
1678 1599 1707 1625 δὲ
1722 1599 1778 1629 τοῖς
1792 1603 1878 1631 γευσα-

1103 1647 1195 1682 μένοις
1210 1647 1261 1682 τῆς
1272 1646 1395 1682 οὐρανίου
1410 1646 1466 1681 (94)
1479 1645 1583 1681 δωρεᾶς
1591 1645 1638 1672 καὶ
1654 1643 1832 1672 τελειωθεῖσιν
1841 1640 1878 1668 οὗ·

1101 1692 1182 1728 δεμία
1205 1691 1394 1728 περιλείπεται
1410 1690 1574 1726 συγγνώμης
1596 1690 1731 1725 ἀπολογία
1757 1688 1803 1716 καὶ
1816 1695 1877 1720 παρ-

1101 1738 1233 1774 αίτησις.»
1257 1737 1369 1765 Ἐκεῖνοι
1385 1736 1435 1772 μὲν
1451 1733 1497 1763 οὖν
1511 1736 1609 1763 ταῦτα.

1136 1784 1180 1811 12.
1197 1782 1267 1819 Ἐγὼ
1282 1783 1310 1810 δὲ
1323 1783 1369 1818 ἀφ’
1383 1779 1421 1810 ὧν
1442 1782 1552 1818 ἔμαθον,
1565 1781 1669 1818 νομίζω
1689 1782 1740 1816 τὴν
1762 1778 1877 1813 ἐκατέρου

1100 1830 1218 1857 διάνοιαν
1232 1829 1345 1866 μετρίας
1358 1829 1431 1861 τινὸς
1451 1828 1612 1864 δοκιμασίας
1623 1827 1775 1855 ἐπιδεῖσθαι
1784 1825 1828 1853 καὶ
1841 1831 1878 1849 κα·

1100 1876 1262 1911 τανοήσεως·
1279 1875 1316 1911 μὴ
1334 1874 1387 1910 ἄρα
1400 1874 1590 1909 κεκρυμμένος
1605 1873 1663 1909 (95)
1675 1873 1734 1900 ἐστι
1747 1881 1788 1904 τις
1799 1872 1825 1898 ὲν
1838 1869 1878 1896 αὗ-

1100 1923 1156 1953 τοῖς
1170 1922 1227 1953 τοῖς
1237 1921 1282 1947 ὑπ’
1292 1921 1381 1948 αὐτῶν
1391 1921 1546 1957 εἰρημένοις
1561 1919 1713 1956 βαθύτερος
1725 1918 1795 1950 νοῦς.
1806 1916 1878 1950 Δῆλον

1101 1967 1166 2002 γὰρ,
1176 1966 1223 1999 ὡς,
1239 1967 1254 1993 ὁ
1266 1966 1329 1998 Υἱὸς
1339 1967 1368 1993 ὲν
1383 1965 1422 2001 τῷ
1433 1965 1521 2001 Πατρὶ
1533 1965 1581 1997 ὢν,
1595 1967 1624 1992 ὲν
1638 1965 1747 1995 τούτοις
1762 1962 1839 1993 ἐστὶν,
1853 1960 1877 1985 ὲν

1101 2009 1142 2044 οἷς
1157 2012 1204 2039 κα)⁵
1219 2012 1233 2039 ὁ
1248 2013 1343 2048 Πατήρ
1370 2013 1438 2044 ἐστι,
1453 2012 1500 2038 καὶ
1511 2011 1542 2038 τὺ
1568 2010 1683 2046 Πνεῦμα
1699 2011 1751 2037 οὐκ
1767 2009 1877 2036 ἄπεστιν-

1108 2058 1269 2094 ’Δδιαίρετος
1282 2058 1336 2094 γάρ
1351 2059 1425 2085 εστιν
1444 2058 1461 2093 ἡ
1483 2057 1549 2092 ἀγία
1566 2057 1613 2083 καὶ
1632 2055 1769 2092 μακαρία,
1785 2053 1828 2081 καὶ
1841 2059 1878 2077 τεο

1101 2104 1160 2131 λεία
1176 2104 1270 2140 Τριάς.
1286 2105 1346 2131 Ἔτι
1360 2104 1382 2131 δ’
1393 2102 1439 2131 οὖν
1456 2103 1512 2139 (96)
1527 2104 1551 2130 εί
1582 2103 1672 2130 πάντα
1701 2101 1746 2129 διὰ
1764 2098 1826 2126 Υἱοῦ
1838 2096 1878 2131 γέ-

1102 2158 1173 2184 γονε,
1188 2149 1236 2176 καὶ
1251 2150 1280 2176 ὲν
1305 2149 1379 2185 αὺτῷ
1401 2149 1436 2176 τὰ
1467 2149 1557 2175 πάντα
1584 2149 1746 2182 συνέστηκε,
1771 2145 1826 2176 πῶς
1851 2142 1878 2169 ἂν

270 2191 360 2226 ipsum
379 2190 449 2218 facta
463 2190 543 2218 sunt?
558 2189 604 2217 Sin
619 2195 709 2218 autem
722 2191 768 2219 illa
783 2192 817 2219 ab
832 2192 891 2227 ipso
906 2200 960 2220 non
972 2193 1051 2229 longe

1104 2196 1180 2228 ἐκτὸς
1194 2197 1236 2231 εῐη
1264 2195 1318 2222 τῶν
1345 2195 1378 2222 δι’
1392 2195 1473 2222 αὐτοῦ
1505 2194 1677 2230 γενομένων;
1701 2193 1748 2229 Μὴ
1763 2187 1878 2218 ὄντωνδὲ

269 2236 381 2270 fuerint,
397 2237 425 2264 in
437 2236 562 2264 omnibus
578 2236 658 2271 igitur
674 2241 700 2265 et
715 2237 773 2272 ipse
783 2237 874 2271 fuerit,
886 2244 916 2266 ut
929 2247 1053 2267 necessa-

270 2284 312 2310 rio
326 2282 373 2318 qui
393 2282 420 2309 in
441 2281 540 2309 Filium
562 2286 656 2316 peccat
668 2286 696 2309 et
706 2282 886 2317 blasphemat,
904 2284 930 2310 in
944 2283 1050 2311 Patrem

269 2335 380 2364 quoque
403 2334 430 2356 et
454 2328 481 2355 in
504 2327 636 2363 Spiritum
662 2333 786 2356 sanctum
810 2334 912 2364 peccet.
929 2329 1007 2364 Quod
1027 2330 1050 2358 si

304 2406 327 2422 "°
343 2405 422 2433 Joan.
440 2413 495 2439 xv1,
514 2405 557 2439 12,
570 2406 612 2433 15.

309 2481 364 2516 (87)
381 2482 446 2518 Reg.
466 2487 493 2509 et
505 2481 579 2517 δαίς..
594 2482 856 2518 μεταλαμϐάνοντας.
870 2483 922 2511 Alii
938 2487 963 2511 et
977 2483 1054 2516 editi,

272 2517 480 2551 μεταλαϐόντας.

307 2551 362 2589 ($8)
378 2551 450 2589 Hazc,
463 2552 527 2589 ὅταν
545 2551 730 2589 καταξιωθῶσι
744 2552 846 2589 δωρεᾶς
861 2553 910 2588 τῆς
923 2552 1052 2589 παλιγγε-

270 2587 374 2619 νεσίας,
390 2587 488 2614 desunt
504 2587 532 2614 in
547 2586 700 2614 Goblerian.
719 2592 746 2615 et
755 2586 910 2616 Felckmau.
932 2589 957 2615 1.
978 2586 1048 2615 infra

271 2621 362 2654 iidem,
378 2622 590 2657 ἀμαρτάνουσιν.

306 2656 419 2693 (89)__Sic
434 2656 573 2692 Regiuszel
589 2656 700 2692 Seguer.
714 2656 870 2685 Basiliensis
896 2665 970 2690 vero,
983 2666 1048 2692 τυγ-

270 2691 444 2735 χὰγῃᾹζΕῐξίὶιὶ,
461 2691 544 2735 τξὶχοιῖ

306 2726 361 2762 (:30)
376 2726 442 2762 μσς.
456 2731 484 2754 et
495 2726 619 2762 Seguer"
634 2727 698 2762 περὶ
708 2726 755 2762 τοῦ
776 2727 890 2762 Πατρός.

305 2760 361 2795 (91)
373 2761 424 2797 Τόν
443 2761 518 2789 deest
533 2760 565 2797 in
581 2761 665 2797 Regio
673 2760 715 2797 "et
726 2760 840 2795 δοκοίη-,⁷
860 2762 920 2789 Mox
938 2761 1047 2797 Regius,

271 2795 381 2832 Seguer.
401 2795 634 2832 Anglieacohler'.
651 2800 676 2823 ct
696 2796 814 2832 Fclckm.
834 2797 860 2828 1,
880 2797 925 2823 καὶ
945 2795 988 2832 τῇ“
1001 2798 1046 2824 τοῦ

268 2830 433 2866 Ηνεύματος.
450 2830 531 2862 Editi,
551 2830 589 2857 πὶ
600 2830 644 2857 τὸν
660 2831 705 2857 ἐπὶ
721 2833 754 2867 τῇ
766 2831 812 2858 τοῦ
828 2830 992 2867 Πνεύματος.

1100 2241 1210 2268 ἐκείνων
1221 2240 1303 2267 αὑτοῦ
1324 2241 1441 2277 μακρὰν,
1467 2241 1496 2268 έν
1515 2241 1598 2267 πᾶσιν
1610 2240 1643 2267 ἂν
1657 2239 1707 2266 καὶ
1728 2238 1806 2270 αὐτὸς
1817 2233 1879 2262 εἰκός

1099 2295 1152 2318 τως
1166 2287 1218 2322 εἴη·
1233 2287 1270 2318 ὡς
1279 2286 1310 2319 ἐξ
1323 2287 1445 2322 ἀνάγκης
1456 2287 1501 2313 τὸν
1511 2287 1550 2318 εἰς
1565 2286 1610 2313 τὸν
1622 2286 1686 2312 Υίὸν
1700 2283 1880 2320 ἁμαρτάνοντα

1099 2332 1145 2358 καὶ
1162 2332 1371 2368 βλασφημοῦντα
1394 2333 1560 2369 ἁμαρτάνειν
1577 2332 1623 2359 καὶ
1650 2333 1692 2364 εἰς
1713 2332 1760 2359 τὸν
1779 2327 1881 2362 Πατέρα

1144 2485 1200 2520 (9‘2)
1216 2484 1315 2522 Regius
1327 2489 1354 2513 et
1370 2486 1541 2522 Seguerian,,
1557 2488 1643 2514 Ἐπεί.
1666 2486 1756 2514 Paulo
1776 2487 1835 2522 post
1856 2483 1880 2510 in

1107 2519 1202 2562 iisdem
1217 2521 1248 2562 δέ
1258 2519 1336 2562 deest
1354 2519 1418 2556 post
1429 2522 1506 2562 ὅταν..
1519 2519 1879 2562 Ιρὶείεηι-ίίεβίυεηξςεμετς

1104 2555 1212 2592 gobjer.
1225 2560 1253 2592 et
1266 2555 1337 2592 Felc.
1354 2552 1467 2592 primus,
1482 2557 1512 2583 τὸ
1532 2558 1607 2591 ἅγιον
1626 2552 1842 2592 ΠνεῦμαζΕᾱίῖί,
1853 2552 1880 2592 τίς

1104 2590 1215 2626 Πνεῦμα
1231 2591 1261 2616 τὸ
1276 2587 1362 2625 ἆγιονῖ
1373 2590 1421 2619 Hie
1433 2597 1521 2619 autem
1535 2587 1681 2626 scriptura:
1694 2587 1782 2621 locus,
1797 2587 1879 2626 ψοᾏά

1102 2623 1263 2686 εὲιιεὶιιὶοω
1286 2623 1403 2660 tantum,
1419 2635 1473 2654 non
1497 2626 1531 2654 ad
1550 2623 1662 2655 verbum
1684 2627 1721 2654 ab
1736 2623 1880 2653 Athanasio

1102 2668 1113 2686 a
1136 2666 1219 2686 ertur.

1100 2666 1219 2687 auertur.

1137 2696 1194 2729 (95)
1210 2695 1309 2731 Regius
1323 2700 1350 2723 et
1365 2695 1537 2731 Seguerian.,
1557 2696 1744 2731 συγγίγνεται.

1136 2731 1193 2767 (94)
1211 2730 1309 2767 Begius
1322 2736 1349 2759 et
1363 2730 1533 2766 Seguerian"
1549 2731 1731 2767 ἐπουρανίου.)

1138 2766 1194 2810 $921)
1211 2766 1310 2810 Esses
1326 2771 1352 2793 ει
1365 2765 1806 2810 §66,ueria"~.rs}.“revolsas:
1820 2797 1847 2810 ι.
1875 2783 1878 2788 ’

1137 2797 1193 2837 (96)
1213 2797 1264 2829 Sic
1275 2801 1341 2837 Reg.
1363 2807 1389 2830 et
1401 2797 1600 2837 Seguer.Editi
1618 2797 1772 2835 ver-0,121:
1783 2799 1803 2825 δ’
1817 2797 1857 2825 iv.
