1974 3037
156 163 211 192 653

688 162 857 191 EPISTULA
874 161 905 191 IV
928 163 973 190 AD
992 161 1218 190 SERAPIONEM.

1723 161 1776 191 654

156 223 205 249 καὶ
218 223 258 254 εἰς
269 222 299 249 τὸ
316 221 390 256 ἆγιον
400 220 520 257 Πνεῦμα.
537 221 592 249 Καὶ
611 221 641 248 τὺ
655 222 731 256 ἃγιον
745 222 773 248 δὲ
793 222 903 258 λουτρὸν
915 223 938 249 εί

992 226 1113 249 sanctum
1128 221 1266 249 lavacrum
1280 221 1306 248 in
1319 221 1428 248 nomine
1440 219 1557 256 Spiritus
1569 219 1655 248 sancti
1668 223 1773 248 tantum

157 268 208 303 μὲν
222 269 261 299 εἰς
273 266 303 294 τὺ
316 268 393 301 ἆγιον
407 268 461 301 (97)
476 267 587 303 Πνεῦμα
604 268 683 303 μόνον
698 267 808 300 ἐδίδοτο,
829 269 940 300 εἰκότως

156 311 190 338 ἃν
204 311 310 345 ἐλέγετο
324 312 385 343 τοὺς
403 311 614 347 βαπτιζομένους
627 312 667 344 είς
693 313 723 339 τὸ
735 312 847 348 Πνεῦμα
863 313 941 349 μόνον

155 356 333 391 ἁμαρτάνειν·
347 356 440 392 ἐπειδὴ
455 357 483 383 δὲ
500 358 539 389 εἰς
568 357 678 393 Πατέρα
705 358 772 394 (98),
792 359 839 385 καὶ
866 359 940 393 Υίὸν,

155 400 203 426 καὶ
213 401 289 434 ᾰγιον
300 400 411 436 Πνεῦμα
433 401 544 433 δίδοται,
557 403 604 428 καὶ
623 402 695 429 οὕτω
719 403 868 430 τελειοῦται
887 404 942 431 τῶν

155 445 362 481 βαπτιζομένων
392 446 523 479 ἕκαστος,
545 447 652 483 ἀνάγκη
688 449 768 475 πάλιν
791 448 847 484 (99)
879 450 942 482 τοὺς

131 519 134 521 λ
155 491 226 526 μετὰ
238 491 268 518 τὸ
294 491 435 527 βάπτισμα
448 492 665 529 παραϐαίνοντας
683 496 723 527 εις
739 495 787 531 τὴν
804 496 884 530 ἁγίαν
896 497 943 523 καὶ

154 537 305 573 ἀδιαίρετον
317 539 420 574 Τριάδα
446 539 495 575 τὴν
520 538 694 575 βλασφημίαν
720 542 863 570 ποιεῖσθαι.
888 543 944 570 Καὶ

154 583 235 609 τοῦτο
245 583 273 610 δὲ
285 583 388 611 δίκαιον
404 585 437 611 ἂν
450 585 492 620 εῐη
505 585 658 620 λογίζεσθαι
679 587 726 614 καὶ
751 589 830 615 νοεῖν.
846 589 878 616 El
894 589 943 624 μὲν

155 629 224 664 πρὸς
237 629 368 662 Λαϐόντας
393 629 422 656 τὸ
448 630 559 667 λουτρὸν
575 631 626 667 τῆς
640 632 858 667 παλιγγενεσίας,
881 636 944 667 τοὺς

154 674 315 710 Φαρισαίους
326 675 468 711 λέγω,(1),
493 677 540 704 καὶ
563 677 746 713 μετασχόντας
768 679 866 711 αὐτοὺς
893 680 943 716 ἤδη

153 721 202 755 τῆς
213 721 315 756 δωρεᾶς
343 720 389 747 τοῦ
405 721 483 756 ἁγίου
506 722 676 758 Πνεύματος,
705 723 839 758 διελέγετο
862 724 876 750 6
892 723 945 751 Κύ-

154 775 223 802 ριος,
239 767 337 802 πιθανή
348 775 389 798 τις
400 764 434 802 ἦν
446 768 463 803 ἡ
480 767 591 802 τοιαύτη
616 767 729 802 διάνοια,
748 769 786 801 ὡς
803 769 945 805 παλινδρο-

155 812 307 847 μήσαντας.
317 812 363 839 καὶ
377 812 626 848 πλημμελήσαντας
639 814 678 845 είς
692 814 723 840 τὺ
736 815 812 849 ἂγιον
821 815 942 850 Πνεῦμα·

154 858 178 883 ει
192 857 220 883 δὲ
235 858 304 893 μήτε
323 857 354 884 τὸ
372 857 482 894 λουτρὸν
511 859 663 894 εἰλήφασιν,
689 859 758 886 ἀλλὰ
781 861 828 887 καὶ
844 859 873 887 τὸ
897 859 944 888 τοῦ

991 267 1110 300 daretur,
1120 267 1184 302 jure
1199 267 1335 294 diceretur
1351 267 1512 301 baptizatos,
1527 267 1554 294 in
1568 266 1698 301 Spiritum
1712 274 1776 294 san-

991 316 1064 340 ctnm
1076 313 1209 340 duntaxat
1225 320 1346 347 peccare.
1366 312 1434 340 Cum
1452 317 1543 340 autem
1559 313 1588 340 in
1601 313 1710 341 nomine
1725 313 1776 341 Pa-

992 359 1043 386 tris
1055 363 1082 386 et
1098 358 1158 386 Filii
1171 363 1198 386 et
1215 357 1335 394 Spiritus
1349 358 1437 386 sancti
1449 359 1548 387 detur:
1564 359 1659 394 sicque
1675 359 1775 394 singuli

992 404 1038 439 qui
1057 404 1239 439 haptizantur,
1256 404 1407 437 initientur,
1429 409 1643 432 consentaneum
1663 411 1776 439 prorsus

992 454 1033 478 est
1046 454 1076 477 ut
1089 449 1135 485 qui
1151 454 1213 485 post
1229 449 1362 484 baptisma
1373 450 1595 484 praevaricantur,
1610 449 1638 476 in
1654 453 1775 477 sanctam

992 499 1019 523 et
1030 495 1171 522 indivisam
1183 494 1342 522 Trinitatem
1352 494 1548 529 blasphement.
1564 494 1598 522 Et
1609 494 1660 521 hoc
1667 501 1775 529 aequum

992 542 1035 565 est
1050 539 1086 565 ita
1103 538 1222 573 cogitare
1241 543 1268 565 et
1286 538 1446 573 intelligere.
1468 536 1549 565 Certe
1564 537 1588 564 si
1603 537 1622 564 ii
1643 545 1712 572 quos
1731 537 1777 565 ille

993 584 1192 619 alloquebatur,
1209 583 1339 611 Pharismi
1358 591 1465 618 nempe,
1481 583 1619 611 lavacrum
1631 590 1776 618 regenera-

993 631 1076 658 tionis
1088 630 1266 666 aceepissent,
1280 633 1308 658 et
1322 629 1386 657 doni
1404 629 1490 658 sancti
1505 629 1624 664 Spiritus
1642 629 1699 664 jam
1714 636 1777 664 par-

993 677 1088 712 ticipes
1102 676 1227 710 fuissent,
1243 676 1400 704 verisimilis
1411 680 1484 704 esset
1494 674 1629 711 ejusmodi
1643 675 1777 709 interpre-

994 723 1070 756 tatio,
1083 723 1122 750 illi
1137 723 1237 758 quippe
1248 722 1380 758 ajustitia
1395 722 1584 755 descivissent,
1600 725 1628 749 et
1646 721 1674 748 in
1691 720 1778 755 Spiri-

993 774 1050 797 tum
1070 773 1194 797 sanctum
1218 769 1408 804 deliquissent,
1424 768 1471 796 sed
1489 775 1551 796 cum
1569 767 1707 795 lavacrum
1723 773 1776 794 non

993 815 1158 850 acceperint,
1173 815 1220 843 sed
1236 815 1319 843 etiam
1337 814 1471 850 baptisma
1493 813 1607 841 Joannis
1626 812 1776 848 vilipende-

994 861 1059 893 rint,
1080 868 1129 888 cur
1142 861 1204 888 illos
1220 861 1365 889 accusabat
1383 864 1414 887 ut
1431 860 1478 895 qui
1492 859 1728 894 blasphemassent
1749 858 1777 886 in

159 903 284 930 Ἰωάννου
310 903 348 939 (2)
372 903 513 940 βάπτισμα
537 904 760 941 ἐξουθενήσαντες
781 903 861 942 ἦσαν,
883 907 938 940 πῶς

992 906 1122 941 Spiritum
1139 911 1275 939 sanctum,
1292 907 1370 942 cujus
1387 906 1506 934 nondum
1525 902 1674 941 participes
1689 904 1776 939 effecti

153 950 248 985 ᾐτιᾶτο
258 948 368 981 τούτους
381 948 418 982 ὡς
443 949 692 986 βλασφημήσαντας
706 952 745 982 εἰς
770 951 800 977 τὸ
826 951 939 987 Πνεῦμα

153 996 184 1022 τὸ
195 993 319 1030 humo?)
334 996 445 1032 μηδέπω
459 996 565 1032 μέτοχοι
581 997 738 1032 γεγόνεισαν
752 997 805 1033 (5);
819 999 874 1025 Καὶ
887 998 940 1034 γὰρ

152 1041 184 1067 οὐ
201 1040 332 1067 διδάσκων
345 1041 437 1073 ἁπλῶς
452 1042 466 1067 6
477 1041 580 1077 Κύριος
595 1041 685 1068 ἐλάλει
701 1042 798 1075 ταῦτα,
818 1043 878 1069 οὐδὲ
895 1044 941 1070 ἐπὶ

154 1086 280 1121 μέλλουσι
294 1087 343 1122 τὴν
359 1087 493 1123 τιμωρίαν
506 1087 622 1122 ἠπείλει·
643 1088 701 1115 ἀλλ’
717 1087 797 1121 εὐθὺς
811 1088 940 1124 αἰτιώμε-

152 1140 198 1163 νος
219 1132 326 1167 ἀληθῶς
350 1133 414 1164 τοὺς
434 1133 606 1168 Φαρισαίους,
632 1133 670 1165 ὼς
694 1134 746 1169 ἤδη
776 1134 941 1169 γενομένους

151 1177 318 1209 ὑπευθύνους
329 1178 377 1213 τῆς
390 1178 553 1214 τηλικαύτης
566 1178 749 1215 βλασφημίας,
759 1179 852 1215 εἴρηκε
863 1180 942 1207 τοῦτο

152 1224 182 1250 τὸ
199 1223 280 1259 ῥητὸν
295 1224 309 1250 6
325 1223 436 1259 Κύριος.
460 1224 520 1251 Τῶν
531 1224 559 1251 δὲ
573 1225 726 1260 Φαρισαίων
742 1225 812 1252 οὕτω
822 1234 942 1261 κατηγο-

152 1269 302 1304 ρουμένων,
325 1269 373 1295 καὶ
388 1270 453 1306 πρὶν
463 1269 555 1296 λαϐεῖν
567 1270 665 1301 αὐτοὺς
677 1269 707 1296 τὸ
726 1270 877 1306 βάπτισμα,
893 1271 942 1298 οὐκ

150 1315 184 1341 ἂν
196 1316 239 1349 εἴη
253 1314 331 1341 τοῦτο
357 1315 437 1350 ῥητὸν
464 1316 509 1342 ἐπὶ
528 1315 591 1348 τοὺς
613 1315 681 1351 μετὰ
696 1315 728 1342 τὸ
754 1316 866 1352 λουτρὸν
888 1326 941 1344 πα-

152 1361 341 1397 ραϐαίνοντας*
359 1362 406 1388 καὶ
423 1361 540 1397 μάλιστα
564 1362 605 1389 ὅτι
617 1362 666 1397 οὐχ
677 1361 770 1394 ἁπλῶς
791 1362 837 1389 ἐπὶ
854 1363 943 1399 ἁμαρ-

150 1407 235 1439 τίαις,
253 1407 310 1434 ἀλλ’
329 1407 375 1434 ἐπὶ
393 1407 553 1443 βλασφημίᾳ.
569 1408 669 1440 αὐτοὺς
695 1408 800 1443 ᾐτιᾶτο.
814 1408 942 1444 Διαφέρει

150 1452 191 1485 δὲ,
217 1453 257 1480 ὅτι
281 1453 295 1479 6
318 1453 367 1489 μὲν
395 1453 561 1489 ἁμαρτάνων
586 1454 750 1490 παραϐαίνει
776 1454 867 1490 νόμον
887 1455 943 1481 ὀδὲ

152 1498 319 1534 βλασφημῶν
333 1499 373 1530 εἰς
387 1499 471 1534 αὐτὴν
483 1499 577 1526 ἀσεϐεῖ
590 1499 639 1535 τὴν
655 1499 781 1535 θεότητα.
802 1500 863 1527 Ἐπὶ
880 1501 943 1528 πολ-

149 1544 211 1576 hi;
229 1544 251 1571 δ’
263 1542 310 1571 οὖν
334 1544 466 1580 πρότερον
487 1544 686 1580 πλημμελείαις
710 1545 870 1581 αἰτιώμενος
889 1546 937 1572 αὺ-

149 1591 215 1623 τοὺς
229 1592 242 1618 6
258 1590 361 1627 Σωτὴρ,
374 1591 415 1618 ὅτι
429 1591 467 1626 (ι)
483 1591 530 1626 τὴν
549 1591 657 1627 ἐντολὴν
671 1590 718 1618 τοῦ
734 1592 801 1619 Θεοῦ
811 1591 859 1628 τὴν
874 1592 938 1626 περὶ

149 1637 205 1664 τῶν
220 1637 319 1671 γονέων
344 1637 387 1664 διὰ
416 1637 546 1673 ἀργύριον
570 1637 745 1673 παρέϐαινον,
768 1638 815 1665 καὶ
837 1638 870 1666 τὰ
880 1639 936 1666 τῶν

150 1683 298 1718 προφητῶν
326 1684 543 1719 παρεκρούοντο,
566 1684 614 1711 καὶ
644 1683 689 1710 τὸν
710 1682 783 1711 οἷκον
805 1684 852 1711 τοῦ
871 1684 938 1712 Θεοῦ

150 1729 258 1756 ἐποίουν
277 1727 349 1756 οἷκον
367 1730 510 1766 ἐμπορίου,
523 1730 597 1765 ὅμως
611 1730 726 1766 παρῄνει
740 1731 787 1757 καὶ
801 1732 939 1766 μετανοεῖν

152 1775 246 1807 αὐτοῖς
261 1775 311 1811 (5).
333 1775 393 1802 Ἐπὶ
404 1775 433 1802 δὲ
444 1775 482 1811 τῷ
499 1775 587 1810 λέγειν
600 1776 708 1808 αὐτοὺς,
723 1777 768 1803 Ἕν
779 1777 940 1809 Βεελζεϐοὺλ

149 1820 275 1847 ἐκϐάλλει
302 1821 336 1847 τά
359 1821 502 1856 δαιμόνια,
529 1821 580 1848 οὐκ
607 1821 648 1848 ἔτι
671 1821 772 1857 ταύτην
803 1823 939 1859 ἁμαρτίαν

149 1865 254 1898 ἁπλῶς,
271 1866 339 1893 ἀλλὰ
354 1866 527 1902 βλασφημίαν
543 1866 652 1902 εἴρηκεν
674 1865 744 1894 εἶναι
761 1868 937 1904 τηλικαύτην,

149 1911 220 1937 ὥστε
237 1906 356 1946 ἄφυκτον
370 1912 417 1938 καί
430 1911 623 1947 ἀσύγγνωστον
641 1909 712 1941 εἶναι
739 1913 788 1948 τὴν
802 1913 938 1949 τιμωρίαν

148 1957 206 1988 τοῖς
220 1956 330 1983 τοιαῦτα
340 1957 487 1992 τολμῶσιν.

191 2002 235 2028 15.
256 2002 357 2034 ’Ἄλλως
367 2011 408 2035 τε,
421 2004 444 2029 εί
461 2002 514 2029 τῶν
529 2002 597 2038 μετὰ
609 2002 639 2029 τὸ
651 2002 761 2038 λουτρὸν
772 2002 939 2039 ἁμαρτανόν-

147 2056 204 2074 των
219 2048 300 2084 χάριν
311 2048 417 2084 ετρηται
428 2048 508 2075 τοῦτο
519 2048 548 2075 τὸ
562 2049 653 2084 ῥητὸν,
671 2049 718 2075 καὶ
730 2048 836 2081 τούτοις
854 2049 938 2084 ἀσύγ-

149 2092 270 2126 γνωστός
281 2092 353 2118 ἐστιν
368 2093 385 2128 ὴ
403 2092 440 2127 (6)
452 2093 506 2119 τῶν
523 2092 766 2128 πλημμελημάτων
787 2093 860 2130 δίκη·
878 2095 937 2127 πῶς

148 2146 188 2172 rp
203 2137 254 2172 μὲν
275 2138 304 2165 ὲν
325 2138 450 2174 Κορίνθῳ
480 2137 653 2174 μετανοοῦντι
675 2140 753 2174 κυροῖ
781 2139 831 2174 τὴν
853 2141 937 2177 αὐτὴν

148 2183 261 2218 ἀγάπην
271 2184 286 2210 6
305 2183 474 2215 Ἀπόστολος,
491 2184 553 2215 τοὺς
571 2183 600 2210 δὲ
617 2183 738 2216 Γαλάτας
753 2184 935 2223 παλινδρομή-

990 951 1178 980 fuerant?Non
1187 952 1259 980 enim
1269 952 1429 988 simpliciter
1442 951 1566 980 docendo
1574 950 1706 979 Dominus
1719 951 1778 978 haec

989 997 1168 1033 loquebatur,
1191 1005 1279 1034 neque
1300 998 1335 1026 iis
1354 998 1401 1033 qui
1419 996 1504 1025 futuri
1518 1001 1595 1025 erant
1610 996 1775 1033 supplicium

990 1043 1238 1077 interminahatur;
1255 1043 1302 1071 sed
1324 1043 1352 1070 in
1376 1041 1521 1078 praesentia
1539 1049 1602 1069 vere
1623 1040 1777 1068 Pharisaeos

991 1088 1121 1116 incusans
1144 1092 1236 1124 utpote
1254 1093 1336 1116 tanta:
1356 1088 1533 1123 blasphemia!
1548 1087 1604 1123 jam
1620 1094 1693 1121 reos,
1709 1086 1777 1118 illud

991 1134 1098 1162 dicebat
1107 1134 1247 1163 Dominus.
1255 1134 1401 1163 Pharisaais
1408 1135 1489 1170 igitur
1497 1134 1533 1162 ita
1540 1134 1676 1162 accusatis
1688 1133 1765 1169 prius
1774 1152 1778 1156 -

992 1186 1073 1214 quam
1087 1180 1221 1215 baptisma
1242 1180 1436 1216 percepissent,
1456 1180 1508 1207 hoc
1524 1183 1598 1207 certe
1611 1179 1714 1206 dictum
1730 1185 1777 1205 eos

992 1226 1103 1254 minime
1121 1230 1224 1262 spectat
1247 1227 1294 1262 qui
1311 1231 1371 1262 post
1387 1227 1526 1254 lavacrum
1545 1225 1775 1261 praevaricantur;

992 1277 1019 1300 et
1034 1273 1183 1308 praesertim
1206 1273 1270 1308 quia
1291 1280 1338 1300 eos
1352 1279 1407 1300 non
1419 1272 1453 1300 de
1469 1270 1636 1306 quibuslibet
1646 1272 1776 1305 peccatis,

993 1320 1039 1348 sed
1053 1320 1086 1348 de
1100 1319 1270 1355 blasphemia
1293 1319 1448 1347 accusabat.
1466 1317 1529 1345 llaec
1548 1321 1639 1345 autem
1659 1317 1731 1345 inter
1745 1324 1776 1345 se

992 1364 1130 1398 differunt,
1150 1365 1222 1399 quod
1239 1363 1285 1398 qui
1310 1367 1421 1398 peccat,
1440 1363 1525 1397 legem
1550 1362 1776 1397 transgrediatur,

993 1409 1039 1444 qui
1051 1417 1114 1436 vero
1128 1409 1307 1444 hiasphemat,
1323 1408 1351 1435 in
1368 1408 1454 1443 ipsam
1468 1407 1596 1434 deitatem
1611 1406 1692 1442 impie
1703 1411 1774 1442 agat.

992 1454 1060 1482 Cum
1074 1459 1162 1482 autem
1186 1455 1248 1482 illos
1268 1454 1302 1482 de
1320 1454 1412 1482 multis
1434 1453 1513 1488 563
1525 1453 1686 1481 criminibus
1700 1453 1777 1488 prius

994 1505 1135 1528 accusaret
1150 1500 1285 1533 Salvator,
1298 1500 1371 1535 quod
1384 1499 1489 1527 scilicet
1505 1499 1591 1534 legem
1608 1497 1641 1525 de
1652 1499 1776 1534 parenti-

994 1547 1044 1574 bus
1065 1547 1147 1574 latam
1170 1551 1279 1582 propter
1301 1546 1444 1581 pecuniam
1467 1544 1733 1579 transgrederentur,
1750 1551 1777 1579 οι

989 1593 1183 1629 prophetarum
1206 1593 1277 1620 dicta
1297 1595 1467 1627 respuerent,
1487 1598 1520 1618 ac
1535 1591 1646 1618 domum
1664 1589 1712 1618 Dei
1728 1590 1777 1618 do—

989 1646 1064 1666 mum
1079 1638 1198 1666 facerent
1209 1638 1416 1673 negotiationis;
1429 1640 1547 1664 attamen
1558 1636 1719 1664 hortabatur
1729 1643 1777 1664 cos

989 1691 1020 1713 ut
1037 1685 1226 1721 paenitentiam
1245 1688 1364 1720 agerent.
1378 1682 1480 1711 Verum
1494 1683 1540 1710 ubi
1552 1683 1640 1718 ipsum
1654 1681 1777 1710 dicerent

990 1733 1017 1760 in
1042 1731 1229 1760 Beelzebulem
1249 1731 1349 1766 ejicere
1375 1729 1530 1763 daemonia;
1554 1737 1608 1756 non
1627 1729 1680 1757 hoc
1692 1729 1774 1758 ultra.

989 1783 1129 1814 peccatum
1150 1777 1322 1813 simpliciter,
1345 1776 1392 1805 sed
1409 1775 1606 1811 blasphemiam
1633 1775 1776 1803 dixitesse

989 1829 1103 1857 tantam,
1119 1828 1150 1852 ut
1170 1824 1218 1859 qui
1231 1823 1296 1850 talia
1316 1822 1441 1858 proferre
1455 1820 1515 1849 ausi
1530 1824 1634 1853 essent,
1648 1827 1699 1849 nec
1716 1827 1775 1855 pce-

989 1878 1051 1898 nam
1064 1870 1192 1905 eﬂugere,
1207 1876 1257 1897 nec
1269 1869 1375 1896 veniam
1391 1867 1513 1896 obtinere
1528 1870 1649 1902 possent.

1025 2001 1067 2028 15.
1078 2000 1186 2035 Alioqui
1195 1999 1218 2027 si
1231 2006 1326 2027 eorum
1338 2005 1421 2026 causa
1431 1998 1478 2032 qui
1490 2001 1552 2033 post
1561 1996 1699 2024 lavacrum
1711 2003 1774 2031 pec-

989 2051 1052 2076 cant
1071 2047 1098 2074 id
1113 2047 1215 2075 dictum
1239 2045 1351 2079 fuisset,
1369 2049 1396 2073 et
1413 2044 1452 2072 illi
1470 2045 1579 2072 veniam
1599 2046 1773 2078 peccatorum

988 2096 1111 2123 obtinere
1124 2102 1179 2121 non
1189 2097 1313 2128 possent,
1326 2099 1374 2119 cur
1386 2090 1525 2118 hominem
1534 2089 1606 2125 apud
1617 2087 1774 2116 Corinthios

987 2141 1175 2176 poenitentem,
1184 2139 1210 2165 in
1225 2138 1358 2165 charitate
1368 2137 1512 2164 conﬁrmat
1520 2135 1621 2163 Paulus
1639 2134 1662 2150 ⁸¹
1673 2154 1681 2168 ,
1696 2133 1774 2161 Cala-

988 2192 1030 2215 tas
1043 2193 1108 2214 vero
1123 2190 1272 2213 retrorsum
1291 2183 1423 2211 abeuntes
1436 2182 1553 2218 parturit
1571 2181 1659 2209 donec
1675 2180 1775 2208 forme-

149 2238 249 2261 σαντας
262 2229 362 2261 ὠδίνει,
377 2229 455 2265 ἄχρις
466 2226 497 2255 οὗ
512 2228 592 2256 πάλιν
607 2229 737 2265 μορφωθῇ
764 2230 880 2265 Χριστὸς
907 2233 936 2260 ὲν

992 2237 1031 2260 tur
1047 2233 1145 2259 iterum
1161 2230 1188 2257 in
1203 2230 1244 2258 eis
1255 2229 1381 2258 Christus
1395 2228 1436 2255 ιη
1447 2228 1516 2256 Cum
1531 2231 1622 2255 autem
1637 2225 1714 2258 dicit,
1726 2227 1776 2253 ite-

148 2275 257 2308 αὐτοῖςς
279 2275 322 2302 Ἐν
338 2275 366 2302 δὲ
391 2275 430 2310 τῷ
443 2274 544 2309 λέγειν,
575 2275 665 2307 πάλιν,
688 2274 824 2303 δείκνυσιν
844 2277 933 2305 αὐτῶν

149 2321 195 2347 καὶ
205 2322 255 2356 τὴν
273 2321 408 2357 προτέραν
422 2321 451 2348 ἐν
461 2321 499 2357 τῷ
518 2321 655 2356 Πνεύματι
671 2321 835 2357 τελειότητα.
859 2323 891 2349 Τί
904 2323 932 2350 δὲ

147 2367 195 2394 καὶ
204 2366 364 2402 Νουάτῳ(7)
378 2367 541 2402 μεμφόμεθα
548 2366 704 2402 ἀναιροῦντι
712 2366 867 2402 μετάνοιαν,
885 2370 932 2396 καὶ

183 2423 204 2438 δ’
218 2421 240 2449 11
252 2422 316 2450 Cor.
333 2430 363 2456 ιι,
375 2423 404 2450 8.
441 2422 463 2439 δ’
477 2422 565 2450 Galat.
581 2431 619 2456 1v,
633 2423 677 2450 l9.

183 2480 240 2516 (Ἦ)
257 2479 368 2516 Regius,
381 2481 494 2516 Seguer.
512 2481 670 2509 Goblerian.
689 2485 717 2509 et
730 2481 848 2509 Felckm.
863 2481 888 2516 1,
900 2480 931 2508 τδ

147 2515 259 2550 Πνεῦμα
270 2515 301 2542 τὸ
316 2516 404 2549 ἅγιον.

184 2550 246 2587 (98)-
258 2550 304 2587 Sic
320 2550 432 2587 Regius,
450 2551 561 2587 Seguer.
576 2551 718 2586 Anglican.
734 2551 890 2579 Goblerian.
905 2554 932 2578 et

147 2585 224 2622 Felc,
230 2585 306 2622 φίλια
315 2585 456 2622 γοάίιίεηδὲ
471 2585 517 2613 καὶ
531 2587 574 2622 εἰς
583 2585 702 2622 Πατέρα.

183 2620 355 2656 (99)}{egius
370 2626 397 2648 et
412 2621 537 2656 Seguer.,
552 2621 581 2653 ἐξ
595 2620 716 2656 ἀνάγκης
731 2621 822 2649 πάλιν.

182 2654 560 2692 (1χδεειιενηγῷαριᾱσαίους,
576 2661 602 2684 et
616 2657 684 2683 infra
696 2654 738 2692 sic
749 2657 830 2684 idem.
847 2656 932 2684 Paulo

146 2695 208 2727 post
226 2689 292 2727 Rei.
313 2695 339 2727 et
356 2689 526 2726 Segnerian.,
540 2693 577 2724 ὡς
590 2691 933 2727 προσπαλινδρομήσαντας

147 2725 193 2762 καὶ
210 2725 466 2762 πλημμελήσαντας.
480 2726 597 2762 Anglic.,
611 2725 649 2758 ὦς
664 2725 932 2762 παλινδρομήσαντας

146 2761 194 2801 καὶ
209 2760 295 2796 πλημ.
324 2760 408 2794 Editi,
428 2761 466 2793 ὡς
482 2760 751 2798 παλινδρομήσαντας
762 2760 866 2794 αὐτοὺς
884 2762 931 2788 καὶ

146 2804 199 2822 πλη
204 2804 233 2822 υ..

183 2804 351 2866 ἒὲῖθξίρείιιε,
369 2830 399 2857 τὸ
418 2831 551 2859 Ἰωάννου.

184 2865 222 2901 (3)
239 2865 276 2892 Ita
291 2865 389 2901 Regius
401 2871 427 2894 et
442 2866 553 2903 Seguer.
572 2867 674 2896 rectius
694 2875 776 2896 auam
793 2867 868 2901 editi,
885 2875 930 2902 γε·

986 2287 1058 2312 rum,
1071 2277 1213 2313 pristinam
1228 2284 1323 2304 eorum
1344 2275 1373 2303 in
1395 2274 1496 2311 Spiritu
1515 2273 1709 2309 perfectionem
1728 2271 1773 2299 de-

985 2325 1079 2352 clarat.
1100 2323 1156 2351 Cur
1181 2330 1247 2350 vero
1265 2321 1400 2349 Novatum
1426 2320 1569 2356 culpamus
1587 2317 1774 2354 paenitentiam

985 2370 1135 2403 tollentem,
1148 2376 1180 2396 ac
1192 2368 1325 2396 dicentem
1341 2367 1443 2395 nullam
1456 2372 1599 2401 superesse
1617 2365 1652 2393 iis
1665 2363 1797 2392 veniam.

983 2481 1087 2515 γόνασι.
1101 2480 1173 2508 infra
1190 2480 1314 2516 segnem,
1326 2481 1462 2516 τιμωρίαν
1478 2481 1578 2508 ἐλάλει,

1018 2516 1057 2552 (4)
1071 2516 1136 2552 Reg.
1159 2521 1187 2544 et
1206 2515 1366 2552 Segueract
1382 2515 1445 2552 edit.
1463 2516 1610 2552 Commel.,
1628 2516 1683 2543 ὅτε.
1699 2515 1771 2544 Editi

983 2550 1052 2587 vero
1066 2550 1152 2587 Paris.
1166 2556 1193 2578 et
1206 2550 1302 2587 Basil.,
1319 2551 1370 2577 ὃτι.
1386 2550 1458 2587 Infra
1471 2551 1610 2587 iidem,§t‘
1626 2551 1769 2587 ἀργυρίου.

1021 2586 1059 2621 (5)
1076 2586 1177 2621 Regius
1190 2591 1217 2613 et
1231 2586 1356 2620 δίιμεν..
1367 2586 1477 2621 αὐτούς.
1493 2585 1553 2613 Mox
1567 2585 1634 2621 Reg.
1648 2585 1768 2621 Segnia

984 2620 1092 2650 Gobler.
1117 2620 1207 2649 Felck.
1223 2622 1249 2654 1,
1266 2620 1401 2647 ἐκϐάλλει.
1420 2620 1501 2654 Editi,
1520 2621 1668 2647 ἐκϐάλλειν.
1685 2620 1771 2648 Paulo

984 2661 1047 2692 post
1059 2657 1125 2684 editi
1141 2657 1243 2692 habent.
1261 2655 1308 2692 καί
1329 2660 1392 2684 ante
1413 2655 1597 2692 alueoqpigv,
1613 2664 1672 2691 qua:
1685 2657 1771 2692 parti-

983 2690 1044 2719 cula
1057 2692 1132 2719 deest
1151 2692 1178 2718 in
1197 2691 1263 2725 Reg.
1284 2690 1396 2725 Seguer.
1414 2690 1494 2718 Gabi.
1506 2690 1533 2718 et
1547 2690 1662 2719 Feleil.

983 2727 1059 2788 “agi?
1080 2727 1112 2753 Ἦ
1131 2726 1207 2754 deest
1226 2727 1254 2753 in
1269 2725 1350 2753 Basil.
1375 2726 1460 2754 Paulo
1480 2731 1543 2762 post
1558 2726 1642 2762 αὑτήν
1656 2726 1735 2754 abest
1752 2733 1770 2754 a

1006 2770 1066 2789 aSII.

1019 2797 1057 2832 (7)
1070 2796 1181 2832 Regius.
1197 2796 1309 2831 Seguer.
1323 2796 1428 2831 Anglic.
1441 2796 1597 2824 Goblerian.
1617 2801 1643 2824 et
1654 2796 1726 2824 Felc.
1741 2795 1768 2828 Ι.

983 2831 1198 2867 ΝαυάτῳίΕιΙίιί
1211 2836 1247 2867 et,
1257 2832 1313 2865 alii,
1328 2832 1452 2867 Νουάτῳ.
1467 2831 1549 2860 Basil.
1564 2833 1597 2860 ad
1618 2833 1768 2867 marginem

984 2868 1065 2896 habet
1079 2866 1216 2902 Νοουάτῳ.
1233 2866 1333 2903 Regius
1346 2872 1372 2896 et
1397 2866 1508 2904 δέδαεν.
1532 2868 1589 2896 haec
1611 2867 1643 2894 ad
1668 2866 1766 2900 margi-
