1974 3037
139 96 190 124 661

701 102 871 132 EPISTOLA
891 103 924 132 IV
953 104 998 131 AD
1018 103 1246 132 SERAPIONEM.

1703 108 1756 136 663

135 153 258 190 ὁρῶντας
280 154 329 189 τὴν
354 154 400 182 τοῦ
421 155 522 191 κόσμου
538 157 624 190 τάξιν,
643 158 688 185 καὶ
711 159 761 195 τὴν
776 161 815 192 εἰς
841 161 921 187 αὑτὸν

973 161 1038 188 illud
1056 168 1087 188 ac
1101 161 1141 193 si,
1159 161 1223 188 dum
1238 165 1378 189 cernerent
1392 162 1485 189 mundi
1501 163 1634 198 ordinem,
1649 171 1676 193 et
1693 175 1755 202 pro-

137 199 275 236 srp6vomv,
290 201 329 227 ὅτι
352 201 398 228 καὶ
415 202 434 237 ἡ
449 202 536 234 κτίσις
559 203 611 230 ὑπὸ
626 203 673 230 τοῦ
692 205 855 238 Βεελςεϐοὺλ
877 207 922 241 γέ-

136 254 201 280 γονε
212 254 218 260 ·
235 245 281 272 καὶ
294 247 308 272 6
326 246 401 281 ἣλιος
422 247 567 275 ὑπακούων
585 249 624 284 τῷ
639 249 753 286 διαϐόλῳ
773 251 920 285 ἀνατέλλει,

136 291 186 318 καὶ
201 291 234 317 δι’
245 291 323 318 αὐτὸν
338 293 480 327 περιπολεῖ
492 293 526 321 τὰ
534 293 622 330 ἄστρα
638 296 667 322 ἐν
684 295 722 331 τῷ
737 297 853 332 οὐρανῷ.
867 298 922 324 Καὶ

134 336 191 372 γὰρ
204 336 297 373 ὥσπερ
307 337 392 364 ταῦτα
405 338 452 365 τοῦ
464 339 542 371 Θεοῦ,
552 339 623 367 οὕτω
634 342 747 368 κάκεῖνα
759 341 805 369 τοῦ
817 342 922 378 Πατρὸς

134 380 170 418 ἦν
185 382 268 418 ἔργα·
282 383 329 411 καὶ
342 384 366 410 εί
382 385 475 412 ἐκεῖνα
488 385 534 412 τοῦ
549 386 784 422 (51)Βεελζε6οὺλ,
799 387 920 423 ἐξάνάγ-

136 436 188 464 κης
199 429 246 456 καὶ
257 429 343 457 ταῦτα
354 430 402 457 τοῦ
411 430 582 464 Βεελζεϐούλ.
598 433 654 460 Καὶ
667 433 718 460 ποῦ
730 433 820 461 λοιπὸν
831 435 921 466 αὐτοῖς

135 474 166 500 τό
176 482 182 488 ·
202 484 212 501 ε
237 475 280 502 Ἑν
295 476 365 512 ἀρχῇ
381 477 508 512 ἐποίησεν
520 478 535 504 6
547 478 612 510 Θεὸς
626 479 671 506 τὸν
684 479 796 515 οὐρανὸν
807 481 854 506 καὶ
871 480 921 516 τὴν

137 521 224 555 γῆν;ι
246 521 315 548 Ἀλλ’
329 522 403 549 οὐδὲν
412 522 486 557 ξένον
504 524 553 559 τῆς
567 524 693 560 τοιαύτης
704 526 794 553 αὐτῶν
809 526 918 562 μανίας·

134 566 197 592 ἐπεὶ
213 567 258 593 καὶ
271 568 295 594 οί
310 567 358 603 τῆς
373 569 499 604 τοιαύτης
515 570 594 597 αὐτὸν
611 570 723 607 γνώμης
745 572 876 608 πατέρες,
891 573 920 598 ὲν

133 613 168 646 τῇ
183 612 277 648 ἐρήμῳ
292 613 344 648 πρὸ
358 613 448 648 ὀλίγου
466 613 618 647 ἐξελθόντες
632 616 685 643 ἀπὸ
707 617 757 652 τῆς
771 617 918 652 Αἰγύπτου,

135 657 235 692 μόσχον
253 658 412 691 πλάσαντες,
431 659 505 695 αὐτῷ
524 660 573 692 τὰς
595 662 635 694 εἰς
653 662 751 694 αὐτοὺς
762 663 919 698 εὐεργεσίας

134 703 211 738 παρὰ
237 703 303 731 Θεοῦ
326 705 381 740 (32)
413 706 563 742 γενομένας
591 708 779 741 ἀνατιθέντες,
810 709 917 744 ἔλεγονο

138 758 147 774 ι
163 745 242 775 Οὗτοι
255 750 280 776 οἰ
302 749 359 777 θεοί
376 759 423 778 σου
436 772 444 784 ,
464 752 572 788 Ἰσραὴλ
583 773 589 785 ,
603 754 626 780 οἱ
643 754 825 789 ἀναγαγόντες
842 764 870 782 σε
887 757 919 782 ὲκ

132 795 187 830 γῆς
209 796 358 830 Αἰγύπτου.
377 807 387 823 ι
402 798 452 825 Διὰ
466 799 531 833 γοῦν
553 800 653 836 ταύτην
671 801 720 836 τὴν
744 801 918 837 βλασφημίαν

974 207 1119 235 videntiam
1135 207 1191 234 haec
1204 207 1409 242 gubernantem,
1423 209 1482 237 ausi
1495 215 1586 238 essent
1600 212 1701 246 dicere,
1715 221 1756 241 re-

973 261 1033 280 rum
1047 257 1171 280 naturam
1186 260 1201 279 a
1216 252 1372 281 Beelzebule
1385 253 1470 282 fuisse
1481 255 1618 284 conditam
1632 266 1639 284 ε
1656 263 1701 286 aut
1712 267 1757 287 so-

973 298 1036 330 lem.
1054 303 1083 326 ut
1104 297 1213 325 diabolo
1228 298 1434 332 obsequeretur,
1450 299 1516 327 oriri
1531 309 1538 327 :
1554 305 1581 328 et
1595 301 1653 336 ejus
1672 311 1755 331 causa

973 348 1046 371 astra
1079 343 1107 370 in
1146 343 1215 370 cmlo
1241 344 1400 378 circumagi.
1430 342 1497 372 Nam
1526 348 1755 381 quemadmodum

972 387 1030 416 haec
1046 387 1093 416 Dei
1111 392 1185 420 sunt,
1202 388 1239 416 ita
1258 392 1285 417 et
1300 388 1345 415 illa
1360 387 1449 417 Patris
1470 395 1547 418 erant
1567 398 1650 426 opera
1665 401 1673 420 :
1689 399 1716 422 et
1732 395 1756 422 si

971 433 1017 462 illa
1031 433 1208 466 Beelzebulis.
1222 434 1376 462 necessario
1397 439 1424 462 et
1439 435 1491 462 ista
1512 436 1678 467 Beelzebulis
1694 439 1755 467 fue-

971 480 1026 507 rint
1041 489 1048 508 :
1065 483 1092 508 et
1107 487 1238 515 quorsum
1256 485 1348 515 postea
1364 480 1422 509 haec
1439 480 1566 514 referent.
1586 493 1596 510 ‹
1613 483 1641 511 ln
1654 485 1756 520 princi-

971 526 1016 561 pio
1031 525 1095 554 fecit
1116 525 1188 554 Deus
1209 526 1307 554 cmlum
1332 531 1359 553 et
1386 531 1486 555 terram
1497 528 1540 554 στι
1554 537 1563 555 ι
1581 528 1679 557 Verum
1701 539 1754 558 non

970 571 1089 600 insolens
1103 575 1144 599 est
1159 570 1252 599 isthmc
1267 578 1361 599 eorum
1374 571 1487 600 insania.
1505 572 1643 608 Siquidem
1658 576 1755 604 horum

969 617 1074 649 Patres.
1090 617 1183 657 eadem
1200 621 1290 645 mente
1308 617 1423 652 praediti,
1440 617 1468 646 in
1485 627 1576 647 eremo
1588 628 1650 648 cum
1669 629 1755 657 nuper

969 671 1001 692 ex
1017 655 1133 699 Egypto
1157 663 1258 699 egressi
1279 667 1384 697 essent,
1400 663 1485 692 vitulo
1502 672 1518 692 a
1533 672 1562 693 se
1576 665 1692 694 conﬂato
1707 655 1755 695 hei

968 717 1031 744 erga
1047 717 1075 737 se
1086 709 1214 737 beneﬁcia
1230 708 1385 743 referentes,
1399 710 1523 738 dicebant
1538 720 1544 738 ι
1561 720 1570 736 ι
1588 710 1620 738 lli
1638 717 1702 740 sunt
1715 714 1754 741 dii

968 757 1008 784 tui
1021 755 1114 789 lsrael,
1130 756 1176 791 qui
1191 760 1217 783 te
1228 756 1381 784 eduxerunt
1393 757 1427 785 de
1440 761 1511 785 terra
1525 757 1632 794 Egypti
1645 760 1678 788 ".
1689 769 1698 785 ι
1714 759 1755 788 0b

968 802 1040 830 hanc
1058 802 1148 837 itaque
1164 801 1372 837 blasphemiam,
1390 804 1515 838 protinus
1531 813 1563 832 ex
1582 805 1614 833 lis
1630 805 1675 840 qui
1691 807 1754 834 talia

131 842 181 868 καὶ
201 841 262 869 τότε
283 842 337 870 τῶν
356 843 469 872 τοιαῦτα
488 845 681 881 τολμησάντων
696 846 745 882 τὴν
762 847 812 882 μὲν
830 847 917 884 ἀρχὴν

968 848 1027 876 ausi
1041 847 1158 881 fuerant,
1179 847 1259 875 initio
1282 856 1337 876 non
1362 849 1441 884 pauci
1464 851 1512 877 sed
1535 851 1645 886 plurimi
1669 849 1753 882 occisi

130 887 181 914 οὐκ
197 887 292 922 ὀλίγοι,
309 889 400 916 πολλοὶ
422 890 451 916 δὲ
470 891 657 927 ἀνῃρέθησαν·
686 892 867 927 ὲτπλγγείλατο
890 892 918 919 δὲ

129 934 145 960 6
156 933 221 965 θεὸς
239 934 339 968 λέγων’
356 945 366 961 ι
386 932 425 971 ’ᾟ
436 936 459 963 δ’
472 936 505 964 ἂν
526 937 617 974 ἡμέρᾳ
631 938 823 975 ὲπισχέψωμαι
851 939 917 975 (55),

130 979 225 1013 ἐπάξω
240 980 284 1007 ἐπ’
296 982 394 1015 αὐτοὺς
405 983 456 1018 τὴν
475 983 611 1020 ἁμαρτίαν
633 985 731 1012 αὐτῶν.
757 994 767 1012 t
784 986 838 1013 Καὶ
864 985 918 1022 γὰρ

130 1026 184 1058 ἕως
199 1027 249 1062 μὲν
261 1028 381 1056 κάκεῖνοι
395 1029 428 1056 δι’
443 1029 541 1066 ἄρτους
556 1031 602 1057 καὶ
617 1030 689 1067 ὕδωρ
703 1031 862 1066 ἐγόγγυζον,
872 1032 918 1058 ἐπὶ

128 1073 255 1100 τοσοῦτον
269 1074 367 1107 αὐτοὺς
378 1075 463 1108 οὕτως
475 1075 531 1112 (54)
547 1075 655 1112 ἔφερεν,
670 1077 706 1109 ibi,
729 1077 754 1104 εί
763 1086 804 1110 τις
820 1078 918 1114 τροφὸς

127 1121 341 1156 τροφοφορήσειε
355 1121 400 1150 τὸν
416 1122 517 1158 ἑαυτῆς
533 1123 606 1150 υἱόν·
621 1123 665 1150 ὅτε
677 1123 705 1150 δὲ
723 1123 803 1151 πλέον
817 1124 918 1161 ἐμάνη-

128 1173 190 1197 σαν,
204 1166 251 1193 καὶ
262 1166 300 1197 ὡς
311 1167 406 1202 ψάλλει
422 1168 481 1195 κατ’
492 1168 582 1195 αὐτῶν
597 1169 627 1195 τὸ
643 1169 755 1204 Πνεῦμα
765 1177 771 1185 ·
791 1178 800 1194 ι
823 1169 917 1197 Ὴλλά-
937 1179 943 1187 ε

128 1211 208 1245 ξαντο
219 1212 268 1248 τὴν
277 1212 354 1245 δόξαν
366 1214 454 1241 αὐτῶν
464 1214 494 1241 ἐν
505 1214 656 1250 ὁμοιώματι
670 1215 771 1250 μόσχου
784 1214 918 1248 ἐσθίοντος

127 1258 241 1294 χόρτον
258 1268 269 1286 ι
278 1259 309 1286 τὸ
322 1259 376 1295 (55)
391 1260 543 1296 τηνικαῦτα
555 1260 655 1295 ξλοιπὺν
664 1257 844 1296 ἀσῦγγνωστα
859 1261 918 1288 τολ-

129 1308 276 1342 μήσαντες,
290 1307 493 1343 ὲπατάχοησαν,
503 1308 540 1339 ὥς
553 1316 633 1343 φησιν
644 1309 660 1343 ἡ
676 1307 781 1344 Γραφὴ,
793 1308 856 1344 περὶ
868 1308 917 1343 τῆς

126 1355 264 1388 ποιήσεως
273 1354 320 1381 τοῦ
336 1355 448 1390 μόσχου,
462 1351 492 1382 οὗ
510 1354 639 1390 ἐποίησεν
653 1353 768 1390 ’Λαρών.

163 1400 205 1426 17.
223 1400 340 1427 Τοιαῦτα
356 1401 403 1427 καὶ
417 1400 463 1427 νῦν
477 1401 628 1435 τολμῶντες
641 1401 665 1427 ot
680 1401 822 1436 Φαρισαῖοι
835 1420 843 1432 ,
859 1408 916 1426 τοι-

125 1446 211 1482 αύτην
226 1447 357 1482 ἐσχήκασι
372 1447 446 1483 παρὰ
463 1447 509 1474 τοῦ
524 1447 649 1482 Σωτῆρος
664 1446 713 1482 τὴν
735 1446 790 1481 (56)
806 1446 914 1481 ἀπόφα-

126 1500 180 1521 σιν.
195 1492 253 1519 οἵαν
266 1492 312 1518 καὶ¹
333 1493 347 1518 6
362 1493 425 1528 παρ’
444 1492 533 1519 αὐτῶν
564 1491 724 1527 ὑπονοηθεὶς
754 1490 916 1523 Βεελζεϐοὺλ

125 1536 204 1571 ἔσχεν
216 1537 265 1572 ἤδη
281 1537 328 1564 καὶ
342 1537 398 1572 ἔχει
409 1545 416 1552 ’
436 1537 506 1564 ὥστε
521 1537 620 1569 αὐτοὺς
635 1538 676 1568 είς
698 1537 727 1563 τὸ
746 1537 913 1572 ἡτοιμασμέ-

124 1590 170 1608 νον
183 1581 238 1618 πῦρ
254 1582 350 1619 ἐκείνῳ
364 1583 480 1615 αἰωνίως
495 1583 736 1618 συγκατεσθίεσθαι
751 1584 808 1618 μετ’
820 1583 911 1610 αὑτοῦ.

125 1627 164 1653 Οὐ
178 1627 232 1663 γὰρ
245 1628 276 1664 δὴ
295 1629 437 1666 σύγκρισίν
453 1638 515 1657 τινα
540 1629 700 1664 ποιούμενος
718 1629 767 1664 τῆς
786 1630 825 1662 είς
851 1631 913 1657 ἐαυ-

124 1674 171 1701 τὸν
187 1675 243 1711 (57)
264 1676 372 1711 καὶτῆς
384 1677 424 1708 είς
436 1677 466 1703 τὸ
484 1675 595 1711 Πνεῦμα
615 1676 645 1702 τὸ
668 1676 745 1710 ἅγιον
765 1676 914 1711 λεγομένης

126 1720 300 1756 βλασφημίας
316 1722 381 1756 (58),
395 1723 442 1749 καὶ
457 1723 494 1755 ὡς
509 1722 630 1758 μείζονος
641 1722 716 1754 ὄντος
729 1722 775 1749 τοῦ
786 1723 913 1758 Πνεύμα-

123 1775 182 1798 τος,
197 1769 244 1794 καὶ
256 1768 300 1795 διὰ
311 1769 389 1795 τοῦτο
402 1769 512 1805 μείζονα
521 1769 570 1805 τὴν
582 1769 671 1796 αἰτίαν
684 1769 798 1804 ἐχούσης
812 1769 860 1801 τῆς
874 1770 913 1801 εἰς

123 1812 155 1839 τὸ
168 1813 279 1849 Πνεῦμα
301 1815 456 1851 γινομένης,
484 1815 558 1842 ταῦτ’
594 1816 705 1852 εἴρηκε·
733 1815 770 1852 μὴ
793 1816 910 1850 γένοιτοι

122 1859 231 1891 Φοάσας
257 1861 310 1897 γὰρ
329 1862 463 1895 ἐδίδαξεν,
488 1862 528 1889 ὃτι
543 1862 631 1889 πάντα
653 1863 703 1889 ὃσα
715 1862 770 1898 ἔχει
790 1863 805 1888 6
819 1862 913 1898 Πατὴρ

122 1905 170 1932 τοῦ
186 1906 249 1933 Υἱοῦ
266 1909 332 1940 ἐστι,
349 1909 396 1935 καὶ
409 1910 442 1935 ἐκ
467 1909 513 1936 τοῦ
529 1908 592 1936 Υίοῦ
605 1909 636 1935 τὸ
652 1909 763 1944 Πνεῦμα
786 1909 911 1944 λήψεται,

123 1953 171 1979 καὶ
187 1953 253 1980 σύτο
268 1954 374 1987 δοξάσει
393 1955 438 1982 τὸν
448 1955 523 1982 Υἱὸν.
547 1955 602 1982 Καὶ
617 1955 677 1990 οὐχὶ
694 1955 724 1982 τὸ
741 1954 852 1990 Πνεῦμα
866 1955 911 1982 τὸν

123 1999 187 2026 Υἱδν
197 1999 314 2033 δίδωσιν,
324 2001 381 2028 ἀλλ’
395 2001 408 2027 6
422 2001 486 2034 Υἱὸς
498 2001 613 2037 παρέχει
625 2002 655 2028 τὸ
668 2000 780 2037 Πνεῦμα
789 2002 844 2032 τοῖς
858 2009 910 2036 μα-

121 2044 229 2080 θηταῖς,
255 2046 302 2073 καὶ
328 2046 362 2073 δι’
375 2047 465 2074 αὐτῶν
486 2048 543 2079 τοῖς
565 2048 606 2079 είς
622 2048 702 2074 αὐτὸν
726 2046 909 2074 πιστεύουσιν.

121 2091 179 2127 Ούχ
191 2091 277 2125 οὕτως
300 2090 346 2120 οὖν
369 2094 479 2129 εἴρηκεν
491 2095 506 2121 6
521 2095 617 2129 Σωτήρ
627 2102 633 2109 ·
650 2094 707 2121 ἀλλ’
720 2094 758 2125 ὡς
771 2094 811 2126 είς
829 2093 910 2120 αὑτὸν

969 897 1032 921 sunt
1047 903 1053 919 :
1071 893 1240 921 denuntiavit
1255 901 1363 929 quoque
1380 894 1451 923 Deus
1474 896 1588 924 dicens:
1609 907 1618 923 ι
1636 897 1694 932 Qua
1711 900 1754 927 die

968 939 1093 971 visitabo,
1108 939 1234 967 inducam
1255 947 1336 975 super
1353 947 1400 968 eos
1422 946 1563 976 peccatum
1578 949 1672 970 eorum
1690 944 1724 972 ".
1742 953 1751 970 ι

967 985 1035 1013 Nam
1052 985 1173 1021 quandiu
1194 985 1231 1013 illi
1248 985 1282 1013 ob
1303 986 1383 1021 panis
1403 991 1431 1015 et
1445 995 1523 1022 aquae
1539 989 1680 1023 penuriam
1702 991 1754 1019 ob-

968 1031 1185 1063 murmurabant,
1202 1030 1326 1059 homines
1337 1031 1480 1065 tolerabat,
1492 1033 1564 1061 haud
1579 1042 1656 1064 secus
1670 1043 1752 1071 quam

968 1076 1059 1104 nutrix
1080 1076 1219 1104 alumnum
1244 1085 1325 1105 suum
1345 1087 1352 1104 :
1373 1078 1418 1105 ubi
1444 1084 1534 1107 autem
1560 1081 1593 1108 ad
1620 1082 1752 1117 majorem

968 1123 1102 1150 insaniam
1117 1123 1264 1158 progressi,
1279 1128 1309 1151 ut
1324 1123 1415 1159 psallit
1437 1129 1531 1153 contra
1547 1134 1594 1154 eos
1616 1126 1751 1163 Spiritus:

971 1178 980 1195 ‹
997 1168 1169 1197 Mutaverunt
1186 1169 1298 1203 gloriam
1313 1177 1390 1198 suam
1405 1170 1433 1198 in
1455 1171 1659 1202 similitudinem
1675 1175 1752 1203 vituli

967 1215 1134 1243 comedentis
1152 1215 1244 1243 fenum
1259 1215 1303 1249 “;
1324 1225 1333 1242 ι
1352 1216 1408 1251 jam
1430 1224 1491 1245 cum
1513 1225 1570 1246 rem
1593 1218 1752 1256 indepreca-

967 1261 1048 1289 bilem
1061 1262 1120 1289 ausi
1135 1266 1237 1295 essent,
1254 1263 1375 1296 percussi
1390 1268 1464 1295 sunt,
1478 1268 1507 1291 ut
1519 1264 1556 1292 ait
1567 1264 1707 1301 Scriptura
1717 1267 1751 1302 “,

967 1307 1001 1335 ob
1014 1306 1176 1335 fabricatum
1193 1308 1318 1342 vitulum,
1333 1316 1413 1344 quem
1428 1310 1528 1338 fecerat
1543 1310 1645 1340 Aaron.

1003 1396 1046 1423 l7.
1066 1395 1166 1424 Eadem
1182 1400 1210 1424 et
1223 1404 1296 1425 nunc
1311 1397 1370 1425 ausi
1386 1397 1526 1433 Pharisaei,
1545 1401 1624 1429 talem
1641 1401 1722 1440 563
1735 1411 1750 1432 ο

967 1442 1083 1470 Domino
1097 1443 1247 1470 retulerunt
1259 1443 1471 1478 damnationem,
1486 1446 1592 1480 qualem
1609 1446 1752 1477 Beelzebul

966 1497 1047 1525 quem
1062 1489 1100 1516 illi
1117 1496 1213 1516 eorum
1229 1493 1367 1516 auctorem
1387 1490 1517 1525 suspicati
1532 1497 1604 1526 sunt,
1619 1493 1675 1528 jam
1692 1498 1750 1522 tum

967 1535 1061 1564 habuit
1075 1540 1102 1563 et
1117 1535 1213 1568 habet;
1229 1536 1266 1563 ita
1284 1539 1313 1563 ut
1326 1537 1376 1571 ipsi
1388 1544 1496 1572 quoque
1510 1538 1538 1565 in
1553 1539 1615 1575 igne
1628 1541 1662 1568 ab
1672 1546 1751 1569 aeter-

966 1582 1049 1610 nitate
1066 1581 1104 1609 illi
1120 1586 1271 1617 przeparato
1285 1589 1348 1610 cum
1362 1582 1422 1617 ipso
1434 1583 1593 1612 absumendi
1608 1585 1671 1613 sint.
1690 1585 1750 1614 Non

966 1628 1038 1657 enim
1055 1629 1113 1656 haec
1129 1628 1190 1656 ideo
1211 1628 1318 1656 locutus
1342 1632 1393 1661 est,
1413 1634 1442 1656 ut
1461 1629 1656 1665 blasphemiam
1671 1631 1699 1660 in
1720 1640 1750 1661 se

966 1675 1099 1711 prolatam
1127 1682 1189 1702 eum
1215 1674 1383 1709 blasphemia
1413 1675 1441 1702 in
1466 1675 1597 1710 Spiritum
1625 1682 1750 1707 sanctum

965 1721 1118 1752 conferret;
1136 1720 1214 1755 quasi
1231 1720 1350 1755 Spiritus
1366 1725 1478 1749 sanctus
1496 1729 1526 1751 se
1544 1723 1633 1759 major
1656 1730 1729 1753 esset
1740 1746 1749 1759 ,

965 1767 1080 1802 ideoque
1091 1767 1178 1802 majus
1192 1767 1295 1794 crimen
1310 1771 1383 1795 esset
1398 1767 1566 1802 blasphemia
1577 1769 1605 1797 in
1617 1769 1750 1805 Spiritum

965 1819 1088 1841 sanctum
1104 1821 1110 1839 :
1125 1813 1212 1840 absitl
1237 1812 1306 1840 Nam
1332 1817 1395 1841 ante
1415 1814 1545 1842 docuerat
1572 1816 1663 1844 omnia
1689 1825 1751 1852 quae

965 1860 1045 1888 Pater
1062 1859 1152 1892 habet,
1178 1858 1238 1886 Filii
1259 1866 1330 1893 esse,
1348 1864 1375 1887 et
1398 1867 1431 1887 ex
1455 1860 1525 1888 Filio
1542 1860 1672 1897 Spiritum
1689 1871 1750 1892 esse

966 1910 1149 1941 accepturum,
1162 1905 1306 1940 ipsumque
1319 1904 1450 1940 Spiritum
1465 1907 1675 1943 glorillcaturum
1688 1917 1750 1937 esse

964 1953 1076 1980 Filium.
1090 1951 1182 1986 Neque
1194 1951 1312 1986 Spiritus
1329 1951 1426 1980 Filium
1442 1953 1506 1987 dat;
1523 1954 1569 1982 sed
1587 1954 1672 1983 Filius
1687 1954 1749 1990 Spi-

964 1999 1046 2026 ritum
1069 1999 1171 2034 przebet
1189 1997 1342 2033 discipulis,
1368 2005 1400 2026 ac
1416 2006 1464 2034 per
1479 1999 1541 2028 illos
1556 2000 1590 2028 iis
1606 2001 1653 2035 qui
1671 2000 1698 2027 in
1719 2008 1749 2028 se

963 2046 1086 2074 credunt.
1100 2043 1159 2072 Non
1172 2051 1206 2072 eo
1221 2044 1313 2080 itaque
1327 2044 1419 2072 animo
1435 2045 1541 2074 loeutus
1553 2050 1596 2074 est
1609 2046 1746 2074 Salvator:

963 2093 1009 2121 sed
1026 2092 1105 2127 quasi
1122 2091 1291 2126 blasphemia
1306 2090 1333 2118 in
1352 2095 1500 2126 utrumque
1523 2092 1628 2127 prolata
1652 2092 1678 2120 in
1703 2100 1748 2120 se-

120 2137 165 2163 én‘
181 2138 344 2175 ἀμφοτέροις
357 2140 503 2176 γινομένης
515 2140 565 2176 τῆς
581 2140 753 2176 βλασφημίας
763 2161 770 2174 ,
790 2141 838 2167 καὶ
859 2139 909 2175 τῆς

966 2140 1051 2174 ipsum
1061 2140 1221 2169 recurreret,
1230 2141 1257 2164 et
1269 2136 1314 2164 illa
1328 2137 1428 2170 minor,
1437 2137 1488 2165 alia
1497 2137 1584 2174 major
1596 2142 1679 2172 esset,
1691 2138 1748 2166 hmo

155 2206 178 2221 "
198 2205 296 2235 Cenes.
311 2215 330 2240 I,
347 2209 373 2236 I.
417 2208 440 2224 “
460 2208 546 2237 Exod.
566 2210 693 2243 xxxn,4.

155 2286 211 2322 (3t)
231 2287 284 2322 Τοῦ
301 2290 363 2314 ante
376 2286 538 2319 Βεελζεδούλ
551 2287 626 2315 deest
640 2287 666 2314 in
685 2287 773 2319 editis.
797 2287 843 2314 sed
861 2287 909 2314 ha-

117 2321 198 2358 betur
215 2322 241 2358 in
259 2321 354 2358 Regio,
372 2322 435 2358 Seg.
449 2322 528 2358 Goblr.
549 2327 578 2350 et
600 2322 718 2350 Feldtm.
734 2324 833 2357 primo.
848 2322 910 2358 Mox

117 2357 145 2393 in
170 2357 273 2393 iisdem
297 2357 354 2384 haec
375 2358 484 2390 desunt,
499 2357 528 2390 ἐξ
544 2358 737 2393 ἁνάγκηςῗκαὶ
757 2357 843 2384 ταῦτα
862 2357 909 2384 τοῦ

117 2391 283 2453 Βὲελζείὶούλ
306 2397 416 2428 propter
439 2391 651 2428 ὁμοιοτέλευτονζ
677 2392 706 2420 ln
730 2393 825 2421 iisdem
846 2401 909 2420 mox

117 2435 130 2453 τ
162 2434 247 2453 (θεε.

115 2429 148 2453 τό
162 2429 247 2454 deest.

152 2461 210 2498 (δῇ)
232 2462 333 2498 Segius
345 2467 372 2489 et
389 2461 464 2497 Seg.,
479 2462 555 2498 παρὰ
565 2462 611 2489 τοῦ
627 2462 706 2491 Θεοῦ.

153 2497 210 2532 (55)
230 2497 411 2525 Gobleriauus
431 2502 458 2526 et
475 2497 594 2526 Felckm.
619 2499 735 2534 primus,
760 2498 904 2534 ἐπισκέψο-

118 2541 358 2576 “tum”.
429 2567 470 2576 νη
582 2574 586 2576 ,
640 2567 710 2576 τη...
755 2565 768 2576 ρ

153 2567 211 2628 (ΞΔ)
232 2567 278 2594 Sic
294 2567 395 2604 Regius
411 2574 438 2609 et
454 2567 516 2604 Seg.
533 2574 615 2596 recte.
640 2567 722 2600 Editi,
740 2567 827 2600 οὗτος.
842 2567 904 2596 Mox

116 2602 157 2639 ρο
177 2602 197 2639 l.
214 2607 242 2630 et
255 2602 373 2630 Felckm.
392 2611 507 2638 primus,
524 2604 748 2639 τροφρφορήσεις,
763 2604 901 2631 mendose.

116 2637 203 2664 Paulo
222 2642 290 2674 post
311 2639 377 2666 edit.
393 2637 531 2666 ’Connnel.
541 2637 570 2674 et
582 2637 700 2674 Felckm.
711 2639 729 2665 ‘2
746 2639 826 2670 male,
838 2639 905 2674 ἐμά-

115 2672 293 2709 νισανηίιιίτθ
313 2674 425 2708 Regius,
441 2674 504 2709 Seg.
517 2679 542 2700 et
556 2673 670 2709 Graecus
682 2672 903 2709 Scriptor-aedes-

116 2712 173 2739 tus,
188 2707 266 2740 δόξαν
277 2707 375 2735 αὐτῶν.
392 2707 561 2742 Ειιίιί,ὂόξαν
574 2708 667 2736 αὑτοῦ,
685 2707 763 2736 Gobl'.
783 2714 810 2736 et
829 2708 901 2737 Fele.

115 2743 234 2777 primus,
248 2743 326 2776 δόξαν
339 2743 386 2770 τοῦ
401 2743 480 2771 Θεοῦ.

152 2778 210 2811 (55)
230 2778 266 2804 T6
280 2780 353 2806 deest
365 2778 563 2806 iuGuhleriauo
581 2783 609 2806 et
625 2778 715 2806 Fclck.
731 2778 827 2813 primo.
839 2778 899 2806 Mox

116 2821 169 2848 pro
180 2813 384 2849 ἑπατάχθησαν,
398 2815 572 2850 Anglicanus,
590 2814 800 2850 ὲμαστίχθησαν.
826 2814 897 2842 Fele.

742 2210 764 2226 "
784 2209 848 2237 ibid.
862 2209 906 2237 54.
952 2208 975 2224 ⁶⁰
994 2206 1067 2235 Psal.
1087 2214 1130 2240 cv,
1147 2205 1192 2232 22.
1238 2205 1259 2221 ⁶¹
1280 2204 1366 2233 Exod.
1382 2213 1470 2239 uxtl,
1484 2206 1528 2234 55.

963 2294 1028 2329 vero
1033 2287 1179 2320 secundus,
1189 2286 1404 2323 ὲπεστάχθησαν.
1420 2287 1510 2316 Edilio
1524 2288 1670 2322 Commel.,
1680 2289 1745 2316 ἑπε-

962 2322 1122 2394 Ῐαῗὲἓῖῦὲο
1135 2356 1235 2394 Regius
1255 2361 1282 2385 et
1303 2357 1364 2393 Seg.
1378 2357 1414 2394 in
1430 2359 1509 2394 editis
1521 2359 1571 2394 τήν
1583 2358 1667 2386 deest.
1683 2359 1745 2388 Mox

962 2391 1095 2431 Begitiset
1107 2392 1181 2431 Seg.,
1195 2391 1265 2431 θίαν,
1278 2391 1459 2431 ηςςιὲεΕάῇιὶ,
1469 2393 1522 2431 eia.
1532 2391 1602 2431 Infra
1618 2399 1678 2431 past
1689 2395 1745 2431 πῦρ

962 2427 989 2464 in
1007 2426 1125 2464 Pclcltni.
1143 2426 1161 2453 2
1175 2431 1207 2464 et_
1218 2427 1244 2454 in
1255 2428 1348 2464 editis,
1364 2429 1471 2464 ἐκείνῳ.
1486 2429 1514 2456 In
1532 2429 1593 2456 aliis
1605 2426 1743 2463 omnibus,

961 2462 1058 2499 ἐκεῖνο.
1070 2461 1193 2499 Utraque
1199 2462 1280 2499 lectio
1295 2464 1431 2498 quadrare
1444 2461 1543 2498 potest,
1556 2464 1601 2491 sed
1615 2461 1746 2499 praestare

961 2497 1068 2542 yidetur
1084 2496 1167 2537 prior.
1184 2496 1246 2524 Mox
1260 2496 1321 2532 post
1335 2499 1394 2534 μετ’
1407 2496 1500 2526 αὑτοῦ.
1515 2496 1656 2534 Regius—et
1667 2500 1743 2536 Seg.,

959 2540 1117 2604 Ϋπῶῗῗὲῗὲ
1133 2567 1199 2602 Reg.
1217 2567 1278 2603 Seg.
1292 2567 1369 2596 Gobl.
1384 2573 1411 2596 et
1425 2568 1544 2598 Felckm.
1562 2570 1586 2596 ι.
1605 2569 1688 2604 Eum,
1703 2571 1743 2602 εἰς
1785 2550 1789 2555 ’

959 2602 1115 2672 έαῖέὲῒδίο
1127 2637 1238 2674 Regius,
1253 2637 1314 2674 σεε.
1335 2639 1439 2674 Anglic.
1455 2638 1534 2667 Gobl.
1551 2639 1670 2666 Felckm.
1686 2639 1742 2674 pri-

956 2671 1018 2700 mus
1033 2677 1060 2700 et
1073 2673 1137 2710 edit.
1153 2671 1252 2703 Paris..
1262 2671 1357 2708 in'qua
1373 2671 1462 2710 tamen
1477 2675 1552 2702 deest
1568 2671 1742 2710 βλασφημίας

953 2713 1015 2751 post
1031 2708 1192 2762 γινρμέὲηὲ,
1210 2709 1275 2736 edit.
1293 2709 1435 2762 Qomrn‘eli,
1453 2708 1601 2762 λεγημένης
1620 2708 1742 2762 βλασφη-

956 2751 1020 2762 ..ην
1037 2751 1104 2762 ηυγ
1190 2752 1237 2762 ven
1260 2753 1369 2762 ,ιηιηυα
1426 2753 1506 2762 "mm.
1520 2753 1552 2762 ..ε
1572 2753 1639 2762 nn...
1652 2753 1682 2762 ο..
1696 2753 1740 2762 π..-

955 2748 1020 2778 μίας
1037 2748 1112 2779 ταῦτ’
1128 2748 1248 2779 εἰρηκεν,
1260 2748 1370 2771 omissis
1386 2748 1553 2772 inlcrmediis
1572 2751 1682 2779 propter
1696 2753 1740 2771 re-

953 2779 1065 2819 petitam
1077 2778 1249 2814 βλασφημίας
1270 2788 1373 2808 vocem.
1389 2780 1490 2808 Ibidem
1514 2778 1608 2814 Basil.,
1625 2778 1739 2808 τοιαῦτα

951 2822 1071 2849 ειρηγεν.
