1974 3037
99 97 156 126 665

651 94 825 122 EPISTOLA
839 93 872 121 IV
893 93 939 120 AD
961 92 1188 122 SEIIAPIONEM.

1674 93 1727 122 666

101 163 177 191 ματα
186 154 237 180 οὐκ
252 153 309 180 ἔστι
323 153 561 188 δαιμονιζομένου·
580 152 616 187 μὴ
629 152 767 186 δαιμόνιον
781 152 888 178 δύναται

943 153 1064 179 monium
1087 157 1175 187 potest
1190 159 1323 179 caecorum
1340 151 1435 179 oculos
1452 151 1558 186 aperire
1572 151 1612 177 "‘2
1626 159 1635 176 ι
1655 149 1727 178 Pha-

99 199 212 234 ’.τυφλῶν
240 199 392 234 ὀφθαλμοὺς
421 199 554 232 ἀνοίγειν;
576 207 585 224 ι
617 199 641 224 ol
664 198 692 224 δὲ
717 198 887 232 νομιζόμενοι

101 245 181 280 ἁδροὶ
195 245 242 271 τοῦ
252 245 343 279 νόμου,
357 245 381 271 οἱ
395 245 546 280 Φαρισαῖοι,
559 244 583 270 οἱ
601 243 637 270 τὰ
662 243 802 279 κράτπεδα
822 244 888 270 πλα-

101 290 240 321 τύνοντες,
253 290 299 316 καὶ¹
315 289 501 324 κομπάζοντες
526 289 563 321 ὡς
587 289 667 315 πλέον
680 297 706 314 τι
729 289 782 315 τῶν
801 289 888 316 ἄλλων

100 335 292 369 γινώσκοντες,
312 335 365 361 οὐδ’
382 334 467 366 οὕτως
480 335 639 370 ᾐσχύνοντο·
659 334 730 361 κατὰ
739 335 767 360 δὲ
787 334 817 360 τὺ
841 343 888 368 γε-

102 381 274 416 γραμμένον,
291 381 367 407 ἔθυον
385 382 409 407 οἱ
426 381 538 412 τάλανες
548 381 678 416 δαιμονίῳ
695 381 742 408 καὶ
767 381 796 407 οὐ
817 380 886 415 Θεῷ,

100 427 227 461 λέγοντες
247 427 383 462 δαιμόνιον
399 427 470 463 ἔχειν
481 427 525 454 τὸν
542 427 658 463 Κύριον,
682 427 729 453 καὶ
754 426 887 462 δαιμόνων

101 470 173 500 εἶναι
187 473 223 500 τὰ
233 473 280 499 τοῦ
296 473 363 499 Θεοῦ
377 473 455 508 ἔργα.
473 474 610 508 Ἕπασχον
625 473 654 499 δὲ
674 472 752 499 τοῦτο
767 473 799 499 δι’
813 473 888 499 οὐδὲν

101 518 207 554 ἕτερον,
225 519 241 554 ἦ
257 519 299 545 ἵνα
320 519 398 554 μόνον
412 519 580 554 ἁρνήσωνται
592 519 637 545 τὸν
654 518 741 545 ταῦτα
761 519 888 545 ποιοῦντα

102 564 170 591 Θεὸν
186 561 267 595 εἶναι,
286 563 387 590 καὶτοῦ
401 563 467 590 Θεοῦ
485 564 558 590 Υἰόν.
573 564 604 590 Εἰ
621 563 675 598 γὰρ
687 564 716 589 τὸ
729 563 828 590 ἐσθίειν
842 563 888 589 καὶ

100 609 150 636 τοῦ
166 608 292 644 σώματος
307 610 323 644 ή
339 609 400 643 ὄψις
414 609 550 635 ἐδείκνυεν
565 609 645 635 αὑτὸν
667 609 713 636 καὶ
736 609 886 644 ἄνθρωπον,

100 653 146 680 διὰ
157 654 183 680 τί
199 654 235 689 μὴ
247 654 279 680 ἐκ
290 653 343 680 τῶν
364 654 452 690 ἔργων
476 653 607 689 ἐθεώρουν
623 654 702 680 αὑτὸν
721 651 790 681 εἶναι
807 655 835 680 ὲν
850 654 888 689 τῷ

101 701 202 736 Πατρὶ,
214 700 314 727 καὶτὸν
330 700 439 736 Πατέρα
453 701 481 726 ὲν
496 700 587 735 αὑτῷς
616 699 684 726 ’Λλλ’
707 701 756 726 οὐκ
777 700 870 735 ἤθελον
880 709 886 715 ·

102 746 204 781 μᾶλλον
219 747 248 772 δὲ
261 747 337 773 αὐτοὶ
347 747 393 773 τὸν
408 746 571 778 Βεελζεῦοὺλ
583 745 655 782 εἶχον
672 747 701 773 ἐν
711 747 816 778 ἑαυτοῖς
832 747 887 782 (5i)

101 792 298 828 φθεγγόμενον,
311 793 347 825 ὡς
358 794 389 820 ὲκ
404 793 453 828 μὲν
474 793 528 819 τῶν
548 793 725 828 ἀνθρωπίνων
745 793 888 828 ἄνθρωπον

101 839 184 866 αὐτὸν
201 839 280 874 μόνον
291 839 450 874 ὀνομάζεινο
468 840 500 866 ὲκ
513 839 541 865 δὲ
560 838 613 865 τῶν
625 839 723 874 ἔργων,
740 839 758 866 ἆ
777 837 811 875 ἢν
835 840 888 867 ἴδια

100 882 181 915 Θεοῦ,
196 884 294 918 μηκέτι
308 884 374 910 Θεὸν
385 884 466 911 αὐτὸν
482 884 631 919 ὁμολογεῖν,
653 885 720 911 ἀλλὰ
739 885 784 912 τὸν
801 887 828 912 ὲν
843 886 890 912 αῦ-

100 931 158 960 τοῖς
175 929 336 962 Βεελζεόοὺλ
348 930 404 956 ἀντ’
422 930 525 957 ἐκείνου
541 930 682 963 θεοποιεῖν,
700 931 744 958 ἵνα
754 932 801 958 σὺν
816 931 890 966 αὐτῷ

100 975 195 1012 λοιπὸν
211 976 326 1008 αἱωνίως
341 976 396 1011 (52)
415 977 443 1002 ὲν
459 976 498 1012 τῷ
509 977 576 1012 πυρὶ
589 976 765 1008 κολάζωνται.

139 1020 182 1047 I9.
200 1021 254 1047 Kal.
264 1020 332 1055 αὐτὴ
344 1020 373 1046 δὲ
386 1021 459 1055 ἡτοῦ
473 1021 686 1057 ἁναγνώσματος
701 1022 889 1058 παρατήρησις

99 1066 230 1102 τοιαύτην
246 1066 364 1101 ἕμφασίν
379 1075 440 1093 τινα
456 1066 511 1102 (55)
528 1067 658 1102 παρέχειν
679 1076 724 1102 μοι
743 1068 825 1100 δοκεῖ,
843 1068 889 1094 καὶ

99 1112 232 1139 δεικνύειν
247 1113 286 1144 εἰς
302 1113 383 1139 αὑτὸν
398 1112 507 1147 φθάνειν
523 1113 678 1148 ἀμφοτέρας
696 1113 745 1145 τὰς
769 1113 889 1148 βλασφη-

101 1159 179 1193 μίας,
194 1158 318 1194 καὶπερὶ
333 1158 428 1185 ἑαυτοῦ
445 1159 583 1194 εἰρηκέναι
604 1159 645 1190 τὸ,
665 1168 674 1185 ι
697 1159 759 1190 Υἱὸς
783 1159 887 1195 ἀνθρώ-

99 1212 164 1235 που,
186 1214 195 1229 ι
211 1204 256 1230 καὶ
269 1203 310 1236 τὸ,
331 1213 340 1229 ι
358 1205 470 1240 Πνεῦμα
480 1213 486 1219 ·
506 1214 515 1230 ›
533 1205 565 1230 ἶν’
580 1205 612 1231 ἐκ
624 1205 717 1231 τούτου
730 1205 778 1239 μὲν
794 1205 824 1231 τὺ
837 1213 889 1231 σω-

102 1249 217 1285 ματικὸν
230 1249 325 1276 ἑαυτοῦ
336 1249 421 1286 δείξῃ,
438 1251 470 1276 ὲκ
481 1250 509 1276 δὲ
522 1251 567 1277 τοῦ
583 1251 736 1287 πνεύματος
748 1252 797 1288 τὴν
809 1261 888 1279 πνευ-

103 1294 219 1330 ματικὴν
241 1295 338 1321 ἑαυτοῦ
366 1296 413 1322 καὶ
438 1296 534 1332 νοητὴν
555 1298 603 1323 καὶ
629 1297 814 1334 ἀληθεστάτην
833 1299 887 1334 (Si)

101 1340 216 1376 θεότητα
239 1341 357 1377 δηλώσῃ.
374 1342 427 1368 Καὶ
440 1342 535 1378 γὰρτὸ
558 1344 606 1378 μὲν
629 1343 720 1371 λαϐεῖν
741 1344 888 1380 δυνάμενον

101 1385 267 1420 συγγνώμην
283 1387 329 1412 ἐπὶ
344 1387 390 1413 τοῦ
411 1387 477 1413 Tia-3
498 1387 545 1413 τοῦ
567 1387 711 1423 ἀνθρώπου
735 1389 886 1422 συνέταξεν,

101 1431 145 1457 ἵνα
154 1432 184 1458 τὸ
194 1433 346 1466 σωματικὸν
356 1432 448 1459 ἑαυτοῦ
462 1434 570 1471 σημάνῃ
578 1443 584 1449 ⁸
601 1434 649 1471 τὴν
660 1435 687 1461 δὲ
699 1435 887 1470 ὰσύγγνωστον

938 199 1010 226 τίειιίί
1034 203 1124 226 autem
1147 198 1195 232 qui
1220 197 1287 233 legis
1309 197 1466 232 peritissimi
1488 197 1664 232 putabantur,
1678 196 1726 231 qui

939 245 1061 272 ﬁmbrias
1076 244 1224 272 dilatabant
1234 264 1242 276 ,
1258 248 1286 271 et
1297 243 1496 278 gloriabantur,
1512 243 1590 277 quasi
1604 243 1664 277 plus
1677 242 1727 269 ali-

939 291 1002 325 quid
1016 291 1120 318 czeteris
1143 291 1259 322 scirent,
1279 297 1312 316 ne
1332 289 1368 316 ita
1385 289 1493 324 quidem
1513 289 1656 321 erubuere,
1677 289 1726 315 sed

939 344 968 364 ut
991 338 1120 372 scriptum
1145 341 1186 364 est
1199 356 1207 369 ,
1237 336 1416 363 immolabant
1437 335 1528 362 miseri
1549 335 1681 362 daemonio
1699 340 1727 362 et

939 390 992 409 non
1011 382 1064 409 Deo
1077 382 1109 414 το,
1126 382 1246 409 dicentes
1267 381 1411 408 Dominum
1430 381 1529 408 habere
1551 381 1724 413 diemonium,

938 433 965 454 et
978 428 1023 455 Dei
1039 435 1118 462 opera
1143 428 1296 454 daemonum
1320 435 1390 454 esse.
1407 426 1440 454 Et
1456 427 1508 454 hoc
1529 427 1602 454 nulla
1622 427 1675 454 alia
1692 427 1726 454 de

939 482 1031 506 causa,
1049 481 1130 508 quam
1147 478 1177 501 ut
1194 478 1323 508 negarent
1336 473 1420 500 Deum
1437 481 1506 505 esse,
1523 477 1549 500 et
1563 472 1609 500 Dei
1626 473 1725 501 Filium

939 520 985 554 qui
1006 520 1063 547 luce
1083 524 1182 554 ageret.
1201 518 1229 545 Si
1243 519 1315 545 enim
1330 519 1463 546 comestio
1479 519 1636 554 speciesque
1661 526 1724 546 cor—

938 565 1022 600 poris,
1038 573 1099 592 eum
1114 567 1195 592 etiam
1214 565 1352 591 hominem
1376 572 1436 592 esse
1463 565 1627 597 declarabat,
1642 573 1726 600 quare

938 620 992 638 non
1005 619 1036 638 ex
1051 611 1178 646 operibus
1194 610 1404 644 perspiciebant,
1417 611 1504 645 ipsum
1519 610 1546 637 in
1559 610 1640 638 Patre
1653 619 1725 644 esse,

938 660 965 682 et
980 654 1086 682 Patrem
1102 654 1129 681 in
1152 654 1230 688 ipso?
1245 654 1326 688 Atqui
1351 655 1375 681 id
1397 654 1524 681 nolebant
1541 655 1589 687 illi,
1606 655 1662 682 imo
1677 663 1727 690 po-

940 701 994 728 tius
1011 701 1100 736 ipsum
1117 700 1304 728 Beelzebulem
1320 700 1456 727 habebant
1470 701 1495 727 in
1515 708 1544 727 se
1559 701 1726 734 loquentem,

939 751 968 773 ut
980 755 1011 773 ex
1024 747 1150 774 humanis
1165 755 1225 773 eum
1238 746 1374 774 hominem
1387 746 1518 773 duntaxat
1531 751 1675 779 vocarent;
1692 754 1726 774 ex

939 792 1067 827 operibus
1079 797 1181 825 autem,
1195 800 1255 827 quin
1270 792 1317 819 Dei
1335 792 1443 827 propria
1456 797 1544 825 erant,
1561 800 1614 819 non
1631 791 1726 819 itidem

940 839 1015 866 illum
1038 847 1098 867 esse
1114 839 1198 866 Deum
1221 839 1425 870 conﬁterentur,
1442 838 1488 866 sed
1508 846 1556 873 pro
1572 846 1604 865 eo
1618 838 1727 866 Beelze—

939 885 1028 911 bulem
1042 885 1069 912 in
1084 885 1181 919 seipsis
1197 885 1364 912 habitantem
1377 884 1459 911 Deum
1475 885 1605 918 facerent,
1623 890 1652 912 ut
1663 893 1726 913 cum

940 930 986 957 illo
1000 930 1108 958 tandem
1123 936 1254 958 aeternum
1273 931 1336 966 igne
1351 931 1549 959 cruciarentur.

976 1019 1018 1046 I9.
1049 1019 1120 1052 Quin
1140 1024 1167 1047 et
1194 1021 1252 1055 ipsa
1283 1020 1407 1048 lectionis
1435 1021 1590 1048 observatio
1620 1022 1726 1049 videtur

939 1066 1005 1093 mihi
1024 1066 1103 1093 talem
1118 1067 1263 1101 quamdam
1278 1068 1441 1095 sententiam
1456 1067 1594 1101 exhibere,
1610 1073 1637 1095 et
1654 1068 1724 1096 indi-

939 1121 1002 1140 care
1021 1118 1166 1146 utramque
1183 1112 1379 1147 blasphemiam
1393 1113 1426 1139 ad
1447 1112 1536 1147 ipsum
1553 1113 1704 1148 pertingere
1716 1135 1724 1147 ,

938 1164 964 1186 et
981 1159 1014 1186 de
1036 1159 1126 1193 seipse
1151 1158 1226 1185 illum
1249 1158 1360 1190 dixisse,
1378 1167 1386 1183 ι
1407 1157 1492 1185 Filius
1508 1159 1637 1189 hominis,
1655 1168 1664 1184 ι
1683 1163 1729 1193 εἰ,

941 1214 950 1230 ι
972 1204 1089 1239 Spiritus
1103 1214 1109 1231 :
1127 1213 1136 1229 ι
1155 1208 1184 1230 ιιι
1199 1212 1232 1231 ex
1249 1203 1313 1236 illo,
1330 1211 1390 1238 quae
1405 1211 1505 1238 corpus
1523 1211 1601 1230 suum
1618 1207 1725 1238 specta-

937 1255 1013 1283 rent;
1040 1258 1073 1277 ex
1094 1250 1190 1284 spiritu
1209 1257 1274 1276 vero
1291 1249 1459 1284 spiritualem
1481 1256 1558 1276 suam
1586 1253 1612 1276 et
1626 1249 1724 1276 intelli-

939 1296 1047 1330 gibilem
1065 1296 1293 1329 verissimamquc
1312 1295 1481 1322 divinitatem
1502 1295 1663 1322 declararet.
1681 1295 1726 1322 Si-

937 1342 1045 1376 quidem
1064 1341 1100 1371 id.
1116 1342 1149 1368 de
1162 1349 1217 1376 quo
1237 1341 1314 1367 venia
1331 1340 1446 1367 obtineri
1462 1344 1560 1375 potest,
1578 1340 1610 1367 ad
1625 1339 1725 1367 Filium

938 1387 1056 1414 hominis
1068 1387 1170 1417 retulit,
1189 1391 1217 1413 ut
1231 1394 1360 1421 corpOrca
1377 1393 1426 1412 sua
1441 1385 1606 1420 signiliearet
1620 1394 1627 1412 :
1648 1386 1724 1413 blas-

937 1434 1072 1468 phemiam
1096 1438 1186 1460 autem
1210 1441 1264 1459 non
1289 1432 1496 1463 remittendam,
1536 1433 1569 1459 ad
1594 1431 1726 1467 Spiritum

101 1477 274 1513 βλασφημίαν
291 1480 330 1510 εξς
342 1479 372 1505 τὸ
387 1479 500 1514 Πνεῦμα
515 1479 627 1514 φθάνειν
640 1481 806 1516 δεδήλωκεν·
832 1481 885 1514 ἵνα,

941 1478 1088 1513 pertingere
1101 1478 1267 1505 declaravit:
1287 1481 1326 1510 ut,
1347 1477 1411 1503 dum
1428 1477 1462 1503 ad
1482 1476 1661 1503 (liﬂerentiam
1682 1478 1726 1504 sui

100 1524 169 1558 πρὸς
182 1523 384 1559 ἁντιδιαστολὴν
397 1524 443 1550 τοῦ
461 1525 615 1560 σωματικοῦ
626 1525 704 1552 τοῦτο
719 1526 774 1560 (55)
791 1525 887 1560 λέγων,

99 1569 150 1604 τὴν
164 1569 260 1595 ἑαυτοῦ
279 1569 392 1604 θεότητα
407 1570 491 1605 δείξῃ.
505 1570 603 1597 Τοῦτον
618 1570 646 1597 δὲ
663 1571 708 1597 τὸν
729 1571 888 1606 χαρακτῆρα

101 1614 150 1640 καὶ
162 1615 190 1641 ἐν
203 1614 244 1650 τῷ
256 1615 327 1641 κατὰ
355 1615 480 1651 Ἰωάννην
497 1616 653 1650 Εὐαγγελίῳ
677 1616 800 1652 ἑώρακα·
823 1618 889 1651 ὀπη-

100 1660 175 1691 νίκα,
192 1661 255 1696 περὶ
269 1662 317 1696 τῆς
327 1661 374 1688 τοῦ
394 1661 518 1696 σώματος
540 1662 665 1697 βρώσεως
691 1662 887 1697 διαλεγόμενος,

99 1706 150 1732 καὶ
161 1705 204 1732 διὰ
215 1706 292 1732 τοῦτο
305 1707 417 1738 πολλοὺς
427 1707 556 1742 ἐιιιρακὼς
567 1708 629 1739 τοὺς
638 1708 887 1739 σκανδαλισθέντας,

101 1752 185 1786 φησὶν
212 1753 226 1778 ὁ
248 1752 365 1787 Κύριος
389 1762 398 1778 ι
418 1753 502 1780 Τοῦτο
519 1754 589 1789 ὑμᾶς
606 1753 794 1786 σκανδαλίζει;
826 1754 888 1780 Ἐὰν

99 1795 148 1824 οἷον
174 1797 294 1833 θεωρῆτε
316 1798 370 1834 (56)
388 1799 431 1825 τὸν
448 1799 511 1825 Υἱὸν
532 1799 578 1825 τοῦ
605 1799 746 1835 ἀνθρώπου
777 1799 888 1826 ἀναϐαί-

99 1851 192 1875 νοντα,
212 1844 278 1870 ὅπου
304 1841 338 1879 ἦν
362 1844 392 1870 τὸ
416 1845 562 1880 πρότερον;
594 1845 630 1871 Τὸ
646 1845 757 1880 Πνεῦμα
780 1846 836 1872 tm
859 1846 890 1872 τὸ

100 1888 265 1921 ζωοποιοῦν·
283 1891 299 1925 ή
317 1889 384 1926 σὰρξ
400 1891 449 1917 οὐκ
466 1891 564 1925 ὡφελεῖ
580 1891 665 1918 οὐδέν.
683 1891 722 1918 Τὰ
740 1892 849 1927 ῥήματα
871 1891 889 1918 ἃ

100 1932 158 1966 ἐγὼ
171 1933 305 1968 λελάληκα
319 1935 392 1969 ὑμῖν,
408 1934 515 1970 πνεῦμά
529 1937 585 1961 ἐστι
599 1937 645 1962 καὶ
659 1935 727 1971 ζωή.
746 1946 755 1961 ι
772 1935 825 1962 Καὶ
843 1937 887 1962 ὲν-

100 1977 190 2004 ταῦοα
206 1978 260 2013 γὰρ
275 1978 415 2014 ἀμφότερα
428 1979 492 2014 περὶ
503 1978 599 2005 ἑαυτοῦ
613 1979 718 2014 εἴρηκε,
735 1979 823 2013 σάρκα
842 1979 889 2005 καὶ

101 2022 213 2057 πνεῦμα
225 2023 279 2059 (57)
292 2032 299 2039 ·
312 2024 359 2050 καὶ
377 2025 407 2050 τὸ
427 2024 534 2060 πνεῦμα
546 2025 613 2060 πρὸς
628 2025 658 2051 τὸ
668 2024 738 2051 κατὰ
753 2025 841 2060 σάρκα
852 2025 890 2051 δι-

101 2068 232 2101 έπειλεν,
248 2069 290 2095 ἵνα
318 2070 354 2105 μὴ
370 2070 449 2105 μόνον
466 2071 496 2096 τὸ
518 2071 689 2106 φαινόμενον,
716 2071 783 2097 ἀλλὰ
797 2071 844 2097 καὶ
860 2071 890 2097 τὸ

99 2116 218 2151 ἀόρατον
237 2116 318 2142 αὑτοῦ
341 2117 534 2149 πιατεύσαντες
555 2118 691 2153 μάθωσιν,
711 2119 751 2144 ὅτι
771 2119 817 2144 καὶ

940 1525 1060 1559 corporis
1078 1525 1135 1551 hiec
1160 1524 1271 1557 diceret,
1295 1531 1373 1551 suam
1394 1523 1562 1550 divinitatem
1585 1531 1726 1551 common-

940 1574 1047 1598 straret.
1072 1569 1146 1596 IIanc
1174 1573 1264 1597 autem
1292 1570 1420 1604 loquendi
1449 1569 1563 1596 formam
1590 1570 1672 1597 etiam
1697 1570 1725 1596 in

942 1615 1084 1649 Evangelio
1101 1614 1250 1642 secundum
1267 1613 1399 1642 Joannem
1418 1615 1597 1641 animadverti
1611 1623 1617 1640 :
1633 1615 1677 1642 ubi
1692 1615 1726 1642 de

940 1662 1061 1696 cci-poris
1077 1669 1125 1688 esu
1143 1661 1290 1691 disserens,
1306 1665 1485 1695 aepropterea
1499 1661 1597 1689 multos
1611 1661 1726 1688 scanda-

939 1708 1034 1734 lizatus
1051 1706 1146 1733 videns
1158 1727 1165 1739 ,
1191 1707 1229 1732 ait
1251 1705 1402 1733 Dominus:
1423 1715 1432 1732 ι
1450 1704 1508 1732 IIoc
1525 1713 1572 1734 vos
1590 1706 1725 1733 scandali-

939 1752 1001 1779 zat?
1018 1751 1046 1778 Si
1061 1759 1124 1786 ergo
1141 1751 1261 1778 videritis
1283 1751 1381 1778 Filium
1399 1752 1516 1779 hominis
1534 1753 1724 1779 ascendentem

940 1798 984 1825 ubi
1003 1801 1060 1825 erat
1074 1798 1168 1832 prius?
1186 1798 1304 1832 Spiritus
1317 1802 1358 1825 est
1373 1798 1419 1832 qui
1433 1798 1550 1825 viviiicat
1566 1806 1572 1824 :
1592 1806 1655 1825 caro
1669 1805 1724 1825 non

939 1845 1048 1879 prodest
1064 1844 1222 1879 quidquam.
1241 1843 1328 1871 Verba
1347 1852 1407 1878 quae
1422 1852 1472 1879 ego
1485 1844 1592 1877 locutus
1606 1852 1666 1872 sum
1681 1852 1726 1872 vo-

938 1891 991 1922 bis,
1004 1891 1115 1926 spiritus
1127 1895 1154 1917 et
1166 1891 1218 1917 vita
1232 1896 1295 1918 sunt
1306 1891 1339 1918 '”.
1360 1901 1369 1916 ι
1386 1890 1452 1917 Nam
1469 1891 1512 1918 hic
1527 1891 1607 1918 etiam
1621 1895 1725 1918 utrum-

939 1945 992 1971 que
1008 1937 1041 1964 de
1057 1944 1086 1963 se
1100 1936 1178 1968 dixit,
1191 1944 1301 1964 carnem
1318 1941 1346 1963 et
1360 1937 1485 1970 spiritum
1502 1946 1508 1963 :
1525 1941 1552 1963 et
1570 1936 1693 1971 spiritum
1709 1945 1724 1964 a

919 1988 1020 2007 .carne
1041 1980 1175 2013 distinxit,
1199 1985 1230 2007 ut
1252 1988 1306 2007 non
1328 1981 1416 2009 solum
1441 1981 1513 2016 quod
1531 1985 1652 2016 apparet,
1677 1981 1724 2008 sed

940 2027 1022 2054 etiam
1037 2027 1109 2061 quod
1126 2027 1262 2054 invisibile
1275 2026 1333 2061 ejus
1349 2032 1391 2054 est
1406 2027 1557 2059 credentes,
1571 2027 1725 2059 discerent,

939 2081 971 2100 ea
988 2081 1048 2107 qua:
1063 2073 1120 2107 ipse
1140 2073 1296 2106 loqueretur
1316 2080 1368 2099 non
1388 2080 1446 2099 esse
1461 2072 1591 2105 carnalia,
1607 2072 1654 2099 sed
1670 2072 1726 2106 spi-

940 2119 1060 2146 ritu-alia.
1078 2119 1160 2154 568
1172 2118 1244 2152 Quot
1264 2119 1335 2145 enim
1358 2118 1515 2146 hominibus
1537 2126 1636 2153 corpus
1658 2118 1726 2146 satis

99 2162 119 2188 δι
138 2161 212 2196 λέγει
235 2163 285 2189 οὐκ
297 2163 353 2189 ἔστι
372 2164 498 2200 σαρκικὰ,
515 2164 582 2191 ἀλλὰ
595 2164 775 2200 πνευματικά.
793 2165 888 2195 Πόσοις

941 2170 1012 2193 esset
1025 2165 1057 2191 ad
1071 2172 1147 2191 esum
1160 2186 1167 2198 ,
1185 2169 1214 2191 ut
1231 2165 1296 2191 illud
1314 2165 1396 2191 totius
1410 2164 1504 2190 mundi
1520 2164 1595 2191 ﬁeret
1609 2164 1725 2191 alimen-

101 2207 158 2243 γὰρ
175 2208 253 2243 ἤρκει
265 2209 295 2235 τὸ
312 2209 390 2244 σῶμα
403 2210 472 2245 πρὸς
488 2210 598 2246 βρῶσιν,
609 2211 651 2237 ἵνα
662 2210 709 2237 καὶ
723 2210 769 2237 τοῦ
786 2210 887 2245 κόσμον

101 2254 203 2285 παντὸς
211 2254 287 2281 τοῦτο
301 2255 386 2291 τροφὴ
400 2256 512 2292 γένηται
523 2265 530 2289 ;
553 2256 632 2283 Ἀλλὰ
643 2257 686 2283 διὰ
700 2256 778 2283 τοῦτο
791 2257 840 2291 τῆς
850 2257 890 2287 εἰς

139 2324 161 2339 ⁶⁹
181 2323 261 2351 Joan.
278 2332 305 2356 χ,
320 2324 364 2352 21.
404 2325 427 2341 ⁷ο
446 2325 525 2352 Deut.
547 2332 634 2357 xxx",
652 2325 694 2351 I7.

101 2402 172 2430 Ibid.
186 2403 288 2439 Regius
296 2408 327 2439 et
338 2403 428 2435 Gobl.,
444 2403 518 2439 παρὰ
537 2403 582 2430 τοῦ
598 2403 712 2439 Κυρίου.

141 2439 198 2473 (ΞΗ)
220 2438 266 2465 Sic
279 2438 393 2474 inegins
419 2447 499 2473 quem
517 2439 666 2473 sequimur.
690 2438 891 2474 Segqéauzqig.

103 2473 208 2500 omisso
223 2475 261 2500 ὲν.
278 2473 348 2500 Editi
361 2477 388 2501 et
405 2474 462 2505 alii,
478 2475 506 2500 ὲν
521 2474 621 2504 αὐτοῖς.
640 2473 706 2500 Ibid.
722 2473 831 2507 Iiegius,
843 2473 891 2499 Se-

104 2516 182 2543 guer.
200 2508 295 2539 Basil.,
309 2508 356 2540 ὥς.
382 2508 451 2536 Editi
473 2513 500 2535 et
515 2509 614 2539 caeteri,
631 2508 678 2539 ὡς.
699 2508 768 2535 Infra
791 2508 890 2543 Regius

103 2542 130 2569 ιιι
156 2543 349 2576 Seguerianus,
378 2543 430 2570 ἴδια
455 2543 533 2570 Θεοῦ.
552 2543 622 2570 Editi
646 2547 674 2570 et
690 2543 745 2574 alii,
768 2543 820 2570 ἴδια
835 2542 892 2569 τοῦ

103 2577 185 2604 Θεοῦ»

142 2613 199 2648 (52)
221 2612 316 2646 Basil.,
332 2614 447 2641 αἰωνίων
463 2613 539 2649 mgf.
558 2613 712 2647 Anglicum,
730 2612 844 2644 αἱωνίως
854 2612 892 2648 τῷ

104 2657 184 2674 num.

142 2673 198 2717 (εδ)
217 2682 245 2708 In
263 2683 341 2710 c.th
358 2688 384 2710 et
398 2683 517 2710 Felekm.
534 2683 623 2717 primo
638 2691 697 2709 τινα
710 2682 794 2709 deest.
809 2683 891 2710 Iidem

105 2726 170 2744 mox
193 2718 348 2754 ἀμφοτέρας
371 2719 466 2744 ἑαυτὸν
483 2718 602 2754 φθάνειν,
629 2719 731 2754 omisso
755 2717 890 2754 siguMox

105 2753 249 2788 IIegiusrct
265 2752 337 2788 Seg,
355 2755 418 2788 περὶ
439 2752 530 2780 αὐτοῦ.
548 2753 614 2780 Ibid.
638 2752 717 2780 iidem
734 2760 795 2779 eum
810 2752 886 2780 Cobl.

104 2794 130 2817 et
148 2787 268 2815 Felckm.
291 2787 396 2823 primo,
408 2788 438 2815 τὸ
448 2789 504 2820 υἱὸς
519 2788 673 2825 ἀνθρώπου,
688 2792 769 2816 recte.
786 2788 815 2815 In
832 2788 887 2818 G0-

942 2210 1021 2236 tum?
1036 2209 1089 2236 Sed
1102 2209 1162 2236 ideo
1173 2210 1295 2236 meminit
1307 2209 1474 2236 ascensionis
1490 2209 1549 2236 Filii
1568 2209 1686 2236 hominis
1697 2209 1725 2236 in

943 2256 1041 2283 cmlum
1052 2276 1059 2289 ,
1076 2259 1104 2282 nt
1119 2263 1134 2282 a
1150 2255 1284 2290 corporali
1302 2255 1464 2290 cogitatione
1479 2255 1552 2290 ipsos
1566 2255 1724 2288 retraheret,

733 2325 754 2340 ⁷³
774 2323 853 2352 Joan.
870 2331 906 2356 γι,
921 2322 1013 2351 (32—64.

942 2402 1062 2429 bleriano
1079 2409 1104 2429 ei
1120 2401 1239 2429 Felckm.
1258 2401 1356 2436 primo,
1369 2401 1416 2426 τοῦ
1429 2401 1527 2436 legitur
1543 2405 1606 2427 ante
1620 2399 1726 2436 ἀνθρώ-

941 2446 1005 2464 που.

980 2472 1034 2507 (54)
1054 2472 1165 2507 Regius,
1184 2472 1245 2507 Seg.
1264 2475 1291 2498 et
1304 2470 1424 2507 Felgkm,
1442 2470 1557 2507 primus,
1572 2469 1670 2505 ἀληθῆ.

990 2508 1034 2540 55)
1057 2505 1103 2534 Sic
1118 2505 1259 2540 Regius‘et
1274 2506 1335 2540 Seg.
1352 2505 1432 2536 Editi,
1444 2505 1549 2531 τούτου.

979 2539 1033 2577 (56)
1054 2543 1099 2569 Sic
1116 2539 1216 2575 Regius
1227 2546 1259 2577 ret
1276 2541 1349 2577 Seg.;
1368 2541 1446 2577 (lubt.
1465 2545 1552 2577 autem
1564 2544 1593 2577 et
1606 2539 1724 2577 Felckm.

941 2574 1056 2611 primos.
1071 2574 1207 2611 θεωρεῖτε.
1226 2576 1286 2602 Mox
1306 2576 1483 2601 ἀναϐαίνοντα
1495 2575 1571 2602 deest
1588 2576 1614 2601 in
1630 2574 1725 2610 Regio,

943 2612 1004 2647 Seg.
1022 2613 1100 2638 Gobl.
1115 2617 1141 2638 et
1153 2611 1272 2638 Felckm.
1289 2611 1384 2647 primo.

978 2645 1033 2680 (5'7)
1055 2647 1148 2678 Iidem,
1166 2646 1233 2681 σὰρξ
1245 2646 1292 2672 καὶ
1308 2645 1425 2681 πνεῦμα.

980 2678 1035 2717 (58)
1057 2683 1157 2716 Regius
1171 2678 1291 2715 et'Seg.,
1310 2678 1449 2717 μαοώμεν.
1465 2679 1531 2717 Ibid.
1546 2679 1592 2706 καί
1605 2679 1679 2717 deest
1696 2678 1725 2706 in

944 2715 1063 2744 Gobllet
1076 2715 1194 2744 Fclckm.
1211 2717 1308 2750 primo.
1330 2715 1386 2742 lIoc
1403 2716 1463 2742 loco
1480 2715 1627 2742 abutuntur
1649 2715 1724 2741 hete-

943 2753 1050 2784 rodoxi,
1077 2752 1122 2786 qui
1146 2759 1178 2778 ex
1197 2750 1337 2777 Athanasii
1361 2751 1451 2777 verbis
1475 2750 1571 2777 conﬁci
1592 2753 1722 2786 pugnant,

943 2796 1042 2824 corpus
1054 2784 1257 2822 et'sanguinem
1272 2785 1383 2821 Christi,
1398 2794 1450 2815 non
1466 2785 1564 2821 reipsa,
1582 2785 1628 2814 sed
1644 2784 1725 2820 spiri-
