1974 3037
308 138 363 165 6⁵15

606 133 636 161 S.
658 130 844 160 ATHANASII
864 129 938 157 ()PP.
960 127 1050 155 PARS
1070 127 1090 156 l.
1106 142 1141 147 —
1157 124 1344 153 HISTORICA
1360 123 1405 150 ET
1428 121 1639 150 DOGMATICA.
1858 123 1900 150 θτθ

343 195 389 222 25.
409 193 576 227 Quapropter
591 196 646 218 tam
660 190 714 218 illis
730 197 811 225 quam
828 189 898 220 istis,
915 187 1018 215 nullam
1032 186 1091 213 fore

1176 185 1221 212 25.
1242 183 1291 210 Διὰ
1315 182 1396 209 τοῦτο
1419 181 1474 216 γὰρ
1501 180 1638 220 κάκείνοις
1665 181 1713 206 καὶ
1733 178 1830 210 τούτοις
1855 179 1900 214 (9i)

309 240 436 276 supplicii
452 239 512 266 huic
528 237 631 272 flagitio
645 236 728 264 debili
745 235 945 267 remissionem,
961 233 1093 260 Dominus

308 284 466 315 declaravit,
484 283 527 310 his
542 282 633 309 verbis
648 289 656 307 :
679 291 689 308 1
707 281 759 314 Qui
775 288 839 308 vero
851 280 950 307 dixerit
963 280 1094 306 adversus

310 334 441 370 Spiritum
457 336 592 362 sanctum,
610 337 664 357 non
681 330 835 357 remittetur
847 329 871 356 ci
890 335 979 363 neque
998 327 1025 354 iu
1043 326 1095 354 hoc

309 380 421 413 szeculo,
435 385 523 413 neque
537 377 563 404 in
579 377 671 404 futuro
682 376 715 402 ".
725 386 733 402 ι
750 375 782 402 Et
795 374 892 402 merito
905 374 1013 409 quidem
1026 381 1033 405 ;
1047 372 1094 407 qui

308 426 380 452 enim
399 428 480 459 negat
497 423 596 450 Filium
609 442 616 455 ,
631 429 712 458 quem
727 428 827 457 rogans
851 420 974 448 obtinere
995 419 1096 454 poterit

308 470 545 506 propitiationem?
561 473 608 496 aut
623 476 684 504 qua:
694 468 761 501 vita,
777 468 819 495 vel
834 468 945 502 requies
958 466 983 494 ei
998 474 1096 502 exspe-

308 516 419 549 ctanda,
437 516 484 551 qui
501 515 602 550 repulit
618 522 680 542 eum
701 515 747 550 qui
773 513 840 541 dicit
855 521 863 539 :
886 521 895 538 1
911 512 968 547 Ego
981 520 1041 540 sum
1056 512 1097 539 vi-

309 567 337 590 ta
350 562 400 595 ¹⁸,ι
417 566 443 589 et
457 569 464 587 :
483 570 493 586 1
516 560 611 588 Venite
624 559 657 587 ad
673 568 726 591 me,
749 566 844 586 omnes
857 558 903 593 qui
919 557 1049 584 laboratis
1070 562 1098 584 et

309 607 415 634 onerati
439 606 516 638 estis,
538 611 566 633 et
586 612 636 640 ego
660 605 778 632 reﬁciam
791 611 841 631 vos
850 603 892 629 ’τί
908 612 917 629 ι
932 602 999 629 Cum
1015 602 1098 638 igitur

310 653 356 680 isti
375 653 426 680 hoc
442 651 523 679 modo
538 659 631 686 pcenas
644 651 739 683 luant;
757 649 932 685 perspicuum
954 648 1036 676 fuerit
1051 656 1098 676 eos

310 698 356 733 qui
370 697 406 732 pii
424 701 489 724 sunt
503 704 567 731 erga
583 696 741 728 Christum,
759 700 786 723 et
805 695 851 730 qui
873 698 928 722 tam
948 694 1097 722 secundum

310 750 432 774 carnem,
455 749 537 776 quam
562 742 710 769 secundum
737 741 863 776 spiritum
887 747 949 767 eum
972 739 1098 772 adorant,

311 796 362 816 nec
375 796 436 815 eum
450 787 547 814 Filium
565 786 612 814 Dei
627 787 752 821 ignorant
769 793 839 819 esse,
855 793 905 812 nec
926 785 1025 812 Filium
1048 785 1098 812 ho-

311 835 393 862 minis
409 834 508 861 lactum
531 840 592 860 esse
616 837 732 868 negant;
747 839 841 859 verum
861 831 942 859 etiam
966 830 1097 862 credunt,

312 880 389 912 illud,
410 889 419 906 1
434 880 463 907 ln
481 879 614 914 principio
638 883 697 906 erat
718 877 837 906 Verbum
849 899 857 910 ,
873 887 883 904 ›
903 882 931 905 et
953 886 962 903 1
978 876 1096 904 Verbum
1113 869 1134 897 Β

313 932 376 952 caro
391 923 493 952 factum
508 929 549 951 est
559 924 593 955 ⁸⁸,
608 933 618 950 ι
633 928 795 959 regnaturos
816 927 948 950 aeternum
972 923 999 950 in
1022 922 1098 950 etnlis

312 977 383 1002 esse,
399 969 549 996 secundum
562 972 672 996 sanctas
687 969 771 1003 ipsius
786 968 894 995 Domini
909 973 936 995 et
950 967 1098 996 Salvatoris

312 1014 399 1042 nostri
414 1013 477 1041 Jesu
495 1013 595 1042 Christi
613 1013 824 1048 pollicitationes
835 1033 843 1045 ,
857 1014 903 1048 qui
919 1014 977 1041 ait:
996 1022 1005 1039 1
1022 1013 1100 1041 Ibunt

313 1060 423 1095 quidem
437 1059 474 1086 illi
490 1059 516 1086 in
531 1059 694 1093 supplicium
709 1063 840 1086 alternum
854 1068 861 1091 ;
878 1059 945 1094 justi
963 1063 1052 1086 autem
1073 1059 1100 1086 in

313 1106 397 1133 Vitam
412 1110 539 1132 aeternam
553 1104 587 1131 ⁸³.
604 1113 613 1130 ι
631 1103 692 1131 Haec
705 1104 798 1139 paucis
812 1105 871 1137 tibi,
889 1112 923 1132 ex
938 1105 972 1133 iis
984 1098 1044 1140 qua:
1059 1105 1101 1133 di—

315 1151 447 1184 diceram,
463 1150 568 1185 scripsi.
585 1149 626 1176 Tu
638 1158 703 1177 vero
716 1158 770 1177 non
790 1155 820 1178 ut
832 1149 1101 1185 perfectam-doctri-

317 1206 390 1229 nam,
407 1197 453 1225 sed
472 1201 576 1225 tantum
594 1203 624 1224 ut
643 1196 814 1224 occasionem
838 1203 854 1223 a
877 1204 921 1224 me
943 1196 990 1223 tibi
1010 1196 1100 1223 datam

316 1243 419 1278 accipe.
430 1241 524 1269 Restat
535 1242 582 1269 tibi
596 1242 674 1277 571
687 1246 717 1268 ut
730 1241 926 1270 accuratiorem
939 1242 1101 1270 sententiam

315 1295 351 1315 ex
373 1287 528 1322 evangelica
542 1287 615 1315 dicto
635 1292 662 1314 ct
681 1294 715 1314 ex
732 1287 845 1322 psalmis
860 1287 1018 1322 decerpens,
1032 1287 1103 1314 veri-

317 1334 380 1361 tatis
397 1333 550 1368 manipulos
568 1333 661 1368 alliges
677 1342 684 1360 :
699 1337 729 1360 ut
744 1333 793 1361 tibi
810 1331 919 1369 quoque
937 1334 982 1361 illa
1004 1333 1101 1361 ferenti

316 1379 423 1406 dicatur
435 1387 442 1404 :
459 1388 468 1404 1
485 1378 629 1406 Venientes
642 1383 732 1406 autem
745 1379 854 1406 venient
867 1387 929 1406 cum
944 1379 1103 1406 exsultatio-

318 1433 363 1458 ne,
388 1430 526 1460 portantes
543 1426 697 1462 manipulos
716 1434 782 1455 suos
793 1427 827 1459 ’°,
839 1436 848 1453 ι
870 1427 896 1454 in
908 1426 1018 1454 Christo
1035 1426 1102 1454 Jesu

318 1470 433 1497 Domino
448 1475 552 1505 nostro,
569 1479 617 1507 per
629 1480 709 1507 quem
721 1477 747 1499 et
760 1479 822 1500 cum
835 1480 889 1507 quo
902 1471 974 1499 Patri
986 1492 994 1506 ,
1007 1476 1034 1499 et
1048 1479 1101 1499 una

319 1515 433 1550 Spiritui
449 1521 553 1549 sancto,
569 1517 655 1553 gloria
667 1521 694 1545 et
707 1517 850 1552 imperium
864 1517 892 1545 in
905 1517 1004 1546 saecula
1015 1525 1103 1545 saecu-

318 1561 416 1589 lorttm.
436 1563 533 1590 Amen.

1143 231 1336 265 ἀσύγγνωστον
1360 227 1469 255 ἔσεσθαι
1487 227 1536 262 τὴν
1552 226 1599 252 ἐπὶ
1619 226 1674 256 τοῖς
1692 224 1816 256 τοιούτοις
1829 233 1899 260 τιμω-

1144 277 1205 312 ρίαν
1227 277 1242 302 6
1265 275 1367 310 Κύριος
1386 273 1545 308 ἀπεφήνατο
1560 270 1664 305 λέγων’
1687 279 1696 296 1
1715 271 1762 301 ’ος
1775 269 1796 295 δ’
1811 269 1840 296 ἃν
1851 270 1901 306 εἴπῃ

1143 322 1214 349 κατὰ
1237 320 1284 348 τοῦ
1310 319 1470 355 Πνεύματος
1498 317 1545 344 τοῦ
1571 316 1659 351 ἁγίου,
1687 316 1738 343 οὐκ
1761 316 1902 352 ἀφεθήσεται

1144 367 1218 403 αύτῷ
1239 367 1301 394 οὔτε
1315 366 1393 401 ὲντῷ
1409 366 1487 393 αἰῶνι
1505 365 1560 401 (95)
1576 364 1673 399 τούτῳ,
1688 362 1750 390 οὔτε
1766 363 1794 389 ὲν
1808 362 1843 398 τῷ
1858 363 1904 397 μέλ-

1144 415 1226 442 λοντι.
1237 424 1246 440 ι
1262 414 1317 441 Καὶ
1333 414 1445 444 εἰκότως
1460 420 1509 446 γε’
1523 412 1538 438 6
1554 411 1609 446 γὰρ
1620 410 1784 445 ἀρνούμενος
1795 409 1836 435 τὸν
1845 409 1904 441 Υἱὺν,

1143 461 1205 487 τίνα
1224 458 1402 495 παρακαλῶν,
1424 457 1536 492 ἱλασμὸν
1550 456 1694 491 δυνήσεται
1717 454 1800 490 slew;
1814 454 1829 490 ἢ
1843 455 1906 481 ποίαν

1146 506 1230 542 ζωὴν,
1247 506 1264 540 ἢ
1277 505 1429 532 ἀνάπαυσιν
1441 503 1620 539 προσδοκήσει
1632 521 1640 534 ,
1655 502 1670 528 6
1683 501 1852 535 ἀπωσάμενος
1871 500 1908 526 τὸν

1144 553 1276 587 λέγοντα·
1296 560 1305 577 1
1323 551 1393 586 Ἐγώ
1416 551 1472 586 ειμι
1491 550 1508 586 ἡ
1534 549 1605 584 ζωῆς
1619 558 1628 574 ι
1646 548 1712 580 καὶ,
1737 557 1748 573 1
1762 547 1838 573 Δεῦτε
1854 547 1908 581 πρὸς

1148 599 1193 635 μὲ,
1210 598 1310 630 πάντες
1331 599 1356 624 οἱ
1377 597 1525 628 κοπιῶντες
1543 595 1591 622 καὶ
1612 592 1829 630 πεφορτισμένοι,
1847 591 1908 625 κάγὼ

1147 644 1298 672 ἀναπαύσω
1319 643 1412 679 ὑμᾶς;
1429 651 1439 668 ι
1463 641 1573 668 Τούτων
1588 639 1624 667 ’δὲ
1649 638 1720 666 οὕτω
1749 637 1864 664 διδόντων
1880 636 1909 662 δί-

1147 698 1208 722 κας,
1226 681 1304 724 δῆλον
1316 688 1350 715 ἂν
1373 687 1427 722 εἴη,
1452 686 1489 718 ὡς
1513 687 1537 712 οἱ
1554 683 1731 715 εὐσεῦοὓντες
1745 683 1798 718 (96)
1819 683 1856 714 εἰς
1875 682 1909 708 τὸν

1147 735 1274 772 Χριστὸν,
1299 733 1346 761 καὶ
1366 733 1396 760 τὸ
1412 733 1482 759 κατὰ
1505 732 1594 767 σάρκα
1616 729 1708 758 καὶτὸ
1729 728 1797 756 κατὰ
1818 727 1909 762 Πνεῦμα

1148 780 1364 818 προσκυνοῦντες
1385 779 1485 811 αὑτοῦ,
1508 779 1555 806 καὶ
1579 778 1648 813 μήτε
1673 777 1737 803 Υίδν
1764 774 1827 801 Θεοῦ
1846 774 1909 801 αὐτὴν

1149 827 1319 862 ἀγνοοῦντες,
1337 826 1406 862 μήτε
1421 825 1461 851 ὅτι
1475 824 1523 851 καὶ
1534 824 1597 856 Υἱὸς
1611 824 1668 859 (97)
1685 821 1826 858 ἀνθρώπου
1846 821 1909 855 γέγο-

1148 882 1192 901 νεν
1212 872 1388 909 ἀρνούμενοι·
1414 871 1483 898 ἀλλὰ
1506 870 1552 897 καὶ
1565 869 1767 901 πιστεύοντες,
1793 868 1831 894 ὃτι
1854 867 1909 893 1‘Ev

1149 919 1220 955 ἀρχῇ
1235 916 1269 954 ἦν
1285 918 1300 944 6
1313 917 1407 952 Λόγος,
1422 926 1432 942 ι
1450 916 1507 950 καὶ,
1534 925 1543 941 1
1559 916 1573 942 6
1588 915 1673 949 Λόγος
1693 913 1763 949 σὰρξ
1776 913 1886 948 ἐγένετο,
1901 922 1907 937 ι

1150 964 1353 1001 βασιλεύσουσιν
1372 962 1489 994 αίωνίως
1510 963 1539 989 ὲν
1559 961 1615 993 τοῖς
1639 960 1764 996 οὐρανοῖς
1785 958 1851 986 κατὰ
1874 958 1908 988 τὰς

1149 1010 1231 1044 ἁγίας
1254 1007 1420 1043 ἐπαγγελίας
1439 1006 1521 1034 αὑτοῦ
1539 1004 1588 1032 τοῦ
1613 1005 1718 1040 Κυρίου
1739 1004 1785 1031 καὶ
1808 1003 1908 1038 Σωτῆρος

1149 1057 1229 1093 ἡμῶν
1250 1055 1336 1091 Ἰησοῦ
1356 1053 1474 1090 Χριστοῦ
1493 1052 1548 1088 (98)
1565 1051 1692 1085 λέγοντος
1707 1059 1714 1067 ·
1735 1059 1746 1076 1
1762 1048 1909 1076 Ἀπελεύσον-

1149 1112 1194 1130 ται
1212 1102 1260 1138 μὲν
1273 1102 1370 1128 ἐκεῖνοι
1381 1100 1421 1131 είς
1436 1099 1546 1126 κόλασιν
1562 1097 1682 1130 αίώνιον,
1698 1096 1724 1123 οἱ
1740 1096 1768 1122 δὲ
1782 1095 1869 1122 δίκαιοι
1881 1094 1909 1124 εἰς

1151 1148 1223 1182 ζωὴν
1235 1147 1352 1175 αἰώνιον.
1365 1155 1374 1171 ›
1396 1144 1489 1172 Ταῦτά
1510 1152 1551 1171 σοι
1564 1143 1716 1178 συντόμως,
1733 1141 1763 1174 ἐξ
1777 1138 1811 1168 ὧν
1822 1139 1909 1175 ἔμαθον,

1151 1193 1268 1230 ἔγραψα.
1283 1193 1319 1219 Σὺ
1336 1192 1364 1218 δὲ
1380 1191 1417 1227 μὴ
1436 1191 1474 1222 ὡς
1488 1190 1595 1217 τελείαν
1607 1188 1791 1219 διδασκαλίαν,
1804 1186 1864 1214 ἀλλὰ
1876 1185 1910 1220 μό-

1151 1249 1199 1276 νην
1216 1238 1342 1275 ὰφορμὴν
1354 1237 1441 1264 ταῦτα
1455 1237 1520 1272 παρ’
1537 1235 1603 1272 ἐμοῦ
1619 1235 1743 1271 λάμϐανε
1754 1242 1761 1249 ·
1779 1234 1823 1260 καὶ
1839 1231 1910 1258 λοιπὸν

1153 1286 1243 1321 σαυτῷ
1262 1285 1312 1321 τὴν
1334 1282 1534 1320 ἀκριϐεστέραν
1556 1282 1610 1317 (99)
1638 1281 1760 1308 διάνοιαν
1780 1280 1810 1306 ἐκ
1827 1287 1855 1305 τε
1877 1276 1909 1303 τοῦ

1152 1329 1329 1365 εὐαγγελικοῦ
1346 1328 1427 1365 ῥητοῦ
1450 1328 1498 1355 καὶ
1514 1328 1567 1354 τῶν
1581 1327 1705 1363 Ψαλμῶν
1721 1325 1909 1361 ἀναλαμϐάνων»

1152 1377 1270 1413 δέσμευε
1281 1375 1316 1403 τὰ
1331 1375 1381 1410 τῆς
1406 1374 1535 1410 ἀληθείας
1555 1373 1702 1409 δράγματα
1715 1381 1722 1387 ·
1743 1372 1785 1398 ἵνα
1808 1370 1859 1402 καὶ,
1876 1367 1909 1394 σοῦ

1151 1423 1237 1451 ταῦτα
1251 1423 1391 1458 φέροντος,
1411 1420 1524 1447 εἴπωσιν
1540 1420 1565 1446 oi
1586 1419 1713 1453 λέγοντες
1723 1427 1730 1434 ·
1754 1427 1764 1444 ί
1780 1416 1910 1453 Ἐρχόμενοι

1152 1470 1180 1497 δὲ
1193 1469 1301 1504 ἥξουσιν
1319 1469 1348 1494 ὲν
1366 1467 1534 1502 ἀγαλλιάσει,
1549 1465 1674 1501 αἴροντες
1685 1465 1720 1492 τὰ
1730 1464 1864 1500 δράγματα
1876 1461 1910 1504 at):

1152 1502 1217 1547 τῶν,
1232 1523 1242 1540 ι
1269 1514 1298 1540 ἐν
1323 1511 1432 1548 Χριστῷ
1459 1510 1545 1547 ’1ησοῦ
1564 1510 1603 1546 τῷ
1627 1510 1724 1546 Κυρίῳ
1747 1502 1911 1544 ὴμῶν,διόὗ

1116 1560 1137 1588 C
1154 1560 1201 1587 καὶ
1218 1559 1287 1595 (99‘)
1301 1558 1361 1595 μεθ’
1378 1554 1409 1584 οὗ
1432 1557 1472 1592 τῷ
1485 1557 1573 1592 Πατρὶ
1590 1556 1648 1592 ἅμα
1666 1556 1707 1592 τῷ
1715 1555 1784 1590 ἁγίῳ
1797 1552 1910 1587 Πνεύμαςι

318 1610 336 1645 ἡ
351 1610 414 1643 δόξα
426 1611 472 1637 καὶ
487 1610 518 1637 τὸ
529 1611 638 1647 κράτος,
658 1611 698 1643 είς
715 1612 778 1643 τοὺς
803 1612 902 1644 αἰῶνας
917 1611 972 1639 τῶν
985 1610 1099 1639 αἰώνων.
1134 1608 1230 1644 ’Δμήν.

355 1743 378 1758 ⁸³
399 1742 492 1770 Matth.
508 1750 559 1774 xu,
573 1742 618 1771 5‘2.

683 1744 706 1761 "
723 1743 803 1772 Joan.
818 1752 874 1778 xw,
892 1743 919 1771 6.

320 1777 344 1793 °°
357 1777 430 1806 Psal.
450 1785 530 1811 cvxv,
547 1777 574 1805 6.

985 1743 1006 1759 “"
1027 1742 1122 1770 Matth.
1136 1751 1174 1777 ιι,
1188 1741 1234 1770 28.

1309 1741 1333 1758 ⁸⁸
1351 1740 1431 1770 Joan.
1448 1748 1468 1774 ι,
1497 1740 1523 1774 1,
1543 1739 1588 1767 Η.
1654 1739 1680 1756 ’⁸
1700 1738 1792 1766 Matth.
1809 1743 1864 1767 xxv,
1878 1732 1910 1761 l6.

359 1854 416 1890 (94)
436 1855 514 1882 Gobl.
533 1860 561 1883 et
582 1853 700 1882 Felcltm.
723 1854 838 1890 primus,
855 1855 995 1888 mendose,
1012 1854 1099 1882 κάκεί-

1150 1854 1206 1887 alii,
1222 1853 1500 1890 ﬂuatlstioustbid.
1523 1853 1635 1890 Regius
1647 1857 1676 1880 et
1703 1852 1851 1890 Seguerian.
1868 1849 1910 1879 καί,

322 1899 393 1921 νους.
408 1890 454 1916 καὶ
468 1890 588 1922 τούτους.

1151 1887 1308 1922 οηιεκατά,
1321 1890 1401 1917 male.
1416 1889 1515 1916 ibidem
1525 1888 1711 1924 Seguerianus
1725 1887 1911 1920 solus,dmns-

358 1926 413 1961 (95)
435 1925 513 1961 Gobl.
527 1924 685 1961 etFelckm.
698 1923 814 1961 primus,
837 1926 872 1961 ὲν,
887 1925 925 1960 τῷ
946 1924 994 1952 νῦν
1013 1924 1102 1961 αἰῶνι.
1150 1924 1221 1956 λίας.

322 1959 384 1988 Mon
398 1960 462 1995 Reg.
477 1960 540 1996 ξος.
557 1960 640 1996 Gobl.
655 1964 685 1996 et_
699 1959 817 1986 Felcltm.
832 1959 948 1995 primus,
963 1961 977 1987 6
990 1960 1044 1996 γὰρ
1057 1960 1106 1995 ἀρ-

322 1994 461 2030 νούμενος,
477 1995 505 2021 1η
518 1994 598 2023 editis
609 1995 663 2030 γάρ
671 1994 755 2030 (ᾕδεις.

358 2029 413 2065 (96)
433 2030 537 2065 Anglic.
546 2030 623 2058 bobl.
640 2029 667 2057 et
678 2029 798 2065 lj‘elekm.
811 2030 927 2064 primus,
940 2030 965 2056 οἱ
976 2029 1105 2057 ἀσεϐοῦν-

322 2063 548 2127 ζὶς,ἀιὶιιιιο.’Μοχ
561 2065 627 2100 Reg.
639 2069 665 2092 et
678 2063 752 2099 $83.,
768 2063 821 2091 καῖ
831 2065 952 2101 Πνεῦμα,
961 2065 1063 2093 omisso
1075 2065 1106 2091 τὸ

360 2109 375 2126 τ
398 2120 405 2126 .

323 2107 405 2127 κατα.

360 2135 417 2197 (97)
437 2135 484 2175 Sic
507 2135 572 2170 Reg.
589 2134 651 2196 sip.
666 2134 749 2161 Basil.
766 2138 793 2161 et
810 2134 890 2169 Angl.
913 2134 984 2162 Editi
998 2142 1073 2168 vero,
1090 2134 1105 2161 ὸ

325 2169 358 2205 Tt
375 2179 398 2202 ς,
415 2178 506 2198 minus
519 2175 602 2197 recte.
639 2169 733 2205 οινκιί
747 2169 881 2205 ροειάλλά
894 2170 968 2198 deest
985 2169 1011 2197 in
1024 2169 1103 2205 Angl.

325 2204 408 2233 Paulo
426 2209 487 2240 post
502 2205 602 2241 Regius
622 2209 650 2233 et
673 2204 747 2240 Seg.,
765 2204 963 2240 βασιλεύσουσι.
986 2205 1060 2233 Editi
1070 2204 1106 2233 et

1188 1954 1244 1995 (98)
1263 1958 1337 1991 Haec,
1346 1959 1433 1995 Ἰησοῦ
1446 1958 1576 1994 Χριστοῦ,
1587 1965 1644 1995 non
1656 1963 1723 1995 supt
1740 1957 1767 1995 in
1780 1956 1850 1995 editis
1861 1954 1909 1981 etin

1153 1991 1317 2030 quibusdam
1332 1991 1411 2030 russi,
1425 1991 1478 2030 sed'
1490 1994 1625 2030 habentur
1638 1993 1665 2030 in
1688 1993 1805 2030 Regioet
1822 1991 1907 2030 Segnior.

1156 2025 1225 2057 i'hid.
1241 2029 1319 2057 Gobl.
1335 2033 1361 2056 et
1376 2028 1495 2057 Felckm.
1512 2029 1628 2064 primus.
1644 2025 1807 2063 ἐπαγγελίας
1820 2025 1858 2052 τοῦ
1868 2025 1909 2050 Σω-

1156 2065 1249 2100 τῆρος,
1265 2065 1375 2100 omissis
1392 2065 1465 2100 aliis.

1192 2096 1249 2135 (99)
1270 2099 1335 2135 Reg.
1354 2099 1415 2134 Seg.
1428 2099 1537 2127 Gobler.
1550 2102 1578 2126 et
1587 2097 1710 2135 Felcltm.
1725 2099 1835 2134 primus,
1849 2096 1907 2130 ἀκρι-

1192 2107 1249 2135 (9:1)
1270 2107 1335 2161 “ei:
1354 2107 1415 2134 θος.
1428 2107 1537 2127 uenter.
1550 2107 1578 2126 et
1591 2107 1710 2125 I‘CICKm.
1725 2107 1835 2134 primus,
1849 2107 1907 2130 αιμι·

1157 2135 1309 2173 ϐεστξρανᾲ
1324 2134 1384 2173 ‘djti
1400 2138 1428 2162 et
1441 2135 1499 2173 alii,
1512 2134 1722 2173 ἀκριϐεστάτην.
1818 2167 1823 2173 _
1867 2170 1871 2173 _
1887 2163 1908 2173 Η

1194 2164 1261 2206 (99")
1279 2169 1328 2206 Sic
1341 2169 1407 2204 Reg.
1420 2175 1447 2206 et
1460 2164 1523 2206 ség.
1541 2164 1569 2206 lit
1585 2169 1666 2206 editis
1691 2164 1721 2197 et
1738 2168 1796 2206 aliis
1810 2167 1874 2206 deest
1885 2164 1902 2190 δι

1157 2201 1262 2233 οἶδ’καίζ
1277 2205 1339 2233 Mox
1354 2201 1404 2241 pro
1420 2205 1478 2240 ἄμα
1494 2201 1594 2240 Regius
1603 2207 1631 2232 et
1650 2203 1712 2240 Seg.
1729 2203 1777 2231 σύν
1791 2202 1883 2231 habent.
