1974 3037
116 125 172 154 677
695 126 739 154 DE
764 126 917 155 SYNODIS.
939 143 972 147 _
993 127 1160 156 nomon.
1693 135 1743 162 ωε

125 208 1729 220 W

337 291 399 335 IN
438 288 778 335 EPISTOLAM
826 290 901 334 DE
938 291 1197 338 SYNODIS
1232 289 1547 338 MONITUM.

149 479 168 505 Ι,
184 476 332 512 Epistolam
343 475 375 503 de
391 475 498 510 synodis
509 474 671 502 Ariminensl
684 478 709 500 et
723 473 880 501 Seleuciana
891 473 939 500 sub
953 473 1031 508 ﬁnem
1047 473 1110 500 anni
1122 474 1183 505 559.
1197 482 1248 510 quo
1262 474 1401 502 celebrata:
1415 475 1470 501 illa:
1483 480 1555 508 sunt,
1566 478 1742 512 conscriptam

111 527 205 562 fuisse,
218 533 250 553 ea:
264 525 385 560 plurimis
400 525 516 559 ejusdem
536 523 600 550 locis
625 523 784 557 conﬁcitur:
801 523 828 549 in
845 523 900 558 ipso
917 523 1010 558 quippe
1023 523 1110 553 initio.
1126 528 1297 550 narraturum
1314 531 1340 550 se
1356 524 1533 550 Athanasium
1549 526 1599 559 ait,
1615 534 1656 552 res
1670 527 1696 553 in
1712 535 1742 554 ea

111 580 198 609 gestas
215 573 325 608 synodo,
339 580 396 606 quae
407 576 467 598 tunc
482 572 509 598 in
523 571 639 597 omnium
651 579 695 597 ore
709 571 863 597 uersabatur
874 578 883 596 :
899 570 1128 605 liquidiuslautem
1144 575 1266 602 testatur,
1283 579 1356 598 num.
1370 571 1396 603 4,
1412 572 1602 606 professionem
1625 573 1742 601 Sirmio-

111 630 176 648 nam
187 620 353 648 consulatum
368 619 436 654 ejus,
449 627 500 654 quo
517 619 572 653 ipse
585 618 725 652 scribebat,
737 619 801 645 anni
816 620 890 653 prteft

970 619 1024 645 ἀπὸ
1042 619 1093 652 τῆς
1112 619 1159 646 νῦν
1173 620 1314 651 ὑπατείας.
1327 619 1453 648 Consules
1474 629 1563 654 nempe
1583 622 1662 649 iidem
1679 628 1739 651 tunc

109 672 198 701 erant,
210 668 255 702 qui
276 666 416 694 Sirmiensi
435 666 498 700 ﬁdei
519 665 642 700 formula
666 666 774 700 ascripti
791 665 907 700 fuerant,
924 665 1053 692 Eusebius
1069 670 1094 692 et
1108 665 1252 701 llypatius,
1266 667 1310 702 qui
1323 667 1357 693 ad
1368 675 1467 693 annum
1482 669 1614 701 pertinent
1628 669 1691 696 559.
1705 669 1740 696 Et

109 720 171 741 vero
188 713 268 748 liquet
284 721 316 740 ea:
326 713 468 747 appendice
484 720 564 747 quam
581 712 615 738 ad
637 713 734 739 calcem
750 712 859 746 hujusce
875 712 960 746 operis
973 713 1085 739 attexuit
1097 718 1204 740 sanctus
1219 712 1326 744 Doctor,
1342 713 1458 739 nondum
1475 713 1575 740 allatas
1591 714 1641 741 sibi
1655 715 1741 749 fuisse

109 768 152 787 res
166 768 253 787 omnes
264 759 379 786 Arimini
395 763 493 792 gestas,
508 758 613 793 quando
627 758 675 784 hoc
693 757 848 792 opusculum
861 765 997 793 aggressus
1014 762 1062 784 est.
1084 757 1260 790 Quamobrem
1282 757 1346 784 nihil
1360 759 1392 785 de
1404 758 1518 785 Patrum
1533 759 1739 786 Ariminensium

108 805 186 838 lapsu
199 823 207 837 ,
235 804 300 831 nihil
325 803 358 831 de
384 803 477 838 legatis
492 802 652 830 Arianorum
674 803 774 830 astutia
799 801 865 829 Nice
888 803 1082 836 circumventis,
1107 803 1150 830 hic
1171 803 1292 838 habetur,
1309 812 1367 839 qua:
1382 808 1469 831 tamen
1490 812 1520 831 eo
1534 805 1590 831 ipso
1608 806 1739 841 contigere

108 861 191 881 armo.

144 898 175 926 ΙΙ.
193 899 290 933 Quare,
305 904 334 926 ut
345 899 403 934 jam
417 899 481 926 olim
495 899 626 926 advertere
642 898 691 925 viri
705 907 763 926 cum
776 899 868 933 primis
885 906 923 925 ert

956 898 995 931 iti,
1012 906 1071 933 qua:
1092 906 1165 925 num.
1181 898 1215 925 30
1229 898 1361 934 leguntur,
1378 898 1471 926 Ταῦτα.
1488 898 1644 934 γράψαντες
1659 899 1687 926 ὲν
1703 901 1735 935 τῇ

112 947 246 983 Ἱσαυρίᾳ,
270 947 428 979 ἀνελθόντες
450 948 490 979 εἰς
512 947 561 982 τὴν
578 946 783 974 Κωνσταντίνου
802 946 891 978 πόλιν,

956 966 972 978 ,,
985 954 1018 972 aa
1042 946 1096 972 ha'c
1112 954 1190 981 usque
1211 946 1299 979 verba,
1315 954 1387 972 num.
1405 945 1540 978 52,1109;
1553 947 1602 981 μὲν
1613 944 1659 973 οὖν
1673 946 1735 982 ἄχρι

105 993 203 1020 τούτου
225 993 394 1028 φθάσαντες,
415 994 460 1020 ubi
474 993 634 1020 Athanasius
653 994 715 1028 ﬁdei
731 993 876 1027 formulam
893 992 1216 1026 Constantinopolitanam
1232 992 1320 1026 affert,
1340 993 1529 1019 Antiochenam
1550 997 1689 1026 memorat,
1705 992 1736 1018 de

106 1038 259 1065 Constantii
274 1039 346 1065 obitu
363 1039 429 1073 agit,
450 1047 508 1073 quin
519 1039 608 1066 omnia
622 1043 680 1073 post
693 1047 790 1065 annum
805 1037 876 1064 haud
887 1037 963 1064 dubie
975 1037 1026 1064 559
1046 1038 1191 1073 contigere;
1209 1039 1274 1071 hwc,
1290 1039 1408 1074 inquam,
1425 1040 1543 1074 epistola'
1560 1040 1619 1074 jam
1634 1040 1735 1074 pridem

105 1091 122 1109 a
135 1091 163 1109 se
184 1084 291 1118 scriptio
315 1084 491 1111 Athanasium
507 1084 657 1116 inseruisse,
683 1084 770 1110 nullus
791 1088 910 1118 superest
925 1083 1071 1118 ambigendi
1085 1083 1167 1110 locus.
1185 1082 1230 1111 Ita
1251 1089 1282 1112 ut
1298 1086 1425 1119 prtedicta
1443 1086 1519 1113 verba
1536 1085 1610 1118 Τέως
1623 1086 1673 1121 μὲν
1688 1083 1735 1112 οὖν

108 1128 189 1163 μέχρι
211 1129 306 1156 τούτου
332 1129 493 1163 φθάσαντες,
509 1133 573 1163 ctc.,
587 1130 678 1157 statim
699 1134 758 1164 post
779 1130 840 1162 ﬁdei
854 1138 887 1164 ριπ

956 1130 1041 1156 ionem
1053 1128 1202 1156 Isauricum
1213 1149 1221 1162 ,
1244 1139 1315 1157 num.
1331 1131 1377 1164 20,
1391 1131 1513 1163 allatam,
1528 1133 1570 1158 cui
1598 1132 1734 1165 aptissime

105 1174 247 1208 cohterent,
259 1176 343 1209 primo
355 1180 541 1210 sequerentur;
552 1175 645 1203 dehinc
658 1176 821 1211 interpositis
838 1176 870 1203 ab
884 1177 1030 1204 Athanasio
1045 1177 1079 1203 iis
1092 1184 1150 1211 qua?
1167 1185 1249 1211 supra
1265 1178 1395 1210 diximus,
1408 1178 1499 1206 ist/uec
1515 1179 1588 1212 fuere
1605 1188 1621 1206 a
1635 1186 1735 1214 pra-ce-

105 1219 229 1247 dentibus
247 1221 363 1248 divulsa.

141 1265 186 1293 Ill.
201 1265 263 1293 Non
276 1267 340 1293 satis
361 1271 449 1293 autem
463 1265 540 1300 ﬁrmo
558 1270 711 1301 argumento
726 1266 847 1292 nituntur
861 1265 906 1300 qui
921 1265 1087 1292 arbitrantur
1102 1265 1136 1292 ad
1153 1266 1286 1293 solitarios
1297 1267 1406 1294 missam
1418 1268 1501 1302 fuisse
1513 1269 1580 1296 hanc
1593 1270 1733 1304 epistolam

105 1320 166 1339 eum
180 1321 225 1340 nec
236 1314 261 1340 in
275 1313 461 1347 manuscriptis
477 1313 611 1340 codicibus
623 1313 726 1347 uspiam
745 1313 930 1340 monachorum
943 1321 988 1339 seu
1004 1313 1186 1340 solitariorum
1201 1321 1293 1341 nomen
1312 1315 1482 1349 prteferatur,
1497 1324 1577 1350 neque
1589 1317 1659 1352 apud
1679 1317 1732 1345 So-

105 1364 209 1386 cratem
222 1359 259 1386 vel
271 1360 444 1387 Sozomenum
460 1359 494 1386 ad
507 1359 647 1385 monachos
664 1363 841 1393 nuncupetur;
856 1367 883 1385 se

952 1359 985 1385 ad
1002 1360 1116 1393 priorem
1132 1360 1203 1395 Πρὸς
1218 1361 1281 1391 τοὺς
1295 1360 1459 1396 γνωρίμους,
1472 1362 1543 1396 apud
1560 1364 1731 1397 posteriorem

104 1416 165 1434 uero
180 1407 252 1443 Πρὸς
266 1407 328 1438 τοὺς
342 1406 510 1442 ἐπιτηδείους
521 1407 649 1441 inscripta
664 1406 708 1434 sit.
720 1406 808 1438 Quare
818 1406 852 1433 ad
863 1414 883 1432 n1

951 1406 1036 1433 :hosne
1050 1406 1117 1433 hanc
1132 1407 1232 1434 miserit
1244 1408 1383 1442 epistolam
1397 1416 1442 1434 nec
1454 1414 1593 1444 repugnat,
1611 1419 1658 1437 nec
1669 1419 1730 1438 cou-

102 1456 199 1489 jectari
215 1459 309 1489 potest.
327 1455 386 1487 Qua
398 1462 456 1481 vero
475 1454 554 1488 fuerit
571 1453 606 1480 ad
619 1461 677 1480 eam
693 1454 903 1489 perscribendam
917 1462 998 1480 causa
1011 1456 1155 1488 permotus,
1173 1454 1244 1480 haud
1264 1453 1373 1482 obscure
1386 1455 1487 1481 indicat
1500 1455 1663 1484 Athanasius
1675 1457 1731 1491 ipso

103 1504 190 1538 operis
204 1503 323 1535 exordio.
338 1503 383 1530 ubi
396 1511 423 1530 se
434 1503 472 1530 ait
486 1512 516 1531 ea
526 1504 622 1538 scripto
633 1511 756 1530 exarasse
771 1511 830 1530 cum
841 1507 870 1530 ut
883 1504 1028 1530 amicorum
1039 1503 1200 1530 desiderium
1210 1503 1378 1537 discendique
1393 1503 1511 1530 studium
1528 1502 1653 1538 expleret,
1675 1509 1730 1530 tum

102 1556 133 1577 ut
144 1559 176 1578 ne
190 1551 231 1577 illi
245 1550 335 1577 multis
350 1551 421 1578 varie
439 1551 533 1585 synodi
546 1555 619 1586 gesta
636 1550 807 1578 narrantibus
824 1551 908 1577 animi
927 1551 1078 1585 penderent,
1095 1551 1165 1578 unde
1188 1551 1309 1578 nonnulli
1327 1559 1385 1578 eam
1403 1551 1437 1578 ad
1454 1551 1596 1579 monachos
1619 1552 1730 1578 missam

103 1598 243 1633 colligunt,
268 1597 398 1624 levissimo
413 1605 486 1629 sane,
503 1602 531 1624 ut
547 1605 620 1624 nemo
634 1605 686 1624 non
700 1597 780 1631 videt,
796 1597 870 1624 ducti
884 1603 1053 1632 argumento.

138 1643 185 1671 Ν.
201 1643 286 1672 Porro
297 1644 357 1672 licet
374 1645 415 1671 hic
428 1652 496 1671 unus
507 1644 628 1671 uideatur
644 1644 783 1671 Athanasii
794 1644 876 1679 fuisse
893 1651 986 1675 scapus
1002 1652 1042 1671 res
1059 1643 1173 1671 Arimini
1185 1647 1209 1670 et
1224 1642 1350 1670 Seleucia:
1364 1647 1437 1669 actas
1456 1651 1594 1676 enarrare,
1610 1648 1668 1678 post
1683 1644 1730 1671 ab-

101 1692 220 1718 solutam
244 1697 330 1718 tamen
342 1700 399 1718 eam
415 1699 469 1718 rem
491 1692 525 1718 ad
546 1691 601 1718 alia
612 1691 791 1726 progreditur,
805 1696 884 1726 utque
903 1692 1078 1726 ﬂuctuantem
1098 1693 1259 1719 Arianorum
1273 1691 1300 1717 in
1319 1691 1371 1726 ﬁde
1391 1699 1440 1718 sua
1455 1691 1574 1717 animum
1593 1692 1729 1726 perspicue

101 1742 298 1770 commonstret,
309 1739 395 1764 varias
408 1739 488 1765 variis
502 1738 566 1765 locis
581 1737 789 1773 temporibusque
801 1737 832 1764 ab
845 1737 898 1764 illis
909 1738 994 1765 editas
1009 1738 1071 1772 ﬁdei
1082 1738 1211 1772 formulas
1228 1741 1352 1767 recenset.
1367 1742 1444 1772 atque
1457 1737 1491 1763 ad
1507 1737 1612 1764 verbum
1626 1738 1706 1772 refert
1718 1746 1728 1765 ι

101 1792 162 1818 qua:
175 1789 230 1810 tam
247 1784 343 1819 ingenti
362 1792 469 1810 numero
483 1784 565 1818 fuere,
584 1788 612 1810 ut
628 1793 672 1811 eas
685 1784 756 1811 haud
771 1783 869 1818 injuria
883 1783 1062 1818 labyrinthum
1076 1787 1147 1810 vocet
1161 1782 1349 1814 Socrates,lib.
1365 1790 1394 1814 ιι,
1405 1791 1463 1816 cap.
1479 1783 1522 1810 52.
1536 1781 1575 1810 Iis
1588 1783 1726 1818 absolutis,

99 1829 150 1857 τοῦ
163 1830 304 1866 ὁμοθυσὶου
321 1838 405 1857 vocem
417 1838 476 1857 cum
489 1830 648 1865 argumentis
664 1830 845 1862 validissimis,
860 1835 916 1857 tum
927 1830 1045 1864 exemplo
1055 1834 1170 1857 veterum
1184 1829 1296 1856 Patrum
1311 1829 1342 1855 ab
1354 1829 1515 1856 Arianorum
1530 1830 1672 1857 calumniis
1681 1831 1727 1858 ob.

97 1877 308 1911 iectionibusque
320 1876 446 1903 uindicat.
462 1875 524 1903 Tres
538 1877 626 1911 itaque
640 1881 701 1904 sunt
713 1876 790 1910 hujus
803 1875 922 1910 epistolis
940 1881 1039 1910 partes.
1059 1874 1093 1902 In
1112 1875 1200 1910 prima
1216 1875 1271 1909 agit
1285 1874 1317 1901 de
1332 1874 1441 1908 synodis
1456 1874 1619 1902 Ariminensi
1634 1879 1658 1902 et
1678 1874 1727 1903 Se-

100 1923 232 1950 leuciana.
244 1921 278 1949 In
294 1922 407 1949 secunda
423 1922 455 1948 de
467 1922 628 1949 Arianorum
642 1921 820 1957 blasphemiis,
837 1929 977 1956 eorumque
995 1922 1077 1948 variis
1091 1921 1153 1956 ﬁdei
1172 1920 1391 1956 professionibus.
1407 1919 1441 1946 In
1455 1921 1546 1952 tertia,
1564 1922 1596 1947 de
1613 1922 1727 1948 consub-

99 1969 278 1997 stantialitate
294 1968 459 1995 admittenda
474 1967 522 2003 (Ι).
541 1967 580 1994 De
593 1967 706 2003 singulis
726 1966 847 2002 quaedam
863 1967 1066 2002 pertractanda.

137 2016 170 2044 ν.
189 2016 222 2043 1η
238 2017 324 2052 prima
343 2020 417 2050 parte
434 2022 572 2051 antequam
586 2023 673 2042 rerum
682 2015 937 2050 Ariminigestarum
954 2014 1133 2041 narrationem
1148 2013 1269 2041 ordiatur
1282 2033 1290 2046 ,
1302 2013 1357 2048 agit
1375 2013 1407 2039 de
1419 2012 1535 2046 formula
1548 2013 1612 2048 ﬁdei
1633 2013 1726 2043 Sirmi;

99 2070 170 2089 anno
181 2062 244 2094 559,
256 2061 406 2089 consulibus
423 2060 536 2088 Eusebio
550 2064 575 2087 et
590 2059 719 2095 Hypatio,
733 2059 815 2086 edita.
829 2059 1033 2093 Praecipuosque
1046 2066 1136 2084 eorum
1151 2063 1271 2085 auctores
1292 2057 1443 2088 Ursacium,
1469 2056 1613 2090 Valentem,
1628 2057 1725 2084 Gaium

98 2117 125 2136 ea.
143 2109 305 2137 Germinium
327 2108 486 2136 vehementer
500 2108 630 2143 exagitat,
643 2108 711 2143 quod
728 2115 782 2134 suae
811 2106 873 2141 ﬁdei
898 2106 1082 2134 Constantium
1099 2106 1283 2140 imperatorem
1310 2105 1512 2140 consulatusque
1538 2113 1637 2132 annum
1656 2113 1725 2140 prte-

99 2157 220 2192 fizerint,
233 2155 309 2190 quasi
329 2160 389 2182 tunc
404 2155 518 2189 primum
534 2154 636 2181 credere
651 2153 800 2187 coepissent.
820 2151 888 2179 Eam
902 2160 961 2179 vero
980 2151 1042 2186 ﬁdei
1057 2151 1198 2186 formulam
1215 2152 1253 2178 ait
1275 2150 1402 2178 Patribus
1417 2150 1533 2177 Arimini
1545 2152 1644 2178 coactis
1660 2159 1723 2185 pro-

97 2205 224 2241 positam,
237 2204 269 2230 ab
283 2204 365 2238 iisque
379 2202 544 2237 repudiatam
561 2202 652 2237 fuisse.
667 2200 737 2228 Hinc
750 2200 827 2235 refert
843 2199 983 2234 epistolam
997 2199 1206 2226 Ariminensium
1225 2198 1339 2225 Patrum
1355 2199 1389 2225 ad
1405 2197 1590 2225 Constantium
1606 2198 1724 2232 impera-

101 2257 194 2284 torem,
216 2251 261 2277 ubi
275 2258 314 2277 res
331 2250 359 2277 in
377 2248 532 2276 Seleuciana
549 2248 648 2283 synodo
669 2253 757 2283 gestce,
773 2247 1010 2282 prwdictorumque
1026 2247 1188 2273 Arianorum
1210 2246 1354 2281 prtcsulum
1369 2246 1498 2281 depositio
1515 2251 1655 2273 narratur.
1669 2245 1723 2271 De-

99 2299 160 2326 inde
173 2298 266 2334 paucis
279 2303 394 2324 recenset
407 2304 448 2324 res
463 2297 492 2323 in
506 2295 661 2323 Seleuciana
673 2295 772 2330 synodo
789 2301 875 2330 gestas
891 2300 915 2322 et
931 2295 959 2321 in
972 2294 1099 2322 Acacium
1116 2294 1306 2322 Caesariensem
1319 2295 1417 2320 acriter
1432 2294 1563 2320 invehitur
1572 2301 1582 2326 ;
1596 2298 1673 2328 atque
1685 2293 1722 2318 ita

99 2346 236 2372 clauditur
248 2346 335 2380 prima
346 2344 424 2378 hujus
443 2343 562 2379 epistola
574 2351 648 2378 pars.

136 2392 181 2420 Vl.
196 2392 229 2420 In
241 2392 355 2420 secunda
369 2397 444 2427 parte
459 2391 624 2426 progreditur
640 2390 675 2417 ad
689 2390 778 2418 uarias
800 2390 962 2416 Arianorum
973 2388 1147 2424 blasphemias
1161 2388 1274 2423 ﬁdeique
1288 2387 1418 2422 formulas
1435 2385 1616 2417 recensendas,
1633 2392 1723 2412 orsus-

98 2447 148 2466 oue
162 2439 194 2466 ab
209 2439 267 2466 Arii
284 2437 389 2469 Thalia,
403 2437 458 2472 ejus
474 2445 525 2463 non
539 2436 671 2462 modicum
687 2435 763 2469 affert
781 2434 960 2469 fragmentum
976 2433 1119 2468 impietatis
1137 2433 1275 2467 refertum.
1288 2431 1358 2458 Hinc
1378 2432 1496 2466 sequitur
1511 2431 1572 2465 ﬁdei
1590 2431 1720 2465 confessio

97 2492 179 2519 quam
195 2483 241 2510 sub
255 2483 362 2509 Ariame
375 2481 500 2509 luereseos
517 2481 622 2508 initium
635 2479 716 2506 Arius
728 2479 782 2513 ipse
806 2487 864 2505 cum
888 2479 1061 2505 sectatoribus
1080 2478 1134 2504 suis
1152 2478 1304 2504 Alexandro
1329 2478 1526 2511 archiepiscopo
1538 2477 1720 2503 Alexandrino

97 2531 194 2558 obtulit
209 2539 276 2558 anno
289 2531 393 2558 circiter
405 2530 467 2557 519.
484 2528 588 2555 Exinde
603 2528 683 2562 refert
696 2528 810 2562 ingentes
823 2526 998 2562 blasphemias
1015 2535 1031 2553 a
1045 2526 1202 2561 quibusdam
1216 2526 1376 2553 Arianorum
1390 2525 1570 2559 antesignanis
1581 2524 1700 2558 prolatas
1710 2543 1720 2555 ,

95 2578 192 2614 quibus
208 2576 297 2604 subdit
316 2575 454 2611 epistolaris
470 2574 562 2608 synodi
581 2573 830 2607 Hierosolymitame
846 2573 910 2598 anni
929 2572 991 2605 555,
1007 2572 1052 2598 u'bi
1066 2572 1147 2598 Arius
1169 2580 1228 2598 cum
1246 2571 1301 2598 suis
1315 2571 1349 2597 ad
1365 2570 1574 2597 communionem
1592 2569 1720 2597 Ecclesite

97 2626 130 2652 ab
147 2624 272 2659 episcopis
291 2622 447 2650 Eusebianis
461 2621 621 2648 admittitur.
640 2619 713 2647 Unde
726 2627 784 2646 cum
801 2620 828 2645 in
851 2619 997 2645 Arianismi
1018 2619 1193 2652 suspicionem
1204 2617 1264 2652 jure
1278 2617 1318 2644 illi
1331 2617 1470 2648 venissent,
1486 2616 1543 2650 ejus
1558 2615 1721 2642 removendi:

97 2681 191 2704 causa,
206 2671 268 2706 ﬁdei
280 2670 422 2705 formulam
437 2668 540 2696 edidere
555 2669 582 2694 in
595 2667 694 2703 synodo
712 2675 780 2693 anno
791 2666 854 2699 ΞΗ,
870 2666 1017 2693 Antiochiae
1033 2666 1134 2698 habita,
1149 2665 1285 2692 occasione
1304 2664 1422 2691 basilica:
1439 2665 1532 2690 Aurea:
1545 2662 1700 2690 dedicanda:
1708 2669 1720 2689 :

97 2721 133 2748 ad
147 2728 226 2747 auatn
243 2718 417 2746 celebritatem
435 2724 560 2752 magnum
576 2716 756 2750 episcoporum
773 2721 910 2740 numerant
932 2714 1062 2741 acciverat
1076 2713 1259 2742 Constantius.
1273 2712 1341 2739 Eam
1363 2712 1494 2747 integram
1506 2710 1586 2746 refert
1601 2711 1720 2738 Athana-

134 2812 172 2848 (Ι)
195 2812 262 2841 Vide
276 2813 339 2840 item
353 2811 424 2847 apud
443 2811 574 2840 Hilarium
591 2811 638 2840 lib.
653 2819 673 2840 ll
689 2811 722 2839 ad
735 2808 930 2842 Constantium,
946 2815 974 2835 η.
990 2807 1016 2835 4.
