1974 3037
285 116 337 144 685

566 116 595 145 5.
615 116 802 145 ATHANASII
821 116 895 144 OPP.
916 116 1006 144 PARS
1024 116 1045 144 1.
1065 130 1101 136 -
1120 115 1306 144 HISTORICA
1325 115 1369 144 ET
1388 116 1601 145 DOGMATICA.
1835 118 1877 147 ὀμ

285 179 432 207 nonnullos
444 179 489 214 qui
503 178 619 214 alicujus
637 179 715 214 pretii
737 179 909 212 videbantur,
923 179 1067 214 ipsumque

1124 174 1197 205 Οὗτοι
1219 178 1283 214 γὰρ,
1305 178 1349 204 ἀεὶ
1372 178 1422 213 τῆς
1442 178 1547 214 Ἀρείου
1572 178 1681 214 μερίδος
1702 178 1782 210 ὄντες,
1796 177 1878 214 καὶμὴ

285 224 475 258 imperatorem
488 223 677 251 Constantium
694 225 850 253 haereticum
864 224 1069 256 subornarunt;

285 269 365 305 573
379 269 416 296 ita
428 273 458 297 ut
468 269 613 305 synodum,
629 269 680 297 sub
692 269 822 296 ementita
836 268 990 296 asserenda:
1007 267 1069 295 fidei

282 318 375 351 specie
389 317 559 353 impetrarim
571 327 577 345 :
589 317 639 345 rati
653 325 683 344 se
692 316 829 345 Nicaenam
839 323 922 352 posse
935 315 1069 352 synodum

1122 224 1246 256 νοοῦντες
1263 225 1332 260 μήτε
1346 225 1404 256 πῶς
1416 225 1584 258 πιστεύουσι,
1603 225 1671 260 μήτε
1684 225 1743 261 περὶ
1758 225 1827 251 τίνων
1834 223 1879 252 δια-

1122 270 1306 303 ϐεϐαιοῦνται,
1318 271 1475 302 ἀπατῶντες
1485 271 1514 297 δὲ
1526 271 1640 298 ἕκαστον
1651 271 1750 307 ἡρέμα,
1763 271 1805 297 καὶ
1815 270 1880 305 σπέρ-

1124 325 1196 352 ματα
1211 317 1260 352 τῆς
1272 317 1405 352 αἱρέσεως
1419 316 1524 343 ἑαυτῶν
1540 316 1578 351 (7)
1591 316 1797 351 ὲπισπείροντες,
1810 315 1881 349 Milp-

284 363 411 396 obruere,
423 369 504 399 atque
524 364 561 391 ita
584 372 679 392 omnes
695 371 709 391 a
726 363 858 392 sententia
876 362 1026 395 dimovere,
1043 366 1069 388 ut

1124 364 1212 390 πασᾶν
1233 372 1310 394 τινας
1326 363 1379 389 τῶν
1394 363 1543 390 δοκούντων
1563 359 1633 390 εἷναί
1649 371 1684 394 τι,
1703 362 1747 388 καὶ
1759 360 1829 388 αὑτὸν
1846 359 1881 386 τὸν

284 410 410 446 impietas
428 411 551 438 veritatis
567 411 628 438 loco
644 411 766 438 obtineat
778 409 890 446 ubique.

1124 409 1236 444 βασιλέα
1253 408 1440 435 Κωνστάντιον
1453 408 1590 443 αἱρετικὸν
1603 408 1668 435 ὄντα
1680 428 1688 439 ,
1703 405 1883 443 σχηματισάμε-

282 464 322 483 vat
332 457 395 493 περὶ
411 457 539 490 πίστεως,
552 457 622 484 ὣστε
635 457 747 493 ποιῆσαι
757 457 883 491 γενέσθαι
897 455 1004 483 σύνοδον
1017 455 1067 492 (8)'
1086 453 1243 490 νομίζοντες
1260 453 1388 481 δύνασθαι
1402 453 1521 488 καλύψαι
1550 453 1599 489 τὴν
1620 454 1649 480 ὲν
1675 452 1771 487 Νικαίᾳ
1795 450 1884 477 σύνοδον

282 505 329 532 καὶ
342 506 406 538 τοὺς
416 506 520 539 πάντας
533 506 716 542 μεταπείθειν,
727 505 797 533 ὥστε
808 506 856 541 τὴν
866 505 994 532 ἀσέϐειαν
1003 504 1068 531 ἀντὶ
1083 504 1131 539 τῆς
1144 502 1272 538 ἀληθείας
1287 502 1424 538 κρατῆσαι
1439 501 1590 536 πανταχοῦ.

316 552 344 579 2.
358 551 391 580 Et
405 552 524 587 primum
541 553 651 588 quidem
666 552 692 580 id
708 552 785 579 valde
805 552 891 579 miror
903 551 987 587 (quod
999 559 1067 586 pru-

281 599 388 627 dentem
412 598 540 631 arbitror,
557 598 705 633 quemlibet
728 597 1003 631 animadversurum)
1026 597 1070 624 ni—

281 646 382 672 mirum
404 652 467 672 cum
485 644 648 672 universalis
664 644 785 680 synodus
808 643 910 671 indicta
934 646 1017 675 esset,
1032 642 1068 669 il-

281 691 389 725 lamque
399 698 493 718 omnes
501 695 701 725 exspectarent,
709 697 769 718 eam
780 689 925 725 derepente
933 688 1018 717 fuisse
1029 689 1071 717 di-

281 735 386 767 visam;
402 735 469 763 adeo
490 740 520 763 ut
544 736 572 763 lii
597 738 648 763 hoc
672 735 850 764 convenirent.
868 735 939 768 loco,
951 735 997 762 alii
1016 734 1070 762 alio

1157 549 1186 576 2.
1204 549 1315 584 Πρῶτον
1333 548 1383 584 μὲν
1397 546 1443 575 οὖν
1467 548 1554 582 ἔγωγε
1577 546 1709 583 θαυμάζω
1726 545 1847 582 (ἠγοῦμαι
1863 544 1886 571 δὲ

1107 596 1167 623 ’καὶ
1180 595 1270 622 πάντα
1283 594 1421 622 ὁντιναοῦν
1438 595 1568 630 φρόνιμον
1583 594 1663 620 τοῦτο
1687 593 1795 628 συνορᾷν
1811 591 1829 626 ),
1843 591 1886 621 ὅτι,

1121 641 1269 677 καθολικῆς
1291 640 1447 677 ὁρισθείσης
1469 640 1581 667 συνόδου
1595 661 1601 672 ,
1620 639 1667 666 καὶ
1683 638 1779 673 ταύτην
1797 638 1886 664 πάντων

1123 687 1345 724 προσδοκώντων,
1368 686 1497 721 ἐξαίφνης
1517 685 1647 722 διῃρέθη·
1665 684 1712 711 καὶ
1731 685 1754 710 οι
1777 683 1821 718 μὲν
1841 682 1887 708 ἐκεῖ

1123 733 1265 768 συνῆλθον,
1289 733 1314 759 oi
1337 732 1366 759 δὲ
1388 728 1439 759 ὧδε
1455 731 1655 767 συνεκρότησαν
1675 726 1850 760 ἑαυτούς.Ἦν
1865 727 1888 754 δὲ

281 789 342 809 sese
357 786 537 809 convocarent
551 791 556 809 :
571 782 643 816 quod
655 781 770 810 fortasse
783 781 882 809 divinae
893 781 1069 817 providentiae

1124 779 1173 815 Ξρα
1191 778 1269 805 τοῦτο
1289 779 1338 814 τῆς
1357 778 1488 812 Προνοίας
1507 777 1596 813 ἔργον,
1618 777 1661 803 ἵνα
1678 777 1706 802 ὲν
1729 775 1833 810 ἑκάστῃ,
1845 773 1887 800 τῶν

281 824 332 852 fuit
347 833 416 860 opus
434 846 441 858 ,
457 827 494 860 {ut
517 827 543 853 in
564 827 650 854 altera
680 827 783 863 synodo
802 827 944 854 hominum
963 827 1068 855 sincera

283 879 406 907 puraque
422 872 488 900 fldes
512 872 601 907 palam
617 873 746 906 fieret,in
761 873 845 901 altera
862 880 927 900 vero
941 878 1069 909 suspecta

279 917 402 944 virorum
417 916 553 953 dubiaque
566 917 649 944 animi
665 918 800 946 sententia
810 918 1068 953 deprehenderetur.

279 961 309 988 1d
322 969 431 997 quoque
449 962 526 994 mihi,
544 963 736 998 germanisque
754 962 885 991 fratribus
899 964 944 991 hic
960 972 1069 991 mecum

281 1007 463 1040 versantibus,
477 1008 504 1034 in
520 1009 748 1041 mentem‘subiit,
764 1012 846 1044 atque
857 1009 994 1044 ejusmodi
1007 1017 1070 1037 con-

282 1061 380 1081 cursus
405 1054 600 1081 absurditatem
625 1059 768 1083 cernentes
795 1055 992 1091 cogitabamus,
1008 1063 1070 1091 qua:

280 1106 326 1126 res
342 1103 481 1133 tantopere
489 1100 609 1135 urgebat,
623 1103 652 1126 ut
660 1099 734 1127 orbis
749 1103 883 1127 terrarum
897 1100 1067 1133 turbaretur,

280 1147 308 1171 et
321 1144 369 1178 qui
382 1149 440 1172 tum
461 1145 590 1180 temporis
605 1152 654 1180 pro
665 1145 773 1172 clericis
797 1145 979 1179 habebantur,
999 1145 1069 1173 ultro

281 1191 404 1226 citroque
417 1191 612 1224 discurrerent,
629 1191 801 1219 sciscitantes
818 1192 955 1227 quomodo
970 1192 997 1220 in
1016 1191 1071 1218 Do-

282 1237 387 1264 minum
411 1241 535 1265 nostrum
560 1236 653 1264 Jesum
678 1236 817 1265 Christum
845 1238 1012 1266 crederent?
1041 1239 1070 1266 Si

281 1283 356 1310 enim
370 1283 559 1316 credidissent,
574 1292 745 1320 nequaquam
759 1285 872 1320 perinde
885 1285 1015 1313 sciscitati
1026 1293 1071 1314 es-

282 1331 353 1360 sent,
364 1328 443 1361 quasi
455 1327 521 1362 quid
535 1327 677 1355 crederent
691 1335 746 1355 non
759 1327 902 1356 haberent.
912 1327 968 1356 lloc
979 1333 1069 1356 autem

281 1373 486 1401 eatechumenis
503 1373 576 1400 haud
595 1374 662 1402 levis
681 1373 842 1402 offensionis
859 1382 966 1407 ansam,
978 1375 1070 1402 ethni-
1089 1391 1092 1395 ι

284 1420 324 1447 cis
338 1426 401 1447 vero
422 1427 477 1447 non
492 1420 627 1448 modicam
643 1421 689 1448 sed
703 1421 817 1449 eﬂ‘usam
835 1421 907 1449 risus
927 1422 1069 1449 materiam

281 1466 398 1500 praebuit
411 1487 421 1499 ,
438 1467 509 1500 quod
521 1465 681 1500 Christiani,
697 1467 779 1495 veluti
792 1475 807 1495 e
822 1475 919 1495 somno
933 1475 1006 1495 nunc
1022 1476 1069 1495 εκ·
1083 1455 1104 1484 c

281 1510 375 1545 citati,
393 1515 519 1546 quaerant
548 1519 602 1546 qua
625 1512 730 1539 ratione
750 1512 777 1538 in
796 1511 933 1539 Christum
961 1512 1071 1540 credere

281 1558 487 1593 oporteat;qui
503 1563 595 1585 autem
622 1558 693 1586 inter
723 1558 784 1586 illos
811 1558 902 1586 clerici
926 1563 1070 1592 vocantur,

283 1602 393 1630 tametsi
406 1602 594 1629 auctoritatem
610 1601 681 1637 apud
699 1602 826 1637 populos,
839 1602 916 1636 quasi
933 1603 1068 1638 magistri,

280 1647 333 1675 sibi
347 1648 505 1680 vindicant,
508 1648 565 1683 jam
578 1656 606 1676 se
620 1653 711 1676 tamen
726 1648 848 1676 inﬁdeles
860 1649 1070 1681 declararerint,

281 1703 343 1722 cum
360 1695 521 1730 idquaarant
542 1695 646 1723 scilicet
665 1696 739 1731 quod
757 1704 811 1724 non
823 1696 933 1725 habent.
952 1696 1007 1724 Nec
1022 1697 1070 1724 ad-

281 1745 390 1768 vertunt
403 1740 533 1769 Ursacius
547 1746 574 1768 et
586 1741 663 1774 socii,
676 1743 721 1776 qui
734 1742 833 1769 horum
844 1747 971 1770 auctores
983 1742 1069 1776 fuere,

281 1794 412 1822 quantum
431 1788 483 1815 sibi
506 1788 553 1816 im
578 1788 738 1815 thesaurum
765 1789 932 1820 recondunt,
954 1788 1070 1816 Domino

281 1842 329 1869 per
342 1838 452 1862 sanctos
475 1842 541 1862 suos
560 1834 667 1862 dicente
683 1843 690 1861 :
709 1844 718 1861 ι
732 1834 778 1862 Vat
800 1835 856 1863 illis
867 1844 918 1871 per
934 1844 1003 1871 quos
1020 1845 1071 1864 no-

281 1886 342 1907 men
355 1888 446 1907 meum
458 1880 662 1915 blasphematur
673 1881 700 1908 in
712 1881 865 1916 gentibus"
874 1890 905 1915 ;-ι
916 1890 967 1910 suo
978 1887 1069 1910 autem

281 1926 341 1960 ipso
355 1934 404 1954 ore
423 1927 450 1954 in
470 1926 627 1963 Evangeliis
641 1929 698 1955 ait:
724 1937 732 1954 ι
748 1927 800 1962 Qui
815 1935 881 1964 ergo
898 1929 1071 1957 scandaliza‘

283 1975 352 2003 verit
372 1982 456 2002 unum
477 1975 511 2002 de
533 1975 640 2010 pusillis
661 1975 731 2008 istis,
744 1975 853 2010 expedit
867 1975 891 2002 ei
916 1981 944 2003 ut
958 1984 1070 2011 suspen-

280 2021 361 2049 datur
380 2021 451 2048 mola
465 2021 583 2048 asinaria
599 2021 625 2048 in
641 2021 712 2049 collo
733 2021 794 2057 ejus
808 2026 835 2049 et
849 2022 1023 2058 demergatur
1034 2023 1067 2058 ‘,iu

281 2067 445 2103 profundum
469 2068 569 2101 maris,
585 2075 677 2103 quam,
696 2077 705 2093 ι
733 2073 762 2095 ιιι
777 2068 880 2096 addidit
894 2067 993 2102 Lucas,
1015 2078 1023 2094 ι
1041 2073 1070 2096 ut

281 2114 448 2145 scandalizet
460 2122 545 2142 unum
558 2114 591 2141 de
603 2114 709 2149 pusillis
723 2115 783 2142 istis
794 2115 827 2142 ".
842 2124 851 2141 ι

316 2161 343 2189 ὃ.
359 2161 429 2194 Quid
441 2162 514 2188 enim
528 2161 658 2188 doctrinae
668 2161 702 2188 ad
720 2161 792 2196 piam
810 2161 968 2197 religionem
981 2161 1069 2189 defuit

280 2207 409 2235 Ecclesia
423 2207 572 2239 catholicae,
589 2210 618 2234 ut
633 2215 706 2235 nunc
722 2207 755 2234 de
767 2207 818 2235 fide
833 2207 1003 2242 perquirant,
1021 2211 1068 2234 ut-

281 2262 334 2288 que
346 2254 404 2281 suis
416 2253 450 2280 de
471 2253 523 2280 ﬁde
544 2253 762 2287 expositionibus
776 2253 917 2288 praesentis
935 2253 1067 2288 temporis

281 2301 452 2330 consulatum
478 2300 636 2336 praefigunt?
657 2300 789 2328 Ursacius
818 2300 903 2332 enim,
924 2298 1024 2327 Valens
1043 2304 1071 2326 et

281 2347 438 2375 Germinius
445 2354 508 2374 cum
518 2354 602 2374 socns
612 2345 640 2373 id
647 2345 745 2378 fecere,
754 2345 827 2380 quod
842 2351 982 2380 nunquam
994 2343 1066 2378 apud

1122 826 1170 861 μὲν
1183 825 1213 851 τὸ
1226 825 1318 852 ἄδολον
1335 824 1382 850 καὶ
1400 823 1518 860 καθαρὸν
1535 823 1585 858 τῆς
1601 822 1719 853 πίστεως
1732 820 1818 855 δειχθῇ
1836 818 1889 854 φρό-

1120 881 1205 908 νημα,
1217 871 1271 898 τῶν
1282 872 1310 898 δὲ
1319 871 1350 898 τδ
1360 871 1483 898 ὕποπτον
1494 871 1540 897 καὶ
1549 871 1608 905 ἀμφ
1613 869 1700 896 ίὸολον
1709 867 1772 904 ἦθος
1782 867 1887 902 ἐλεγχθῇ.

1122 919 1236 945 Ἔπειτα
1251 918 1362 944 κάκεῖνο
1387 916 1546 952 διενοούμην
1571 916 1608 951 (9)
1634 915 1704 951 μετὰ
1723 915 1775 941 τῶν
1791 912 1889 940 ἐνταῦθα

1120 965 1240 1000 γνησίων
1255 964 1388 999 ἀδελφῶν,
1399 964 1446 990 καὶ
1457 963 1518 990 καθ’
1531 963 1642 994 ἑαυτοὺς
1652 962 1826 998 ἠσχὰλλομεν,
1837 959 1889 986 θεω-

1122 1011 1233 1047 ροῦντες
1249 1010 1280 1037 τὸ
1302 1011 1425 1046 ἀπρεπὲς
1451 1009 1501 1044 τῆς
1523 1009 1657 1044 τοσαύτης
1685 1007 1840 1044 συνδρομῆς.
1865 1006 1889 1032 Τί

1121 1056 1174 1092 γὰρ
1187 1055 1313 1082 τοσοῦτον
1333 1055 1454 1091 ἧπειξεν,
1478 1055 1549 1082 ὥστε
1566 1056 1615 1092 τὴν
1635 1054 1795 1090 οίκουμένην
1816 1054 1890 1080 διατα-

1122 1101 1264 1137 ραχθῆναι,
1283 1102 1329 1128 καὶ
1349 1102 1411 1133 τοὺς
1427 1101 1589 1137 λεγομένους
1605 1102 1633 1127 ὲν
1655 1100 1696 1136 τῷ
1716 1099 1801 1135 καιρῷ
1821 1099 1891 1133 τούτῳ

1122 1147 1268 1183 κληρικοὺς
1282 1147 1434 1183 διατρέχειν
1450 1147 1506 1174 ἄνω
1517 1147 1565 1174 καὶ
1580 1146 1654 1173 κάτω
1665 1146 1735 1181 (10),
1747 1145 1792 1173 καὶ
1805 1145 1891 1180 ζητεῖν.

1122 1193 1180 1225 πῶς
1202 1193 1256 1229 ἄρα
1279 1193 1385 1229 μάθωσι
1408 1193 1552 1220 πιστεύειν
1577 1194 1617 1225 εἰς
1632 1192 1680 1219 τὸν
1703 1191 1803 1227 Κύριον
1829 1189 1893 1225 ἡμῶν

1128 1239 1230 1275 Ἰησοῦν
1246 1239 1380 1275 Χριστόν;
1401 1239 1433 1265 Εἰ
1452 1238 1506 1274 γὰρ
1523 1239 1675 1270 ἐπίστευον,
1694 1238 1745 1264 οὐκ
1765 1237 1796 1264 ἂν
1816 1236 1848 1267 ὡς
1864 1234 1893 1270 μὴ

1122 1286 1231 1322 ἔχοντες
1254 1286 1376 1321 ἐζήτουν.
1400 1284 1486 1311 Τοῦτο
1506 1285 1535 1311 δὲ
1557 1286 1613 1316 τοῖς
1630 1285 1683 1320 μὲν
1699 1282 1893 1319 κατηχουμένοις

1121 1335 1171 1360 οὐκ
1186 1333 1275 1367 ὀλίγον
1291 1332 1436 1359 σκάνδαλον
1446 1340 1452 1346 ·
1471 1332 1528 1362 τοῖς
1540 1331 1569 1358 δὲ
1587 1330 1718 1365 Ἕλλησιν
1728 1330 1758 1356 οὐ
1775 1329 1804 1355 τὸ
1819 1326 1892 1362 τυχὸν,

1122 1380 1190 1406 ἀλλὰ
1204 1380 1250 1406 καὶ
1262 1379 1367 1405 πλατὺν
1380 1377 1435 1413 (11)
1451 1377 1557 1411 γέλωτα
1572 1377 1722 1412 παρέσχεν,
1737 1375 1760 1402 εί
1780 1375 1892 1410 Χριστια-

1122 1428 1173 1460 vol,
1189 1427 1282 1462 ὥσπερ
1301 1426 1330 1458 ἐξ
1353 1425 1437 1451 ὕπνου
1459 1423 1505 1451 νῦν
1526 1423 1698 1459 ὲγερθέντες,
1715 1421 1831 1458 ζητοῦσι,
1848 1417 1894 1449 πῶς

1120 1474 1161 1500 δεῖ
1184 1473 1247 1508 περὶ
1269 1471 1387 1508 Χριστοῦ
1416 1470 1554 1496 πιστεύειν
1569 1470 1636 1505 (121.
1661 1470 1693 1496 0i.
1721 1469 1750 1496 δὲ
1772 1468 1893 1501 λεγόμενοι

1120 1519 1244 1555 κληρικοὶ
1258 1518 1370 1550 τούτων,
1385 1518 1474 1543 καίτοι
1486 1516 1519 1542 τὰ
1536 1515 1669 1551 πρεσϐεῖα
1685 1515 1760 1552 παρὰ
1772 1514 1823 1540 τῶν
1837 1511 1893 1538 λαῶν

1120 1563 1309 1596 ὲχδικοῦντες,
1328 1564 1366 1595 ὡς
1386 1562 1541 1589 διδάσκαλοι
1559 1583 1566 1594 ,
1588 1561 1635 1587 νῦν
1660 1561 1777 1596 ἤλεγξαν
1800 1557 1893 1586 ἑαυτοὺς

1119 1611 1260 1643 ἀπίστους,
1277 1609 1421 1645 ζητοῦντες
1435 1610 1503 1644 ὅπερ
1519 1609 1569 1635 οὐκ
1591 1607 1694 1643 ἔχουσι.
1710 1607 1765 1633 Καὶ
1777 1604 1895 1640 ἠγνόησαν

1119 1659 1144 1684 oi
1167 1658 1231 1693 mp).
1247 1656 1410 1692 Οὖρσάκιον,
1428 1655 1531 1682 τούτων
1560 1655 1640 1681 αἴτιοι
1663 1653 1820 1688 γενόμενοι,
1838 1650 1892 1684 ὅσην

1120 1705 1227 1735 ἑαυτοῖς
1242 1702 1425 1738 ὲθησαύρισαν
1441 1701 1536 1738 ὀργὴν,
1549 1700 1676 1734 λέγοντος
1691 1699 1738 1725 τοῦ
1754 1696 1849 1732 Κυρίου
1861 1693 1895 1720 διὰ

1122 1750 1171 1785 μὲν
1186 1749 1239 1776 τῶν
1252 1748 1356 1782 ἁγίων·
1379 1757 1387 1772 ι
1401 1747 1478 1778 Οὐαὶ,
1506 1746 1540 1773 δι’
1559 1745 1607 1778 οὓς
1630 1745 1662 1772 τὸ
1679 1744 1767 1779 ὄνομα
1784 1751 1832 1779 μου
1845 1740 1896 1776 βλα-

1121 1796 1270 1831 σφημεῖται
1293 1795 1322 1821 ἐν
1343 1795 1399 1826 τοῖς
1415 1792 1504 1819 ἔθνεσι
1517 1800 1524 1808 ο
1542 1802 1550 1818 ι
1575 1791 1618 1818 διὰ
1644 1791 1674 1818 δὲ
1696 1790 1792 1817 ἑαυτοῦ
1809 1790 1836 1815 ὲν
1852 1787 1896 1817 τοῖς

1120 1841 1297 1876 Εὑαγγελίοις
1308 1849 1315 1856 ·
1333 1850 1341 1866 ι
1358 1841 1405 1872 Ὃς
1422 1838 1468 1866 οὖν
1486 1839 1533 1866 ἐὰν
1553 1838 1721 1874 σκανδαλίσῃ
1736 1838 1783 1864 ἕνα
1797 1835 1847 1862 τῶν
1862 1842 1896 1868 μι-

1120 1889 1195 1924 κρῶν
1208 1887 1322 1919 τούτων,
1338 1886 1473 1922 συμφέρει
1487 1885 1562 1920 αὑτῷ
1577 1885 1620 1911 ἵνα
1638 1885 1725 1920 μύλος
1741 1883 1826 1914 ὀνικὸς
1845 1887 1896 1916 κρε-

1122 1933 1212 1970 μασθῇ
1224 1934 1264 1965 εἰς
1280 1932 1324 1959 τὸν
1344 1931 1478 1968 τράχηλον
1493 1931 1587 1962 αὑτοῦ,
1603 1932 1652 1957 καὶ
1669 1927 1863 1961 καταποντισθῇ
1875 1926 1895 1951 ἓν

1121 1979 1159 2015 τῷ
1187 1979 1300 2014 πελάγει
1326 1980 1376 2013 τῆς
1401 1977 1592 2014 θαλάσσης-ἢ
1614 1978 1669 2009 ἵνα,
1684 1987 1693 2003 ι
1717 1976 1756 2008 ὡς
1777 1977 1791 2002 ό
1808 1972 1895 2001 Λουκᾶς

1121 2023 1286 2060 προσέθηκε,
1305 2033 1314 2049 ι
1328 2022 1490 2059 σκανδαλίσῃ
1507 2022 1561 2049 τῶν
1579 2023 1689 2058 μικρῶν
1704 2022 1806 2048 τούτων
1815 2020 1866 2045 ινα.
1880 2026 1887 2041 ι

1157 2160 1183 2186 5.
1204 2159 1236 2186 Τί
1261 2158 1315 2194 γὰρ
1341 2159 1431 2185 ἔλειπε
1458 2157 1631 2189 διδασκαλίας
1652 2158 1694 2188 εἰς
1714 2154 1850 2183 εὐσέϐειαν
1871 2150 1897 2184 τῇ

1120 2205 1250 2241 καθολικῇ
1274 2205 1421 2240 Ἐκκλησία
1438 2204 1507 2239 (15),
1536 2204 1579 2230 ἵνα
1596 2203 1644 2230 νῦν
1660 2204 1728 2238 περὶ
1741 2202 1853 2230 πίστεως
1861 2196 1898 2231 ζη-

1121 2251 1199 2283 τῶσι,
1214 2251 1260 2277 καὶ
1275 2250 1324 2285 τὴν
1349 2250 1480 2276 ὑπατείαν
1495 2249 1551 2276 τῶν
1566 2249 1710 2285 παρόντων
1727 2248 1828 2283 χρόνων
1844 2250 1899 2278 προ·

1122 2298 1243 2324 τάσσωσι
1254 2297 1310 2324 τῶν
1326 2297 1391 2333 παρ’
1408 2296 1497 2324 αὐτῶν
1514 2295 1699 2331 ἐκτιθεμένων
1725 2293 1851 2330 ῥημάτων
1862 2288 1900 2322 δῆ-

1124 2343 1168 2370 Θεν
1183 2343 1247 2379 περὶ
1265 2343 1402 2375 πίστεως;
1418 2341 1570 2377 υύρσάκιος
1586 2341 1640 2376 γὰρ
1665 2340 1715 2367 καὶ
1736 2338 1849 2373 Οὐάλης.
1864 2333 1901 2360 καὶ

317 2439 338 2455 ⁹¹
358 2438 411 2466 lsa.
425 2446 473 2471 Lit,
496 2437 533 2470 5;
549 2436 628 2464 Rom.
643 2444 674 2469 ιι,
686 2436 731 2463 2|.
769 2435 793 2452 "
812 2434 908 2462 Matth.
925 2441 1006 2468 mu,
1023 2433 1056 2468 6;
1073 2434 1141 2462 Luc.
1156 2441 1226 2466 xvn,
1244 2433 1271 2461 2.

318 2515 356 2550 (7)
377 2514 422 2543 Sic
436 2515 545 2550 Regius.
563 2514 635 2541 Editi
650 2522 725 2550 vero,
735 2514 836 2541 αὐτῶν.

319 2548 356 2583 (8i
376 2548 504 2578 Ottobon.
520 2551 533 2577 1
551 2554 577 2577 et
597 2551 615 2576 2
637 2555 664 2577 et
686 2549 806 2577 Felckm.
824 2550 851 2579 5.
865 2549 990 2583 γενέσθαι
1007 2548 1070 2575 σὺν·

282 2590 349 2618 οδον,
367 2587 416 2613 καὶ
437 2587 501 2618 τοὺς
520 2587 623 2617 πάντας
641 2585 824 2621 μεταπείθειν,
839 2585 909 2612 ὥστε
931 2584 980 2646 τὶς
1005 2584 1069 2610 ἀσέ-

284 2622 358 2646 ϐειαν
369 2623 428 2646 ἀντὶ
441 2622 490 2646 τῆς
505 2621 633 2646 ἀληθείας
649 2621 784 2646 κρατῆσαι
801 2619 955 2646 παπανοῦ(
981 2619 1031 2646 elc.
1041 2619 1069 2646 5.

284 2622 358 2648 ϐειαν
369 2623 428 2648 ἀντὶ
441 2622 490 2657 τῆς
505 2621 633 2657 ἀληθείας
643 2619 939 2657 ’κρατῆσαιλπανταχοῦ
948 2619 1031 2657 (Eelc.
1041 2619 1069 2657 ξ),

284 2630 358 2648 οειαν
369 2630 428 2648 αντι
441 2631 490 2657 της
505 2630 633 2657 αληυειας
649 2630 666 2648 κ
687 2630 784 2656 ατησαι
801 2630 1031 2655 πανταχουμ-ιτιο.
1041 2630 1069 2649 ο,

284 2657 402 2695 πᾴντιυν)
416 2657 573 2695 νομίζοντες
585 2630 711 2695 δύνασθαι
724 2655 908 2695 ’καλύψαι-τὴν
925 2656 953 2682 ἐν
968 2655 1070 2695 Νικαίᾳ

285 2690 401 2728 σύνοδονζ
420 2690 530 2728 Πρῶτον
547 2693 595 2727 μὲν
611 2690 667 2726 οὖν,
681 2693 775 2720 cadent
799 2690 903 2719 scilicet
924 2690 1068 2722 sententia,

286 2727 331 2753 sed
350 2727 464 2763 inversis
478 2728 632 2763 phrasibus.

320 2762 360 2799 (91
379 2760 496 2791 Felckni.
512 2762 718 2799 5,}Stavooﬁitsv.
739 2763 792 2790 Alii
813 2760 1068 2799 omnes__cum_ed_i_-

284 2795 331 2828 tis;
351 2797 518 2834 διενοούμην.
537 2795 755 2834 υιτιιιιιιεἸιεεῑὶο
769 2797 894 2834 quadrat.
912 2796 972 2825 Mox
986 2795 1067 2824 Basil.

283 2839 311 2864 et
327 2834 446 2862 Feb-km.
462 2835 488 2866 5,
505 2833 667 2868 ὴσχάλομιν.

1157 2512 1213 2547 (ιο)
1235 2511 1281 2539 Sic
1295 2511 1397 2547 Regius
1411 2515 1439 2539 et
1451 2510 1579 2539 Ottobon.
1596 2510 1621 2542 1,
1633 2509 1660 2537 2.
1678 2509 1706 2537 1η
1721 2508 1782 2536 aliis
1797 2511 1822 2534 et
1832 2503 1902 2532 editis

1123 2547 1198 2575 deest
1214 2547 1261 2574 καὶ
1274 2547 1362 2574 κάτω.

1158 2573 1215 2617 (ιι)
1235 2573 1363 2609 cum»th
1381 2582 1393 2609 ι
1412 2586 1439 2609 el
1453 2580 1546 2609 Felck.
1565 2581 1592 2613 δ,
1609 2579 1712 2607 πλατύ.
1736 2578 1798 2605 Mox
1820 2573 1900 2602 Felck.

1123 2619 1150 2651 5,
1166 2619 1190 2644 oi
1207 2617 1376 2653 Χριστιανοὶ,
1393 2617 1481 2653 male._
1529 2651 1536 2653 ν
1616 2650 1627 2653 _
1658 2649 1678 2653 _
1689 2650 1707 2653 __
1723 2651 1729 2653 _
1875 2642 1886 2648 ,

1159 2653 1216 2688 (ιὲ)
1234 2647 1283 2680 ’διο
1298 2647 1398 2687 Regius
1417 2657 1445 2688 ct
1464 2650 1639 2688 0ttobpn._2.
1657 2649 1738 2688 Editi
1753 2653 1778 2676 et
1797 2647 1842 2688 alii
1860 2651 1901 2688 νῖν

1123 2679 1352 2715 ιιηὶέιγέτιστεύεινῗ
1363 2687 1447 2715 Paulo
1464 2692 1525 2722 post
1539 2686 1667 2714 Ottobon.
1683 2686 1710 2719 1,
1724 2685 1751 2717 2,
1765 2690 1787 2711 et
1801 2681 1866 2708 Fch-
1877 2679 1898 2708 ⁵·

1124 2724 1199 2759 παρὰ
1215 2722 1253 2758 τῷ
1269 2723 1351 2759 λαῷμ
1536 2757 1542 2759 _
1572 2756 1586 2759 _
1840 2749 1868 2759 n-

1161 2749 1216 2794 (llii)
1238 2749 1299 2786 llaec
1311 2749 1446 2794 habentur
1472 2757 1544 2794 apud
1571 2756 1725 2794 Socratem,
1741 2755 1788 2794 lib.
1804 2761 1820 2779 ιι

1161 2765 1216 2794 (ιο)
1238 2765 1299 2786 Haec
1311 2765 1446 2785 habentur
1472 2765 1544 2818 aﬁpua
1571 2765 1725 2786 bocratem,
1742 2765 1788 2794 IID'.
1804 2765 1820 2779 ιι
1836 2765 1898 2790 {ny--

1123 2794 1228 2826 coclea,
1247 2803 1272 2822 c.
1287 2794 1331 2821 57.
1348 2793 1460 2828 Regius,
1497 2792 1570 2820 λιπε.
1588 2791 1654 2828 Ibid.
1674 2790 1796 2817 Socratis
1815 2789 1898 2814 editio-

1125 2838 1173 2858 nes
1190 2835 1307 2864 veteres,
1323 2830 1363 2862 είς
1378 2825 1552 2859 δῖδασκαλίας
1567 2825 1719 2854 εὐσέϐειαν.
