1974 3037
116 131 168 159 693

843 133 875 160 )E
895 132 1048 161 SYNODIS.

1683 131 1734 160 694

116 200 176 219 νετο
194 192 249 227 (46)
262 201 269 208 ο
286 193 481 228 γεγεννημένον
500 193 528 219 δὲ
546 194 693 228 μονογενῆ,
707 194 786 229 μόνον
803 195 834 220 ὲκ
853 193 901 229 μό-

969 199 1033 222 unt:
1043 199 1136 222 natum
1151 194 1332 229 unigenitum,
1343 193 1430 221 solum
1440 200 1471 220 ex
1485 193 1542 221 solo
1551 191 1639 226 Patre,
1648 191 1734 220 Deum

117 247 163 265 νου
176 238 223 264 τοῦ
237 238 351 273 Πατρὸς¹
367 238 432 264 Θεὸν
445 240 476 265 ὲκ
495 238 573 270 Θεοῦ,
588 239 679 274 ὅμοιον
693 239 732 274 τῷ
743 239 903 275 γεννήσαντι

116 283 198 310 αὺτὺν
215 284 310 319 Ila-cpt,
330 283 400 310 κατά
411 284 461 315 τὰς
475 284 585 320 Γραφάς
594 293 602 300 θ
618 282 649 312 οὗ
662 285 710 320 τὴν
725 285 831 319 γένεσιν
845 285 903 311 οὑδ-

117 327 158 360 st:
174 330 316 356 ἐπίσταται
326 350 334 361 ,
349 330 373 356 εἰ
394 330 430 365 μὴ
449 330 527 365 μόνος
537 332 551 357 ὁ
565 332 697 366 γεννήσας
707 331 786 357 αὐτὸν
798 332 902 366 Πατήρ.

118 374 219 401 Τοῦτον
247 375 325 410 ἴσμεν
351 374 398 401 τοῦ
423 375 490 402 Θεοῦ
520 376 649 411 μονογενῆ
676 375 739 402 Υἱὸν
752 396 760 408 ,
791 376 904 410 νεύματι

119 421 246 457 πατρικῷ
264 421 483 457 παραγενόμενον
499 423 530 448 ὲκ
549 422 603 448 τῶν
613 422 734 458 οὐρανῶν
751 423 790 454 είς
809 421 905 457 ἀθέτη-

119 475 161 493 σιν
174 467 320 502 ἁμαρτίας,
349 467 396 494 καὶ
418 467 580 502 γεννηθέντα
596 468 626 493 ὲκ
642 467 751 503 Μαρίας
766 467 815 502 τῆς
833 467 906 502 Παρ-

121 512 196 539 Θένου
209 532 216 544 ,
234 513 281 538 καὶ
298 513 505 549 ἀναστραφέντα
522 513 591 548 μετὰ
616 513 670 539 τῶν
696 512 822 548 μαθητῶν
835 533 842 544 ,
860 512 907 538 καὶ

120 558 210 584 πᾶσαν
227 558 275 593 τὴν
291 559 445 593 οἰκονομίαν
463 558 645 594 πληρώσαντα
661 558 732 585 κατά
743 558 791 593 τὴν
809 566 907 593 πατρι-

121 603 172 638 κὴν
187 603 322 638 βούλησιν,
342 604 530 639 σταυρωθέντα
547 604 593 630 καὶ
610 604 790 636 ἀποθανόντα,
804 604 851 630 καὶ
867 605 908 635 είς

120 648 156 675 τὰ
169 649 332 684 καταχθόνια
346 649 506 677 κατελθόντα
518 650 585 685 (47),
601 651 646 677 καὶ
658 650 693 677 τὰ
705 651 793 676 ἐκεῖσε
806 651 907 676 οἰκονο-

124 694 259 729 μήσαντα,
277 694 306 721 ὃν
319 695 438 731 πυλωροὶ
451 695 513 730 ᾅδου
529 696 627 727 ἰδόντες
642 694 764 730 Εφριξαν,
782 696 829 722 καὶ
844 695 910 721 ἀνα-

124 740 224 766 στάντα
241 741 273 767 ἐκ
288 741 392 777 νεκρῶν
407 743 439 778 τῇ
454 742 532 779 τρίτῃ
545 742 647 777 ἡμέρᾳ,
665 742 712 768 καὶ
725 741 911 776 ἀναστραφέν-

123 794 158 812 τα
181 787 249 821 μετά
269 787 324 814 τῶν
343 787 470 822 μαθητῶν
482 808 489 819 ,
516 788 564 814 καὶ
579 788 670 814 πᾶσαν
689 787 738 823 τὴν
757 786 910 822 οἰκονομίαν

123 831 317 868 πληρώσαντα,
331 834 378 860 καὶ
391 834 591 869 τεσσαράκοντα
603 833 657 869 (48)
671 833 781 869 ἡμερῶν
793 833 911 869 πληρου-

954 241 988 269 de
998 241 1061 273 Deo,
1079 241 1194 268 similem
1207 240 1278 267 Patri
1297 247 1347 268 suo
1360 239 1407 274 qui
1419 239 1507 274 ipsum
1524 239 1625 274 genuit,
1638 246 1736 266 secun-

954 288 1018 314 dum
1037 286 1193 321 Scripturas
1209 296 1215 313 ι
1233 286 1313 321 cujus
1329 286 1532 321 generationem
1554 292 1634 312 nemo
1648 285 1734 314 novit.

954 332 1006 359 nisi
1023 332 1097 359 solus
1121 332 1167 366 qui
1184 332 1273 366 ipsum
1298 331 1401 366 genuit,
1419 330 1509 358 l’ater.
1535 329 1614 358 llunc
1634 330 1738 358 scimus

955 377 1002 404 Dei
1014 377 1181 413 unigenitum
1195 376 1304 409 Filium,
1316 382 1383 404 nutu
1398 382 1509 412 paterno
1522 377 1554 404 de
1565 377 1641 404 ccelis
1656 376 1737 403 adve-

955 424 1039 457 nisse,
1052 424 1084 451 ad
1101 423 1295 451 destruendum
1310 427 1451 458 peccatum
1465 432 1471 450 :
1490 427 1517 449 et
1528 427 1620 450 natum
1633 430 1667 449 ex
1681 421 1737 448 Ma-

956 472 996 498 ria
1007 471 1128 506 Virgine,
1148 475 1285 498 versatum
1307 479 1369 498 cum
1394 470 1545 505 discipulis,
1566 470 1612 505 qui
1629 477 1738 496 omnem

956 517 1188 552 dispensationem
1219 516 1340 551 implevit
1365 517 1514 544 secundum
1534 520 1674 550 paternam
1692 523 1742 542 vo-

957 564 1102 596 luntatem,
1120 563 1282 591 cruciﬁxum
1300 567 1328 589 et
1345 567 1504 590 mortuum:
1519 562 1565 597 qui
1585 561 1619 588 ad
1639 561 1740 588 inferos

958 608 1107 641 descendit,
1117 612 1144 635 et
1153 616 1213 643 quae
1225 608 1281 635 illic
1292 608 1395 644 agenda
1410 608 1546 635 ordinavit
1558 616 1564 634 :
1579 615 1660 642 quem
1675 614 1741 634 con-

959 655 1056 688 spicati
1072 654 1222 682 inferorum
1245 654 1349 681 ostiarii
1369 654 1568 681 exhorruerunt
1582 662 1588 679 :
1600 653 1647 687 qui
1663 652 1741 680 tertia

959 701 1003 728 die
1017 700 1186 728 resurrexita
1196 700 1320 733 mortuis;
1331 700 1376 735 qui
1388 707 1449 727 cum
1459 699 1600 733 discipulis
1608 703 1742 731 versatus,

960 746 1005 774 ubi
1019 753 1125 773 omnem
1133 745 1213 780 577
1221 745 1450 780 dispensationem
1465 744 1613 778 implesset,
1626 744 1746 778 peractis

961 789 1248 825 quadragintadiebus,
1258 795 1415 824 assumptus
1425 789 1499 816 estin
1509 788 1603 821 caelos,
1617 788 1749 823 sedetque

962 835 996 861 ad
1020 834 1159 862 dexteram
1187 833 1275 861 Patris
1291 843 1297 860 :
1311 835 1357 869 qui
1379 839 1510 861 venturus
1532 839 1573 861 est
1592 834 1687 862 ultima
1702 834 1748 863 die

126 878 214 913 μένων
229 879 416 914 ἀναληφθέντα
431 879 471 910 εὶς
484 880 546 910 τοὺς
563 879 693 914 οὐρανοὺς
703 899 710 910 ,
731 879 778 905 καὶ
796 878 911 910 καθεζό-

969 880 1172 907 resurrectionis
1182 888 1243 907 cum
1263 881 1348 915 gloria
1372 885 1495 917 paterna,
1513 879 1668 908 redditurus
1687 880 1744 907 sin-

126 932 206 958 μενον
219 925 250 951 ἐκ
266 923 359 956 δεξιῶν
373 924 420 950 τοῦ
437 924 543 960 Πατρὸς
553 945 559 956 ,
577 925 623 951 καὶ
638 925 812 960 ἐλευσόμενον
836 925 864 950 ὲν
879 925 912 959 τῇ

126 970 229 1006 ὶοχάτῃ
243 971 335 1005 ἡμέρᾳ
348 970 397 1005 τῆς
411 970 584 1002 ἀναστάσεως
607 972 639 1006 τῇ
655 970 716 1005 δόξη
730 972 763 1006 τῇ
782 971 912 1006 πατρικῇ,

126 1016 285 1042 ἀποδιδόντα
301 1016 407 1051 ἑκάστῳ
423 1016 493 1043 κατὰ
511 1016 544 1042 τὰ
563 1017 630 1051 ἔργα
647 1016 728 1043 αὐτοῦ
739 1026 747 1031 -
771 1017 817 1043 καὶ
831 1017 870 1048 είς
884 1017 914 1043 τὸ

127 1062 204 1096 ἅγιον
220 1062 346 1097 Πνεῦμα,
362 1063 377 1089 ὃ
389 1063 468 1095 αὐτὸς
485 1065 498 1090 ὁ
511 1064 656 1099 μονογενὴς
670 1064 715 1089 τοῦ
729 1063 796 1090 Θεοῦ
813 1063 915 1099 Ἰησοῦς

126 1108 243 1143 Χριστὸς
267 1109 448 1143 ἐπηγγείλατο
464 1109 519 1143 (49)
534 1109 639 1144 πέμψαι
655 1109 782 1144 τῷτγένει
800 1109 853 1136 τῶν
870 1109 915 1135 ἀν-

127 1153 245 1189 θρώπων
255 1174 262 1186 ,
289 1155 334 1180 τὸν
361 1155 540 1190 Παράκλητον
549 1175 557 1187 ,
578 1155 646 1182 κατά
660 1155 698 1182 τὸ¹
707 1155 897 1190 γεγραμμένον
907 1163 914 1170 ·

131 1207 141 1222 σ
157 1198 325 1233 ’Ᾱπέρχομαι
338 1199 406 1233 πρὸς
415 1199 460 1226 τὸν
473 1200 582 1235 Πατέρα
595 1209 657 1235 μου,
672 1200 718 1226 καὶ
733 1200 917 1235 παρακαλέσω

127 1243 174 1269 τὸν
190 1242 308 1278 Πατέρα.
323 1244 370 1270 καὶ
385 1243 463 1270 ἄλλον
480 1244 656 1280 Παράκλητον
668 1245 770 1280 πέμψει
785 1245 859 1280 ὑμῖν.
881 1245 918 1270 Τὸ

130 1288 238 1323 πνεῦμα
253 1289 302 1323 τῆς
323 1288 453 1324 ἀληθείας
469 1291 571 1322 ἐκεῖνος
592 1291 623 1317 ἐκ
640 1290 687 1317 τοῦ
704 1290 771 1326 ἐμοῦ
792 1290 917 1326 λήψεται,

129 1333 179 1360 καὶ
189 1333 298 1366 διδάξει,
310 1335 357 1361 καὶ
368 1335 519 1370 ὑπομνήσει
530 1336 603 1371 ὑμᾶς
615 1337 712 1364 πάντα.
721 1347 729 1362 ι
744 1337 780 1363 Τὸ
792 1337 820 1363 δὲ
834 1337 919 1372 ὄνομα

129 1379 180 1414 τῆς
191 1380 283 1412 οὐσίας
297 1379 341 1406 διὰ
355 1381 385 1407 τὸ
396 1381 578 1417 ἁπλούστερον
589 1383 641 1409 ὑπὸ
651 1383 705 1418 (50)
726 1382 777 1409 τῶν
792 1382 919 1418 Πατέρων

130 1425 266 1454 τεθεῖσθαι
276 1447 284 1459 ,
309 1428 487 1463 ἀγνοούμενον
501 1429 532 1455 δὲ
547 1429 599 1455 ὑπὸ
615 1429 668 1454 τῶν
684 1428 755 1455 λαῶν
775 1428 920 1455 σκάνδαλον

132 1471 244 1508 φέρειν,
260 1473 304 1501 διά
323 1474 353 1500 τὸ
376 1475 446 1509 μήτε
459 1475 513 1506 τὰς
531 1475 641 1510 Γραφὰς
663 1474 741 1501 τοῦτο
762 1474 918 1509 περιέχειν.

131 1518 215 1553 ἤρεσε
228 1519 306 1546 τοῦτο
320 1520 538 1556 περιαιρεθῆναι,
557 1520 605 1547 καὶ
624 1520 762 1552 παντελῶς
787 1519 920 1555 μηδεμίαν

963 925 1034 960 gulis
1057 925 1133 960 juxta
1159 932 1241 959 opera
1265 933 1324 952 sua.
1351 924 1382 951 Et
1407 925 1433 952 in
1453 924 1585 960 Spiritum
1610 930 1745 957 sanctum,

963 978 1044 1005 quem
1060 971 1117 1004 ipse
1134 970 1289 1005 unigenitus
1314 970 1360 997 Dei
1386 970 1465 998 Jesus
1483 971 1610 999 Christus
1624 972 1747 1006 promisit

964 1025 994 1044 se
1011 1017 1158 1044 missurum
1186 1017 1276 1052 generi
1301 1017 1454 1048 hominum,
1468 1017 1647 1049 Paracletum.
1661 1017 1687 1044 id
1707 1023 1749 1044 est

964 1062 1169 1090 Uousolatorem
1189 1083 1196 1095 ,
1210 1067 1240 1090 ut
1255 1063 1386 1098 scriptum
1401 1068 1441 1090 est
1455 1072 1462 1090 :
1479 1073 1487 1089 ι
1507 1063 1580 1090 Vado
1594 1063 1626 1090 ad
1641 1063 1748 1090 Patrem

966 1115 1067 1140 meum,
1076 1113 1103 1135 et
1112 1108 1212 1143 rogabo
1223 1107 1341 1139 Patrem.
1351 1112 1377 1134 et
1386 1108 1470 1135 alium
1484 1107 1652 1135 Paraeletum
1662 1108 1750 1135 mittet

966 1153 1052 1180 vobis.
1068 1152 1198 1189 Spiritum
1212 1154 1333 1182 veritatis
1349 1154 1392 1182 ille
1404 1154 1437 1181 de
1453 1162 1514 1181 meo
1526 1154 1686 1188 accipiet,et
1700 1154 1748 1180 do-

967 1198 1039 1225 cebit
1053 1206 1101 1226 vos
1122 1206 1154 1226 ac
1171 1204 1297 1234 suggeret
1315 1199 1392 1227 vobis
1407 1199 1498 1226 omnia
1516 1199 1549 1224 ".
1574 1198 1677 1226 Nomen
1701 1206 1750 1226 au-

967 1247 1020 1271 tem
1037 1244 1195 1272 substantia:
1207 1245 1278 1280 quod
1295 1245 1447 1281 simplicius
1464 1253 1478 1272 a
1491 1244 1619 1272 Patribus
1632 1245 1750 1280 positum

968 1296 982 1316 a
994 1290 1156 1326 populisque
1173 1291 1285 1319 minime
1303 1292 1479 1324 intellectum,
1494 1291 1653 1319 offensionis
1669 1299 1752 1319 causa

969 1335 1023 1364 sit.
1048 1336 1120 1370 quod
1140 1336 1222 1363 etiam
1240 1337 1267 1363 in
1289 1335 1438 1370 Scripturis
1455 1343 1508 1362 non
1522 1335 1702 1366 contineatur,
1719 1335 1753 1362 de

969 1380 1057 1408 medio
1067 1381 1134 1414 tolli,
1150 1386 1176 1408 et
1187 1381 1289 1408 nullam
1300 1381 1412 1408 omnino
1421 1381 1579 1408 substantiae
1589 1381 1752 1408 mentionem

970 1426 997 1452 in
1021 1425 1075 1452 Deo
1094 1426 1221 1461 deinceps
1246 1426 1397 1454 faciendam
1414 1434 1475 1454 esse
1492 1426 1606 1460 placuit;
1623 1425 1694 1460 quod
1710 1426 1753 1452 di-

970 1472 1040 1498 vinae
1052 1471 1199 1506 Scriptura:
1211 1480 1346 1507 nusquam
1359 1472 1392 1499 de
1406 1471 1494 1498 Patris
1509 1475 1537 1498 et
1550 1471 1610 1497 Filii
1626 1470 1754 1498 substan-

971 1518 1007 1544 tia
1027 1517 1210 1545 meminerint.
1227 1517 1299 1544 Patri
1311 1522 1401 1544 autem
1415 1516 1512 1543 Filium
1531 1516 1680 1543 secundum
1694 1522 1754 1543 om—

134 1550 247 1599 μξνήμην
258 1550 486 1598 οὐσίας’ὲπὶιθεοδ
501 1564 569 1593 εἶναι
585 1566 631 1593 τοῦ
645 1566 738 1593 λοιποῦ
748 1550 759 1582 ’γ
770 1550 917 1597 διάιτοτάς

972 1563 1015 1590 nia
1032 1562 1146 1589 similem
1159 1563 1286 1595 dicimus,
1306 1561 1535 1596 quemadmodum
1554 1559 1700 1595 Scriptura:
1711 1560 1754 1587 di-

133 1608 210 1640 θείας
228 1609 338 1645 Γῳφάς
365 1611 490 1647 μηδαμοῦ
507 1612 562 1646 (51)
587 1613 650 1648 περὶ
674 1612 778 1647 Πατρδς
796 1612 841 1638 καὶ
856 1610 920 1637 Υἱοῦ

972 1614 1037 1637 cunt
1051 1614 1133 1644 atque
1145 1610 1252 1636 docent.

132 1658 228 1690 οὐσίας
243 1659 405 1695 μεμνῆσθαι.
438 1661 548 1696 Ὅμοιον
566 1661 593 1687 δὲ
608 1661 720 1696 λέγομεν
735 1660 780 1687 τὸν
798 1660 858 1686 Υιὸν
877 1658 915 1694 τῷ
931 1658 1018 1693 Πατρὶ
1033 1657 1103 1684 κατὰ
1119 1657 1221 1684 πάντα’
1236 1657 1274 1689 ὡς
1287 1657 1333 1684 καὶ
1346 1657 1373 1683 al
1386 1657 1461 1691 ἅγιαι
1483 1656 1590 1694 Γραφαὶ
1605 1653 1712 1689 λέγουσί
1725 1661 1755 1679 τε

134 1706 184 1733 καὶ
196 1706 364 1734 διδάσκουσιν
376 1708 494 1743 (ἴθι-55).

172 1753 199 1781 9.
209 1754 315 1781 Τούτων
326 1756 562 1790 ἀναγνωσθέντων,
573 1757 603 1783 οὺ
615 1756 722 1792 μακρὰν
731 1755 854 1791 ἐγνώσθη
865 1755 919 1782 τῶν

135 1800 299 1836 γραψάντων
313 1802 329 1836 ἡ
344 1803 503 1837 πανουργία.
528 1802 589 1829 Τῶν
612 1803 667 1837 γὰρ
686 1803 841 1829 ἐπισκόπων
854 1802 920 1838 πρό-

134 1845 282 1872 ⁸τεινάντων
306 1847 555 1883 ἀναθεματισθῆναι
578 1848 628 1884 τὴν
653 1849 792 1884 Ἀρειανὴν
818 1848 921 1884 αἵρεσιν

138 1890 208 1925 μετά
223 1891 270 1917 καὶ.
285 1892 338 1918 τῶν
355 1893 440 1919 ἄλλων
460 1893 608 1928 αἱρέσεων,
635 1894 743 1921 πάντων
758 1903 787 1920 τε
805 1893 859 1929 (53)
877 1893 923 1920 ἐπὶ

134 1936 225 1972 τούτῳ
241 1937 422 1973 συνθεμένων,
437 1940 588 1975 υὺρσάκιος
599 1940 645 1966 καὶ
655 1940 771 1975 Οὐάλης,
783 1941 829 1967 καὶ
838 1940 862 1966 οἱ
875 1939 923 1966 σὺν

137 1983 230 2015 αὐτοῖς
246 1984 385 2011 ἀνένευον·
405 1985 451 2011 καὶ
470 1985 562 2012 λοιπὸν
578 1985 804 2020 κατεγνώσθησαν
815 2006 822 2017 ,
839 1986 875 2016 ὡς
891 1985 921 2011 οὐ

136 2030 266 2064 γνησίως,
283 2030 339 2057 ἀλλ’
353 2031 397 2057 ἐπ’
412 2031 549 2066 ἀναιρέσει
563 2031 616 2058 τῶν
630 2033 657 2058 ὲν
670 2032 772 2067 Νικαίᾳ
789 2031 922 2067 πραχθέν-

129 2083 193 2102 ·ιεων
206 2076 358 2112 γράψαντες
368 2077 464 2110 ταῦτα,
476 2078 519 2104 ἵνα
531 2078 579 2113 τὴν
586 2077 849 2113 δυσώνυμοναϊρεσιν
861 2077 923 2104 ἀντ-

137 2121 277 2154 εισάξωσι.
295 2122 490 2158 Θαυμάσαντες
504 2123 570 2158 γοῦν
588 2123 634 2150 ἐπὶ
661 2125 718 2155 τοῖς
731 2124 826 2154 δολίοις
835 2123 922 2149 αὐτῶν

139 2168 175 2204 ei]
181 2177 246 2203 μασι
261 2170 306 2195 καὶ
318 2169 463 2206 πανούργῳ
471 2170 637 2206 προαιρέσει,
646 2170 736 2204 ἔλεγον
747 2178 753 2186 ”
768 2179 776 2195 ι
789 2170 881 2205 Ἡμεῖς
895 2169 926 2195 οὐ

137 2214 261 2250 δεόμενοι
277 2215 395 2247 πίστεως
410 2216 575 2251 συνήλθομεν
587 2216 694 2251 (ἔχομεν
709 2216 763 2250 γὰρ
779 2216 807 2241 ἐν
822 2215 925 2245 ἑαυτοῖς

140 2260 315 2294 ὑγιαίνουσαν
331 2261 380 2296 τὴν
396 2262 506 2296 πίστιν),
525 2262 581 2288 ἀλλ’
598 2262 641 2289 ἵνα
655 2261 718 2293 τοὺς
739 2261 926 2294 ἀντιλέγοντας

139 2308 174 2342 τῇ
190 2306 303 2342 ἀληθείᾳ
318 2307 366 2334 καὶ
388 2310 555 2343 καινοτομεῖν
570 2307 773 2344 ἐπιχειροῦντας
793 2307 927 2343 ὲντρέψω-

141 2362 203 2388 μεν.
235 2354 266 2380 Et
288 2354 336 2389 μὲν
360 2352 406 2380 οὖν
423 2355 500 2390 ὑμεῖς
518 2355 555 2386 ὡς
569 2354 615 2382 νῦν
632 2354 775 2392 ἀρχόμενοι
791 2354 928 2381 πιστεύειν

179 2434 203 2450 ⁸⁵
227 2433 307 2461 Joan.
324 2442 380 2466 xw,
398 2433 441 2466 l6,
460 2433 503 2460 l7.

178 2524 234 2559 (46)
256 2524 294 2552 lla
311 2523 421 2560 Regius.
444 2523 527 2555 Editi.
543 2524 675 2560 ἐγένοντο.
690 2524 758 2551 lbld.
779 2523 862 2560 editio
876 2522 928 2560 Pa-

141 2559 191 2586 ris.
211 2560 278 2590 sola,
291 2559 506 2594 γεγεννημένων,
519 2561 598 2586 male.
625 2559 709 2586 Paulo
732 2563 792 2593 post
807 2559 880 2589 editi,
897 2559 929 2587 ὲκ

142 2595 226 2656 adven
242 2594 293 2621 ὑπὸ
306 2595 353 2621 τοῦ
366 2593 423 2636 μὴ
430 2595 484 2630 ρός.
501 2595 553 2622 Sed
566 2602 659 2622 vocem
670 2595 731 2628 ὑπό,
745 2601 807 2621 cum
819 2594 886 2621 desit
900 2593 927 2620 in

168 2637 240 2656 eum.
255 2638 455 2656 unumunum,

168 2631 240 2663 egio,
255 2631 455 2664 expunximus..

180 2664 235 2699 (47)
257 2663 445 2692 In’veteribus
470 2665 591 2692 Socratis
616 2665 714 2697 editis,
739 2663 929 2699 σταυρωθέντα

143 2700 191 2726 καὶ
207 2699 326 2726 παθόντα
341 2701 388 2727 καὶ
402 2700 580 2727 ἀποθανόντα.

181 2734 238 2769 (ιε)
259 2733 303 2762 Sic
316 2735 421 2762 Socrat.
435 2739 461 2762 et
475 2736 540 2761 edit.
555 2734 640 2762 Paris.
656 2742 689 2762 cx
707 2733 828 2764 Socrate,
846 2737 875 2760 ut
887 2733 928 2759 vi-

143 2768 234 2796 detur.
251 2769 318 2797 Nam
346 2770 373 2796 in
394 2770 458 2797 edit.
474 2770 608 2797 Commel.
625 2775 652 2797 et
669 2770 695 2796 iu
712 2769 840 2796 omnibus
854 2768 929 2796 codi-

143 2804 234 2835 cibus,
252 2806 422 2840 πεντήκοντα·
437 2805 543 2839 legitur,
558 2806 638 2832 male.
662 2804 721 2832 Mox
738 2804 847 2839 Regius,
867 2804 929 2834 τοὺς

141 2839 286 2875 οὐρανούς,
302 2839 333 2868 in
344 2840 423 2869 editis
444 2840 509 2873 τούς
527 2840 612 2868 deest;
630 2840 690 2868 Mox
708 2841 776 2874 haec,
792 2840 841 2874 τῆς
862 2840 928 2866 ἀνα-

1006 1752 1032 1778 9.
1048 1749 1094 1778 His
1110 1749 1246 1784 perlectis,
1261 1755 1314 1775 non
1335 1747 1380 1774 diu
1400 1752 1492 1782 postea
1510 1754 1605 1774 eorum
1620 1744 1666 1780 qui
1686 1743 1755 1771 scri-

975 1801 1085 1833 pserant
1103 1795 1226 1822 vafritics
1253 1794 1420 1829 deprehensa
1444 1798 1495 1820 est.
1521 1792 1662 1828 Episcopis
1683 1791 1756 1818 enim

974 1843 1186 1880 proponentibus
1206 1846 1236 1868 ut
1250 1841 1350 1868 Ariana
1367 1847 1430 1867 cum
1450 1840 1511 1866 aliis
1525 1839 1674 1866 haresibus
1690 1844 1756 1864 ana-

975 1890 1094 1917 themate
1114 1889 1298 1920 damnaretur,
1315 1886 1604 1920 acquiescentibusque
1618 1883 1756 1916 omnibus,

975 1936 1129 1963 abnuerunt
1153 1933 1284 1961 Ursacins
1306 1937 1332 1960 et
1353 1931 1453 1959 Valens
1478 1939 1539 1959 cum
1557 1930 1652 1963 sociis,
1677 1934 1758 1963 atque

975 1981 1084 2008 demum
1106 1984 1274 2015 compertum
1290 1983 1332 2006 est
1348 1979 1408 2006 illos
1428 1986 1482 2005 non
1507 1978 1614 2005 sincero
1637 1984 1669 2004 ea
1687 1975 1758 2003 seri--

975 2026 1062 2060 psisse
1083 2025 1191 2057 animo;
1213 2023 1260 2051 sed
1276 2028 1305 2050 ut
1325 2031 1356 2050 ea
1377 2031 1439 2058 qua:
1459 2021 1555 2049 Nicaaaa
1574 2027 1634 2049 acta
1652 2021 1760 2048 fuerant

975 2071 1146 2106 abrogarent,
1157 2077 1305 2104 eorumque
1319 2070 1378 2096 loco
1391 2068 1520 2096 nefariam
1534 2068 1692 2096 inducerent
1705 2067 1760 2094 hie.

975 2117 1068 2145 resim.
1089 2116 1235 2144 Hominum
1261 2115 1352 2150 itaque
1375 2114 1469 2142 dolosa
1493 2114 1573 2142 verba
1599 2119 1626 2141 et
1652 2113 1759 2140 vafrum

942 2161 963 2189 Ι)
978 2163 1122 2191 consilium
1140 2162 1229 2189 mirati
1250 2161 1371 2197 episcopi
1394 2161 1502 2188 aiebant
1516 2170 1522 2187 :
1538 2169 1548 2186 ‹
1566 2159 1621 2187 Nos
1634 2167 1685 2186 non
1699 2159 1760 2186 ideo

977 2212 1031 2238 huc
1041 2209 1219 2237 convenimus
1230 2208 1302 2243 quod
1318 2208 1369 2235 fide
1386 2214 1537 2243 egeremus,
1552 2206 1580 2233 in
1597 2205 1674 2233 nobis
1687 2205 1758 2232 enim

977 2258 1043 2292 ipsis
1056 2263 1151 2284 sanam
1167 2255 1298 2282 habemus
1313 2254 1410 2287 tidem;
1431 2253 1477 2280 sed
1492 2257 1522 2280 ut
1535 2260 1582 2279 eos
1595 2251 1641 2287 qui
1655 2250 1760 2278 veritati

976 2306 1137 2338 repugnant,
1153 2306 1180 2329 et
1194 2308 1263 2328 nova
1282 2301 1440 2331 moliuntur,
1455 2299 1558 2334 pudore
1581 2297 1759 2324 aﬂiceremus.

977 2348 1055 2382 Quod
1067 2348 1089 2376 si
1103 2355 1162 2381 vos,
1177 2347 1255 2382 quasi
1273 2347 1319 2381 qui
1337 2353 1410 2373 nunc
1423 2345 1533 2372 credere
1547 2341 1693 2378 incipiatis,
1708 2340 1767 2368 ista

978 2525 1098 2556 στάσεως
1114 2523 1212 2551 desunt
1226 2522 1253 2549 in
1272 2521 1393 2551 Socrate,
1409 2521 1487 2556 bene.

1014 2559 1070 2594 (49)
1089 2553 1133 2586 vlta
1149 2558 1248 2594 Regius
1262 2557 1406 2594 etﬁocrat.
1422 2555 1504 2587 Editi,
1522 2553 1668 2590 μονογενὴς
1680 2553 1764 2588 ὲτι-ηγ-

978 2592 1099 2630 γείλατο,
1118 2593 1228 2630 omissis
1243 2592 1348 2630 mediis.

1026 2629 1071 2662 50)
1093 2629 1130 2656 Ita
1144 2627 1244 2659 Regius
1261 2632 1288 2654 et
1301 2627 1409 2662 Sperat.
1428 2625 1509 2662 Editi,
1527 2624 1611 2660 παρὰ.

1025 2658 1070 2698 51)
1092 2663 1136 2690 Sic
1154 2663 1253 2698 Regius
1271 2667 1297 2689 et
1314 2661 1417 2698 socrat.
1441 2660 1510 2698 ξι)ίῇιί
1524 2658 1599 2698 vero.
1621 2658 1762 2698 μηδαμῇῇ

979 2693 1047 2726 lhill.
1056 2693 1161 2725 veteres
1175 2693 1295 2724 socratis
1307 2697 1384 2727 editi,
1393 2696 1457 2732 περὶ
1468 2693 1626 2730 Πνεύματης
1641 2694 1688 2721 καὶ
1696 2693 1769 2720 Υἰοῦ”

979 2734 1082 2765 οὐσίας.
1101 2734 1180 2760 male.

1015 2763 1119 2805 (52l55)
1134 2767 1198 2805 Post
1208 2767 1361 2805 διδάσκουσι
1373 2766 1401 2805 in
1410 2766 1474 2805 edit.
1484 2765 1571 2805 Paris.
1582 2769 1678 2805 legitur
1687 2763 1774 2803 cui?"

981 2801 1121 2869 ἰὶρετικοί.
1141 2804 1193 2831 Sed
1209 2803 1307 2830 desunt
1321 2802 1426 2830 incdit.
1441 2801 1574 2829 Commel.
1590 2805 1616 2827 et
1633 2801 1660 2826 in
1675 2801 1764 2830 omni:

1001 2847 1032 2867 us
1047 2847 1112 2867 mss.

1001 2847 1032 2867 US
1047 2847 1112 2867 lllSS.
