1974 3037
238 109 291 138 ’105

521 114 549 140 S.
570 113 757 142 ATHANAS"
777 114 852 143 OPP.
873 115 964 144 PARS
982 116 1002 144 1.
1023 132 1035 137 -

1088 118 1259 148 llSTORlCA
1281 121 1326 148 ET
1347 121 1414 150 Ι)οΰ
1420 122 1557 151 MATlCA.

1814 124 1861 153 704.

238 169 485 204 licum,Phcebum,
495 171 638 204 Fidelium.
649 173 824 209 Eutycliium,
840 174 1025 209 Eustathium,

1088 178 1204 206 λεόντων
1228 181 1275 207 καὶ
1298 181 1457 214 Θεοδόσιον,
1474 181 1609 218 Εὑάγριον
1635 182 1679 209 καὶ
1708 182 1863 209 Θεόδουλθν·

237 221 265 244 et
278 215 422 252 Magnum:
441 224 473 244 eo
488 219 559 252 quod
576 219 603 246 in
616 219 662 253 jus
676 221 763 247 vocati
777 240 783 251 .
804 225 834 248 ut
850 229 864 248 a
881 221 974 249 multis
988 222 1028 248 al-

238 263 308 290 latas
321 263 464 290 adversum
493 271 523 291 se
544 265 752 294 criminationes
777 267 951 302 repellerent,
973 276 1027 295 non

237 309 480 344 comparuissent:
506 310 740 346 decreveruntque
763 318 792 340 ut
818 313 854 340 ita
875 319 1027 347 manerent,

237 355 324 382 donec
350 362 410 382 sese
438 361 599 391 purgantes,
614 358 649 385 ab
666 359 802 393 ejusmodi
823 359 984 388 criminibus
999 369 1029 388 se

237 400 396 428 innocentes
408 402 627 436 comprobarent.
643 404 767 439 Cutnque
779 405 811 432 ad
821 406 943 441 singulas
958 407 1026 434 dite—

237 454 313 474 ccses
323 447 458 482 judicium
477 454 573 476 contra
589 457 636 478 eos
655 451 738 478 latum
755 453 930 486 scripsissunt
942 474 949 484 .
972 454 1023 480 im-

237 493 391 528 piissimum
402 494 553 531 Augustum
570 496 761 525 Constantium
785 499 928 531 adierunt,
943 505 972 527 ut
988 500 1026 527 illi

237 544 298 566 acta
318 547 367 567 sua
384 542 592 575 renuntiarent,
608 543 643 570 ita
659 544 846 578 enimjussum
863 545 915 573 illis
927 546 1025 573 fuerat.

239 583 367 620 Talisque
384 586 434 613 fuit
451 588 618 615 Seleucianae
630 590 724 625 synodi
739 590 839 618 exitus.

1081 225 1281 262 ἀκοινωνήτους
1299 227 1327 254 δὲ
1349 229 1530 263 πεποιήκασιν
1557 229 1709 264 Ἀστέριον,
1730 228 1862 262 Εὖσέϐιον,

1080 271 1216 307 Δῦγαρον,
1236 273 1282 299 καὶ
1298 273 1451 306 Βασιλικὸν,
1476 275 1523 301 καὶ
1537 274 1647 304 Φοῖϐον.
1666 275 1714 301 καὶ
1738 275 1862 310 Φιδήλιον,

1081 317 1128 344 καὶ
1142 317 1284 353 Εὑτύχιον,
1301 319 1348 346 καὶ
1361 319 1520 351 Εὑστάθιον,
1537 321 1583 346 καὶ
1604 320 1723 354 Μάγνον.
1745 320 1827 347 Τοῦτο
1838 321 1866 347 δὲ

1082 366 1273 400 πεποιήκασιν,
1292 367 1402 402 ἐπειδὴ,
1427 367 1571 402 κληθέντες
1594 367 1814 403 ἀπολογήσασθαι
1827 369 1864 403 ἐφ’

1081 406 1121 441 οἷς
1132 410 1221 437 αὐτῶν
1236 411 1355 438 πλεῖστοι
1373 412 1553 448 κατηγόρουν.
1571 413 1620 439 οὐκ
1635 413 1809 448 ἀπήντησαν*
1824 414 1866 440 καὶ

1079 455 1183 490 ὥρισαν
1199 456 1269 483 οὕτω
1282 457 1370 492 μένειν
1383 458 1491 489 αὐτοὺς,
1501 458 1553 489 ἕως
1566 458 1609 489 ἂν,
1626 457 1866 493 ὰπολογησάμενοι,

1079 501 1201 534 δείξωσιν
1226 503 1339 535 ἑαυτοὺς
1350 503 1487 540 καθαροὺς
1517 504 1571 531 ἀπὸ
1598 505 1652 530 τῶν
1669 505 1868 540 ἐπιφερομένων

1080 549 1172 580 αὐτοῖς
1191 549 1380 585 ἐγκλημάτων.
1406 550 1563 585 Γρὰψαντές
1584 559 1613 576 τε
1631 551 1670 582 εἰς
1695 551 1744 587 τὴν
1760 551 1868 578 ἑκάστου

1082 595 1228 629 παροικίαν
1245 596 1294 630 τὴν
1306 597 1365 622 κατ’
1381 595 1469 622 αὐτῶν
1491 587 1640 631 γενομένην
1666 597 1773 633 κρίσιν,
1797 597 1869 632 ἀνῆλ-

238 632 284 658 00v
298 632 374 668 παρὰ
388 634 433 660 τὴν
454 634 634 662 ἀσεϐέστατον
654 636 691 671 (‘2)
707 636 861 670 Αὔγουστον
883 639 1081 671 Κωνστάντιον,
1099 642 1317 676 ἀπαγγελοῦντες
1333 642 1405 678 αὐτῷ
1428 643 1462 670 τὰ
1483 643 1667 679 πεπραγμένα
1678 632 1691 658 '7
1704 643 1805 680 ταύτην
1820 644 1876 680 γὰρν

238 676 311 714 εἶχον
324 679 479 714 πρόσταξιν.
494 681 547 707 Καὶ
561 681 640 708 τοῦτο
651 681 726 713 τέλος
740 683 835 718 γέγονε
853 686 900 711 καὶ
916 685 966 720 τῆς
985 687 1014 712 ὲν
1033 687 1177 722 Σελευκείᾳ
1196 688 1316 715 συνόδου.

274 727 317 754 l5.
333 727 401 760 Quis
421 728 502 762 igitur
530 737 582 756 non
604 729 754 757 laudaverit
781 732 972 767 episcoporum
999 733 1026 760 in
1045 738 1065 764 B

237 773 403 801 Ariminensi
427 775 531 809 synodo
556 781 784 811 congregatorum
802 779 953 812 pietatem?
980 780 1027 814 qui

240 820 319 856 581
335 825 409 849 tanto
427 821 535 848 itineris
550 822 653 854 labore,
671 828 709 850 tot
723 825 805 851 maris
823 825 953 859 periculis
971 833 1030 860 per-

239 867 325 894 functi
337 872 410 899 sunt.
423 872 508 895 uteos
520 868 565 902 qui
581 877 644 895 cum
659 869 724 896 Ario
746 871 881 898 sentirent
906 872 1030 906 depone-

239 917 311 946 rent,
320 913 486 949 Patrumque
499 915 671 942 deﬁnitiones
683 916 802 952 integras
817 923 968 951 servarent,
987 926 1033 945 re-

239 959 292 986 bus
307 963 401 987 sancte
421 964 448 987 et
463 961 592 988 canonice
603 962 770 989 constitutis.
788 961 942 998 Unicuique
957 964 1030 990 enim

239 1014 333 1033 eorum
346 1014 506 1041 persuasum
525 1012 594 1038 erat,
605 1010 627 1036 si
644 1009 778 1044 majorum
796 1017 910 1036 suorum
922 1010 1030 1037 decreta

241 1053 413 1088 abrogarent,
430 1061 460 1081 se
474 1055 590 1088 posteris
603 1056 775 1082 occasionem
788 1055 902 1083 daturos
914 1077 921 1088 ,
941 1061 970 1082 ut
988 1064 1031 1083 res

241 1107 256 1126 a
272 1107 302 1126 se
313 1099 477 1128 cons'itutas
497 1101 589 1128 irritas
611 1101 741 1128 lacerent.
766 1101 834 1134 Quis
853 1107 949 1129 contra
977 1110 1031 1129 non

241 1145 401 1178 lmprobarit
414 1146 593 1173 temeritatem
610 1146 724 1174 Eudoxii
739 1152 764 1174 et
780 1147 870 1174 Acacii
882 1168 889 1180 ,
912 1147 960 1182 qui
976 1147 1026 1175 Pa—

243 1196 317 1218 trum
333 1199 445 1218 suorum
461 1192 604 1225 honorem,
630 1193 863 1220 Ariomanitarum
890 1194 981 1221 studio
1006 1198 1033 1221 et

244 1237 338 1270 gratiae
363 1237 527 1271 propinant?
549 1236 680 1270 Qumnam
706 1239 772 1266 lides
789 1247 884 1265 eorum
912 1239 991 1270 actis,
1010 1240 1034 1266 si

243 1282 379 1316 majorum
395 1283 534 1310 solvantur
547 1284 630 1310 acta?
644 1288 691 1311 aut
702 1292 753 1311 cur
769 1284 863 1312 Patres
876 1290 974 1312 vocant
986 1293 1033 1312 eos

243 1328 346 1362 quibus
371 1328 408 1354 illi
434 1336 601 1361 successere,
619 1336 736 1363 quorum
760 1334 850 1356 tamen
869 1330 1033 1357 sententiam

243 1374 444 1400 criminantur?
459 1374 610 1402 Praesertim
626 1375 742 1402 Aeacius
756 1375 887 1410 quidnam
901 1375 934 1403 de
948 1376 1034 1411 magi-

243 1424 301 1447 stro
318 1427 368 1447 suo
393 1420 510 1447 Eusebio
532 1420 644 1453 dixerit,
674 1421 721 1456 qui
738 1429 793 1448 non
821 1422 902 1449 modo
917 1420 1035 1449 Niczcme

243 1465 348 1501 synodo
368 1466 551 1500 subscripsit,
576 1466 622 1493 sed
638 1474 686 1499 per
709 1467 851 1501 epistolam
877 1467 949 1502 plebi
978 1475 1035 1494 suae

244 1512 406 1546 signiﬁcavit
419 1511 457 1547 (Ι)
470 1533 477 1545 ,
494 1512 564 1539 hanc
580 1519 640 1539 esse
657 1520 746 1539 veram
762 1512 852 1543 tidem,
870 1520 930 1547 quae
944 1513 970 1539 in
989 1512 1036 1539 Ni-

245 1564 320 1584 cazna
342 1558 445 1593 synodo
461 1557 600 1585 declarata
616 1558 706 1585 esset?
724 1557 828 1584 Etenim
843 1558 905 1585 licet
922 1558 1037 1585 arbitrio

245 1612 296 1632 suo
313 1613 373 1632 sese
390 1613 437 1640 per
451 1605 592 1640 epistolam
608 1605 764 1637 cxcusarit,
778 1606 859 1633 verba
877 1611 966 1633 tamen
983 1614 1035 1633 non

245 1651 364 1686 negavit,
379 1651 435 1678 imo
451 1651 625 1686 reprehendit
643 1651 770 1683 Arianos,
793 1653 864 1686 quod
882 1660 945 1679 cum
960 1652 1034 1680 dicc-

246 1702 317 1729 rent,
336 1697 422 1725 Filius
440 1706 494 1724 non
510 1703 724 1733 eratanthuam
742 1699 909 1733 gigneretur,
928 1707 962 1726 ne
975 1706 1038 1727 ante

249 1743 362 1771 Mariam
383 1744 491 1778 quidem
506 1752 565 1771 eum
578 1752 638 1772 esse
651 1746 757 1772 vellent.
772 1744 842 1778 Quid
857 1753 938 1780 porro
951 1753 1036 1780 popu-

247 1792 288 1818 los
299 1791 436 1818 docebunt
457 1792 491 1818 ab
509 1791 562 1819 illis
576 1790 733 1819 institutos?
745 1799 779 1818 an
792 1799 899 1819 errasse
925 1791 1038 1819 Patres?

247 1836 294 1871 qui
309 1836 389 1864 dictis
403 1845 498 1864 eorum
516 1837 594 1863 [idem
614 1837 754 1864 habebunt
775 1837 915 1871 discipuli.
937 1837 1038 1872 quibus

249 1883 367 1910 suadent
384 1884 421 1910 illi
438 1888 467 1911 ut
483 1884 622 1919 magistris
637 1891 690 1910 non
711 1883 918 1917 obtemperent?
935 1883 1038 1916 Quibus

248 1929 336 1957 oculis
353 1930 532 1957 intuebuntur
545 1934 722 1956 monumenta
741 1929 869 1960 Patrum.
882 1932 951 1964 quos
968 1938 1040 1956 nunc

250 1980 350 2003 vocant
365 1976 526 2003 hzereticos?
542 1976 598 2003 Cur
614 1975 832 2007 Valcntinianos,
853 1975 1040 2011 Cataplirygas

251 2026 279 2048 et
290 2021 455 2048 Manichmos
472 2022 653 2054 insectantur,
666 2029 736 2056 quos
760 2025 851 2047 autem
870 2021 923 2048 illis
940 2021 1041 2048 similia

251 2069 326 2104 loqui
353 2069 535 2101 arbitrantur,
555 2073 665 2094 sanctos
690 2067 850 2102 appellant?
869 2066 962 2100 Quove
977 2067 1040 2102 jure

250 2114 370 2150 episcopi
385 2119 466 2142 erunt
482 2115 543 2149 ipsi,
557 2114 579 2142 si
598 2114 632 2141 ali
652 2114 684 2140 iis
699 2121 768 2148 quos
783 2117 812 2140 ut
830 2113 972 2141 Imreticos
984 2113 1038 2140 cri-

251 2159 391 2185 minantur
414 2158 532 2185 ordinati
556 2159 641 2185 sunt?
660 2158 736 2191 Quod
763 2158 785 2185 si
812 2158 881 2185 male
896 2163 1041 2185 senserunt

252 2205 301 2235 illi,
318 2210 344 2232 et
361 2205 470 2240 scriptis
483 2205 540 2232 suis
557 2205 650 2231 orbem
669 2209 802 2231 terrarum
820 2205 847 2231 in
859 2213 980 2231 crrorcm
993 2205 1042 2231 de-

252 2251 400 2282 duxerunt,
429 2255 520 2277 cesset
544 2249 652 2284 penitus
674 2257 768 2277 eorum
790 2250 945 2277 memoria:
975 2255 1002 2277 et
1018 2251 1040 2277 si

253 2296 354 2331 scripta
371 2304 465 2323 eorum
479 2295 653 2329 abjiciantur,
671 2296 706 2322 ite
719 2304 767 2324 vos
780 2296 831 2331 ipsi
845 2302 872 2322 et
888 2303 982 2323 eorum
997 2304 1040 2323 re-

253 2342 353 2376 liquias
366 2350 399 2369 ex
412 2341 576 2369 ccemctcriis
590 2341 710 2376 abjicite,
727 2345 754 2368 ut
767 2349 862 2368 omnes
878 2341 1041 2376 intelligant,

255 2387 315 2414 illos
335 2387 502 2416 Seductores.
519 2395 568 2413 vos
582 2387 733 2421 parricidas
748 2394 819 2413 csso.

1115 735 1156 762 15.
1170 736 1217 767 Τίς
1227 735 1315 762 τοίνυν
1324 737 1374 763 οὐκ
1391 735 1423 762 ἂν
1439 735 1597 769 ἀποδέξαιτο
1609 736 1657 771 μὲν
1667 735 1717 771 τὴν
1735 736 1869 763 εὐλάϐειαν

1080 780 1133 807 τῶν
1143 782 1171 807 ἐν
1181 783 1212 816 τῇ
1222 781 1278 817 Ἀρι
1282 781 1350 816 μίνῳ
1359 782 1396 817 (5)
1408 782 1508 816 συνόδῳ
1517 782 1697 809 συνελθόντων
1709 783 1868 813 ἑπισκόπων;

1080 827 1104 853 οἳ
1115 826 1242 853 τοσοῦτον
1253 828 1375 862 κάματον
1385 828 1456 860 ὀδοῦ,
1471 829 1517 855 καὶ
1534 828 1667 863 θαλάττης
1679 828 1815 860 κινδύνους
1828 830 1869 855 ὑπ.

1081 873 1201 908 έμειναν,
1214 874 1256 900 ἴνα
1269 875 1331 906 τοὺς
1345 875 1393 909 μὲν
1403 868 1565 910 φρονοῧντας
1573 875 1606 902 τὰ
1615 875 1719 909 Ἀρείου
1732 875 1870 904 καθέλιυσι.

1081 920 1178 951 τοὺςδὲ
1186 920 1239 947 τῶν
1249 921 1378 956 Πατέρων
1385 921 1463 956 ὄρους
1472 921 1615 957 ἀκεραίους
1625 921 1790 955 φυλάξωσιν,
1797 922 1870 953 ὁσίως

1083 967 1129 993 καὶ
1147 966 1297 999 κανονικῶς
1326 967 1405 994 τοῦτο
1438 967 1655 1002 βουλευσάμενοι.
1695 969 1801 1002 Ἡγεῐτο
1823 968 1871 1004 γὰρ

1083 1012 1196 1044 ἕκαστος
1205 1013 1304 1046 αὐτῶν,
1312 1015 1336 1040 εἰ
1344 1013 1452 1040 λύσαιεν
1460 1014 1494 1040 τὰ
1504 1013 1558 1040 τῶν
1568 1014 1620 1050 πρὸ
1631 1014 1663 1040 αὖ
1669 1013 1733 1047 τῶν,
1744 1014 1871 1049 πρότασιν

1082 1057 1181 1084 διδόναι
1197 1060 1254 1090 τοῖς
1270 1059 1339 1094 μετὰ
1355 1058 1455 1089 ταῦτα,
1475 1059 1545 1086 ὥστε
1562 1059 1643 1086 λῦσαι
1659 1059 1696 1086 τὰ
1711 1060 1776 1096 παρ’
1791 1059 1871 1086 αὐτῶν

1083 1101 1130 1128 νῦν
1150 1103 1291 1137 γιγνόμενα
1307 1102 1355 1138 (4).
1377 1103 1425 1135 Τίς
1442 1103 1470 1130 δὲ
1488 1104 1537 1130 οὐκ
1559 1104 1592 1131 ἂν
1612 1105 1762 1139 καταγνοίη
1772 1105 1819 1140 τῆς
1833 1104 1871 1130 εὗ-

1083 1149 1193 1184 χερείας
1208 1149 1263 1175 τῶν
1277 1150 1340 1184 περὶ
1354 1148 1479 1182 Εὑδόξιον
1494 1150 1540 1175 καὶ
1563 1149 1705 1183 Ἀκάκιον,
1721 1150 1746 1176 οἳ
1762 1150 1809 1185 τὴν
1823 1149 1871 1176 τῶν

1084 1193 1188 1220 ἑαυτῶν
1210 1195 1338 1230 Πατὲρων
1362 1194 1444 1230 τιμὴν
1473 1195 1635 1231 προτείνουσι
1661 1197 1695 1231 τῇ
1725 1195 1792 1231 πρὸς
1816 1195 1871 1226 τοὺς

1091 1240 1297 1276 Ἀρειομανίτας
1314 1240 1413 1276 σπουδῇ
1433 1241 1480 1267 καὶ
1497 1241 1605 1276 χάριτι;
1621 1241 1691 1267 Ποία
1710 1241 1764 1276 γὰρ
1789 1240 1871 1270 πίστις

1085 1289 1140 1319 τοῖς
1154 1288 1219 1324 παρ’
1231 1287 1321 1314 αὐτῶν
1334 1288 1498 1322 γινομένοις,
1513 1289 1536 1313 εἰ
1549 1288 1584 1314 τὰ
1598 1287 1651 1314 τῶν
1666 1288 1807 1324 προτέρων
1828 1295 1870 1313 κα-

1085 1333 1213 1360 ταλύεται
1229 1342 1236 1366 ;
1254 1333 1269 1368 ἥ
1283 1333 1342 1365 πῶς
1361 1334 1488 1369 Πατέρας
1514 1333 1694 1369 ὀνομάζουσιν
1705 1354 1713 1365 ,
1735 1333 1780 1365 οὒς
1797 1332 1870 1359 διεδέ-

1090 1379 1178 1412 ξαντο,
1197 1376 1234 1406 ὧν
1260 1380 1337 1406 αὐτοὶ
1361 1380 1410 1415 τῆς
1432 1380 1544 1415 γνώμης
1570 1380 1721 1415 κατήγοροι
1743 1379 1870 1413 γίνονταις

1051 1412 1074 1443 C
1090 1424 1216 1451 Μάλιστα
1233 1425 1260 1451 δὲ
1280 1425 1405 1457 Ἀκάκιος
1421 1425 1447 1452 τί
1463 1424 1495 1451 ἂν
1513 1424 1584 1450 εἴποι
1600 1424 1667 1460 πρὸς
1692 1423 1818 1450 Εὑσέὃιον
1833 1424 1871 1449 τὸν

1087 1470 1184 1496 ἑαυτοῦ
1210 1470 1378 1501 διδάσκαλον,
1409 1471 1439 1502 ὃς
1452 1471 1482 1497 οὐ
1511 1471 1591 1506 μόνον
1615 1470 1777 1506 ὑπέγραψεν
1804 1470 1830 1495 ὲν
1844 1470 1870 1503 τῇ

1088 1517 1158 1544 κατὰ
1173 1516 1290 1543 Νίκαιαν
1304 1517 1414 1550 συνόδῳ,
1431 1517 1498 1544 ἀλλὰ
1511 1517 1564 1553 γὰρ
1583 1517 1620 1551 (5)
1638 1517 1684 1544 καὶ
1696 1517 1729 1543 δι’
1741 1515 1871 1550 ἐπιστολῆς

1088 1562 1204 1598 ἐδήλωσε
1231 1563 1286 1594 τοῖς
1304 1563 1349 1589 ὑπ’
1366 1563 1447 1589 αὐτὸν
1463 1562 1537 1594 λαοῖς
1565 1563 1667 1598 ταύτην
1693 1560 1763 1590 εἶναι
1792 1561 1871 1589 πίστιν

1088 1608 1186 1644 ἀληθῆ,
1204 1609 1253 1643 τὴν
1265 1608 1476 1644 ὁμολογηθεῖσαν
1490 1609 1519 1635 ὲν
1535 1610 1567 1644 τῇ
1593 1609 1663 1636 κατὰ
1676 1609 1794 1636 Νίκαιαν
1817 1615 1871 1634 συν-

1088 1654 1158 1690 όδῳ;
1172 1655 1196 1680 εἰ
1210 1654 1264 1690 γὰρ
1285 1655 1332 1680 καὶ
1354 1655 1391 1686 ὡς
1413 1654 1543 1690 ἠθέλησεν
1557 1655 1748 1691 ἀπελογήσατο
1768 1654 1808 1682 διὰ
1829 1654 1871 1688 τῆς

1089 1699 1244 1734 ἐπιπολῆς,
1262 1699 1330 1726 ἀλλά
1344 1708 1375 1733 γε
1392 1699 1440 1731 τὰς
1457 1699 1544 1732 λέξεις
1567 1701 1617 1726 οὐκ
1639 1701 1789 1736 ⁴ἠρνήσατο,
1812 1698 1872 1731 ,ἀλλὰ

1091 1745 1137 1771 καὶ
1149 1744 1320 1780 κατηγόρησε
1332 1743 1386 1770 τῶν
1405 1744 1561 1778 ’Δρειανῶν,
1572 1745 1612 1771 ὅτι
1626 1744 1764 1778 λέγοντες,
1782 1744 1834 1770 Οὐκ
1843 1740 1872 1777 ἦν

1090 1790 1155 1825 πρὶν
1171 1790 1288 1825 γεννηθῇ
1300 1790 1313 1815 ὁ
1330 1789 1403 1821 Υἱὸς.
1416 1789 1477 1816 οὐδὲ
1492 1789 1545 1825 πρὸ
1560 1789 1670 1825 Μαρίας
1693 1789 1776 1816 αὐτὸν
1789 1787 1872 1824 ἤθελον

1089 1833 1170 1862 εἶναι.
1187 1836 1218 1862 Τί
1231 1835 1285 1871 ἄρα
1303 1835 1349 1862 καὶ
1362 1834 1496 1868 διδάξουσι
1509 1835 1547 1871 (6)
1559 1835 1622 1867 τοὺς
1637 1835 1731 1867 λαοὺς,
1747 1835 1805 1866 τοὺς
1816 1833 1871 1868 παρ’

1090 1883 1200 1909 ἐκείνων
1212 1881 1384 1918 διδαχθέντας
1395 1890 1401 1914 ;
1418 1881 1458 1908 ὅτι
1472 1880 1628 1916 ἐσφάλησαν
1641 1882 1666 1907 οἱ
1684 1881 1821 1916 Πατὲρες;
1834 1878 1872 1905 καὶ

1092 1929 1149 1960 πῶς
1161 1929 1238 1955 αὐτοὶ
1250 1928 1475 1964 πιστευθήσονται
1487 1929 1551 1964 παρ’
1561 1928 1662 1960 αὐτοῖς,
1676 1927 1724 1960 οὒς
1732 1927 1871 1954 διδάσκουσι

1092 1974 1260 2011 παρακούειν
1273 1975 1325 2000 τῶν
1336 1974 1522 2007 διδασκάλων;
1546 1975 1634 2006 Ποίοις
1658 1974 1687 2001 δὲ
1711 1974 1811 2010 δμμασι
1829 1972 1870 2006 ὲμ-

1092 2021 1235 2056 ϐλέψονται
1249 2020 1295 2047 καὶ
1310 2021 1367 2052 τοῖς
1385 2021 1508 2056 μνήμασι
1523 2020 1577 2047 τῶν
1596 2020 1744 2055 Πατέρων,
1767 2018 1811 2050 οὓς
1824 2018 1871 2044 ὀνο-

1096 2067 1212 2102 μάζουσι
1238 2066 1285 2093 νῦν
1304 2065 1474 2102 αἱρετικούςς
1491 2066 1524 2092 Τί
1544 2066 1572 2092 δὲ
1585 2066 1647 2098 τοὺς
1663 2066 1717 2092 ἀπὸ
1744 2063 1872 2092 Οὐαλεντί-

1095 2122 1140 2139 νου
1156 2112 1205 2148 (7),
1228 2113 1275 2139 καὶ
1298 2112 1427 2148 Φρυγίας,
1455 2111 1501 2138 καὶ
1531 2112 1697 2147 Μανιχαίους
1719 2110 1871 2146 διασύρουσι,

1095 2160 1156 2191 τοὺς
1169 2159 1197 2186 δὲ
1209 2159 1244 2185 τὰ
1261 2159 1341 2194 ὅμοια
1352 2158 1566 2193 φθεγξαμένους,
1576 2157 1614 2189 ὼς
1630 2156 1785 2183 ὑπονοοῦσιν
1797 2154 1871 2182 αὐτοὶ.

1097 2206 1191 2240 ἁγίους
1204 2203 1397 2240 ὀνομάζουσιν;
1415 2205 1449 2230 Ἢ
1463 2203 1521 2235 πῶς
1533 2203 1572 2230 ἔτι
1590 2203 1716 2230 δύνανται
1731 2201 1803 2229 αὐτοὶ
1813 2198 1864 2226 sive

1096 2252 1252 2284 ἐπίσκοποι,
1265 2252 1289 2278 εί
1304 2251 1368 2286 παρ’
1387 2249 1542 2286 αἱρετικῶν,
1555 2249 1593 2280 ὡς
1612 2249 1689 2275 αὐτοὶ
1704 2247 1871 2275 διαϐάλλουσι.

1096 2297 1301 2331 κατεστάθησαν
1310 2304 1316 2328 ;
1326 2295 1357 2321 El
1370 2294 1398 2321 δὲ
1415 2294 1463 2321 καὶ
1479 2293 1572 2325 κακῶς
1582 2294 1744 2330 ἐφρόνησαν,
1762 2290 1805 2318 καὶ
1816 2289 1872 2324 γρά·

1096 2341 1196 2375 ψαντες
1214 2340 1369 2376 ἑπλάνησαν
1386 2339 1434 2374 τὴν
1454 2338 1627 2374 οἰκουμένην,
1649 2337 1776 2373 παυθήτω
1793 2334 1872 2361 τέλεον

1097 2387 1143 2412 καὶ
1158 2387 1174 2421 ἡ
1193 2386 1258 2421 περὶ
1273 2385 1375 2411 τούτων
1391 2385 1498 2420 μνήμη·
1519 2384 1565 2410 καὶ
1579 2385 1602 2410 εἰ
1621 2383 1655 2410 τὰ
1669 2384 1814 2420 γράμματα
1831 2378 1872 2406 αὑ-

254 2434 307 2461 τῶν
318 2434 487 2466 ἐκϐάλλεται,
503 2434 646 2461 ἐκϐάλλετε
661 2433 699 2470 (8;
717 2434 796 2470 ὑμεῖς
814 2434 978 2466 ἀπελθόντες
1003 2433 1060 2460 ἀπὸ
1078 2433 1133 2461 τῶν
1157 2433 1346 2469 κοιμητηρίων
1370 2432 1404 2460 τὰ
1428 2432 1544 2467 λείψανα
1569 2432 1684 2464 τούτων,
1711 2432 1752 2458 ἵνα
1784 2428 1872 2463 γνῶσιν

255 2482 372 2514 ἅπαντες
389 2482 510 2513 ἐκείνους
531 2483 580 2517 μὲν
598 2481 730 2514 πλάνους,
752 2482 824 2516 ὑμᾶς
844 2482 873 2508 δὲ
895 2482 1105 2518 πατροκτόνους.

293 2529 336 2556 ll».
353 2530 432 2558 Certe
445 2531 540 2558 beatus
551 2531 696 2565 Apostolus
713 2530 871 2558 Corinthios
882 2531 976 2558 laudat
997 2531 1041 2558 his

257 2577 347 2604 verbis
363 2585 370 2602 :
387 2589 395 2602 ι
413 2577 491 2610 Quod
511 2585 559 2612 per
579 2577 670 2604 omnia
683 2577 735 2604 mei
749 2585 882 2604 memores
903 2578 971 2605 estis
990 2587 996 2604 :
1019 2583 1045 2604 et

295 2633 418 2672 (illium
437 2634 580 2672 epistolam
603 2633 686 2661 habes
709 2641 790 2668 supra
811 2637 874 2667 post
905 2637 1049 2660 tractatum

259 2667 297 2694 De
317 2667 426 2695 Nicwua
441 2667 550 2703 synodo.

296 2704 335 2739 (2)
356 2703 400 2730 Sic
414 2703 514 2739 Regius
535 2709 562 2730 ct
584 2704 623 2731 sic
647 2703 790 2738 legendum
810 2709 893 2739 patet,
910 2704 1050 2739 namﬁcitasv

259 2737 390 2765 εὲστατον
415 2737 477 2765 item
504 2739 574 2766 infra
591 2737 781 2766 Constantium
800 2737 950 2774 nuncupat.
966 2738 1048 2769 Editi.

259 2774 467 2808 εὐσεϐέστατον.
482 2774 568 2806 Quam
585 2774 657 2801 facili
675 2775 752 2808 lapsu
770 2775 799 2801 εὑ
815 2783 863 2808 pro
881 2775 899 2800 ὰ
913 2775 1050 2803 scribatur

261 2807 290 2836 in
306 2809 457 2845 codicibus.
474 2813 597 2835 notatum
614 2817 685 2844 srepe
698 2807 824 2845 superius
839 2815 890 2838 est.

299 2845 326 2881 (3
345 2846 370 2873 -Η
393 2844 644 2880 Βίιδὶι.,Ἀριμήνῳ.

1131 2530 1174 2557 Η.
1196 2531 1226 2557 '0
1249 2531 1298 2566 μὲν
1323 2527 1369 2557 οὖν
1393 2530 1529 2566 μακάριος
1553 2528 1713 2560 Ἀπόστολος
1728 2526 1870 2560 ἀποδέχεται

1099 2578 1161 2609 τοὺς
1178 2577 1339 2613 Κορινθίους
1351 2576 1437 2610 λέγων
1447 2585 1453 2592 '
1466 2586 1475 2602 ‹
1496 2577 1556 2603 Ὅτι
1570 2576 1658 2602 πάντα
1675 2584 1723 2611 μου
1738 2568 1869 2610 μέμνησθε,

1142 2633 1180 2668 (5)
1201 2632 1246 2669 Sic
1261 2632 1371 2667 Regius.
1389 2632 1416 2659 lu
1434 2632 1515 2660 editis
1528 2641 1592 2660 vero
1605 2633 1659 2669 γάρ
1673 2633 1754 2669 deest.
1768 2629 1870 2669 Hrecen-

1107 2673 1158 2694 tcm
1174 2668 1268 2695 confer
1285 2676 1347 2694 cum
1363 2669 1397 2694 iis
1410 2675 1471 2701 quas
1486 2676 1568 2702 supra
1582 2667 1723 2700 habentur,
1736 2667 1766 2694 de
1779 2667 1871 2692 θεοίεπι-

1104 2704 1140 2730 tia
1155 2703 1272 2730 Nicaeum
1285 2703 1392 2738 synodi,
1406 2711 1433 2737 p.
1451 2703 1511 2730 166.

1140 2739 1177 2773 (6)
1198 2738 1310 2773 Regius,
1324 2738 1462 2770 διδάξωσι.

1142 2774 1180 2808 (7)
1201 2773 1312 2809 Regius,
1332 2773 1642 2809 ιιιαξιιιίοεο,Ἀλεντίνου.

1142 2810 1178 2846 (8)
1200 2808 1309 2844 Regius,
1324 2808 1464 2835 ἐκϐάλετε.
