1974 3037
125 127 180 156 ’.ἷοὸ

792 127 835 155 DE
854 126 1006 154 SYNODIS.

1687 120 1739 148 706

127 184 175 211 καὶ
189 184 278 216 καθὼς
295 185 438 220 παρέδωκα
453 186 515 221 ὑμῖν
530 186 567 221 (3)
582 185 630 218 τὰς
645 185 804 222 παραδόσεις
815 205 822 216 ,
839 185 903 212 οὖτα

959 185 1029 212 sicut
1042 183 1140 210 tradidi
1154 181 1249 213 vobis.
1267 184 1401 215 praecepta
1423 186 1483 207 mea
1501 178 1598 207 tenetis
1609 178 1643 206 ".
1664 187 1673 204 ι
1692 177 1739 205 Isti

129 231 258 266 κατέχετε
270 239 277 246 ·
299 241 308 257 ι
324 229 395 258 οὗτοι
406 232 444 263 δὲ,
467 231 576 259 τοιαῦτα
589 232 652 267 περὶ
670 231 724 258 τῶν
740 231 792 267 πρὸ
819 231 907 258 αὐτῶν

128 276 331 312 ἐνθυμούμενοι,
341 277 467 304 τάναντία
479 278 585 309 πάντως
596 278 651 308 τοῖς
664 277 737 308 λαοῖς
759 276 806 303 καὶ
822 277 908 302 εἰπεῖν

126 322 304 357 τολμήσουσιν
315 331 321 337 ·
340 323 396 348 Οὐκ
418 322 580 357 ἐπαινοῦμεν
598 323 669 357 ὑμᾶς
693 322 908 357 μνημονεύοντας

125 367 180 393 τῶν
193 367 331 402 Πατὲρων,
355 367 411 393 ἀλλ’
424 367 610 402 ἀποδεχόμεθα
626 367 724 402 μᾶλλον
742 367 822 402 ὑμᾶς,
844 367 907 393 ὅταν

123 411 173 442 τὰς
191 411 351 446 παραδόσεις
365 412 453 438 αὐτῶν
471 411 508 447 μὴ
523 412 653 447 κατέχητε
665 420 671 426 “
683 411 730 438 καὶ
744 412 835 438 λοιπὸν
848 411 906 438 δια-

124 457 296 483 ϐαλλέτωσαν
313 457 361 492 τὴν
377 457 479 484 ἑαυτῶν
490 458 656 492 δυσγένειαν,
669 457 716 484 καὶ
736 457 889 491 λεγέτωσαν
898 465 904 472 ·

129 501 224 536 Ἡμεῖς
238 503 287 528 οὐκ
303 503 432 534 εὐσεὸῶν,
453 503 510 529 ἀλλ’
533 504 561 535 ἐξ
578 503 723 540 αἱρετικῶν
745 503 904 538 γεγόναμεν.

124 545 240 573 Τοιαῦτα
254 547 307 582 γὰρ
321 548 433 583 ἁρμόζει
448 548 536 582 λέγειν
550 550 616 580 τοῖς,
633 548 670 580 ὡς
680 550 820 584 προεῖπον,
836 556 905 583 ιιτρο⁸

124 591 230 617 πίνουσι
253 592 301 627 τὴν
318 591 372 617 τῶν
384 592 514 628 Πατὲρων
534 593 616 628 τιμὴν
629 613 636 625 ,
655 595 702 619 καὶ
728 594 777 628 τὴν
801 592 905 619 ἑαυτῶν

124 637 263 672 σωτηρίαν
276 639 308 672 τῇ
326 638 469 673 Ἀρειανῶν
484 639 519 673 (9)
536 639 651 674 αἱρέσει,
665 639 712 665 καὶ
724 639 760 674 μή
773 639 906 673 φοϐουμέ-

122 690 177 713 νοις
191 682 304 708 ἀκοῦσαι
318 683 349 708 τὸ
365 683 394 709 ὲν
412 684 444 718 τῇ
465 683 524 720 θείᾳ
547 684 684 719 Παροιμίᾳ.
705 684 904 719 γεγραμμένον,

125 734 134 750 ι
156 726 284 759 Ἐκγονον
298 727 379 753 κακὸν
391 728 495 763 πατέρα
510 729 671 764 καταρᾶται,
687 739 696 753 ι
708 729 753 755 καὶ
767 729 816 764 τὴν
829 730 856 755 ὲν
867 729 905 763 τῷ

121 772 197 807 νόμῳ
214 773 284 799 κατὰ
297 774 351 799 τῶν
362 773 487 800 τοιούτων
504 774 631 809 κειμένην
644 774 768 809 ἀπειλήν.
793 775 904 802 Ἐκεῖνοι

124 819 174 854 μὲν
187 818 232 846 οὖν
246 820 288 846 διὰ
307 820 356 855 τὴν
371 821 439 856 ὑπὲρ
447 822 496 856 τῆς
511 822 642 856 αἱρέσεως
659 822 775 857 σπουδὴν
786 821 905 849 τοιοῦτον

122 865 272 900 φιλόνεικον
288 866 418 900 ἐσχήκασι
432 866 515 892 καὶτὸ
526 866 664 901 φρόνημαν
680 867 758 902 ὑμεῖς
770 866 798 893 δὲ
814 867 851 902 μὴ
862 867 905 894 διὰ
921 861 940 888 Β

121 910 202 938 τοῦτο
214 910 376 946 ταραχθῆτε,
395 910 460 946 μηδὲ
474 911 521 946 τὴν
534 910 644 937 ἐκείνων
663 911 763 946 τόλμαν
779 911 904 946 ἀλήθειαν

119 956 260 992 ἡγήσησθε
275 956 341 991 (10).
358 957 410 983 Καὶ
425 957 478 992 γὰρ
490 957 613 992 καὶπρὸς
636 957 746 988 ἑαυτοὺς
763 957 905 984 ἀνθίσταν-

118 1010 176 1033 ται,
193 1002 238 1028 καὶ
249 1001 302 1027 τῶν
313 1001 450 1036 ’Πατέρων
467 1002 642 1033 ἀποστάντες,
665 1002 728 1036 μίαν
744 1002 793 1028 οὐκ
814 1002 903 1038 ἔχουσι

117 1047 170 1082 τὴν
185 1046 307 1082 γνώμην,
323 1046 390 1073 ἀλλὰ
404 1047 536 1078 ποικίλαις
553 1048 600 1073 καὶ
622 1047 758 1083 διαφόροις
778 1048 904 1083 νήχονται

119 1091 282 1126 μεταϐολαῖς
292 1101 299 1106 ·
316 1092 361 1118 καὶ
378 1092 444 1127 πρὸς
458 1092 507 1127 τὴν
525 1093 553 1118 ὲν
564 1093 664 1128 Νικαίᾳ
679 1093 784 1119 σύνοδον
799 1093 903 1128 ἐρίζον-

115 1145 178 1168 τες,
196 1136 295 1168 πολλὰς
308 1136 357 1171 μὲν
373 1136 494 1168 συνόδους
512 1137 675 1172 πεποιήκασι
690 1138 735 1163 καὶ
746 1138 830 1169 αὐτοὶ,
844 1138 902 1164 καθ’

116 1182 236 1216 ἑκάστην
256 1181 283 1208 δὲ
314 1182 403 1208 πίστιν
425 1181 605 1216 ἐκτιθέμενοι,
621 1183 649 1208 ὲν
661 1182 772 1217 οὐδεμιᾷ
785 1184 902 1218 μεμενή-

116 1235 213 1254 κασιν
235 1227 302 1254 ἀλλὰ
323 1228 368 1254 καὶ
392 1228 422 1254 οὐ
437 1228 584 1254 παύσονταί
595 1237 626 1262 γε
643 1229 685 1254 ἀεὶ
702 1228 779 1254 τοῦτο
798 1228 903 1256 ποιοῦν-

113 1282 173 1305 τες,
190 1275 241 1306 ὅτι,
255 1273 347 1305 κακῶς
364 1273 517 1309 ζητοῦντες,
533 1275 581 1308 οὐχ
593 1275 752 1310 εὑρήσουσιν
764 1275 795 1310 ἥν
808 1275 902 1311 ἐμίση-

117 1329 169 1346 σαν
185 1321 289 1354 σοφίαν.
308 1319 441 1353 ’Υπέταξα
455 1320 542 1346 τοίνυν
558 1321 713 1354 ἀναγκαίως
731 1320 784 1346 ἀπὺ
803 1321 901 1356 μέρους

115 1366 152 1391 τά
171 1374 200 1391 τε
219 1364 292 1401 παρὰ
318 1366 421 1401 Ἀρείου
446 1365 594 1401 γραφέντα,
621 1366 666 1392 καὶ
678 1366 728 1393 ὅσα
740 1368 901 1400 συναγαγεῖν

116 1411 264 1446 ἠδυνήθην,
278 1408 315 1437 ὧν
331 1412 358 1437 ὲν
372 1410 507 1446 διαφόροις
529 1407 599 1437 οὗτοι
621 1411 738 1443 συνόδοις
760 1411 881 1444 ἐξέθεντο
891 1419 899 1427 ·

116 1456 163 1482 ἶνα
179 1456 264 1489 γνῶτε
282 1457 328 1482 καὶ
343 1455 510 1491 Θαυμάσητε,
525 1456 596 1488 τίνος
610 1456 702 1489 ἕνεκα,
721 1456 788 1492 πρδς
812 1458 902 1483 οἰκου-

115 1502 232 1538 μενικήν
245 1501 363 1534 σύνοδον,
377 1502 423 1527 καὶ
440 1502 506 1537 πρὸς
520 1503 582 1533 τοὺς
595 1501 700 1528 ἑαυτῶν
720 1502 844 1538 Πατέρας
861 1511 901 1535 φι-

113 1546 309 1579 λονεικοῦντες,
318 1547 347 1573 οὐ
358 1546 542 1574 καταδύονται.
558 1547 664 1582 Ἄρειος
676 1547 755 1573 καὶοὶ
772 1547 819 1573 σὺν
827 1546 900 1582 αὺτῴ

113 1594 310 1628 φρονήσαντες.
329 1593 374 1619 καὶ
387 1593 519 1627 λέγοντες,
534 1603 543 1618 ‹
554 1593 598 1625 Ἐξ
610 1593 660 1619 οὐκ
674 1592 756 1618 όντων
769 1593 900 1628 πεποίηκε

113 1639 163 1665 τὸν
188 1638 251 1665 Υίὺν
266 1640 280 1665 ό
291 1639 366 1671 Θεὸς,
382 1640 428 1666 καὶ
442 1639 574 1674 κέκληκεν
593 1639 680 1674 ἑαυτῴ
694 1639 757 1665 Υίόν
768 1647 774 1655 ·
803 1639 832 1666 ἓν
848 1639 901 1666 τῶν

116 1684 276 1719 κτισμάτων
295 1684 350 1719 (11)
365 1685 437 1711 ἐστὶν
449 1685 463 1710 ό
478 1684 523 1711 τοῦ
540 1684 606 1711 Θεοῦ
621 1685 715 1718 Λόγος,
729 1694 738 1710 ι
750 1685 805 1717 καὶ,
825 1694 834 1710 ι
849 1683 901 1712 Ἤν

113 1738 194 1761 ποτε,
214 1730 257 1756 ὅτε
273 1730 321 1756 οὐκ
337 1728 370 1765 ἦν
381 1740 387 1746 ·
403 1731 517 1767 τρεπτὺς
545 1730 573 1757 δέ
598 1732 666 1763 ἐστι,
683 1730 840 1766 δυνάμενος,
857 1732 900 1757 ὅτε

116 1776 260 1811 βούλεται,
274 1777 419 1812 τραπῆναι,
441 1786 450 1803 ›
472 1776 653 1812 ἐξεϐλήθησαν
674 1777 722 1813 τῆς
740 1777 901 1814 Ἑκκλησίας

114 1822 195 1857 παρὰ
206 1822 252 1848 τοῦ
272 1823 422 1858 μακαρίτου
441 1823 624 1859 Ἀλεξάνδρου.

154 1868 198 1895 15.
221 1868 290 1895 Ἀλλ’
310 1869 450 1905 ἐκϐληθεὶς
463 1870 509 1896 καὶ
518 1869 666 1906 ὲπιτριὸεὶς
692 1870 799 1905 ’Ἄρειος
826 1869 900 1905 παρὰ

114 1914 174 1940 τῶν
191 1915 254 1949 περὶ
266 1915 403 1946 Εὺσέόιον,
418 1915 562 1950 συνέθηκεν
579 1915 673 1942 ἑαυτοῦ
692 1916 741 1951 τήν
757 1916 860 1951 αἵρεσιν
871 1917 900 1942 ἐν

114 1960 217 1996 χάρτῃ,
232 1961 278 1986 καὶ
289 1961 325 1992 ὡς
340 1961 368 1986 ἐν
384 1961 476 1994 Galla
488 1960 610 1995 ζηλώσας
626 1961 721 1988 οὐδένα
742 1962 795 1988 τῶν
810 1962 901 1997 φρονί-

116 2015 190 2041 μων,
215 2006 335 2033 ἀλλὰτὸν
348 2007 494 2041 Αίγύπτιον
515 2007 643 2043 Σωσάτην
667 2009 695 2034 ὲν
715 2008 754 2043 τῷ
774 2009 834 2044 seu
854 2009 900 2036 καὶ

114 2054 152 2088 τῇ
169 2052 274 2079 ὲκλύσει
292 2053 338 2079 τοῦ
356 2053 411 2088 (I2)
428 2054 533 2088 μέλους,
546 2054 646 2090 γράφει
660 2054 708 2089 μὲν
724 2054 822 2086 πολλὰ,
846 2055 900 2081 ἀπὸ

117 2099 222 2134 μέρους
231 2099 259 2125 δέ
272 2100 343 2126 ἐστιν
356 2099 437 2126 αὑτοῦ
448 2099 532 2126 ταῦτα
544 2107 552 2114 ·

215 2146 449 2172 ΒΛΑΣΦΗΜΙΑΙ
474 2147 544 2172 ΤΟΥ
565 2146 703 2173 ΔΡΕΙΟΥ
726 2145 792 2180 (I3).

959 235 1049 257 autem
1064 237 1126 256 cum
1155 228 1218 255 talia
1237 227 1269 253 de
1294 225 1442 260 majoribus
1469 225 1527 252 suis
1548 224 1686 259 cogitent,
1705 223 1739 250 iis

959 276 1037 311 plane
1051 274 1186 302 contraria
1200 273 1304 308 populis
1317 273 1407 299 dicere
1422 271 1559 298 audebunt
1574 278 1580 296 :
1603 269 1660 296 Non
1690 277 1740 297 vos

958 321 1099 348 laudamus
1117 319 1187 354 quod
1205 320 1314 346 Patrum
1333 325 1467 345 memores
1481 316 1558 348 sitis;
1574 315 1619 343 sed
1647 315 1739 350 potius

958 373 990 393 eo
1003 373 1052 392 vos
1064 365 1221 399 probamus,
1238 366 1309 398 quod
1320 370 1414 390 eorum
1437 361 1598 388 traditiones
1618 367 1673 387 non
1696 367 1740 386 re-

958 410 1088 437 tineatis:
1111 417 1143 436 ac
1161 409 1270 436 demum
1293 408 1441 435 infaustum
1462 414 1542 433 suum
1567 413 1653 441 genus
1677 405 1737 432 cul-

957 461 1030 490 pent.
1047 456 1201 490 dicamque,
1219 454 1274 482 Nos
1289 462 1343 481 non
1356 462 1389 480 ex
1411 453 1462 487 piis
1476 453 1552 484 viris,
1570 451 1616 479 Sed
1631 459 1663 478 ex
1681 451 1737 477 haz-

957 502 1047 529 reticis
1074 501 1206 536 originem
1229 500 1368 528 duximus.
1394 499 1474 526 Decet
1489 500 1588 533 quippe
1603 498 1640 524 ita
1660 496 1738 531 loqui

957 548 1091 580 homines,
1111 547 1157 582 qui
1175 547 1214 574 uti
1231 554 1311 581 supra
1329 546 1398 577 dixi,
1418 549 1445 572 et
1463 545 1574 571 Patrum
1591 544 1736 574 honorem,

955 598 982 621 et
993 594 1106 621 salutem
1123 601 1198 621 suam
1212 592 1320 620 Arianae
1336 591 1431 619 haeresi
1446 591 1589 626 propinant
1602 610 1609 622 ,
1621 589 1665 624 qui
1681 596 1736 615 non

956 639 1028 674 quod
1041 641 1068 666 in
1082 639 1174 666 divino
1190 639 1334 666 Proverbio
1347 638 1477 672 scriptum
1492 641 1550 668 est,
1567 644 1576 662 ι
1592 634 1660 662 Mala
1672 642 1736 669 pro—

956 685 995 712 Ies
1012 689 1115 719 patrem
1139 690 1296 712 exsecratur
1312 684 1351 716 ",
1370 693 1379 708 ι
1402 682 1496 710 audire
1515 684 1656 712 metuunt,
1680 687 1734 706 non

956 729 1046 757 minas
1065 730 1207 757 adversum
1220 729 1356 764 ejusmodi
1373 728 1496 755 homines
1509 727 1535 753 in
1551 726 1609 761 lege
1619 724 1733 760 positas.

955 775 996 802 0b
1008 783 1087 802 suum
1105 776 1195 810 itaque
1210 783 1259 810 pro
1274 775 1370 802 haeresi
1385 773 1505 801 studium
1515 792 1522 804 ,
1544 772 1580 799 ita
1595 770 1735 806 pertinace

956 826 1018 849 sunt
1029 822 1131 848 animo.
1145 822 1180 848 At
1195 829 1242 848 vos
1255 829 1288 848 ne
1302 821 1361 848 ideo
1379 818 1523 847 turbemini
1533 837 1540 850 ,
1563 825 1630 844 neve
1651 817 1735 843 auda-

955 868 1023 894 ciam
1035 875 1128 895 eorum
1145 875 1193 902 pro
1204 867 1316 894 veritate
1334 866 1465 893 habeatis.
1481 863 1586 891 Etenim
1601 862 1652 897 ipsi
1662 862 1734 889 inter

955 921 984 940 se
1000 920 1093 940 mutuo
1115 913 1255 945 dissident,
1268 917 1371 940 etcum
1393 919 1407 938 a
1427 909 1551 937 Patribus
1574 907 1733 939 defecerint,

954 965 1124 992 nequaquam
1145 966 1196 985 una
1209 958 1357 992 eademque
1370 960 1434 984 sunt
1454 959 1559 986 mente;
1582 953 1628 980 sed
1652 951 1733 979 variis

958 1002 1124 1038 diversisque
1158 1003 1299 1030 sententiis
1319 1001 1470 1029 ﬂuctuant:
1497 1000 1733 1033 disceptantesquc

953 1049 1083 1076 adversus
1096 1048 1233 1077 Nicaenam'
1242 1049 1386 1084 synodum,
1401 1046 1500 1074 multas
1512 1051 1538 1073 et
1550 1045 1600 1079 ipsi
1616 1043 1733 1079 synodos

954 1095 1142 1128 celebrarunt,
1172 1095 1197 1122 in
1209 1102 1323 1130 quarum
1338 1093 1451 1128 singulis
1476 1099 1537 1119 cum
1559 1091 1637 1118 ﬁdem
1651 1096 1733 1122 expo-

953 1140 1068 1172 suerint,
1087 1141 1152 1166 nulh
1180 1145 1269 1167 tamen
1294 1144 1392 1167 stetere
1409 1137 1582 1173 professioni,
1605 1143 1655 1162 nec
1678 1135 1732 1161 alio

953 1193 1071 1220 unquam
1087 1186 1166 1212 modo
1180 1186 1265 1213 acturi
1281 1189 1344 1213 sunt
1358 1205 1365 1218 ,
1381 1185 1450 1211 male
1465 1184 1563 1219 quippe
1575 1181 1731 1216 quaerendo,

952 1238 1033 1264 quam
1051 1231 1165 1259 oderunt
1178 1232 1338 1266 sapientiam
1355 1237 1494 1265 nunquam
1507 1228 1652 1256 invenient.
1673 1226 1731 1253 Non

952 1277 986 1304 ab
1002 1285 1031 1304 re
1042 1277 1123 1312 igitur
1137 1278 1254 1313 aliquam
1276 1278 1332 1304 Arii
1353 1278 1517 1312 scriptorum
1538 1279 1641 1309 partem
1667 1273 1732 1300 sub-

949 1323 1038 1357 junxi,
1055 1323 1118 1350 item
1129 1331 1307 1359 quascunque
1322 1323 1447 1358 colligere
1470 1321 1546 1357 potui
1566 1320 1627 1348 Iidei
1645 1326 1731 1353 expo-

952 1368 1061 1396 sitiones
1073 1369 1100 1396 iu
1116 1369 1198 1396 variis
1213 1369 1324 1405 synodis
1340 1369 1426 1396 editas
1441 1368 1474 1395 ab
1490 1368 1542 1395 illis
1556 1388 1564 1399 ,
1581 1372 1613 1394 ut
1632 1373 1731 1401 cogno-

951 1414 1052 1447 scatis,
1078 1415 1229 1448 etquidem
1254 1422 1306 1441 non
1323 1414 1382 1441 sine
1408 1413 1598 1445 admiratione,
1622 1420 1675 1447 qua
1697 1411 1731 1438 de

951 1467 1043 1492 causa,
1058 1460 1132 1486 nullo
1143 1460 1294 1487 adiciantur
1307 1459 1387 1494 582
1402 1459 1515 1494 pudore,
1524 1459 1588 1485 dum
1600 1458 1731 1484 adversus

951 1505 1145 1532 ecumenicam
1163 1505 1294 1541 synodum
1309 1509 1336 1532 et
1347 1506 1476 1532 adversus
1487 1503 1581 1531 Patres
1598 1511 1663 1531 suos
1673 1503 1730 1530 dis-

952 1555 1068 1586 ceptant.
1085 1552 1166 1579 Arius
1181 1557 1208 1579 et
1225 1556 1370 1579 sectatores
1393 1551 1452 1585 ejus
1480 1558 1542 1578 cum
1565 1550 1621 1576 haec
1644 1548 1730 1575 senti—

951 1602 1010 1624 rent
1024 1602 1104 1632 atque
1115 1597 1275 1633 proferrent,
1286 1607 1296 1623 ‹
1309 1597 1345 1624 Ex
1359 1604 1412 1624 non
1429 1596 1536 1624 entihus
1550 1595 1621 1622 Deus
1631 1594 1729 1621 Filium

950 1643 1024 1675 fecit.
1038 1648 1064 1670 et
1075 1644 1180 1670 vocavit
1192 1651 1254 1671 eum
1267 1643 1318 1670 sibi
1334 1642 1431 1668 Filium
1451 1662 1458 1674 ,
1483 1641 1530 1668 Dei
1550 1641 1665 1668 Verbum
1688 1645 1731 1667 est

951 1697 1004 1717 una
1018 1697 1050 1717 ex
1061 1689 1202 1721 creaturis,
1215 1699 1224 1714 ι
1234 1694 1269 1721 et,
1282 1698 1291 1714 ‹
1304 1688 1368 1715 Erat
1381 1687 1526 1722 aliquando
1538 1695 1599 1715 cum
1618 1694 1671 1714 non
1684 1694 1730 1714 es-

951 1739 1001 1767 set,
1008 1735 1144 1761 mutabilis
1152 1739 1240 1761 autem
1249 1738 1298 1763 est.
1307 1737 1458 1769 potestque,
1466 1739 1527 1760 cum
1536 1732 1663 1763 voluerit,
1670 1739 1731 1758 mu-

951 1779 1013 1813 tari,
1027 1789 1036 1805 ι
1047 1787 1062 1807 a
1076 1779 1160 1807 beata;
1176 1779 1313 1807 memoria:
1323 1779 1477 1806 Alexandro
1492 1778 1526 1805 ab
1540 1777 1662 1805 Ecclesia
1673 1777 1729 1812 eje-

950 1825 985 1852 cti
996 1828 1068 1852 sunt.

986 1868 1029 1896 IS.
1048 1868 1156 1904 Ejectus
1182 1873 1272 1896 autem
1294 1869 1375 1896 Arius
1397 1869 1460 1896 dum
1485 1869 1555 1903 apud
1581 1868 1728 1895 Eusebium

949 1920 1114 1943 versaretur.
1129 1923 1204 1942 suam
1222 1915 1342 1942 hazresim
1372 1915 1398 1941 in
1424 1915 1518 1942 charta
1543 1914 1688 1949 disposuit,
1702 1919 1730 1940 et

949 1962 1027 1997 quasi
1043 1962 1070 1988 in
1094 1961 1198 1994 Thalia,
1212 1961 1345 1988 neminem
1359 1961 1532 1996 prudentium
1545 1981 1552 1993 ,
1575 1961 1621 1987 sed
1643 1959 1729 1995 Egy-

949 2009 1033 2043 ptium
1051 2007 1188 2040 Soladem,
1208 2008 1329 2034 moribus
1349 2011 1376 2033 ct
1399 2006 1579 2034 dissolutione
1601 2013 1729 2033 numero-

950 2063 1008 2081 rum
1024 2055 1154 2086 imitatus,
1183 2053 1267 2080 muIla
1289 2052 1419 2088 scripsit,
1448 2059 1565 2087 quorum
1586 2059 1649 2086 pars
1672 2052 1728 2079 haec

948 2105 990 2127 an
1005 2121 1012 2127 .
1122 2143 1377 2172 BLASPMEMIA?
1391 2142 1471 2170 ΑΒΗ
1490 2143 1556 2179 (I5).

154 2189 240 2221 Αὐτὸς
262 2190 325 2224 γοῦν
341 2191 355 2216 ό
378 2191 442 2222 Θεὸς
458 2191 525 2218 καθό
549 2192 632 2221 ἐστιν,
656 2191 774 2227 ἄῤῥητος
798 2190 898 2217 ἅπασιν

985 2189 1044 2224 Ipse
1055 2190 1136 2225 igitur
1152 2190 1223 2218 Deus
1238 2191 1388 2217 secundum
1405 2189 1470 2216 illud
1482 2189 1555 2223 quod
1567 2192 1618 2220 est,
1634 2188 1728 2216 ineﬁ'a-

116 2235 247 2271 ὑπάρχει.
268 2237 347 2269 Ἴσον,
363 2237 422 2263 οὐδὲ
432 2237 533 2272 ὅμοιον,
549 2238 598 2272 οὐχ
612 2236 737 2272 ὁμόδοξον
750 2237 805 2272 ἔχει
821 2237 899 2272 μόνος

116 2278 206 2313 οὗτος.
228 2282 383 2317 ’Λγέννητον
396 2282 423 2308 δὲ
434 2283 513 2309 αὐτόν
528 2291 617 2318 φαμεν
630 2282 674 2309 διὰ
689 2283 733 2310 τὸν
749 2284 797 2319 τὴν
820 2283 899 2317 φύσιν

116 2327 262 2362 γεννητόν·
286 2327 378 2354 τοῦτον
401 2329 515 2364 ἄναρχον
545 2329 716 2364 ἀνυμνοῦμεν
745 2329 788 2355 διὰ
803 2329 849 2355 τὸν
871 2331 900 2356 ὲν

118 2374 208 2410 χρόνῳ
221 2374 277 2408 (14)
292 2366 420 2408 γεγαότα.
445 2374 542 2411 Ἀρχὴν
555 2375 599 2401 τὸν
610 2375 674 2402 Υἱὸν
686 2375 766 2411 ἔθηκε
784 2375 837 2402 τῶν
855 2383 901 2409 γε-

117 2419 208 2454 νητῶν
220 2419 370 2454 όᾰναρχος,
382 2421 429 2446 καὶ
448 2421 561 2455 ἤνεγκεν
576 2421 615 2452 είς
633 2421 696 2448 Υἱὸν
718 2421 805 2456 ἑαυτῷ
826 2421 900 2447 τόνδε
929 2450 934 2452 _

117 2465 324 2500 τεκνοποιήσας.
344 2465 422 2492 Ἰδιον
435 2467 509 2493 οὐδὲν
535 2466 590 2502 ἔχει
607 2465 652 2493 τοῦ
672 2467 738 2493 Θεοῦ
757 2466 817 2493 καθ’
834 2466 900 2492 ὑπό-

157 2552 180 2568 ⁹⁵
201 2551 210 2578 l
225 2551 288 2579 Cor.
304 2559 341 2584 ιι,
353 2552 379 2578 2.
418 2552 441 2567 ⁹⁸
462 2551 540 2579 Prov.
558 2561 621 2584 xxx,
639 2553 681 2580 Il.

159 2616 195 2651 (8)
216 2616 261 2652 Sic
275 2615 385 2652 Regius.
404 2615 485 2649 Editi,
502 2617 583 2652 ὑμᾶς.
748 2651 751 2652 ν
884 2619 889 2623 ”

158 2653 196 2688 (9)
216 2651 327 2687 Regius,
348 2651 485 2688 Ἀρειανῇ.
520 2651 581 2679 Mox
606 2651 688 2686 idem,
704 2651 898 2688 φοϐουμένους,

121 2687 213 2792 mihi)
233 2721 344 2756 Regius,
358 2721 509 2758 ἡγήσησθε.
525 2721 596 2749 Lditi
610 2729 683 2754 vero,
695 2720 846 2758 ἡγήσασθε.

130 2791 139 2792 7
173 2757 215 2791 II)
236 2756 327 2789 BasiI.,
346 2759 392 2784 καὶ
416 2757 444 2783 ἓν
465 2757 519 2783 τῶν
543 2757 708 2792 κτισμάτων.
725 2757 846 2792 Ιιιίτιιγερ

173 2757 215 2791 Η)
236 2756 327 2799 Fusii”
346 2756 392 2784 κάι
408 2756 447 2783 ἓν
465 2757 526 2799 τῶν.
543 2756 902 2799 κτισμάτωνζὲιξξςσῇεόξιὶο

121 2791 254 2820 Commel.
271 2797 298 2818 et
311 2800 404 2821 omnes
419 2800 496 2826 mss.,
513 2793 557 2819 ὅτε
572 2791 704 2827 βούλεται.
718 2792 788 2820 Edit.
801 2791 899 2826 Paris.,

119 2826 164 2854 ἇτι
180 2826 310 2860 βούλεται.

949 2236 1010 2264 bilis
1029 2237 1155 2264 omnibus
1170 2241 1221 2263 est.
1237 2237 1286 2263 Hic
1301 2235 1376 2263 solus
1391 2235 1493 2262 nullum
1515 2235 1565 2262 sibi
1579 2235 1620 2261 vcl
1639 2242 1730 2269 azqua-

950 2281 1001 2309 lem
1014 2282 1055 2309 vel
1067 2282 1181 2309 similem
1194 2282 1236 2309 vel
1247 2281 1356 2316 aequalis
1367 2280 1459 2315 gloriae
1472 2280 1561 2307 habet.
1575 2280 1728 2314 Ingenitum

950 2332 1039 2354 autem
1057 2327 1131 2353 illum
1147 2327 1275 2360 dicimus,
1290 2331 1401 2362 propter
1417 2334 1479 2354 eum
1500 2326 1547 2360 qui
1564 2331 1660 2352 natura
1683 2333 1731 2360 ge-

951 2373 1023 2400 nitus
1037 2379 1078 2400 est
1092 2382 1099 2398 :
1115 2374 1187 2400 hunc
1202 2373 1260 2400 sine
1271 2373 1404 2407 principio
1421 2372 1601 2404 celebramus,
1617 2375 1728 2406 propter

949 2426 1012 2445 eum
1032 2420 1078 2454 qui
1100 2419 1207 2446 initium
1229 2420 1317 2447 habet.
1337 2419 1480 2446 Etcrnnm
1501 2419 1588 2452 ipsum
1613 2425 1726 2444 venera—

951 2469 1137 2499 mur,propter
1144 2465 1257 2500 eumqui
1268 2473 1293 2491 in
1309 2470 1426 2499 tempore
1441 2469 1520 2491 natus
1534 2467 1585 2490 est.
1599 2462 1651 2495 Qui
1669 2464 1728 2490 sine

989 2617 1041 2652 (I2)
1062 2616 1107 2644 Sic
1124 2616 1234 2651 Regius.
1248 2617 1277 2644 In
1288 2618 1368 2645 editis
1383 2617 1429 2644 τοῦ
1447 2617 1531 2645 deest.
1547 2616 1596 2644 Hic
1617 2617 1727 2645 Sosates

951 2657 1064 2679 vocatur
1086 2652 1198 2678 Sotades
1219 2660 1310 2686 supra.

988 2687 1043 2722 (15)
1058 2687 1126 2714 Ante
1145 2687 1257 2722 Ἀρείου,
1280 2688 1325 2714 τοῦ
1349 2688 1423 2714 ὁοοέι
1437 2688 1463 2714 in
1481 2687 1570 2720 editis,
1591 2688 1617 2714 in
1643 2686 1727 2722 Regio

951 2722 1076 2758 habetur:
1092 2722 1157 2749 Ibid.
1175 2722 1284 2757 Regius,
1307 2723 1472 2758 βλασφημία.

988 2757 1041 2793 (14)
1059 2757 1171 2793 Begius,
1186 2758 1299 2792 χρόνοις.
1314 2758 1397 2786 Paulo
1417 2757 1480 2792 post
1507 2757 1579 2784 τόνδε
1603 2758 1677 2785 deest
1699 2758 1726 2784 iu

951 2791 1042 2820 editis.
1059 2791 1087 2827 In
1100 2791 1301 2827 Regio'legitur.

990 2826 1045 2863 (15)
1065 2826 1127 2854 Haec
1143 2826 1229 2862 paulo
1240 2832 1300 2863 post
1316 2836 1417 2856 annum
1435 2828 1486 2856 3&0
1499 2829 1568 2856 edita
1592 2828 1727 2855 videntur.
