1974 3037
259 137 309 164 707

540 134 569 163 ε.
588 132 773 161 ATHANASH
790 132 867 160 OPP.
888 129 977 158 PARS
996 129 1016 157 l.
1037 144 1072 149 —
1090 126 1276 155 HISTORICA
1296 125 1340 153 ET
1360 124 1573 154 DOGMATICA.
1816 122 1859 150 708

260 196 338 224 initio
346 199 398 228 est,
411 195 508 222 Filium
520 194 611 228 posuit
621 193 728 220 initium
739 197 939 222 creaturarum.
956 191 1041 217 hunc-

1098 197 1185 215 πασιν
1214 187 1359 222 ἰδιότητοςθ
1388 185 1449 212 οὐδὲ
1477 184 1531 219 γάρ
1544 183 1617 210 ἐστιν
1647 182 1720 214 ἴσος,
1741 181 1795 208 ἀλλ’
1810 183 1862 209 οὺῶ

259 251 313 278 que
327 242 388 270 tulit
399 249 430 268 ac
444 240 495 267 sibi
512 241 537 266 in
553 238 650 266 Filium
665 238 822 273 adoptavit,
837 237 883 272 qui
900 237 966 264 nihil
990 235 1044 263 Deo

260 288 399 323 proprium
416 286 495 313 habet
509 285 660 312 secundum
687 284 825 319 propriam
849 282 1042 315 substantiam,

261 342 315 361 non
331 339 373 361 est
387 333 459 359 enim
475 331 589 366 aequalis
606 334 653 357 aut
669 329 912 357 consubstantialis
929 328 978 355 illi.
994 327 1043 355 Sa-

260 380 337 415 piens
354 387 417 406 vero
431 382 473 405 est
489 377 570 410 Deus,
587 377 650 411 quia
668 376 809 410 sapientiae
831 375 962 410 magister
986 375 1044 408 ipse

259 431 310 454 est.
326 425 442 453 Evidens
456 432 565 460 quoque
576 432 620 451 res
633 428 687 456 est,
701 422 785 449 Deum
803 422 967 449 invisibilem
983 428 1044 447 esse

259 472 387 500 omnibus
401 479 462 506 quae
474 478 520 506 per
535 469 633 497 Filium
649 473 722 502 sunt,
739 469 847 503 ipsique
860 467 930 495 Filio
944 467 1043 494 invisi-

259 517 340 545 bilem
357 524 428 544 esse.
446 515 551 542 Diserte
567 519 657 541 autem
672 514 760 540 dicam
779 519 834 547 quo
850 512 931 539 modo
949 519 964 538 a
975 511 1044 538 Filio

259 561 388 590 videatur
400 562 446 597 qui
461 566 502 588 est
518 560 679 587 invisibilis:
692 559 752 592 Qua
767 558 790 585 vi
808 555 985 586 Deus‘videre
996 565 1044 592 po-

259 613 322 641 test,
334 608 428 635 eadem
443 606 559 642 propriis
576 606 662 633 modis
678 605 705 632 in
723 604 824 632 Filium
834 604 909 632 cadit
934 603 1043 630 Patrem

259 654 362 685 videre,“
374 658 508 688 quatenus
523 652 564 678 l‘as
573 656 624 678 est.
640 650 772 678 Nimirum
794 650 915 678 Trinitas
929 654 971 676 est
990 657 1043 676 non

259 699 342 726 simili
361 698 444 733 gloria
464 719 469 724 .
484 697 642 725 substantiae
660 697 732 723 enim
744 703 839 723 eorum
858 696 929 723 inter
942 703 971 722 se
984 703 1045 730 per—

260 746 348 774 mistze
362 752 415 771 non
430 748 503 776 sunt,
531 743 615 770 altera
631 743 716 770 altera
731 743 876 776 gloriosior
895 746 936 769 est
948 741 974 768 in
993 742 1044 768 im-

260 799 395 819 mensum.
420 789 572 816 Extraneus
593 796 608 815 a
628 788 696 815 Filio
718 789 868 816 secundum
898 787 1044 814 essentiam

260 837 340 864 Pater
348 841 400 867 est,
418 836 480 871 quia
495 836 553 863 sine
568 835 700 870 principio
713 838 764 861 est.
777 833 900 868 Intellige
914 833 1043 860 unitatem

1094 233 1235 269 ὑμοούσιος
1253 233 1327 268 αὺτῷ
1340 232 1406 267 (16).
1426 231 1511 266 Σοφὺς
1522 231 1550 257 δέ
1568 231 1641 256 ἐστιν
1654 229 1667 254 ὁ
1679 228 1743 259 Θεὸς
1752 247 1759 259 ,
1774 228 1810 254 ὅτι
1821 228 1863 263 τῆς

1095 280 1189 314 σοφίας
1208 279 1366 310 διδάσκαλος
1381 277 1472 309 αὐτός.
1493 276 1583 310 Ἱκανὴ
1597 275 1626 301 δὲ
1641 273 1775 306 ἀπόδειξις
1786 293 1792 305 ,
1807 273 1864 299 ὃτιό

1094 325 1160 358 Θεὸς
1171 326 1285 361 ἀόρατος
1299 325 1394 355 ἅπασι,
1407 325 1462 355 τοῖς
1476 332 1506 349 τε
1532 322 1577 348 διὰ
1597 320 1660 347 Υἱοῦ
1681 321 1727 347 καὶ
1747 318 1815 354 αὺτῷ
1832 318 1864 353 τῷ

1095 371 1151 406 Υῑῷ
1168 371 1283 406 ἀόρατος
1296 372 1309 397 ό
1323 371 1413 402 αὑτός.
1435 368 1538 404 Ῥητῶς
1551 368 1579 394 δὲ
1592 366 1669 398 λέξω,
1692 366 1748 397 πῶς
1768 365 1803 400 τῷ
1817 365 1866 399 Υίῴ

1093 418 1188 453 ὁρᾶται
1203 417 1216 442 ὁ
1231 417 1359 452 ἀόρατος·
1377 416 1416 451 Τῇ
1433 411 1573 450 δυνάμει
1585 413 1694 440 δύναται
1711 413 1725 438 ὸ
1737 411 1798 442 Θεὺς
1812 411 1866 438 ἰδεῖν

1096 464 1171 494 ἰδίοις
1184 471 1213 489 τε
1233 462 1341 497 μέτροις
1355 461 1484 496 ὑπομένει
1498 461 1512 485 ὁ
1529 459 1591 490 Υἱὸς
1613 458 1675 484 ἰδεῖν
1692 457 1737 483 τὸν
1754 457 1866 491 Πατέρα,

1093 508 1130 539 ὼς
1140 507 1218 542 θέμις
1232 506 1315 532 ἐστίν.
1327 506 1428 540 Ἦγουν
1442 504 1526 540 Τριάς
1537 505 1593 530 ἐστι
1604 502 1692 534 δόξαις
1705 502 1753 536 οὺχ
1763 501 1866 536 ὁμοίαις·

1093 553 1266 588 ἀνεπίμικτοι
1281 552 1388 582 ἑαυταῖς
1403 551 1471 577 εἰσιν
1487 551 1515 576 αἰ
1531 548 1694 579 ὑποστάσεις
1707 547 1808 574 αὐτῶν·
1826 545 1870 581 μία

1094 599 1144 634 τῆς
1158 600 1222 634 μιᾶς
1237 598 1394 633 ἐνδοξοτέρα
1409 596 1495 629 δόξαις
1515 596 1557 623 ἐπ’
1588 595 1711 630 ἄπειρον.
1732 587 1807 624 Ξένος
1828 591 1869 618 τοῦ

1095 644 1160 672 Υἱοῦ
1179 646 1237 672 κατ’
1261 643 1355 670 οὐσίαν
1372 645 1385 670 6
1411 642 1515 678 Πατὴρ,
1544 642 1584 668 ὃτι
1611 641 1728 676 ἄναρχος
1755 639 1869 674 ὑπάρχει.

1095 691 1187 722 Σύνες,
1200 691 1242 716 ὅτι
1259 691 1275 725 ἡ
1291 689 1375 725 μονὰς
1385 686 1418 724 ἦν
1428 696 1434 703 ·
1453 689 1470 723 ἡ
1483 687 1547 719 δυὰς
1556 687 1584 713 δὲ
1598 687 1648 712 οὐκ
1660 684 1705 721 ἢν,
1721 685 1783 720 πρὶν
1793 684 1871 720 ὑπάρ-

1095 736 1138 773 ξῃ.
1151 736 1254 762 Αὐτίκα
1270 735 1346 769 γοῦν,
1365 734 1431 761 Υιοῦ
1450 734 1487 769 μὴ
1499 733 1584 764 ὄντος,
1602 733 1616 758 ὸ
1629 731 1724 767 Πατὴρ
1737 731 1800 762 Θεός
1810 730 1870 756 ἐστι.

1094 782 1193 809 Λοιπὸν
1212 783 1227 808 ὁ
1241 782 1305 813 Υἱὸς
1328 781 1378 807 οὐκ
1397 780 1433 807 ὢν
1456 779 1571 814 (ὑπῆρξε
1586 779 1614 805 δὲ
1628 777 1735 813 θελήσει
1749 776 1870 812 πατρῴᾳ),

1096 829 1242 864 μονογενὴς
1257 827 1324 859 Θεὸς
1338 828 1406 859 ἐστι,
1423 826 1469 853 καὶ
1486 825 1623 861 ἑκατέρων
1639 824 1776 860 ἀλλότριος
1793 820 1870 855 οὗτος.

260 882 356 915 fuisse,
369 883 526 910 dualitatem
542 889 605 909 vero
621 889 672 908 non
691 881 775 907 fuisse
797 879 954 914 priusquam
972 879 1043 906 exsi-

1099 874 1131 900 'H
1145 874 1231 909 Σοφία
1243 874 1322 908 σοφία
1329 873 1433 908 ὑπῆρξε
1450 871 1532 906 σοφοῦ
1542 871 1609 898 Θεοῦ
1621 871 1740 906 θελήσει.
1755 870 1872 896 Ἐπινοεὶ-

261 933 353 956 steret.
371 928 453 963 lgitur
468 926 538 953 Filio
554 927 673 953 nonduin
688 925 838 952 exsistente
848 945 856 956 ,
877 924 958 951 Pater
972 923 1044 950 Deus

259 978 312 1002 est.
328 973 430 1001 Dehine
452 980 514 1000 cum
538 972 622 999 Filius
647 971 794 1006 aliquando
822 978 876 997 non
912 969 1045 997 exstiterit

260 1019 411 1055 (voluntate
425 1023 516 1046 autem
532 1023 643 1052 paterna
660 1016 783 1055 exstitit),
801 1016 957 1050 unigenitus
974 1014 1045 1041 Deus

259 1071 312 1098 est,
330 1071 356 1093 et
366 1065 401 1093 ab
416 1070 531 1099 utroque
542 1064 656 1090 alienus.
673 1062 811 1097 Sapientia
824 1081 830 1093 .
850 1061 895 1087 Dei
914 1061 1044 1095 sapientis

261 1111 400 1138 voluntate
412 1109 543 1144 sapientia
564 1108 677 1135 exstitit.
695 1107 838 1134 Sexcentis
859 1107 942 1140 igitur
961 1106 1046 1133 ratio—

261 1157 343 1184 nibus
358 1155 402 1183 hic
426 1154 596 1189 intelligitur,
617 1152 746 1188 Spiritus.
773 1152 877 1183 virtus,
900 1151 1042 1185 sapientia,

261 1201 309 1229 Dei
328 1201 424 1236 gloria.
447 1200 558 1236 veritas,
587 1199 677 1233 imago
692 1218 700 1231 ,
728 1202 755 1225 et
768 1196 900 1224 Verbum.
926 1197 1045 1231 lntellige

261 1234 431 1276 illudretiam.
441 1234 612 1278 splendorem
628 1247 654 1270 et
669 1243 756 1269 lucem
770 1242 886 1277 concipi.
901 1241 1044 1276 Equalem

262 1290 332 1318 Filio
347 1290 458 1326 gignere
472 1295 561 1324 potest
576 1289 648 1316 Deus
665 1297 671 1315 :
693 1293 722 1315 at
742 1289 958 1323 praestantiorem
969 1309 976 1320 ,
1003 1287 1044 1314 vel

262 1336 413 1367 meliorem,
433 1335 475 1362 vel
489 1335 630 1369 majorem,
650 1341 832 1369 nequaquam.
847 1333 894 1360 Dei
908 1333 1046 1360 voluntate

261 1379 347 1407 Filius
359 1384 478 1415 quantus
490 1384 610 1414 quantus
627 1382 681 1411 est,
697 1386 729 1405 ex
746 1385 800 1412 quo
822 1382 941 1412 tempore
958 1385 973 1404 a
989 1377 1044 1404 Deo

262 1426 380 1458 exstitit,
398 1425 468 1452 Deus
481 1424 560 1452 fortis
577 1433 638 1451 cum
653 1426 708 1455 sit,
725 1431 755 1451 se
782 1424 996 1458 praestantiorem
1011 1431 1043 1450 ex

1094 928 1138 946 ται
1154 919 1218 954 γοῦν
1235 920 1345 955 μυρίαις
1360 920 1436 950 ὅσαις
1456 918 1587 949 ἐπινοίαις
1608 917 1720 952 Πνεῦμα
1735 936 1742 947 ,
1759 915 1871 950 δύναμις,

1096 967 1186 1000 σοφία,
1201 965 1265 998 δόξα
1275 965 1353 997 Θεοῦ,
1364 964 1479 1000 ἀλήθειά
1502 972 1531 990 τε
1547 964 1594 990 καὶ
1606 963 1688 989 εἰκὼν
1699 982 1706 992 ,
1725 963 1770 988 καὶ
1785 961 1870 995 Λόγος.

1095 1008 1181 1043 οὗτος.
1192 1011 1283 1043 Σύνες,
1297 1011 1337 1038 ὅτι
1348 1012 1394 1037 καὶ
1409 1010 1579 1044 ἀπαύγασμα
1593 1009 1639 1035 καὶ
1655 1009 1713 1043 φῶς
1727 1008 1870 1034 ἐπινοεῖται.

1097 1058 1168 1084 Ἴσον
1185 1058 1233 1092 μὲν
1244 1057 1289 1084 τοῦ
1306 1057 1370 1084 Υἱοῦ
1383 1058 1479 1092 γεννᾷν
1491 1056 1603 1086 δυνατός
1617 1057 1691 1082 ἐστιν
1706 1055 1720 1080 ὁ
1733 1054 1870 1090 κρείττων·

1094 1102 1290 1139 διαφορώτερον
1306 1103 1346 1134 δὲ,
1364 1102 1380 1137 ἢ
1398 1102 1550 1137 κρείττονα,
1567 1102 1584 1137 ἢ
1602 1101 1725 1136 μείζονα,
1739 1100 1797 1135 οὐχί
1813 1099 1870 1133 (17).

1094 1149 1161 1176 Θεοῦ
1176 1149 1284 1184 θελήσει
1300 1149 1314 1174 ό
1330 1148 1392 1180 Υίδς
1407 1148 1500 1184 ἡλίκος
1520 1148 1567 1174 καὶ
1589 1148 1651 1179 ὅσος
1678 1147 1766 1178 ἐστὶν,
1793 1145 1820 1178 ἐξ
1833 1146 1871 1172 ὅτε

1095 1196 1142 1222 καὶ
1156 1196 1202 1230 ἀφ’
1219 1193 1258 1227 οὗ,
1274 1195 1321 1222 καὶ
1335 1194 1389 1222 ἀπὸ
1404 1195 1465 1221 τότε
1478 1195 1510 1221 ἐκ
1522 1194 1569 1220 τοῦ
1581 1193 1649 1220 Θεοῦ
1667 1193 1770 1228 ὑπέστη
1780 1212 1787 1223 ,
1807 1193 1872 1226 ισχυ-

1097 1241 1142 1278 ρὸς
1155 1241 1222 1272 Θεὸς
1236 1240 1284 1274 ὢν,
1307 1241 1352 1267 τὸν
1371 1241 1515 1276 κρείττονα
1546 1241 1578 1267 ὲκ
1597 1240 1698 1276 μέρους
1711 1239 1797 1275 ὑμνεῖ.
1818 1238 1872 1263 Συν-

1094 1288 1181 1315 ελόντι
1203 1288 1300 1319 εἰπεῖν,
1318 1287 1356 1323 τῷ
1369 1287 1425 1322 Υἱῷ
1441 1289 1455 1314 ὁ
1466 1287 1531 1319 Θεὸς
1542 1287 1660 1322 ἄῤῥητος
1675 1286 1788 1321 ὑπάρχει
1800 1293 1806 1299 ·
1824 1285 1872 1310 ἐστι

1095 1334 1150 1368 γὰρ
1165 1332 1254 1368 ἐαυτῷ
1265 1333 1280 1359 ὅ
1296 1333 1368 1364 ἐστι,
1388 1332 1460 1359 τοῦτ²
1478 1333 1551 1358 ἔστιν
1571 1332 1685 1363 ἄλεκτος
1697 1340 1705 1347 ·
1723 1330 1791 1358 ὣστε
1807 1329 1873 1356 eam

1095 1378 1148 1404 τῶν
1166 1377 1318 1413 λεγομένων
1332 1378 1404 1404 κατά
1417 1386 1446 1404 τε
1467 1377 1617 1412 κατάληψιν
1638 1377 1724 1404 συνίει
1740 1376 1849 1410 ἐξειπεῖν
1862 1376 1874 1400 ὸ

1097 1423 1169 1455 Υἱός.
1189 1423 1323 1450 Ἀδύνατα
1336 1423 1390 1459 γὰρ
1406 1423 1480 1458 αὐτῷ
1491 1424 1536 1450 τὸν
1551 1424 1661 1460 Πατέρα
1682 1432 1712 1450 τε
1727 1423 1872 1458 ὲξιχνιάσαι,

262 1477 337 1506 parte
356 1471 484 1498 celebrat.
511 1470 545 1498 Ut
567 1471 661 1506 paucis
690 1470 790 1502 dicam,
815 1468 884 1496 Filio
911 1468 983 1496 Deus
1004 1473 1045 1496 est

1098 1469 1124 1502 ὃς
1152 1470 1224 1495 ἐστιν
1253 1470 1295 1504 ἐφ’
1309 1469 1416 1496 ἑαυτοῦ.
1437 1470 1521 1501 Αὐτὸς
1535 1470 1590 1505 γὰρ
1608 1471 1622 1496 ὸ
1640 1469 1705 1502 Υίδς
1722 1469 1769 1505 τὴν
1789 1466 1873 1495 ἑαυτοῦ

262 1515 415 1546 inellabilis.
431 1520 473 1542 est
488 1515 559 1542 enim
573 1515 624 1543 sibi
639 1515 712 1550 quod
726 1521 767 1542 est
778 1534 786 1546 ,
803 1515 855 1542 hoc
874 1519 915 1542 est
935 1514 1044 1541 inenar-

1098 1515 1189 1541 οὐσίαν
1205 1516 1254 1542 οὐκ
1271 1513 1339 1542 οἶδεν
1351 1524 1358 1531 ·
1372 1516 1436 1548 Υἱδς
1446 1516 1501 1553 γὰρ
1511 1515 1548 1543 ὣν
1562 1515 1669 1552 θελήσει
1682 1515 1787 1552 Πατρὸς
1797 1516 1874 1551 ὑπῆρ-

262 1562 374 1594 rabilis;
392 1561 429 1588 ita
448 1566 478 1588 ut
489 1561 555 1588 nihil
570 1569 665 1588 eorum
683 1568 744 1596 qua:
760 1561 909 1588 secundum
923 1567 1046 1595 compre-

1100 1560 1143 1593 ξεν
1158 1560 1274 1596 άληθῶς.
1291 1562 1339 1593 Τίς
1357 1544 1514 1596 γοῦνῐλογος
1526 1544 1662 1597 συγχωρεῖ
1676 1563 1721 1588 τὸν
1736 1544 1767 1588 ἐκ
1777 1544 1874 1595 hastili;

262 1608 419 1635 hensionem
434 1608 574 1639 dicuntur,
590 1608 759 1643 intelligere,
786 1611 834 1634 aut
860 1607 934 1634 eﬂ‘ari
958 1607 1046 1634 valeat

1098 1606 1163 1634 ὂντα
1179 1607 1258 1634 αὑτὸν
1283 1608 1328 1634 τδν
1347 1608 1515 1644 γεννήσαντα
1538 1607 1639 1642 γνῶναι
1665 1609 1695 1634 ὲν
1718 1606 1873 1642 “tamen:

263 1651 357 1679 Filius.
373 1651 542 1687 lmpossibile
556 1654 655 1688 quippe
681 1658 723 1680 est
742 1653 779 1680 illi
801 1652 909 1680 Patrem
935 1653 1046 1680 investi-

1099 1652 1177 1687 δῆλον
1199 1653 1254 1689 γὰρ
1273 1653 1340 1688 (18),
1355 1654 1396 1680 ὅτι
1411 1654 1442 1681 τὸ
1456 1654 1542 1690 ἀρχὴν
1555 1654 1625 1689 ἔχον,
1639 1653 1687 1680 τὸν
1709 1654 1830 1690 ἄναρχον,
1843 1651 1874 1682 ὡς

262 1705 336 1732 gare,
352 1698 440 1733 qualis
464 1699 491 1725 in
505 1707 534 1726 se
561 1703 612 1726 est.
642 1698 709 1725 Nam
730 1700 787 1733 ipse
813 1698 898 1726 Filius
916 1707 949 1726 ne
967 1707 1044 1726 suam

1099 1698 1425 1735 ἔστιν,ὲμπερινοῆσαι,ἥ
1443 1699 1706 1736 ὲμπεριδράξασθαι,
1723 1700 1772 1735 οὐχ
1786 1697 1836 1725 οἶόν
1849 1697 1873 1723 τί

262 1743 371 1776 quidem
397 1743 575 1770 substantiam
601 1744 694 1770 novit:
715 1743 800 1771 Filius
823 1744 896 1770 enim
918 1751 980 1771 cum
998 1744 1043 1776 sit,
1098 1745 1183 1772 ἐστιν.

262 1795 373 1823 paterna
392 1798 425 1817 ex
447 1791 585 1818 voluntate
604 1799 697 1818 revera
721 1791 836 1818 exstitit.
858 1790 916 1823 Qua
939 1792 1044 1819 ratione
1067 1792 1124 1819 ﬁeri
1145 1798 1236 1828 queat.
1260 1797 1290 1820 ut
1307 1793 1354 1828 qui
1379 1797 1420 1821 est
1444 1801 1475 1820 ex
1498 1793 1596 1825 Patre,
1626 1792 1716 1828 ipsum
1739 1793 1872 1827 genitorem

263 1846 424 1874 cognoscere
457 1843 538 1874 atque
562 1839 791 1874 comprehendere
818 1838 921 1874 possit?
942 1838 1034 1866 Palam
1054 1839 1152 1875 quippe
1166 1845 1209 1868 est
1223 1840 1249 1868 id
1260 1840 1332 1876 quod
1343 1840 1424 1868 habet
1443 1840 1562 1872 initium,
1588 1847 1642 1867 non
1662 1842 1744 1874 posse
1767 1840 1793 1867 id
1811 1837 1874 1874 quod

264 1895 318 1914 non
337 1887 418 1915 habet
435 1887 554 1919 initium,
573 1891 603 1913 ut
617 1891 659 1914 est
669 1887 789 1922 cogitare
805 1886 847 1914 vel
867 1886 1107 1920 comprehendere.

299 1931 341 1959 l6.
360 1932 426 1965 Quae
446 1940 511 1960 vero
533 1932 627 1960 Ariani
645 1940 693 1968 per
702 1933 847 1968 epistolam
871 1940 949 1960 suam
961 1933 1046 1960 beatae

264 1978 402 2005 memoriae
426 1977 484 2004 viro
503 1978 657 2005 Alexandro
681 1978 811 2013 episcopo
835 1978 937 2012 scripta
961 1977 1045 2005 tradi-

263 2024 338 2057 dere,
349 2024 406 2052 haec
421 2030 500 2052 sunt:

263 2079 344 2141 58%
361 2079 482 2108 BEATO
502 2079 614 2107 ΡΑΡΑΞ
628 2080 675 2107 ΕΤ
693 2080 879 2123 ΕΙξΙδϐΟΡΟ
901 2081 1048 2124 Νοξτηο

299 2119 321 2143 Α
350 2115 525 2143 EXANDRO
549 2115 778 2143 PRESBYTER!
809 2116 856 2143 ET
888 2117 1048 2143 DIALONI

300 2115 525 2143 ΑιΕΧΑΝυκο
549 2115 778 2144 PRESBYTER]
809 2116 856 2143 ET
888 2117 1048 2145 DIACONI

300 2150 345 2177 IN
358 2150 510 2178 DOMINO
524 2150 705 2178 SALUTEM.

299 2206 398 2233 Nostra
413 2213 428 2233 a
447 2206 596 2241 majoribus
612 2206 689 2240 lides,
707 2215 789 2242 quam
813 2213 841 2235 et
867 2216 882 2235 a
908 2213 933 2235 te
954 2209 1049 2236 didici-
1065 2207 1091 2236 D

265 2260 339 2283 mus,
363 2252 439 2279 beate
467 2260 547 2287 papa,
577 2253 636 2280 haec
664 2258 716 2280 est.
753 2254 935 2288 Agnoscimus
965 2262 1050 2281 unum

267 2298 364 2329 Deum,
378 2297 467 2324 solum
493 2298 654 2332 ingenitum,
681 2299 770 2325 solum
799 2303 941 2331 aeternum.
963 2300 1050 2326 solum

265 2343 398 2378 principio
409 2348 556 2375 carentem,
580 2344 667 2370 solum
693 2352 797 2377 verum,
824 2345 912 2372 solum
939 2345 1051 2372 immor-

268 2391 368 2419 talitate
383 2391 537 2427 praeditum,
551 2391 640 2418 solum
661 2391 822 2427 sapientem,
837 2392 924 2418 solum
937 2392 1049 2424 bonum,

303 2491 360 2562 €16)
381 2491 491 2526 Regius.
506 2491 600 2519 αὑτοῦ.

318 2527 361 2562 17)
382 2526 429 2554 Sic
448 2528 528 2554 habet
544 2527 598 2553 inte

318 2527 361 2562 l7)
382 2526 429 2554 Sic
448 2528 528 2554 habet
544 2526 724 2561 interpunctio
739 2527 766 2553 in
788 2526 931 2554 Basiliensi
945 2527 1050 2560 codice,

269 2562 307 2589 ita
324 2567 353 2588 ut
370 2562 429 2596 οὐχί
445 2562 477 2588 ad
494 2562 634 2596 superiora
649 2562 792 2593 referatur,
815 2567 842 2588 et
860 2563 916 2589 haec
933 2562 969 2589 sit
993 2570 1052 2589 sen-

270 2597 365 2630 tentia,
382 2596 526 2631 Equalem
541 2596 610 2624 Filio
621 2601 708 2631 potest
723 2597 832 2632 gignere
843 2596 928 2624 Deus.
942 2602 970 2624 at
981 2604 1050 2629 prae-

270 2632 440 2664 stantiorem,
460 2640 641 2667 nequaquam.
657 2632 685 2658 In
703 2633 782 2659 editis
797 2639 862 2659 vero
874 2632 933 2667 οὑχί
955 2633 1051 2667 subse-

436 2666 600 2702 jungebatur
621 2668 701 2695 male.
721 2666 805 2695 Paulo
821 2667 891 2695 inl'ra
907 2666 1007 2702 Regius
1022 2666 1052 2693 τὺ

271 2710 421 2728 κοειττονα.

291 2710 421 2771 Pfiéioii:
436 2737 537 2773 Regius
551 2737 577 2764 in
589 2737 673 2773 editis
683 2737 738 2773 γάρ
757 2737 843 2765 deest.
860 2736 922 2764 Mox
939 2736 1050 2773 Regius,

270 2772 300 2804 ὃς
316 2772 399 2802 ἐστιν,
417 2778 444 2799 el.
459 2770 528 2799 infra
548 2773 630 2804 idem,
644 2770 699 2804 οἷός
711 2770 752 2799 τε.

307 2807 362 2843 (l9)
382 2806 501 2834 Habetur
516 2808 572 2843 haee
585 2808 645 2834 ﬁdei
661 2807 776 2843 formula
790 2807 859 2843 apud
870 2807 1050 2842 Epiphantum

270 2842 366 2872 haresi
380 2850 453 2871 uix.
468 2850 542 2869 num.
560 2842 592 2875 '1;
609 2843 678 2877 apud
698 2842 828 2870 Hilarium
846 2842 898 2876 bis,
917 2843 986 2870 libro
999 2843 1052 2870 sci-

1135 1934 1179 1961 16.
1201 1935 1234 1961 Ἀ
1248 1935 1276 1961 δὲ
1289 1935 1336 1961 καὶ
1349 1935 1384 1961 δι’
1398 1933 1541 1968 ἐπιστολῆς
1557 1933 1680 1970 ἔγραψαν
1696 1934 1765 1969 πρὸς
1776 1932 1818 1958 τὸν
1832 1937 1874 1966 με·

1100 1980 1214 2017 χαρίτην
1238 1980 1410 2016 Ἀλέξανδρον
1422 1981 1468 2008 τὸν
1484 1981 1641 2014 ἐπίσκοπον,
1656 1981 1715 2007 ἐστι
1731 1979 1828 2006 ταῦτα·

1103 2071 1158 2106 (19)
1178 2072 1341 2107 ΜΑΚΑΡΙῼ
1371 2073 1472 2106 ΠΑΠᾼ
1491 2073 1555 2098 ΚΑΙ
1577 2071 1766 2106 ΕΠΙΣΚΟΙΙῼ
1783 2069 1875 2107 RMBD:

1134 2104 1346 2141 ΑΛΕΞΑΝΔΡᾨ
1379 2108 1418 2134 OI
1450 2104 1715 2133 ΠΡΕΣΒΥΤΕΡΟῙ
1744 2104 1808 2133 ΚΑΙ
1843 2104 1876 2130 01

1136 2142 1310 2168 ΔΙΑΚΟΝΟΙ
1335 2142 1387 2168 ΕΝ
1411 2142 1525 2176 ΚΥΡῙῼ
1544 2142 1710 2169 ΧΑΙΡΕΙΝ.

1143 2198 1175 2224 Ἦ
1192 2198 1282 2230 πίστις
1295 2198 1373 2234 ἡμῶν
1386 2199 1402 2234 ἡ
1414 2201 1446 2226 ὲκ
1462 2199 1601 2234 προγόνων
1613 2218 1619 2230 ,
1645 2198 1679 2234 ἢν
1694 2199 1741 2224 καὶ
1764 2197 1815 2224 ἀπὺ
1835 2194 1873 2221 σοῦ

1105 2243 1314 2279 μεμαθήκαμεν,
1336 2245 1454 2279 μακάριε
1473 2244 1560 2274 πάπα,
1578 2244 1650 2270 ἐστιν
1671 2243 1753 2278 αῦτη.
1770 2242 1875 2275 Οἴδαμεν

1102 2289 1148 2316 ἕνα
1164 2289 1239 2319 Θεὸν,
1253 2290 1331 2324 μόνον
1345 2290 1502 2324 ἀγέννητον,
1519 2290 1597 2324 μόνον
1608 2289 1702 2321 ἀΐδιον,
1713 2289 1790 2324 μόνον
1803 2287 1874 2319 ἄναρ-

1101 2344 1158 2370 χον,
1177 2335 1256 2370 μόνον
1271 2335 1407 2370 ἀληθινὸν,
1424 2336 1504 2370 μόνον
1515 2335 1661 2362 ἀθανασίαν
1677 2335 1782 2370 ἔχοντα,
1806 2332 1874 2367 μόνον

1102 2381 1193 2416 σοφὸν,
1213 2381 1292 2416 μόνον
1305 2381 1417 2416 ἀγαθὸν,
1437 2382 1515 2416 μόνον
1531 2381 1664 2417 δυνάστην
1675 2401 1682 2413 ,
1700 2381 1806 2407 πάντων
1824 2384 1876 2412 κριο

1102 2493 1163 2520 licet
1177 2497 1274 2527 quarto
1286 2493 1320 2520 de
1338 2492 1480 2524 Trinitale,
1494 2491 1545 2527 col.
1557 2490 1610 2527 855
1620 2500 1627 2523 ;
1639 2491 1711 2517 libro
1727 2490 1794 2527 iterp_
1804 2494 1827 2514 vt
1841 2485 1874 2512 De

1103 2523 1212 2558 Trinit'”
1229 2528 1281 2555 col.
1304 2527 1366 2555 88L
1392 2528 1469 2561 Apud
1486 2526 1669 2557 Ambrosium.
1689 2530 1754 2561 tom.
1774 2523 1803 2561 ll,
1819 2528 1871 2561 pag-

1103 2562 1164 2594 786,
1179 2563 1206 2590 in
1218 2562 1308 2590 Gestis
1331 2557 1424 2598 synodi
1441 2561 1640 2598 Aquileiensis._
1661 2560 1743 2598 huius
1763 2557 1873 2598 epistola!

1103 2606 1149 2625 seu
1163 2598 1223 2625 ﬁdei
1241 2596 1365 2625 formulae
1381 2598 1482 2632 passim
1504 2596 1534 2623 ﬁt
1557 2596 1669 2625 mentio,
1686 2596 1871 2632 ejusquevarm

1102 2634 1290 2667 expenduntur
1307 2627 1426 2664 locafab
1439 2631 1517 2658 initio
1529 2632 1611 2667 petita
1625 2640 1632 2658 ε
1650 2627 1732 2665 atque
1748 2627 1775 2655 ut
1791 2627 1823 2655 ibi
1837 2631 1871 2651 te-

1103 2666 1209 2695 stantur
1225 2667 1320 2695 Patres
1342 2669 1370 2694 in
1395 2667 1509 2702 epistola
1525 2666 1568 2702 ad,
1585 2666 1761 2702 imperatores
1789 2667 1871 2702 nume:

1102 2711 1134 2730 ro
1152 2703 1267 2735 decima,
1292 2703 1361 2730 eain
1385 2698 1490 2737 sy'nodo
1516 2698 1631 2728 recitata
1657 2700 1718 2730 fuit,
1743 2698 1869 2737 etqueisll

1102 2737 1137 2765 ad
1163 2737 1340 2772 imperatores
1369 2734 1490 2770 epistola:
1519 2734 1769 2772 subjuneta,_unde
1791 2735 1869 2772 tante!)

1102 2770 1211 2800 excidit.
1251 2772 1439 2808 Vocaturqued
1457 2772 1494 2798 ibi
1521 2771 1644 2808 νΕρίειοια
1667 2770 1736 2808 ᾼγὶὶ,
1755 2771 1868 2808 ριξεεειριι]

1102 2808 1223 2839 scilicet.
1246 2812 1274 2834 at
1310 2815 1362 2834 non
1379 2801 1476 2834 'solius
1503 2801 1561 2840 ejus
1583 2805 1710 2840 auctoris.
1781 2801 1869 2840 Regilli

1102 2848 1129 2870 et
1166 2837 1281 2878 Epipli.,
1308 2842 1354 2869 καὶ
1377 2837 1527 2877 ὲπισκόπῳξ
1558 2840 1586 2869 In
1613 2839 1692 2868 editis
1721 2837 1765 2866 καί
1793 2837 1867 2863 dces!-
