1974 3037
266 137 315 166 1H

532 133 560 160 S.
582 129 771 160 ATHANASII
791 128 867 157 OPP.
888 127 980 154 PARS
1000 126 1021 153 ἰ.
1040 140 1075 146 -—
1094 123 1283 153 HISTORICA
1299 124 1344 152 ET
1365 123 1579 153 DOGMATICA.
1828 120 1873 149 'll2

267 204 330 233 pars
349 195 436 231 ipsius
453 192 708 224 consubstantialis,
729 190 772 218 vel
797 188 877 225 quasi
899 187 1022 219 emissio,
1038 193 1053 212 a

1106 185 1232 218 σύνθετος
1248 185 1325 215 ἔσται
1338 185 1352 212 6
1365 184 1460 221 Πατὴρ
1474 185 1521 211 καὶ
1536 183 1679 220 διαιρετὸς,
1700 181 1745 209 καὶ
1762 183 1874 218 τρεπτδς,

267 231 430 277 quibusdam
448 238 623 273 intelligatur,
639 236 719 263 Pater
747 234 917 269 compositus
943 231 1005 262 erit.
1027 235 1055 258 et

266 286 411 315 divisibilis
424 290 451 312 et
462 283 613 315 mutabilis,
626 283 689 309 item
703 289 803 316 corpus
815 279 964 308 secundum
981 278 1052 309 illos.

266 336 434 366 etquantum
452 330 478 356 in
506 329 572 362 ipsis
599 329 661 359 erit,
688 328 867 361 incorporeus
893 325 975 356 Deus,
993 331 1055 358 qua:

266 378 373 414 corpori
388 381 451 404 sunt
467 375 588 410 propria,
623 374 750 408 patietur.
770 373 839 399 Pars
855 371 978 406 quadam
998 370 1055 397 hanc

266 428 330 451 sunt
354 430 449 450 eorum
473 429 534 457 qua:
564 428 597 448 ex
624 419 753 447 haeretica
780 418 861 446 corde
887 423 938 444 suo
959 415 1054 442 Ariani

265 473 455 497 evolnueruut.

302 515 383 551 584
399 515 442 541 Π.
455 514 607 548 Antequam
626 520 690 539 vero
714 511 823 538 Nicaena
844 508 964 545 synodus
984 507 1056 535 cele-

266 563 402 592 braretur,
418 568 513 588 eorum
536 559 636 587 similia
649 558 816 592 scripserant
827 555 971 586 Eusebius,
986 553 1054 580 Nar-

267 609 366 639 cissus.
386 606 569 641 Patrophilus.
592 604 685 637 Maris,
701 603 842 633 Paulinus,
859 600 1014 627 Theodotus
1025 603 1053 626 et

268 654 433 682 Athanasius
449 652 634 679 Nazarborum
653 660 660 677 :
690 656 807 684 quorum
825 647 959 675 Eusebius
973 644 1054 673 Nico-
1075 666 1078 669 λ

268 699 413 728 mediensis
423 705 455 725 eo
476 704 636 732 progressus
657 700 709 727 est,
734 700 763 721 ut
779 694 836 721 hac
861 692 925 719 Ario
937 691 1053 725 scripse-

268 747 304 774 rit
317 756 323 774 :
340 756 349 772 ε
369 745 436 772 Cum
453 750 525 771 recte
539 743 651 775 sentias,
665 749 778 776 precare
791 745 821 768 ut
833 747 929 767 omnes
941 739 977 766 ita
992 745 1054 765 sen-

268 795 359 821 tiant:
388 790 559 819 manifestum
571 790 643 816 enim
667 788 796 816 omnibus
823 791 874 819 est,
893 785 958 813 illud
979 784 1052 820 quod

268 841 369 868 factum
386 843 439 870 est.
454 844 508 864 non
524 836 610 864 fuisse
636 840 782 870 antequam
795 834 879 861 lierct.
894 831 973 865 Quod
1000 839 1051 858 au-

1108 233 1154 258 xal
1169 231 1247 267 σῶμα
1263 231 1323 258 κατ’
1343 232 1453 264 αὐτοὺς,
1470 231 1517 257 καὶ
1541 230 1573 255 τὸ
1588 230 1650 255 ὅσον
1671 228 1711 255 ἐπ’
1729 228 1825 259 αὐτοῖς,
1845 228 1875 255 τὰ

1107 276 1243 303 ἀκόλουθα
1260 276 1366 312 σώματι
1380 276 1502 311 πάσχων,
1522 276 1536 301 6
1552 274 1693 309 ἀσώματος
1704 273 1779 306 Θεός.
1796 273 1875 300 Ταῦτα

1107 323 1161 351 ἀπὸ
1176 324 1274 359 μέρους
1282 320 1318 351 ὧν
1333 324 1439 359 ἡμεσαν
1450 324 1483 350 ὲκ
1497 322 1546 357 τῆς
1557 321 1661 348 ἑαυτῶν
1674 320 1808 356 αἱρετικῆς
1819 327 1875 357 τιαρ-

1107 370 1163 402 δίας
1173 371 1198 396 οί
1215 371 1278 407 περὶ
1292 370 1410 406 ΙἌρειον,
1426 369 1500 396 ἐστίν
1512 368 1576 404 (54).

1144 509 1185 536 17.
1207 509 1263 544 Πρὸ
1277 509 1305 535 δὲ
1323 508 1370 535 τοῦ
1385 508 1510 542 γενέσθαι
1533 509 1582 544 τὴν
1602 508 1631 534 ὲν
1651 507 1752 544 Νικαίᾳ
1771 507 1878 539 σύνοδον,

1107 554 1229 590 ἔγραψαν
1255 555 1302 581 καὶ
1315 555 1339 580 οἱ
1365 554 1429 590 περὶ
1459 554 1597 586 Εὑσέῦιον,
1615 554 1768 590 Νάρκισσόν
1793 562 1821 580 τε
1840 554 1880 580 καὶ

1106 601 1286 636 Πατρόφιλον,
1304 601 1350 628 καὶ
1367 601 1468 636 Μάριν,
1484 601 1614 628 Παυλϊνόν
1628 609 1658 626 τε
1668 622 1675 632 ,
1694 601 1740 627 καὶ
1755 600 1879 632 Θεόδοτον,

1106 648 1154 674 καὶ
1176 647 1333 674 Ἀοανάσιον
1346 647 1393 674 τὸν
1420 647 1477 682 (55)
1508 647 1562 674 ἀπὸ
1578 646 1730 682 Ναζαρσῶν
1758 646 1791 672 τὰ
1811 646 1881 681 ὅμοια

1106 692 1207 724 αὐτοῖς.
1238 693 1293 718 Καὶ
1307 693 1321 718 6
1339 692 1387 727 μὲν
1403 692 1456 718 ἀπὸ
1479 692 1529 727 τῆς
1553 691 1737 726 Νικομηδείας
1765 691 1881 722 Εὑσέσιος

1105 737 1176 774 κατὰ
1192 738 1316 774 περιττὸν
1330 738 1447 774 ἔγραφεν
1465 737 1572 773 Ἀρείῳ,
1586 737 1637 763 ὅτι·
1649 746 1658 762 ι
1671 736 1767 768 Καλῶς
1777 736 1879 772 φρονῶν,

1105 783 1186 818 εὖχου
1203 784 1305 815 πάντας
1321 783 1407 815 οὓτως
1422 784 1539 818 φρονεῖν·
1557 784 1638 810 παντὶ
1651 783 1705 817 γὰρ
1717 783 1794 818 δῆλον
1807 783 1880 814 ἐστιν,

1105 830 1145 856 ὅτι
1153 830 1183 856 τὸ
1196 830 1378 866 πεποιημένον
1386 830 1435 856 οὒκ
1442 828 1475 865 ἦν
1489 829 1552 865 πρὶν
1564 829 1700 863 γενέσθαι.
1712 827 1881 863 Τδγενόμενον

269 891 322 914 tem
339 884 439 911 factum
451 887 502 914 est,
516 881 609 916 incipit
635 869 721 908 esses
750 879 884 907 Eusebius
908 885 973 905 vero
990 877 1050 905 Ca:-

1106 872 1128 899 5ὲ
1147 873 1234 908 ἀρχὴν
1248 873 1303 908 ἔχει
1316 873 1362 900 τοῦ
1374 871 1453 900 εἶναι.
1471 883 1480 897 ι
1505 873 1532 899 Ὁ
1548 873 1575 899 δὲ
1588 873 1642 899 ἀπὸ
1663 872 1827 908 Καισαρείας
1839 871 1881 906 τῆς

269 939 353 960 sarea:
366 929 516 957 Palzestinaa
533 927 567 954 ad
589 927 802 962 Euphrationem
820 926 942 953 scribens
962 923 1053 960 [Bala-

269 977 337 1013 nem]
350 977 519 1012 episcopum,
535 981 590 1001 non
615 973 703 1000 timuit
729 976 822 1006 aperte
853 971 954 1002 dicere,
969 969 1053 997 Chri-

268 1029 339 1052 stum
358 1029 411 1061 non
436 1028 497 1049 esse
508 1027 601 1047 verum
618 1018 713 1046 Deum.
735 1017 787 1045 Sed
819 1016 986 1044 Athanasius
1000 1015 1055 1042 Na-

269 1070 413 1097 zarborum
426 1066 545 1102 apertius
561 1065 685 1092 haeresim
702 1063 813 1095 detexit,
827 1070 888 1090 cum
904 1062 941 1088 ait
955 1061 1054 1088 Filium

270 1117 316 1144 Dci
334 1122 415 1142 unam
429 1122 462 1141 ex
472 1119 581 1142 centum
591 1112 695 1139 ovibus
710 1118 781 1138 esse.
808 1109 838 1136 ln
861 1110 919 1136 suis
931 1108 1005 1136 enim
1021 1107 1053 1134 ad

269 1161 453 1188 Alexandrum
486 1159 645 1194 episcopum
674 1156 784 1187 litteris,
817 1161 899 1181 ausus
923 1157 965 1180 est
997 1153 1055 1180 hate

269 1206 391 1242 proferre
405 1215 413 1233 :
432 1215 441 1231 ε
457 1204 512 1232 Cur
525 1203 640 1230 Arianos
651 1201 743 1235 arguis
754 1199 828 1235 quod
842 1199 944 1231 dicant,
953 1205 988 1225 ex
999 1205 1054 1225 non

269 1253 440 1281 exstantibus
458 1251 557 1278 Filium
581 1249 626 1276 Dei
651 1251 772 1276 creatum
790 1246 956 1280 factumque,
973 1249 1055 1279 atque

269 1308 302 1327 ex
319 1299 445 1326 omnibus
459 1305 542 1324 unum
555 1295 634 1324 esse?
645 1302 706 1322 cum
715 1294 787 1321 enim
799 1294 827 1320 in
839 1297 948 1320 centum
959 1291 1055 1318 oribus

271 1344 377 1380 npiﬁcia
393 1343 483 1370 omnia
505 1349 553 1377 per
574 1340 729 1376 parabolam
760 1339 923 1370 iudicentur,
946 1344 1000 1364 una
1021 1344 1054 1364 ex

271 1391 325 1418 illis
337 1394 379 1417 est
390 1390 447 1424 ipse
459 1388 555 1416 Filius.
570 1387 599 1414 Si
622 1387 703 1422 igitur
718 1391 827 1413 centum
857 1385 909 1412 illae
923 1391 977 1411 non
990 1387 1056 1410 sunt

270 1441 367 1464 creata:
382 1443 426 1462 res
449 1439 474 1462 et
499 1433 617 1469 opilicia,
633 1437 680 1460 aut
696 1432 719 1460 si
749 1436 846 1466 praeter
872 1431 932 1458 illas
947 1433 1055 1457 centum

270 1483 343 1510 aliud
355 1481 492 1517 quidpiam
510 1480 648 1507 exsistat:
679 1486 730 1506 nec
754 1477 841 1505 Filius
863 1477 958 1512 utique
979 1483 1057 1503 crea-

270 1534 330 1557 tura
343 1533 394 1559 est,
411 1532 459 1554 aut
470 1534 542 1553 unus
552 1534 584 1553 ex
598 1525 737 1552 omnibus.
751 1523 829 1557 Quod
843 1523 865 1550 si
880 1527 989 1550 centum
1004 1521 1057 1548 illa

271 1584 365 1604 omnes
377 1579 474 1602 creatae
489 1581 533 1600 res
555 1573 620 1605 sint,
640 1571 762 1606 nihilque
775 1571 810 1598 sit
826 1575 903 1597 extra
920 1569 980 1596 illas
992 1576 1056 1596 cen-

272 1629 327 1652 tum
340 1628 436 1659 prazter
445 1623 533 1649 solum
547 1621 643 1652 Deum,
654 1620 718 1655 quid
729 1619 839 1646 absurdi
849 1618 942 1645 dicunt
951 1617 1054 1649 Ariani,

271 1672 293 1699 si
310 1671 336 1697 in
349 1671 402 1697 illis
414 1674 534 1699 centum.
550 1667 688 1694 Christum
708 1665 917 1700 complectentes
929 1668 957 1691 et
966 1671 1056 1690 annu-

272 1720 417 1746 merantes,
441 1721 527 1741 unum
544 1721 575 1740 ex
604 1712 734 1739 omnibus
769 1711 846 1737 illum
873 1709 1023 1736 allirment?
1043 1717 1053 1734 ι

271 1762 403 1796 Georgius
425 1765 515 1788 autem
541 1759 587 1794 qui
606 1766 679 1785 nunc
695 1757 836 1784 Laodicea
848 1756 993 1791 episcopus
1003 1760 1055 1786 est,

271 1812 384 1842 tumque
398 1805 568 1833 Alexandria:
595 1804 736 1839 presbyter
761 1807 830 1835 erat,
862 1807 889 1828 et
905 1801 1057 1828 Antiochiae

271 1853 510 1882 commorabatur,
540 1850 573 1878 ad
609 1849 792 1876 Alexandrum
817 1848 975 1883 episcopum
999 1847 1058 1874 haec

271 1900 380 1934 scripsit
398 1909 404 1926 :
423 1908 432 1924 ι
450 1897 489 1925 Ne
506 1897 622 1924 Arianos
646 1895 841 1930 reprehendas,
857 1894 930 1928 quod
945 1893 1055 1920 dicant:

271 1945 335 1972 Erat
363 1949 469 1979 tempus
495 1950 558 1970 cum
582 1950 636 1968 non
658 1945 730 1969 esset
753 1940 838 1968 Filius
859 1939 928 1967 Dei:
956 1939 1056 1967 etenim

272 1993 357 2019 Isaias
372 1991 445 2018 ﬁlius
473 1989 525 2016 fuit
548 1988 644 2020 Amos,
667 1988 779 2023 ipseque
794 1988 877 2014 Amos
905 1990 965 2013 erat
979 1990 1057 2013 ante-

271 2046 353 2072 quam
372 2038 457 2064 lsaias
473 2035 616 2062 exsisteret
629 2043 636 2061 :
665 2034 750 2061 Isaias
761 2041 827 2060 vero
841 2041 895 2060 non
910 2036 970 2060 erat
983 2037 1056 2064 ante,

271 2085 318 2112 sed
337 2089 427 2119 postea
444 2083 574 2111 exstitit.»
594 2081 634 2108 Ad
658 2081 773 2108 Arianos
799 2089 863 2108 vero
887 2080 995 2115 scripsit
1014 2080 1057 2107 his

271 2131 362 2158 verbis
374 2140 380 2157 :
399 2140 407 2156 ι
419 2129 488 2162 Quid
499 2128 681 2155 Alexandrum
697 2135 791 2162 papam
804 2127 917 2162 arguitis
932 2126 1004 2161 quod
1016 2126 1057 2153 di-

272 2177 342 2204 xerit
354 2184 385 2203 ex
401 2174 480 2202 Patre
491 2173 590 2201 Filium
606 2174 685 2201 esse?
701 2174 800 2200 etenim
814 2181 864 2200 nec
876 2181 923 2200 vos
936 2177 1057 2200 metuere

1105 919 1287 954 Παλαιστίνης
1300 919 1440 951 Εὐσέϐιος.
1450 920 1564 955 γράφων
1574 919 1642 955 πρὸς
1658 919 1832 956 Εὑφρατίωνα
1843 918 1880 945 τὸν

1104 965 1263 996 ἐπίσκοπον,
1278 965 1328 992 οὐκ
1340 965 1460 1001 ἐφοϐήθη
1473 965 1599 1001 φανερῶς
1615 966 1702 992 εἰπεῖν
1712 985 1719 997 ,
1743 965 1783 991 ὅτι
1796 965 1810 991 6
1825 965 1880 1000 Χρι-

1105 1010 1166 1042 στὸς
1183 1010 1232 1036 οὐκ
1246 1010 1319 1037 ἔστιν
1340 1010 1465 1046 ἀληθινὸς
1484 1011 1561 1042 Θεός.
1583 1011 1638 1038 Καὶ
1657 1011 1813 1043 Ἀθανάσιος
1831 1011 1855 1037 δὲ
1870 1011 1880 1036 ό

1104 1056 1158 1082 ἀπὺ
1169 1056 1320 1092 Ναζαρϐὦν
1335 1057 1375 1084 ἐτι
1386 1057 1552 1093 γυμνός-ερον
1564 1057 1741 1085 ἀπεκάλυπτε
1757 1058 1806 1093 τὴν
1818 1057 1881 1092 αἴρε-

1106 1109 1158 1133 σιν,
1171 1102 1219 1128 ἕνα
1233 1101 1287 1128 τῶν
1301 1102 1398 1128 ἑκατὸν
1415 1101 1558 1138 προϐάτων
1572 1102 1657 1136 λέγων
1674 1100 1745 1129 εἷναι
1769 1103 1813 1128 τὸν
1828 1102 1880 1128 Υἱὺν

1104 1145 1152 1172 τοῦ
1165 1146 1244 1174 Θεοῦ.
1258 1147 1277 1173 Γ
1280 1147 1374 1182 ράφων
1384 1147 1437 1182 γὰρ
1453 1147 1519 1183 πρὸς
1541 1147 1714 1183 Ἀλέξανδρον
1725 1147 1770 1174 τὸν
1785 1147 1881 1174 ἐπίσκο-

1106 1202 1166 1225 πον,
1186 1194 1374 1230 ἀπετόλμησεν
1393 1193 1480 1225 οὕτως
1507 1194 1610 1220 είπεῖν·
1628 1203 1638 1220 ‹
1665 1194 1698 1220 Τί
1716 1194 1810 1230 μέμφῃ
1834 1194 1880 1224 τοῖς

1107 1241 1170 1276 περὶ
1184 1241 1302 1275 Ἄρειον,
1313 1241 1337 1267 εἰ
1351 1240 1485 1274 λέγουσιν·
1505 1239 1551 1272 Ἐξ
1562 1240 1613 1266 οὐκ
1628 1240 1714 1266 ὄντων
1728 1241 1826 1274 κτίσμα
1839 1247 1880 1265 πε-

1106 1287 1214 1322 ποίηται
1231 1289 1245 1313 6
1260 1287 1321 1319 Υἱὸς
1331 1287 1378 1313 τοῦ
1392 1286 1471 1320 Θεοῦ,
1484 1286 1530 1313 καὶ
1545 1287 1574 1313 ἒν
1593 1287 1646 1313 τῶν
1669 1287 1779 1314 πάντων
1799 1285 1879 1316 smn;

1106 1334 1134 1360 ὲν
1150 1334 1246 1360 ἑκατὸν
1268 1333 1322 1368 γὰρ
1340 1333 1488 1369 προϐάτοις
1510 1333 1760 1369 παραὸαλλομένων
1785 1333 1879 1359 πάντων

1105 1379 1159 1406 τῶν
1175 1379 1379 1414 πεποιημένων,
1396 1376 1436 1411 εἷς
1452 1380 1509 1405 ἐστι
1522 1379 1569 1406 καὶ
1582 1381 1596 1406 6
1608 1379 1670 1411 Υἱὸς
1689 1379 1720 1412 ἐξ
1741 1379 1834 1406 αὐτῶν.
1856 1377 1880 1403 ΕΙ

1109 1426 1158 1461 μὲν
1169 1423 1215 1452 οὖν
1227 1425 1260 1452 τὰ
1276 1425 1372 1452 ἑκατὸν
1383 1425 1433 1452 οὐκ
1453 1425 1510 1452 ἐστι
1525 1425 1661 1460 κτίσματα
1679 1425 1728 1452 καὶ
1752 1423 1879 1460 γενητὰ,ἦ

1107 1470 1146 1497 ἐνι
1159 1470 1238 1497 πλέον
1251 1479 1277 1496 τι
1293 1470 1347 1497 τῶν
1361 1470 1468 1502 ἑκατὸν,
1481 1470 1602 1506 δηλονότι
1625 1470 1693 1506 μηδὲ
1710 1472 1723 1497 6
1745 1470 1805 1501 Υἱὸς
1823 1469 1880 1495 ἔστω

1108 1517 1220 1552 κτίσμα,
1235 1517 1282 1544 καὶ
1295 1514 1334 1548 εἷς
1350 1517 1404 1543 τῶν
1422 1517 1539 1544 πάντων.
1551 1517 1582 1544 Et
1601 1517 1629 1543 δὲ
1644 1517 1678 1543 τὰ.
1695 1517 1791 1544 ἑκατὸν
1806 1516 1881 1542 πάντα

1106 1564 1218 1598 γενητὰ,
1239 1563 1286 1590 καὶ
1297 1564 1373 1591 οὐδέν
1387 1564 1460 1590 ἐστιν
1472 1564 1550 1595 ἐκτὸς
1563 1564 1618 1590 τῶν
1635 1567 1657 1599 ρ’
1673 1563 1743 1599 πλὴν
1759 1563 1834 1599 μόνου
1842 1560 1880 1587 τοῦ

1106 1608 1185 1642 Θεοῦ,
1209 1609 1235 1635 τί
1252 1609 1351 1636 ἄτοπον
1367 1609 1492 1643 λέγουσιν
1509 1610 1533 1636 οἱ
1559 1610 1623 1646 περὶ
1651 1611 1772 1646 Ἀρειον,
1801 1612 1833 1643 ει,
1858 1610 1881 1636 ἑν

1106 1655 1136 1681 ἑν
1151 1654 1205 1690 (36)
1226 1656 1284 1686 τοῖς
1299 1655 1397 1682 ἑκατὸν
1415 1655 1609 1691 περιλαϐόντες
1636 1657 1683 1683 καὶ
1718 1657 1881 1693 ἀριθμοῦντες

1106 1700 1151 1727 τὸν
1174 1701 1302 1736 Χριστὸν,
1328 1701 1377 1728 ἓνα
1406 1701 1460 1728 τῶν
1488 1702 1597 1729 πάντων
1617 1703 1701 1730 αὑτὸν
1730 1705 1879 1739 είρήκασι;›

1107 1746 1242 1782 Γεώργιος
1257 1746 1312 1773 δὲό
1328 1746 1375 1773 νῦν
1405 1748 1434 1773 ἐν
1457 1748 1612 1784 Λαοδικείᾳ,
1645 1749 1828 1785 πρεσσύτερος
1851 1748 1881 1774 ὢν

1106 1792 1167 1819 τότε
1183 1793 1232 1828 τῆς
1248 1792 1460 1828 Ἀλεξανδρείας,
1475 1795 1523 1821 καὶ
1537 1795 1566 1821 ἐν
1581 1796 1732 1832 Ἀντιοχείᾳ
1742 1794 1881 1830 διατρίϐων,

1107 1838 1176 1874 πρὸς
1201 1839 1250 1874 μὲν
1271 1839 1443 1875 Ἀλέξανδρον
1463 1840 1507 1866 τὸν
1522 1841 1670 1868 ἐπίσκοπον
1691 1841 1818 1877 ἔγραψεν,
1833 1841 1879 1867 ὅτι·

1111 1893 1119 1910 ι
1131 1883 1175 1919 Μὴ
1185 1884 1292 1920 μέμφου
1303 1886 1358 1916 τοῖς
1371 1886 1435 1921 περὶ
1444 1887 1562 1922 Ἀρειον,
1571 1887 1596 1913 εἰ
1610 1886 1747 1922 λέγουσιν·
1756 1886 1806 1914 Ἦν
1817 1895 1880 1917 ποτε,

1107 1931 1151 1957 ὂτε
1164 1931 1213 1957 οὐχ
1228 1929 1262 1965 ἧν
1274 1931 1289 1957 6
1303 1931 1367 1963 Υἱὸς
1383 1931 1430 1958 τοῦ
1442 1932 1524 1959 Θεοῦ·
1541 1934 1588 1960 καὶ
1604 1933 1659 1969 γὰρ
1674 1935 1688 1960 6
1709 1935 1764 1969 (37)
1785 1933 1881 1963 Ἡσαΐας

1107 1977 1163 2008 υἱὸς
1176 1976 1286 2011 γέγονεν
1306 1977 1407 2012 Ἀμὼς,
1424 1979 1471 2005 καὶ
1488 1979 1562 2014 ὅμως
1580 1981 1594 2007 6
1611 1980 1660 2015 μὲν
1678 1976 1773 2015 ’Ὰμὼς
1792 1979 1824 2016 ἦν
1838 1978 1880 2014 πρὸ

1106 2022 1153 2049 τοῦ
1167 2022 1294 2057 γενέσθαι
1308 2024 1353 2050 τὸν
1375 2024 1500 2052 Ἡσαΐαν·
1519 2027 1533 2052 ὁ
1546 2026 1573 2053 δὲ
1594 2027 1710 2058 Ἡσαΐας
1722 2028 1771 2054 οὐκ
1785 2025 1816 2062 ἦν
1829 2025 1881 2061 πρὸ·

1106 2078 1193 2104 τερον,
1203 2070 1270 2097 ἀλλὰ
1283 2071 1351 2106 μετὰ
1364 2071 1451 2098 ταῦτα
1464 2072 1569 2107 γέγονε.
1578 2083 1587 2099 ι
1600 2074 1672 2109 Πρὸς
1679 2074 1708 2100 δὲ
1719 2074 1880 2108 τοὺςἎρεια-

1107 2117 1168 2147 νοῦς
1181 2116 1283 2151 ἔγραφε
1295 2125 1301 2132 ·
1324 2119 1344 2152 ι]
1358 2117 1390 2143 Τί
1410 2118 1551 2154 μέμφεσθε
1569 2119 1736 2155 Ἀλεξάνδρῳ
1757 2119 1794 2154 τῷ
1815 2117 1880 2151 «in;

1107 2161 1212 2196 λέγοντι
1226 2163 1259 2189 ὲκ
1274 2163 1321 2189 τοῦ
1338 2164 1444 2200 Πατρὸς
1455 2164 1501 2191 τὸν
1516 2165 1598 2198 Υἱόν;
1621 2167 1668 2192 καὶ
1686 2166 1741 2202 γὰρ
1752 2165 1797 2192 καὶ
1814 2164 1879 2199 ὑμεῖς

272 2221 374 2250 debetis
390 2220 488 2247 Filium
500 2219 590 2246 dicere
600 2227 633 2246 ex
646 2218 699 2246 Deo
718 2226 788 2246 esse.
815 2217 883 2245 Nam
900 2218 922 2245 si
940 2217 1055 2252 Aposto-

1109 2207 1145 2243 μὴ
1157 2208 1291 2244 φοϐηθῆτε
1305 2210 1391 2236 εἰπεῖν
1408 2210 1454 2236 καὶ
1469 2211 1501 2237 ἐκ
1512 2211 1559 2238 τοῦ
1572 2211 1640 2238 Θεοῦ
1652 2212 1696 2238 τὸν
1712 2212 1784 2238 Υίὸν.
1794 2212 1822 2238 Εἰ
1835 2208 1879 2243 γὰρ

272 2268 314 2296 lus
339 2267 458 2302 scripsit,
485 2265 581 2293 Omnia
612 2269 700 2291 autem
732 2271 764 2290 ea;
788 2262 842 2289 Deo
857 2264 878 2296 ¹,
902 2263 1056 2298 propalam-

271 2322 324 2350 que
339 2320 390 2345 est,
403 2321 437 2340 ex
457 2320 512 2339 non
541 2311 711 2339 exstantibus
737 2311 829 2336 omnia
851 2309 923 2337 facta
946 2308 1033 2337 fuisse
1047 2329 1055 2343 ,

272 2365 367 2395 estque
392 2359 475 2386 etiam
500 2357 586 2385 Filius
613 2361 731 2389 creatus,
753 2361 836 2391 atque
859 2362 913 2383 una
925 2363 959 2383 ex
975 2355 1057 2383 rebus

308 2438 317 2452 ‘
339 2436 426 2464 ltlor.
442 2443 481 2468 x1,
499 2435 541 2462 12.

308 2525 363 2561 (54)
384 2525 461 2559 Quod
478 2525 522 2552 hic
536 2525 574 2552 ait
594 2525 726 2552 Athanas.
741 2525 799 2553 hzec
813 2529 917 2560 partem
934 2532 995 2553 esse
1010 2532 1058 2552 eo-

273 2569 332 2588 rum
353 2569 413 2596 qua:
429 2561 521 2587 Ariani
537 2560 619 2594 impie
633 2561 780 2594 protulere,
794 2569 966 2595 nequaquam
988 2560 1059 2587 indi-

272 2602 316 2623 cat
331 2602 432 2631 partem
451 2600 555 2622 tantum
570 2596 690 2631 epistolae
706 2596 749 2623 hic
763 2597 871 2623 allatam
892 2596 993 2629 luisse;
1011 2596 1058 2623 sed

273 2630 407 2666 signiﬁcat
431 2637 542 2658 sanctus
563 2630 668 2664 doctor,
688 2631 755 2658 alias
771 2635 880 2658 exstare
903 2631 929 2658 in
950 2631 1058 2665 scriptis

272 2667 435 2707 Arianorum
461 2667 558 2707 impias
581 2673 672 2698 voces,
689 2675 747 2707 _seu
776 2667 843 2707 alias
860 2667 923 2694 alibi
939 2667 1058 2700 prolatas

273 2702 308 2728 ab
322 2701 374 2728 illis
392 2702 484 2728 fuisse.
498 2703 632 2735 lntegrnm
653 2702 725 2728 enim
748 2709 807 2729 esse
830 2702 899 2728 hanc
916 2702 1058 2736 epistolam

274 2741 347 2778 patet
361 2743 394 2763 ex
409 2736 570 2778 Epiphanio,
586 2737 632 2778 ubi
657 2737 748 2778 statim
767 2741 837 2778 “post
857 2737 1059 2778 liaeq_verba,_6

274 2771 416 2805 ἀσώματος
429 2771 505 2813 Θεὸς,
517 2771 810 2813 δριςυίιυςςΕρῤῶσβΞξ
820 2780 855 2813 ,σε
867 2773 895 2798 ειν
1016 2772 1060 2813 εὖ·

274 2815 371 2868 ἶίομαι,
385 2807 504 2868 μακάὲιε
528 2807 615 2832 πάποι·
627 2808 749 2852 :Apstog,
767 2807 890 2842 Ἐθάλης,
910 2807 1058 2844 Ἀχιλλεὺς,

300 2849 438 2868 αοπωνηε.
483 2842 616 2868 αοιιατᾶς.
639 2844 744 2868 Αοειος.
760 2843 937 2868 πρεσϐύτεροι
948 2853 954 2859 -
970 2843 1058 2868 διάκο-

272 2842 438 2877 Καρπώνης,
461 2842 616 2876 Σαρματᾶς,
627 2843 744 2877 Ἄρειος,
760 2842 957 2878 πρεσϐύτεροιῖ
970 2843 1060 2871 διάκο-

1106 2255 1120 2280 ό
1149 2254 1309 2287 Ἀπόστολος
1329 2255 1447 2291 ἔγραψε·
1474 2258 1512 2284 Τὰ
1524 2256 1558 2283 δὲ
1571 2257 1669 2284 πάντα
1684 2259 1719 2285 ὲκ
1734 2258 1786 2285 τοῦ
1800 2255 1878 2286 Θεοῦ⁷

1106 2299 1153 2326 καὶ
1170 2300 1227 2326 ἐστι
1252 2300 1330 2336 δῆλον
1345 2300 1375 2333 ἐξ
1397 2302 1446 2328 οὐκ
1460 2302 1544 2329 ὄντων
1562 2303 1726 2338 πεποιῆσθαι
1746 2303 1779 2330 τὰ
1793 2302 1878 2331 πάντα,

1107 2346 1163 2373 ἐστι
1179 2346 1207 2373 δὲ
1216 2348 1262 2373 καὶ
1275 2349 1290 2374 6
1304 2347 1368 2379 Υἱὸς
1384 2348 1497 2383 κτίσμα,
1511 2349 1559 2375 καὶ
1572 2349 1626 2376 τῶν
1640 2349 1824 2385 πεποιημένων
1837 2344 1878 2377 εἷς·

1108 2539 1158 2561 νοι,
1186 2529 1315 2562 Ινιὶὺζώῐος,
1340 2530 1465 2563 Λούκιος,
1485 2530 1607 2563 Ἰούλιος
1625 2531 1729 2565 Μηνᾶς,
1747 2527 1876 2565 Ἑλλάδιοξ.

1108 2565 1187 2598 Γάῖος
1199 2574 1205 2580 ·
1219 2566 1372 2596 ἐπίσκοποι,
1397 2566 1543 2598 Σεκοῦνδος
1567 2562 1764 2596 Πενταιὶιόλεως,
1783 2562 1878 2598 Batavi;

1109 2595 1202 2637 Λίϐυὲ,
1219 2601 1326 2637 Πιστὸς,
1394 2595 1564 2637 κατέστησαν
1589 2603 1629 2633 είς
1647 2595 1836 2637 Ἀλεξάνδρειαν
1855 2595 1875 2620 οἱ

1111 2636 1257 2677 ,Ἀρειανοιζ
1274 2636 1339 2677 Quae
1352 2635 1457 2677 Pistum
1471 2635 1543 2664 hunc
1562 2635 1876 2677 specntant,expenduntqu

1109 2671 1136 2698 in
1149 2666 1219 2697 'Vita
1242 2666 1380 2698 Atlianaxit'
1401 2672 1434 2699 ad
1458 2679 1558 2698 annum
1578 2666 1640 2703 319,
1655 2666 1698 2698 ubi
1716 2666 1816 2697 videsis.
1831 2666 1873 2703 Alii

1110 2711 1199 2734 autem
1230 2714 1325 2734 omnes
1352 2707 1397 2734 hic
1422 2707 1548 2733 recensiti
1573 2708 1599 2734 in
1626 2706 1743 2741 Epistola
1755 2702 1873 2738 encyclici

1109 2741 1253 2768 Alexandri
1268 2742 1360 2768 eodem
1377 2741 1462 2769 ferme
1476 2743 1570 2769 ordine
1591 2742 1722 2776 leguntur.

1145 2776 1201 2809 (55)
1222 2777 1268 2804 Sic
1285 2776 1394 2811 Regius.
1408 2777 1434 2803 In
1455 2777 1534 2804 editis
1552 2785 1616 2804 vero
1624 2777 1670 2803 τόν
1682 2777 1765 2803 deest.

1146 2811 1203 2882 (ὅδὲ
1222 2812 1259 2838 lta
1276 2811 1386 2852 Begius.
1404 2812 1432 2838 In
1445 2812 1524 2839 editis
1537 2813 1566 2839 ἐν
1581 2812 1666 2840 deest.

1147 2847 1190 2882 (57
1224 2847 1324 2882 Regius
1336 2855 1390 2875 non
1405 2847 1485 2875 habet
1499 2847 1523 2874 6.

1147 2847 1203 2882 (57)
1224 2847 1324 2882 Regius
1336 2855 1390 2875 non
1405 2847 1485 2875 habet
1499 2847 1523 2874 6.
