1974 3037
77 121 128 149 715

760 118 804 145 DE
823 116 979 144 SYNODIS.

1639 117 1690 144 7H

75 177 182 214 λεχθείη
200 175 233 203 ἂν
244 176 290 202 καὶ
303 176 316 202 6
333 175 394 207 Υἱὸς
409 176 441 201 ἐκ
453 175 500 201 τοῦ
515 174 594 206 Θεοῦ,
611 174 696 206 οὕτως
707 174 801 201 ὥσπερ
812 175 859 200 καὶ

913 174 1004 206 I‘actis;
1018 180 1082 208 ergo
1093 172 1214 201 ctFilins
1229 180 1262 200 ex
1277 171 1333 200 Deo
1347 172 1401 200 dici
1417 173 1526 207 poterit,
1545 173 1615 201 sicut
1631 182 1691 202 om-

75 224 109 251 τὰ
123 223 211 249 πάντα
228 221 334 256 λέγεται
350 223 382 248 ὲκ
404 220 451 247 τοῦ
474 220 550 247 Θεοῦ.
573 230 582 246 ι
607 219 652 252 Ἐξ
672 220 775 247 ἐκείνου
792 219 857 254 γοῦν

75 268 175 304 ἔμαθον
188 269 211 294 οἱ
236 267 269 293 τὰ
289 267 391 303 Ἀρείου
408 266 569 302 φρονοῦντες
593 267 785 302 ὑποκρίνεσθαι
808 267 858 302 τὴν

74 312 157 346 λέξιν,
174 312 222 347 τὴν
236 312 267 337 ὲκ
279 311 325 337 τοῦ
342 311 421 344 Θεοῦ,
437 312 483 338 καὶ
494 311 582 346 λέγειν
599 312 647 347 μὲν
660 313 708 347 τὴν
722 311 805 346 λέξιν,
821 313 857 348 μὴ

74 360 181 394 φρονεῖν
202 357 230 384 δὲ
247 357 347 388 καλῶς.
378 357 463 389 Αὐτὸς
478 357 507 384 δὲ
521 359 535 384 6
553 357 688 393 Γεώργιος
718 358 858 394 καθῃρέθη

74 405 126 432 ὑπὸ
152 403 324 439 Ἀλεξάνδρου
350 404 383 430 δι’
398 403 465 430 ἄλλα
485 404 540 438 (58)
558 404 615 439 μὲν,
631 401 671 431 ὅτι
691 404 719 430 δὲ
732 405 779 431 καὶ
796 406 860 432 ἀσε-

74 451 123 486 θὴς
141 451 227 485 ἐφάνη
239 458 247 465 ·
263 450 448 485 πρεσὸὑτερος
461 449 515 484 γὰρ
531 447 564 484 ἦν
581 450 671 482 αὐτὸς,
686 450 757 477 καθά
768 451 859 486 προεί-

75 505 155 532 ρηται
173 496 239 531 (39).

109 541 151 568 18.
164 541 220 568 Καὶ
235 541 304 571 ὅλως
320 540 439 576 ἔγραφον
453 537 526 567 οὗτοι
541 541 654 568 τοιαῦτά
665 563 671 574 ,
687 542 725 574 ὠς
744 543 860 570 ἕκαστον

72 587 172 622 ἐρίζειν
184 587 231 613 καὶ
241 586 450 622 φιλοτιμεῖσθαι,
462 587 505 618 τίς
518 587 597 614 πλέον
609 587 720 623 αὐξήσει
735 589 784 623 τὴν
796 589 844 615 ἀσέ
853 604 860 608 -

73 632 150 658 εειαν
169 632 218 667 τῆς
239 632 381 667 αἱρέσεως,
403 633 450 659 καὶ
471 633 569 668 μᾶλλον
595 634 679 669 αὐτὴν
697 634 778 668 δείξει
805 635 860 670 (40)

71 677 248 713 γυμνότερον.
267 678 322 704 Καὶ
334 678 384 710 τὰς
401 679 449 713 μὲν
463 679 607 712 ἐπιστολὰς
621 680 710 707 αὐτῶν
724 681 774 707 οὐκ
783 681 861 717 ἔσχον

71 723 101 750 ἐν
114 723 225 758 ἑτοίμῳ,
239 723 309 749 ὥστε
321 724 367 750 καὶ
381 724 539 751 ἀποστεῖλαι
549 733 555 740 ι
572 726 596 751 εί
617 725 639 752 δ’
660 724 706 752 οὖν
716 746 723 758 ,
739 727 786 753 καὶ
807 727 861 767 (Η)

71 769 228 804 ἀντίγραφα
241 769 287 795 καὶ
302 768 392 795 αὐτῶν
401 770 464 805 ὑμῖν
474 769 585 805 ἔπεμψα
597 771 629 798 άν
642 779 648 785 ·
661 770 710 801 τοῦ
717 771 745 797 δὲ
760 771 862 807 Κυρίου

70 814 206 847 θέλοντος,
218 814 265 841 ἐὰν
275 815 419 850 εὐπορήσω
428 814 475 841 καὶ
484 815 563 842 τοῦτο
572 817 685 852 ποιήσω.
697 817 751 844 Καὶ
766 818 860 844 ’Δστέ-

908 220 952 246 nia
963 227 995 246 ex
1012 218 1067 246 Deo
1086 219 1238 246 dicuntdr.»
1251 219 1293 245 Ab
1308 218 1355 246 illo
1372 218 1454 254 igitur
1468 218 1524 246 Arii
1540 223 1691 247 sectatores

907 264 1026 292 didicere
1063 272 1168 296 vocem,
1201 272 1233 291 ex
1268 264 1334 297 Deo,
1369 264 1494 291 simulate
1520 265 1641 299 proferre
1663 270 1691 293 et

907 311 989 337 verba
1001 310 1108 345 quidem
1125 311 1224 343 dicere,
1245 317 1294 337 nec
1312 314 1402 337 tamen
1414 315 1487 337 recte
1507 311 1617 339 sentire.
1632 309 1691 345 Ipse

907 363 972 383 vero
988 355 1120 391 Georgius
1132 356 1166 382 ab
1178 355 1342 387 Alexandro,
1368 363 1429 382 cum
1448 356 1510 383 aliis
1538 356 1570 383 de
1588 357 1690 390 causis,

909 405 965 427 tum
982 402 1054 436 quod
1077 409 1136 429 sese
1163 401 1276 436 impium
1301 401 1441 428 exhiberet
1466 401 1606 436 depositus
1631 407 1690 436 cst;

909 446 1049 481 presbyter
1063 445 1135 472 enim
1153 450 1222 478 erat,
1237 446 1275 473 uti
1289 453 1371 481 supra
1386 445 1488 473 dictum
1501 450 1552 473 est.

945 537 989 564 18.
1005 536 1064 564 Uno
1080 537 1162 564 verbo
1189 537 1226 564 ita
1255 537 1293 564 illi
1320 537 1466 572 scripsere,
1492 539 1571 573 quasi
1593 540 1692 576 singuli

910 587 1045 610 certarent
1070 586 1152 617 atque
1179 583 1384 615 contenderent,
1409 585 1536 619 quisnam
1557 586 1693 614 haereseos

912 628 1075 664 impietatem
1092 629 1152 663 plus
1163 632 1284 663 augeret,
1296 634 1322 656 et
1340 630 1460 664 apertius
1474 638 1533 658 eam
1548 631 1692 667 detegeret.

911 673 997 702 Porro
1012 674 1140 709 epistolas
1153 674 1260 701 illorum
1279 682 1362 709 penes
1377 683 1421 703 me
1445 684 1499 702 non
1514 676 1610 709 habeo,
1625 677 1694 705 alio-

912 721 978 755 quin
995 728 1089 748 earum
1117 720 1280 754 exemplaria
1300 721 1376 749 vobis
1394 722 1541 754 misissem.
1558 724 1694 751 missurus

914 775 980 795 sane
1003 767 1026 794 si
1043 767 1097 795 Deo
1120 768 1228 795 volente
1252 773 1348 796 nactus
1377 768 1464 796 fuero.
1494 769 1559 796 Item
1584 771 1694 805 quidam

914 813 1037 841 Asterius
1049 821 1082 840 ex
1093 813 1274 848 Cappadocia,
1285 814 1426 850 multiccps
1438 815 1569 850 sophista,
1583 823 1654 843 unus
1663 825 1694 843 ex

71 869 130 896 9w;
144 861 173 886 δέ
186 869 228 892 τις
241 860 296 887 ἀπὸ
312 861 518 894 Καππαδοκίας,
529 851 713 897 πολυκέφαλος
721 863 859 899 σοφιστὴς,

913 859 1085 891 Eusebianis,
1103 867 1163 886 cum
1181 860 1208 887 in
1223 860 1314 895 priore
1341 862 1532 895 persecutione
1556 862 1607 889 sub
1623 862 1695 889 Cou-

69 902 112 936 εἷς
122 904 160 931 ὢν
176 905 230 932 τῶν
250 905 313 941 περὶ
329 906 472 939 Εὑσέϐιον,
488 907 579 943 ἐπειδὴ
592 907 676 940 θύσας
690 910 719 935 ἑν
738 909 776 945 τῷ
793 918 860 947 προ-

69 951 143 986 τέρῳ
153 950 274 986 διωγμῷ,
283 950 322 986 τῷ
336 951 405 977 κατὰ
418 951 463 978 τὸν
476 953 586 979 πάππον
603 953 801 987 Κωνσταντίου,
811 955 860 982 οὐκ

68 994 188 1029 ἠδύνατο
209 996 274 1030 παρ’
292 995 381 1022 αὐτῶν
401 997 441 1028 είς
461 996 561 1032 κλῆρον
587 998 767 1034 προαχθῆναι,
788 1001 861 1026 ποιεῖ

70 1041 144 1075 μετὰ
172 1041 284 1077 γνώμης
312 1041 367 1068 τῶν
394 1042 458 1078 περὶ
482 1043 612 1070 Εὐσέϐιον
640 1044 858 1080 συνταγμάτων,

66 1088 162 1115 ὁποῖον
179 1089 228 1124 μὲν
240 1088 334 1124 ἡθελον
343 1089 419 1116 αὐτοί
432 1097 438 1103 ·
453 1088 508 1115 ἴσον
520 1088 548 1116 δὲ
561 1089 599 1124 τῷ
607 1091 656 1125 τῆς
669 1090 764 1122 Θυσίας
777 1090 858 1117 αὑτοῦ

67 1133 226 1170 τολμήματι
237 1142 242 1148 ·
257 1135 286 1162 ὲν
299 1135 354 1170 γὰρ
367 1134 454 1170 τούτῳ
462 1134 511 1170 τὴν
519 1126 616 1170 ἀκρίδα
627 1136 673 1162 καὶ
687 1135 735 1171 τὴν
745 1137 859 1172 κάμπην

67 1180 110 1215 τῷ
128 1180 238 1216 Χριστῷ
255 1182 412 1217 συγκρίνας,
425 1181 523 1217 μᾶλλον
537 1181 566 1208 δὲ
578 1183 750 1218 προτιμήσας
765 1183 857 1215 αὐτοῦ,

67 1227 119 1254 καὶ
131 1227 217 1261 λέγων
232 1227 316 1262 ἀλλην
331 1225 401 1254 εῐναι
417 1228 493 1264 παρὰ
503 1228 549 1255 τὸν
564 1229 680 1263 Χριστὸν
694 1229 723 1255 ἐν
744 1229 783 1265 τῷ
800 1229 859 1265 Θεῷ

66 1272 179 1306 σοφίαν,
189 1273 238 1308 τὴν
246 1272 291 1299 τοῦ
299 1273 416 1308 Χριστοῦ
425 1274 472 1300 καὶ
481 1273 526 1301 τοῦ
538 1274 640 1309 κόσμου
651 1274 858 1311 δημιουργικὴν,

66 1319 236 1354 περιήρχετο
245 1319 294 1351 τὰς
301 1321 330 1346 ὲν
338 1321 370 1355 τῇ
383 1320 468 1356 Συρίᾳ
475 1320 522 1347 καὶ
532 1321 581 1352 τὰς
589 1320 671 1352 ἄλλας
685 1321 857 1356 Ἑκκλησίας,

66 1364 144 1391 κατὰ
160 1365 286 1392 σύστασιν
298 1365 352 1392 τῶν
368 1366 432 1402 περὶ
460 1366 599 1393 Εὺσὲειονο
615 1367 658 1393 ἶνα
685 1366 757 1400 ἅπαξ
770 1367 860 1402 ἀρνεῖ-

66 1411 136 1437 σθαι
149 1411 309 1446 μελετήσις.
325 1411 394 1438 οὕτω
410 1412 458 1438 καὶ
470 1412 518 1439 νῦν
542 1411 707 1448 θρασύνηται
719 1413 788 1439 κατὰ
811 1414 860 1448 τῆς

65 1456 212 1492 ἀληθείας.
234 1458 391 1485 Ἐπέὃαινεν
406 1456 453 1486 οὖν
465 1460 505 1492 εις
518 1460 582 1491 τοὺς
597 1460 634 1496 μὴ
653 1460 713 1492 ἐξὸν
729 1460 801 1495 αὑτῷ
813 1461 858 1487 τό·

66 1511 142 1534 πους
155 1503 169 1529 6
183 1503 272 1531 πάντα
282 1504 426 1541 τολμηρὸς,
457 1505 505 1532 καὶ
534 1506 574 1538 είς
587 1506 632 1533 τὸν
653 1506 707 1532 τῶν
721 1506 859 1542 κληρικῶν
874 1522 895 1550 c

64 1548 155 1575 τόπον
179 1549 373 1585 καθεζόμενος,
400 1551 566 1585 ἀνεγίνωσκε
593 1551 710 1588 δημοσίᾳ
739 1553 769 1579 τὸ
800 1561 860 1579 συν-

63 1595 234 1630 ταγμάτων,
248 1596 337 1623 καίτοι
357 1596 412 1623 τῶν
425 1597 513 1625 ἄλλων
524 1598 793 1634 δυσανασχετούντων
816 1599 860 1626 ἐπ’

63 1641 156 1675 αὐτῷ.
174 1641 267 1669 Καὶτὺ
281 1643 330 1677 μὲν
347 1643 546 1678 συνταγμάτων
564 1644 608 1671 διὰ
619 1644 723 1670 πολλῶν
739 1645 797 1671 ὲστι
812 1653 860 1679 γε-

62 1687 243 1723 γραμμένον.
258 1688 337 1724 Μέρη
347 1688 376 1715 δὲ
389 1688 472 1716 αὑτοῦ
488 1690 546 1716 ἐστι
564 1690 661 1716 ταῦτα·
680 1699 689 1715 ι
706 1690 743 1716 Οὐ
756 1691 809 1726 γὰρ
823 1689 861 1718 εἷ-

63 1739 121 1759 πεν
139 1733 153 1758 ὁ
163 1733 296 1769 μακάριος
310 1733 417 1766 Παῦλος
426 1735 544 1770 Χριστὸν
563 1735 710 1771 κηρύσσειν
726 1735 775 1771 τὴν
791 1737 860 1763 ἰδίαν

62 1777 155 1805 αὐτοῦ
168 1778 292 1815 δύναμιν,
317 1780 334 1816 ἢ
359 1780 408 1816 τὴν
429 1781 524 1816 σοφίαν
551 1782 644 1815 αὐτοῦ,
669 1783 792 1809 τουτέστι
812 1783 859 1809 τοῦ

62 1823 151 1856 Θεοῦ,
166 1824 234 1850 ἀλλὰ
248 1824 308 1860 δίχα
321 1825 372 1861 τῆς
400 1826 569 1862 προσθήκης,
593 1827 707 1863 δύναμιν
723 1828 791 1854 Θεοῦ
814 1828 861 1855 καὶ

61 1868 138 1895 θεοῦ
154 1869 260 1904 σοφίαν·
286 1870 370 1906 ἄλλην
385 1871 435 1906 μὲν
452 1868 520 1898 εἶναι
547 1871 596 1907 τὴν
626 1871 693 1899 ἰδίαν
717 1873 798 1900 αὐτοῦ
813 1872 860 1899 τοῦ

61 1915 138 1942 (θεοῦ
155 1914 279 1950 δύναμιν,
296 1915 345 1951 τὴν
359 1916 478 1952 ἔμφυτον
488 1917 563 1953 αὐτῷ
575 1919 623 1944 καὶ
636 1919 860 1954 συνυπάρχουσαν

62 1960 148 1996 αὐτῷ
167 1962 306 1996 ἀγενήτως
321 1961 389 1997 (42),
403 1963 561 1999 κηρύσσων’
576 1964 738 2000 γεννητικὴν
755 1965 805 2000 μὲν
817 1963 862 1992 οὗ·

61 2017 132 2041 σαν,
165 2009 285 2044 δηλονότι
308 2011 356 2037 τοῦ
387 2011 516 2047 Χριστοῦ,
542 2012 739 2048 δημιουργικὴν
761 2013 790 2039 δὲ
814 2012 860 2039 τοῦ

60 2059 173 2091 παντὸς
184 2060 298 2096 κόσμου·
316 2062 380 2097 περὶ
393 2060 426 2098 ἧς
441 2063 471 2089 ὲν
481 2064 514 2098 τῇ
533 2063 600 2099 πρὸς
620 2063 770 2098 Ῥωμαίους
786 2064 863 2090 Ἐπι-

59 2111 152 2147 στολῇ
163 2111 294 2140 διδάσκων
306 2113 393 2148 ἐλεγε”
412 2123 421 2139 ι
440 2113 481 2140 Τά
503 2114 556 2150 γὰρ
581 2114 683 2150 ἀόρατα
710 2114 792 2141 αὐτοῦ
809 2115 863 2141 ἀπὸ

64 2172 74 2187 1
101 2162 222 2194 κτίσεως
233 2163 335 2198 κόσμου
343 2165 399 2196 τοῖς
414 2165 548 2200 ποιήμασι
555 2165 687 2200 νοούμενα
702 2165 861 2201 καθορᾶται.

61 2225 73 2240 ι
99 2215 120 2250 ἧ
129 2223 161 2241 τε
169 2215 253 2247 ἀΐδιος
265 2215 348 2242 αὑτοῦ
362 2215 532 2250 δύναμιςκαὶ
542 2215 657 2252 θειότης.
672 2226 681 2241 ›
692 2217 796 2252 ’Ὠσπερ
809 2216 862 2252 γὰρ

57 2267 119 2302 τὴν
134 2266 285 2301 εἰρημένην
303 2266 427 2293 ἐνταυθοῖ
449 2266 563 2302 θεότητα
591 2267 641 2293 οὐκ
668 2267 700 2293 ἄν
728 2276 770 2299 τις
795 2267 863 2302 φαίη

58 2315 191 2350 Χριστὸν
202 2313 284 2347 εἶναι,
300 2315 357 2342 ἀλλ’
369 2316 449 2342 αὐτὸν
474 2316 607 2353 ὑπάρχειν
621 2316 666 2343 τὸν
681 2317 801 2352 Πατέρα·
817 2317 865 2344 οὖν

57 2377 135 2400 τως,
145 2365 232 2403 οἶμαι,
241 2369 288 2395 καὶ
298 2370 315 2404 ἡ
324 2368 378 2404 (45)
387 2369 470 2401 ἀίδιος
481 2369 561 2395 αὐτοῦ
573 2368 686 2404 δύναμις
697 2369 746 2404 οὐχ
761 2370 775 2396 6
788 2378 865 2404 μονοο

58 2417 156 2453 γενὴς
172 2416 249 2449 Θεὸς,
260 2416 317 2443 ἀλλ’
330 2417 345 2443 6
359 2417 492 2452 γεννήτας
505 2417 623 2452 ὑπάρχει
638 2417 746 2452 Πατήρ.
765 2417 865 2452 ’Λλλην

56 2467 93 2495 δὲ
107 2467 226 2502 δύναμιν
248 2466 296 2493 καὶ
321 2466 416 2501 σοφίαν
432 2466 551 2493 διδάσκει
575 2465 654 2496 θεοῦ,
672 2466 721 2501 τὴν
747 2466 791 2492 διὰ
818 2466 864 2492 τοῦ

103 2525 117 2540 ³
133 2523 215 2551 Rom.
232 2532 251 2556 ι,
267 2523 312 2551 20.

105 2570 165 2604 (58)
188 2569 288 2605 Regius
303 2574 331 2597 et
345 2570 438 2602 Basil.,
455 2570 502 2596 καὶ
517 2569 549 2596 δι’
563 2569 639 2596 ἄλλα.

105 2605 167 2640 (59)
190 2605 217 2632 In
230 2603 298 2632 cdit.
311 2605 397 2632 Paris.
409 2605 524 2639 majusc.
539 2605 634 2640 litteris
647 2603 843 2640 scriptttmrcrat
856 2613 862 2629 :

55 2642 167 2670 Ταῦτα
188 2641 242 2676 ,τῆς
259 2640 459 2676 ’Δλεξανδρείας
485 2639 675 2676 πρεσϐύτεροι,
690 2646 750 2676 quae
766 2639 864 2665 desunt

54 2679 90 2706 in
113 2671 332 2703 edith'ommel.
346 2680 372 2703 et
384 2671 416 2702 'in
431 2671 557 2702 omnibus
572 2671 638 2701 mss.
655 2671 750 2701 Latina
769 2680 834 2700 vero
854 2682 860 2700 :

55 2714 139 2741 Hm:
160 2711 304 2746 presbyteri
327 2710 544 2746 Alexandrinila
565 2709 695 2746 Cgtnmel.
719 2716 860 2746 perperam

53 2743 178 2783 adjecta
194 2743 267 2783 sunt,
284 2753 346 2772 cuin
373 2746 398 2783 ill
428 2745 565 2783 prioribus
587 2743 693 2783 Latinis
710 2744 790 2770 editis
807 2751 859 2770 non

53 2779 223 2812 existerent.
242 2780 335 2807 Graeca
350 2788 364 2806 a
377 2780 580 2807 Patisiensibus
597 2779 687 2807 addita
707 2784 779 2806 sunt.

102 2817 165 2846 (4οὶ
187 2816 298 2850 Regius,
318 2815 402 2852 δείξῃ.

232 2865 367 2894 ΡΑτιιοι..
384 2865 441 2893 Gn.
463 2864 574 2893 XXVI.

910 905 1003 932 stantii
1015 912 1066 932 avo
1078 905 1130 932 diis
1144 905 1334 939 sacriﬁcasset,
1362 914 1412 934 nec
1440 912 1532 942 posset
1553 908 1651 935 abillis
1668 908 1695 935 in

910 952 1013 979 clerum
1027 953 1164 986 cooptari;
1182 960 1215 980 ex
1230 953 1364 980 sententia
1392 952 1607 981 Eusebianorum
1626 963 1694 989 opn-

910 998 1015 1025 sculum
1028 997 1123 1030 edidit,
1149 1006 1244 1026 eorum
1269 999 1383 1026 arbitrio
1405 1000 1599 1035 conscriptum,
1622 1001 1694 1036 quod

909 1043 1108 1078 saerillciiejus
1136 1043 1225 1071 scelus
1251 1049 1396 1079 aequaret:
1421 1046 1448 1072 in
1475 1046 1522 1073 illo
1543 1046 1616 1074 enim
1632 1055 1693 1074 cum

909 1089 1042 1117 locustam
1061 1094 1087 1117 et
1099 1097 1208 1116 erucam
1224 1089 1335 1118 Christo
1357 1091 1527 1126 contulisset,
1559 1092 1613 1120 imo
1626 1101 1694 1128 pras-

910 1136 1024 1165 tulisset,
1039 1143 1071 1162 ac
1084 1135 1187 1163 diceret
1206 1136 1288 1163 aliam
1314 1144 1375 1163 esse
1404 1137 1431 1163 in
1450 1137 1506 1164 Deo
1532 1139 1693 1173 sapientiam

909 1185 1006 1215 prater
1021 1179 1171 1213 Christum,
1184 1189 1244 1216 quae
1258 1186 1285 1209 et
1300 1181 1400 1209 Christi
1418 1186 1445 1210 et
1459 1184 1552 1211 mundi
1579 1185 1695 1212 creatrix

908 1231 992 1259 esset,
1015 1226 1101 1262 Syriae
1135 1226 1273 1255 Ecclesias
1307 1228 1440 1262 aliasque,
1477 1227 1694 1258 Eusebianornm

909 1273 1143 1300 commendatione
1155 1272 1235 1308 585
1248 1271 1344 1305 fretus,
1361 1272 1494 1300 circuibat
1509 1283 1515 1301 :
1532 1281 1560 1302 ut
1572 1275 1635 1310 quia
1651 1284 1695 1303 se-

909 1318 962 1345 mel
977 1317 1118 1345 Christum
1133 1318 1269 1354 abnegare
1280 1326 1425 1353 aggressus
1449 1320 1535 1346 fuerat
1545 1340 1555 1352 ,
1571 1321 1606 1348 ita
1625 1330 1696 1349 nunc

909 1372 1018 1401 quoque
1051 1364 1182 1391 adversus
1209 1364 1349 1391 veritatem
1382 1364 1514 1392 audacius
1535 1367 1694 1402 insurgeret.

909 1412 1051 1439 Homoille
1067 1418 1132 1439 sane
1154 1410 1353 1438 audacissimus
1375 1410 1402 1438 in
1423 1419 1483 1446 qum
1507 1412 1566 1439 loca
1582 1413 1632 1440 sibi
1655 1414 1696 1440 in-

910 1457 982 1492 gredi
997 1465 1051 1484 non
1068 1457 1161 1484 liceret
1172 1463 1232 1483 sese
1244 1455 1367 1488 immisit,
1381 1460 1407 1483 et
1420 1456 1447 1483 in
1461 1457 1622 1484 clericorum
1638 1459 1696 1485 loco

911 1504 1008 1532 sedens
1037 1492 1198 1538 opusculum
1218 1502 1326 1536 publice
1349 1502 1464 1535 legebat,
1477 1503 1584 1531 caeteris
1605 1510 1694 1532 tamen

913 1557 968 1576 rem
982 1548 1091 1583 indigne
1111 1547 1271 1575 ferentibus.
1296 1547 1378 1574 Multa
1408 1553 1481 1575 certe
1509 1550 1698 1584 complectitur

912 1593 1075 1628 opusculum
1091 1592 1156 1618 illud
1171 1601 1177 1618 :
1193 1591 1273 1626 cujus
1288 1591 1346 1618 haec
1365 1599 1429 1627 pars
1442 1597 1502 1620 est:
1522 1603 1532 1619 ‹
1549 1593 1608 1620 Non
1624 1595 1695 1622 cnim

911 1639 948 1667 ait
966 1639 1062 1666 beatus
1077 1638 1178 1666 Paulus
1193 1646 1223 1665 se
1233 1637 1373 1665 Christum
1386 1639 1545 1674 praedicare,
1561 1641 1696 1676 propriam

911 1682 1048 1714 virtutem,
1077 1686 1125 1709 aut
1154 1682 1315 1717 sapientiam
1339 1683 1409 1717 ejus,
1440 1683 1543 1712 scilicet
1561 1685 1618 1718 Dei,
1650 1688 1695 1713 sed

911 1729 970 1756 sine
979 1728 1175 1761 additamenta,
1193 1728 1240 1756 Dei
1254 1729 1394 1762 virtutem,
1416 1734 1444 1756 et
1459 1729 1504 1757 Dei
1516 1731 1676 1766 sapientiam
1689 1742 1695 1759 :

912 1775 1013 1802 docens
1045 1775 1124 1801 aliam
1151 1775 1260 1809 quidem
1289 1782 1352 1802 esse
1375 1776 1510 1810 propriam
1537 1777 1622 1812 ipsius
1651 1778 1696 1805 Dei

911 1820 1050 1849 virtutem.
1077 1821 1127 1856 ipsi
1155 1821 1287 1853 innatam,
1322 1828 1376 1847 non
1404 1820 1503 1849 tactam
1517 1828 1621 1850 etcum
1639 1824 1698 1858 ipso

911 1867 1085 1893 exsistentem
1099 1874 1160 1901 quae
1177 1867 1296 1901 geniti-ix
1307 1871 1359 1899 est,
1370 1866 1471 1894 Christi
1493 1868 1606 1901 scilicet,
1620 1877 1699 1896 crea-

912 1913 963 1939 trix
973 1920 1038 1940 vero
1053 1913 1137 1940 totius
1151 1912 1245 1940 mundi
1261 1922 1268 1940 :
1284 1913 1317 1940 de
1333 1920 1387 1948 qua
1402 1914 1427 1940 in
1447 1913 1567 1948 Epistola
1584 1915 1618 1942 ad
1642 1915 1697 1942 llo-

911 1966 1008 1986 manos
1026 1968 1033 1986 ε
1051 1968 1060 1984 ‹
1079 1958 1228 1986 Invisibilis
1245 1960 1316 1986 enim
1341 1960 1438 1994 ipsius,
1464 1961 1562 1995 inquit,
1582 1969 1596 1988 a
1621 1969 1699 1989 crea-

915 2013 924 2029 (
948 2008 1008 2031 tura
1025 2005 1130 2036 mundi,
1142 2012 1190 2039 per
1205 2012 1236 2032 ea
1244 2013 1304 2040 qua:
1316 2005 1384 2032 facta
1400 2010 1473 2037 sunt,
1485 2007 1618 2035 intellecta
1633 2015 1698 2035 con—

916 2060 925 2076 ι
947 2050 1114 2085 spiciuntnr:
1126 2051 1289 2086 sempiterna
1299 2059 1408 2086 quoque
1420 2052 1479 2087 ejus
1491 2053 1579 2080 virtus
1592 2059 1619 2080 et
1629 2054 1698 2081 divi-

914 2106 925 2122 «
948 2098 1019 2126 nitas
1032 2099 1052 2124 ³.
1072 2108 1081 2124 ι
1102 2097 1179 2126 Sicut
1191 2098 1261 2126 enim
1280 2104 1458 2126 memoratam
1474 2099 1518 2128 hic
1529 2101 1697 2128 divinitatem

912 2152 994 2171 nemo
1009 2144 1105 2172 dixerit
1129 2144 1268 2172 Christum
1290 2153 1369 2177 esse,
1395 2145 1441 2173 sed
1459 2145 1548 2180 ipsum
1576 2154 1636 2174 esse
1647 2146 1698 2174 Pa-

878 2197 900 2224 n
916 2195 982 2217 trem
1000 2199 1007 2223 ;
1025 2190 1065 2217 sic
1088 2193 1163 2224 puto,
1177 2189 1369 2224 sempiternam
1398 2189 1456 2225 ejus
1479 2191 1618 2223 virtutem,
1644 2199 1697 2219 non

916 2236 1083 2271 unigenitum
1095 2236 1190 2268 Deum,
1203 2236 1249 2263 sed
1264 2243 1326 2262 eum
1341 2236 1386 2271 qui
1400 2236 1493 2272 genuit
1509 2236 1614 2264 Patrem
1626 2245 1696 2265 esse.

913 2282 1001 2308 Aliam
1015 2289 1079 2309 vero
1094 2281 1141 2309 Dei
1158 2282 1283 2309 virtutem
1297 2287 1325 2308 et
1339 2283 1498 2317 sapientiam
1526 2283 1614 2315 docet,
1637 2291 1698 2318 qua:

914 2328 1017 2355 scilicet
1037 2335 1084 2362 per
1097 2327 1236 2354 Christum
1252 2328 1406 2360 exhibetur,
1439 2333 1466 2356 et
1483 2336 1531 2363 per
1544 2329 1602 2364 ipsa
1617 2329 1698 2356 mini-

914 2373 988 2400 sterii
1007 2373 1065 2408 ejus
1077 2380 1159 2407 opera
1171 2373 1356 2407 cognoscitur.
1375 2382 1384 2399 ι
1414 2373 1447 2400 Et
1462 2381 1572 2400 rursum
1590 2382 1597 2400 ε
1617 2382 1626 2398 ι
1639 2373 1699 2400 Etsi

913 2420 1078 2454 sempiterna
1091 2420 1150 2454 ejus
1161 2419 1248 2447 virtus
1257 2424 1283 2446 et
1298 2420 1440 2455 sapientia,
1452 2428 1534 2455 quam
1548 2420 1607 2447 sine
1622 2421 1698 2454 prin-

913 2466 985 2501 cipio
999 2470 1024 2493 ct
1046 2466 1218 2501 generatione
1240 2473 1312 2497 esse,
1338 2466 1461 2493 veritatis
1489 2465 1631 2493 ratiocinia
1651 2466 1699 2493 de-

947 2567 1003 2601 (lil)
1022 2566 1051 2594 ln
1071 2566 1153 2602 Regio
1170 2566 1215 2592 καί
1231 2566 1348 2602 deletum
1364 2571 1416 2594 est.
1441 2566 1492 2594 Sed
1515 2566 1562 2592 καί
1580 2574 1697 2601 sequenti

913 2603 1004 2638 potius
1017 2602 1160 2630 delendum
1179 2601 1469 2638 vitletur.rDc_Asterio
1484 2606 1618 2638 autemnet
1638 2603 1697 2635 ejus

913 2636 1021 2672 scriptis
1037 2638 1097 2665 vide
1120 2644 1202 2671 supra
1216 2637 1243 2663 in
1261 2636 1374 2672 epistola
1388 2636 1424 2664 De
1438 2637 1555 2664 decretis
1567 2636 1695 2668 NlCK‘JttS,

933 2693 939 2700 .
957 2673 1018 2700 169.

912 2680 1063 2743 μάἓῗδὶο
1078 2707 1144 2742 Reg.
1161 2705 1370 2743 et_Basit._Editi
1385 2714 1450 2743 vero
1464 2707 1629 2743 ἁγεννήτως.

947 2741 1056 2804 μδλιω
1070 2742 1134 2778 Reg.
1147 2746 1173 2768 et
1187 2741 1313 2785 Basil.‘ln
1330 2742 1409 2769 editis
1422 2743 1438 2778 ή
1452 2743 1540 2783 deest.
1556 2741 1616 2784 Mox
1632 2741 1697 2783 Reg.

961 2777 1044 2804 lastl..
1063 2778 1111 2804 οὖν
1126 2779 1139 2803 6
1158 2785 1304 2804 μονογενης
1318 2776 1393 2804 Θεός.
1410 2777 1490 2804 Etlttt.
1504 2786 1553 2804 ουν
1566 2785 1697 2804 ομογενηε

909 2783 936 2839 ἓι
946 2776 1044 2839 ἐίοὲὶιη
1063 2776 1139 2812 οὺχ⁷ὀ
1158 2777 1304 2812 μονογενὴς
1318 2776 1393 2808 Θεός.
1410 2776 1490 2812 Eiliti,
1504 2778 1553 2812 οὐχ
1566 2777 1699 2813 ὁμογενὴς

933 2829 984 2844 εἰν,-

1533 2860 1572 2890 ‘23
