1974 3037
300 99 354 129 ἸΓΞ

598 100 625 127 S.
646 98 830 126 ATHANASII
852 98 927 126 OPP.
947 99 1036 126 PARS
1054 99 1073 126 Ι.
1094 114 1128 118 -
1148 97 1335 125 IIISTORICA
1353 97 1395 125 ET
1416 97 1627 125 DOGMATICA.
1840 102 1880 128 7n;

301 163 414 193 claram,
432 168 485 188 una
496 159 643 194 eademque
657 159 729 187 haud
753 159 835 187 dubie
864 160 893 186 lit
910 169 916 186 :
933 160 1024 187 multae
1042 165 1077 187 ta-

1132 159 1249 194 Χριστοῦ
1258 159 1434 194 διικνυμένην
1448 159 1579 195 δηλονότι,
1589 159 1635 186 καὶ
1648 159 1747 194 διάςῶν
1761 159 1834 195 ἔργων
1847 163 1884 188 αὑ-

299 216 362 236 men
377 206 530 241 singulatim
544 206 577 232 ab
591 213 624 232 eo
638 210 733 233 creatae
748 210 821 237 sunt,
842 213 958 240 quarum
978 207 1081 240 primo-

300 253 416 288 genitus,
434 250 588 285 unigenitus
603 254 645 276 est
660 249 795 281 Christus,
810 257 870 284 quae
886 249 995 284 quidem
1021 257 1080 276 om—

245 298 249 301 ’
299 307 348 328 nes
359 307 374 325 a
386 304 542 332 possessore
557 295 684 329 pendent,
698 300 724 322 et
739 303 835 322 omnes
847 295 931 329 ipsius
944 295 1081 322 Creatoris

299 345 345 380 qui
361 344 414 371 illis
430 343 524 373 utitur,
539 342 653 368 virtutes
666 341 728 376 jure
745 342 925 376 appellantur.
941 340 1081 375 Ejusmodi

299 395 341 419 est
356 390 427 426 quod
442 389 572 424 propheta
587 388 718 415 locustam
730 388 757 414 in
774 395 882 422 poenam
897 388 1080 414 humanorum

299 437 430 465 scelerum
449 435 578 463 divinitus
593 434 755 466 immissam.
772 441 826 460 non
837 433 882 460 Dei
897 433 1022 460 virtutem
1036 441 1090 460 so--

297 483 365 516 lum,
380 482 426 510 sed
444 488 569 517 magnam
583 481 709 507 virtutem
724 481 758 507 ab
785 480 843 514 ipso
859 480 913 507 Deo
931 481 1023 507 vocari
1039 480 1080 507 di—

298 530 336 556 cit
347 529 368 556 δ.
382 529 479 555 Beatus
493 533 583 554 autent
599 527 683 554 David
701 527 729 553 in
741 526 880 561 plerisque
900 527 1078 561 psalmorum,

298 584 352 603 non
368 575 477 609 angelos
493 574 580 601 solum
609 572 656 600 sed
682 577 708 600 et
730 573 844 600 virtutes
866 572 950 600 Deum
969 573 1080 600 laudare

295 622 383 656 jubet,
399 626 426 647 et
440 627 535 647 omnes
557 618 591 646 ad
618 619 748 653 hymnum
768 619 967 646 concinentium
987 619 1077 646 horta-

296 673 340 695 tur
358 676 365 695 :
382 674 496 702 quarunt
514 665 715 692 multitudinem
727 665 855 695 declarat,
873 673 973 699 easque
998 666 1078 692 mini-

297 719 369 742 stros
395 713 441 740 Dei
457 719 555 739 vocare
571 719 624 738 non
641 712 740 745 renuit,
759 719 792 738 ac
814 711 886 739 illius
913 711 1078 739 voluntatem

294 759 384 786 facere
399 759 502 793 docetq

1134 206 1186 232 τῶν
1203 206 1251 240 τῆς
1263 205 1397 236 διακονίας
1411 205 1492 231 αὑτοῦ
1507 204 1730 240 γνωριζομένην.»
1754 206 1801 231 Καὶ
1811 206 1880 232 πάλιν·

1137 261 1147 276 ι
1163 251 1290 285 Καίτοιγε
1304 253 1319 284 ἡ
1335 251 1384 286 μὲν
1399 251 1481 282 ἀΐδιος
1494 250 1576 277 αὑτοῦ
1593 250 1703 285 δύναμις
1723 251 1766 277 καὶ
1779 253 1883 287 σαρίσηῆν

1134 297 1250 332 ἄναρχον
1264 306 1293 323 τε
1308 298 1354 324 καὶ
1371 297 1515 332 ἀγέννητον
1534 297 1588 332 (Η)
1607 297 1631 322 οἱ
1655 297 1701 332 τῆς
1717 296 1830 332 ἀληθείας
1838 299 1886 324 ἀπο

1135 343 1274 378 φαίνονται
1291 343 1424 377 λογισμοὶ,
1442 342 1491 378 μία
1501 342 1533 369 ἂν
1546 342 1589 378 εἴη
1604 342 1731 378 δήπουθεν
1744 343 1785 369 καὶ
1798 345 1812 377 ἡ
1824 341 1884 378 αὺτή·

1133 389 1228 415 πολλαὶ
1239 388 1268 415 δὲ
1278 390 1304 415 αἱ
1321 389 1380 415 καθ’
1394 389 1507 415 ἕκαστον
1535 389 1580 415 ὑπ’
1595 388 1674 415 αὑτοῦ
1701 389 1843 420 κτισθεῖσαι,
1860 387 1888 416 ὧν

1133 435 1307 470 πρωτότοκος
1322 435 1369 460 καὶ
1387 435 1534 470 μονογενὴς
1546 435 1559 461 ὁ
1571 435 1695 470 Χριστός·
1722 436 1800 461 πᾶσαί
1811 445 1837 470 γε
1849 436 1889 471 μὴν

1131 481 1240 517 ὁμοίως,
1261 483 1301 513 εἰς
1315 482 1360 507 τὸν
1380 481 1546 516 κεκτημένον
1572 481 1745 516 ἁνήρτηνται.
1766 481 1808 507 καὶ
1821 483 1890 508 πᾶσαι

1131 529 1159 553 αἱ
1171 527 1226 562 (45)
1237 527 1366 562 δυνάμεις
1385 526 1466 552 αὐτοῦ
1484 526 1530 552 τοῦ
1544 527 1686 558 κτίσαντος
1709 528 1753 553 καὶ
1772 528 1890 562 χρωμένου

1131 573 1274 599 καλοῦνται
1289 573 1410 604 δικαίως
1429 570 1484 599 οἷον
1500 574 1514 599 ὁ
1535 572 1583 607 μὲν
1596 573 1734 608 προςεήτης
1751 574 1794 607 τὴν
1814 574 1891 608 ἀκρίδα

1129 618 1206 653 δίκην
1222 619 1275 644 τῶν
1287 618 1462 653 ἀνθρωπίνων
1478 618 1684 654 ἁμαρτημάτων
1708 619 1825 654 θεήλατον
1840 627 1893 653 γινο-

1133 665 1215 700 μένην
1233 665 1262 691 οὐ
1277 664 1390 700 δύναμιν
1409 665 1487 699 μόνον
1500 665 1578 695 Θεοῦ,
1592 665 1660 691 ἀλλά
1677 666 1721 692 καὶ
1741 665 1848 700 μεγάλην
1857 675 1894 700 φη-

1133 711 1174 737 σιν
1187 711 1232 737 ὑπ’
1258 710 1339 737 αὑτοῦ
1360 711 1610 746 προσαγορεύεσθαι
1641 712 1687 738 τοῦ
1714 711 1786 737 Θεοῦ·
1801 711 1848 737 ὁδε
1868 719 1892 744 γε

1135 757 1267 792 μακάριος
1283 757 1366 783 Δαΰὶδ
1381 757 1409 783 ἐν
1424 757 1527 783 πλείοσι
1555 757 1608 783 τῶν
1635 757 1748 792 ψαλμῶν
1765 758 1810 784 οὐκ
1826 757 1892 790 ἀγγέ-

295 807 351 838 λοις
371 805 459 840 μόνον,
471 803 538 830 ἀλλὰ
548 804 595 830 καὶ
609 803 754 838 δυνάμεσιν
769 803 853 829 αἰνεῖν
867 802 1084 838 παρακελεύεται
1101 802 1146 828 τὸν
1162 802 1227 829 Θεόν
1241 810 1248 817 ·
1266 803 1313 829 καὶ
1330 802 1419 833 πάσας
1439 810 1470 836 γε
1497 802 1543 828 ἐπὶ
1573 803 1618 829 τὸν
1633 802 1716 838 ὕμνον
1743 801 1892 838 παρακαλῶν,

295 853 344 878 καὶ
364 851 395 877 τὸ
419 850 520 885 πλῆθος
535 849 692 884 παρίστησι,
708 848 754 875 καὶ
765 849 936 883 λειτουργοὺς
947 848 1014 875 Θεοῦ
1030 848 1122 875 καλεῖν
1141 849 1171 875 οὑ
1194 849 1367 884 παραιτεῖται
1383 868 1390 880 ,
1420 848 1466 874 καὶ
1494 850 1581 875 ποιεῖν
1606 848 1689 875 αὑτοῦ
1712 848 1742 874 τὸ
1757 848 1850 883 θέλημα
1865 847 1892 874 δι-

294 897 399 924 δάσκει.
407 905 416 922 ›

331 944 375 972 19.
390 943 452 970 Haec
474 946 570 970 contra
587 940 757 967 Salvatorem
785 947 879 971 ausus,
906 947 961 967 non
979 939 1022 967 hic
1038 944 1077 966 ta-

1164 940 1206 967 19.
1220 939 1338 967 Τοιαῦτα
1353 940 1489 976 τολμήσας
1515 939 1584 967 κατὰ
1604 939 1651 967 τοῦ
1673 940 1792 976 Σωτῆρος
1803 941 1845 966 οὐκ
1853 941 1889 974 ἦν

290 998 358 1018 'men
370 988 480 1017 sceleris
494 988 581 1020 stetit,
608 987 654 1014 sed
684 977 774 1021 magis
794 986 935 1021 magisque
952 986 1078 1020 blasphe-

294 1036 365 1063 mias
378 1034 489 1062 adauxit
502 1041 567 1061 suas
579 1033 672 1060 dicens
689 1040 696 1058 :
717 1042 726 1058 ι
750 1031 828 1059 Unus
841 1040 873 1059 ex
886 1032 1014 1059 omnibus
1038 1036 1080 1059 est

290 1081 392 1108 AFilius.
409 1080 585 1115 Opificiorum
613 1079 686 1106 enim
715 1078 832 1113 primum
849 1083 901 1110 est,
924 1082 951 1105 et
966 1086 1018 1106 una
1045 1085 1079 1105 ex

294 1127 506 1162 intelligentibus
521 1126 635 1153 naturis.
651 1125 683 1152 Et
693 1125 922 1160 quemadmodum
944 1125 984 1152 sol
997 1125 1023 1151 in
1034 1132 1078 1151 re-

294 1174 346 1201 bus
365 1180 426 1208 quae
443 1173 494 1200 sub
509 1172 595 1199 oculis
621 1171 732 1203 cadunt,
758 1178 830 1198 unus
844 1175 886 1198 est
910 1178 941 1198 ex
969 1171 1003 1198 iis
1019 1178 1080 1205 quae

295 1218 502 1253 conspiciuntur
516 1227 527 1244 ιι
551 1224 612 1244 cum
629 1221 719 1244 tamen
735 1216 863 1243 universo
882 1216 1079 1251 mundo,juxta

295 1264 406 1291 factoris
419 1263 460 1290 sui
472 1262 641 1294 mandatum,
653 1262 756 1294 luceat;
766 1261 860 1288 eodem
874 1268 988 1295 prorsus
999 1260 1080 1287 modo

295 1308 393 1340 Filius,
408 1316 470 1335 cum
483 1316 536 1334 una
551 1308 586 1335 sit
600 1315 633 1334 ex
652 1306 863 1341 intelligentibus
885 1306 1000 1338 naturis,
1017 1314 1079 1333 om-

294 1355 376 1382 nibus
390 1354 437 1389 qui
460 1355 488 1381 in
517 1353 690 1381 intellectuali
718 1353 818 1380 mundo
848 1357 921 1384 sunt,
948 1353 1020 1379 lucet
1048 1359 1080 1379 ac

293 1400 427 1434 splendet.
446 1409 455 1425 ι
479 1398 635 1433 lterumque
660 1399 720 1425 ait:
751 1407 760 1423 ι
776 1397 840 1424 Erat
852 1397 998 1432 aliquando
1015 1405 1078 1425 cum

292 1455 345 1473 non
363 1450 461 1479 esset,»
480 1445 608 1480 atqueita
625 1444 720 1472 scribit
735 1453 742 1471 :
757 1454 766 1469 ‹
786 1445 820 1471 Et
833 1444 942 1478 quidem
960 1448 1021 1470 ante
1034 1443 1079 1470 Fi-

292 1493 543 1529 liigenerationem.
572 1491 803 1526 praeexsistentem
830 1490 977 1525 generandi
993 1490 1080 1517 scien-

293 1541 359 1567 tiam
379 1539 473 1566 habuit
494 1538 594 1571 Pater;
629 1538 715 1564 inerat
745 1538 845 1572 quippe
870 1537 986 1567 medico,
1007 1541 1080 1564 ante-

293 1594 375 1620 quam
388 1593 457 1620 quos
470 1589 582 1612 sanaret
607 1584 743 1614 adessent,
770 1582 895 1610 medendi
925 1582 1048 1610 scientia.
1067 1592 1076 1607 ι

293 1632 327 1660 Et
338 1640 445 1659 rursum
463 1639 470 1658 :
489 1639 498 1656 ι
518 1630 652 1662 Bcnetico,
674 1629 772 1664 inquit,
788 1629 878 1656 studio
903 1633 1011 1656 creatus
1037 1633 1078 1655 est

291 1679 388 1711 Filius,
401 1682 428 1705 et
445 1677 556 1705 virtutis
571 1677 649 1712 copia
673 1675 752 1703 Pater
766 1675 843 1702 illum
866 1675 998 1702 condidit.
1017 1685 1026 1701 ι
1045 1674 1078 1701 Ει

293 1725 391 1752 iterum
408 1733 415 1751 ;
433 1733 443 1749 ε
463 1723 492 1751 Si
516 1723 565 1751 Dei
578 1723 705 1750 voluntas
731 1729 780 1756 per
796 1721 887 1748 omnia
911 1721 1009 1748 deinde
1020 1720 1079 1755 opi-

292 1770 354 1798 ﬁcia
367 1769 535 1805 pertransiit,
564 1769 649 1804 liquet
671 1767 769 1794 Filium
794 1767 933 1802 opiﬁcium
952 1774 1015 1794 cum
1032 1767 1076 1799 sit,

292 1815 430 1842 voluntate
442 1814 591 1845 exsutisse,
607 1818 634 1841 et
652 1812 751 1839 factum
770 1811 865 1839 fuisse.
885 1821 894 1837 ι
924 1811 987 1839 Hanc
1001 1812 1078 1838 Aste-

291 1861 350 1888 rius
367 1861 443 1888 solus
473 1860 583 1895 scripsit
597 1868 605 1892 ;
621 1858 767 1886 Eusebiani
796 1865 862 1884 vero
876 1857 933 1884 hate
949 1857 1007 1892 ipsa
1025 1864 1077 1884 una

291 1914 352 1934 cum
366 1906 411 1934 illo
425 1905 588 1934 sentiebant.

325 1953 370 1980 20.
390 1952 452 1980 Haec
466 1956 530 1979 sunt
544 1958 662 1986 quorum
675 1957 759 1978 causa
788 1949 938 1981 decertant,
959 1953 986 1976 et
1015 1956 1076 1976 cum

290 2000 402 2034 antiqua
416 1999 520 2034 synodo
537 2003 668 2033 pugnant,
697 1997 761 2031 quia
791 1996 895 2023 scilicet
923 1995 970 2030 qui
1000 1995 1027 2022 in
1046 2002 1077 2022 ea

290 2053 442 2073 convenere
457 2044 551 2071 Patres
567 2043 626 2071 suis
642 2043 742 2070 similia
758 2050 812 2069 non
830 2042 1009 2076 scripserunt,
1022 2042 1078 2068 imo

289 2092 419 2120 Arianam
446 2090 581 2122 haeresim,
613 2096 694 2124 quam
721 2089 749 2115 bi
778 2088 900 2115 stabilire
921 2087 1076 2118 studt-bant,

288 2142 483 2173 percusserunt
504 2136 686 2164 anathemate.
718 2135 852 2168 Quocirca
875 2134 1013 2162 Asterium
1030 2135 1077 2169 qui

289 2184 370 2212 idolis
387 2183 565 2214 sacriﬁearat,
583 2182 735 2216 sophistam
767 2181 904 2208 hominem
930 2181 1077 2216 impietatis

289 2238 346 2259 suae
361 2229 444 2265 586
469 2229 630 2256 advocatum
647 2229 846 2262 designarunt;
865 2236 899 2255 ne
926 2228 1076 2256 abstineret

1129 986 1223 1022 κέσθη,
1237 986 1304 1013 ἀλλά
1319 987 1366 1013 καὶ
1395 986 1474 1013 πλέον
1499 987 1649 1013 ἐπεκτείνει
1671 987 1721 1019 τὰς
1745 987 1891 1022 βλασφημίας

1129 1031 1221 1063 αὑτοῦ,
1237 1032 1334 1066 λέγων,
1357 1033 1398 1058 ὅτι
1426 1029 1466 1064 εἷς
1494 1032 1548 1059 τῶν
1574 1032 1684 1059 πάντων
1707 1033 1777 1059 ἐστὶν
1805 1032 1888 1062 ὁΥίός·

1132 1087 1141 1104 ι
1161 1078 1270 1114 Πρῶτον
1286 1079 1341 1113 γάρ
1354 1079 1412 1104 ἐστι
1433 1077 1487 1104 τῶν
1503 1078 1634 1114 γενητῶν,
1653 1079 1700 1104 καὶ
1719 1075 1758 1110 εἷς
1784 1078 1833 1104 τῶν
1846 1086 1892 1112 νοη-

1128 1124 1182 1151 τῶν
1200 1124 1307 1158 φύσεών
1320 1125 1387 1151 ἐστι’
1402 1125 1449 1151 καὶ
1467 1124 1560 1160 ὥσπερ
1583 1125 1700 1160 ἥλιοςὲν
1711 1126 1765 1157 τοῖς
1782 1124 1891 1159 βλεπομέ-

1129 1179 1184 1202 νοις
1201 1168 1241 1202 εἷς
1254 1170 1302 1206 μὲν
1316 1170 1373 1196 ἐστι
1387 1170 1448 1196 τῶν
1467 1171 1648 1205 φαινομένων,
1678 1171 1777 1206 λάμπει
1792 1171 1816 1197 δὲ
1830 1170 1893 1197 παντὶ

1129 1216 1167 1251 τῷ
1181 1216 1275 1251 κόσμῳ
1288 1216 1358 1243 κατά
1372 1216 1517 1252 πρόσταξιν
1533 1216 1579 1243 τοῦ
1596 1217 1783 1252 πεποιηκότος·
1803 1216 1893 1247 οὕτωςό

1130 1262 1203 1294 Υἱὸς,
1217 1259 1256 1293 εἷς
1273 1261 1309 1288 ὢν
1323 1261 1377 1288 τῶν
1388 1261 1489 1297 νοητῶν
1506 1262 1622 1295 φύσεων,
1634 1263 1746 1297 φωτίζει
1759 1263 1802 1289 καὶ
1812 1262 1893 1296 λάμπει

1129 1308 1177 1334 καὶ
1189 1308 1269 1339 αὐτὸς
1286 1309 1351 1334 πᾶσι
1364 1310 1419 1340 τοῖς
1431 1310 1460 1335 ὲν
1476 1309 1515 1344 τῷ
1528 1309 1616 1344 νοητῷ
1628 1309 1750 1345 κόσμῳ.ι
1779 1308 1852 1335 Πάλιν
1871 1307 1891 1333 τί

1130 1362 1220 1389 φησιν·
1241 1363 1250 1379 ι
1266 1352 1320 1380 ’Ἦν
1337 1363 1412 1386 ποτε,
1424 1355 1468 1381 ὅτε
1479 1356 1529 1381 οὐκ
1542 1353 1603 1390 ἧν,›
1618 1355 1690 1382 οὕτω
1701 1355 1818 1392 γράφων·
1832 1363 1840 1379 t
1852 1354 1892 1380 Καὶ

1131 1401 1194 1439 πρὶν
1210 1400 1260 1434 τῆς
1273 1400 1405 1434 γενέσεως
1417 1401 1463 1427 τοῦ
1479 1402 1543 1428 Υἱοῦ
1559 1403 1573 1428 ὁ
1584 1403 1682 1438 Πατὴρ
1693 1402 1893 1438 προϋπάρχουσαν

1130 1444 1187 1482 εἶχε
1204 1447 1253 1482 τὴν
1270 1446 1316 1473 τοῦ
1341 1449 1438 1483 γεννᾷν
1465 1448 1629 1484 ἐπιστήμην·
1658 1450 1720 1475 ἐπεὶ
1746 1449 1790 1475 καὶ
1811 1447 1892 1482 ἰατρὸς,

1130 1493 1183 1528 πρὸ
1198 1493 1243 1519 τοῦ
1260 1493 1393 1529 ἰατρεύειν
1410 1492 1467 1529 εἶχε
1479 1493 1533 1529 (46)
1559 1495 1608 1530 τὴν
1625 1494 1673 1521 τοῦ
1701 1494 1827 1529 ἰατρεύειν
1848 1494 1894 1518 ἐπι-

1131 1539 1262 1574 στήμην.)
1280 1539 1334 1565 Kal.
1349 1539 1429 1566 πάλιν
1442 1540 1533 1575 φησίν·
1565 1549 1574 1565 ι
1597 1540 1765 1575 Εὑεργετικῇ
1779 1537 1893 1574 φιλοτιμίᾳ

1130 1584 1240 1619 ἐκτίσθη
1255 1585 1355 1617 ὀΥίὺς,
1380 1585 1427 1611 καὶ
1454 1585 1596 1622 περιουσίᾳ
1622 1585 1763 1621 δυνάμεως
1789 1584 1893 1618 ἐποίησεν

1129 1630 1210 1656 αὐτὸν
1220 1631 1235 1656 ὁ
1246 1631 1349 1666 Πατήρ·
1371 1641 1380 1656 ι
1395 1632 1442 1658 καὶ
1455 1631 1545 1663 πάλιν,
1571 1641 1580 1657 1
1598 1632 1630 1658 Εἰ
1646 1633 1678 1658 τὸ
1691 1632 1776 1659 θέλειν
1789 1631 1830 1658 τοῦ
1841 1628 1892 1657 Θεοῦ

1127 1676 1172 1703 διὰ
1187 1676 1295 1703 πάντων
1313 1676 1411 1712 ἐφεξῆς
1433 1677 1486 1704 τῶν
1515 1678 1676 1713 ποιημάτων
1701 1677 1842 1712 διελήλυθε,
1860 1675 1894 1709 δη-

1128 1721 1224 1755 λονότι,
1241 1723 1289 1749 καὶ
1302 1724 1316 1749 ὁ
1331 1723 1404 1755 Υἱὸς,
1421 1724 1526 1759 ποίημα
1553 1723 1600 1756 ὢν,
1623 1723 1750 1760 βουλήσει
1764 1723 1849 1758 γέγονε
1861 1721 1895 1748 καὶ

1129 1768 1285 1804 πεποίηται.
1303 1778 1313 1794 ι
1332 1768 1424 1796 Ταῦτα
1445 1769 1473 1796 δὲ
1494 1769 1629 1805 Ἀστέριος
1650 1769 1754 1806 ἔγραψε
1785 1768 1836 1804 (47)
1856 1766 1893 1801 μό-

1128 1823 1181 1846 νος·
1194 1816 1219 1841 οί
1235 1815 1262 1842 δὲ
1277 1815 1341 1851 περὶ
1356 1815 1486 1842 Εὑσέϐιον
1513 1816 1643 1851 ἐφρόνουν
1660 1817 1732 1844 αὺτά
1762 1816 1832 1850 κοινῇ
1850 1812 1894 1848 μετ’

1128 1860 1218 1888 αὑτοῦ.

1162 1953 1208 1980 20.
1223 1952 1314 1980 Ταῦτά
1326 1954 1408 1985 ἐστιν,
1425 1954 1495 1990 ὑπὲρ
1505 1951 1543 1981 ὧν
1569 1955 1760 1989 ἀγωνίζονται,
1776 1954 1816 1981 διὰ
1829 1951 1893 1980 ταῦτα

1130 1998 1259 2034 μάχονται
1277 1999 1344 2035 πρὸς
1356 2000 1406 2035 τὴν
1420 2001 1536 2036 ἀρχαίαν
1549 2001 1666 2028 σύνοδον·
1683 2002 1724 2028 ὃτι
1742 2002 1778 2036 μὴ
1792 2001 1823 2027 τὰ
1832 2001 1894 2034 ὅμοια

1128 2046 1216 2072 αὐτῶν
1228 2046 1348 2082 ἔγραψαν
1363 2048 1388 2072 οἱ
1400 2047 1572 2080 συνελθόντες
1593 2049 1622 2074 ὲν
1638 2048 1720 2084 αὐτῇ,
1737 2048 1802 2074 ἀλλά
1815 2046 1892 2082 μᾶλλον

1128 2092 1325 2128 ἀνεθεμάτισαν
1337 2093 1386 2129 τὴν
1408 2094 1550 2129 ’Ᾱρειανὴν
1575 2094 1691 2130 αἵρεσιν,
1705 2095 1738 2129 ἢν
1753 2092 1893 2122 ἐσπούδαζον

1127 2135 1200 2165 οὗτοι
1216 2139 1359 2175 συστῆσαι.
1371 2140 1421 2166 Διὰ
1433 2138 1512 2166 τοῦτο
1525 2140 1573 2166 καὶ
1588 2140 1726 2174 Ἀστέριον
1741 2141 1784 2167 τὸν
1796 2139 1894 2166 θύσαντα

1128 2185 1256 2220 σοφιστὴν
1268 2185 1341 2219 ὅντα,
1358 2186 1505 2222 συνήγορον
1528 2187 1577 2221 τῆς
1600 2185 1728 2218 ἀσεϐείας
1740 2185 1823 2213 αὐτῶν
1840 2183 1893 2219 (48),

1128 2231 1335 2266 προύϐάλλοντο,
1366 2232 1408 2258 ἵνα
1424 2232 1461 2267 μὴ
1476 2232 1599 2268 φείδηται
1617 2233 1687 2268 μήτε
1715 2231 1783 2259 κατά
1797 2229 1839 2258 τοῦ
1852 2230 1895 2255 Κυ-

289 2282 337 2304 aut
349 2285 364 2304 a
382 2276 472 2303 verbis
487 2280 581 2303 contra
599 2275 755 2307 Dominum,
767 2279 814 2302 aut
837 2282 852 2301 a
877 2275 982 2302 callidis
995 2282 1076 2309 argu-

1130 2276 1187 2312 ρίου
1200 2276 1376 2311 φθέγγεσθαι,
1394 2278 1461 2313 μήτε
1474 2278 1537 2310 τοὺς
1551 2278 1696 2314 ἀκεραίους
1723 2280 1755 2314 τῇ
1775 2276 1895 2304 πιθανολῡ-

288 2323 388 2351 mentis
403 2322 437 2350 ad
461 2322 641 2356 simpliciores
665 2322 918 2349 circumveniendos
936 2321 1074 2356 composi-

286 2370 334 2397 tis.
351 2368 452 2396 Vcrum
470 2368 631 2403 ignorabant
653 2368 732 2395 inscii
761 2367 810 2400 illi,
835 2368 862 2394 id
877 2375 937 2395 sese
952 2367 978 2394 in
997 2375 1074 2395 suam

287 2422 368 2449 agere
383 2414 542 2449 perniciem.
561 2412 642 2440 Fetor
654 2414 726 2440 enim
750 2413 876 2440 sacriﬁcii
891 2413 925 2440 ab
942 2414 1075 2440 advocato

288 2468 340 2488 suo
355 2461 433 2488 idolis
451 2460 544 2493 oblati,
560 2460 686 2487 haeresim
701 2460 787 2494 magis
804 2460 946 2495 magisque
960 2459 1072 2486 Christo

287 2505 426 2533 inimicam
439 2506 612 2542 coarguebat.
630 2506 732 2534 Idcirco
746 2506 896 2534 etiamnum
910 2505 1002 2533 omnia
1016 2512 1073 2532 ηιος

321 2583 334 2600 ⁵
348 2583 406 2611 Joel
419 2592 447 2615 ιι,
463 2585 509 2612 25.

324 2663 378 2697 μι)
395 2663 440 2690 Sic
457 2663 523 2698 Reg.
538 2661 617 2698 etrita
636 2661 701 2696 legit
723 2659 845 2688 Nannius
861 2660 907 2695 qui
923 2661 1012 2693 vertit,
1030 2661 1072 2687 irr-

285 2700 411 2734 genitam.
430 2697 510 2734 Editi;
526 2697 668 2734 ἀγένητον.

323 2735 379 2768 (45)
394 2735 425 2760 Δί
438 2733 515 2761 deest
531 2734 557 2759 in
571 2731 636 2768 Regi.

321 2765 376 2804 (λίίῆ
394 2768 472 2804 “03.,
486 2768 539 2804 τιρρ
555 2765 848 2804 τῷνήθεραπευομένων
861 2765 928 2802 εἶχε.

321 2803 377 2841 (47)
394 2804 460 2841 Beg.
479 2808 506 2841 et
520 2803 616 2841 Basill.
641 2804 753 2838 ἔγραφε.
768 2803 833 2835 Quae
848 2806 1000 2841 sequuntur
1013 2809 1076 2836 por-

283 2837 330 2876 ro,‘
344 2837 373 2867 oi"
391 2839 418 2866 δὲ
435 2837 499 2875 περὶ
520 2837 649 2865 Εὑσέϐιον
660 2837 747 2872 ,⁷ριο.,
765 2845 780 2865 a
802 2837 1016 2873 praecedentibus
1032 2844 1075 2865 se-

1128 2323 1176 2358 γίᾳ
1191 2323 1304 2357 πλανᾷν.
1319 2323 1373 2349 Kal.
1400 2323 1536 2358 ἠγνόησαν
1553 2332 1584 2358 γε
1612 2325 1637 2350 οἱ
1663 2324 1787 2359 ἀμαθεῖς,
1800 2325 1835 2350 ὃτι
1848 2320 1895 2348 καθ’

1127 2368 1230 2394 ἑαυτῶν
1244 2368 1400 2403 εἰργάζοντο
1418 2368 1506 2396 τοῦτο,
1526 2369 1557 2395 Ἦ
1569 2369 1623 2405 γὰρ
1634 2369 1750 2396 δυσωδία
1766 2369 1812 2404 τῆς
1826 2368 1860 2397 εἰς
1870 2365 1896 2391 τά

1125 2414 1222 2441 εἴδωλα
1236 2414 1330 2446 θυσίας
1346 2414 1392 2441 τοῦ
1409 2415 1557 2449 συνηγόρου
1584 2415 1624 2442 ἔτι
1644 2415 1725 2442 πλέον
1741 2415 1788 2450 τὴν
1808 2414 1896 2449 αἵρεσιν

1125 2460 1306 2495 χριστομάχον
1322 2459 1449 2486 ἐδείκνυε.
1465 2460 1515 2487 Διά
1536 2461 1615 2488 τοῦτο
1641 2461 1687 2488 καὶ
1702 2460 1749 2488 νῦν
1762 2460 1844 2487 πάντα
1862 2465 1896 2483 κι-

1126 2505 1200 2532 νοῦσι
1214 2505 1261 2531 καὶ
1283 2505 1436 2540 Θορυὸοῢσι,
1462 2506 1626 2542 νομίζοντες,
1652 2507 1693 2534 ὅτι
1716 2506 1766 2533 κᾶν
1787 2505 1896 2533 πλείονας

1121 2661 1255 2697 jnngenda
1272 2671 1325 2691 non
1341 2667 1415 2695 sunt,
1439 2667 1468 2691 ut
1487 2665 1513 2692 in
1529 2665 1595 2692 edit.
1612 2660 1782 2692 Paris.'Nam
1800 2665 1824 2691 in
1837 2662 1891 2689 edit.

1123 2697 1229 2737 timum.
1246 2703 1274 2737 et
1299 2700 1324 2737 in
1350 2707 1416 2737 mss.
1442 2705 1640 2737 consequenter
1665 2705 1821 2735 ponuntur;
1848 2703 1893 2731 quo

1124 2734 1187 2760 item
1203 2734 1282 2769 modo
1298 2734 1419 2761 Nannius
1435 2736 1536 2769 posuit.

1161 2768 1217 2801 (48)
1232 2768 1309 2803 Reg.,
1325 2767 1443 2796 ὲαυτῶνῖ
1456 2770 1535 2802 Editi,
1553 2771 1651 2797 αὐτῶν.
1665 2770 1726 2798 Mox
1741 2771 1810 2798 idem
1825 2767 1892 2802 368-:

1127 2803 1164 2838 μὴ
1179 2803 1312 2839 φείδηται,
1326 2809 1409 2833 recte.
1428 2804 1509 2839 Editi,
1527 2806 1563 2842 μὴ
1579 2806 1695 2843 φείδητε.
