1974 3037
134 118 183 146 721

821 118 864 146 nr:
884 108 1043 148 svuoms.'

1692 120 1746 148 722

135 175 235 212 μᾶλλον
245 172 323 202 αὑτὸν
350 168 560 212 προσηκάμεθα,
586 177 658 212 ἥπερ
682 176 914 212 ὴκολουθήσαμεψ

968 176 1038 211 quod
1055 183 1087 203 ex
1107 175 1197 204 verbis
1223 176 1325 204 nostris
1349 175 1481 211 cognituri
1496 175 1572 204 estis.
1603 176 1644 203 Ab
1669 176 1748 205 initio

132 220 269 256 γνώσεσθε
279 221 306 248 δὲ
319 221 373 248 ἀπὸ
382 221 435 247 τῶν
447 222 610 257 λεγομένων.
630 222 835 257 Μεμαθήκαμεν
862 222 916 259 γὰρ

132 264 164 298 ἐξ
195 266 290 302 ἀρχῆς,
313 267 352 298 είς
375 267 422 294 ἕνα
436 268 501 294 Θεὸν
535 267 579 295 τὸν
608 268 662 295 τῶν
684 268 752 295 ὅλων
778 269 844 296 Θεὸν
872 278 916 296 πι-

134 312 240 339 στεύειν
256 312 321 348 (69).
336 312 381 340 τὸν
393 314 501 341 πάντων
512 315 614 350 νοητῶν
626 324 655 342 τε
667 316 712 343 καὶ
727 316 862 351 αἰσθητῶν
874 317 917 352 δη-

134 358 261 394 μιουργόν
276 367 305 384 τε
316 359 363 385 καὶ
379 361 539 395 προνοητήψ
553 361 599 389 καὶ
610 363 650 393 εἰς
664 362 710 388 ἕνα
722 362 785 389 Υιδν
796 362 843 389 τοῦ
849 363 915 389 Θεοῦ

133 403 274 443 μονογενῆ,
299 404 352 439 πρὸ
373 406 479 432 πάντων
493 405 595 433 αἰώνων
617 408 782 443 ὑπάρχοντα,
797 408 844 435 καὶ⁵
858 417 916 435 συν-

129 441 195 474 όιῗτα
220 448 259 482 τῷ
280 450 454 485 γεγεννηκότι
484 452 564 478 αὑτὸν
582 452 637 488 (70)
659 441 757 490 Πατρὶ,
781 454 814 481 δι’
833 453 863 481 οὗ
882 455 916 482 τὰ

131 491 221 519 πάντα
230 493 347 527 ἐγένετο,
362 495 397 521 τά
419 503 448 521 τε
463 495 546 531 ὁρατὰ
564 497 610 524 καὶ
623 498 657 524 τὰ
680 499 792 533 ἀόρατα,
811 499 857 526 τὸν
870 500 916 526 καὶ

130 538 175 564 ἐπ’
190 538 312 573 ἐσχάτων
325 540 436 576 ἡμερῶν
450 542 509 568 κατ’
524 542 646 570 εὐδοκίαν
659 543 705 570 τοῦ
732 545 838 580 Πατρὸς
852 554 916 572 κατ-

129 583 253 616 ελθόντα,
275 586 321 612 καὶ
348 586 436 622 σάρκα
450 588 482 615 ὲκ
498 589 548 623 τῆς
570 589 707 624 Παρθένου
735 591 791 625 (71)
814 591 922 627 ἀνειληι

129 628 215 662 φότα,
225 629 271 657 καὶ
284 631 373 657 πᾶσαν
389 632 438 667 τὴν
458 633 593 669 πατρικὴν
611 633 693 661 αὑτοῦ
705 634 830 670 βούλησιν
853 645 915 662 συν-

130 675 381 711 εκπεπληρωκότα,
413 679 585 711 πεπονθέναι,
617 681 663 707 καὶ
684 681 841 718 ὲγηγέρθαι,
870 684 916 710 καὶ

129 721 171 751 εἰς
187 721 317 756 οὐρανοὺς
331 723 531 759 ἀνεληλυθέναι,
547 726 593 752 καὶ
611 727 640 753 ἐν
658 726 732 763 δεξιᾷ
745 728 791 755 τοῦ
811 729 916 765 Πατρὸς

130 764 302 799 καθέζεσθαι,
317 768 364 794 καὶ
384 769 462 796 πάλιν
479 770 535 804 (72)
550 771 694 807 ἐρχόμενον
711 775 798 808 κρῖναι
813 764 915 807 ζῶντας

130 811 178 841 καὶ
203 814 326 849 νεκροὺς,
352 815 398 841 καὶ
409 815 570 851 διαμένοντα
589 818 700 853 βασιλέα
715 821 763 847 καὶ
785 820 852 848 Θεὸν
875 822 915 853 είς

127 857 193 903 τοῦς
211 858 321 891 αἰῶνας.
337 861 502 897 Πιστεύομεν
512 863 540 890 δὲ
553 864 599 890 καὶ
613 865 650 896 είς,
664 865 695 892 τὸ
708 865 784 900 ἅγιον
792 867 913 903 Πνεῦμα·

129 902 195 929 εἰδὲ
209 903 250 930 δεῖ
263 905 430 940 προσθεῖναι,
460 908 622 944 πιστεύομεν
650 911 697 937 καὶ
724 912 789 948 περὶ
816 913 915 948 σαρκὸς

128 949 303 983 ἀναστάσεως
318 953 365 979 καὶ
376 952 450 989 ζωῆς
463 956 598 984 αίωνίου.»

166 995 209 1023 25.
231 997 263 1023 ’Δ
274 997 303 1023 δὲ
319 999 366 1024 καὶ
380 1000 407 1026 ὲν
423 1000 503 1037 ἑτέρᾳ
531 1003 658 1039 ἐπιστολῇ
678 1004 802 1041 δεύτερον
818 1007 847 1033 ὲν
860 1009 916 1040 τοῖς

128 1042 221 1075 αὐτοῖς
237 1044 401 1077 Ἐγκαινίοις
421 1046 580 1080 ἐκτίθενται,
609 1052 786 1086 μεταγνόντες
805 1054 854 1089 μὲν
869 1055 916 1081 ἐπὶ

127 1089 190 1134 tot;
203 1090 355 1124 προτέροις,
380 1092 571 1128 ἐπινοήσαντες
585 1095 614 1121 δὲ
629 1097 771 1134 καινότερα
795 1108 856 1126 τινα
869 1102 917 1128 καὶ

127 1132 250 1167 πλείονα,
266 1135 323 1162 ἐστι
338 1136 433 1164 ταῦτα’

167 1190 177 1206 ι
190 1181 356 1228 Πιστεύομεν
367 1183 472 1221 (75-74)
484 1185 636 1220 ἀκολούθως
649 1189 682 1224 τῇ
697 1190 860 1228 εὐαγγελικῇ
870 1193 916 1220 καὶ

127 1225 293 1272 ἀποστολικῇ
306 1229 452 1264 παραδόσει
474 1232 514 1263 είς
537 1232 585 1260 ἕνα
601 1233 668 1261 Θεὸν
694 1235 802 1272 Πατέρα
819 1225 917 1265 παντο-

128 1271 262 1319 κρατορα,
276 1273 322 1299 τὸν
333 1273 387 1301 τῶν
414 1275 482 1302 ὅλων
506 1277 671 1314 δημιουργόν
686 1289 714 1307 τε
739 1271 786 1309 καὶ
803 1283 917 1319 ποιητὴν

128 1317 177 1343 καὶ
190 1319 340 1354 προνοητὴν
352 1319 418 1355 (75),
438 1321 467 1354 ἐξ
481 1319 512 1350 οὗ
527 1323 562 1350 τὰ
578 1324 676 1351 πάντα·
694 1326 741 1353 καὶ
755 1327 795 1359 εἰς
806 1328 854 1355 ἕνα

132 1370 190 1411 ριον
208 1363 311 1411 Ἰησοῦν
322 1366 448 1401 Χριστὸν,
463 1368 508 1394 τὸν
528 1369 592 1397 Υίὸν
608 1371 700 1404 αὐτοῦ,
715 1373 761 1400 τὸν
786 1377 916 1411 μονογενῆ

129 1406 208 1456 Θεὸν,
225 1408 258 1435 δι’
272 1407 302 1437 οὗ
331 1411 366 1438 τὰ
391 1412 497 1446 πάντα,
520 1415 565 1442 τὸν
596 1417 761 1453 γεννηθέντα
785 1406 838 1456 τερὺ
856 1406 917 1448 ⁷τῶν

127 1453 236 1502 αἰώνων
247 1456 302 1491 (76)
317 1457 348 1484 ὲκ
365 1458 412 1492 τοῦ
427 1459 542 1496 Πατρὸς,
557 1461 622 1490 Θεὸν
652 1464 684 1491 ὲκ
710 1465 787 1499 Θεοῦ,
807 1453 874 1495 -ὃλον
887 1469 916 1502 ἐξ

966 229 1084 257 namque
1100 222 1254 254 didicimus,
1271 223 1298 249 in
1315 229 1399 249 unum
1415 226 1442 249 et
1457 222 1645 249 universorum
1660 222 1746 251 Deum

966 265 1086 298 credere,
1101 266 1223 293 omnium
1238 266 1446 302 intelligibilium
1460 271 1486 294 et
1502 266 1671 295 sensibilium
1685 268 1747 304 opi-

968 310 1044 340 ﬁcem
1061 317 1087 339 et
1101 313 1277 347 provisorem.
1292 311 1326 339 Et
1342 313 1368 339 in
1389 320 1475 340 unum
1489 312 1589 340 Filium
1611 312 1659 340 Dei
1684 314 1747 341 uni-

966 357 1097 392 genitum,
1110 358 1156 392 qui
1170 362 1231 385 ante
1246 358 1337 385 omnia
1354 358 1452 386 saecula
1465 358 1580 391 exsistit,
1594 363 1620 386 et
1636 367 1689 386 una
1702 368 1748 387 ex-

967 407 1021 430 stat
1035 410 1096 430 eum
1116 410 1149 430 eo
1165 403 1212 437 qui
1233 411 1262 430 se
1277 403 1370 437 genuit
1381 402 1460 430 Patre
1473 411 1481 437 ;
1495 411 1543 438 per
1565 411 1645 439 quem
1665 405 1746 432 etiam

966 448 1057 475 omnia
1074 447 1143 476 facta
1159 452 1233 480 sunt,
1246 448 1363 476 \‘isibilia
1374 453 1400 476 et
1413 449 1557 476 invisibilia
1572 449 1637 484 ;qui
1653 451 1747 478 novis-

966 492 1043 520 simis
1059 491 1163 525 diebus,
1180 493 1327 520 secundum
1342 492 1429 521 Patris
1443 495 1620 528 voluntatem,
1632 495 1746 522 descen-

965 538 1014 570 dit,
1028 542 1056 566 et
1069 545 1179 566 carnem
1194 546 1225 565 ex
1237 538 1348 574 Virgine
1364 539 1512 574 assumpsit
1524 547 1531 572 ;
1542 540 1590 575 qui
1604 546 1745 576 postquam

965 588 1105 619 paternam
1130 584 1190 619 ejus
1213 585 1380 612 voluntatem
1403 585 1624 620 adimplevisset,
1649 594 1747 620 passus

965 634 1017 662 est,
1033 634 1060 657 et
1076 631 1241 662 resurrexit,
1256 631 1282 657 in
1300 631 1385 658 caelos
1401 632 1539 664 ascendit,
1555 632 1622 659 etin
1638 632 1747 660 dextera

965 675 1055 703 Patris
1066 677 1141 704 sedet
1154 685 1161 709 ;
1176 681 1202 704 et
1213 685 1323 704 rursum
1337 682 1468 705 venturus
1482 682 1524 706 est
1534 678 1657 713 judicare
1672 680 1748 706 vivus

966 727 994 749 et
1016 727 1140 749 mortuos
1153 741 1160 753 ,
1178 727 1205 749 et
1220 727 1360 758 permanet
1380 731 1431 750 rex
1452 728 1479 751 et
1503 723 1572 751 Deus
1590 724 1618 751 in
1638 726 1746 752 saecula.

965 767 1108 795 Credimus
1129 776 1237 804 quoque
1250 769 1277 796 in
1293 768 1424 804 Spiritum
1444 773 1579 798 sanetum.
1610 770 1644 797 Et
1657 771 1680 798 si
1698 771 1748 799 hoc

965 814 1063 841 addere
1081 819 1206 849 oporteat
1221 822 1228 841 :
1246 815 1383 844 credimus
1411 816 1747 845 carnisresurrectionexi

934 849 953 876 Β
966 863 993 886 et
1006 860 1088 887 vitam
1104 864 1241 888 aeternam.
1263 870 1273 886 ι

1000 1005 1044 1032 25.
1063 1005 1217 1039 lterumque
1234 1004 1261 1032 in
1275 1005 1328 1032 alia
1344 1004 1457 1040 epistola
1480 1004 1636 1032 eorumdem
1656 1003 1750 1032 Encm-

967 1059 1074 1079 ntorum
1089 1056 1210 1087 tempore
1223 1072 1231 1084 ,
1246 1059 1307 1079 cum
1321 1051 1442 1087 priorum
1458 1051 1619 1086 paeniteret,
1636 1058 1668 1078 ac
1680 1058 1759 1077 nova.

966 1099 1088 1134 quaedam
1102 1103 1129 1126 et
1142 1099 1220 1135 plura
1233 1099 1433 1134 exc0gitassent
1443 1119 1451 1131 ,
1466 1098 1524 1126 haec
1539 1097 1646 1126 edidere
1662 1107 1668 1125 :

1004 1187 1173 1216 «Credimus
1197 1187 1275 1224 juxta
1306 1188 1488 1223 evangelicam
1517 1191 1544 1214 et
1572 1187 1749 1222 apostolicam

966 1233 1139 1260 traditionem
1157 1233 1185 1260 in
1198 1241 1283 1260 unum
1298 1232 1383 1260 Deum
1400 1232 1507 1259 Patrem
1521 1231 1748 1267 omnipotentem:

967 1279 1088 1306 omnium
1107 1287 1197 1306 rerum
1212 1279 1381 1306 conditorem
1400 1283 1427 1305 et
1441 1278 1564 1313 opiﬁcem
1585 1282 1611 1305 ct
1628 1278 1750 1312 proviso-

969 1332 1042 1356 rem;
1059 1332 1107 1359 per
1126 1332 1205 1359 quem
1223 1325 1325 1351 omnia.
1353 1323 1386 1350 Et
1400 1324 1428 1351 in
1445 1331 1529 1351 unum
1546 1323 1689 1350 Dominum
1705 1322 1749 1350 Je-

967 1378 1027 1398 sum
1044 1370 1182 1398 Christum
1194 1369 1292 1397 Filium
1309 1370 1379 1404 ejus,
1397 1370 1565 1405 unigenitum
1581 1369 1665 1396 Deum
1679 1389 1686 1401 ,
1703 1378 1755 1406 per,

967 1422 1046 1449 quem
1059 1416 1150 1441 omnia
1163 1423 1170 1446 ;
1183 1415 1303 1449 genitum
1320 1414 1403 1449 588
1419 1422 1451 1441 ex
1466 1413 1547 1441 Patre
1561 1418 1623 1441 ante
1639 1415 1748 1446 smeula.

967 1458 1051 1486 Deum
1065 1466 1098 1486 ex
1110 1458 1181 1492 Deo,
1196 1462 1281 1486 totum
1302 1465 1336 1485 ex
1356 1462 1413 1485 toto
1423 1477 1430 1490 ,
1443 1454 1530 1486 solum
1543 1466 1576 1485 ex
1593 1458 1652 1486 solo
1663 1477 1671 1489 ,
1689 1466 1750 1493 per-

127 1499 202 1548 όλου,
218 1502 296 1536 μόνον
309 1504 340 1530 ὲκ
352 1505 443 1539 μόνου,
462 1507 562 1534 τέλειον
583 1510 614 1536 ἐκ
626 1510 739 1544 τελείου,
758 1512 868 1548 βασιλέα
885 1499 914 1542 ἐν

968 1504 1068 1532 fectum
1080 1512 1113 1532 ex
1130 1505 1247 1539 perfecto
1257 1523 1265 1535 ,
1280 1511 1370 1540 regem
1393 1512 1426 1532 ex
1441 1512 1503 1539 rege
1515 1524 1522 1536 ,
1551 1504 1694 1531 Dominum
1716 1512 1750 1531 ex

130 1545 274 1595 βασιλέως,
302 1550 404 1586 Κύριον
421 1553 475 1580 ἀπὸ
497 1555 599 1591 Κυρίου
613 1556 679 1593 (77),
707 1545 793 1593 Αάέον
816 1560 916 1595 ζῶντα,

129 1592 226 1626 σοφίαν
239 1593 337 1627 ζῶσαν,
355 1597 412 1631 φῶς
422 1598 557 1634 ἀληθινὸν,
568 1602 637 1635 ὁδὸν,
651 1592 789 1640 ἀλήθειαν,
802 1592 917 1634 ἀνάσταζ

131 1645 184 1670 σιν,
201 1640 327 1674 ποιμένα,
343 1641 437 1678 θύραν,
455 1644 588 1680 ἄτρεπτόν
611 1657 642 1674 τε
659 1650 705 1676 καὶ
728 1651 914 1680 ἀναλλοίωτον·

128 1680 180 1714 τῆς
196 1680 321 1718 θεότητος
333 1684 399 1719 (78),
417 1687 511 1719 οὐσίας
538 1697 567 1715 τε
583 1690 629 1716 καὶ
652 1690 747 1727 βουλῆς
767 1694 814 1720 καὶ
837 1694 916 1723 δυνά-

131 1733 215 1773 μεως,
227 1727 273 1753 καὶ
285 1728 364 1764 δόξης
376 1731 422 1757 τοῦ
444 1732 550 1768 Πατρὸς
577 1735 784 1771 ἀπαράλλακτον
812 1739 914 1773 εἰκόνα,

129 1771 176 1797 τὸν
198 1774 368 1808 πρωτότοκον
396 1777 486 1814 πάσης
512 1780 626 1813 κτίσεως
641 1781 711 1817 (79),
736 1783 781 1811 τὸν
808 1784 871 1811 ὄντα
886 1771 915 1812 ὲν

128 1818 209 1866 ᾇρχῇῌ
221 1820 290 1866 arpi);
299 1821 343 1848 τὸν
357 1821 433 1855 Θεὸν,
461 1824 547 1859 Λόγον
562 1826 628 1853 Θεὸν
640 1829 710 1855 κατὰ
730 1830 761 1856 τὸ
773 1831 915 1866 εἰρημένον

129 1864 158 1889 ἐν
174 1864 214 1899 τῷ
227 1865 394 1903 Εὐαγγελίῳ·
427 1879 435 1895 ι
455 1871 509 1898 Καὶ
523 1872 588 1903 Θεὸς
602 1871 636 1908 ἦν
658 1874 672 1900 ὁ
691 1875 785 1909 Λόγος·
799 1864 813 1902 γι
828 1864 872 1904 “6-3
883 1875 913 1905 οὗ

127 1909 164 1935 τὰ
178 1910 266 1938 πάντα
279 1913 395 1947 ἐγένετο,
409 1916 455 1942 καὶ
472 1918 501 1943 ὲν
514 1915 536 1952 ᾧ
555 1919 588 1946 τὰ
603 1919 689 1946 πάντα
702 1922 859 1958 συνέστηκε⁶
868 1924 914 1950 τὸν

127 1954 174 1979 ἐπ’
192 1955 313 1990 ἐσχάτων
339 1958 393 1985 τῶν
417 1961 527 1997 ἡμερῶν
553 1963 713 1991 κατελθόντα
727 1954 839 2000 ἄνωθεν,
866 1970 919 1999 καὶ,

127 2001 291 2037 γεννηθέντα
305 2004 337 2030 ἐκ
351 2005 489 2040 Παρθένου
506 2009 576 2036 κατὰ
591 2009 639 2041 τὰς
654 2010 775 2046 Γραφὰς,
797 2014 843 2040 καὶ
867 2015 914 2042 ἄν-

127 2046 239 2095 θρωπον
251 2050 394 2095 γενόμενον
408 2051 473 2087 (80)·
485 2054 596 2090 μεσίτην
611 2055 677 2083 Θεοῦ
689 2058 735 2084 καὶ
751 2059 910 2095 ἀνθρώπων,

128 2091 278 2139 ᾁπόστολόν
288 2102 317 2121 τε
330 2095 380 2130 τῆς
394 2097 510 2129 πίστεως
533 2099 621 2134 ἡμῶν,
646 2101 693 2127 καὶ
720 2091 841 2138 ἀρχηγὸν

128 2138 212 2185 ζωῆς,
226 2139 263 2172 ὥς
276 2149 368 2177 φησιν,
384 2143 424 2169 ὃτι
442 2153 451 2169 ε
469 2145 651 2182 Καταϐέσηκα
668 2148 699 2174 ὲκ
713 2148 759 2174 τοῦ
785 2138 910 2185 οὐρανοῦ,

125 2184 178 2219 οὐχ
196 2185 238 2211 ἵνα
253 2186 322 2213 ποιῶ
335 2187 365 2214 τὸ
378 2188 485 2224 θέλημα
498 2190 528 2217 τὸ
544 2191 619 2227 ἐμὸν,
629 2192 697 2220 ἀλλὰ
706 2193 736 2220 τὸ
750 2193 855 2230 θέλημα
867 2195 924 2227 τοῦ,

164 2265 175 2281 ⁸
187 2264 265 2293 Joan.
283 2274 302 2300 ι,
321 2266 345 2294 i.
384 2268 394 2284 ‘
407 2268 486 2299 Joan.
503 2279 539 2303 vl,
558 2272 600 2300 58.

165 2335 221 2370 (69)
237 2335 326 2367 Socr.,
341 2337 381 2369 εἰς
395 2337 442 2365 ἕνα
461 2338 506 2364 τὸν
520 2337 575 2365 τῶν
595 2338 662 2366 ὅλων
681 2339 747 2365 θεὸν
763 2338 908 2366 πιστεύειν.
925 2338 949 2365 D

127 2370 251 2404 Niceph..
268 2372 307 2403 εἰς
321 2373 368 2399 ἕνα
383 2373 449 2400 Θεὸν
464 2373 510 2399 τὸν
523 2373 577 2400 τῶν
594 2374 661 2400 ὅλων
678 2374 824 2401 πιστεύειν.

165 2405 221 2444 (70)
236 2406 403 2444 Νἱρεριιοῃιε
417 2408 508 2436 αὑτοῦ.
526 2408 625 2436 ibidem
639 2408 738 2444 Regius
748 2429 755 2441 .
774 2409 910 2441 Socrates,

126 2440 284 2475 Nicephor..
304 2442 337 2468 δι’
350 2440 380 2470 οὗ
396 2444 442 2470 καὶ
464 2444 507 2470 τά.
526 2444 554 2470 ιιι
577 2444 656 2472 editis
677 2440 722 2470 καί
747 2445 831 2472 deest.
851 2444 911 2471 Mox

127 2475 240 2537 aegida
257 2476 506 2514 Socrat.,Niccpli.,
523 2478 578 2505 τῶν
594 2480 641 2507 καὶ
657 2479 710 2506 ἐπ’.
727 2479 754 2506 ln
767 2480 848 2507 editis
865 2479 912 2506 τὸν

186 2520 206 2537 π
217 2532 222 2537 .
299 2519 302 2523 ¹

186 2519 222 2537 π’.
299 2519 302 2523 ¹

165 2545 221 2584 (71)
238 2546 344 2584 Socrat.
360 2553 387 2576 et
405 2547 528 2584 Niceph.,
544 2550 576 2576 ἐκ
600 2549 649 2584 τῆς
667 2549 746 2584 ἁγίας
761 2549 911 2584 Παρθένον.

127 2580 216 2620 Paulo
227 2587 287 2620 [ρει
300 2582 405 2610 Socrat.
421 2589 448 2610 et
461 2580 585 2620 Nieeph.,
597 2580 742 2620 Tiﬁiat‘i‘to;
760 2580 867 2620 βουλήν.

165 2616 220 2655 (72)
235 2617 318 2644 Πάλιν
340 2620 416 2646 deest
441 2619 469 2646 in
494 2616 572 2646 Socr.
595 2616 798 2655 et'Niccph.'lu
816 2616 912 2647 iisdem

128 2651 210 2689 inftEL
218 2654 463 2689 p_ﬂ_SljttG’tEl§Oj.LEV,
477 2654 505 2681 δέ
522 2656 606 2682 deest.

166 2686 269 2721 (75-74)
283 2686 410 2716 Secunda
422 2690 482 2717 tidei
499 2689 614 2717 formula
627 2689 726 2724 scripta
754 2697 826 2722 anno
850 2689 911 2717 5M.

128 2720 224 2760 Exstat
236 2724 306 2760 apud
321 2723 397 2760 Socr.
409 2724 455 2760 lib.
472 2732 500 2756 ιι,
517 2732 575 2759 cap.
591 2725 634 2758 10,
652 2720 764 2760 ειέρυίί
782 2720 913 2752 Hilarium

131 2756 167 2783 De
179 2758 287 2794 synodis
300 2766 360 2793 pag.
379 2756 631 2794 1168,quam'teste'
644 2756 796 2787 Sozo-meno
807 2760 851 2787 lib.
872 2767 912 2791 ιιι,

127 2799 188 2830 cap.
212 2791 240 2830 6,
261 2791 368 2830 aiebant
390 2791 483 2822 Ariani
500 2803 528 2822 sc
544 2796 674 2830 reperisse
688 2797 816 2830 scriptam
833 2803 913 2823 manu

129 2826 214 2861 ipsius
229 2826 342 2855 Luciaui
359 2830 493 2864 martyris.

968 1550 1083 1578 Domino
1093 1572 1101 1584 ,
1116 1550 1232 1578 Verbum
1248 1551 1352 1583 vivens,
1366 1551 1526 1586 sapientiam
1543 1551 1688 1584 viventem,
1704 1558 1750 1578 ve-

967 1605 1025 1624 ram
1039 1597 1136 1628 lucem,
1152 1596 1221 1623 viam
1231 1617 1240 1630 ,
1253 1596 1409 1630 veritatem,
1439 1595 1684 1628 resurrectionem,
1698 1603 1748 1630 pa-

968 1648 1077 1675 storem,
1093 1647 1210 1678 portam,
1223 1650 1272 1670 nec
1286 1642 1429 1670 mutationi
1445 1649 1496 1669 nec
1507 1641 1679 1669 conversioni
1699 1641 1748 1668 ob—

967 1687 1076 1715 noxium
1092 1708 1099 1719 ,
1114 1692 1234 1723 paternae
1247 1687 1397 1715 divinitatis
1409 1709 1416 1721 ,
1434 1688 1592 1716 substantiae
1605 1709 1612 1721 ,
1630 1687 1747 1718 consilii,

964 1733 1108 1768 potestatis
1120 1738 1147 1760 et
1162 1733 1255 1769 gloriae
1275 1733 1302 1760 in
1318 1733 1394 1760 nullo
1409 1732 1570 1761 dissimilem
1589 1733 1747 1768 imaginem,

966 1778 1172 1814 primogenitum
1189 1778 1279 1806 omnis
1301 1783 1433 1806 creaturae
1446 1787 1454 1811 ;
1468 1779 1514 1814 qui
1529 1783 1588 1806 erat
1605 1779 1631 1806 in
1647 1778 1750 1814 princi-

964 1824 1011 1860 pio
1024 1825 1094 1859 apud
1105 1824 1188 1852 Deum
1203 1833 1210 1857 ;
1224 1823 1309 1851 Deum
1322 1823 1440 1852 Verbum
1452 1844 1459 1856 ,
1477 1830 1508 1852 ut
1520 1825 1651 1859 scriptum
1665 1828 1707 1851 est
1721 1824 1749 1851 in

965 1870 1110 1905 Evangelio
1121 1871 1149 1897 ':
1163 1879 1172 1896 ι
1182 1869 1215 1896 Et
1223 1869 1295 1898 Deus
1306 1869 1508 1904 eratVerbum;
1521 1880 1531 1897 ›
1544 1877 1676 1905 perquem
1689 1877 1750 1896 om-

965 1917 1010 1944 nia
1032 1916 1102 1945 facta
1120 1921 1203 1951 sunt,
1233 1921 1261 1945 et
1284 1917 1313 1945 in
1329 1924 1384 1952 quo
1404 1917 1495 1944 omnia
1512 1917 1666 1944 consistunt
1680 1924 1688 1949 ;
1701 1915 1749 1950 qui

964 1963 1121 1992 novissimis
1136 1963 1231 1991 diebus
1246 1963 1387 1991 descendit
1402 1963 1518 1998 desuper
1531 1983 1539 1995 ,
1563 1967 1645 1990 natus
1660 1966 1701 1989 est
1715 1969 1754 1988 ex.

964 2008 1075 2044 Virgine
1088 2008 1238 2036 secundum
1259 2007 1425 2044 Scripturas,
1442 2012 1469 2036 et
1483 2008 1565 2035 homo
1581 2007 1669 2035 factus
1684 2010 1725 2034 est
1740 2015 1747 2032 :

963 2054 1096 2081 mediator
1112 2053 1159 2081 Dei
1175 2058 1201 2081 et
1216 2054 1357 2081 hominum
1369 2073 1377 2086 ,
1396 2053 1537 2088 apostolus
1559 2052 1621 2079 ﬁdei
1638 2056 1747 2083 nostra),

962 2106 988 2129 et
1007 2105 1103 2128 auctor
1119 2100 1196 2133 vitae,
1215 2105 1245 2127 ut
1267 2100 1325 2135 ipse
1348 2100 1407 2127 ait:
1429 2109 1438 2125 ι
1456 2098 1587 2127 Descendi
1611 2098 1645 2126 de
1668 2097 1748 2130 caelo,

963 2155 1018 2175 non
1044 2151 1074 2175 ut
1098 2147 1195 2175 faciam
1209 2147 1377 2175 voluntatem
1394 2154 1482 2174 meam
1494 2166 1501 2178 ,
1516 2146 1563 2174 sed
1580 2145 1748 2173 voluntatem

967 2194 1027 2230 ejus
1040 2193 1087 2230 qui
1102 2193 1176 2223 misit
1188 2200 1232 2222 me
1244 2193 1254 2209 ‘
1270 2201 1277 2220 :
1296 2203 1306 2220 ι
1323 2193 1369 2228 qui
1384 2200 1482 2228 passus
1495 2197 1537 2220 est
1548 2199 1598 2228 pro
1614 2192 1708 2224 nobis,
1721 2195 1749 2218 et

998 2336 1053 2373 (7‘5)
1071 2335 1113 2373 ita
1130 2336 1195 2373 Reg.
1220 2343 1247 2365 et
1260 2337 1354 2370 Basil.,
1369 2342 1396 2365 et
1413 2337 1453 2364 sic
1475 2338 1538 2373 legit
1559 2337 1681 2366 Nannius
1698 2339 1743 2372 qui

962 2372 1040 2408 vertit
1055 2377 1080 2408 et
1094 2370 1313 2404 Procuratorem,
1327 2377 1354 2399 et
1369 2370 1626 2401 similiterVHilarius
1638 2374 1685 2408 qui
1701 2370 1748 2401 lia-

962 2407 1015 2437 bet,
1028 2411 1052 2433 et
1065 2406 1237 2435 Proviaorem.
1254 2408 1280 2434 In
1294 2408 1374 2435 editis
1387 2409 1437 2434 hoc
1451 2409 1551 2435 deerat.
1564 2406 1662 2435 Ibidem
1677 2409 1745 2435 haec.

961 2440 991 2474 ἐξ
1011 2439 1041 2468 οὗ
1063 2442 1097 2469 τὰ
1112 2443 1200 2469 πάντα
1216 2444 1315 2470 absunt
1328 2451 1343 2470 τι
1361 2443 1492 2472 Socrate,
1504 2443 1575 2470 Infra
1590 2447 1651 2478 post
1667 2443 1700 2469 δι’
1715 2441 1746 2470 o’u

961 2477 995 2503 τὰ
1010 2477 1107 2508 πάντα,
1121 2478 1200 2505 habet
1215 2478 1350 2509 Socrates,
1366 2478 1482 2512 ἐγένετο.

963 2512 1052 2574 Πρδ)
1069 2512 1131 2540 Haec
1143 2513 1195 2548 πρὸ
1212 2514 1265 2539 τῶν
1281 2512 1386 2540 αἰώνων
1402 2521 1454 2539 non
1470 2513 1659 2548 exprimuntur
1672 2513 1745 2548 apud

987 2556 994 2574 ι
1008 2555 1105 2574 arium.

987 2548 1105 2574 ilarium.

998 2582 1054 2617 (77)
1068 2582 1112 2610 Sic
1125 2582 1190 2617 Reg.
1205 2587 1232 2610 et
1243 2583 1319 2610 Socr.
1336 2582 1418 2618 Editi.
1434 2584 1465 2609 ἐκ
1479 2583 1592 2618 Κυρίου.
1604 2583 1664 2610 Mox
1679 2583 1746 2615 ζῶν-

962 2626 995 2644 τα
1006 2637 1014 2649 ,
1031 2625 1085 2644 non
1101 2618 1261 2652 exprimitur
1276 2618 1348 2652 apud
1370 2617 1512 2644 Hilarium.
1524 2617 1527 2618 ⁷
1538 2618 1614 2645 Socr.
1639 2619 1745 2652 σοφίαν,

963 2653 1370 2689 ζῳήν.γοιγΗίΙει-εᾷεαρὶεηιὶανη,
1388 2654 1480 2680 vitam.
1494 2652 1579 2681 Paulo
1592 2659 1653 2689 post
1667 2652 1744 2683 Socr.

962 2687 1020 2714 ὁδὸν
1033 2688 1172 2720 ἀληθείας.
1185 2687 1303 2716 Hilarius
1315 2689 1384 2715 viam
1398 2697 1495 2716 verum.

999 2723 1054 2758 (78)
1070 2723 1159 2759 Socr“
1173 2723 1222 2759 τὴν
1239 2724 1287 2758 τῆς
1305 2723 1441 2759 θεότητος.

999 2759 1055 2791 (79)
1069 2758 1107 2794 lita
1125 2758 1189 2793 Heg.
1202 2758 1235 2794 et,
1245 2758 1320 2786 Socr.
1334 2758 1402 2794 Editi
1420 2766 1493 2791 vero,
1508 2759 1556 2794 τῆς
1570 2760 1692 2791 κτίσεως.

1001 2794 1055 2828 (80)
1071 2793 1116 2820 Sit:
1135 2794 1214 2821 habet
1230 2793 1363 2820 Hilarius:
1377 2793 1409 2819 lL'l
1426 2803 1508 2827 agnus
1523 2793 1610 2828 ﬂictus
1624 2801 1671 2825 est,
1691 2803 1745 2820 me»

966 2828 1055 2855 diutor
1072 2828 1118 2856 Dei
1135 2834 1157 2856 et
1173 2830 1306 2856 hominum
1319 2829 1518 2863 ,u‘a'dcslitmlus
1533 2830 1593 2859 ﬁdei
1610 2835 1725 2857 nasum.
