1974 3037
95 145 147 174 725

787 143 831 170 DE
849 142 1002 171 SYNODIS.

1655 141 1706 170 726

93 203 141 229 καὶ
148 203 271 238 νεκροὺς,
281 203 328 229 καὶ
350 201 465 237 μένοντα
479 202 518 233 εἰς
529 202 592 233 τοὺς
607 201 715 233 αίῶνας·
733 202 780 228 κα).
793 203 831 234 είς
849 202 879 228 τὸ

936 208 987 230 Lum
1010 207 1132 231 sanctum
1147 223 1155 235 ,
1183 201 1391 234 consolatorem,
1421 199 1550 235 Spiritum
1575 201 1706 234 veritatis,

94 248 208 284 Πνεῦμα
222 248 307 281 ἆγιον,
322 247 366 273 τὸν
379 247 566 282 Παράκλητον,
584 247 614 273 τὸ
628 247 737 282 πνεῦμα
751 248 800 283 τῆς
812 248 878 283 ἀλη-

94 293 211 326 θείας,οὸ
225 293 271 320 καὶ
293 292 336 318 διὰ
350 292 396 319 τοῦ
420 293 560 328 προφήτου
578 292 759 328 ἐπηγγείλατο
783 294 797 319 ὁ
813 293 879 324 Θεὸς

93 338 198 373 ὲκχέειν
212 338 259 364 ἐπὶ
269 338 331 368 τοὺς
344 337 440 363 ἑαυτοῦ
457 337 574 369 δούλους,
590 338 638 364 καὶ
652 339 665 364 ό
681 337 781 373 Κύριος
795 339 880 373 ἐπηγ-

92 384 201 419 γείλατο
215 384 320 419 πέμψαι
341 385 397 416 τοῖς
415 384 510 411 ἑαυτοῦ
537 384 679 419 μαθηταῖς,
697 384 710 410 ὃ
732 385 777 410 καὶ
796 384 880 419 ἐπεμ-

91 430 153 465 ψεν,
167 429 205 461 ὡς
218 431 245 457 αἰ
267 430 385 465 Πράξεις
400 431 453 457 τῶν
467 430 621 457 ἀποστόλων
638 431 829 466 μαρτυροῦσιν.
848 431 880 457 Et

92 477 121 503 δέ
131 485 172 508 τις
187 476 261 511 παρὰ
277 476 378 511 ταύτην
403 477 452 511 τὴν
474 477 564 502 πίστιν
586 476 715 508 διδάσκει,
747 477 763 511 ἦ
780 476 835 512 ἔχει
851 478 879 504 ὲν

93 522 192 557 ἑαυτῷ,
207 522 330 557 ἀνάθεμα
356 522 434 548 ἔστω·
460 523 507 549 καὶ
535 523 695 557 Μαρκέλλου
714 522 761 549 τοῦ
783 523 880 557 Ἀγκύ-

95 575 155 601 ρας,
172 566 353 602 ῆὺὸελλίου,
373 567 396 601 ἢ
419 567 525 594 Παύλου
542 567 589 594 τοῦ
607 568 795 602 Σαμοσατέως,
820 569 882 595 ἀνά-

94 613 166 648 Θεμα
185 613 253 639 ἔστω
279 613 325 640 καὶ
351 613 442 645 αὐτὸς,
470 613 518 640 καὶ
537 614 636 645 πάντες
655 614 679 640 οί
693 614 881 647 κοινωνοῦντες

94 659 171 694 αὐτῷ
187 659 254 694 (90).
262 669 270 684 ι

129 703 175 730 25.
186 703 240 739 (91)
255 702 344 730 Ἦσαν
353 703 381 729 δὲ
392 704 418 730 οἱ
431 703 601 735 συνελθόντες
612 705 639 731 ὲν
654 706 709 736 τοῖς
723 705 882 739 Ἐγκαινίοις

94 748 240 775 ἐπίσκοποι
266 749 438 784 ἐνενήκοντα,
470 749 587 785 ὑπατείᾳ
620 750 805 785 Μαρκελλίνου
837 752 883 778 καὶ

96 795 242 829 Προὸίνου,
255 795 415 826 ὶνόικτιῶνος
425 795 464 828 ιδ’,
477 796 535 822 ἐκεῖ
549 795 624 828 ὄντος
637 796 823 823 Κωνοταντίου
836 796 882 823 τοῦ

93 843 286 869 ἀσεὸεστάτου.
302 842 394 869 Ταῦτα
422 842 575 878 πράξαντες
606 844 634 869 ὲν
654 843 803 879 Ἀντιοχείᾳ
828 845 884 875 τοῖς

100 888 276 922 Ἐγκαινίοις,
292 887 451 922 νομίσαντες
478 888 507 915 δὲ
523 888 560 924 μὴ
571 888 680 920 τελείως
696 889 878 924 γεγραφέναι,
900 879 920 907 Β

93 934 268 970 ρεμδομένην
281 935 309 961 δὲ
320 935 369 970 τὴν
381 935 499 961 διάνοιαν
509 934 626 969 ἔχοντες,
642 933 719 966 αὖθις
730 935 810 962 πάλιν
824 944 881 962 συν-

92 979 216 1007 τιθέασιν
226 981 290 1007 ἄλλο
302 981 417 1016 γράμμα
433 980 512 1016 δῆθεν
533 981 597 1016 περὶ
609 981 725 1013 πίστεως
750 981 818 1016 μετὰ
833 981 884 1017 μῆ-

91 1035 144 1057 νας
174 1026 290 1060 ὀλίγους,
321 1028 368 1053 καὶ
391 1026 599 1054 ἀποστέλλουσιν
626 1028 665 1059 είς
697 1027 746 1059 τὰς
772 1027 884 1060 Γαλλίας

92 1072 261 1108 Νάρκισσον,
277 1073 377 1109 Μάριν,
390 1073 526 1108 Θεόδωρον
548 1073 595 1100 καὶ
614 1073 737 1109 Μάρκον.
756 1074 884 1101 Κάκεῖνοι

93 1119 133 1150 ὡς
144 1119 199 1145 ἀπὸ
212 1119 321 1146 συνόδου
338 1119 507 1154 πεμφθέντες
524 1119 700 1146 ἐπιδεδώκασι
717 1119 755 1155 τῷ
769 1120 818 1154 τῆς
834 1129 884 1155 μα-

93 1165 195 1200 καρίας
212 1165 322 1200 μνήμης
345 1165 503 1192 Κώνσταν-τι
524 1165 563 1200 τῷ
591 1165 747 1201 Αὐγούστῳ,
762 1166 810 1192 καὶ
829 1168 884 1199 τοῖς

93 1211 155 1237 ἐκεῖ
168 1211 245 1242 πᾶσι.
257 1211 341 1237 ταῦτα
351 1219 358 1225 ·

135 1256 191 1291 (92)
207 1266 216 1282 ι
231 1257 399 1292 Πιστεύομεν
413 1257 453 1288 είς
469 1258 517 1285 ἕνα
532 1257 598 1285 Θεὸν
611 1258 677 1294 (95),
695 1258 804 1293 Πατέρα
817 1266 884 1284 παν-

93 1303 259 1339 τοκράτορα,
279 1303 391 1339 κτίστην
408 1304 455 1330 καὶ
469 1304 584 1339 ποιητὴν
604 1304 658 1331 τῶν
674 1305 792 1336 πάντων,
807 1304 836 1336 ἐξ
854 1301 884 1331 οὗ

94 1349 173 1375 πᾶσα
200 1348 303 1384 πατριὰ
321 1351 349 1375 ὲν
379 1349 501 1384 οὐρανοῖς
521 1350 567 1376 καὶ
584 1350 629 1375 ἐπὶ
646 1350 697 1384 γῆς
711 1349 882 1384 ὀνομάζεται·

95 1396 146 1422 καὶ
159 1396 198 1427 εἰς
211 1396 257 1422 τὸν
272 1396 403 1430 μονογενῆ
416 1396 499 1422 αὑτοῦ
530 1396 593 1422 Υίὸν
616 1397 660 1422 τὸν
686 1396 787 1431 Κύριον
806 1396 884 1431 ἡμῶν

100 1441 207 1477 Ἰησοῦν
225 1441 352 1477 Χριστὸν,
364 1442 409 1468 τὸν
422 1442 474 1478 πρὸ
486 1442 594 1468 πάντων
607 1442 660 1468 τῶν
677 1442 781 1470 αἰώνων
796 1444 827 1469 ἐκ
838 1443 883 1469 τοῦ

94 1487 205 1523 Πατρὸς
218 1487 390 1522 γεννηθέντα·
417 1487 482 1514 Θεὸν
504 1489 536 1515 ὲκ
556 1488 633 1519 Θεοῦ,
653 1488 710 1522 φῶς
734 1490 765 1515 ἐκ
786 1489 882 1523 φωτός’

93 1533 130 1560 δι’
145 1530 175 1561 οὗ
191 1533 298 1568 ἐγένετο
314 1533 348 1560 τὰ
361 1533 448 1560 πάντα
463 1535 557 1566 ἐντοῖς
573 1534 696 1570 οὐρανοῖς
711 1535 756 1562 καὶ
773 1535 819 1561 ἐπὶ
836 1535 884 1569 τῆς

94 1580 150 1614 γῆς
165 1580 232 1615 (94),
245 1580 279 1606 τὰ
291 1581 376 1616 ὁρατὰ
391 1581 436 1607 καὶ
457 1580 490 1606 τὰ
505 1580 616 1616 ἀόρατον
641 1581 727 1614 Λόγον
747 1581 820 1611 ὄντα,
840 1581 886 1607 καὶ

96 1624 206 1658 σοφίαν,
222 1624 268 1650 καὶ
286 1624 410 1659 δύναμιν,
431 1625 477 1651 καὶ
491 1624 573 1660 ζωὴν,
601 1626 647 1651 καὶ
667 1625 723 1659 φῶς
750 1626 884 1661 ἀληθινόν·

95 1670 145 1697 τὸν
159 1670 202 1696 ἐπ’
221 1671 341 1705 ἐσχάτων
363 1670 415 1696 τῶν
445 1671 555 1706 ἡμερῶν
576 1671 610 1697 δι’
625 1672 698 1706 ἡμᾶς
716 1671 888 1707 ἐνανθρωπή-

97 1725 197 1748 σαντα,
218 1717 264 1743 καὶ
274 1717 435 1752 γεννηθέντα
457 1718 489 1743 ἐκ
500 1719 548 1752 τῆς
574 1717 654 1751 ἁγίας
672 1717 819 1753 Παρθένου,
843 1718 888 1743 τὸν

96 1763 302 1799 σταυρωθέντα,
315 1765 361 1791 καὶ
376 1763 554 1797 ἀποθανόντα,
569 1765 615 1791 καὶ
628 1764 756 1799 ταφέντα·
769 1765 814 1791 καὶ
825 1765 888 1791 ἁνα-

97 1809 203 1836 στάντα
213 1811 244 1836 ἐκ
260 1811 363 1846 νεκρῶν
375 1812 409 1846 τῇ
421 1811 500 1847 τρίτῃ
516 1812 617 1847 ἡμέρᾳ,
630 1812 677 1839 καὶ
701 1812 888 1847 ἀναληφθέντα

95 1857 142 1887 εἰς
156 1855 269 1890 οὐρανὸν
285 1857 351 1892 (95),
366 1858 412 1884 καὶ
438 1858 605 1885 καθεσθέντα
628 1859 656 1885 ἐν
679 1858 752 1894 δεξιᾷ
774 1858 820 1885 τοῦ
838 1859 889 1885 I11—

96 1901 174 1937 τρός·
190 1902 237 1929 καὶ
249 1902 395 1937 ἐρχόμενον
405 1904 450 1929 ἐπὶ
466 1903 604 1939 συντελείᾳ
625 1903 672 1930 τοῦ
687 1903 783 1935 αἰῶνος
799 1905 888 1939 κρῖναι

96 1948 205 1981 ζῶντας
222 1948 268 1974 καὶ
280 1950 401 1984 νεκροὺς,
423 1949 468 1976 καὶ
495 1949 638 1977 ἀποδοῦναι
651 1949 758 1984 ἑκάστῳ
770 1949 840 1975 κατὰ
855 1948 889 1975 τὰ

97 1993 171 2029 ἔργα
185 1993 278 2019 αὑτοῦ·
289 1990 320 2019 οὗ
336 1995 352 2029 ἡ
369 1994 490 2028 βασιλεία
502 1994 669 2026 ἀκατάλυτος
684 1994 738 2029 (96)
754 1991 820 2020 οὖσα
833 1993 889 2019 δια-

98 2040 179 2075 μένει
195 2040 234 2071 εἰς
250 2040 313 2071 τοὺς
331 2040 459 2076 ἀπείρους
474 2041 582 2072 αἰῶνας.
601 2041 696 2067 Ἔσται
715 2039 769 2075 γὰρ
780 2039 890 2071 καθεζό-

99 2094 184 2120 μενος
206 2086 235 2112 ἐν
258 2086 331 2121 δεξιᾷ
345 2087 391 2113 τοῦ
409 2087 524 2122 Πατρὺς,
551 2087 580 2113 οὐ
601 2086 680 2121 μόνον
702 2087 730 2112 ὲν
746 2085 786 2120 τῷ
812 2085 889 2112 αἰῶνι

96 2131 200 2166 τούτῳ,
215 2131 282 2157 ἀλλὰ
297 2132 343 2158 καὶ
356 2132 384 2158 ὲν
413 2133 451 2167 τῷ
470 2132 601 2168 pingi/tt"
616 2133 662 2159 καὶ
691 2134 730 2164 είς
761 2131 791 2158 τὸ
813 2131 889 2165 ἆγιον

99 2177 226 2212 Πνεῦμα,
243 2178 374 2209 τουτέστι,
387 2178 432 2205 τὸν
449 2178 625 2215 Παράκλητον
641 2179 705 2214 (97)·
725 2179 792 2213 ὅπερ
806 2179 890 2211 ἐπαγ-

98 2222 261 2257 γειλάμενος
278 2224 332 2254 τοῖς
349 2223 514 2254 ἀποστόλοις,
531 2223 600 2258 μετὰ
626 2223 675 2258 τὴν
699 2224 738 2254 εἰς
761 2222 889 2257 οὐρανοὺς

98 2267 184 2293 αὐτοῦ
201 2266 292 2294 ἄνοδον
305 2267 457 2298 ἀπέστειλε,
472 2268 573 2301 διδάξαι
596 2269 692 2300 αὐτοὺς
706 2269 751 2295 κα)¹
767 2268 886 2303 ὑπομνῆ-

100 2322 149 2341 σαι
162 2315 260 2341 πάντα”
277 2315 310 2341 δι’
326 2312 356 2340 οὗ
370 2316 416 2342 καὶ
431 2315 638 2350 ἁγιαοθήοονται
661 2315 688 2342 αἱ
702 2315 757 2341 τῶν
775 2315 887 2350 εἰλικρι-

139 2383 150 2395 "
166 2381 224 2409 Joel
244 2390 280 2414 tl,
295 2378 344 2409 '28.
382 2384 392 2398 ν
410 2382 486 2409 Joan.
504 2391 549 2414 xv,
565 2382 609 2408 26.
648 2382 669 2398 "‘
688 2381 747 2409 Act.
766 2388 795 2408 ιι.

139 2461 196 2500 (90)
209 2460 282 2500 Post
304 2461 363 2500 haec
384 2459 738 2500 addiderunt_Parisienses
752 2458 785 2486 de
800 2466 884 2490 more,

100 2494 191 2522 ταῦτα
206 2495 368 2531 Θεοφρόνιος
381 2516 388 2527 ,
403 2504 465 2530 quae
488 2503 541 2522 non
555 2495 689 2522 habentur
712 2494 740 2520 in
753 2501 819 2520 mss.
837 2500 887 2520 nec

100 2531 158 2558 nisi
173 2531 277 2563 Latine,
295 2531 323 2557 in
340 2531 404 2559 edit.
419 2531 524 2557 Comm.

141 2566 198 2602 (91)
218 2565 255 2593 De
269 2561 314 2602 his
333 2567 394 2593 vide
421 2566 527 2592 Socrat.
553 2565 694 2602 lih.»il,‘c.
711 2562 755 2597 18,
775 2561 884 2590 Sozom.

100 2599 154 2629 lib;
172 2599 211 2634 ui,
229 2609 252 2627 c.
266 2601 293 2630 5.
311 2606 338 2628 et
351 2609 411 2634 quze
425 2601 544 2627 diximus
559 2602 585 2627 in
600 2599 709 2626 Monilo.

142 2636 200 2668 (92)
226 2635 328 2668 Quarta
357 2637 416 2663 tidei
451 2636 566 2662 formula
597 2635 696 2668 scripta
726 2640 797 2660 anno
821 2633 882 2659 3M.

140 2672 196 2707 (95)
217 2670 246 2698 ln
266 2671 331 2707 edit.
347 2671 505 2707 Parisiens,
521 2671 681 2707 praepositus
696 2669 745 2694 fuit
762 2668 805 2707 hic
819 2668 884 2694 titu-

98 2703 158 2739 lus,
171 2703 251 2746 ἑτέρα
270 2706 384 2746 πίστεως
397 2703 534 2746 ὁμολογία,
551 2703 663 2746 quinnon
673 2708 764 2746 leas-tat
776 2703 883 2746 in’lHS-S.

98 2737 156 2770 nec
172 2737 225 2769 nisi
243 2741 337 2768 Latine
352 2737 379 2769 in
391 2737 455 2769 edit.
472 2737 577 2768 Comm.
596 2740 657 2767 lla'c
672 2739 732 2766 iidei
749 2737 885 2765 confessio

100 2778 221 2808 habetur
234 2776 305 2810 apud
328 2776 404 2803 Socr.
422 2776 466 2802 lib.
485 2785 519 2809 ιι,
535 2785 559 2802 c.
576 2776 619 2802 18.
637 2775 670 2801 Ει
684 2774 754 2808 apud
772 2772 882 2810 Nieeph.

99 2807 152 2839 lih.
165 2821 201 2843 Ix,
215 2819 240 2838 c.
252 2807 297 2838 '10.
317 2811 394 2837 Socr.
411 2811 436 2836 in
450 2807 740 2846 cditiChristoplioris”
755 2807 883 2846 mmedio.

99 2849 132 2875 in
159 2847 311 2879 Valesiana,
330 2846 502 2881 πιστεύομεν.
524 2847 592 2873 Infra
623 2842 685 2880 [ξος.
704 2844 780 2871 Socr.
797 2848 822 2870 et
840 2842 885 2869 Ni‘

929 257 1010 284 quem
1028 257 1076 284 per
1095 248 1254 284 prophetam
1277 247 1401 282 promisit
1425 246 1497 275 Deus
1515 255 1544 274 se
1558 247 1707 276 eﬂ‘usurum

930 303 1012 330 super
1026 303 1119 323 servos
1133 303 1198 322 suos
1209 295 1231 327 ⁸,
1247 298 1273 321 et
1287 294 1417 322 Dominus
1428 294 1552 329 promisit
1563 302 1593 322 se
1607 296 1708 323 missu-

929 349 989 368 rum
1006 341 1063 369 suis
1076 341 1215 376 discipulis
1227 341 1248 373 ',
1265 348 1345 375 quem
1361 341 1442 368 etiam
1458 340 1548 373 misit,
1565 345 1593 368 ut
1606 345 1708 369 testan-

930 390 975 413 tur
994 387 1178 421 apostolorum
1194 386 1260 414 Acta
1276 387 1307 414 ¹⁶.
1338 386 1365 414 Si
1390 387 1452 421 quis
1467 392 1556 415 autem
1570 389 1708 423 quidpiam

930 439 1027 466 praeter
1043 433 1113 460 hanc
1135 433 1213 460 ﬁdem
1232 433 1326 465 docet,
1342 438 1388 460 aut
1399 434 1468 461 intra
1484 442 1513 462 se
1527 435 1608 462 sentit
1621 455 1628 468 ,
1644 443 1708 462 ana-

930 479 1022 506 thema
1047 484 1114 507 esto.
1149 479 1181 506 Et
1206 479 1252 514 qui
1277 487 1338 506 cum
1361 479 1486 507 Marcello
1505 480 1638 516 Ancyrae,
1663 487 1709 509 aut

932 524 1049 552 Sabellio
1060 546 1068 558 ,
1085 525 1127 552 vel
1142 524 1225 552 Paulo
1240 525 1422 552 Samosatensi
1443 526 1524 553 sentit
1536 546 1543 557 ,
1566 527 1709 555 anathema

932 571 955 599 is
971 579 1079 606 quoque
1091 571 1135 603 sit,
1151 575 1178 598 ct
1187 571 1342 606 quicunque
1358 579 1418 598 cum
1431 578 1464 598 eo
1479 574 1707 601 communicant.)

934 717 936 719 '
969 712 1013 739 25.
1031 712 1115 739 Porro
1125 712 1171 747 qui
1188 711 1222 739 ad
1240 711 1368 739 Encaania
1381 717 1565 739 convenerant
1581 713 1711 748 episcopi,

934 758 1080 793 nonaginta
1096 765 1210 784 numero
1233 760 1320 788 erant,
1339 764 1411 784 coss.
1435 756 1591 784 Marcellino
1605 762 1632 784 et
1646 756 1713 785 Pro-

935 804 1010 835 hino,
1027 803 1175 830 indictione
1190 803 1234 835 M,
1248 810 1309 829 cum
1324 802 1361 830 ibi
1374 807 1446 830 esset
1456 803 1634 838 impiissimus
1643 803 1714 835 Con-

935 850 1062 877 stantius.
1079 848 1141 876 Haec
1153 856 1215 876 cum
1229 848 1380 875 Antiochiae
1390 847 1579 876 Enczeniorum
1594 853 1716 884 tempore

937 896 1097 931 gessissent,
1115 895 1168 922 rati
1194 902 1223 922 se
1252 894 1372 921 nondum
1399 894 1517 929 perfecte
1537 894 1615 922 [idem
1636 903 1715 922 suam

935 942 1089 976 Scripsisse,
1110 945 1202 975 utpote
1222 939 1362 967 ﬂuctuanti
1378 945 1468 967 mente
1483 940 1588 974 przediti
1605 949 1613 973 ;
1642 941 1716 968 aliud

935 987 1025 1014 denuo
1051 986 1134 1013 edunt
1153 986 1186 1013 de
1207 985 1259 1012 [ide
1275 985 1436 1019 rescriptum
1457 986 1551 1020 paucis
1568 985 1716 1020 interjectis

935 1032 1076 1060 mensibus
1094 1041 1100 1059 :
1117 1037 1198 1066 atque
1218 1030 1389 1062 Narcissum,
1408 1031 1506 1063 Marin,
1530 1030 1715 1063 Theodorum,

934 1083 961 1105 ct
984 1078 1104 1106 Marcum
1126 1078 1154 1105 in
1175 1077 1276 1106 Gallias
1298 1078 1408 1106 mittunt
1426 1087 1433 1104 :
1461 1077 1507 1112 qui
1523 1077 1606 1112 quasi
1634 1085 1649 1104 a
1672 1084 1717 1112 sy-

935 1123 1006 1151 nodo
1024 1124 1116 1159 legati,
1135 1124 1193 1151 haec
1207 1124 1294 1152 beatae
1315 1124 1453 1152 memoriae
1467 1124 1609 1151 Constanti
1622 1125 1715 1159 Augu-

935 1175 987 1203 sto,
1002 1177 1029 1198 et
1040 1171 1146 1199 caateris
1161 1171 1207 1206 qui
1221 1171 1344 1203 aderant,
1365 1171 1534 1198 tradiderunt
1548 1179 1554 1197 ε

973 1269 982 1285 ‹
994 1259 1138 1287 Credimus
1161 1259 1187 1286 in
1207 1267 1293 1286 unum
1311 1259 1407 1292 Deum,
1420 1257 1527 1285 Patrem
1544 1259 1716 1292 omnipoten-

936 1310 1001 1337 tem,
1018 1306 1187 1333 conditorem
1208 1311 1235 1333 et
1247 1306 1376 1332 factorem
1397 1306 1530 1337 omnium,
1546 1313 1577 1332 ex
1590 1313 1645 1339 quo
1659 1312 1718 1331 om-

934 1351 977 1378 nis
1002 1351 1152 1385 paternitas
1168 1351 1194 1377 in
1217 1351 1294 1377 melis
1308 1355 1335 1377 et
1353 1351 1379 1376 in
1396 1355 1467 1377 terra
1494 1350 1658 1378 nominatur.
1685 1349 1719 1377 Ει

936 1397 963 1423 in
980 1397 1149 1431 unigenitum
1165 1396 1225 1431 ejus
1252 1395 1350 1423 Filium
1369 1395 1513 1423 Dominum
1534 1400 1656 1423 nostrum
1674 1394 1719 1422 Je-

936 1451 996 1470 sum
1022 1443 1162 1470 Christum
1176 1461 1185 1475 ,
1208 1446 1271 1469 ante
1290 1441 1382 1469 omnia
1404 1442 1502 1469 saecula
1519 1449 1552 1468 ex
1569 1441 1649 1468 Patre
1669 1449 1718 1468 na-

936 1493 993 1516 tum
1012 1497 1018 1520 ;
1037 1488 1120 1515 Deum
1141 1496 1173 1515 ex
1187 1487 1253 1520 Deo,
1270 1489 1359 1515 lumen
1374 1495 1406 1515 ex
1422 1488 1524 1515 lumine
1541 1496 1547 1519 ;
1565 1495 1612 1522 per
1635 1495 1717 1522 quem

899 1548 920 1575 (ι
936 1536 1028 1564 omnia
1044 1535 1115 1564 facta
1137 1540 1201 1563 sunt
1214 1536 1242 1562 in
1256 1535 1333 1562 caelis
1353 1539 1380 1562 et
1405 1535 1432 1561 in
1449 1539 1520 1561 terra
1537 1554 1544 1565 ,
1560 1533 1675 1562 risibilia
1690 1539 1717 1561 et

937 1582 1084 1610 invisibilia
1102 1591 1108 1615 ;
1127 1582 1172 1617 qui
1190 1586 1232 1609 est
1256 1581 1384 1612 Verbum,
1403 1581 1546 1615 sapientia,
1571 1581 1690 1615 potentia
1709 1600 1717 1611 ,

937 1629 991 1655 vita
1006 1634 1032 1655 et
1047 1628 1091 1655 lux
1107 1635 1182 1655 vera.
1197 1627 1249 1660 Qui
1271 1627 1298 1654 in
1319 1626 1477 1654 novissimis
1494 1626 1591 1653 diebus
1607 1630 1718 1660 propter

937 1682 988 1701 nos
1013 1673 1095 1701 homo
1122 1673 1220 1704 factus,
1239 1677 1264 1700 et
1283 1677 1365 1699 natus
1380 1676 1422 1699 est
1437 1680 1470 1699 ex
1487 1676 1581 1699 sancta
1597 1671 1717 1707 Virgine,

937 1718 1085 1745 cruciﬁxus
1099 1718 1192 1749 etiam,
1211 1721 1335 1744 mortuus
1358 1721 1384 1743 et
1398 1716 1520 1751 sepultus
1543 1721 1605 1749 est;
1628 1721 1654 1743 et
1674 1723 1718 1743 re-

938 1764 1058 1792 surrexit
1071 1771 1103 1790 ex
1124 1764 1239 1790 mortuis
1254 1763 1332 1790 tertia
1350 1762 1404 1795 die,
1419 1767 1445 1789 et
1460 1766 1617 1796 assumptus
1637 1765 1679 1789 cst
1690 1762 1717 1788 in

938 1812 1049 1844 coelum,
1067 1811 1196 1846 sedetque
1211 1811 1244 1838 ad
1265 1811 1404 1837 dexteram
1419 1809 1518 1836 Patris.
1541 1808 1574 1835 Et
1589 1813 1720 1835 venturus

938 1860 978 1884 est
1003 1856 1031 1883 in
1057 1856 1293 1884 consummatione
1320 1855 1412 1882 smculi
1436 1854 1560 1889 judicare
1584 1853 1661 1880 vivos
1693 1857 1721 1879 et

938 1905 1060 1929 mortuos
1074 1922 1081 1934 ,
1107 1905 1134 1928 et
1155 1901 1267 1928 reddere
1292 1899 1441 1934 unicuique
1460 1899 1609 1926 secundum
1637 1906 1720 1932 opera

939 1954 989 1974 sua
1005 1956 1012 1980 ;
1026 1946 1104 1981 cujus
1123 1953 1236 1982 regnum
1255 1945 1460 1972 interminatum
1477 1947 1618 1978 permanet
1635 1943 1662 1969 in
1679 1943 1721 1969 in-

939 1992 1014 2019 linita
1039 1991 1148 2019 saecula.
1175 1991 1284 2018 Sedebit
1307 1990 1379 2018 enim
1404 1989 1438 2017 ad
1462 1988 1601 2016 dexteram
1619 1988 1720 2019 Patris,

939 2047 992 2066 non
1008 2038 1096 2065 solum
1113 2038 1139 2064 in
1155 2037 1206 2064 hoc
1221 2037 1331 2068 saeculo,
1352 2037 1399 2064 sed
1424 2037 1504 2063 etiam
1527 2035 1553 2062 in
1570 2035 1669 2061 futuro.
1687 2033 1720 2060 Et

939 2085 966 2111 in
993 2084 1124 2119 Spiritum
1142 2089 1277 2115 sanctum,
1301 2083 1328 2109 id
1350 2087 1402 2114 est,
1421 2081 1589 2108 Paracletum
1608 2089 1615 2113 ;
1638 2087 1719 2114 quem
1734 2078 1743 2084 '

940 2130 1070 2164 apostolis
1086 2129 1232 2165 pollicitus,
1248 2133 1310 2163 post
1325 2136 1406 2155 suum
1427 2127 1459 2154 ad
1476 2127 1560 2154 caelos
1577 2133 1719 2153 ascensum

941 2174 1025 2205 misit,
1044 2178 1073 2200 ut
1101 2174 1210 2201 doceret
1240 2174 1302 2200 illos
1328 2178 1355 2200 et
1375 2177 1528 2208 suggereret
1545 2170 1657 2202 omnia;
1675 2177 1721 2204 per

906 2216 927 2244 D
943 2228 1024 2254 quem
1049 2220 1129 2245 etiam
1151 2219 1393 2246 sanctiﬁcabuntur
1416 2218 1513 2244 anima:
1537 2216 1644 2243 illorum
1674 2214 1721 2248 qui

940 2267 1046 2294 sincere
1074 2267 1099 2293 in
1130 2266 1218 2301 ipsum
1238 2265 1411 2294 crediderint.
1428 2264 1490 2291 lllos
1509 2268 1598 2290 autem
1618 2261 1664 2296 qui
1679 2260 1722 2287 di-

941 2319 1017 2345 cunt,
1036 2322 1069 2341 cx
1083 2321 1137 2340 non
1156 2313 1326 2340 exstantibus
1346 2311 1456 2344 Filium,
1469 2315 1515 2337 aut
1534 2318 1568 2337 ex
1586 2309 1639 2335 alia
1657 2307 1722 2335 sub-

936 2457 1013 2491 ceph.
1027 2477 1034 2489 ,
1061 2454 1174 2490 ποιητὴν
1198 2454 1251 2480 τῶν
1277 2453 1393 2480 πάντων.
1422 2451 1511 2484 Editi,
1531 2451 1643 2487 ποιητὴν
1666 2451 1721 2478 τῶν

936 2492 1029 2561 alia}
1051 2525 1096 2552 Sic
1110 2524 1175 2559 Reg.
1186 2523 1270 2561 Socr.
1286 2523 1397 2561 lfliccph.
1413 2526 1439 2549 et
1455 2522 1519 2548 edit.
1537 2521 1624 2548 Paris.
1641 2521 1713 2548 Edit.

935 2559 1041 2589 Comm.
1058 2561 1137 2593 male,
1152 2559 1261 2594 καὶτῆς
1273 2559 1332 2594 γῆς.
1407 2593 1412 2594 γ
1449 2592 1455 2594 ⁵
1483 2592 1488 2594 ἒ
1519 2591 1545 2594 __
1618 2585 1629 2594 __

973 2597 1028 2631 (95)
1050 2591 1134 2631 Socr;
1144 2599 1171 2621 et
1189 2591 1314 2631 Nic-ephi,
1335 2593 1382 2631 καὶ
1401 2591 1581 2631 ἀνεληλυθοῖα
1602 2591 1720 2631 εξςκτρίζς

937 2626 1078 2667 οὐρανούς.
1103 2629 1169 2667 Μοξ
1184 2626 1265 2667 iidem
1288 2635 1314 2655 et
1331 2628 1413 2667 βεδε..
1445 2626 1620 2667 καθεσθέντα.
1638 2626 1719 2666 Editi',

938 2661 1128 2708 καθεζόμενον.
1153 2664 1238 2692 Paulo
1254 2669 1315 2698 post
1331 2662 1435 2690 Socrat.
1451 2668 1477 2689 et
1491 2661 1647 2697 Nicephor.,
1666 2661 1719 2686 τῶν

959 2711 966 2728 ι
990 2711 997 2720 ι
1029 2709 1053 2727 ν.

939 2711 956 2728 α
968 2711 1032 2769 iiii?)
1053 2735 1158 2762 Socr-at.
1174 2739 1199 2761 ct
1215 2734 1370 2768 Nicephor.,
1387 2733 1604 2769 ἀκατάπαυστος.

976 2766 1030 2806 (97)
1052 2771 1159 2797 Socrat.
1177 2766 1362 2806 etrNicc'phor.
1375 2790 1382 2800 ,
1402 2769 1446 2794 καὶ
1462 2769 1501 2799 εἰς
1514 2768 1543 2794 το
1560 2766 1672 2801 Πνεῦμα
1687 2766 1729 2794 τοι

939 2803 1026 2838 ἅγιον,
1040 2805 1174 2837 τουτέστι,
1191 2805 1236 2831 τὸν
1250 2803 1436 2839 Παράκλητον.
