1974 3037
167 130 220 159 ’729

854 131 899 158 DE
919 130 1065 158 SYNODIS

1734 127 1786 157 7'5)

163 190 195 216 οὒ
221 177 346 224 βουλήσει
371 188 430 215 οὐδὲ
453 187 560 223 θελήσει
589 188 718 223 ἐγέννησε
740 188 754 215 δ
784 188 879 224 Πατὴρ
908 189 952 216 τὸν

1012 194 1076 216 :tum
1094 197 1101 216 :
1122 193 1169 216 aut
1182 188 1332 223 ingenitum
1347 196 1407 217 esse
1418 188 1516 216 Filium
1534 197 1541 215 :
1557 188 1598 215 vel
1610 187 1717 216 Patrem
1731 196 1785 216 non

165 235 248 265 Υἱὶν,
288 233 478 268 ἀναθεματίζει
506 234 523 268 ἡ
557 232 622 267 ἁγία
651 233 698 259 καὶ
732 232 862 268 καθολικὴ
894 233 955 259 Ἐκ-

166 281 276 316 κλητέα.

203 326 246 353 Ill.
269 336 278 351 ι
289 325 357 352 Οΰτε
368 324 423 362 γὰρ
435 324 464 358 ἐξ
478 325 528 351 οὐκ
540 324 625 352 ὅντων
635 325 681 351 τὸν
688 324 753 351 Υἱὺν
768 324 856 358 λέγειν
873 325 957 359 ἀσφα-

165 371 222 404 λὲς,
236 372 296 397 ἐπεὶ
309 370 434 406 μηδαμοῦ
458 369 537 397 τοῦτο
554 369 609 396 τῶν
628 369 814 397 θεοπνεύστων
841 369 956 404 Γραφῶν

165 418 278 453 φέρεται
291 417 346 452 (l2)
360 417 424 452 περὶ
448 416 542 447 αὐτοῦ,
566 415 628 442 οὒτε
650 415 702 451 μὴν
721 415 751 448 ἐξ
774 416 869 451 ἐτέρας
884 415 956 447 τινὸς

165 463 342 494 ὑποστάσεως
360 462 435 498 παρὰ
448 462 493 488 τὸν
504 461 614 498 Πατέρα
631 462 880 497 προῦποκειμένηςι
899 461 956 487 ἀλλ’

166 511 198 536 ἑκ
212 509 292 545 μόνον
305 508 351 535 τοῦ
366 508 434 535 Θεοῦ
446 508 565 543 γνησίως
576 507 657 534 αὑτὸν
680 507 859 542 γεγεννῆσθαι
872 507 957 542 διορι-

166 555 270 591 ζόμεθα
288 555 353 589 (13)·
375 555 424 581 Ἕν
438 554 492 590 γὰρ
517 554 548 580 τὸ
561 554 706 589 ἀγέννητον
724 554 769 580 καὶ
784 554 900 588 ἄναρχον
911 553 957 579 τὸν

166 600 285 638 Χριστοῦ
299 601 409 636 Πατέρα
422 601 436 627 ὁ
461 600 532 632 θεῖος
556 600 677 626 διδάσκει
694 600 782 634 λόγος.
813 599 884 626 Ἀλλ’
896 598 957 625 οὐδὲ

166 649 208 680 τὸ,
219 646 253 684 ἦν
269 656 344 679 ποτε,
359 648 402 674 ὅτε
412 647 462 673 οὐκ
475 645 520 682 ἦν,
543 646 572 679 ἐξ
588 646 719 682 ἀγράφων
743 644 900 680 ἐπισφαλῶς
915 644 958 670 λέ-

167 701 265 727 γοντας
279 692 346 727 (14),
370 691 494 727 χρονικόν
521 699 548 717 τι
575 691 712 726 διάστημα
740 690 957 726 προενθυμητέον

167 738 261 771 αὑτοῦ,
273 738 329 764 ἀλλ’
344 737 361 772 ἢ
379 737 457 772 μόνον
474 737 519 764 τὸν
540 737 662 772 ἁχρὸνως
688 736 768 763 αὑτὸν
778 736 958 770 γεγεννηκότα

166 784 243 811 Θεόν-
259 784 306 810 κα)¹
323 783 413 818 χρόνοι
429 782 484 818 γὰρ
499 782 545 809 καὶ
560 782 658 814 αἰῶνες
674 782 802 816 γεγόνασι
816 781 848 807 δι’
863 780 955 808 αὐτοῦ.

167 828 236 856 Οὔτε
256 828 309 864 μὴν
322 828 487 863 συνάναρχον
517 828 565 854 καὶ
591 827 786 862 συναγειινητον
810 826 849 862 τῷ
871 826 957 861 Πατρὶ

1006 234 1119 262 arbitrio
1136 242 1187 262 suo
1204 239 1252 261 aut
1270 235 1410 262 Voluntate
1433 234 1560 270 genuisse
1575 233 1673 261 Filium
1689 243 1696 267 ;
1720 241 1787 262 ana-

1007 281 1128 308 themate
1141 280 1204 308 ferit
1219 286 1310 308 sancta
1324 286 1350 308 et
1367 280 1502 308 catholica
1515 279 1644 308 Ecclesia.

1042 325 1083 355 Ill.
1105 335 1114 351 ι
1124 325 1216 360 Neque
1228 327 1300 353 enim
1315 330 1402 353 tutum
1418 331 1459 353 est
1472 325 1563 353 dicere
1575 325 1672 352 Filium
1686 333 1717 353 ex
1733 333 1785 353 non

1005 372 1177 399 exstantibus
1191 379 1260 402 esse,
1273 379 1335 398 cum
1351 379 1486 406 nusquam
1500 371 1653 398 divinarum
1669 371 1789 406 Scriptu-

1007 425 1099 444 rarum
1114 417 1165 444 hoc
1179 417 1212 444 de
1228 417 1287 452 ipso
1301 416 1405 444 feratur
1419 425 1426 444 :
1442 417 1484 444 vel
1496 425 1528 444 ex
1543 417 1595 444 alia
1618 417 1692 452 prius
1715 418 1789 444 exsi-

1007 466 1094 490 stente
1108 462 1260 490 substantia
1272 470 1333 497 quae
1348 462 1436 490 Patris
1447 471 1500 490 nou
1518 467 1607 495 esset;
1619 463 1665 490 sed
1682 470 1715 490 ex
1730 463 1788 490 solo

1007 508 1062 535 Deo
1073 515 1135 534 eum
1152 515 1213 534 vere
1224 507 1344 543 genitum
1358 515 1419 534 esse
1430 507 1575 535 deﬁnimus
1590 516 1597 540 ;
1615 515 1699 534 unum
1714 508 1786 534 enim

1007 553 1159 588 ingenitum
1186 558 1214 581 et
1239 553 1299 581 sine
1317 553 1451 588 principio
1480 553 1581 580 Christi
1606 552 1712 580 Patrem
1729 561 1789 580 esse

1007 600 1117 627 divinus
1133 607 1224 627 sermo
1236 599 1324 627 docet.
1340 598 1392 626 Sed
1407 606 1494 633 neque
1506 606 1554 626 eos
1565 598 1611 634 qui
1631 599 1698 626 citra
1715 597 1789 626 Scri-

1007 650 1093 680 pturze
1110 645 1297 672 auctoritatem
1318 649 1419 672 temere
1445 644 1541 672 dicunt
1569 652 1576 670 :
1605 644 1668 671 Erat
1683 650 1788 679 tempus

1007 699 1069 718 cum
1085 699 1138 718 non
1153 695 1236 722 esset,
1263 691 1373 725 aliquod
1392 691 1522 725 temporis
1541 691 1657 725 spatium
1680 695 1788 718 antece-

1007 737 1075 764 dens
1091 736 1209 771 oogitare
1224 741 1349 772 oportet;
1370 736 1416 763 sed
1442 736 1530 763 solum
1557 735 1641 763 Deum
1659 736 1703 771 qui
1729 737 1788 763 sine

1008 787 1127 817 tempore
1141 783 1217 809 illum
1234 783 1338 818 genuit.
1356 782 1490 817 Tempora
1501 782 1574 810 enim
1591 787 1616 810 ct
1630 783 1728 810 saecula
1741 791 1789 817 per

1008 828 1083 855 illum
1111 827 1182 856 facta
1210 833 1283 856 sunt.
1300 827 1393 863 Neque
1421 829 1484 855 item
1512 828 1723 855 existimandum
1747 833 1789 855 est

166 875 212 900 τὸν
225 874 287 901 Υἰὸν
303 871 373 900 εἶναι
391 873 541 907 νομιστέον·
556 872 720 907 συνανάρχου
747 873 801 908 γὰρ
826 873 873 899 καὶ
895 880 957 898 συν-

1012 873 1106 901 Filium
1120 882 1174 901 una
1189 882 1252 902 cum
1274 874 1353 901 Patre
1380 881 1435 901 non
1458 874 1578 909 genitum
1604 879 1631 901 et
1655 874 1788 908 principio

169 921 318 955 αγεννήτου
332 919 418 950 οὐδεὶς
432 918 534 954 κυρίως
547 918 639 954 πατὴρ
661 918 677 954 ἢ
701 918 758 950 tale
783 917 954 953 λεχθήσεται.

177 965 258 992 Ἀλλὰ
268 965 314 991 τὸν
329 965 377 1000 μὲν
390 964 499 999 Πατέρα
514 964 592 999 μόνον
607 963 724 999 ἄναρχον
739 963 802 990 ὂντα
811 965 858 990 καὶ
875 963 956 997 ἀγέν-

166 1020 248 1047 νητον
261 1011 317 1046 (15)
333 1011 526 1045 γεγεννηκέναι
546 1010 708 1045 ἁνεφίκτως,
725 1011 771 1037 καὶ
790 1011 872 1038 πᾶσιν
887 1011 955 1036 ἀκα-

167 1057 311 1093 ταλήπτως
337 1056 467 1090 οἴδαμεν·
489 1056 535 1082 τὸν
563 1056 591 1082 δὲ
619 1056 683 1082 Υἱὸν
705 1055 883 1090 γεγεννῆσθαι
904 1055 958 1091 πρὸ

166 1103 284 1133 αξώνων,
300 1103 347 1130 καὶ
364 1102 461 1137 μηκέτι
477 1102 578 1137 ὁμοίως
594 1101 633 1136 τῷ
647 1102 735 1137 Πατρὶ
746 1101 894 1137 ἀγέννητον
919 1098 957 1127 εἷ-

167 1157 212 1176 ναι
223 1149 271 1175 καὶ
287 1148 379 1180 αὐτὴν,
394 1148 452 1174 ἀλλ’
465 1147 552 1183 ἀρχὴν
565 1148 638 1182 ἔχειν
654 1147 700 1174 τὸν
719 1148 886 1182 γεννήσαντα
900 1147 957 1174 Πα-

167 1194 246 1231 τέρα¹
259 1193 364 1230 κεφαλὴ
380 1193 434 1230 γὰρ
446 1193 564 1229 Χριστοῦ
576 1194 591 1220 ὁ
604 1193 681 1224 Θεός.

205 1326 337 1355 Πλοῦτε
347 1327 400 1363 μὴν
410 1327 472 1363 τρία
478 1326 671 1363 ὁμολογοῦντες
682 1326 830 1362 πράγματα
840 1326 888 1354 καὶ
895 1327 957 1362 τρια

169 1373 313 1409 πρόσωπα,
325 1373 372 1400 τοῦ
389 1373 504 1408 Πατρὸς,
520 1373 567 1399 καὶ
582 1372 630 1399 τοῦ
648 1372 725 1405 Υἱοῦ,
748 1373 795 1399 καὶ
815 1373 862 1400 τοῦ
879 1374 957 1407 ἁγίου

1006 924 1143 955 expertem
1157 928 1164 951 ;
1177 920 1276 955 quippe
1287 919 1368 947 simul
1382 927 1436 946 non
1451 919 1533 954 geniti
1548 924 1574 946 et
1589 920 1723 954 principio
1738 927 1783 947 ca-

1007 964 1101 997 rentis,
1123 973 1202 993 nemo
1223 966 1331 1001 proprie
1362 970 1438 1000 pater
1455 970 1501 993 aut
1517 965 1589 993 [ilius
1611 966 1665 994 dici
1681 967 1786 1001 poterit.

1008 1011 1060 1038 Sed
1073 1011 1180 1039 Patrem
1198 1012 1246 1046 qui
1261 1012 1336 1039 solus
1350 1012 1485 1046 principio
1498 1020 1595 1040 carens
1609 1018 1636 1040 et
1651 1013 1790 1048 ingenitus

1007 1063 1058 1090 est,
1080 1057 1162 1085 modo
1180 1057 1309 1085 ineffabili
1327 1062 1354 1085 et
1372 1058 1500 1086 omnibus
1523 1059 1790 1094 incomprehensibili

1007 1103 1134 1139 genuisse
1154 1104 1291 1132 novimus.
1305 1103 1404 1131 Filium
1419 1109 1510 1131 autem
1526 1109 1588 1132 ante
1601 1107 1701 1133 szecula
1715 1106 1790 1141 geni-

1007 1154 1064 1177 tum
1081 1149 1175 1181 fuisse.
1196 1157 1245 1178 nec
1270 1151 1382 1185 proinde
1407 1151 1480 1178 velut
1498 1150 1604 1178 Patrem
1618 1152 1706 1186 ipsum
1723 1159 1791 1186 quo-

1006 1203 1060 1230 que
1074 1195 1223 1231 ingenitum
1240 1203 1320 1229 esse;
1338 1196 1384 1223 sed
1408 1196 1574 1231 principium
1601 1197 1711 1227 habere.
1738 1196 1789 1224 Pa-

1008 1246 1075 1269 trem
1093 1249 1190 1276 nempe
1219 1242 1266 1276 qui
1293 1249 1322 1269 se
1349 1242 1472 1277 genuit:
1499 1246 1582 1277 caput
1595 1243 1667 1270 enim
1688 1242 1790 1270 Christi

1007 1286 1079 1315 Deus
1096 1287 1130 1315 ".

1044 1332 1087 1360 IV.
1105 1343 1114 1358 ε
1129 1331 1183 1360 Nec
1197 1337 1286 1361 tamen
1303 1340 1367 1368 quta
1390 1338 1444 1362 tres
1468 1341 1512 1361 res
1538 1338 1565 1362 et
1587 1338 1641 1362 tres
1661 1342 1791 1370 personas

1007 1378 1110 1410 Patris,
1124 1383 1152 1406 et
1166 1378 1238 1412 Filii,
1254 1384 1281 1406 et
1304 1379 1422 1414 Spiritus
1436 1380 1522 1407 sancti
1544 1380 1692 1408 secundum
1719 1380 1793 1408 Seri-

169 1419 327 1454 Πνεύματος
337 1419 407 1446 κατὰ
420 1418 469 1450 τὰς
484 1419 605 1454 Γραφὰς,
627 1419 701 1454 τρεῖς
724 1418 768 1445 διὰ
792 1418 871 1445 τοῦτο
895 1420 957 1451 τοὺς

1012 1429 1102 1459 pturas
1115 1425 1288 1458 conﬁtemur,
1308 1425 1369 1452 ideo
1392 1429 1447 1453 tres
1467 1425 1532 1454 deos
1552 1425 1678 1454 facimus.
1701 1423 1791 1454 Unum

169 1466 253 1497 θεοὺς
267 1465 407 1499 ποιοῦμεψ
424 1463 516 1499 Bruttii]
530 1464 576 1490 τὸν
588 1463 718 1499 αὐτοτελῆ
741 1463 788 1490 καὶ
811 1463 957 1499 ἀγέννητον

170 1511 284 1547 ἄναρχόν
297 1519 327 1537 τε
341 1511 387 1537 καὶ
401 1510 515 1546 ἀόρατον
530 1509 595 1536 Θεὸν
611 1510 658 1536 ἕνα
681 1509 762 1544 μόνον
791 1508 900 1544 οἴδαμεν
913 1509 957 1535 τὸν

170 1558 236 1584 Θεὸν
252 1557 300 1584 καὶ
315 1556 424 1592 Πατέρα
441 1556 488 1582 τοῦ
501 1555 679 1590 Μονογενοῦς,
693 1555 739 1582 τὸν
762 1555 842 1591 μόνον
867 1555 915 1590 μὲν
928 1554 957 1587 ἐξ

171 1602 266 1628 ἑαυτοῦ
292 1601 323 1628 τὸ
349 1599 418 1628 εἶναι
445 1600 551 1635 ἔχοντα,
569 1601 648 1636 μόνον
667 1601 694 1627 δὲ
710 1600 764 1636 (16)
788 1601 845 1632 τοῖς
870 1599 959 1632 ἄλλοις

171 1648 254 1682 πᾶσιν
282 1646 405 1681 ἀφθόνως
423 1646 501 1674 τοῦτο
523 1646 710 1682 χαριζόμενον,
733 1645 802 1673 Οὔτε
825 1645 889 1681 μὴν,
907 1645 956 1673 ἕνα

170 1693 236 1719 Θεὸν
251 1693 330 1728 μόνον
346 1692 470 1726 λέγοντες
486 1689 555 1719 εἶναι
568 1692 615 1719 τὸν
625 1691 672 1719 τοῦ
688 1692 790 1728 Κυρίου
807 1690 885 1726 ἡμῶν
907 1693 959 1727 ’1η-

172 1738 219 1765 σοῦ
248 1737 365 1774 Χριστοῦ
398 1738 518 1773 Πατέρα,
535 1737 580 1764 τὸν
608 1737 688 1773 μόνον
720 1738 884 1774 ἀγέννητον,
914 1738 959 1765 διὰ

170 1784 250 1811 τοῦτο
267 1783 421 1820 ἀρνούμεθα
444 1783 491 1809 καὶ
514 1783 561 1809 τὸν
584 1783 702 1818 Χριστὸν
725 1783 790 1809 θεὸν
820 1781 888 1810 εἶναι
906 1783 960 1821 πρὸ

171 1829 277 1857 αῐώνων
295 1830 359 1865 (17)·
373 1829 458 1856 ὁποῖοί
471 1829 538 1856 εἰσιν
549 1829 574 1856 οἱ
587 1829 641 1856 ἀπὸ
649 1829 756 1856 Παύλου
772 1829 820 1856 τοῦ
834 1830 959 1865 Σαμοσα-

170 1877 251 1907 τέως,
267 1875 378 1911 ὕστερον
395 1875 476 1902 αὐτὸν
487 1874 555 1910 μετὰ
572 1875 622 1910 τὴν
633 1874 836 1911 ὲνανθρώπησιν
852 1876 883 1902 ἐκ
894 1884 960 1911 προ-

171 1923 259 1957 κοπῆς
271 1920 477 1957 τεθεοποιῆσθαι
502 1920 634 1954 λέγοντες,
662 1921 701 1956 τῷ
714 1921 762 1956 τὴν
779 1921 859 1955 φύσιν
883 1920 960 1956 ψιλὸν

171 1967 313 2003 ἄνθρωπον
327 1967 475 2001 γεγονέναι.
490 1966 606 2001 οἴδαμεν
617 1965 672 2001 γὰρ
694 1966 740 1993 καὶ
763 1966 854 1998 αὐτὸν,
871 1967 896 1993 ει
910 1967 958 1993 καὶ

172 2013 353 2041 ὑποτέτακται
369 2012 409 2048 τῷ
423 2013 511 2048 Πατρὶ
525 2012 572 2039 καὶ
594 2012 633 2047 τῷ
646 2012 705 2048 Θεῷ
734 2012 799 2048 (18),
812 2013 868 2040 ἀλλ’
886 2013 960 2048 ὅμως

172 2059 225 2095 πρὸ
238 2058 342 2086 αἰώνων
359 2058 522 2094 γεννηθέντα
540 2058 572 2084 ὲκ
588 2057 634 2084 τοῦ
646 2057 725 2090 Θεοῦ,
741 2057 807 2084 Θεὸν
824 2057 894 2085 κατὰ
914 2058 961 2093 φύ-

172 2112 215 2132 ειν
227 2104 328 2131 τέλειον
354 2101 424 2131 εἶναι
454 2104 502 2130 καὶ
515 2103 614 2139 ἀληθῆ,
629 2103 676 2130 καὶ
694 2104 732 2139 μὴ
754 2103 785 2136 ἐξ
809 2104 960 2140 ἀνθρώπων

175 2149 243 2184 μετὰ
253 2148 340 2176 ταῦτα
363 2149 438 2181 Θεὸν,
468 2149 526 2176 ἀλλ’
551 2149 584 2176 ὲκ
609 2148 676 2176 Θεοῦ
704 2149 961 2185 ὲνανθρωπῆσαιδι⁸

173 2195 256 2230 ἡμᾶς,
277 2195 324 2222 καὶ
337 2195 470 2230 μηδέποτε
487 2195 679 2222 ἀπολωλεκότα
695 2195 726 2222 τὸ
742 2193 811 2222 εἶναι
823 2196 888 2232 (19).

211 2239 242 2267 ν.
262 2249 271 2266 t
284 2240 487 2276 Βδελυσσόμεθα
497 2240 526 2267 δὲ
538 2242 605 2276 πρὸς
620 2240 725 2273 τούτοις
739 2241 785 2268 καὶ
794 2241 958 2277 ἀναθεματί-

174 2286 256 2321 ζομεν
267 2286 313 2313 καὶ
326 2287 389 2318 τοὺς
400 2286 484 2320 Λόγον
497 2286 546 2321 μὲν
558 2287 637 2322 μόνον
646 2287 726 2314 αὐτὸν
738 2288 817 2323 ψιλὸν
830 2288 878 2315 τοῦ
889 2289 956 2316 Θεοῦ

174 2333 221 2360 καὶ
235 2332 408 2368 ἀνύπαρκτον
422 2332 596 2364 ὲπιπλὰστως
609 2333 766 2366 καλοῦντας.
784 2335 813 2361 ὲν
825 2334 911 2370 ἑτέρῳ
928 2335 959 2362 τδ

174 2376 244 2418 εἶναι
261 2378 358 2413 ἔχοντα
375 2378 443 2414 (90),
456 2378 504 2405 νῦν
522 2379 571 2414 μὲν
582 2379 621 2410 ὼς
639 2379 685 2406 τὸν
699 2380 864 2415 προφορικὺν
883 2380 960 2415 λεγό-

1008 1472 1080 1498 enim
1101 1471 1190 1498 solum
1203 1479 1236 1499 ex
1251 1471 1341 1506 seipso
1352 1471 1521 1506 'pcri'cctum,
1538 1471 1699 1507 ingenitum,
1715 1474 1792 1508 prin-

1009 1517 1080 1552 cipio
1108 1521 1244 1544 carentem
1259 1538 1267 1550 ,
1296 1523 1323 1544 et
1343 1517 1505 1545 iuvisiliilem
1529 1518 1612 1545 Deum
1643 1519 1789 1552 novimus,

1010 1562 1093 1590 Deum
1112 1568 1139 1590 et
1162 1561 1271 1590 Patrem
1300 1562 1447 1599 Unigeniti,
1465 1554 1510 1598 qui
1535 1564 1611 1591 solus
1640 1571 1674 1591 ex
1702 1565 1791 1599 seipse

1009 1609 1169 1641 habetesse,
1185 1609 1261 1636 solus
1272 1610 1382 1644 copiose
1399 1609 1465 1636 illud
1486 1609 1547 1636 aliis
1565 1609 1689 1645 largitur.
1704 1610 1791 1639 Porro

1009 1655 1116 1683 tametsi
1135 1663 1219 1682 unum
1235 1654 1320 1682 Deum
1349 1655 1438 1682 solum
1466 1655 1582 1683 dicimus
1602 1655 1710 1684 Patrem
1738 1657 1791 1684 Do-

1008 1700 1074 1728 mini
1092 1701 1178 1728 nostri
1203 1700 1268 1728 Jcsu
1292 1700 1405 1734 Christi,
1426 1700 1514 1728 solum
1532 1700 1682 1736 ingenitum
1701 1722 1708 1734 ,
1736 1711 1789 1731 non

1009 1748 1068 1775 ideo
1076 1755 1205 1783 negamus
1211 1748 1348 1777 Christum
1357 1757 1467 1784 quoque
1478 1748 1562 1776 Deum
1570 1757 1631 1777 esse
1639 1755 1701 1778 ante
1709 1759 1792 1778 saecu-

1009 1793 1033 1820 la
1049 1803 1055 1820 :
1073 1798 1103 1820 ut
1120 1793 1223 1822 faciunt
1234 1793 1311 1831 591
1326 1794 1400 1822 Pauli
1419 1793 1620 1822 Samosatensis
1645 1795 1769 1829 discipuli
1784 1816 1791 1826 ,

1009 1839 1173 1868 afﬁrmantes
1195 1847 1259 1868 eum
1284 1834 1346 1875 post
1366 1840 1595 1873 incarnationem,
1615 1848 1646 1867 ex
1667 1841 1790 1875 profectu

1009 1885 1094 1913 Deum
1111 1885 1210 1913 factum
1221 1893 1292 1918 esse,
1308 1889 1453 1921 postquam
1472 1891 1569 1914 natura
1582 1886 1697 1921 simplex
1709 1885 1792 1913 homo

1009 1929 1097 1958 factus
1120 1930 1227 1958 fuisset.
1245 1929 1353 1958 Scimus
1371 1931 1444 1958 enim
1468 1938 1530 1958 eum
1545 1951 1553 1963 ,
1575 1931 1700 1966 quamvis
1717 1929 1792 1958 Patri

1009 1980 1036 2003 et
1049 1975 1104 2003 Deo
1121 1975 1260 2011 subjectus
1275 1975 1319 2007 sit.
1335 1980 1398 2004 ante
1424 1976 1522 2004 secula
1537 1980 1625 2003 tamen
1641 1983 1658 2003 a
1675 1975 1729 2003 Deo
1744 1983 1791 2010 ge-

1010 2022 1107 2054 nitum,
1123 2021 1207 2049 Deum
1229 2022 1379 2049 secundum
1399 2027 1524 2049 naturam
1536 2021 1682 2057 perfectum
1700 2025 1726 2048 et
1743 2028 1791 2048 ve—

1009 2075 1069 2094 rum
1087 2075 1157 2100 esse,
1173 2075 1260 2103 neque
1282 2076 1314 2095 ex
1330 2067 1440 2095 homine
1458 2072 1551 2102 postea
1569 2067 1672 2100 Deum,
1693 2067 1739 2094 sed
1758 2075 1792 2094 ex

1011 2113 1066 2141 Deo
1080 2113 1220 2141 hominem
1236 2118 1349 2149 propter
1363 2122 1413 2142 nos
1429 2113 1530 2141 factum
1543 2121 1614 2146 esse,
1638 2121 1726 2148 neque
1741 2121 1792 2140 un—

1009 2167 1092 2195 quam
1108 2167 1169 2188 esse
1182 2159 1324 2188 desivisse.

1050 2245 1080 2273 ν,
1098 2255 1107 2272 ι
1119 2245 1302 2273 Exsecramur
1314 2249 1445 2280 praeterea
1459 2250 1485 2273 et
1497 2244 1668 2273 anathemate
1679 2243 1792 2270 damna-

1010 2298 1072 2318 mus
1085 2298 1143 2321 eos,
1164 2291 1210 2326 qui
1229 2290 1304 2317 illum
1319 2290 1407 2318 solum
1426 2298 1457 2318 ac
1476 2290 1590 2325 simplex
1608 2289 1654 2317 Dei
1671 2288 1792 2316 Verbum

1011 2343 1066 2363 non
1082 2335 1248 2368 subsistens,
1261 2335 1334 2370 quod
1350 2336 1376 2362 in
1389 2335 1442 2362 alio
1455 2343 1532 2363 suam
1545 2335 1730 2362 exsistentiam
1743 2333 1791 2360 lia-

1011 2381 1082 2414 beat,
1095 2381 1164 2410 falso
1179 2382 1326 2417 appellant,
1342 2382 1470 2416 quodque
1487 2381 1567 2408 modo
1590 2381 1663 2407 velut
1678 2378 1791 2415 prolati-

175 2433 253 2460 μενον
268 2424 320 2450 ὑπό
333 2432 423 2456 τινων,
441 2424 489 2451 νῦν
504 2424 532 2450 δὲ
546 2424 583 2457 ὡς
600 2424 644 2452 τὸν
655 2425 804 2452 ἐνδιάθετον
817 2435 824 2441 ⁸
839 2427 956 2462 Χριστὸν

1012 2427 1076 2454 tium
1092 2434 1108 2454 a
1120 2427 1282 2462 quibusdam
1305 2427 1416 2459 dicitur,
1432 2426 1515 2453 modo
1540 2426 1676 2453 internum
1700 2424 1790 2452 nomi-

229 2479 249 2496 “
270 2479 355 2507 ICor.
370 2487 408 2514 xt,
421 2479 447 2506 5,

208 2559 264 2590 (te)
284 2558 361 2586 Socr.
374 2563 401 2586 et
414 2557 537 2593 Niceph.,
553 2558 713 2593 ἐμφέρεται.

209 2594 264 2629 (15)
277 2594 355 2621 Socr.
368 2598 395 2621 et
408 2591 531 2628 Niceph.,
547 2591 737 2629 διδασκόμεθα.
752 2591 814 2619 Mox
828 2592 952 2628 Niceph.,

173 2629 221 2655 ἕνα
235 2629 348 2664 γὰρῗτὸν
365 2629 520 2664 ἀγέννητον.

209 2662 408 2707 (MJ'Nicepln',
425 2665 482 2695 τοῖς
503 2663 534 2697 ἐξ
546 2663 678 2699 ἀγράφων
697 2662 852 2697 ἐπισφαλῶς
865 2663 958 2698 λέγου-

174 2708 228 2731 σιν,
241 2699 279 2741 so;
295 2699 430 2741 χρονικόν.
446 2735 451 2740 _

200 2735 363 2774 _(loLbocr.
380 2738 407 2774 et
421 2733 780 2774 ΝιεεριιἹηκαὶ-ἁνέφικτοιξ
804 2733 957 2774 [ηἰηιῄῐῖςς.

173 2769 238 2804 edit.
259 2768 366 2796 Comm.
391 2769 467 2797 Socr.
489 2768 518 2796 et
531 2768 654 2804 Niceph.,
668 2769 856 2804 γεγεννῆσθαι.
879 2769 949 2796 Edit.

174 2803 260 2831 Paris.
266 2825 272 2834 ,
287 2804 458 2839 γεγενῆσθαι.

210 2839 264 2874 (lft)
284 2838 322 2867 Ita
335 2838 399 2874 Reg.
425 2839 500 2866 Socr.
515 2843 541 2866 ct
553 2838 664 2874 Nieeph.
687 2839 714 2867 in
732 2840 811 2868 editis
824 2840 851 2867 δέ
868 2841 942 2868 deest

1006 2558 1170 2595 MugSocn,
1187 2560 1310 2594 ἀφθόνως
1324 2559 1355 2586 τὸ
1369 2568 1435 2595 ειναι
1451 2559 1645 2595 παρεχόμενον.
1660 2558 1790 2594 Niceph.,

1007 2594 1136 2631 ἀφθονωε
1141 2593 1319 2631 χαριζόμενον
1334 2595 1367 2631 τὸ
1380 2593 1458 2622 εἶναι.

1043 2629 1100 2663 HT)
1121 2629 1198 2657 Socr.
1211 2629 1375 2664 et'Niceph"
1395 2629 1564 2664 προαιώνιον.

1046 2664 1100 2700 (18)
1118 2665 1163 2700 Τῷ
1179 2666 1292 2693 deletum
1317 2663 1342 2691 in
1367 2663 1431 2699 Reg.
1451 2665 1526 2700 deest
1546 2665 1616 2699 apud
1638 2663 1698 2692 Nic.
1718 2663 1789 2697 Mox,

1011 2699 1064 2734 πρὸ
1080 2699 1183 2727 αἰώνων
1197 2701 1272 2728 deest
1287 2700 1356 2734 apud
1374 2700 1450 2727 Socr.
1463 2704 1490 2727 et
1505 2699 1616 2734 Niceph.

1047 2735 1102 2771 (19)
1118 2735 1195 2771 Socr.
1211 2741 1238 2763 et
1259 2735 1330 2768 Nic.,
1343 2735 1390 2761 καὶ
1407 2734 1584 2771 μηδεπώποτε
1601 2735 1789 2762 ἀπολωλεκότα

1003 2769 1033 2796 τὸ
1045 2768 1113 2796 εἶναι
1127 2770 1201 2797 Θεόν.

1041 2805 1095 2842 (20)
1112 2804 1157 2833 Sic
1175 2805 1240 2842 lteg.
1254 2806 1331 2834 Socr.
1346 2810 1372 2834 ct
1387 2804 1498 2841 Niceph.
1513 2804 1582 2834 Editi
1600 2813 1675 2837 vero,
1690 2805 1785 2840 ἔχοντι.
