1974 3037
122 133 177 160 753

814 140 857 168 DE
876 140 1031 170 SYNODIS.

1699 145 1752 174 7'54

123 191 251 227 Γραφῆς,
267 193 379 221 τοιαῦτα
398 195 581 231 τετολμήκασι
607 199 670 234 περὶ
693 198 775 225 αὐτοῦ
796 199 913 236 διορίσα-

966 201 1013 228 illo
1030 201 1090 229 ausi
1103 202 1158 229 sint
1172 201 1295 230 delinire.
1311 201 1366 230 Nos
1381 202 1455 230 enim
1467 202 1553 231 Deum
1569 203 1622 232 sibi
1633 203 1684 239 ipsi
1700 205 1754 231 im-

123 236 199 264 σθαι.
216 239 410 275 Αὐτοκράτορι
422 241 476 276 γὰρ
490 242 572 277 ἡμεῖς
587 243 632 270 τὺν
646 244 713 270 Θεὸν
728 245 775 272 καὶ
793 245 848 281 (51-)
861 246 915 272 Κύ-

123 291 184 318 ριον
198 283 280 311 αὐτὸν
299 285 526 319 ἐαυτοῦ”εῑδότες,
542 289 678 321 ἑκουσίως.
694 290 774 316 αὑτὸν
789 291 836 317 καὶ
856 291 915 318 ἐθε-

122 328 222 364 λοντὴν
236 331 281 356 τὸν
296 330 357 357 Υἱὸν
374 333 566 369 γεγεννηκέναι
581 334 700 367 εὐσεϐῶς
713 336 913 372 ὑπειλήφαμεν.

123 375 302 408 Πιστεύοντες
317 376 345 403 δὲ
372 377 500 413 ὲμφόϐως
525 379 580 414 (5'2)
602 381 650 406 καὶ
671 380 710 416 τῷ
732 382 796 417 περὶ
817 381 914 408 ἑαυτοῦ

123 420 228 455 λέγοντι
239 430 245 437 ·
266 431 275 447 α
290 422 394 458 Κύριος
418 423 509 450 ἔκτισέ
533 433 566 460 με
582 425 669 461 ἀρχὴν
683 426 752 452 όδῶν
768 427 851 454 αὑτοῦ
874 428 916 459 είς

124 467 194 503 ἔργα
209 468 303 501 αὑτοῦ,
317 478 326 495 ι
346 470 395 504 οὐχ
411 470 512 505 ὁμοίως
527 471 609 498 αὐτὸν
621 473 678 504 τοῖς
693 472 726 499 δι’
742 473 823 500 αὑτοῦ
838 482 914 508 γενο-

127 514 218 549 μένοις
236 515 382 549 κτίτμασιν
404 516 420 551 ἢ
442 517 575 552 ποιήμασι
597 519 762 555 γεγενῆσθαι
785 520 913 556 νοοῦμεν.

131 561 242 592 Ἀσεὸὲς
254 560 309 596 γὰρ
321 561 369 588 καὶ
385 561 436 596 τῆς
451 562 682 600 ὲκκλησιαστικῆς
697 565 816 597 πίστεως
837 566 916 592 ἀλλό-

123 614 202 641 τριον
213 606 244 632 τὸ
260 606 305 633 τὸν
320 607 433 643 κτίστην
444 609 500 640 τοῖς
515 609 549 635 δι’
564 609 646 636 αὐτοῦ
661 612 915 648 κεκτισμένοις(55)

123 652 275 688 δημιουργή
281 661 346 687 μασι
361 653 555 689 παραϐάλλειν,
579 656 626 682 καὶ
641 656 687 683 τὸν
703 657 784 684 αὑτὸν
798 658 850 693 τῆς
867 666 915 693 γε·

125 698 226 730 νέσεως
237 700 293 730 τοῖς
307 699 397 731 ἄλλοις
410 700 511 736 τρόπον
528 700 600 736 ἔχειν
617 703 664 729 καὶ
687 703 767 731 αὑτὸν
782 705 914 740 νομίζειν.

125 744 216 771 Μόνον
232 745 286 780 γὰρ
307 745 354 772 καὶ
378 746 466 781 μόνως
482 747 528 773 τὸν
554 749 686 784 μονογενῆ
703 750 767 776 Υἱὸν
787 751 916 787 γεγεννῆ-

125 791 190 818 σθαι
208 792 264 826 (54)
285 792 403 827 γνησίως
417 801 447 819 τε
467 793 514 820 καὶ
534 794 642 830 ἀληθῶς
655 796 826 824 διδάσκουσιν
840 798 915 834 ἡμᾶς

123 841 154 866 αἱ
169 840 239 867 Θείαι
258 841 376 874 Γραφαί.

965 252 1116 282 perantem,
1127 255 1159 275 ac
1171 248 1213 276 sui
1223 248 1368 276 Dominum
1382 254 1570 284 agnoscentes,
1581 258 1643 277 eum
1656 254 1754 285 sponte

966 301 998 320 ac
1019 293 1104 322 libere
1123 293 1223 321 Filium
1238 295 1367 330 genuisse
1384 296 1427 330 pie
1447 303 1602 323 censemus.
1617 295 1703 323 Porro
1718 296 1753 323 li-

966 344 1008 367 cet
1021 347 1083 367 cum
1099 340 1197 367 timore
1213 341 1358 368 credamus
1380 340 1418 367 illi
1436 340 1469 368 de
1486 348 1516 368 se
1529 340 1630 368 dicenti
1647 350 1654 368 :
1678 351 1688 367 ι
1700 341 1754 369 Do-

966 385 1058 413 minus
1069 386 1172 412 creavit
1186 393 1230 413 me
1247 386 1410 420 principium
1427 386 1509 421 592
1520 386 1625 413 viarum
1640 394 1754 414 suarum

966 430 1000 457 ad
1015 438 1098 464 opera
1113 438 1163 457 sua
1179 431 1216 463 ¹³;
1232 440 1241 456 ι
1253 438 1305 458 non
1319 436 1408 458 tamen
1422 440 1476 466 quo
1488 433 1569 459 modo
1581 437 1714 460 creatura),
1725 437 1754 460 et

968 476 1076 511 opiﬁcia
1089 477 1182 503 abillo
1200 476 1270 504 facta
1295 481 1369 510 sunt,
1392 478 1488 505 eodem
1508 481 1536 505 et
1555 478 1631 506 illum
1648 478 1754 507 factum

965 528 1026 549 esse
1051 521 1240 556 intelligimus.
1259 521 1376 556 impium
1396 523 1470 550 enim
1490 526 1542 555 est,
1565 528 1593 550 et
1614 523 1649 550 ab
1666 523 1754 551 eccle-

966 567 1078 596 siastica
1100 567 1153 596 ﬁde
1171 568 1290 595 alienum
1302 588 1310 600 ,
1329 573 1481 596 creatorem
1500 577 1562 596 cum
1580 569 1663 597 rebus
1684 577 1754 605 quas

967 615 1071 642 creavit
1084 615 1218 649 conferre,
1234 620 1261 643 et
1273 616 1368 643 eodem
1381 616 1565 651 generationis
1579 617 1661 644 modo
1673 621 1755 652 atque

967 662 1036 689 alias
1052 666 1193 689 creaturas
1205 662 1282 689 illum
1298 662 1402 690 editum
1419 670 1480 690 esse
1494 662 1634 690 arbitrari.
1649 663 1755 698 Quippe

967 709 1137 744 unigenitum
1151 708 1262 742 Filium,
1279 716 1364 736 unum
1379 713 1407 736 et
1421 708 1502 736 unice
1517 709 1640 744 genitum
1655 709 1754 743 fuisse,

967 762 1095 790 germane
1106 763 1138 783 ac
1152 762 1215 783 vere
1231 755 1330 783 docent
1347 762 1398 783 nos
1413 755 1513 782 divina;
1532 754 1692 790 Scripturae.

161 887 208 913 IX.
223 897 231 912 I
245 887 313 913 Ἀλλ’
327 887 387 914 οὐδὲ
397 888 443 915 τὸν
459 888 523 915 Υίὺν
539 888 600 915 καθ’
614 889 709 921 ἑαυτὸν
721 887 801 922 εἶναι,
819 890 868 926 ζῇν
887 899 913 917 τε

1002 886 1050 914 IX.
1066 896 1076 913 1
1093 886 1146 915 Sed
1161 894 1250 922 neque
1269 886 1380 914 tametsi
1393 886 1512 914 dicimus
1527 885 1628 913 Filium
1650 894 1699 921 per
1711 893 1755 914 se-

124 933 171 958 καὶ
188 933 319 968 ὑπάρχειν
333 934 433 968 ὁμοίιος
452 934 490 969 τῷ
510 935 598 970 Πατρὶ
618 935 753 969 λέγοντες,
775 936 818 963 διὰ
835 936 914 963 τοῦτο

123 978 277 1013 χωρίζομεν
293 979 372 1006 αὑτὸν
391 979 437 1006 τοῦ
457 980 575 1016 Πατρὸς,
595 981 693 1013 τόπους
717 982 773 1017 (55)
795 983 842 1009 καὶ
855 982 913 1008 δια-

124 1025 250 1059 στήματα
262 1033 322 1052 τινα
339 1026 441 1061 μεταξὺ
457 1026 507 1061 τῆς
523 1028 669 1061 συναφείας
684 1027 772 1055 αὐτῶν
793 1037 914 1064 σωματι-

122 1070 180 1102 κῶς
192 1071 372 1104 ἐπινοοῦντες.
399 1073 624 1108 Πεπιστεύκαμεν
647 1074 702 1110 γὰρ
726 1075 914 1110 άμεσιτεύτως

122 1117 222 1148 αὐτοὺς
239 1118 286 1144 καὶ
309 1118 477 1151 ἀδιαστάτως
492 1119 615 1155 ἀλλήλοις
633 1120 688 1155 (56)
715 1120 912 1156 ἔπισυνῆφοαι,

123 1163 171 1189 καὶ
188 1164 353 1200 ἀχωρίστους
367 1165 499 1201 ὑπάρχειν
514 1165 618 1192 ἑαυτῶν
630 1174 636 1180 ·
651 1166 713 1192 ὅλου
730 1167 780 1202 μὲν
791 1166 838 1193 τοῦ
854 1168 913 1194 Πα-

123 1210 187 1244 τρὸς
213 1211 436 1246 ὲνστερνισμένου
459 1211 505 1237 τὸν
530 1211 609 1244 Υἱὸν,
633 1212 694 1239 ὅλου
713 1212 742 1239 δὲ
770 1212 819 1239 τοῦ
848 1213 912 1240 Υίοῦ

123 1256 171 1291 ear,
176 1265 225 1292 ρτη
230 1257 309 1291 μένου
318 1257 365 1283 καὶ
376 1258 598 1292 προσπεφυκότος
609 1258 647 1293 τῷ
659 1259 754 1295 Πατρὶ,
772 1260 818 1286 καὶ
830 1260 912 1295 μόνου

123 1303 180 1333 τοῖς
196 1302 331 1337 πατρῴοις
349 1303 458 1335 κόλποις
469 1304 675 1339 ἀναπαυομένου
696 1305 827 1340 διηνεκῶς
844 1305 910 1341 (57).

123 1348 300 1380 Πιστεύοντες
310 1346 356 1375 οὖν
369 1349 409 1381 είς
423 1350 472 1384 τὴν
487 1350 642 1376 παντέλειον
653 1350 755 1385 Τριάδα
769 1351 818 1387 τὴν
828 1353 913 1386 ἁγιω-

123 1395 218 1429 τάτην,
234 1395 372 1421 τουτέστιν
388 1396 428 1426 είς
436 1395 480 1422 τὸν
492 1396 610 1430 Πατέρα,
618 1395 664 1422 καὶ
673 1396 713 1427 είς
725 1396 770 1422 τὸν
779 1396 854 1429 Υίὺν,
866 1397 913 1424 καὶ

965 934 1054 969 ipsum
1070 940 1141 965 esse.
1156 932 1247 960 vivere
1262 940 1295 960 ac
1310 932 1471 964 subsistere,
1485 932 1597 967 perinde
1608 936 1690 967 atque
1704 931 1756 960 Pa-

964 987 1045 1014 trem,
1056 980 1131 1008 ilium
1148 980 1251 1008 idcirco
1268 988 1282 1007 a
1299 979 1380 1007 Patre
1393 987 1562 1014 separamus,
1580 979 1668 1014 spatia
1684 987 1756 1014 qua:-

965 1027 1027 1054 dam
1043 1031 1070 1054 et
1093 1027 1234 1054 intervalla
1255 1026 1356 1061 quibus
1375 1025 1507 1060 disjuncti
1533 1030 1596 1053 sunt
1617 1025 1754 1060 corporali

965 1073 1047 1101 modo
1059 1072 1251 1107 intelligentes.
1266 1071 1411 1099 Credimus
1425 1071 1510 1103 enim,
1521 1079 1570 1098 eos
1583 1071 1686 1106 absque
1698 1070 1754 1099 ullo

965 1118 1057 1146 medio
1069 1122 1096 1146 et
1111 1118 1260 1146 interstitio
1281 1118 1445 1153 conjunctos
1459 1125 1531 1151 esse,
1545 1125 1595 1145 nec
1608 1125 1623 1145 a
1640 1125 1669 1145 se
1682 1117 1755 1144 invi-

964 1171 1023 1192 cem
1043 1171 1125 1200 posse
1147 1165 1283 1192 ullatenus
1299 1165 1420 1199 separari
1439 1174 1445 1192 :
1465 1165 1502 1192 ita
1524 1168 1554 1192 ut
1573 1168 1647 1192 totus
1673 1164 1756 1192 Pater

963 1209 1062 1237 Filium
1081 1210 1108 1237 in
1124 1210 1186 1238 sinu
1203 1218 1254 1237 suo
1268 1211 1478 1246 complectatur,
1496 1217 1524 1238 et
1539 1215 1613 1239 totus
1633 1210 1720 1238 Filius
1738 1219 1755 1239 a

963 1255 1043 1283 Patre
1058 1256 1183 1292 pendeat,
1193 1256 1231 1283 illi
1245 1257 1391 1290 adhaereat,
1404 1257 1534 1292 solusque
1551 1258 1576 1284 in
1588 1257 1677 1284 Patris
1689 1258 1753 1285 sinu

963 1308 1095 1338 perpetuo
1110 1303 1299 1338 conquiescat.
1316 1303 1465 1331 Credentes
1484 1303 1568 1338 igitur
1583 1304 1609 1330 in
1629 1304 1752 1338 undique

963 1348 1110 1384 perfectam
1128 1353 1156 1376 et
1177 1348 1380 1377 sanctissimam
1404 1348 1564 1376 Trinitatem
1578 1369 1586 1381 ,
1606 1349 1631 1376 id
1656 1354 1698 1377 est
1724 1350 1751 1376 in

962 1395 1082 1427 Patrem,
1097 1399 1126 1422 et
1142 1395 1169 1422 in
1186 1394 1297 1428 Filium,
1308 1395 1372 1422 etin
1385 1394 1518 1430 Spiritum
1534 1400 1750 1423 sanctum:ch

123 1441 164 1472 είς
178 1440 207 1466 τὸ
222 1440 333 1476 Πνεῦμα
347 1441 378 1467 τὸ
389 1441 476 1475 ἅγιον,
493 1443 540 1467 καὶ
552 1441 617 1467 Θεὸν
630 1441 679 1476 μὲν
692 1441 736 1468 τὸν
747 1443 856 1479 Πατέρα
869 1443 912 1470 λέ-

965 1437 1049 1468 Deum
1067 1440 1176 1468 Patrem
1190 1461 1198 1474 ,
1223 1440 1309 1468 Deum
1330 1441 1394 1468 item
1420 1440 1520 1468 Filium
1540 1441 1669 1473 dicimus,
1696 1450 1751 1469 non

122 1495 226 1521 γοντες,
233 1487 298 1513 Θεὸν
308 1487 336 1514 δὲ
346 1488 393 1514 καὶ
403 1487 448 1514 τὸν
456 1487 529 1519 Υἱὺν,
538 1488 568 1513 οὐ
577 1487 624 1514 δύο
632 1487 742 1520 τούτους
752 1488 845 1521 Θεοὺς,
854 1489 911 1516 ἀλλ’

965 1489 1024 1522 hos,
1042 1489 1111 1517 duos
1129 1489 1215 1522 Deos,
1238 1489 1285 1516 sed
1311 1496 1394 1516 unam
1415 1489 1577 1516 conﬁtemur
1600 1489 1753 1517 divinilatis

123 1532 153 1559 ἓν
181 1532 365 1569 ὁμολογοῦμεν
392 1534 440 1569 τῆς
467 1533 592 1568 θεότητος
618 1533 743 1570 ἀξίωμα,
775 1535 822 1562 καὶ
849 1536 912 1570 μίαν

965 1536 1135 1572 dignitatem,
1150 1541 1177 1563 et
1195 1543 1276 1562 unam
1290 1535 1442 1562 absolutam
1460 1535 1535 1570 regni
1548 1535 1723 1562 concordiam
1740 1544 1749 1569 ;

123 1579 226 1614 ἀκριϐῆ
240 1579 289 1614 τῆς
310 1579 448 1613 βασιλείας
468 1579 518 1614 τὴν
539 1579 698 1614 συμφωνίαν
721 1579 775 1615 (58)
792 1588 798 1594 ·
828 1589 909 1607 παντ-

965 1571 1003 1610 ita
1017 1587 1048 1610 ut
1064 1583 1139 1609 solus
1153 1581 1236 1609 Pater
1249 1581 1377 1609 omnibus
1388 1581 1512 1614 omnino,
1528 1586 1555 1608 et
1569 1581 1620 1616 ipsi
1643 1589 1753 1616 quoque

121 1623 269 1659 αρχοῦντος
282 1624 330 1660 μὲν
347 1624 459 1652 καθόλου
472 1624 591 1657 πάντων,
608 1625 656 1651 καὶ
674 1624 756 1652 αὑτοῦ
773 1625 819 1652 τοῦ
837 1625 912 1659 Υίοῦ,

965 1628 1033 1656 Filio
1046 1628 1202 1655 dominetur
1217 1637 1224 1661 ;
1242 1627 1328 1655 Filius
1352 1620 1514 1655 vero'Patri
1533 1627 1706 1662 subjiciatur,
1723 1632 1751 1655 et

124 1669 204 1704 μόνου
224 1669 270 1696 τοῦ
294 1671 400 1706 Πατρός
411 1679 417 1685 ·
432 1669 480 1697 τοῦ
495 1671 524 1697 δὲ
544 1669 610 1697 Υίοῦ
628 1671 848 1706 ὑποτεταγμένου
874 1671 913 1707 τῷ

965 1675 1010 1702 illo
1024 1679 1136 1709 excepto
1154 1674 1282 1701 omnibus
1295 1678 1357 1709 post
1372 1674 1448 1701 illum
1470 1674 1627 1701 dominetur
1644 1682 1704 1708 quae
1716 1674 1751 1701 ab

122 1715 211 1751 Πατρί
221 1724 229 1731 ·
240 1716 318 1747 sub;
332 1716 360 1742 δὲ
375 1715 456 1743 αὐτοῦ
471 1716 579 1743 πάντων
596 1718 654 1752 μετ’
665 1717 746 1743 αὑτὸν
759 1716 913 1752 βασιλεύον-

965 1721 1022 1756 ipso
1038 1720 1108 1748 facta
1123 1724 1187 1747 sunt
1204 1729 1212 1753 ;
1229 1724 1257 1747 et
1273 1719 1392 1754 Spiritus
1414 1721 1502 1748 sancti
1521 1720 1635 1755 gratiam
1659 1719 1750 1747 Patris

121 1769 168 1792 τος
193 1761 248 1787 τῶν
274 1762 309 1788 δι’
333 1761 414 1788 αὐτοῦ
440 1762 605 1798 γενομένων,
629 1764 677 1789 καὶ
700 1763 750 1798 τὴν
763 1763 809 1790 τοῦ
835 1763 913 1797 ἁγίου

965 1767 1113 1799 voluntate,
1132 1766 1236 1794 sanctis
1252 1766 1354 1793 affatim
1375 1767 1516 1801 largiatur.
1539 1765 1585 1794 Sic
1599 1767 1672 1794 enim
1690 1766 1751 1801 ejus

122 1806 281 1841 Πνεύματος
301 1807 382 1842 χάριν
406 1807 531 1842 ἀφθόνως
549 1809 606 1840 τοῖς
630 1808 718 1843 ἁγίοις
740 1808 912 1845 δωρουμένου

965 1821 1024 1849 quae
1042 1814 1068 1840 in
1091 1813 1201 1840 Christo
1216 1816 1259 1840 est
1274 1812 1440 1840 monarchia:
1455 1812 1589 1840 rationem
1612 1818 1749 1846 constare,

122 1852 249 1888 πατρικῷ
277 1853 438 1888 βουλήματι.
463 1853 541 1880 Οὕτω
567 1853 622 1888 γὰρ
643 1854 688 1881 τὸν
712 1855 775 1891 περὶ
796 1855 846 1890 τῆς
873 1856 913 1887 είς

965 1867 1041 1888 saera
1057 1859 1136 1887 nobis
1151 1859 1259 1894 eloquia
1273 1858 1453 1887 tradiderunt.

121 1901 240 1936 Χριστὸν
269 1900 417 1936 μοναρχίας
448 1900 621 1928 συνίστασθαι
655 1901 733 1936 λόγον
759 1902 912 1937 παρέδοσαν

120 1948 188 1982 ἡμῖν
204 1947 229 1972 οἱ
246 1947 314 1981 ἱεροὶ
327 1946 411 1981 λόγοι.

160 1993 206 2018 ΧΑ
219 1992 312 2018 Ταῦτα
334 1991 546 2028 ἠναγκάσθημεν
570 1993 639 2028 μετὰ
663 1994 712 2029 τὴν
736 1994 765 2020 ὲν
793 1994 910 2030 ἐπιτομῇ

995 1993 1031 2020 Χ.
1051 1992 1136 2020 «Haec
1158 1992 1245 2020 coacti
1271 2000 1378 2026 sumus,
1402 1996 1463 2027 post
1485 1991 1563 2019 iidem
1583 1991 1748 2026 compendio

123 2039 336 2074 προεκτεθεῖσαν
362 2038 452 2065 πίστιν
484 2039 652 2074 πλατύτερον
676 2040 910 2076 ὲπεξεργάσασθαι

965 2039 1079 2066 antehac
1093 2039 1301 2071 editam,i‘usius
1314 2039 1460 2073 explicare,
1474 2046 1528 2065 non
1544 2037 1680 2072 superﬂua
1691 2046 1750 2065 am-

122 2085 154 2110 οὑ
169 2083 239 2110 κατὰ
262 2083 392 2119 περιττὴν
411 2083 578 2119 φιλοτιμίαν,
600 2084 657 2111 ἀλλ’
678 2085 722 2112 ἵνα
747 2087 837 2112 πᾶσαν
860 2086 910 2122 τὴν

965 2085 1067 2112 bitione
1082 2085 1207 2120 impulsi,
1222 2085 1268 2112 sed
1286 2088 1315 2111 ut
1333 2084 1448 2111 alienam
1461 2091 1569 2110 onmem
1583 2083 1617 2110 de
1632 2083 1683 2110 lide
1697 2091 1748 2111 no-

121 2130 172 2165 τῆς
186 2129 320 2165 ἡμετέρας
338 2129 497 2165 ὑπολήψεως
521 2129 664 2166 ἀλλοτρίαν
692 2131 908 2167 ἀνακαϐἁρωμεν

965 2135 1018 2158 stra
1042 2131 1226 2166 suspicionem
1252 2131 1423 2161 levaremus,
1448 2137 1543 2157 eorum
1567 2129 1685 2156 maxime
1701 2129 1748 2164 qui

121 2174 238 2209 ὑποψίαν
256 2174 330 2210 παρὰ
345 2176 400 2206 τοῖς
416 2174 450 2201 τὰ
466 2174 525 2201 καθ’
540 2175 614 2210 ἡμᾶς
629 2175 766 2210 ἀγνοοῦσι,
783 2176 829 2203 καὶ
837 2176 908 2211 γνῶ-

965 2185 1051 2206 rerum
1069 2183 1225 2206 nostrarum
1242 2177 1360 2212 imperiti
1380 2180 1454 2209 sunt,
1466 2180 1548 2210 utque
1560 2175 1748 2203 Occidentales

121 2230 163 2247 σιν
177 2221 202 2248 οἱ
216 2221 285 2248 κατὰ
306 2221 354 2256 τὴν
371 2221 446 2247 δύσιν
468 2221 579 2254 πάντες,
597 2221 664 2257 ὁμοῦ
684 2223 733 2258 μὲν
754 2223 804 2258 τῆς
827 2232 908 2250 συκο-

965 2232 1053 2252 omnes
1060 2232 1120 2251 cum
1129 2223 1345 2251 adversariorum
1353 2222 1535 2257 sycophantize
1543 2221 1748 2256 impudentiam,

121 2267 236 2303 φαντίας
250 2267 304 2293 τῶν
322 2267 484 2303 ἑτεροδόξων
495 2267 545 2303 τὴν
562 2268 707 2301 ἀναίδειαν,
721 2270 789 2305 ὁμοῦ
808 2270 837 2297 δὲ
853 2270 907 2298 τῶν

965 2275 1018 2298 tum
1034 2269 1216 2297 Orientalium
1231 2269 1446 2297 ecclesiasticam
1463 2267 1489 2294 in
1504 2267 1621 2295 Domino
1636 2272 1747 2294 sentem

159 2336 180 2352 ¹³
195 2336 274 2364 Prov.
289 2345 348 2370 VIII,
360 2336 405 2364 22.

157 2415 213 2449 (51)
228 2416 281 2442 Καί
296 2416 370 2443 deest
393 2415 420 2443 in
439 2415 515 2443 Socr.
540 2413 612 2442 Infra
632 2414 703 2442 idem
727 2418 754 2442 et
775 2413 845 2447 Nic.,
860 2414 906 2441 καὶ

965 2415 1068 2447 τόπους.
1085 2414 1151 2442 Ibid.
1176 2415 1331 2450 Nicephor.,
1353 2416 1450 2446 τόπους
1465 2414 1492 2450 δέ
1513 2414 1567 2441 καί.
1590 2413 1660 2440 Infra
1680 2413 1745 2450 [ζόα.

121 2450 242 2477 Θέλοντα.
294 2485 302 2486 7
382 2485 393 2486 7
471 2483 501 2486 7_7
549 2484 568 2486 7
580 2485 584 2486 7
726 2484 739 2486 7

965 2450 1039 2478 Socr.
1060 2456 1086 2477 et
1103 2449 1258 2486 Nicephor.,
1282 2451 1454 2485 σωματικῶς.
1478 2449 1558 2482 Editi,
1584 2449 1746 2484 σωματικῶν

157 2485 213 2521 (52)
227 2486 272 2513 Sic
291 2485 357 2521 Reg.
378 2485 455 2513 Socr.
471 2483 530 2512 Nic.
549 2484 619 2521 Edit.
636 2484 839 2521 vero7Co7mm.,
857 2486 907 2520 ἐμ-
959 2493 1110 2521 perperam.

157 2494 213 2521 (02)
227 2494 272 2513 me
293 2494 329 2513 rte
353 2506 357 2511 .
378 2494 455 2513 DOCI‘.
472 2494 530 2512 me.
549 2494 619 2512 mut.
636 2494 700 2512 vero
720 2494 839 2516 comm,
857 2494 907 2520 εμ-

121 2521 219 2556 φόσως.
242 2521 311 2548 Edit.
331 2494 491 2552 Parisiensq
507 2520 646 2555 ἑμφόϐιος.
662 2520 728 2556 l7bid.
753 2519 858 2556 βουνοί.
881 2525 908 2547 et

965 2494 1164 2554 ριίὲδῖῗόξζίυς
1179 2521 1273 2556 codex.
1294 2520 1444 2556 διαστάτως
1459 2520 1583 2554 ἀλλήλοις
1599 2528 1605 2545 :
1621 2520 1697 2547 deest
1710 2519 1744 2546 il-

121 2554 244 2590 Niceph.,
259 2557 289 2583 τὸ
308 2557 371 2591 περὶ
391 2555 472 2582 αὐτοῦ
492 2554 648 2591 λεγόμενον.
667 2554 735 2582 Ibid.
756 2555 822 2590 Reg.
846 2560 907 2590 post

968 2555 1003 2582 ud
1018 2557 1044 2582 in
1061 2555 1137 2591 Socr.
1151 2561 1176 2583 et
1190 2555 1333 2590 Nicephor.
1348 2555 1406 2581 Mox
1422 2556 1500 2582 iidem
1515 2555 1584 2591 5101.

119 2589 224 2625 λέγοντι
242 2591 321 2618 habet
335 2589 386 2618 ὅτι.
561 2589 578 2626 ί
614 2625 626 2626 7
747 2624 776 2626 __,
799 2589 808 2590 ί
831 2589 853 2626 ί

994 2591 1050 2626 (57)
1066 2591 1103 2618 Ita
1119 2590 1184 2626 Reg.
1200 2589 1281 2626 Editi,
1298 2591 1547 2625 ἐπαναπαυομένου.
1562 2589 1659 2626 Totum
1671 2590 1745 2618 hunc

157 2627 214 2660 (55)
230 2626 275 2653 Sic
290 2634 385 2654 omnes
398 2634 464 2654 mss.
481 2631 506 2661 et
517 2625 592 2653 editi.
611 2625 688 2652 Socr.
703 2629 730 2661 et
747 2624 904 2659 Nicephor.,
956 2624 1046 2653 locum
1062 2627 1102 2654 sic
1120 2624 1220 2653 habent
1239 2625 1315 2652 Socr.
1333 2631 1359 2653 et
1380 2624 1503 2660 Nini-plu,
1523 2626 1570 2652 καὶ
1592 2625 1744 2661 μόνονγτοῖς

119 2662 298 2697 ἑκτισμένοιςς
317 2661 400 2689 Paulo
415 2667 476 2695 post
491 2660 581 2697 Socr"
601 2661 663 2697 τοῖς
674 2660 823 2697 ἀλλοτρίοις
842 2661 906 2696 τρό-

965 2661 1090 2697 τατρῴοις
1108 2661 1217 2692 κόλποις
1238 2661 1451 2695 ἀναπαυόμενον.
1472 2661 1556 2688 Paulo
1574 2665 1635 2697 post
1650 2660 1743 2697 ﬁdem,

120 2705 180 2723 πον.
203 2696 265 2724 Mox
288 2696 366 2732 Heg.,
382 2698 429 2723 καὶ
442 2696 532 2724 αὐτόν.
547 2695 683 2723 Particula
705 2695 751 2722 καί
774 2696 800 2722 in
826 2695 905 2724 editis

965 2695 1119 2732 ιγιωτάτην,
1136 2697 1181 2723 τὸν
1198 2697 1308 2732 Πατέρα
1324 2696 1447 2730 λέγοντες
1458 2697 1538 2729 Θεὸν,
1550 2697 1597 2732 καὶ
1610 2696 1656 2723 τὸν
1668 2695 1741 2728 Υἰὺν,

119 2733 205 2759 deest.
229 2766 237 2767 7
285 2766 297 2767 7
332 2731 339 2732 ί
621 2765 666 2767 777
682 2765 687 2767 _
789 2765 803 2767 _
958 2733 989 2758 οὐ
1015 2732 1061 2759 δύο
1079 2731 1190 2763 τούτους
1204 2731 1296 2762 θεοὺς,
1315 2731 1372 2758 ἀλλ’
1386 2731 1432 2758 ἕνα
1454 2731 1650 2767 ὁμολογοῦμεν,
1672 2732 1742 2766 μετὰ

157 2767 213 2802 (54)
228 2766 266 2794 lla
284 2766 350 2799 Reg.
368 2771 395 2794 et
416 2767 497 2794 Basil.
522 2767 598 2802 bene.
615 2765 688 2802 7Editi
706 2773 766 2802 curn
787 2765 864 2802 Socr.
878 2770 906 2794 et

967 2767 1036 2798 Nic.,
1054 2768 1134 2802 κατὰ)
1147 2767 1176 2793 τὸ
1190 2768 1238 2802 τῇς
1253 2767 1377 2802 θεότητος
1388 2765 1505 2802 ἀξίωμα.
1576 2790 1582 2795 .

121 2800 430 2839 Νἱίτςιρίιληγεγενῆσθαι.
451 2802 510 2829 Mox
529 2801 595 2836 Reg.
613 2801 690 2828 Socr.
704 2806 731 2828 et
745 2800 903 2835 Nicephor.,

965 2838 972 2839 7
989 2802 1046 2837 (58)
1062 2800 1178 2839 Socr7.77et
1278 2800 1433 2837 συνάῳειαν.
1447 2800 1506 2830 Μοκ
1523 2803 1605 2839 μόνου
1626 2801 1700 2830 deest
1713 2801 1742 2828 in

120 2838 209 2873 mag.
223 2837 307 2873 l-iditil
316 2837 386 2872 ὑμᾶς
399 2846 546 2873 perperam.
596 2871 602 2873 _
711 2871 726 2873 μ
743 2871 748 2873 _
891 2871 895 2873 Α

965 2838 1067 2866 Socrate
1082 2842 1108 2866 et
1124 2837 1276 2871 Nierphoro

157 2872 214 2906 (35)
233 2871 277 2899 Sic
291 2871 357 2907 Reg.
374 2871 453 2900 Soer.
467 2878 494 2900 et
512 2871 622 2906 Niceph.
638 2873 666 2898 in
686 2871 765 2899 editis
783 2879 856 2899 vero.
871 2871 901 2898 οὐ
