1974 3037
280 96 332 125 735

560 97 589 124 S.
610 95 796 124 A'PHANASII
815 95 889 123 OPP.
911 96 1002 124 PARS
1018 97 1037 124 l.
1057 111 1093 118 -
1107 96 1292 124 HiSTORIC.\
1310 96 1354 123 ΕΤ
1373 96 1582 124 DOGMATICA.

1835 101 1879 127 756

280 155 358 188 tiam,
375 155 544 190 exploratam
559 154 687 185 habeant,
703 153 865 188 sinceroquc
880 153 1011 182 divinitus
1025 154 1064 181 in-

1118 153 1281 180 ἀνατολικῶν
1301 154 1332 180 τὸ
1354 154 1577 189 ἐκκλησιαστικὸν
1594 155 1622 181 έν
1636 156 1732 191 Κοριῳ
1752 156 1804 191 (59)
1824 159 1881 191 φρό-

280 202 446 237 Ipiratarnm
471 201 675 234 Scripturarum
691 200 848 228 testimonio
863 201 1064 234 confirmatam,

284 248 355 283 apud
368 255 416 275 eos
433 248 480 282 qui
499 252 588 274 mente
604 247 715 274 minime
730 254 857 281 perversa
873 252 947 274 sunt.
966 256 976 273 ι

316 295 361 321 27.
374 293 426 320 Sed
441 300 530 328 neque
543 293 584 320 his
598 297 730 320 steterunt
746 302 752 320 :
769 293 866 323 iterum
880 300 997 327 namque
1013 292 1068 320 Sir-

279 339 327 366 mii
348 339 478 365 adversus
502 337 650 365 Pbotinum
672 338 771 370 coacti,
788 338 868 364 aliam
888 338 947 364 lidei
962 338 1066 365 formu-

278 385 332 412 lam
350 384 505 417 ediderunt,
524 392 578 411 non
594 384 630 411 ita
646 385 792 419 prolixam,
810 392 897 418 neque
916 388 955 411 tot
976 385 1066 412 verbis

267 433 467 467 .conscriptatn-
485 441 491 459 :
512 432 559 459 sed
576 431 701 467 plurimis
719 432 860 462 detractis,
880 431 933 458 alia
952 431 1065 458 addide-

278 483 353 511 runt,
370 478 453 506 veluti
468 478 530 506 ea'a
546 477 710 513 quibusdam
732 478 784 505 sibi
802 477 1008 513 suggerentibus
1019 485 1065 506 ac-

278 524 426 559 cepissent.

317 579 327 596 ι
340 570 483 598 Credimus
500 570 527 596 in
547 577 631 596 unum
653 568 747 601 Deum,
766 568 874 596 Patrem
893 568 1066 603 omnipoten-

280 619 344 647 tem,
355 620 505 642 creatorem
521 619 548 641 et
563 613 693 642 factorem
705 614 829 641 omnium
843 625 849 641 :
863 622 896 642 ex
907 622 961 648 quo
976 614 1066 641 omnis

279 660 430 695 paternitas
448 660 473 686 in
495 659 564 686 C(elo
592 664 619 686 ct
643 659 669 686 in
695 663 766 686 terra
787 659 953 686 nominatur.
979 658 1012 686 Et
1038 659 1065 685 in

279 705 448 740 unigenitum
460 705 520 740 ejus
534 704 644 737 Filium,
661 704 807 731 Demittunt
833 710 956 732 nostrum
972 703 1065 731 Jesum

279 750 416 778 Christum
436 771 443 783 ,
470 758 504 778 ex
528 750 608 778 Patre
633 755 726 777 natum
753 756 814 778 ante
832 751 923 777 omnia
941 750 1039 778 saecula
1058 759 1064 777 :

280 795 364 822 Deum
379 803 413 823 ex
437 796 503 827 Deo,
518 796 611 822 lumen
633 803 667 822 ex
685 796 799 827 lumine,
816 803 865 830 per
878 803 958 830 quem
974 796 1065 823 omnia

279 841 351 869 facta
372 847 446 874 sunt,
468 849 529 876 quae
542 842 569 868 in
585 842 663 869 cmlis
686 845 714 869 et
727 849 788 876 quae
800 841 828 868 in
847 848 931 873 terra,
948 842 1066 869 visibiiia
1082 832 1103 859 Π

278 893 307 916 et
319 888 474 915 invisibilia.
487 887 538 921 Qui
552 887 671 914 Verbum
681 892 724 915 est
734 893 761 915 et
776 888 976 922 sapientia,lux
990 895 1064 921 vera,

279 938 307 961 et
321 934 373 960 vita
389 942 396 966 ;
410 933 456 968 qui
470 933 497 960 in
513 933 671 960 novissimis
685 933 782 960 diebus
798 937 906 967 propter
923 940 972 960 nos
985 934 1066 960 homo

281 978 368 1005 factus
383 983 441 1012 est;
457 983 591 1012 natusque
608 985 641 1005 ex
661 983 754 1006 sancta
773 977 893 1013 Virgine,
907 978 1065 1009 cruciﬁxus,

280 1028 406 1051 mortuus
426 1028 453 1050 et
477 1024 601 1058 sepultus
618 1032 626 1056 ;
655 1025 702 1059 qui
725 1024 877 1051 resurrexit.
896 1032 930 1051 ex
950 1024 1067 1051 mortuis

280 1070 362 1096 tertia
376 1069 430 1101 die,
444 1074 471 1096 et
488 1074 646 1104 assumptus
660 1075 703 1097 est
715 1070 742 1097 in
758 1071 870 1101 caelum,
885 1070 1015 1105 sedetque
1032 1070 1067 1097 ad

281 1116 419 1144 dexteram
431 1115 530 1143 Patris.
551 1115 585 1142 Et
598 1119 729 1143 venturus
744 1116 825 1152 593
841 1121 883 1144 est
898 1117 925 1143 in
942 1124 1068 1144 consum-

280 1161 402 1188 matione
419 1160 511 1188 saeculi
526 1160 651 1195 judicare
673 1161 750 1188 vivos
771 1165 798 1188 et
816 1166 949 1192 mortuos,
964 1166 991 1188 et
1007 1162 1067 1188 red-

280 1207 346 1234 dere
360 1206 509 1242 unicuique
524 1206 674 1234 secundum
691 1215 774 1242 opera
791 1215 851 1239 sua,
865 1207 944 1242 cujus
954 1215 1066 1242 regnum

279 1256 441 1287 perpetuum
458 1257 599 1287 permanet
614 1253 640 1279 in
664 1253 771 1280 inﬁnita
786 1253 895 1280 saecula.
917 1253 976 1279 Erit
994 1253 1069 1280 enim.

281 1299 379 1326 sedens
395 1299 428 1326 ad
443 1299 584 1326 dexteram
597 1298 697 1331 Patris,
715 1307 768 1326 non
785 1299 872 1326 solum
894 1299 920 1326 in
943 1300 995 1326 hoc
1018 1307 1068 1326 sae-

281 1344 355 1376 culo,
371 1345 417 1372 sed
433 1345 516 1371 etiam
534 1345 562 1371 in
578 1344 681 1372 futuro.
699 1344 731 1372 Et
745 1345 771 1371 in
785 1344 916 1378 Spiritum
931 1348 1066 1374 sanctum,

284 1389 338 1417 hoc
350 1394 401 1422 est,
416 1389 585 1417 Paracletum
602 1410 608 1422 ,
625 1398 705 1425 quem
722 1390 853 1425 apostolis
866 1390 1012 1424 pollicitus,
1027 1398 1067 1422 se.

280 1440 344 1470 post
366 1443 509 1464 ascensum
529 1444 608 1463 suum
635 1437 661 1462 in
686 1437 780 1469 caelos,
801 1436 961 1468 missurum,
984 1436 1067 1466 misit,

281 1487 312 1509 ut
323 1481 433 1509 doceret
445 1489 494 1509 eos
507 1486 535 1508 et
554 1487 709 1517 suggereret
724 1482 764 1509 eis
778 1482 869 1509 omnia
888 1489 896 1514 ς
926 1489 973 1516 per
986 1489 1066 1516 quem

1115 209 1199 236 νημα,
1218 201 1440 236 μαρτυρούμενον
1462 201 1598 233 ἀῦιάστως
1623 202 1675 228 ὑπὸ
1696 202 1750 228 τῶν
1770 202 1880 232 θεοπνεὼ

1116 252 1185 270 στων
1196 243 1322 278 Γραφῶν,
1337 244 1410 280 παρὰ
1424 246 1480 276 τοῖς
1495 244 1683 280 ἀδιαστρόφοις
1697 245 1763 280 (40).
1781 255 1791 273 ι

1115 297 1126 302 ’
1151 290 1196 317 27.
1214 290 1282 316 Ἀλλ’
1301 290 1361 316 οὐδὲ
1381 290 1486 322 τούτοις
1502 290 1640 326 ἐνέμειναν
1659 300 1666 306 ·
1690 291 1770 319 πάλιν
1788 292 1836 329 γὰρ
1855 292 1886 324 ἓν

1116 337 1220 372 Σιρμίῳ
1241 336 1412 368 συνελθόντες
1427 336 1498 364 κατὰ
1516 337 1659 370 Φωτεινοῦ,
1671 338 1731 364 τότε
1749 339 1881 374 συνέθηκαν

1115 380 1192 414 αὖθις
1206 382 1308 414 πίστιν,
1324 382 1415 409 οὐκέτι
1428 383 1476 418 μὲν
1492 383 1564 410 οὕτω
1583 384 1747 419 σχοινοτενῆ,
1763 385 1818 412 οὐδὲ
1829 395 1881 413 τοσ-

1116 427 1201 463 αύτην
1217 429 1273 460 τοῖς
1295 429 1430 463 ῥήμασιν·
1448 429 1593 463 ἀφελόντες
1614 429 1642 455 δὲ
1658 430 1693 456 τὰ
1711 430 1818 457 πλεῖστα
1844 432 1882 458 καὶ

1115 473 1279 509 προσθέντες
1294 474 1362 501 ἄλλα
1378 495 1385 507 ,
1409 474 1504 510 ὥσπερ
1525 475 1554 508 ἐξ
1578 475 1714 511 ὑποϐολῆς
1730 477 1802 512 παρά
1816 486 1883 504 τινων

1115 519 1289 552 ἀκούσαντες,
1303 520 1424 555 ἔγραψαν
1434 520 1530 547 ταῦτα.

1153 565 1207 600 (41)
1228 575 1236 590 ι
1250 566 1415 601 Πιστεύομεν
1437 567 1476 598 είς
1501 566 1549 593 ἕνα
1571 567 1648 600 Θεὸν,
1667 567 1776 604 Πατέρα
1797 577 1884 595 παντο-

1117 611 1247 646 κράτορα,
1262 611 1308 638 τδν
1327 611 1438 646 κτίστην
1455 612 1501 638 καὶ
1517 612 1633 648 ποιητὴν
1656 613 1712 639 τῶν
1736 613 1845 645 πάντων,
1860 613 1885 646 ἐξ

1116 654 1146 683 οὗ
1163 657 1236 683 πᾶσα
1248 658 1351 692 πατριὰ
1365 659 1393 684 ὲν
1405 657 1511 693 οὐρανῷ
1524 658 1580 693 (42)
1597 659 1644 684 καὶ
1659 659 1706 685 ἐπὶ
1727 659 1777 693 γῆς
1798 659 1882 694 ὀνομά-

1117 701 1208 734 ζεται·
1229 702 1276 728 καὶ
1292 703 1332 734 είς
1348 703 1393 730 τὸν
1408 704 1539 739 μονογενῆ
1557 703 1639 731 αὑτοῦ
1655 705 1718 731 Υἱὸν
1741 705 1785 731 τον
1797 705 1885 740 Κύριον

1117 748 1196 783 ἡμῶν
1217 748 1320 784 Ἰησοῦν
1343 750 1390 776 τὸν
1414 750 1547 786 Χριστὸν,
1574 750 1619 777 τὸν
1645 751 1699 786 πρὸ
1721 751 1824 778 πάντων
1841 751 1884 777 τᾶν

1118 792 1222 818 αἰώνων
1238 794 1270 820 ἐκ
1284 793 1330 820 τοῦ
1350 794 1457 829 Πατρὺς
1478 794 1642 830 γεννηθέντα
1657 803 1664 810 ·
1684 795 1750 822 Θεὸν
1767 796 1797 821 ἐκ
1818 795 1883 828 Θεοῦ,

1118 838 1175 871 ’,ρῶς
1191 839 1224 865 ἐκ
1237 839 1333 873 φωτὸς,
1350 840 1385 866 δι’
1408 837 1439 866 οὗ
1459 841 1566 874 ἐγένετο
1581 841 1615 868 τὰ
1633 841 1734 873 πάντα,
1749 842 1782 869 τά
1794 850 1821 868 τε
1839 842 1884 877 (45)

1117 884 1146 911 ὲν
1160 887 1215 917 τοῖς
1231 885 1354 921 οὐρανοῖς
1371 887 1418 913 καὶ
1427 886 1461 913 τὰ
1480 887 1526 913 ἐπὶ
1541 887 1590 922 τῆς
1613 888 1675 922 γῆς,
1695 887 1728 914 τὰ
1751 887 1829 923 ὁρατὰ
1847 889 1884 914 καὶ

1118 930 1151 956 τὰ
1167 931 1280 966 ἀόρατα-
1298 932 1382 966 Λόγον
1396 932 1459 959 ὄντα
1476 933 1522 959 καὶ
1538 933 1646 967 σοφίαν,
1667 934 1715 960 καὶ
1735 933 1791 968 φῶς
1808 933 1884 969 ἀληθι-

1118 977 1172 1010 νὸν,
1189 978 1235 1004 καὶ
1259 977 1347 1013 ζωήν·
1371 978 1416 1004 τὸν
1440 979 1482 1004 ἐπ’
1510 979 1632 1013 έσχατων
1655 978 1710 1006 τῶν
1735 979 1838 1014 ἡμερῶν
1857 978 1883 1004 δι’

1118 1024 1192 1058 ἡμᾶς
1205 1023 1453 1059 ὲνανθρωπήσαντα
1464 1032 1470 1038 ”
1482 1024 1528 1049 καὶ
1540 1023 1705 1059 γεννηθέντα
1719 1024 1751 1050 ὲκ
1762 1024 1808 1059 τῆς
1819 1024 1884 1057 ἁγίας

1117 1068 1269 1103 Παρθένου,
1290 1069 1337 1094 καὶ
1357 1069 1563 1104 σταυρωθέντα,
1584 1069 1630 1096 καὶ
1654 1068 1833 1102 ἀποθανόντα,
1847 1070 1884 1095 καὶ

1116 1115 1236 1149 ταφέντα
1250 1123 1257 1129 “
1276 1115 1322 1141 καὶ
1336 1115 1489 1142 ἀναστάντα
1503 1116 1534 1141 ἐκ
1553 1115 1660 1151 νεκρῶν
1674 1117 1707 1151 τῇ
1727 1116 1802 1152 τρίτῃ
1823 1115 1881 1151 ἡμέ-

1118 1168 1164 1195 ρᾳ.
1188 1160 1236 1186 καὶ
1257 1160 1444 1196 ἀναληφθέντα
1467 1161 1507 1192 εἰς
1529 1161 1661 1196 οὐρανὸν,
1686 1162 1733 1188 καὶ
1759 1161 1884 1188 καθεσθέν-

1117 1214 1151 1231 τα
1166 1205 1220 1241 (M)
1241 1206 1269 1232 ὲν
1288 1205 1363 1242 δεξιᾷ
1387 1206 1434 1233 τοῦ
1458 1206 1582 1242 Πατρός·
1612 1208 1660 1234 καὶ
1683 1207 1821 1243 ἐρχόμενον
1845 1206 1883 1233 ἐπὶ

1119 1251 1257 1287 συντελείᾳ
1283 1251 1330 1278 τοῦ
1350 1252 1446 1284 αἰῶνος
1469 1253 1560 1288 κρῖναι
1584 1252 1690 1285 ζῶντας
1705 1254 1750 1280 καὶ
1768 1252 1882 1288 νεκροὺς.

1119 1298 1166 1325 κα).
1201 1298 1347 1325 ἀποδοῦναι
1381 1298 1489 1334 ἑκάστῳ
1523 1299 1594 1326 κατὰ
1627 1299 1664 1326 τὰ
1699 1299 1765 1335 ἔργα
1794 1297 1881 1325 αὑτοῦ*

1118 1340 1180 1379 οὗή
1205 1343 1343 1378 βασιλεία,
1371 1344 1582 1376 ἀκατάπαυστος
1608 1343 1694 1377 οὖσα,
1718 1345 1831 1380 διαμένει
1851 1343 1881 1374 είς

1118 1391 1181 1422 τοὺς
1216 1391 1345 1426 ἀπείρους
1373 1391 1490 1423 αἰῶνας·
1523 1391 1600 1418 ἔσται
1630 1392 1688 1428 γὰρ
1724 1390 1882 1425 καθεζόμενος

1119 1437 1148 1461 ὲν
1161 1435 1234 1471 δεξιᾷ
1256 1435 1302 1462 τοῦ
1320 1437 1436 1472 Πατρὺς,
1450 1437 1479 1463 οὑ
1500 1437 1579 1472 μόνον
1594 1439 1623 1464 ὲν
1640 1437 1682 1473 τῷ
1703 1437 1776 1464 αἰῶνι
1794 1435 1878 1470 τούτῳ,

1120 1480 1191 1508 ἀλλὰ
1215 1481 1261 1508 καὶ
1279 1482 1307 1508 ἐν
1327 1481 1366 1517 τῷ
1389 1481 1512 1517 μέλλοντι
1525 1491 1531 1496 ·
1558 1483 1605 1509 καὶ
1630 1484 1672 1514 εἰς
1687 1483 1717 1509 τὸ
1740 1481 1840 1516 Πνεῦμα
1860 1479 1881 1506 τὸ

282 1535 379 1555 omnes
396 1528 504 1560 animae,
516 1536 577 1563 quae
591 1530 620 1555 in
632 1536 694 1555 eum
708 1528 813 1555 sincere
827 1528 952 1559 credunt,
966 1527 1069 1555 sancti-

1120 1527 1207 1561 ἅγιον,
1228 1527 1350 1554 τουτέστι
1370 1528 1416 1555 τὸν
1446 1528 1624 1564 Παράκλητον
1639 1549 1646 1560 .
1676 1529 1743 1564 ὅπερ
1767 1529 1882 1562 ,ἐπαγγει-

282 1573 410 1602 ﬁcantur.

1121 1573 1236 1609 λάμενος
1253 1575 1308 1607 τοῖς
1330 1575 1487 1607 ἀποστόλοις
1506 1595 1514 1607 ,
1538 1575 1608 1610 μετὰ
1635 1575 1686 1611 τὴν
1714 1576 1752 1606 είς
1773 1571 1882 1607 οὐρανοὺς

283 1620 366 1647 αὐτοῦ
382 1621 473 1648 ἄνοδον
487 1621 654 1653 ἀποστεῖλαι,
669 1620 771 1652 διδάξαι
791 1621 838 1647 καὶ
854 1620 1010 1656 ὑπομνῆσαι
1030 1619 1129 1651 αὐτοὺς
1145 1620 1234 1647 πάντα
1247 1641 1254 1653 ,
1281 1620 1402 1656 έπεμψε¹
1435 1622 1469 1648 δι’
1491 1617 1521 1648 οὗ
1542 1622 1589 1648 καὶ
1618 1621 1775 1656 ἁγιάζονται
1796 1620 1821 1646 αἱ
1839 1617 1881 1645 τῶν

283 1670 436 1706 εἰλικρινῶς
453 1671 493 1702 εἰς
507 1671 589 1697 αὑτὸν
606 1662 825 1696 πεπιστευκότων
843 1669 936 1704 ψυχαί.

319 1725 340 1753 l.
359 1735 367 1751 ι
380 1725 435 1752 Eos
447 1733 527 1760 porro
541 1726 587 1760 qui
601 1725 705 1756 dicunt,
722 1725 819 1752 Filium
835 1733 867 1752 ex
885 1733 937 1752 non
960 1729 1070 1752 exstan-

284 1772 368 1803 tibus,
389 1776 436 1799 aut
453 1779 485 1798 ex
500 1771 553 1798 alia
570 1771 736 1804 substantia,
750 1775 778 1798 et
794 1779 849 1798 non
864 1779 896 1798 ex
915 1771 970 1798 Deo
986 1779 1046 1799 esse
1061 1779 1068 1798 :

284 1822 333 1844 aut
345 1822 451 1851 tempus
467 1817 509 1844 vel
524 1816 654 1844 saeculum
673 1817 757 1844 fuisse
765 1824 826 1843 cum
844 1816 1071 1849 exsisteret,alie-

285 1870 335 1890 nos
351 1870 365 1889 a
383 1870 412 1890 se
423 1863 545 1897 agnoscit
558 1867 653 1890 sancta
668 1867 695 1889 ct
705 1862 838 1889 catholica
853 1861 985 1889 Ecclesia.

320 1908 350 1935 ll.
372 1918 380 1934 ε
393 1908 492 1936 lterum
506 1917 571 1944 ergo
587 1909 703 1936 dicimus
717 1918 723 1936 :
739 1909 768 1936 Si
780 1909 842 1943 quis
858 1908 966 1936 Patrem
983 1913 1010 1936 et
1023 1909 1069 1937 Fi-

285 1954 351 1980 lium
368 1954 438 1981 duos
450 1953 519 1981 Deos
538 1954 615 1986 dicit,
634 1954 777 1982 anathema
793 1958 862 1981 esto.

321 2000 364 2028 lli.
388 2010 397 2026 l
413 2001 445 2028 Et
458 2001 480 2029 si
503 2001 576 2036 quis,
595 2009 656 2028 cum
679 2001 751 2029 dicat
773 2001 856 2028 Deum
879 2001 1028 2032 Christum,
1044 2005 1071 2028 et
1105 2015 1107 2017 ι

285 2053 348 2075 ante
360 2048 459 2075 saecula
475 2046 521 2074 Dei
542 2047 640 2074 Filium
663 2055 737 2079 esse,
757 2047 882 2074 eumdem
905 2055 958 2074 non
982 2048 1068 2074 conti--

285 2099 375 2122 teatnr
382 2095 413 2121 ad
427 2094 592 2122 creationem
607 2094 796 2122 universorum
808 2093 880 2121 Patri
890 2093 1068 2126 ministrasse,

288 2141 430 2168 anathema
445 2145 513 2167 esto.

1156 1726 1177 1752 l.
1198 1734 1207 1749 ι
1220 1724 1289 1756 Τοὺς
1308 1725 1336 1751 δὲ
1361 1723 1489 1758 λέγοντας
1509 1723 1539 1756 ἐξ
1558 1724 1608 1750 οὐκ
1620 1723 1706 1750 ὄντων
1720 1723 1763 1750 τὸν
1781 1718 1880 1754 rant

1120 1771 1150 1803 ἐξ
1167 1771 1262 1806 ἑτέρας
1273 1770 1458 1802 ὑποστάσεως,
1475 1770 1523 1797 καὶ
1544 1770 1581 1805 μὴ
1594 1771 1626 1797 ὲκ
1640 1769 1689 1796 τοῦ
1702 1768 1778 1801 Θεοῦ,
1793 1767 1833 1794 καὶ
1849 1766 1880 1792 ὅτι

1119 1817 1154 1854 ἦν
1175 1818 1270 1853 χρόνος
1291 1817 1307 1852 ἢ
1332 1816 1410 1848 αἰὼν,
1433 1817 1477 1843 ὅτε
1501 1817 1552 1844 οὒκ
1570 1814 1614 1852 ἦν,
1635 1815 1787 1852 ἀλλοτρίους
1799 1812 1879 1846 οἶδενή

1121 1864 1186 1898 ἁγία
1203 1864 1249 1890 καὶ
1262 1862 1317 1898 (45)
1337 1862 1467 1898 καθολικὴ
1490 1861 1650 1897 Ἐκκλησία.

1155 1909 1190 1937 Π.
1210 1918 1219 1934 ι
1236 1908 1321 1934 Πάλιν
1338 1906 1384 1935 οὖν
1398 1907 1533 1943 ἐροῦμεν·
1556 1907 1590 1934 Εἴ
1608 1916 1652 1940 τις
1673 1907 1718 1934 τὸν
1733 1905 1831 1940 Πατέρα
1844 1902 1879 1929 καὶ

1120 1954 1167 1981 τὸν
1178 1954 1242 1981 Υίόν
1255 1953 1301 1980 δύο
1316 1953 1390 1988 λέγει
1408 1953 1501 1986 Θεοῦς,
1516 1952 1638 1988 ἀνάθεμα
1659 1952 1736 1979 ἔστω.

1157 2000 1204 2027 Ill.
1223 2009 1232 2026 ι
1241 2000 1297 2026 Καὶ
1313 1999 1399 2031 εἴτις,
1412 1999 1499 2034 λέγων
1512 1999 1577 2026 Θεὸν
1588 1998 1634 2026 τὸν
1647 1998 1761 2034 Χριστὸν
1773 1995 1820 2031 πρὸ
1829 1992 1879 2020 altit-

1123 2054 1175 2072 νων
1190 2045 1245 2080 (46)
1260 2045 1324 2072 Υίὸν
1339 2044 1385 2071 τοῦ
1401 2044 1480 2076 Θεοῦ,
1499 2044 1692 2079 ὑπουργηκότα
1706 2043 1743 2078 τῷ
1757 2039 1832 2076 Πατρὶ
1848 2037 1879 2067 είς

1122 2093 1172 2128 τὴν
1188 2092 1242 2119 τῶν
1256 2092 1324 2119 ὅλων
1344 2091 1524 2127 δημιουργίαν
1543 2091 1580 2126 μὴ
1602 2090 1754 2126 ὁμολογοίη,
1779 2085 1879 2119 ἀνάθεμα

1122 2139 1202 2166 ἔστω.

321 2196 367 2224 ιν.
391 2207 399 2222 ι
423 2197 451 2224 Si
479 2197 540 2231 quis
571 2197 721 2233 ingenitum
753 2197 828 2224 illum
846 2217 852 2229 ,
890 2201 937 2224 aut
967 2201 1069 2232 partem

1159 2195 1204 2223 iV.
1225 2206 1234 2221 ι
1244 2196 1277 2222 Ei’
1285 2205 1326 2227 τις
1343 2196 1388 2222 τὸν
1405 2195 1550 2230 ἀγέννητον
1565 2194 1631 2230 (47),
1646 2195 1662 2230 ἦ
1680 2194 1760 2230 μέρος
1772 2187 1843 2218 αὐτοῦ
1855 2188 1879 2213 ὲκ

286 2243 346 2278 ejus
364 2251 396 2270 ex
408 2242 494 2270 Maria
509 2246 604 2270 natum
620 2243 710 2282 dicere
723 2243 806 2276 ausit,
821 2237 964 2269 anathema
985 2246 1054 2270 esto.

327 2334 359 2362 V.
377 2345 386 2358 σ
404 2333 432 2361 Si
458 2334 521 2370 quis
543 2333 694 2361 secundum
718 2331 917 2367 przescicnliam
936 2336 999 2358 ante
1016 2330 1071 2358 Ma-

325 2436 380 2469 t59)
402 2436 446 2462 ‘Ev
461 2435 556 2471 Κυρίῳ
571 2434 646 2461 deest
671 2433 742 2468 apud
758 2432 871 2468 Niceph.
895 2431 973 2459 Socr.
995 2432 1075 2459 habet

289 2473 318 2499 ὲν
337 2470 456 2499 Χριστῶ.

490 2510 517 2532 et
526 2504 599 2536 Nic...
616 2503 680 2540 παρ’
696 2503 786 2540 αὐτοῖς
800 2502 1075 2540 ἀδιαστρόφω;.-ριιςθ

291 2537 483 2575 Sequebantur,
500 2541 575 2571 τέλος
595 2537 697 2575 ταύτης
719 2539 768 2574 τῆς
787 2537 942 2575 ὁμολογίας,
963 2545 978 2564 a
1000 2537 1075 2575 Pari-

291 2573 427 2605 siensibus
452 2577 485 2603 de
511 2583 586 2602 more
614 2573 715 2607 addita,
738 2574 929 2609 expunximus,
947 2573 1019 2608 quod
1047 2573 1074 2600 in

290 2612 371 2646 nullis
389 2612 510 2638 lo.‘antur
524 2611 672 2639 codicibus.

329 2643 384 2676 ιιι)
401 2647 480 2673 Sexta
498 2646 558 2672 lidei
575 2645 690 2672 formula
711 2645 812 2678 scripta
830 2652 902 2670 anno
920 2643 980 2671 551.
996 2658 1030 2662 -
1044 2643 1074 2669 in

292 2682 356 2708 edit.
373 2681 471 2711 Paris.,
493 2681 575 2716 ἑτέρα
595 2681 642 2716 τῆς
657 2681 774 2712 πίστεως
786 2679 924 2713 ὁμολογία,
942 2686 1075 2716 qu:c_cu_m

292 2717 389 2743 desunt
401 2717 427 2743 in
442 2717 506 2743 edit.
521 2714 627 2743 Comm.
645 2722 673 2743 et
687 2717 713 2743 in
730 2716 856 2743 omnibus
873 2714 1075 2748 manuscriptis,

293 2752 394 2779 omissa
412 2757 483 2778 sunt.
507 2750 569 2778 Hazc
587 2751 646 2778 lidei
669 2751 806 2778 confessio
820 2754 910 2777 exstat
930 2749 1000 2783 apud
1024 2748 1076 2776 So~

294 2792 394 2814 cratem
412 2787 481 2814 libro
497 2795 527 2816 ιι,
545 2794 604 2819 cap.
619 2787 667 2818 '50,
686 2787 756 2819 apud
777 2785 958 2819 Nicephorum
973 2784 1019 2810 lib.
1037 2792 1075 2816 ix,

294 2830 353 2856 cap.
368 2822 412 2854 3i,
428 2827 454 2848 ct
468 2821 538 2856 apud
557 2821 687 2848 Hilarium
700 2821 735 2848 De
748 2820 863 2854 synodis,
879 2819 929 2846 col.
948 2819 1012 2846 lli!

1122 2242 1235 2276 Μαρίας·
1255 2241 1343 2276 λέγειν
1368 2241 1533 2276 γεγενῆσθαι
1559 2240 1614 2276 (48)
1641 2239 1746 2275 τολμᾷ,
1773 2234 1876 2269 ἀνάθεμα

1123 2287 1203 2314 ἔστω.

1159 2332 1192 2360 V.
1212 2343 1221 2358 ί
1235 2333 1266 2361 Εἰ
1281 2343 1322 2365 τις
1340 2333 1410 2360 κατὰ
1425 2333 1578 2369 πρόγνωσιν
1590 2333 1643 2370 πρὸ
1656 2331 1759 2368 Μαρίας
1771 2329 1834 2362 λέγει
1842 2325 1880 2352 τδν

1161 2433 1216 2467 (42)
1234 2433 1310 2461 Socr.
1326 2439 1353 2461 et
1365 2433 1436 2465 Nic.,
1455 2435 1484 2460 ὲν
1499 2435 1632 2469 οὐρανοῖς.

1230 2458 1267 2495 Te
1275 2458 1353 2504 deest
1663 2467 1731 2495 infra
1745 2464 1787 2493 καὶ
1801 2458 1878 2495 σοφίαν

1124 2503 1200 2531 deest
1213 2504 1283 2538 apud
1296 2503 1487 2538 Nicephorum.

1159 2538 1215 2573 (μ)
1232 2539 1309 2566 Socr.
1323 2543 1350 2566 et
1366 2539 1523 2574 Nicephor.,
1535 2539 1692 2566 καθίσαντα.

1162 2574 1216 2609 (1-5)
1237 2574 1265 2600 ln
1285 2574 1367 2608 Regio
1385 2575 1529 2602 xai'dcest.

1162 2610 1216 2642 (46)
1236 2609 1359 2643 Niccph.,
1373 2609 1545 2642 προαιώνιον.

1161 2645 1216 2676 (47)
1238 2644 1337 2681 [legitis
1353 2651 1379 2672 et
1391 2645 1471 2672 Basii.
1489 2646 1620 2681 ἀγένητον
1634 2644 1719 2671 minus
1728 2642 1804 2681 εξείῇ

1162 2670 1217 2721 (Ag)
1227 2670 1292 2723 Αδῑὲ
1298 2670 1407 2723 dissic;
1414 2670 1715 2723 arm.asseasse}?
1725 2670 1875 2723 δίεξᾞξξςγξί

1126 2706 1280 2751 γεννῆσοαι,
1294 2719 1320 2742 ct
1336 2716 1372 2742 ita
1391 2716 1531 2750 legendum
1555 2716 1668 2751 videtur.
1683 2706 1841 2751 Μοκ-ξιψξξξ·
1854 2707 1866 2751 ξ

1126 2738 1727 2787 ἁῖὲὲ-ὅῆἷξξῖίἒἐξέᾶἒὲἚέρὂὶγνῶἓὶιῖέὁνἔκ
1743 2738 1844 2777 Malim»
1854 2738 1875 2760 θ’

1128 2787 1163 2814 ita
1178 2786 1241 2821 legit
1255 2785 1382 2814 Hilazius.
