1974 3037
127 129 178 157 737

802 126 845 153 DE
865 126 1018 154 SYNUDIS.

1686 126 1737 154 738

127 187 192 214 Υἱὸν
204 184 286 219 εἶναι,
303 186 350 214 καὶ
371 186 408 222 μὴ
425 186 477 222 πρὸ
497 186 603 214 αἰώνων
623 186 655 212 ὲκ
672 184 718 211 τοῦ
738 185 843 220 Πατρὸς
859 193 905 218 γε-

972 184 1022 211 iam
1035 184 1134 212 Filium
1149 192 1210 213 esse
1226 184 1302 217 dicit,
1318 188 1346 212 et
1361 191 1415 212 non
1436 188 1498 211 ante
1508 183 1609 212 secula
1630 190 1664 210 ex
1683 182 1736 210 Pa-

125 231 290 267 γεννήμένον
306 232 373 266 πρὸς
384 232 429 257 τὸν
445 231 511 258 Θεὸν
528 229 609 263 εἶναι,
626 231 673 257 καὶ
686 229 720 256 δι’
733 230 815 256 αὐτοῦ
826 238 906 264 γεγε-

124 277 223 312 νῆσθαι
238 277 272 303 τὰ
285 277 382 308 πάντα,
394 276 517 312 ἀνάθεμα
532 277 611 303 ἔστω.

165 321 206 349 VI.
226 330 235 346 1
247 321 280 348 El
296 329 337 353 τις
358 321 408 357 τὴν
421 321 515 348 οὐσίαν
537 321 583 347 τοῦ
597 319 665 347 Θεοῦ
682 318 871 350 πλατύνεσθαι,
888 318 906 354 ἢ

124 367 317 393 συστέλλεσθαι
333 367 442 401 φάσκοι,
457 366 582 402 ἀνάθεμα
595 366 674 392 ἔστω.

164 412 219 439 VII.
242 422 251 438 1
263 412 295 439 Εἴ
313 421 355 444 τις
372 412 575 448 πλατυνομένην
593 412 643 446 τὴν
657 411 750 438 οὐσίαν
771 409 817 436 τοῦ
839 408 906 436 Θεοῦ

123 459 171 486 τὸν
186 459 250 486 Υἰὸν
273 459 347 493 λέγοι
368 460 464 491 ποιεῖν,
485 459 501 493 ἦ
518 459 564 485 τὸν
579 457 734 493 πλατυσμὸν
750 457 799 492 τῆς
814 456 907 487 οὐσίας

125 505 208 532 αὑτοῦ
224 505 286 531 Υἰὸν
303 505 441 540 ὀνομάζοι,
456 504 578 540 ἀνάθεμα
594 503 672 530 ἔστω.

161 551 231 578 VIII.
249 551 303 586 (49)
321 560 330 576 1
343 551 376 576 Εἰ
388 559 430 582 τις
445 550 595 577 ἐνδιάθετον
616 549 633 584 ἦ
649 548 813 585 προψορικὸν
829 548 907 582 λόγον

124 597 198 631 λέγει
212 596 257 623 τὸν
273 597 336 623 Υἰὸν
349 596 395 623 τοῦ
410 595 488 627 Θεοῦ,
505 595 627 632 ἀνάθεμα
637 595 716 622 έστω.

162 641 207 667 IX.
228 651 238 667 1
250 642 282 668 Εἰ
296 650 337 673 τις
351 641 494 677 ἄνθρωπον
508 641 587 676 μόνον
601 641 675 675 λέγει
690 640 735 667 τὸν
751 641 783 667 ἐκ
800 639 907 675 Μαρίας

126 686 201 718 Υἱὸν,
213 687 336 722 ἀνάθεμα
351 687 429 714 ἔστω.

162 733 196 760 Χ.
224 742 233 758 1
251 733 284 759 Et
298 741 340 764 τις
357 733 422 760 Θεὸν
447 733 494 760 καὶ
510 733 653 769 ἄνθρωπον
673 731 719 759 τὸν
741 732 774 758 ὲκ
799 731 908 767 Μαρίας

125 777 222 812 λέγων,
240 778 308 805 Θεὸν
324 778 370 805 τὸν
381 779 527 814 ἀγέννητον
547 778 617 805 οὕτω
632 779 687 805 νοεῖ
699 777 765 814 (50),
785 777 908 813 ἀνάθεμα

124 824 206 851 ἔστω.

959 235 998 258 tre
1009 231 1130 266 genitum
1146 231 1215 266 apud
1233 231 1316 258 Deum
1327 238 1398 262 esse.
1413 237 1446 257 ac
1461 237 1510 264 per
1526 237 1588 256 eum
1605 236 1659 256 non
1675 236 1736 255 om-

957 277 1001 304 nia
1018 277 1101 304 fuisse
1115 276 1196 309 facta,
1209 277 1353 304 anathema
1367 276 1412 303 sit.

993 323 1036 350 Vl.
1052 334 1061 349 1
1075 323 1101 350 Si
1119 324 1181 358 quis
1199 323 1246 350 Dei
1267 323 1448 350 substantiam
1466 322 1586 354 dilatari,
1606 325 1653 349 aut
1671 329 1737 349 cono

957 369 1028 396 trahi
1043 370 1152 402 dixerit,
1167 369 1313 396 anathema
1328 369 1372 396 sit.

993 413 1048 441 Vll.
1069 424 1079 440 1
1099 414 1127 442 Si
1142 415 1204 450 quis
1215 415 1358 442 dilatatam
1375 413 1422 441 Dei
1439 415 1619 442 substantiam
1637 412 1736 442 Filium

957 459 1046 487 facere
1059 460 1167 492 dixerit,
1181 465 1227 488 aut
1237 461 1424 488 dilatationem
1441 460 1601 488 substantia;
1615 461 1674 495 ejus
1690 458 1737 486 Fi-

957 506 1022 532 Iium
1038 506 1170 539 nominet,
1183 507 1328 533 anathema
1343 511 1412 534 esto.

993 551 1062 578 VIII.
1083 560 1092 577 1
1108 551 1136 578 Si
1162 551 1224 586 quis
1245 552 1381 579 internum
1405 556 1452 579 aut
1478 552 1655 587 prolatitium,
1679 559 1739 578 esse

958 597 1004 624 Dei
1017 596 1115 624 Filium
1131 597 1239 628 dixerit,
1258 597 1401 624 anathema
1413 598 1456 624 sit.

993 642 1038 669 IX.
1057 651 1066 668 1
1080 642 1108 669 Si
1124 642 1185 677 quis
1202 642 1301 669 Filium
1322 650 1354 669 ex
1374 642 1458 669 Maria
1479 642 1584 675 natum,
1598 643 1736 670 hominem

957 693 1062 716 tantum
1074 696 1135 715 esse
1146 687 1229 719 dicat,
1244 688 1388 715 anathema
1403 688 1448 715 sit.

991 734 1027 761 Χ.
1054 744 1064 759 1
1087 734 1116 761 Si
1139 734 1201 769 quis
1224 733 1309 760 Deum
1334 737 1361 761 et
1386 733 1523 760 hominem
1538 740 1571 760 ex
1588 732 1671 759 Maria
1691 740 1740 759 na-

959 784 1026 812 tum,
1052 779 1137 806 Deum
1158 778 1310 814 ingenitum
1334 778 1424 813 ipsum
1451 777 1583 813 intelligat
1597 798 1604 810 ,
1626 778 1739 818 anathe-

959 833 1003 853 ma
1014 825 1058 853 sit.

159 870 206 896 ΧΙ.
234 869 289 896 «Εἴ
302 879 344 901 τις
364 870 404 902 τὸ,
432 879 442 897 1
475 870 544 905 Ἐγὼ
568 871 633 902 Θεὸς
647 870 766 906 πρῶτος,
791 870 838 897 καὶ
852 868 908 904 ὶγὼ

992 871 1038 898 XI.
1057 881 1066 897 1
1080 870 1108 898 Si
1125 871 1188 906 quis
1203 870 1268 898 illud
1280 891 1288 903 ,
1308 879 1317 896 1
1330 869 1386 905 Ego
1403 869 1474 897 Deus
1496 869 1601 905 primus
1614 889 1622 901 ,
1643 874 1670 896 et
1689 875 1739 905 ego

123 916 195 951 μετά
206 915 302 949 ταῦτα,
314 917 361 942 καὶ
374 916 443 953 πλὴν
457 916 524 952 ἐμοῦ
538 917 587 943 οὐκ
600 916 656 943 ἐστι
667 916 742 948 Θεὸς,
755 926 764 942 ι
778 917 822 942 ἐπ’
835 916 909 943 ἀναι-

124 962 200 997 ρέσει
215 961 330 988 εἰδώλων
346 962 393 989 καὶ
408 962 462 989 τῶν
487 963 524 998 μὴ
549 963 633 990 όντων
655 963 723 990 θεῶν
743 962 888 998 εἰρημένον
899 982 906 995 ,

124 1007 169 1033 ἐπ’
181 1007 317 1043 ἀναιρέσει
330 1008 376 1034 τοῦ
394 1008 563 1042 Μονογενοῦς
576 1009 629 1044 πρὸ
643 1008 747 1035 αἰώνων
761 1007 828 1034 Θεοῦ
843 1009 908 1035 ἰου-

123 1052 225 1084 ὂαῖκῶς
243 1053 424 1089 ἐκλαμϐάνοι,
442 1054 566 1088 ἀνάθεμα
583 1055 662 1081 ἔστω.

160 1099 218 1125 XII.
240 1108 249 1124 1
260 1099 294 1125 Εἴ
305 1107 347 1131 τις
361 1099 402 1132 τὸ,
420 1109 431 1125 1
451 1100 479 1126 '0
492 1100 577 1134 Λόγος
593 1099 660 1136 σὰρξ
671 1099 788 1134 ἐγένετο,
805 1109 814 1126 ι
829 1099 909 1127 ἀκού-

124 1152 173 1176 ων,
188 1145 233 1172 τὸν
245 1145 329 1180 Λόγον
350 1147 390 1178 εἰς
407 1146 496 1182 σάρκα
516 1145 732 1182 μταδεῦλῆσθαι
752 1146 866 1181 νομίζοι,
890 1146 907 1182 ἢ

126 1190 226 1227 τροπὴν
241 1191 468 1227 ὑπομεμενηκότα
489 1191 662 1228 ἀνειληφέναι
686 1191 735 1227 τὴν
758 1191 847 1227 σάρκα
866 1191 909 1219 λέ-

130 1244 168 1270 ξοι
185 1236 253 1271 (51),
269 1236 394 1272 ἀνάθεμα
407 1236 487 1264 ἔστω.

161 1283 232 1309 XIII.
253 1293 262 1309 1
276 1283 310 1310 Εἴ
323 1291 374 1315 τις,
389 1283 434 1310 τὸν
449 1283 581 1319 μονογενῆ
593 1283 657 1310 Υὶὸν
671 1282 718 1310 τοῦ
733 1283 800 1310 Θεοῦ
815 1284 910 1311 ἐσταυ-

127 1334 250 1364 ρωμένον
265 1329 381 1362 ἀκούων,
397 1329 446 1365 τὴν
459 1329 573 1365 θεάτητα
583 1329 666 1356 αὑτοῦ
688 1329 742 1364 (52)
761 1329 874 1364 φθορὰν,
890 1328 908 1365 ἢ

127 1375 222 1407 πάθος,
239 1375 380 1411 ῆτροπὴν,
399 1376 415 1411 ἤ
439 1376 561 1412 μείωσιν,
581 1375 599 1411 ἢ
615 1375 755 1412 ἀναίρεσιν
772 1376 910 1412 ὑπομεμε-

126 1421 238 1456 νηκέναι
251 1420 334 1455 λέγοι,
348 1421 471 1457 ἀνάθεμα
486 1421 566 1448 ἔστω.

162 1463 233 1491 XIV.
254 1473 263 1490 1
277 1465 310 1492 Et
327 1473 368 1496 τις
391 1465 431 1497 τὸ,
458 1474 467 1491 1
483 1465 644 1501 Ποιήσωμεν
669 1465 820 1501 ἄνθρωπον,
835 1475 845 1491 ι
873 1465 910 1502 μὴ

123 1509 171 1536 τὸν
189 1509 296 1545 Πατέρα
318 1510 386 1546 πρὸς
399 1510 445 1537 τὸν
467 1511 530 1538 Υἱὸν
549 1510 654 1545 λέγειν,
676 1511 732 1538 ἀλλ’
749 1512 828 1538 αὑτὸν
843 1511 909 1547 πρὸς
924 1537 943 1548 ἦ

124 1554 222 1581 ἑαυτὸν
238 1554 310 1589 λέγοι
325 1556 370 1582 τὸν
388 1556 453 1583 Θεὸν
472 1556 622 1592 εἰρηκέναι,
636 1556 759 1592 ἀνάθεμα
775 1557 855 1584 ἔστω.

162 1599 221 1626 XV.
240 1601 295 1637 (55)
312 1610 321 1626 1
333 1601 367 1627 EE
378 1610 418 1633 τις
433 1601 470 1637 μὴ
486 1602 532 1628 τὸν
548 1602 611 1628 Υιὸν
625 1602 698 1637 λέγοι
716 1602 762 1629 τὸν
786 1603 910 1638 Ἀϐραὰμ

124 1646 273 1681 ἑωρᾶσθαι,
288 1647 355 1674 ἀλλὰ
369 1647 414 1674 τὸν
427 1647 573 1683 ἀγέννητον
587 1647 664 1681 Θεὸν,
680 1648 697 1684 ἢ
718 1648 800 1683 μέρος
814 1647 908 1676 αὑτοῦ.

125 1692 253 1728 ἀνάθεμα
269 1692 348 1720 ἔστω.

164 1734 234 1761 XVI.
251 1745 261 1761 1
272 1736 305 1762 Εῐ
316 1745 357 1768 τις
369 1736 408 1772 τῷ
425 1737 521 1764 Ἰακὼὸ
536 1738 572 1773 μὴ
585 1738 630 1765 τὸν
641 1737 706 1765 Υῑὸν
719 1737 757 1769 ὡς
769 1737 910 1773 ἄνθρωπον

127 1781 334 1818 πεπαλαικέναι,
361 1782 429 1810 ἀλλὰ
452 1783 497 1809 τὸν
522 1783 669 1819 ἀγέννητον
685 1783 761 1816 Θεὸν,
787 1783 803 1818 ἦ
829 1784 911 1820 μέρος

126 1826 305 1862 αὐτοὶλέγοι,
321 1827 443 1863 ἀνάθεμα
461 1827 540 1854 ἔστω.

165 1872 245 1900 XVII.
266 1883 275 1900 1
284 1875 318 1901 Εῐ
331 1883 373 1906 τις
385 1874 427 1906 τὸ,
442 1884 451 1900 1
464 1873 577 1909 Ἐϐρεξε
592 1873 694 1910 Κύριος
704 1874 759 1910 πῦρ
771 1875 845 1912 παρά
855 1875 911 1902 Κυ-

129 1928 139 1942 1
157 1918 226 1953 ρίου,
242 1927 251 1944 ι
274 1918 310 1954 μὴ
323 1919 369 1945 ἐπὶ
380 1919 427 1946 τοῦ
442 1920 549 1955 Πατρὸς
566 1920 613 1946 καὶ
628 1920 675 1946 τοῦ
695 1919 759 1946 Υἰοῦ
774 1920 912 1955 ἐκλαμϐά-

125 1973 178 1995 um,
193 1964 250 1990 ἀλλ’
270 1965 350 1992 αὐτὸν
375 1966 440 2002 παρ’
457 1966 553 1993 ἑαυτοῦ
575 1966 647 2000 λέγει
667 1966 834 2002 βεϐρεχέναι.
847 1966 912 1994 ἀνά-

126 2011 200 2044 θεμα
212 2010 296 2037 ἔστω·
313 2011 404 2047 ἔϐρεξε
420 2011 473 2048 γὰρ
489 2011 589 2048 Κύριος
602 2013 616 2038 ό
633 2012 697 2044 Υιὸς
711 2012 788 2048 παρὰ
808 2012 910 2048 Κυρίου

127 2055 176 2081 τοῦ
190 2055 306 2090 Πατρός.

165 2101 258 2128 XVIII.
277 2111 286 2127 1
299 2103 332 2129 Ετ
343 2111 395 2136 τις,
410 2103 515 2130 ἁκούων
534 2104 635 2141 Κύριον
657 2103 702 2130 τὸν
721 2103 842 2140 Πατέρα,
864 2104 912 2131 καὶ

127 2147 174 2173 τὸν
198 2147 260 2174 Υἱὸν
274 2148 386 2184 Κύριον,
411 2150 459 2176 καὶ
475 2149 577 2186 Κύριον
599 2149 645 2176 τὸν
659 2149 770 2185 Πατέρα
792 2150 839 2176 καὶ
866 2150 911 2176 τὸν

128 2193 194 2219 Υἱὸν
206 2213 213 2224 ,
228 2194 288 2220 ἐπεὶ
308 2194 408 2230 Κύριος
425 2196 458 2221 ἐκ
472 2196 573 2231 Κυρίου
587 2195 652 2231 (54),
666 2195 712 2222 δύο
730 2195 802 2229 λέγει
817 2195 910 2228 Θεοὺς,

958 920 1051 950 postea
1068 920 1094 942 et
1108 920 1205 949 praeter
1219 922 1262 941 me
1272 922 1326 941 non
1340 919 1382 941 est
1397 913 1468 941 Deus
1478 914 1510 946 ",
1523 924 1532 940 ι
1550 916 1621 948 quod
1636 915 1668 941 ad
1685 916 1740 941 ido-

957 961 1057 993 Iorum,
1073 961 1258 995 falsorumque
1275 961 1388 987 deorum
1404 961 1610 988 subversiouem
1636 961 1738 988 dictum

957 1012 1010 1039 est,
1028 1007 1234 1035 subversionem
1256 1006 1405 1041 Unigcniti,
1427 1011 1489 1033 ante
1502 1007 1602 1033 saecula
1617 1006 1674 1039 Dei,
1688 1006 1740 1034 Ju-

958 1053 1036 1080 daico
1052 1061 1126 1080 more
1140 1054 1268 1088 accipiat,
1280 1053 1424 1080 anathema
1441 1053 1487 1080 sit.

994 1094 1051 1126 XII.
1081 1108 1090 1125 1
1107 1098 1136 1126 Si
1161 1100 1224 1134 quis
1250 1100 1338 1131 illud,
1370 1108 1380 1125 ι
1399 1098 1515 1126 Verbum
1546 1107 1610 1127 caro
1635 1099 1738 1127 factum

961 1153 970 1170 1
981 1149 1022 1172 est
1033 1144 1065 1177 ",
1082 1153 1091 1170 ι
1103 1145 1227 1178 audiens,
1236 1144 1355 1172 Verbum
1371 1145 1397 1171 in
1408 1151 1518 1171 carnem
1533 1151 1666 1172 mutatum
1679 1154 1740 1174 esse

958 1191 1118 1223 existimet,
1142 1195 1190 1218 aut
1213 1191 1393 1218 mutationem
1411 1191 1583 1225 quamdam,
1605 1191 1632 1218 in
1660 1199 1739 1218 assu-

959 1237 1057 1264 mendo
1069 1244 1190 1269 carnem,
1209 1244 1319 1272 passum
1336 1244 1398 1264 esse
1413 1237 1496 1268 dicat,
1514 1237 1659 1264 anathema
1676 1238 1720 1265 sit.

993 1282 1062 1310 XIII.
1089 1292 1099 1308 1
1115 1282 1144 1310 Si
1169 1283 1231 1318 quis
1256 1283 1425 1318 unigenitum
1445 1282 1543 1310 Filium
1561 1282 1608 1310 Dei
1635 1284 1740 1311 cruciﬁ-

959 1336 1023 1356 xum
1037 1328 1161 1360 audiens,
1181 1328 1350 1356 divinitatem
1371 1327 1430 1362 ejus
1443 1329 1655 1363 corruptionem.
1676 1337 1740 1364 pas-

960 1375 1062 1401 sionem
1076 1393 1083 1405 ,
1110 1378 1287 1401 mutationem
1302 1394 1310 1407 ,
1341 1373 1550 1401 diminutionem
1567 1379 1614 1402 aut
1633 1375 1740 1402 destru—

960 1420 1075 1448 ctioneln
1092 1421 1210 1448 subiisse
1223 1420 1306 1452 dicat,
1322 1420 1466 1447 anathema
1484 1420 1528 1448 sit.

995 1465 1065 1494 XIV.
1089 1475 1098 1491 1
1119 1466 1147 1492 Si
1162 1466 1223 1500 quis
1237 1466 1314 1498 illud,
1339 1474 1348 1490 1
1364 1465 1508 1492 Faciamus
1525 1466 1660 1494 hominem
1678 1467 1710 1499 “,
1728 1477 1736 1492 ι

962 1520 1014 1539 non
1029 1511 1135 1539 Patrem
1157 1511 1235 1543 Filio,
1253 1512 1299 1539 Sed
1315 1512 1367 1539 sibi
1381 1512 1432 1547 ipsi
1448 1511 1531 1539 Deum
1551 1512 1652 1539 dixisse
1668 1514 1739 1540 οων-

960 1557 1084 1589 maverit,
1102 1557 1245 1584 anathema
1262 1557 1308 1584 sit.

994 1602 1053 1629 XV.
1077 1612 1086 1628 1
1104 1602 1132 1629 Si
1146 1603 1208 1637 quis
1225 1602 1322 1630 dixerit
1337 1602 1475 1630 Abraham
1495 1611 1548 1630 non
1573 1603 1674 1632 vidisse
1694 1604 1740 1632 Fi-

961 1649 1037 1680 lium,
1056 1648 1102 1676 sed
1119 1649 1267 1683 ingenitum
1287 1649 1372 1676 Deum
1392 1654 1439 1676 aut
1463 1655 1566 1684 partem
1588 1651 1656 1686 ejus,
1674 1660 1740 1679 aua-

961 1695 1050 1722 thema
1068 1695 1112 1723 sit.

995 1738 1065 1767 XVI.
1091 1749 1100 1765 1
1116 1739 1144 1766 Si
1161 1740 1224 1775 quis
1242 1747 1305 1768 cum
1324 1739 1427 1768 Jacobo
1443 1749 1496 1768 non
1514 1741 1612 1769 Filium
1637 1748 1667 1770 ut
1694 1744 1742 1770 ho-

961 1784 1061 1812 minem
1075 1785 1250 1812 colluctatum
1262 1793 1322 1813 esse
1333 1786 1414 1819 dicat,
1426 1787 1472 1813 sed
1483 1787 1632 1821 ingenitum
1643 1787 1740 1821 Deum,

961 1835 1006 1857 aut
1019 1834 1121 1865 partem
1136 1831 1206 1866 ejus,
1221 1832 1365 1859 anathema
1380 1832 1425 1859 sit.

996 1874 1077 1903 XVII.
1101 1884 1111 1901 1
1127 1875 1156 1902 Si
1177 1877 1241 1910 quis
1257 1876 1333 1909 illudI
1355 1885 1364 1902 1
1380 1876 1453 1903 Pluit
1472 1875 1603 1904 Dominus
1617 1885 1632 1904 ο
1651 1876 1741 1904 Domi-

964 1930 973 1946 1
986 1928 1021 1948 no
1035 1921 1067 1954 ",
1080 1930 1090 1947 ι
1103 1928 1157 1948 non
1174 1922 1208 1949 de
1221 1921 1301 1949 Patre
1314 1929 1346 1949 ac
1363 1921 1432 1948 Filio
1447 1922 1572 1957 accipiat,
1590 1923 1635 1950 sed
1652 1923 1739 1958 ipsum

961 1974 975 1993 a
997 1967 1086 2002 seipso
1108 1967 1211 2002 pluisse
1227 1967 1311 2000 dicat,
1334 1968 1478 1995 anathema
1504 1968 1565 1996 sit:
1586 1969 1739 2004 pluitcnim

960 2011 1046 2040 Filius
1063 2012 1207 2047 Dominus,
1221 2020 1238 2040 a
1251 2013 1366 2041 Domino
1378 2013 1468 2042 Patre.

994 2102 1089 2130 XVIII.
1109 2111 1118 2128 1
1135 2102 1163 2130 Si
1188 2102 1251 2138 quis
1278 2102 1392 2130 audiens
1420 2102 1564 2130 Dominum
1591 2103 1698 2131 Patrem
1715 2109 1742 2132 ct

962 2150 1105 2178 Dominum
1121 2149 1231 2182 Filium,
1251 2153 1298 2176 aut
1314 2149 1457 2176 Dominum
1472 2148 1578 2177 Patrem
1595 2154 1620 2176 et
1630 2149 1741 2183 Filium,

961 2195 1042 2231 594
1049 2195 1120 2230 quod
1134 2195 1266 2222 Dominus
1280 2203 1310 2222 ex
1322 2195 1437 2223 Domino
1448 2196 1493 2227 sit,
1502 2197 1572 2223 duos
1579 2196 1649 2224 dicat
1660 2196 1741 2230 Deos,

129 2239 254 2275 ἀνάθεμα
264 2239 343 2267 ἔστω.
358 2242 395 2268 Οὐ
411 2241 465 2277 γὰρ
481 2242 663 2277 συντάσσομεν
678 2241 741 2268 Υἱὸν
759 2241 798 2276 τῷ
813 2241 908 2277 Πατρ).1

972 2243 1106 2269 mathema
1122 2245 1190 2268 esto.
1216 2239 1275 2267 Non
1300 2241 1371 2267 enim
1386 2240 1484 2268 Filium
1499 2249 1672 2277 exttquamus
1688 2241 1724 2270 Pa
1735 2257 1742 2263 -

129 2285 188 2311 ἀλλ’
210 2286 428 2322 ὑποτεταγμένον
445 2287 483 2322 τῷ
501 2287 598 2322 Πατρὶ.
620 2286 690 2314 Οὔτε
709 2287 763 2322 γὰρ
780 2286 912 2321 κατῆλθεν

131 2332 178 2358 ἐπὶ
193 2331 295 2367 Σόδομα
304 2333 359 2369 (55)
368 2333 432 2360 ἀνευ
441 2333 537 2370 βουλῆς
547 2333 593 2360 τοῦ
603 2333 720 2369 Πατρὸς,
730 2333 790 2360 οὔτε
804 2332 912 2369 ἔϐρεξεν

130 2377 178 2411 ἀφ’
187 2377 294 2411 ἑαυτοῦ,
303 2378 371 2404 ἀλλὰ
390 2379 465 2414 παρὰ
478 2379 596 2414 Κυρίου,
610 2378 800 2411 αὐθεντοῦντος
812 2379 912 2415 δηλαδὴ

167 2434 189 2450 ⁸⁸
208 2433 261 2461 Isa.
280 2442 353 2466 xuv,
367 2434 394 2462 6.
434 2435 456 2451 "
473 2435 551 2463 Joan.
571 2443 590 2469 ι,
610 2435 652 2462 14.
695 2435 717 2451 ’⁸
736 2434 804 2462 Gen.
823 2443 842 2467 I,
865 2435 910 2462 ‘26.

167 2527 223 2564 (I9)
243 2528 281 2564 Ita
304 2527 415 2564 Regius.
438 2526 523 2554 Totus
547 2525 859 2564 hic__anat_hematismus
882 2525 908 2564 in

132 2559 219 2591 ctli‘tis'
233 2563 316 2590 deest.
337 2559 442 2590 Socrat.
469 2568 534 2588 vero
555 2565 582 2588 et
597 2559 719 2593 Niceph.,
744 2559 910 2595 προφορικόν

132 2599 218 2632 Λόγον
232 2597 305 2632 λέγοι
319 2597 364 2624 τὸν
378 2597 451 2628 Υἰόν,
466 2601 493 2624 et
505 2597 541 2632 ita
560 2597 623 2632 legit
634 2596 853 2632 Ililarius,_quam
871 2596 909 2622 le-

131 2630 249 2661 ctionem
261 2630 337 2667 sequi
351 2633 439 2660 visum
455 2636 505 2659 est.
517 2631 545 2657 In
559 2630 642 2667 Regio
654 2630 746 2667 Λόγον
752 2630 838 2667 deest.

166 2668 224 2704 (50)
245 2663 350 2704 Socrat.
363 2671 397 2704 et_
407 2667 530 2702 Niceph.,
543 2663 633 2704 αὐτόν.
651 2665 703 2704 sed
716 2663 909 2704 Hiiarius_c_u_m

131 2699 283 2730 Athanasio
294 2703 367 2737 legit.
382 2699 504 2738 Sequeiis
517 2701 759 2728 anathematismus
773 2699 843 2734 apud
861 2699 909 2726 Ili-

131 2738 229 2766 Iarium
245 2742 287 2765 est
301 2746 376 2765 xxiii.

168 2773 224 2834 (51)
244 2773 328 2813 Aeyot
337 2774 413 2801 deest
426 2772 453 2800 in
468 2768 739 2804 Socrat.etNiceph.,
752 2770 799 2797 sed
811 2769 909 2796 lectum

173 2815 182 2834 ι
197 2816 232 2834 ai
247 2807 358 2834 Iliiario.

130 2807 184 2844 fuit
197 2807 232 2844 ab
247 2807 358 2844 Iliiario.
449 2843 453 2844 γ
485 2842 490 2844 _
569 2842 574 2844 _
622 2840 631 2844 _
657 2840 663 2844 Ι
779 2840 785 2844 ⁸
824 2839 836 2844 _
862 2838 882 2844 ν

115 2868 117 2871 ,
165 2843 223 2879 (5:7)
245 2842 348 2870 Socrat.
367 2850 420 2870 non
448 2842 528 2870 habet
549 2842 598 2876 τὴν
620 2840 733 2868 θεότητα
756 2839 848 2867 αὐτοῦ.
862 2838 907 2866 Ni-

960 2287 1007 2319 tri,
1021 2286 1068 2314 sed
1083 2286 1220 2314 subditum
1237 2286 1275 2313 illi
1292 2294 1352 2314 esse
1363 2287 1547 2322 intelligimus.
1562 2287 1655 2323 Neque
1667 2289 1739 2316 enim

961 2333 1021 2361 sine
1041 2332 1179 2360 voluntate
1200 2332 1289 2360 Patris
1308 2332 1447 2360 descendit
1472 2332 1618 2361 Sodomam
1630 2354 1637 2365 ,
1654 2341 1741 2368 neque

961 2379 1030 2414 pluit
1042 2385 1058 2405 a
1074 2378 1231 2412 semetipso.
1247 2378 1292 2406 sed
1305 2385 1320 2405 a
1338 2377 1463 2411 Domino.
1480 2378 1506 2406 id
1519 2383 1560 2406 est
1587 2387 1635 2413 per
1650 2384 1742 2407 aucto-

950 2435 971 2451 ¹⁷
992 2434 1059 2462 Gen.
1076 2441 1134 2466 xxx,
1149 2433 1195 2460 2i.

961 2525 1050 2560 ceph.,
1065 2524 1135 2560 κατά
1148 2524 1196 2560 τὴν
1211 2524 1336 2560 θεότητα.

996 2559 1053 2595 (55)
1074 2559 1158 2588 Totus
1175 2559 1226 2587 hic
1249 2561 1490 2588 anathematismus
1509 2561 1585 2589 deest
1598 2562 1669 2596 apud
1692 2562 1740 2590 Ni-

960 2596 1051 2665 ωῗὲ-ί)
1073 2629 1177 2658 Socrat.
1195 2635 1221 2657 et
1242 2629 1365 2665 Niceph.,
1390 2631 1437 2658 καὶ
1454 2630 1554 2666 Κύριον
1570 2631 1616 2658 τὸν
1631 2633 1741 2666 Πατέρα

962 2667 1009 2703 καὶ
1022 2666 1068 2703 τὴν
1080 2666 1143 2703 Υζὸν
1157 2665 1239 2696 εἴποι,
1253 2666 1299 2692 καὶ
1316 2666 1415 2703 Κύριος
1432 2667 1463 2692 ὲκ
1477 2665 1578 2702 Κυρίου
1588 2667 1684 2701 λέγων,
1695 2665 1742 2695 {to

963 2700 1034 2734 λέγοι
1047 2700 1139 2731 Θεούς.

1000 2736 1062 2774 (ᾅῇΔ
1076 2736 1223 2774 δοςιτιικοι
1242 2735 1384 2774 Ncepbor.
1401 2736 1580 2774 niiunsjecte
1603 2737 1677 2774 οὔτε
1688 2738 1741 2774 γάρ

965 2770 1096 2806 κατῆλθεν
1110 2772 1149 2802 εἰς
1162 2771 1251 2806 σῶμα.
1268 2772 1407 2798 uobiscum
1424 2771 1486 2807 legit
1498 2770 1614 2801 "durius
1630 2782 1636 2799 :
1653 2770 1742 2809 Ncqu

965 2807 1030 2832 enim
1045 2806 1175 2832 descendit
1192 2807 1218 2832 iu
1237 2805 1388 2832 Sodomam.
1607 2812 1612 2816 '

963 2814 1030 2833 emm
1045 2812 1175 2833 aescendit
1192 2814 1218 2832 ιιι
1237 2812 1388 2832 δοιιοηιηιιι.
1607 2812 1612 2816 ’
