1974 3037
137 114 186 143 7U

822 116 866 143 DE
886 116 1038 144 SYNODIS.

1703 119 1754 146 742

136 172 273 207 γενέσθαι,
298 174 382 200 πάντα
399 173 527 207 ἁπαλῶς
550 173 667 210 ἐζητήοη
685 174 730 200 καὶ
757 174 912 210 διηρευνὴθτ

972 175 1019 206 tio,
1036 175 1179 210 diligenter
1203 174 1294 202 omnia
1315 174 1385 209 apud
1410 173 1540 201 Sirmium
1558 179 1670 202 tractata
1688 180 1754 204 sunt

136 221 166 246 ἐν
182 219 221 254 τῷ
234 219 337 255 Σιρμίῳ
353 216 398 245 ἐπὶ
415 221 550 255 παρουσίᾳ.
570 220 728 251 Οὐάλεντος,
747 221 793 247 καὶ
813 221 920 256 Οὐριτα-

136 265 207 298 κιου,
230 266 276 292 καὶ
295 265 454 300 Γερμινίου,
478 266 525 291 καὶ
546 265 601 291 τῶν
622 266 731 292 λοιπῶν.
753 267 920 301 Συνέστηκεν

136 311 185 337 ἕνα
201 310 266 336 θεὸν
286 307 354 336 εἶναι
376 310 486 345 Πατέρα
507 311 713 346 παντοκράτορα
737 311 803 346 (ϐἷ),
829 311 920 342 καθὼς

136 356 220 386 καὶέν
230 356 302 391 πάσῃ
313 356 346 391 τῇ
359 356 505 393 οἰκουμένῃ
515 357 738 391 καταγγέλλεται’
756 358 802 384 καὶ
817 357 865 384 ἕνα
876 367 921 393 μο-

133 403 230 437 νογενῆ
240 403 303 428 Υἱὸν
316 402 408 434 αὑτοῦ,
418 402 462 428 τὸν
477 403 579 438 Κύριον
588 404 603 438 ἡ
609 403 666 438 μῶν
681 403 781 438 Ἰησοῦν
790 404 917 440 Χριστὸν,

133 448 164 480 ἐξ
177 448 258 474 αὑτοῦ
270 448 322 483 πρὸ
330 448 384 474 τῶν
402 447 506 474 αἰώνων
517 448 690 483 γεννηθέντα.
702 449 753 475 Δύο
760 450 842 481 Θεοὺς
861 450 916 485 (68)

136 494 173 528 μὴ
197 493 294 528 χρῆναι
312 493 416 527 λέγειν·
439 494 531 528 ἐπειδὴ
548 493 628 525 αὐτὸς
649 495 663 520 ὁ
685 494 785 529 Κύριος
802 495 895 530 εἴρηκε
909 504 915 510 ·

138 548 146 564 ι
160 538 314 573 Πορεύομαι
324 538 391 574 πρὸς
407 539 451 565 τὸν
463 540 572 575 Πατέρα
588 548 636 574 μου
650 540 696 566 καί
708 541 817 575 Πατέρα
830 541 916 576 ὑμῶν,

138 596 145 608 ι
158 584 205 610 καὶ
213 584 278 610 Θεόν
294 593 342 619 μου
356 585 402 611 καὶ
408 584 473 610 Θεὸν
484 585 570 620 ὑμῶν.
584 594 592 610 ι
603 586 652 612 Διὰ
663 586 740 612 τοῦτο
752 587 798 612 καὶ
810 587 917 613 πάντων

135 631 201 662 Θεός
219 631 286 663 ἐστι,
305 630 394 662 καθὼς
411 631 456 658 καὶ
474 633 488 658 ὁ
512 633 670 664 Ἀπὸστολος
691 632 825 666 ἐδίδαξεν·
853 643 862 659 ‹
879 632 917 660 Ἦ

136 686 146 702 ι
165 677 297 703 Ἰουδαίων
314 677 402 712 μόνων
417 678 430 703 ὁ
447 678 523 711 Θεὸς,
537 679 597 714 οὐχ).
612 679 658 705 καὶ
672 679 755 705 ὲΟνῶν
775 688 781 711 ;
799 680 853 706 Ναὶ
870 680 916 706 καὶ

138 731 146 747 ι
163 722 247 748 ἐθνῶν
256 731 263 737 ·
277 723 391 758 ἐπείπερ
404 721 444 755 εἷς
457 724 471 749 ὁ
483 724 559 757 Θεὸς,
574 725 603 756 ὃς
616 724 754 752 δικαιώσει
767 726 915 761 περιτομὴν

137 777 145 793 ι
161 769 194 794 ὲκ
212 768 338 800 πίστεως,
356 769 402 795 καὶ
416 769 597 806 ἀκροϐυστίαν
618 771 661 797 διὰ
672 771 788 803 πίστεως
810 771 863 807 (69)
879 780 886 787 ”
902 782 911 798 ι

133 814 182 840 καὶ
193 814 236 841 ἵτὰ
258 815 306 850 μὲν
328 814 409 842 λοιπὰ
430 816 518 842 πάντα
543 818 693 852 συμφωνεῖ,
718 817 764 843 καὶ
788 817 914 853 οὐδεμίαν

977 226 1004 248 et
1018 222 1153 254 discussa,
1176 222 1355 256 pncsenlibus
1371 221 1492 251 Valente.
1507 220 1629 254 Ursacio,
1646 221 1754 249 Germi-

972 267 1017 294 nio
1034 272 1061 294 et
1079 268 1194 294 caeteris.
1214 267 1303 294 Unum
1332 272 1439 295 constat
1459 267 1543 294 Deum
1571 275 1631 295 esse
1649 272 1676 295 et
1701 267 1755 295 Pa-

971 319 1038 340 trem
1055 314 1280 348 omnipotentem,
1297 318 1326 341 ut
1348 314 1387 341 sic
1412 321 1459 348 per
1483 314 1639 341 universum
1658 314 1752 341 orbem

971 359 1099 386 creditur.
1117 359 1150 386 Et
1169 360 1278 387 unicum
1300 360 1399 387 Filium
1421 359 1481 395 ejus
1497 358 1589 387 Jesum
1614 359 1752 387 Christum

972 404 1115 432 Dominum
1135 405 1301 433 Salvatorem
1320 410 1454 438 nostrum,
1474 413 1508 432 ex
1531 406 1590 440 ipso
1612 411 1674 433 ante
1694 414 1746 433 sa?—

970 450 1029 477 cula
1048 451 1177 484 genitum.
1198 451 1271 478 Duos
1288 456 1377 478 autem
1398 451 1468 479 Deos
1485 459 1534 479 nec
1550 459 1628 485 posse
1643 452 1750 479 ncctle-
1779 456 1784 462 ‘

970 495 1033 521 bere
1049 495 1200 529 pra-dicari,
1216 496 1280 530 quia
1295 496 1352 530 ipse
1369 495 1500 522 Dominus
1523 496 1592 522 dixit
1606 505 1612 522 :
1628 505 1637 521 ι
1654 496 1700 523 Ilio
1718 496 1752 523 ad

972 550 981 565 α
1002 540 1109 567 Patrem
1125 549 1214 568 meum
1228 545 1254 568 et
1267 541 1299 568 ad
1325 541 1433 568 Patrem
1461 546 1594 574 vestrum,
1614 542 1646 569 ad
1667 541 1752 570 Deum

972 595 981 611 ‹
999 593 1088 613 meum
1097 591 1123 613 et
1133 587 1165 613 ad
1176 586 1260 613 Deum
1270 592 1391 614 vestrum
1406 587 1438 614 ’°.
1452 596 1462 612 ι
1474 587 1537 614 Ideo
1548 587 1668 614 omnium
1681 587 1753 614 Deus

969 640 1040 659 lllluS
1056 636 1107 664 est,
1121 632 1192 659 sicut
1210 632 1358 667 Apostolus
1377 633 1469 660 docuit
1483 642 1490 660 :
1515 642 1523 658 ι
1538 633 1580 660 An
1595 632 1750 661 Judazorum

971 687 979 702 ι
1000 678 1069 705 Deus
1089 678 1217 704 tantum?
1241 685 1331 705 nonne
1345 682 1373 705 et
1385 670 1505 713 gentium
1521 679 1532 705 ἲ
1551 679 1609 706 lmo
1635 685 1662 706 et
1679 679 1752 714 'gen-

970 732 980 748 ι
999 724 1077 750 tium.
1087 722 1221 757 Quoniam
1237 724 1347 758 quidem
1361 732 1432 752 unus
1447 729 1489 752 est
1503 724 1585 756 Deus,
1597 726 1643 760 qui
1655 725 1754 760 justiti-

970 778 979 794 ι
998 774 1042 797 cat
1056 770 1292 797 circumcisionem
1311 778 1345 798 ex
1355 771 1419 802 ﬁde,
1437 775 1464 798 et
1476 772 1637 806 praeputium
1654 779 1702 806 per
1718 772 1750 799 ti-

970 825 979 841 (
999 817 1058 844 dem
1073 816 1113 849 ¹¹;
1127 826 1137 841 ι
1147 817 1193 844 sed
1205 822 1233 844 et
1240 821 1337 844 caetera
1348 821 1533 844 convenerunt
1550 825 1597 844 nec
1612 818 1692 844 ullam
1703 818 1751 845 lia-

132 859 190 894 ἔχει
204 860 377 895 ἀμφιϐολίαν.
395 862 502 898 Ἐπειδὴ
516 862 543 889 δὲ
559 849 672 894 πολλούς
682 871 757 895 τινας
772 865 840 890 κινεῖ
850 849 912 899 τεερ)

968 861 1031 888 bere
1044 867 1191 897 potuerunt
1204 862 1425 896 discrepantiam.
1442 862 1521 895 Quod
1536 869 1600 889 vero
1616 862 1749 897 quosdam

130 908 181 942 τῆς
201 907 350 944 λεγομένης
373 908 522 943 Ῥωμαῖστὶ
544 908 593 944 μὲν
624 908 816 940 σουὸσταντίας
842 909 914 944 (70),

137 952 288 987 Ἑλληνιστὶ
300 954 327 979 δὲ
343 954 491 989 λεγομένης
506 954 608 986 οὐσίας,
621 955 770 988 τουτέστιν,
785 956 828 982 ἵνα
841 957 916 992 ἀκρι-

132 998 260 1034 ϐέστερον
272 999 389 1035 γνωσθῇ,
401 1000 431 1026 τὸ
443 996 593 1036 ὁμοούσιον,
610 1001 665 1036 me
673 1001 816 1036 λεγόμενον
824 1003 914 1037 ὁμοιο-

131 1042 222 1069 ούσιον
250 1044 305 1079 (71)
318 1053 324 1059 ·
343 1045 373 1071 οὐ
391 1045 443 1080 χρή
460 1053 520 1071 τινα
536 1045 636 1072 τούτων
653 1045 789 1078 παντελῶς
805 1047 914 1082 μνήμην

131 1089 265 1123 γίνεσθαι,
285 1090 344 1116 οὐδὲ
366 1090 428 1126 περὶ
449 1090 550 1117 τούτων
577 1091 729 1126 ἐξηγεῖσθαι
748 1092 776 1118 ἐν
797 1093 830 1127 τῇ
854 1092 914 1118 Ἐκ-

131 1136 232 1171 κλησίᾳ
244 1135 287 1162 διὰ
298 1136 399 1171 ταύτην
416 1137 465 1173 τὴν
481 1136 580 1168 αἰτίαν,
597 1138 642 1163 καὶ
653 1137 696 1164 διὰ
706 1137 800 1165 τοῦτον
818 1138 863 1164 τὸν
876 1138 915 1164 λο-

131 1181 242 1216 γισμὸν,
263 1182 303 1207 ὅτι
326 1182 355 1208 ὲν
379 1183 438 1214 ταῖς
463 1182 548 1214 θείαις
566 1183 686 1218 Γραφαῖς
701 1183 731 1209 οὐ
762 1183 913 1218 γέγραπται

132 1229 197 1262 περὶ
214 1227 317 1254 τούτων
330 1237 337 1243 ο
362 1229 408 1256 καὶ
431 1230 471 1255 ὅτι
490 1228 575 1256 ταῦτα
601 1230 670 1265 ὑπὲρ
696 1229 744 1265 τὴν
764 1229 913 1265 ἀνθρώπων

130 1273 231 1307 γνῶσιν
244 1274 291 1300 καὶ
303 1274 347 1300 τὸν
362 1274 511 1310 ἀνθρώπων
525 1275 586 1301 νοῦν
606 1276 663 1301 ἐστι
677 1283 684 1290 ο
701 1275 748 1301 καὶ
764 1276 805 1302 ὃτι
825 1276 914 1308 οὐδεὶς

131 1319 241 1346 δύναται
255 1319 301 1356 τὴν
315 1321 411 1354 γενεὰν
423 1320 470 1347 τοῦ
485 1320 549 1347 Υἱοῦ
562 1320 753 1357 διηγήσασθαι,
768 1321 857 1354 καθὼς
873 1322 914 1356 γέ-

130 1374 250 1401 γραπται
260 1374 266 1380 ’
291 1376 299 1392 ι
310 1366 365 1402 Τὴν
377 1366 473 1400 γενεὰν
484 1367 539 1402 (72)
560 1367 642 1394 αὑτοῦ
657 1367 696 1398 τίς
712 1368 871 1403 διηγήσεται
882 1377 888 1400 ;
900 1378 910 1396 t

130 1411 218 1437 Μόνον
231 1411 283 1447 γὰρ
296 1412 392 1439 ειδέναι
406 1412 451 1438 τὸν
468 1413 578 1448 Πατέρα
590 1414 704 1448 φανερόν
717 1414 785 1447 ἐστι,
801 1409 861 1446 πῶς
868 1415 912 1442 τον

130 1457 195 1483 Υὲὺν
212 1458 350 1493 ἐγέννησε,
371 1458 416 1485 καὶ
437 1458 516 1484 πάλιν
534 1459 579 1485 τὺν
596 1459 669 1491 Υἰὺν,
691 1460 749 1491 πῶς
766 1460 845 1492 αὐτὸς
865 1469 911 1494 γε·

128 1503 256 1538 γέννηται
276 1503 351 1552 παρὰ
366 1503 422 1552 τοῦ.
430 1504 535 1540 Πατρός
554 1504 620 1539 (73).
644 1505 737 1532 Οὑδενὶ
753 1505 781 1532 δὲ
795 1506 911 1540 ἀμφίϐο-
925 1521 946 1552 C

127 1546 174 1572 λόν
188 1546 255 1578 ἐστι,
271 1546 381 1581 μείζονα
397 1544 465 1573 εἶναι
477 1548 522 1574 τὸν
538 1548 646 1583 Πατέρα
658 1557 664 1563 ’
681 1549 741 1575 οὐδὲ
758 1550 811 1585 γὰρ
821 1550 910 1577 διστά-

129 1600 201 1619 σειεν
217 1592 248 1619 ἂν
264 1601 306 1624 τις
324 1593 368 1619 τὸν
388 1593 494 1629 Πατέρα
513 1594 579 1629 (Μ),
601 1596 682 1630 τιμῇ,
700 1595 746 1622 καὶ
766 1595 845 1631 ἀξίᾳ,
863 1597 910 1623 καὶ

128 1637 248 1676 θεότητιῖ
264 1639 310 1665 καὶ
323 1639 397 1674 αὐτῴ
413 1640 450 1674 τῷ
465 1640 577 1675 ὀνόματι
595 1640 634 1676 τῷ
656 1641 781 1677 πατρικῷ
800 1641 910 1676 μείζονα

128 1681 209 1716 εἶναι,
228 1683 497 1720 ὄιαμαρτυρουμένου
523 1685 604 1712 αὑτοῦ
621 1686 667 1712 τοῦ
685 1686 765 1712 Υἰοῦ·
784 1696 792 1712 ι
811 1687 839 1712 Ὁ
860 1687 910 1722 ἐμὲ

132 1738 141 1754 ι
156 1729 265 1764 πέμψας
275 1730 369 1766 Πατὴρ
383 1731 483 1766 μείζων
498 1732 547 1767 μού
559 1733 626 1759 ἐστι.
643 1742 652 1758 ι
661 1733 714 1759 Καὶ
722 1731 800 1759 τοῦτο
808 1732 835 1759 δὲ
843 1732 910 1758 καθ-

126 1775 215 1802 altbe
232 1773 301 1802 εἶναι
313 1776 400 1808 οὐδεὶς
415 1777 516 1811 ἀγνοεῖ,
545 1777 592 1804 δύο
605 1780 738 1813 πρόσωπα
755 1776 834 1809 εἶναι,
852 1778 910 1804 Πα-

128 1820 193 1855 τρός
209 1822 255 1847 καὶ
271 1821 352 1847 Υὶοῦ·
374 1822 422 1848 καὶ
436 1822 480 1849 τὸν
497 1822 545 1858 μὲν
559 1823 668 1858 Πατέρα
684 1823 804 1859 μείζονα,
822 1824 867 1851 τὸν
881 1824 909 1850 δὲ

128 1866 192 1893 Υἰὺν
206 1867 420 1902 ὑποτεταγμένον
435 1867 474 1903 τῷ
487 1869 574 1904 Πατρὶ
591 1868 644 1904 (75)
661 1869 729 1904 μετὰ
741 1869 859 1901 πάντων,
873 1866 909 1896 ὧν

127 1912 202 1947 αὖτῷ
218 1913 233 1939 ὀ
254 1913 348 1949 Πατὴρ
365 1913 490 1945 ὑπέταξε.
513 1913 564 1940 Τὸν
586 1914 614 1940 δὲ
633 1914 742 1950 Πατέρα
764 1914 849 1949 ἀρχὴν
873 1913 909 1949 μὴ

126 1958 210 1994 ἔχειν,
227 1959 273 1985 καὶ
297 1959 409 1995 ἀόρατον
431 1957 510 1990 εἶναι,
532 1960 579 1986 καὶ
597 1959 728 1986 ἀθάνατον
750 1958 818 1986 εἶναι
843 1959 908 1995 (76),

127 2005 176 2030 καὶ
188 2005 278 2040 ἀπαθῆ
289 2003 357 2032 εἷναι
368 2014 375 2021 ·
390 2006 434 2032 τὸν
447 2006 475 2032 δὲ
488 2005 550 2032 Υἰδν
560 2006 736 2040 γεγεννῆσθαι
750 2007 781 2032 ἐκ
795 2006 842 2033 τοῦ
855 2006 910 2032 Πα-

127 2050 200 2083 τρὸς,
215 2050 280 2076 Θεὸν
295 2051 326 2076 ἐκ
343 2051 421 2083 Θεοῦ,
438 2051 494 2086 φῶς
512 2052 544 2078 ὲκ
561 2051 658 2086 φωτός.
678 2053 733 2078 Καὶ
748 2051 842 2078 τούτου
861 2051 909 2086 τὴν

126 2095 243 2129 γένεσιν,
260 2095 348 2128 καθὼς
365 2097 534 2132 προείρηται,
550 2098 648 2133 μηδένα
665 2098 818 2132 γινώσκειν,
833 2099 857 2124 εἰ
873 2099 909 2134 μὴ

128 2141 208 2176 μόνον
228 2142 272 2168 τὸν
281 2143 404 2178 Πατέρα.
421 2143 505 2169 Αὑτὸν
519 2143 547 2169 δὲ
562 2143 607 2169 τὸν
619 2143 682 2169 Υἱὸν
692 2145 738 2170 καὶ
751 2144 850 2179 Κύριον
863 2145 910 2171 καὶ

967 911 1014 934 aut
1027 908 1128 935 multos
1138 908 1274 941 movebat,
1285 908 1365 943 595
1374 909 1407 936 de
1417 909 1642 944 substantia,quae
1652 908 1746 937 Graece

965 953 1024 979 usia
1042 954 1213 988 appellatur,
1236 953 1262 981 id
1287 958 1329 981 est
1353 955 1407 989 (ut
1429 956 1588 989 expressius
1616 955 1750 990 intelligar

966 997 1034 1033 tur)
1057 999 1220 1026 homousion
1235 1018 1243 1030 ,
1270 1003 1317 1026 aut
1340 998 1413 1034 quod
1436 999 1536 1027 dicitur
1554 1000 1748 1028 hommusion:
1773 1016 1775 1018 -

966 1043 1068 1070 nullam
1082 1045 1193 1071 omnino
1208 1044 1266 1071 ﬁeri
1279 1049 1405 1078 oportere
1418 1046 1582 1073 mentionem
1597 1054 1646 1073 nec
1658 1055 1751 1081 quem-

966 1097 1047 1124 quam
1068 1089 1226 1124 praedicare,
1242 1098 1273 1117 ea
1287 1090 1320 1117 de
1334 1098 1416 1118 causa
1431 1096 1458 1118 et
1476 1091 1591 1125 ratione,
1608 1092 1681 1127 quod
1699 1100 1749 1120 nec

965 1135 992 1162 in
1010 1136 1109 1163 divinis
1129 1135 1276 1171 Scripturis
1306 1137 1498 1170 contineatur;
1523 1142 1551 1166 et
1572 1139 1643 1173 quod
1668 1147 1749 1174 super

966 1181 1084 1208 hominis
1101 1182 1242 1209 scientiam
1263 1182 1309 1214 sit,
1325 1190 1376 1210 nec
1397 1183 1543 1218 quisquam
1569 1184 1654 1218 possit
1675 1185 1748 1212 nati-

965 1227 1075 1254 vitatem
1093 1227 1154 1255 Filii
1167 1235 1305 1260 enarrare,
1327 1228 1360 1255 de
1373 1236 1428 1263 quo
1449 1229 1578 1263 scriptum
1595 1234 1636 1256 est
1650 1239 1656 1256 :
1673 1239 1682 1255 ε
1695 1230 1748 1258 Ge-

967 1280 976 1297 α
993 1272 1160 1300 nerationem
1175 1273 1234 1307 ejus
1248 1273 1310 1307 quis
1327 1274 1465 1301 enarrabit
1479 1275 1500 1289 "
1513 1268 1526 1301 ἶ)
1541 1284 1550 1300 ›
1569 1273 1645 1302 Scire
1658 1279 1748 1303 autem

964 1317 1138 1345 manifestum
1158 1322 1199 1346 est
1225 1319 1312 1346 solum
1339 1319 1445 1346 Patrem
1469 1321 1605 1355 quomodo
1623 1323 1748 1356 genuerit

964 1363 1063 1390 Filium
1087 1371 1167 1393 suum
1188 1372 1195 1396 ;
1221 1370 1248 1391 et
1264 1364 1362 1391 Filium
1382 1366 1520 1400 quomodo
1538 1367 1646 1401 genitus
1670 1369 1705 1395 sit
1729 1377 1746 1396 ιι

963 1408 1052 1436 Patre.
1066 1407 1144 1436 Nulla
1164 1409 1328 1445 ambiguitas
1342 1415 1382 1437 est
1397 1411 1528 1445 majorem
1543 1419 1604 1439 esse
1626 1412 1746 1440 Patrem.

963 1454 1033 1482 Nulli
1046 1460 1135 1490 potest
1145 1455 1258 1482 dubium
1273 1463 1334 1483 esse
1343 1455 1461 1489 Patrem,
1477 1457 1591 1490 honore,
1605 1458 1745 1493 dignitate,

963 1502 1094 1533 claritate,
1112 1501 1252 1536 majestate
1269 1506 1296 1528 et
1316 1502 1376 1536 ipso
1389 1503 1498 1530 nomine
1510 1502 1598 1530 Patris
1613 1504 1745 1538 majorem

961 1553 1031 1577 esse.
1046 1545 1114 1573 Filio
1128 1547 1187 1580 ipso
1201 1551 1330 1574 testante:
1343 1547 1409 1580 (Qui
1425 1555 1467 1575 me
1479 1549 1553 1575 misit
1563 1548 1621 1576 Pati
1630 1557 1652 1580 r,
1661 1550 1748 1584 major

964 1601 972 1617 ι
985 1600 1026 1619 me
1034 1592 1114 1619 est".
1134 1602 1143 1617 ›
1157 1592 1188 1619 Et
1207 1593 1257 1620 hoc
1273 1593 1435 1620 catholicum
1451 1601 1520 1625 esse,
1534 1602 1612 1621 nemo
1631 1595 1746 1629 ignorat.

959 1637 1027 1665 duas
1035 1645 1166 1672 personas
1173 1646 1235 1666 esse
1242 1638 1329 1666 Patris
1337 1644 1363 1666 et
1370 1639 1439 1666 Filii.
1451 1639 1578 1675 Majorem
1588 1640 1749 1674 Palrem,Fi-

960 1683 1025 1711 lium
1035 1684 1197 1719 subjectum,
1207 1691 1268 1711 cum
1282 1684 1409 1712 omnibus
1418 1684 1460 1712 his
1468 1693 1528 1719 quae
1540 1686 1589 1720 ipsi
1599 1685 1678 1713 Pater
1686 1687 1748 1714 sub-

957 1729 1033 1764 jecit.
1051 1729 1157 1757 Patrem
1173 1730 1280 1757 initium
1294 1738 1347 1757 non
1362 1731 1473 1763 habere,
1487 1732 1647 1759 invisibilem
1671 1739 1743 1764 esse,

960 1775 1140 1803 immortalem
1154 1783 1225 1808 esse,
1239 1776 1434 1810 impassibilem
1446 1785 1506 1804 esse
1522 1786 1528 1804 :
1542 1776 1640 1804 Filium
1655 1783 1745 1806 autem

961 1826 1054 1848 natum
1072 1829 1132 1849 esse
1147 1829 1179 1848 ex
1193 1820 1283 1854 Patre,
1305 1821 1388 1849 Deum
1407 1830 1439 1848 ex
1459 1822 1524 1854 Deo.
1542 1823 1631 1850 lumen
1650 1831 1683 1851 ex
1701 1825 1745 1851 lu-

961 1865 1043 1893 mine.
1055 1865 1140 1900 Cujus
1155 1864 1216 1892 Filii
1234 1866 1446 1901 generationem,
1460 1871 1489 1893 ut
1503 1871 1566 1893 ante
1576 1867 1678 1894 dictum
1690 1871 1742 1899 est,

960 1910 1094 1938 neminem
1119 1911 1199 1943 scire,
1225 1911 1277 1938 nisi
1299 1910 1405 1938 Patrem
1427 1918 1518 1938 suum.
1540 1912 1631 1946 ipsum
1651 1916 1743 1939 autem

959 1956 1058 1984 Filium
1074 1956 1131 1989 Dei,
1153 1956 1299 1984 Dominum
1310 1962 1337 1984 et
1350 1956 1435 1984 Deum
1448 1961 1584 1991 nostrum,
1606 1958 1686 1985 sicuti
1705 1958 1744 1984 le-

961 2004 1043 2037 gitur,
1056 2011 1165 2031 carnem
1187 2004 1227 2030 vel
1248 2011 1358 2038 corpus,
1375 2004 1401 2031 id
1422 2008 1463 2031 est
1490 2004 1627 2032 hominem
1649 2012 1744 2031 susce-

962 2050 1034 2084 pisse
1046 2057 1079 2077 ex
1095 2054 1172 2076 utero
1189 2049 1307 2084 Virginis
1325 2049 1426 2081 Mariae,
1452 2050 1524 2077 sicut
1543 2050 1656 2086 angelus
1675 2058 1745 2084 prae-

961 2096 1070 2124 dicavit.
1087 2095 1122 2123 Ut
1141 2100 1230 2123 autem
1249 2095 1397 2131 Scripturre
1410 2104 1506 2124 omnes
1520 2097 1630 2130 docent,
1638 2101 1665 2124 et
1676 2105 1745 2131 pra:-

962 2143 1040 2177 cipue
1058 2142 1116 2177 ipse
1135 2142 1264 2177 magister
1287 2142 1407 2176 gentium
1425 2142 1589 2177 Apostolus,
1606 2143 1743 2170 hominem

125 2185 193 2211 Θεὺν
214 2185 290 2220 ἡμῶν
306 2187 395 2221 σάρκα
412 2187 469 2222 ἤτοι
489 2186 567 2222 σῶμα
578 2207 585 2219 ,
602 2187 739 2214 τουτέστιν
758 2188 910 2224 ἄνορωπον,

966 2190 1118 2224 suscepisse
1134 2189 1167 2216 de
1184 2188 1267 2216 Maria
1285 2184 1403 2224 Virgine,
1425 2197 1474 2224 per
1488 2197 1568 2226 quem
1585 2197 1744 2224 compassus

163 2267 185 2282 ὀ
205 2266 283 2294 Joan.
301 2275 346 2300 xx,
364 2267 406 2294 l7.
445 2267 556 2295 “Rom.
574 2276 614 2301 ιιι,
631 2268 676 2302 29,
693 2269 737 2296 50.
775 2271 797 2285 ²¹
818 2268 868 2296 18⁷1.
886 2277 945 2302 ιιιι,

126 2339 258 2373 Hilarium
280 2346 317 2372 De
341 2345 458 2380 synodis,
475 2346 527 2372 col.
544 2345 622 2377 1156,
640 2345 711 2372 unde
728 2345 801 2372 illam
818 2349 907 2372 trans-

126 2381 294 2415 scripsimus.
317 2379 427 2414 Legitur
443 2388 473 2407 ea
488 2381 550 2407 item
565 2381 635 2415 apud
659 2379 797 2408 Socratem
812 2380 857 2407 lib.
877 2388 905 2412 ιι,

126 2425 151 2442 c.
167 2416 210 2442 50.
225 2421 252 2442 et
266 2417 335 2442 anud
350 2415 462 2442 Nicenh.
483 2416 530 2442 lil).
543 2424 581 2442 ix.
596 2423 620 2442 c.
633 2416 677 2442 5L

125 2425 151 2444 (ξ.
167 2423 210 2447 OU,
225 2423 252 2442 ει
266 2423 335 2447 apud
350 2423 462 2447 ινιεθῃιι.
483 2423 530 2443 ΙΙΙ).
543 2424 581 2445 IX.
596 2423 620 2442 C-
633 2423 677 2442 0‘1.

167 2424 210 2447 ου,
225 2424 252 2442 et
266 2424 335 2450 apud
350 2424 462 2450 mcepn.
483 2424 530 2443 ιιι).
543 2424 581 2445 Ix.
596 2424 620 2442 ο.
633 2424 677 2442 οι.

162 2451 269 2485 Titulus
291 2452 360 2485 apud
385 2450 514 2477 Hilarium
535 2459 543 2478 :
562 2450 718 2485 Exemplum
738 2450 905 2484 blasphean

125 2487 196 2521 apud
213 2484 337 2513 Sirmium
352 2494 398 2521 per
411 2485 503 2512 Osium
523 2490 547 2512 et
569 2485 720 2512 Potumium
739 2485 902 2519 conari-ipim.

125 2519 159 2548 At
174 2529 227 2548 non
240 2519 441 2555 putatur'Osius
466 2521 538 2547 illam
563 2521 768 2554 conscripsisse,
781 2520 826 2546 sed
840 2527 901 2546 cum

125 2557 212 2584 eidem
222 2556 437 2587 subscripsisset,
453 2555 545 2583 fraude
556 2555 670 2582 fortasse
680 2555 843 2581 Arianorum
856 2556 905 2582 ob-

126 2591 216 2622 tinuit,
233 2595 262 2617 ut
274 2598 306 2617 ea
321 2589 377 2618 Osii
397 2590 531 2618 confessio
550 2595 703 2618 vocaretur.
719 2589 786 2616 Vide
800 2598 859 2624 quae
872 2598 902 2617 ea

125 2628 158 2654 de
173 2634 201 2654 re
216 2625 342 2653 dicuntur
354 2627 380 2653 in
395 2625 532 2653 Hilariana
546 2631 681 2661 postrema
699 2625 826 2656 editione,
840 2630 865 2652 ct
876 2626 902 2652 in

124 2663 179 2690 vita
197 2661 338 2687 Athanasii
355 2665 446 2688 nostra
460 2662 492 2688 ad
509 2660 610 2688 anitum
623 2660 685 2687 557.

160 2697 216 2731 (67)
238 2695 285 2731 Sic‘
296 2695 361 2731 Reg.
381 2695 484 2723 Socrat.
499 2701 525 2723 et
535 2695 646 2729 Nicepb.
662 2696 689 2731 In
705 2695 784 2721 editis
795 2695 902 2730 Πατέρα

124 2730 210 2759 deest.
227 2730 298 2757 Infra
310 2730 418 2766 VSocrat.
433 2736 459 2758 et
476 2730 709 2766 Niceph..’lqco~5v
722 2730 837 2766 Χριστὸν
859 2731 903 2756 τὸν

125 2767 228 2803 Κύριον
242 2766 291 2803 atat
303 2765 431 2803 Osbvxq‘t
441 2765 553 2803 Σωτῆρα
565 2767 587 2803 γὴ
593 2766 659 2803 μῶνζ

237 2797 391 2840 _S_ocrat.let
403 2797 526 2840 Nicephli
541 2797 629 2840 δύςῖςῖὲ
643 2801 736 2840 Θεοὺς.
771 2835 779 2840 ‘
876 2836 882 2840 _

160 2837 217 2873 (69)
237 2835 299 2863 Παῖς
320 2836 364 2862 καὶ
379 2836 558 2872 ἀκροϐυστίαν
573 2837 615 2864 διὰ
631 2837 747 2867 πίστεως
764 2835 860 2863 desunt
876 2836 902 2862 in

961 2269 988 2297 8.
1025 2269 1047 2285 "
1065 2268 1145 2296 Joan.
1159 2277 1215 2300 xtv,
1234 2268 1281 2296 98.

962 2344 1066 2372 Socrat.
1083 2349 1110 2372 et
1121 2344 1231 2379 Niceph.

996 2380 1051 2414 (70)
1073 2379 1191 2411 Socrat.,
1207 2380 1389 2412 σουὸετανίας.
1403 2379 1526 2415 Niceph..
1540 2380 1741 2412 σουνσταντίας.

1009 2415 1051 2445 7H
1073 2415 1118 2442 Sic
1134 2414 1243 2448 Regius.
1257 2415 1326 2441 Etliti
1345 2423 1418 2445 vero.
1438 2414 1600 2450 ὀμζοιοὺσιον.

1009 2417 1051 2445 7H
1073 2417 1118 2442 Sic
1135 2417 1243 2448 Regius.
1258 2417 1326 2441 Etliti
1345 2423 1418 2445 vero.
1438 2417 1600 2450 ὀμοιούσιον.

994 2417 1050 2485 ἒἹΞ)
1070 2451 1107 2477 Ita
1123 2450 1187 2485 Reg.
1202 2455 1228 2477 et
1240 2449 1297 2477 Nic.
1315 2449 1385 2476 Editi
1402 2458 1465 2477 vero
1478 2459 1540 2477 cum
1557 2450 1673 2480 Socrat.,
1685 2451 1741 2486 Τὴν

956 2485 984 2512 δὲ
997 2486 1102 2512 γενεάν.

991 2494 1174 2555 (Υῖεῶεἴοεγεῐ.
1189 2524 1214 2555 (ξι
1234 2518 1434 2554 ΝίεερὶιηἋπὸ
1449 2519 1496 2547 τοῦ
1509 2520 1624 2555 Πατρός.

992 2551 1047 2591 (74)
1069 2555 1140 2591 Haec,
1160 2551 1226 2582 Οὐδὲ
1241 2551 1454 2591 γὰρόιστάσειεν
1467 2556 1499 2582 ἄν
1512 2564 1552 2586 τις
1564 2551 1739 2591 τδνᾼΠατέρα,

959 2589 1057 2618 alisunt
1079 2599 1093 2616 a
1116 2590 1220 2617 Socrat.
1235 2595 1261 2617 ct
1275 2589 1386 2624 Niceph.
1409 2591 1468 2616 Mox
1488 2591 1596 2624 Regius.
1609 2589 1736 2624 θειότητι.

958 2626 1041 2652 Paulo
1066 2630 1127 2660 post
1149 2624 1250 2659 Regius
1275 2626 1393 2652 secunda
1410 2633 1502 2658 manu,
1519 2624 1739 2661 ᾷιαμαρτυρόμε-

956 2669 1000 2688 νον
1004 2681 1009 2686 .

1004 2695 1047 2730 75)
1069 2695 1114 2732 Τῷ
1127 2696 1214 2732 Πατρί
1229 2696 1303 2732 deest
1316 2696 1342 2721 in
1359 2695 1464 2732 Socrat.
1480 2699 1506 2722 et
1521 2695 1632 2732 Niceph.

1003 2728 1046 2764 76)
1069 2728 1113 2758 Sic
1136 2728 1247 2765 Regius.
1264 2731 1367 2756 Socrat.
1387 2735 1414 2756 et
1438 2729 1549 2764 Niceph.
1573 2728 1641 2756 εἶναι
1657 2728 1738 2765 deest

958 2763 1079 2794 in'editis
1097 2766 1140 2792 hic
1152 2763 1268 2792 tantum.
1293 2765 1353 2791 Mox
1377 2765 1443 2800 edit.
1459 2763 1557 2798 Paris.,
1574 2763 1738 2800 γεγενῆσθαι

958 2802 1096 2830 mendoso.
1109 2801 1161 2828 Alii
1177 2809 1282 2833 omnes,
1301 2799 1489 2835 γεγεννῆσθαι.
