1974 3037
131 131 184 159 715

828 115 871 154 iis
891 113 1049 154 simois.

1689 116 1742 147 7M

132 198 190 216 σιον
203 188 258 224 (ιιι)
274 188 437 222 ἐκϐάλλομεν
446 208 453 219 ,
464 186 501 219 ὡς
515 171 652 222 ἀλλότριον
664 186 718 213 τῶν
734 185 864 221 Γραφῶν·
881 185 912 212 τὸ

970 191 1017 213 tem
1034 184 1205 212 anathemate
1223 184 1405 212 damnamus:
1428 184 1455 209 et
1484 187 1580 209 omnes
1604 182 1741 215 quotquot

130 234 161 262 δὲ
174 234 296 269 ἀνόμοιον
311 231 553 267 ἁναθεματίζομεν,
567 233 614 258 καὶ
629 231 748 264 πάντας,
762 232 819 257 ὅσοι
829 230 916 257 τοιοῦ-

131 289 173 308 τοι
181 280 365 315 τυγχάνουσιν,
375 278 527 314 ἀλλοτρίους
535 277 674 313 ἡγούμεθα
682 279 730 314 τῆς
742 277 840 313 Ἐκκλη
845 277 914 310 σίας.

132 326 171 353 Τὸ
183 326 211 353 δὲ
222 314 316 361 νὸμοιον
332 324 377 351 τοῦ
392 323 457 350 Υίοῦ
472 323 540 359 πρὸς
554 324 599 350 τὸν
619 323 727 359 Πατέρα
744 323 837 357 σαφῶς
849 314 916 358 όμο-

131 371 264 406 λογοῦμεν
280 370 350 397 κατὰ
365 369 410 396 τὸν
429 367 598 398 Ἀπόστολον.
613 368 658 394 τὸν
669 368 781 402 λέγοντα
793 368 856 403 περὶ
868 366 915 394 τοῦ

131 416 197 443 Υἱοῦ
209 424 216 432 ’
231 415 295 446 «Ὃς
304 416 378 441 ἐστιν
390 413 470 440 είκὼν
481 413 528 440 τοῦ
535 412 601 439 Θεοῦ
613 413 659 440 τοῦ
671 413 797 448 ἀοράτου.
811 423 820 438 ι
837 413 917 448 Ὀμο-

131 462 262 497 λογοῦμεν
275 461 303 488 δὲ
315 461 362 487 καὶ
372 460 533 495 πιστεύομεν
549 460 588 491 είς
598 460 644 487 ἕνα
658 459 723 486 Θεὸν
739 459 849 495 Πατέρα
860 459 916 494 (88)

132 508 348 542 παντοκράτορα,
362 506 408 532 τὸν
418 506 530 541 ποιητὴν
546 505 659 541 ούρανοῦ
673 505 720 532 καὶ
733 505 794 540 γῆς,
811 505 916 541 ὁρατῶν

132 554 241 581 πάντων
258 553 305 579 καὶ
321 551 452 587 ἀοράτων.
466 551 632 586 Πιστιύομεν
645 550 673 577 δὲ
687 551 733 578 καὶ
746 553 785 582 εἰς
802 551 847 578 τὸν
858 551 915 578 Κύ-

135 607 192 634 ριον
209 598 286 633 ἡμῶν
300 597 401 632 Ἰησοῦν
417 596 540 632 Χριστὸν,
557 595 601 623 τὸν
618 597 680 623 Υίὸν
694 597 776 624 αὑτοῦ
788 598 853 633 (89),
871 597 916 625 τὸν

133 644 163 677 ἐξ
174 643 253 670 αὑτοῦ
265 643 426 678 γεννηθέντα
435 642 546 673 ἀπαθῶς
555 642 606 678 πρὸ
618 643 726 669 πάντων
736 643 789 670 τῶν
799 644 914 675 αίώνων,

133 690 200 716 Θεὸν
213 689 309 723 Λόγον,
321 688 386 715 θεὸν
399 690 431 714 ὲκ
441 688 508 714 Θεοῦ
521 688 575 723 (90)
585 689 734 724 Μονογενῆ,
750 689 816 723 φῶς,
833 689 915 724 ζωὴν,

132 735 271 770 ἀλήθειαν,
289 735 397 769 σοφίαν,
414 733 537 769 δύναμιν,
552 733 584 760 δι’
599 731 629 760 οὗ
642 734 676 761 τὰ
689 734 777 761 πάντα
799 735 915 769 ἐγένετο,

131 781 167 808 τὰ
183 783 212 808 ὲν
230 782 285 812 τοῖς
300 781 422 816 οὐρανοῖς
438 779 531 807 καὶτὰ
544 780 589 807 ἐπὶ
608 781 656 816 τῆς
668 781 718 816 γῆς
728 801 734 813 ,
748 781 803 807 εἴτε
819 782 914 816 ὁρατὰ,

131 828 187 854 εττε
204 828 316 863 ἀόρατα.
347 827 446 853 Τοῦτον
461 826 623 862 πιστεύομεν
644 827 689 853 ἐπὶ
706 827 845 863 συντελείᾳ
861 828 916 854 τῶν

966 231 1049 265 hujus
1068 230 1210 258 sententiae
1228 229 1339 261 fuerim,
1361 228 1395 255 ab
1418 226 1538 255 Ecclesia
1557 226 1660 253 alienos
1675 232 1740 252 sen-

966 275 1059 304 timus.
1078 275 1198 302 Similem
1219 282 1283 302 vero
1309 273 1398 301 Patris
1413 272 1512 299 Filium
1527 271 1606 306 plane
1629 269 1741 297 conﬁte-

966 329 1038 353 mur,
1057 320 1140 356 iuxta
1158 320 1317 355 Apostolum
1339 319 1385 354 qui
1406 318 1438 345 de
1463 317 1533 344 Filio
1553 316 1619 343 dicit
1635 323 1642 342 :
1661 323 1670 340 ‹
1689 313 1741 346 Qui

969 376 979 392 ‹
993 372 1036 394 est
1048 367 1137 401 imago
1152 366 1199 393 Dei
1213 365 1355 393 invisibilis
1367 365 1399 391 ³⁸.
1413 374 1422 390 ι
1433 363 1598 391 Conﬁtemur
1611 365 1699 388 autem
1715 363 1742 387 ct

966 413 1102 441 credimus
1123 413 1150 440 in
1176 420 1260 440 unum
1278 411 1362 439 Deum
1385 410 1490 438 Patrem
1518 408 1740 442 omnipotentem,

966 457 1095 485 factorem
1114 457 1175 484 coeli
1193 461 1220 484 et
1234 462 1322 488 teme,
1335 455 1481 482 visibilium
1495 453 1616 481 omnium
1630 456 1658 479 et
1673 451 1742 478 invi-

967 503 1097 530 sibilium.
1112 503 1255 530 Credimus
1271 503 1335 530 item
1349 502 1375 528 in
1396 501 1541 528 Dominum
1561 503 1684 527 nostrum
1696 497 1742 525 Je-

966 556 1027 576 sum
1041 547 1192 580 Christum,
1216 547 1314 575 Filium
1338 547 1485 581 ejus..sine
1501 545 1627 580 passione
1653 543 1688 570 ab
1709 550 1742 570 eo

966 594 1085 629 genitum
1099 599 1161 620 ante
1174 593 1265 620 omnia
1282 592 1390 623 saecula,
1412 591 1495 618 Deum
1509 589 1638 621 Verbum,
1656 588 1742 616 Dcunt

966 647 998 667 ex
1015 639 1069 666 Deo
1086 639 1268 674 Unigenitum,
1283 638 1384 671 lumen,
1408 638 1500 668 vitam,
1524 636 1676 668 veritatem,
1696 641 1741 662 sal-

965 684 1105 720 pientiam,
1122 685 1267 719 potentiam
1287 693 1293 716 ;
1310 691 1358 718 per
1378 690 1458 717 quem
1473 681 1564 708 omnia
1579 681 1651 708 facta
1667 683 1742 711 sunt,

966 737 1027 764 quae
1043 730 1070 756 in
1096 730 1173 757 caelis
1195 733 1222 756 et
1249 737 1310 764 quae
1324 729 1350 755 in
1366 732 1449 760 terra,
1464 727 1520 754 sive
1536 725 1663 757 visibilia,
1686 725 1743 752 sive

967 773 1122 801 invisibilia.
1141 773 1220 801 Hunc
1239 773 1377 800 credimus
1393 771 1421 799 in
1437 771 1671 800 consummatione
1692 777 1743 797 stc-

967 818 1101 852 culorum,
1126 819 1159 846 ad
1183 819 1344 846 abolendum
1362 821 1502 853 peccatum
1522 824 1630 844 carnem
1651 823 1743 843 susce-

131 860 244 901 αἰώνων
256 874 295 904 εἰς
310 873 436 908 ἀθέτησιν
455 872 505 907 τῆς
519 860 656 908 ἁμαρτίας
671 873 759 908 σάρκα
774 860 916 909 ἀνειληφέ-

970 863 1038 898 pisse
1049 871 1083 890 ex
1102 869 1195 894 sancta
1212 863 1329 898 Virgine,
1347 868 1374 890 et
1391 863 1527 890 hominem
1546 862 1645 889 factum
1659 868 1739 888 esse:

131 928 177 947 ναι
193 919 248 954 (91)
266 920 298 945 ἐκ
313 919 362 953 τῆς
379 918 457 953 ἁγίας
471 918 608 954 Παρθένου
625 919 672 945 ml
688 919 916 956 ὲνανθρωπήσαν-

132 974 167 992 τα
177 973 184 981 ·
200 964 318 992 παθόντα
330 965 399 1000 ὑπὲρ
411 964 465 990 τῶν
477 964 616 1000 ἁμαρτιῶν
631 966 646 1000 ή
651 965 718 999 μῶν,
728 965 774 991 καὶ
785 966 916 993 ἀναστάν-

131 1019 177 1042 τα,
194 1011 240 1037 καὶ
253 1010 439 1045 ἀναληφθέντα
453 1011 492 1042 είς
508 1011 647 1046 οὐρανοὺς,
659 1010 820 1042 καθέζεσθαι
836 1013 864 1037 ἐν
879 1012 918 1038 δε-

133 1057 179 1093 ξιᾷ
194 1056 240 1083 τοῦ
256 1056 371 1092 Πατρός’
384 1056 463 1083 πάλιν
475 1056 529 1092 (9‘2)
539 1056 683 1091 ἐρχόμενον
700 1057 729 1082 ὲν
743 1056 814 1092 δόξῃ,
828 1058 917 1092 κρῖναι

132 1102 238 1134 ζῶντας
255 1102 302 1129 καὶ
324 1102 445 1137 νεκρούς.
477 1103 643 1137 Πιστεύομεν
667 1102 713 1128 καὶ
733 1103 773 1134 είς
795 1102 825 1128 τὸ
841 1102 917 1136 ἆγιον

133 1146 255 1182 Πνεῦμα,
267 1147 281 1173 ὃ
292 1147 338 1174 καὶ
347 1147 522 1182 Παράκλητον
532 1147 671 1182 ὠνόμασεν
682 1149 696 1174 ὁ
704 1148 797 1183 Σωτὴρ
807 1148 853 1174 καὶ
863 1148 918 1174 Κύ-

134 1201 191 1229 ριος
212 1193 308 1228 ὴμῶν,
335 1193 564 1228 ἐπαγγειλάμενος
589 1193 657 1228 μετά
674 1193 704 1219 τὸ
725 1193 850 1220 ἀπελθεῖν
863 1194 916 1229 (95)

133 1239 215 1265 αὑτὸν
228 1239 333 1274 πέμψαι
345 1241 400 1271 τοῖς
416 1239 548 1274 μαθηταῖς
562 1238 656 1269 τοῦτο,
670 1239 684 1265 ὃ
701 1240 748 1265 καὶ
759 1239 915 1265 ἀπέστειλε·

132 1284 167 1310 δι’
181 1281 212 1310 οὗ
230 1285 276 1311 καὶ
290 1283 396 1318 ἁγιάζει
409 1287 471 1316 τοὺς
486 1285 515 1310 ὲν
525 1286 557 1320 τῇ
573 1285 719 1320 Ἐκκλησία
732 1285 917 1317 πιστεύοντας,

133 1330 181 1356 καὶ
197 1330 408 1365 βαπτιζομένους
422 1331 450 1356 έν
465 1330 576 1366 ὀνόματι
591 1331 706 1366 Πατρὸς,
719 1331 766 1356 καὶ
779 1331 854 1363 Υίοῦ,
872 1331 918 1357 καὶ

134 1376 213 1410 ἁγίου
230 1376 397 1412 Πνεύματος.
421 1377 489 1409 Τοὺς
501 1377 529 1403 δὲ
543 1377 597 1412 (91)
612 1377 686 1412 παρά
700 1377 800 1412 ταύτην
812 1378 861 1412 τὴν
873 1377 919 1404 πί-

134 1430 193 1448 στιν
210 1421 272 1448 ἀλλο
288 1431 313 1448 τι
333 1422 514 1458 κηρύττοντας
526 1423 680 1458 ἀλλοτρίους
694 1422 761 1449 οἶδεν
775 1424 791 1458 ἡ
811 1423 919 1450 καθολι-

133 1467 170 1502 κὴ
193 1467 348 1503 Ἐκκλησία.
376 1469 436 1495 ’Ὁτι
454 1468 482 1494 δὲ
502 1469 588 1504 ταύτῃ
610 1470 641 1504 τῇ
660 1469 748 1495 πίστει
765 1469 919 1504 ίσοδυναμεῖ

134 1513 183 1539 καὶ
207 1513 224 1548 ὴ
246 1513 275 1539 ὲν
299 1513 404 1548 Σιρμίῳ
421 1513 516 1549 πρώην
532 1514 671 1540 ὲκτεθεῖσα
693 1515 783 1546 πίστις
799 1515 845 1541 ἐπὶ
868 1515 953 1558 τῆςρ

135 1558 274 1590 εὐσεὸείας
289 1559 336 1585 τοῦ
353 1559 481 1594 βασιλέως
497 1560 585 1596 ήμῶν,
599 1560 774 1596 γνωρίζουσιν
789 1561 812 1587 οἱ
826 1561 918 1595 ἐντυγ-

132 1603 260 1639 χάνοντες
273 1605 339 1640 (95).
356 1615 365 1631 ι
746 1623 750 1626 -

171 1650 213 1676 50.
232 1650 322 1677 Ταῦτα
335 1651 487 1686 γράψαντες
501 1653 529 1679 ὲν
543 1653 575 1688 τῇ
600 1653 718 1689 Ἰσαυρίᾳ
728 1673 735 1685 ,
762 1653 918 1685 ἀνελθόντες

135 1696 176 1727 είς
183 1696 231 1731 τὴν
239 1697 531 1730 Κωνσταντινούπολιν,
539 1698 612 1725 ὥσπε
618 1707 631 1733 ρ
641 1699 829 1733 μεταγνόντες,
839 1699 918 1735 ¹ὶίιλλα-

135 1741 185 1774 ξαν
209 1742 330 1777 συνήθως
352 1743 452 1776 ταῦτα,
474 1745 521 1771 καὶ
538 1744 698 1780 προσθέντες
712 1745 825 1777 λεξείδιά
840 1753 916 1771 τινα·

135 1786 206 1814 ὥστε
224 1788 289 1823 μηδὲ
305 1789 453 1816 ὑπόστασιν
474 1789 561 1824 λέγειν
577 1791 622 1816 ἐπὶ
637 1791 742 1825 Πατρὸς
753 1810 759 1821 ,
779 1791 824 1817 καὶ
841 1791 916 1822 Υίοῦ,

135 1834 182 1860 καὶ
193 1834 269 1868 ἁγίου
280 1834 445 1871 Πνεύματος,
459 1835 640 1871 διεπέμψαντο
653 1836 722 1863 αὑτά
736 1837 790 1867 τοῖς
805 1837 832 1862 ὲν
848 1837 919 1871 Ἀρι-

137 1881 226 1915 μήνῳ,
238 1881 285 1907 καὶ
297 1882 448 1916 ἠνάγκαζον
462 1883 509 1909 καὶ
520 1883 582 1914 τοὺς
597 1883 624 1909 ἐν
637 1885 693 1914 τοῖς
708 1883 804 1918 μέρεσι
815 1883 919 1914 τούτοις

135 1926 322 1962 ὑπογράφειν·
351 1929 413 1959 τοὺς
436 1928 463 1954 δὲ
486 1928 674 1962 ἀντιλέγοντας
696 1928 788 1960 αὐτοῖς
811 1928 918 1954 ἐποίουν

136 1971 304 2007 ἐξορίζεσθαι
321 1972 395 2008 παρὰ
407 1973 604 2000 Κωνσταντίου.
624 1974 715 2000 Ἔστιν
727 1972 773 2000 οὖν
784 1973 882 2000 ταῦτα·

173 2060 227 2096 (96)
247 2070 255 2086 ι
269 2061 433 2097 Πιστεύομεν
444 2063 483 2093 εἰς
498 2061 544 2088 ’ένα
557 2062 631 2093 Θεὸν,
646 2061 753 2097 Πατέρα
767 2062 919 2095 παντοκρά-

135 2115 212 2140 τορα,
231 2106 260 2138 ἐξ
272 2104 301 2133 οὗ
316 2106 350 2133 τὰ
360 2107 448 2134 πάντα
457 2115 463 2122 ⁵
483 2108 529 2134 καὶ
540 2108 579 2139 είς
594 2107 638 2134 τὸν
658 2108 786 2142 μονογενῆ
797 2107 859 2133 Υἰὸν
872 2105 918 2133 τοῦ

135 2152 214 2185 Θεοῦ,
229 2153 274 2178 τὸν
289 2153 342 2188 πρὸ
356 2153 463 2180 πάντων
478 2153 592 2185 αἰώνων,
605 2153 652 2179 καὶ
666 2153 717 2189 πρὸ
729 2153 819 2188 πάσης
832 2151 918 2187 ἀρχῆς

965 915 1077 942 passum
1092 915 1152 935 esse
1167 915 1215 942 pro
1232 908 1350 942 peccatis
1360 907 1471 938 nostris,
1483 906 1676 938 resurrexisse,
1697 913 1743 932 as-

966 956 1104 987 sumptum
1131 952 1214 980 fuisse
1239 953 1266 979 in
1292 952 1386 983 caelos.
1407 960 1440 979 ac
1462 951 1557 979 sedere
1570 950 1603 978 ad
1619 950 1743 978 dextram

966 997 1054 1024 Patris
1069 1007 1075 1024 :
1090 1002 1117 1025 et
1130 998 1227 1024 iterum
1243 1003 1386 1024 venturum
1401 1005 1461 1025 esse
1476 997 1502 1023 in
1523 997 1608 1032 gloria
1619 996 1744 1030 judicare

967 1045 1042 1071 vivos
1054 1049 1080 1071 et.
1093 1050 1227 1072 mortuos.
1241 1044 1383 1072 Credimus
1395 1048 1422 1071 et
1434 1044 1460 1070 in
1474 1043 1742 1078 Spiritumsanctum

967 1097 1046 1124 quem
1071 1089 1240 1118 Paracletum
1261 1097 1369 1124 quoque
1387 1089 1553 1124 nuncupavit
1571 1088 1694 1116 Salvator
1717 1093 1745 1116 et

967 1134 1099 1162 Dominus
1124 1139 1238 1168 noster;
1258 1142 1338 1170 quem
1364 1141 1392 1161 se
1407 1138 1468 1168 post
1485 1133 1635 1161 discessum
1660 1140 1741 1160 suum

967 1179 1106 1214 discipulis
1124 1182 1272 1208 missurum
1287 1180 1422 1215 pollicitus
1438 1185 1488 1212 est,
1505 1185 1531 1207 et
1545 1187 1636 1207 revera
1651 1179 1743 1210 misit;

966 1234 1016 1261 per
1038 1235 1117 1261 quem
1135 1231 1246 1255 cunctos
1262 1228 1288 1254 in
1307 1227 1426 1254 Ecclesia
1451 1226 1542 1254 ﬁdeles
1566 1225 1718 1254 sanctiﬁcat
1733 1243 1741 1256 ,

967 1274 1012 1307 qni
1033 1272 1204 1306 baptizantur
1229 1272 1256 1299 in
1276 1273 1386 1300 nomine
1405 1272 1493 1300 Patris
1510 1277 1536 1300 et
1552 1271 1613 1298 Filii
1638 1275 1665 1298 et
1682 1269 1744 1305 Spi-

968 1319 1036 1345 ritus
1052 1318 1148 1345 sancti.
1164 1317 1218 1345 Eos
1235 1325 1317 1352 porro
1329 1318 1375 1353 qui
1391 1322 1488 1353 praeter
1499 1318 1568 1344 hanc
1577 1316 1656 1344 ﬁdem
1671 1316 1745 1343 aliud

968 1365 1140 1399 praedicant,
1167 1364 1270 1391 alienos
1298 1364 1421 1398 agnoscit
1446 1363 1578 1391 catholica
1610 1362 1741 1389 Ecclesia.

968 1408 1046 1442 Quod
1063 1413 1152 1436 autem
1176 1409 1243 1436 ﬁdes
1268 1408 1359 1435 Sirmii
1383 1416 1468 1443 nuper
1488 1408 1560 1435 edita
1578 1415 1669 1434 coram
1688 1407 1744 1441 pie-

969 1459 1023 1482 tate
1037 1455 1209 1490 imperatoris
1238 1454 1335 1487 nostri,
1357 1455 1422 1482 huic
1442 1455 1518 1490 paria
1534 1454 1679 1486 contineat,
1696 1460 1745 1481 no-

968 1506 1033 1536 runt
1045 1508 1140 1529 omnes
1156 1501 1203 1536 qui
1222 1501 1344 1537 legerint.
1361 1511 1370 1527 ι

1002 1641 1047 1669 50.
1063 1640 1111 1668 llis
1122 1642 1148 1667 in
1161 1640 1261 1668 Isauria
1276 1640 1392 1676 scriptis,
1407 1640 1671 1676 ConstantinOpolim
1683 1648 1745 1675 pro.

967 1687 1049 1719 fecti,
1064 1687 1142 1722 quasi
1169 1694 1198 1714 se
1214 1687 1376 1721 scriptorum
1392 1687 1544 1722 paruiteret,
1569 1695 1600 1714 ea
1617 1687 1651 1714 de
1669 1694 1745 1715 more

967 1735 1151 1764 mutaverunt,
1169 1733 1269 1760 additis
1283 1737 1371 1760 tamen
1386 1733 1550 1768 quibusdam
1566 1733 1691 1765 vnculis;
1710 1734 1745 1761 ita

968 1784 997 1806 ut
1021 1786 1108 1814 neque
1137 1779 1294 1814 hyposlasin
1312 1779 1338 1805 in
1363 1778 1443 1806 l’atre
1459 1783 1485 1805 et
1501 1778 1569 1806 Filio
1591 1783 1617 1806 et
1642 1778 1745 1813 Spiritu

967 1829 1062 1852 sancto
1077 1825 1198 1852 dicerem
1218 1834 1224 1858 ;
1253 1825 1401 1859 eademque
1426 1825 1484 1860 ipsa
1509 1825 1542 1851 iis
1570 1825 1746 1852 transmisere

967 1869 1015 1904 qui
1030 1869 1183 1896 Ariminum
1209 1873 1410 1902 convenerant,
1431 1869 1534 1897 coactis
1553 1870 1680 1897 omnibus
1697 1871 1747 1897 hs-

968 1924 1029 1943 rum
1045 1917 1186 1951 regionum
1200 1916 1334 1950 episcopis
1349 1920 1380 1943 ut
1391 1915 1425 1943 iis
1444 1915 1654 1943 subscriberent.
1672 1915 1705 1942 Et
1719 1916 1745 1943 si

967 1963 1014 1997 qui
1028 1963 1224 1997 repugnabant,
1238 1970 1284 1990 eos
1301 1970 1316 1989 a
1329 1962 1487 1990 Constantio
1502 1962 1529 1989 in
1547 1962 1672 1989 exsilium
1683 1962 1746 1997 peIli

969 2014 1108 2036 curarunt.
1131 2008 1176 2035 Sic
1187 2013 1276 2034 autem
1292 2015 1321 2035 se
1334 2008 1435 2035 habent
1447 2008 1492 2035 illa
1512 2017 1519 2035 :

1007 2065 1015 2080 ι
1028 2054 1171 2082 Credimus
1185 2054 1211 2081 in
1233 2062 1316 2081 unum
1331 2054 1435 2086 Deum,
1453 2053 1559 2081 Patrem
1577 2054 1748 2088 omnipoten-

968 2105 1033 2133 tem,
1045 2107 1079 2127 ex
1097 2107 1151 2134 quo
1165 2099 1256 2126 omnia
1272 2107 1279 2131 ;
1296 2103 1323 2125 et
1338 2099 1366 2125 in
1385 2097 1561 2134 Unigenitum
1578 2099 1676 2126 Filium
1688 2099 1747 2132 Dei.

969 2152 1032 2174 ante
1055 2147 1146 2173 omnia
1167 2145 1276 2176 saecula,
1292 2149 1318 2171 et
1334 2149 1396 2171 ante
1423 2151 1503 2170 omne
1521 2145 1684 2179 principium
1713 2152 1748 2172 ex

136 2197 298 2232 γεννηθέντα
312 2199 344 2224 ὲκ
357 2197 403 2225 τοῦ
419 2198 485 2224 Θεοῦ
494 2207 500 2214 -
516 2199 548 2225 δι’
559 2196 589 2225 οὗ
605 2198 639 2225 τά
650 2199 737 2226 πάντα
750 2199 856 2233 ἐγένετο
865 2217 872 2229 ,
885 2197 916 2224 τὰ

971 2191 1025 2220 Deo
1038 2193 1158 2227 genitum
1179 2201 1186 2218 ι
1200 2199 1248 2226 per
1263 2197 1344 2226 quem
1360 2190 1451 2217 omnia
1464 2189 1535 2217 facta
1549 2196 1614 2218 sunt
1630 2191 1748 2219 visibilia

173 2280 196 2295 "
215 2279 321 2307 Coloss.
336 2288 356 2313 ι,
374 2279 418 2307 13.

158 2347 229 2388 ,(87)
249 2347 311 2375 Haec
325 2348 372 2374 καὶ
387 2347 416 2374 τὸ
427 2346 592 2383 ὁμοιοούσιον
602 2345 699 2373 desunt
717 2345 787 2380 apud
804 2343 919 2380 Epipha-

137 2389 224 2409 mum.

174 2417 230 2458 (81))
250 2417 358 2458 Πατέρα
375 2417 450 2458 deest
467 2417 596 2458 in_editis,
610 2416 656 2445 sed
676 2415 790 2442 habetur
806 2415 831 2442 in
849 2414 914 2450 lleg.

138 2451 236 2486 Epiph.
252 2451 357 2480 Socrat.
375 2457 401 2479 et
417 2452 525 2486 Niceph.

186 2485 231 2520 89)
253 2487 361 2521 Epiph.,
372 2485 417 2513 τὸν
432 2485 495 2513 Υῐὸν
510 2487 556 2513 τοῦ
569 2486 648 2513 Θεοῦ.

185 2519 229 2556 90)
251 2519 355 2549 soci-at.
369 2526 395 2549 et
409 2522 532 2556 Niceplt.,
555 2522 620 2548 Θεὸν
642 2519 727 2554 Λόγον
743 2521 775 2546 ὲκ
796 2519 874 2546 Θεοῦ.
889 2519 917 2546 1η

138 2557 234 2584 iisdem
250 2557 331 2590 paulo
347 2561 408 2591 post
419 2556 532 2591 δύναμιν
546 2557 630 2584 deest.

174 2591 229 2626 (91)
251 2588 367 2623 Socrati,
393 2588 540 2626 εἰληφέναι.
569 2591 630 2618 Mox
653 2590 750 2625 Epiph.
768 2588 872 2616 Socrat.
891 2592 918 2616 et

174 2599 229 2626 (tu)
251 2599 367 2623 bocrat.,
393 2599 432 2617 ειΛ
453 2599 540 2624 φεναι.

137 2624 264 2662 Nicepqu
276 2626 416 2662 Παρθένου
425 2599 545 2662 ὒαρίας.

174 2661 229 2696 (92)
250 2661 294 2688 Sic
309 2659 373 2696 Reg.
397 2659 493 2696 Epipii.
517 2661 666 2696 Editiﬁvero
691 2667 753 2696 enim
770 2659 874 2696 chrat.
891 2664 919 2696 et

137 2693 208 2727 Nic.,
221 2693 272 2722 ’καὶ
288 2693 376 2723 πάλιν.
395 2693 477 2722 Pallio
501 2701 561 2730 post
585 2695 694 2730 Epiph.,
708 2693 874 2728 Πιστεύομεν
890 2693 917 2719 δὲ

137 2730 185 2757 καὶ
201 2731 240 2762 εἰς
252 2731 280 2756 ἓν
296 2732 370 2764 ἆγιον
387 2731 505 2765 Πνεῦμα.

174 2765 229 2799 (95)
250 2762 356 2800 Epiph.,
373 2762 501 2792 ἀνελθεῖν.
518 2765 578 2792 Mox
597 2765 675 2792 τοῦτο
696 2765 771 2800 deljst
786 2763 812 2790 in
826 2762 916 2790 editis.

139 2799 191 2827 Sed
209 2799 321 2826 habetur
336 2801 362 2826 in
376 2800 442 2833 Reg.
459 2799 551 2834 Epipli.
571 2800 675 2826 Socrat.
692 2805 718 2826 et
733 2799 791 2826 Nic.

174 2834 229 2870 (91)
251 2835 357 2868 Epipli..
373 2836 451 2861 τοῦτο
464 2835 512 2870 δέ,;
523 2835 660 2861 mendose.
679 2834 739 2861 Mox
761 2834 866 2860 Socrat.
890 2837 917 2860 et

295 2884 430 2914 ῬΑτιιοιη
454 2885 512 2915 Gn.
537 2883 638 2913 XXVI

967 2340 1037 2374 Nic,
1051 2338 1203 2377 ἀλλοτρίους
1217 2339 1285 2368 εἶναι
1296 2339 1346 2375 τῆς
1360 2339 1503 2377 καθολικῆς
1523 2340 1693 2375 Ἐκκλησίας.

1003 2377 1060 2413 (95)
1079 2375 1162 2413 Addit
1182 2375 1343 2413 Epiplbjﬁ
1359 2375 1615 2413 πίστειᾏριιῳμιιιοκ
1629 2383 1749 2413 sequun-

967 2410 1011 2440 tur
1027 2410 1055 2438 in
1067 2412 1131 2439 edit.
1147 2411 1246 2442 Paris.,
1257 2410 1338 2438 Ταῦθ⁵
1352 2412 1376 2437 oi.
1388 2411 1450 2446 περὶ
1462 2410 1600 2442 Εὐσέϐιον,
1613 2411 1702 2438 addita
1715 2412 1748 2438 de

968 2454 1054 2476 more.
1071 2446 1260 2479 expunximus.
1275 2446 1337 2480 quia
1354 2446 1380 2471 in
1392 2446 1466 2472 nullo
1479 2446 1612 2472 habentur
1625 2446 1685 2472 cod.
1697 2453 1748 2473 nec

968 2483 996 2509 in
1011 2482 1075 2508 edit.
1090 2480 1222 2508 Cnmmel.
1241 2480 1307 2513 Qum
1324 2485 1475 2513 sequuntur
1495 2488 1577 2513 porro
1601 2488 1688 2513 usque
1712 2480 1747 2508 ad

968 2491 996 2509 In
1011 2488 1075 2508 80"..
1090 2488 1222 2508 unmmet.
1241 2488 1307 2509 υιιεΕ
1324 2488 1475 2509 sequuntur
1495 2488 1577 2509 DOTI‘O
1601 2488 1688 2509 usque
1712 2489 1726 2507 a

968 2491 996 2509 In
1011 2488 1075 2508 edit.
1090 2488 1222 2508 unmmet.
1241 2488 1307 2513 utne
1324 2488 1475 2514 sequuntur
1495 2488 1577 2514 porro
1601 2488 1688 2513 usque
1712 2488 1747 2508 au

968 2524 1043 2544 num.
1060 2516 1094 2543 δᾶ
1111 2515 1214 2550 aliquot
1240 2520 1301 2549 post
1326 2516 1416 2550 datam
1440 2515 1582 2549 epistolam
1598 2516 1676 2542 annis
1694 2515 1747 2543 huc

967 2552 1071 2586 adjecta
1088 2550 1170 2577 fuisse
1183 2550 1302 2586 diximus
1318 2550 1345 2577 in
1363 2549 1475 2586 lilonito.
1540 2584 1554 2586 ᾗ

1004 2583 1058 2621 (96)
1081 2585 1187 2621 Decima
1201 2584 1317 2621 formula
1330 2585 1432 2621 scripta
1456 2591 1528 2621 anno
1540 2584 1601 2621 560.
1618 2583 1669 2621 Qui
1684 2584 1748 2621 titu-

967 2618 1011 2648 lus
1027 2618 1054 2647 in
1066 2620 1129 2647 edit.
1143 2618 1228 2646 Paris.
1239 2620 1344 2654 legitur,
1356 2619 1450 2654 Ἑτέρα
1463 2619 1511 2654 τῆς
1525 2618 1640 2650 πίστεως
1654 2619 1748 2653 ὁμολο-

968 2657 1025 2690 για,
1041 2663 1056 2683 a
1072 2655 1274 2682 Parisicnsibns
1293 2655 1326 2682 de
1345 2662 1418 2690 more
1443 2654 1550 2690 additus
1565 2654 1683 2690 absque
1694 2655 1747 2682 ulla

968 2687 1136 2721 auctoritate,
1149 2690 1266 2716 omissus
1282 2697 1296 2715 a
1314 2689 1391 2716 nobis
1412 2693 1461 2715 est.
1480 2687 1664 2716 Tlieodoretus
1678 2689 1747 2716 hanc

968 2727 1043 2754 ail‘ert
1059 2726 1105 2752 lib.
1124 2733 1152 2756 ιι,
1168 2732 1228 2758 cap.
1242 2724 1420 2757 21;Socrat.,
1436 2724 1482 2750 lib.
1496 2731 1527 2756 ιι,
1544 2731 1603 2758 cap.
1617 2723 1648 2752 51
1661 2723 1747 2757 ;Nic.,

968 2762 1013 2786 lib.
1032 2769 1069 2786 ix.
1085 2769 1110 2786 e.
1127 2760 1171 2786 44.

967 2762 1204 2827 ιώῗιζέοιῗόιῗείς
1218 2793 1265 2820 ἕνα
1279 2795 1325 2820 καὶ
1338 2793 1421 2855 (μόνον
1436 2791 1560 2828 ἀληθινὸν
1573 2793 1648 2820 Θεόν.
1669 2792 1746 2821 Socr.

967 2835 993 2855 et
1007 2830 1078 2855 Nic“
1095 2831 1134 2855 si:
1148 2830 1195 2855 ἓνα
1209 2830 1288 2855 μόνον
1302 2829 1336 2854 Ba
1353 2838 1376 2855 ν.

967 2835 993 2858 et
1007 2830 1079 2863 Nic.,
1095 2831 1134 2861 εἰς
1148 2830 1195 2855 Eva
1209 2830 1288 2863 μόνον
1302 2829 1376 2855 Θεόν.

1541 2874 1580 2904 ΞΒ
