1974 3037
122 142 177 169 749

824 141 867 168 DE
888 140 1041 168 SYNODIS.

1689 137 1742 168 750

122 201 187 232 τοὺς
209 199 244 227 τὰ
267 200 370 236 Ἀρείου
387 201 551 237 γυμνότερον
567 201 694 236 λέγοντας
707 200 911 237 προσδέχεσθαι,

964 204 1112 235 querentur
1138 199 1286 232 admissis,
1308 199 1443 227 Ecclesias
1457 195 1539 226 etiam
1559 195 1626 233 ipsis
1651 198 1744 226 trade.

123 247 228 278 καὶτὰς
244 246 402 281 Ἐκκλησίας
411 247 501 280 αὐτοῖς
512 247 696 283 παραδιδόναι,
708 247 752 274 ἴνα
765 248 807 274 ἐπ’
819 247 911 278 ἀδείας

121 292 159 320 τὰ
170 293 220 328 τῆς
237 292 409 328 βλασφημίας
425 293 599 329 προσφέρωσι
620 293 686 329 (Η).
713 294 763 320 Διὰ
781 293 846 328 γοῦν
861 293 911 329 τὴν

123 339 224 375 πολλὴν
234 339 368 366 ἀναίδειαν
377 340 427 375 τῆς
438 340 610 376 βλασφημίας
617 341 706 367 αὐτῶν
714 341 844 376 ’Δνόμοιοι
857 349 910 368 πα-

125 385 160 421 ρὰ
172 386 253 412 πᾶσιν
268 385 430 422 ἐκλήθησαν,
441 386 547 422 ἔχοντες
557 387 604 413 καὶ
620 386 668 422 τὴν
683 386 849 420 ὲξουκόντιον
865 387 912 413 ὲπ-

122 431 257 467 ωνυμίαν,
280 433 326 459 καὶ
342 432 388 458 τὸν
407 433 543 468 αἱρετικὸν
559 433 744 460 Κωνστάντιον
759 433 912 468 προστάτην

121 477 174 512 τῆς
189 478 315 510 ἀσεϐείας
328 478 432 506 αὐτῶν*
456 479 484 511 ὃς
494 499 501 511 ,
522 479 601 515 μέχρι
613 479 708 511 τέλους
727 479 868 514 διαμείνας
882 479 911 506 ὲν

122 523 247 560 ἀσεϐείᾳ,
261 524 308 551 καὶ
323 525 415 552 λοιπὸν
429 525 616 560 ἀποθνήσκων,
634 525 706 557 ἔδοξε
723 525 909 560 βαπτίζεσθαι,

122 569 154 595 οὐ
172 570 246 606 παρὰ
260 571 378 597 εὐσεϐῶν
396 571 511 607 ἀνδρῶν,
523 571 590 598 ἀλλὰ
604 571 656 598 ὑπὸ
667 571 721 606 (12)
732 572 851 604 Εὑζωῖου
864 572 911 599 τοῦ

123 615 169 642 διὰ
182 616 230 650 τὴν
252 617 391 652 ’Ᾱρειανὴν
412 617 516 652 αἵρεσιν
535 618 583 653 οὐχ
599 617 671 649 ἅπαξ
683 638 690 649 ,
711 618 778 644 ἀλλὰ
794 618 840 644 καὶ
855 618 911 653 (l5)

125 663 254 695 πολλάκις
266 663 484 698 καθαιρεθέντος,
499 665 546 690 καὶ
561 664 605 690 ὅτε
615 664 738 696 διάκονος
749 662 794 699 ἦν,
808 665 856 691 καὶ
867 666 911 692 ὅτε

124 708 154 734 ὲν
177 709 326 744 Ἀντιοχείᾳ
342 709 487 745 ὲκαθέσθη.

160 756 205 782 52.
222 756 295 788 Τέως
311 756 360 792 μὲν
371 755 417 783 οὖν
435 757 499 792 ἄχρι
511 756 606 784 τούτου
622 758 782 792 φθάσαντες,
795 758 912 794 ἔστησαν

123 801 173 828 καὶ
186 801 373 838 καθῃρέθησαν
385 802 409 828 οἱ
424 803 626 839 προειρημένοι.
648 803 726 830 ’Λλλὰ
741 804 800 831 οὐδὲ
816 803 911 836 οὕτως,

123 845 154 873 εὗ
172 844 229 873 οἶδα
242 848 282 873 ὅτι
301 849 441 883 στήσονται
459 849 515 875 ὅσοι
533 850 578 875 καὶ
598 849 646 876 νῦν
663 849 854 885 ὑπεκρίναντο,
869 850 913 876 ἀεὶ

92 930 95 931 ν
123 892 152 919 δὲ
170 893 312 924 συστάσεις
334 894 476 929 ποιήσουσι
498 894 569 921 κατὰ
584 895 632 930 τῆς
648 895 793 930 ἀληθείας,
807 895 858 927 ἕως
878 896 911 923 ἂν

124 939 165 969 είς
183 938 295 970 ἑαυτοὺς
311 938 432 970 ἐλθόντες
446 939 544 966 εἴπωσι
557 940 603 966 καὶ
613 937 684 967 οὗτοι
695 948 702 955 ·
735 940 912 973 ’Λναστάντες

124 984 323 1020 πορευσώμεθα
337 986 390 1021 (id)
409 987 476 1022 πρὸς
493 987 556 1018 τοὺς
571 987 696 1023 Πατέρας
717 986 837 1018 ἑαυτῶν,
866 988 912 1014 καὶ

124 1029 241 1065 ἐροῦμεν
257 1031 346 1062 αὐτοῖς
355 1039 362 1046 ·
382 1031 627 1068 Ἀναθεματίζομεν
639 1032 688 1067 μὲν
702 1033 751 1067 τὴν
771 1032 798 1058 Ἀ
804 1031 912 1067 ρειανὴν

122 1076 231 1111 αἵρεσιν
241 1096 248 1108 ,
272 1076 488 1113 ὲπιγινώσκομεν
502 1077 530 1104 δὲ
545 1077 594 1113 τὴν
610 1079 639 1105 ἐν
660 1077 762 1113 Νικαίᾳ
786 1077 893 1105 σύνοδον
903 1085 910 1092 ·

125 1121 194 1156 πρὸς
209 1121 310 1156 ταύτην
327 1122 380 1158 γὰρ
394 1122 484 1158 ἔχουσι
497 1123 545 1159 τὴν
567 1123 634 1159 ἔριν.
661 1123 709 1154 Τίς
728 1121 774 1150 οὖν
788 1122 828 1149 ἑτι
838 1142 846 1155 ,
861 1122 913 1150 κᾶν

124 1166 218 1201 ὀλίγην
231 1166 356 1202 αἴσθησιν
373 1168 451 1203 ἔχων,
470 1168 592 1200 ἀνέξεται
609 1167 728 1201 τούτων;
743 1167 791 1200 Τίς
806 1167 912 1203 βλέπων

124 1211 186 1238 καθ’
209 1212 326 1246 ἑκάστην
352 1212 460 1239 σύνοδον
479 1213 512 1239 τὰ
534 1213 583 1248 μὲν
604 1213 807 1249 ἀφαιρούμενα,
829 1213 863 1240 τὰ
883 1213 912 1240 δὲ

125 1258 335 1293 προστιθέμενα,
347 1259 377 1285 οὐ
391 1260 488 1294 συνορᾷ
495 1259 605 1290 τούτους
614 1258 734 1286 ὕποπτον
742 1259 788 1286 καὶ
797 1259 912 1286 ὓπουλον

125 1302 235 1338 ἔχοντας
251 1304 306 1339 (l5)
321 1304 391 1331 κατὰ
406 1304 522 1340 Χριστοῦ
545 1305 594 1340 τὴν
608 1303 742 1337 διάνοιανς
766 1304 829 1337 Τίς,
842 1304 912 1340 ὁρῶν

125 1350 224 1381 αὐτοὺς
242 1350 286 1377 διὰ
310 1350 422 1386 μακρῶν
441 1351 610 1382 ἐκτείνοντας
629 1350 732 1377 ἑαυτῶν
749 1351 797 1386 τήν
817 1360 847 1378 τε
862 1352 911 1388 τῆς

125 1395 244 1428 πίστεως
263 1397 386 1424 σύνθεσιν
400 1397 448 1424 καὶ
462 1397 509 1433 τὴν
524 1397 680 1432 ἀπολογίαν,
699 1398 762 1433 περὶ
774 1395 812 1425 ὧν
827 1399 912 1433 ἐγκα-

120 1442 235 1469 ’λοῦνται
245 1463 252 1476 ,
266 1444 314 1478 οὐχ
329 1443 380 1479 ὁρᾷ
400 1443 511 1475 τούτους
528 1442 781 1477 καταγινώσκοντας
797 1444 910 1477 ἑαυτῶν,

126 1489 174 1515 καὶ
188 1488 273 1515 πολλὰ
288 1489 443 1524 γράφοντας
459 1489 583 1525 ἐπίτηδες
593 1509 600 1522 ,
618 1490 661 1516 ἵνα
684 1489 779 1523 δόξωσι
801 1490 845 1517 διὰ
863 1491 912 1526 τῆς

962 250 1032 278 rent,
1051 250 1080 273 ut
1096 246 1158 273 hinc
1174 246 1212 273 illi
1230 245 1357 273 ﬁdentius
1373 244 1557 280 blasphemias
1571 243 1739 279 proferrent,

962 298 994 318 ac
1009 291 1122 326 proinde
1137 291 1172 319 ob
1189 291 1325 326 ingentem
1347 289 1579 325 blasphemiarum
1601 289 1745 324 impuden-

961 337 1027 364 tiam
1043 338 1167 365 Anomaai
1189 337 1224 364 ab
1239 338 1366 365 omnibus
1381 337 1467 363 vocati
1483 341 1557 368 sunt,
1577 335 1744 368 ἐξουκόντιον

961 391 1071 418 quoque
1088 391 1237 418 cognomen
1262 383 1411 414 habentes,
1434 390 1466 410 ac
1489 382 1647 409 hmretieum
1671 381 1745 408 Con-

961 430 1092 457 stantium
1109 430 1255 465 impietatis
1272 437 1328 457 sua;
1344 429 1415 456 nacti
1431 433 1576 464 patronum
1593 436 1602 462 ;
1619 427 1666 463 qui
1681 431 1743 454 cum

962 475 996 509 ad
1009 483 1094 510 usque
1108 475 1189 502 ﬁnem
1207 475 1234 502 in
1255 475 1393 509 impietate
1408 476 1620 508 perseverasset,
1632 472 1743 500 demum

963 521 1081 547 instante
1094 524 1182 547 morte
1198 519 1331 554 baptizari
1350 519 1447 551 voluit,
1464 528 1518 547 non
1535 527 1550 546 a
1573 519 1626 554 piis
1649 520 1744 554 utique

963 566 1040 599 viris,
1058 566 1104 593 sed
1122 565 1156 593 ab
1170 564 1272 592 Euzoio
1299 565 1346 600 qui
1369 564 1477 592 Arianae
1493 565 1628 592 hmreseos
1648 572 1743 596 causa,

962 620 1016 640 non
1032 612 1115 640 semet
1133 612 1178 639 sed
1200 611 1351 643 multoties.
1374 615 1402 638 et
1423 611 1554 638 diaconus
1570 618 1631 638 cum
1651 609 1743 642 esset.

962 664 988 686 et
1003 667 1065 686 cum
1080 657 1231 687 Antiochiae
1243 658 1359 692 sederet,
1376 658 1515 693 depositus
1528 657 1626 685 fuerat.

996 768 1041 796 52.
1060 767 1119 796 Huc
1135 775 1224 803 usque
1241 767 1324 802 igitur
1338 767 1475 802 progressi
1492 774 1575 802 supra
1596 767 1661 795 dicti
1679 767 1743 798 viri.

963 814 1112 842 substitere
1128 813 1236 842 tandem
1248 833 1255 845 ,
1278 821 1310 841 ac
1326 813 1437 840 demum
1459 812 1575 848 depositi
1592 817 1669 840 sunt.
1693 812 1746 840 Sed

963 859 1031 888 bene
1045 860 1109 887 novi
1123 867 1171 887 eos
1183 867 1218 886 ne
1240 859 1277 886 ita
1298 858 1408 894 quidem
1429 858 1544 893 gradum
1558 865 1746 893 repressuros,

963 910 1098 941 quotquot
1124 905 1179 941 jam
1196 906 1247 933 hac
1267 905 1311 932 usi
1331 909 1396 932 sunt
1414 904 1600 938 simulatione,
1616 903 1663 932 sed
1680 910 1748 931 con~

962 951 1075 978 ﬂaturos
1089 959 1196 986 semper
1224 950 1442 985 conspirationes
1462 953 1557 977 contra
1580 949 1722 977 veritatem
1737 967 1745 981 ,

961 997 1048 1024 donec
1062 997 1095 1024 ad
1111 1005 1141 1024 se
1155 997 1258 1024 reversi
1274 997 1366 1024 dicant
1383 1001 1409 1024 et
1423 996 1474 1031 ipsi
1485 1004 1492 1022 :
1502 994 1748 1031 Surgamus,.pro—

961 1051 1144 1078 peremusque
1165 1043 1199 1070 ad
1211 1043 1305 1070 Patres
1323 1046 1444 1074 nostros,
1467 1046 1494 1069 et
1509 1042 1635 1069 dicamus
1664 1041 1720 1068 illis
1737 1050 1745 1068 :

962 1090 1092 1117 Arianam
1120 1090 1246 1118 haeresim
1267 1089 1441 1116 anathemate
1466 1088 1645 1122 damnamus,
1660 1087 1748 1115 Nicae-

962 1143 1026 1163 nam
1044 1143 1108 1163 vero
1139 1136 1274 1171 synodum
1300 1135 1476 1171 agnoscimus
1501 1143 1509 1161 τ
1539 1142 1601 1162 cum
1621 1141 1654 1162 ea
1671 1134 1747 1162 enim

962 1182 1016 1210 illis
1033 1186 1074 1209 est
1088 1182 1235 1210 contentio.
1260 1182 1326 1215 Quis
1343 1182 1436 1217 igitur,
1467 1181 1509 1208 vel
1533 1180 1640 1208 modico
1663 1187 1747 1208 sensu

961 1228 1101 1262 praeditus,
1118 1228 1169 1255 hos
1186 1228 1257 1255 ultra
1275 1227 1363 1255 ferat?
1378 1227 1446 1261 Quis
1466 1226 1592 1254 homines
1610 1226 1705 1253 videns
1718 1226 1747 1254 in

962 1273 1078 1308 singulis
1090 1273 1202 1309 synodis
1214 1274 1267 1301 alia
1284 1273 1437 1305 detrahere,
1455 1272 1508 1300 alia
1522 1272 1633 1305 addere,
1650 1278 1746 1299 eorum

962 1323 1119 1354 suspectam
1147 1327 1179 1346 ac
1202 1319 1346 1346 subdolam
1374 1326 1438 1354 erga
1463 1318 1603 1346 Christum
1625 1322 1746 1345 mentem

962 1364 1249 1392 non-animadvertat?
1265 1364 1334 1397 Quis
1354 1371 1402 1392 eos
1421 1364 1597 1399 conspicatus
1608 1363 1670 1391 ﬁdei
1689 1371 1748 1391 suat

962 1409 1110 1438 formulam
1135 1418 1168 1438 ac
1191 1410 1413 1438 criminationum
1434 1410 1622 1445 depulsionem
1651 1409 1746 1437 multis

962 1457 1128 1486 concinnare
1138 1456 1242 1489 verbis,
1254 1455 1337 1492 598
1343 1464 1397 1484 non
1411 1456 1534 1484 advertat
1548 1456 1674 1484 homines
1685 1463 1747 1484 sese

962 1503 1088 1538 prodere,
1104 1507 1131 1530 et
1143 1503 1229 1530 multa
1249 1503 1283 1530 de
1296 1503 1430 1530 industria
1445 1503 1575 1535 scribere,
1595 1506 1627 1530 ut
1643 1510 1691 1538 per
1702 1503 1746 1530 in.

125 1535 241 1571 ἀκαίρου
267 1536 419 1572 φιλοτιμίας
431 1556 438 1568 ,
455 1537 501 1563 καὶ
524 1537 572 1572 τῆς
590 1536 724 1572 τοσαύτης
740 1536 910 1571 πολυλογίας,

963 1535 1152 1584 tempestivam
1174 1549 1401 1583 ostentationem,
1419 1553 1447 1576 et
1466 1553 1570 1576 tantam
1596 1535 1748 1584 loquacita-

126 1581 296 1618 ὑφαρπάζειν
312 1583 374 1613 τοὺς
398 1582 543 1619 ἀκεραίους
554 1603 561 1615 ,
582 1582 626 1608 καὶ
640 1582 779 1609 λανθάνειν
794 1581 844 1609 οἷοι
863 1583 912 1618 τὴν

126 1627 232 1662 αἵρεσιν
257 1627 435 1662 τυγχάνουσιν
456 1627 545 1660 ὄντες
566 1627 635 1654 Ἀλλ’
648 1627 742 1664 ὥσπερ
756 1629 781 1655 οί
800 1629 911 1661 ἐθνικοὶ,

125 1673 165 1704 ὡς
176 1671 251 1700 εἶπεν
267 1673 281 1699 ὀ
293 1673 404 1708 Κύριος,
420 1673 644 1708 βαττολογοῦντες
656 1674 685 1700 ὲν
694 1675 754 1706 ταῖς
767 1674 859 1710 εὐχαῖς
868 1675 914 1701 οὑ-

126 1718 171 1744 δὲν
182 1717 341 1752 ὠφελοῦσιν,
355 1718 440 1750 οὕτως
453 1716 525 1746 οὗτοι
537 1718 656 1745 τοσαῦτα
668 1719 911 1755 καταντλήσαντες,

126 1764 177 1790 οὐκ
187 1764 356 1799 ἠδυνήθησαν
370 1765 465 1791 σῦἑσαι
478 1765 527 1800 τὴν
540 1766 609 1792 κατὰ
621 1766 671 1802 τῆς
686 1765 828 1802 Ἀρειανῆς
844 1766 914 1802 αίρὲ-

127 1819 196 1842 σεως
210 1811 308 1845 κρίσιν,
324 1811 390 1838 ἀλλὰ
401 1811 448 1838 καὶ
460 1812 560 1847 μᾶλλον
574 1812 745 1848 ἐλεγχθέντες
757 1813 912 1849 καθῃρέθη-

126 1864 187 1887 σαν,
199 1855 246 1882 καὶ
254 1856 364 1888 εἰκότως
374 1865 405 1890 γε
416 1863 422 1869 ’
435 1857 515 1883 ποίαν
530 1856 584 1893 γὰρ
599 1857 687 1884 αὐτῶν
697 1858 711 1884 ὁ
725 1857 831 1884 ἀκούων
846 1858 914 1884 ἀπο-

125 1902 232 1934 δέξεται
249 1902 303 1937 (16)
321 1904 498 1939 συγγραφήν;
513 1903 548 1930 Ἢ
563 1905 626 1930 ποῖα
638 1903 824 1939 θαρρήσαντες
837 1904 913 1930 αὐτοὶ

126 1949 311 1984 κατηχήσουσι
328 1950 391 1980 τοὺς
406 1949 570 1985 ἐρχομένους
593 1949 662 1986 πρὸς
681 1950 796 1982 αὑτοὺς;
811 1950 842 1977 Ei
863 1950 912 1986 μὲν

126 1994 182 2030 γὰρ
199 1995 226 2021 αἰ
243 1995 329 2020 πᾶσαι
343 1995 406 2030 μίαν
420 1995 467 2021 καὶ
483 1994 530 2030 τὴν
544 1995 628 2031 αὐτὴν
640 1995 731 2031 ἔχουσι
743 1997 911 2032 συμφωνίαν,

126 2040 168 2072 τίς
179 2041 196 2075 ἡ
206 2040 284 2076 χρεία
294 2040 347 2067 τῶν
360 2040 464 2067 πολλῶν
474 2048 480 2073 ;
494 2041 524 2067 Ei
535 2041 563 2067 δὲ
575 2041 708 2068 τοσούτων
720 2042 798 2078 χρεία
807 2043 912 2077 γέγονε,

126 2086 206 2122 δῆλόν
220 2089 292 2114 εστιν
307 2088 425 2124 ἑκάστην
440 2088 516 2124 ἐνδεῆ
534 2088 580 2114 καὶ
598 2089 635 2124 μὴ
650 2089 739 2126 πλήρη
753 2091 911 2125 τυγχάνειν·

127 2134 176 2161 καὶ
190 2133 268 2160 τοῦτο
281 2134 378 2169 μᾶλλον
394 2133 472 2170 ἡμῶν
487 2134 562 2161 αὐτοὶ
575 2134 756 2169 διελέγχουσιν
771 2135 799 2161 ὲν
809 2135 847 2170 τῷ
862 2136 913 2162 πά-

127 2187 179 2211 σας
199 2179 368 2207 ἐναλλάττειν
382 2180 428 2207 καὶ
447 2181 611 2216 μεταποιεῖν.
641 2180 677 2206 Τὸ
696 2180 724 2206 δὲ
745 2180 844 2216 πλῆθος
858 2180 913 2208 τῶν

128 2225 255 2258 συνόδων,
264 2226 311 2252 καὶ
318 2227 335 2262 ὴ
345 2226 459 2262 διαφορὰ
470 2225 523 2252 τῶν
533 2225 712 2262 γραφομένων
721 2225 840 2252 δείκνυσι
851 2227 913 2258 τοὺς
928 2221 950 2248 Ῑ)

127 2274 158 2299 ἐν
180 2273 274 2304 αὐταῖς
289 2272 478 2303 συνελθόντας,
496 2271 664 2307 μαχομένους
677 2271 726 2307 μὲν
740 2272 808 2307 πρὸς
820 2273 870 2308 τὴν
883 2273 912 2299 ἐν

128 2319 230 2355 Nmis
243 2319 350 2346 σύνοδον
361 2339 369 2351 ,
386 2318 564 2350 ἀσθενοῦντας
580 2318 609 2344 δὲ
625 2318 692 2353 πρὸς
707 2318 757 2354 τὴν
773 2318 910 2353 ἀλήθειαν.

163 2411 207 2438 ὅδε
233 2409 340 2445 Ἐπειδὴ
357 2409 412 2444 (Π)
426 2409 453 2435 δὲ
471 2408 556 2441 οὕτως
572 2409 648 2435 αὐτοὶ
664 2416 730 2445 προς
744 2418 773 2436 τε
788 2410 911 2442 ἑαυτοὺς,

129 2458 176 2484 καὶ
198 2456 266 2492 πρὸς
278 2457 342 2487 τοὺς
357 2456 408 2491 πρὸ
422 2455 525 2482 ἑαυτῶν
541 2455 697 2491 διετέθησαν
707 2475 714 2487 ,
738 2456 803 2492 φέρε
820 2456 912 2482 λοιπὸν

129 2504 221 2539 ἡμεῖς,
231 2502 415 2535 ἐξετάσαντες,
434 2502 563 2538 μάθωμεν
573 2502 637 2538 παρ’
653 2501 752 2534 αὐτῶν,
766 2503 840 2529 ποῖον
852 2502 913 2529 ἄτο-

128 2558 179 2577 πον
194 2550 389 2585 θεωρήσαντες,
406 2548 423 2584 ἢ
439 2548 500 2576 τίνα
512 2548 583 2580 λέξιν
597 2547 752 2584 αἰτιώμενοι
764 2547 817 2575 τῶν
831 2549 912 2582 ἐγγε-

166 2619 188 2635 ¹⁷
208 2618 302 2646 Matth.
317 2626 355 2649 Vl,
371 2617 398 2644 7.

178 2683 340 2720 H).Regius
351 2681 470 2720 secunda
483 2683 577 2720 manu,
593 2680 760 2717 προφέρωσι.

179 2714 221 2752 1ἳῇ
244 2714 353 2753 Regius,
370 2714 426 2745 ἀλλ’
443 2714 506 2744 ὑπό.

177 2756 220 2787 15)
242 2751 408 2789 Ιῑοῖὶεείιιε;
426 2753 453 2780 in
469 2752 549 2789 editis
560 2751 685 2789 veroxgt
696 2751 780 2789 deest.

177 2785 221 2824 Η)
244 2785 353 2823 Regius,
366 2785 569 2824 πορευσόμεθα,
578 2787 642 2824 ιυῃι.
656 2787 766 2824 Regius,
775 2785 842 2821 πρὸς
851 2793 912 2816 τους

129 2821 260 2859 πατέρας.
276 2821 334 2852 Μέν
348 2821 464 2859 sequens
475 2821 549 2859 deest
564 2823 589 2849 in
607 2821 700 2857 Regio.

165 2857 221 2897 (t5)
241 2861 278 2887 lla
295 2857 404 2895 Regius.
420 2858 500 2892 Editi,
515 2857 629 2892 ἔχοντες.

964 1600 1016 1622 tem
1035 1595 1215 1630 simpliciores
1234 1595 1375 1627 seducant,
1390 1603 1422 1622 ac
1436 1603 1513 1622 suam
1530 1595 1637 1630 possint
1658 1595 1747 1622 haere-

963 1642 1006 1670 sin
1019 1641 1178 1669 occultare?
1191 1641 1226 1668 At
1239 1641 1311 1669 sicut
1326 1641 1454 1672 ethnicis,
1470 1641 1508 1668 ait
1523 1640 1664 1673 Dominus.
1678 1641 1747 1668 nihil

962 1687 1074 1723 prodest
1087 1688 1173 1715 multa
1183 1687 1210 1714 in
1222 1687 1393 1715 orationibus
1406 1687 1488 1714 verba
1497 1685 1610 1714 fundere
1621 1688 1655 1719 ",
1666 1688 1706 1714 sic
1720 1692 1748 1714 et

963 1734 1008 1761 isti
1026 1738 1065 1762 tot
1085 1738 1215 1769 tantaque
1231 1733 1397 1765 eﬂ‘utientes,
1410 1733 1544 1768 judicium
1561 1737 1656 1760 contra
1669 1734 1748 1760 Aria-

963 1788 1027 1808 nam
1041 1780 1165 1808 haeresim
1179 1780 1262 1807 latum
1273 1779 1382 1806 abolere
1396 1787 1568 1815 nequaquam
1581 1785 1746 1814 potuerunt;

963 1827 1020 1854 imo
1033 1827 1118 1862 magis
1131 1827 1273 1862 magisque
1285 1825 1413 1858 convicti,
1427 1825 1544 1860 depositi
1560 1830 1634 1857 sunt,
1648 1829 1674 1852 et
1685 1825 1748 1860 jure

963 1871 1091 1906 quidem;
1117 1871 1190 1906 quod
1212 1871 1285 1898 enim
1300 1877 1395 1898 eorum
1415 1870 1576 1905 rescriptum
1594 1870 1684 1905 quivis
1699 1878 1748 1897 au-

963 1919 1040 1946 diens
1053 1918 1191 1952 recipiat?
1207 1918 1261 1944 Aut
1274 1924 1329 1952 qua
1357 1917 1454 1944 ﬁducia
1481 1916 1642 1944 aecedentes
1661 1916 1694 1943 ad
1717 1925 1748 1944 se

963 1965 996 1992 ad
1021 1965 1099 1992 ﬁdem
1117 1964 1277 1991 instituerit?
1291 1963 1370 1995 Nam,
1387 1963 1410 1991 si
1434 1963 1567 1998 rescripta
1592 1963 1637 1990 illa
1654 1964 1747 1990 omnia

963 2017 1047 2037 unam
1062 2009 1240 2043 eamdemque
1256 1999 1418 2036 sententiam
1435 2007 1534 2040 ferant,
1557 2008 1622 2043 quid
1648 2009 1748 2035 multo.

963 2063 1024 2083 rum
1040 2055 1129 2091 opus“?
1148 2055 1195 2081 Sin
1215 2060 1269 2081 tam
1286 2054 1433 2082 multorum
1453 2062 1522 2088 opus
1543 2053 1604 2086 fuit,
1631 2054 1747 2081 manife-

963 2106 1036 2129 stum
1051 2106 1091 2129 est
1108 2101 1213 2137 singula
1231 2100 1346 2128 deiicere
1363 2100 1497 2135 plenaque
1517 2108 1570 2127 non
1585 2107 1656 2130 esse.
1673 2101 1747 2135 quod

964 2148 1002 2175 illi
1024 2148 1075 2182 ipsi
1100 2148 1244 2183 plusquam
1270 2155 1322 2174 nos
1338 2147 1425 2181 palam
1450 2146 1575 2174 faciunt:
1594 2154 1625 2174 ea
1646 2148 1747 2182 quippe

964 2195 1054 2221 omnia
1070 2194 1216 2221 immutant
1237 2197 1319 2227 atque
1329 2192 1383 2220 alio
1401 2191 1486 2219 edunt
1505 2200 1641 2220 sermone.
1662 2193 1747 2220 Porro

965 2240 1110 2267 multitudo
1131 2238 1310 2275 synodorum,
1326 2239 1543 2273 scriptorumque
1564 2239 1746 2274 discrepantia

962 2283 1051 2317 arguit
1061 2289 1126 2309 sane
1136 2289 1184 2309 eos
1195 2281 1241 2315 qui
1254 2285 1451 2312 convenerunt,
1463 2281 1594 2308 adversus
1607 2280 1746 2308 Nicaenam

962 2329 1095 2364 synodum
1119 2333 1300 2361 concertare;
1322 2328 1369 2356 sed
1387 2332 1477 2355 tamen
1497 2336 1526 2356 se
1551 2328 1745 2357 imbecilliores

961 2383 1022 2403 esse
1037 2383 1119 2410 quam
1136 2379 1166 2402 ut
1177 2379 1335 2410 oppugnent
1347 2375 1504 2403 veritatem.

997 2421 1041 2448 35.
1057 2421 1202 2454 Caeterum,
1217 2421 1325 2455 quando
1340 2420 1391 2455 ipsi
1410 2428 1474 2455 erga
1487 2427 1516 2451 se
1532 2425 1627 2448 mutuo
1638 2425 1666 2447 et
1681 2428 1744 2455 erga

963 2466 1080 2500 majores
1094 2473 1160 2493 suos
1171 2465 1211 2492 sic
1222 2465 1311 2492 ail'ecti
1327 2469 1402 2497 sunt,
1422 2472 1481 2499 age,
1495 2464 1552 2498 jam
1571 2465 1744 2493 sciscitemur

962 2513 1035 2544 illos,
1050 2516 1083 2539 ut
1104 2512 1259 2538 ediscamus
1275 2518 1356 2546 quam
1379 2510 1406 2537 in
1420 2511 1531 2546 scriptis
1550 2511 1602 2538 illis
1617 2511 1745 2539 absurdi-

962 2561 1045 2585 tatem
1068 2560 1116 2583 aut
1139 2563 1221 2591 quam
1239 2555 1365 2582 vitiosam
1391 2555 1553 2582 sententiam
1572 2556 1722 2590 conspicati
1736 2575 1744 2587 .

971 2677 1052 2721 Hild)
1072 2675 1110 2704 lla
1126 2674 1226 2712 Regius
1249 2681 1275 2703 et
1294 2676 1438 2704 Basilicus.
1456 2675 1526 2703 Editi
1544 2682 1665 2711 quoque,
1679 2675 1746 2701 ἀπο-

962 2714 1143 2783 δῦῇῆῗιᾋηῐο
1157 2747 1275 2783 Ἐπειδὴ,
1290 2747 1363 2783 hunc
1379 2746 1503 2783 titulum,
1513 2745 1560 2772 Ἐκ
1576 2745 1747 2783 τῆς-ἐπιστοα

962 2780 1010 2818 λῆς
1024 2780 1056 2809 πε
1062 2783 1088 2818 pi.
1098 2783 1151 2809 τῶν
1159 2780 1309 2818 γενομένων
1322 2782 1351 2808 ἐν
1362 2783 1395 2818 τῇ
1411 2782 1548 2817 ’Λριμήνῳ
1559 2782 1610 2818 τῆς
1620 2780 1744 2818 dealing,

963 2815 1010 2845 κάι
1019 2819 1052 2858 ἐν
1063 2815 1207 2845 Σελευκεία
1220 2815 1267 2849 τῆς
1283 2815 1427 2852 Ίσαυρίας,
1440 2815 1577 2852 prirmittit
1591 2815 1744 2842 Felckmau.

965 2859 1070 2881 tertius.
