1977 3039
278 119 328 150 ’151

560 118 589 146 S.
610 118 796 147 ATHANASII
815 119 890 146 OPP.
912 118 1001 146 PARS
1021 118 1040 147 Ι.
1059 136 1093 141 —
1112 121 1298 150 lllSTORlL’A
1318 123 1363 150 ET
1383 124 1593 153 DOGMATlCA.
1824 129 1865 158 752

278 179 406 207 Patribus
418 179 626 212 inobsequentes
639 182 713 210 sunt,
727 182 754 205 et
770 178 900 205 adversus
912 179 1050 206 mcumeni:

1109 180 1272 216 γραμμένων
1283 200 1290 213 ,
1308 181 1429 213 ἀπειθεῖς
1442 183 1491 218 μὲν
1510 183 1618 217 γονεῦσι
1634 184 1765 218 γεγόνασι,
1786 186 1865 222 διαμά-

278 233 338 253 cam
349 225 480 261 synodum
492 224 649 252 decertant?
661 223 708 252 lla:
719 232 809 257 voces,
820 225 907 257 aiunt,
921 234 930 250 ι
946 233 978 252 ex
990 225 1055 252 sub—

277 271 386 303 stantia,
399 280 408 296 ι
426 274 463 303 et,
488 279 497 296 ι
509 270 747 302 consubstantiale,
759 279 768 295 ι
784 270 861 297 nobis
878 270 989 297 minime
1001 271 1057 305 pla-

277 321 348 348 cent,
364 315 526 351 quibusdam
547 316 618 343 enim
634 316 797 357 oﬁ'eudiculo
816 316 902 348 fuere,
922 317 1056 352 plurimos

277 363 484 390 conturbarunt.
498 361 539 389 llli
556 363 637 397 igitur
658 363 768 398 scriptis
785 363 842 390 suis
867 363 903 390 ita
929 368 993 390 sunt
1015 363 1056 391 lo-

276 409 341 436 cuti.
352 407 451 435 Verum
463 408 502 436 sic
516 408 651 444 quispiam
663 409 717 436 illis
728 413 869 436 occurrat:
880 409 909 436 Si
924 417 987 444 ergo
999 410 1056 436 lucc

275 455 356 483 verba
369 463 417 490 per
427 462 456 482 se
470 455 523 482 illis
538 455 696 483 oﬂ‘ensionis
709 463 790 482 causa
805 455 890 487 fuere,
904 463 957 482 non
966 456 1054 483 solum

274 501 407 536 quosdam
420 501 530 533 olfendi,
546 509 579 528 ac
595 501 727 536 plurimos
741 502 845 529 turbari
863 502 994 537 oportuit,
1007 501 1053 529 sed

274 550 301 572 et
314 553 364 573 nos
375 546 497 582 aliosque
512 547 654 574 universos
666 547 761 574 eodem
781 548 890 575 allectos
900 555 959 575 esse
975 548 1055 574 modo

274 599 323 626 par
337 591 398 619 fuit.
417 591 495 625 Quod
513 592 534 619 si
549 593 669 620 universi
681 593 730 620 lias
741 601 821 620 v0ccs
833 594 1033 628 amplectuntur
1046 603 1052 620 :

275 637 297 664 si
311 637 357 672 qui
378 637 423 664 illa
437 638 580 673 scripsere,
599 647 653 666 non
668 639 792 674 vulgares
808 640 941 673 homines,
958 640 1005 667 sed
1020 648 1053 666 ex

275 687 331 710 toto
350 683 416 710 orbe
429 685 516 711 coacti
534 689 597 711 sunt
613 694 621 718 ;
643 685 666 712 si
682 677 797 720 qui'jam
818 685 969 713 Ariminum
986 693 1053 713 con-

273 735 372 756 venere
393 729 513 764 episcopi
533 730 594 764 plus
617 731 824 766 quadringentis
841 739 873 758 ea
897 731 1053 760 testimonio

274 782 324 802 suo
335 775 530 810 comprobant;
544 784 634 803 nonne
645 777 693 812 qui
704 777 836 805 adversus
851 779 985 813 synodum
997 778 1054 806 haec

272 820 398 848 elfutiunt
411 821 475 849 hinc
490 828 642 857 arguuntur
655 842 662 853 ,
688 831 742 850 non
765 824 847 850 verba
865 825 974 859 quidem
995 825 1054 852 cul‘

1107 235 1198 261 χονται
1211 227 1266 262 (18)
1276 227 1305 253 δὲ
1318 227 1385 263 πρὸς
1395 229 1584 265 οἰκουμενικὴν
1595 230 1697 257 σύνοδον
1707 239 1713 263 ;
1725 231 1759 257 Τὸ
1770 241 1778 257 ι
1790 233 1817 259 ὲκ
1827 233 1865 269 τῆς

1107 271 1210 303 οὐσίας,
1227 281 1236 296 ι
1261 273 1343 307 φησὶ,
1369 273 1415 299 καὶ
1441 273 1472 299 τὸ
1499 274 1662 309 «ὁμοούσιον
1677 284 1686 300 ›
1717 276 1763 302 οὐκ
1787 277 1865 312 ήρεσεν

1106 318 1173 352 ἡμῖν
1187 317 1252 352 (l9).
1269 317 1361 344 Ταῦτα
1375 319 1427 356 γᾴρ
1445 328 1520 351 τινας
1533 320 1705 347 summa:
1718 321 1761 347 καὶ
1772 322 1867 354 πολλοὺς

1107 362 1281 398 ἐθορύϐησεν.
1301 364 1413 390 Ἐκεῖνοι
1433 365 1481 399 μὲν
1498 363 1544 391 οὖν
1560 365 1630 392 οὕτω
1646 368 1787 402 γράφοντες
1807 369 1864 403 είρή-

1106 417 1185 435 κασιν
1207 418 1212 424 ·
1230 409 1394 446 ἀπαντήσειε
1409 411 1431 437 δ’
1444 412 1475 438 ἄν
1492 420 1533 444 τις
1546 413 1636 444 αὐτοῖς
1652 413 1763 447 εὐλόγως
1779 414 1867 446 οὕτως’

1106 454 1137 480 EE
1152 453 1201 489 μὲν
1215 452 1261 481 οὖν
1272 455 1341 482 αὐτὰ
1351 456 1385 482 τὰ
1396 457 1506 491 ῥήματα
1519 457 1580 483 καθ’
1595 458 1678 484 ἑαυτὰ
1690 458 1808 494 τυγχάνει
1822 459 1868 494 (Ξο)

1105 499 1169 526 ὄντα
1182 500 1256 527 αἴτια
1267 502 1370 533 τούτοις
1383 503 1423 534 εἰς
1437 503 1592 535 σκάνδαλον,
1605 504 1657 530 ἔδει
1670 505 1704 540 μή
1719 513 1789 537 τινας
1803 514 1870 532 σκαν-

1106 546 1272 578 δαλίζεσθαι,
1305 547 1370 582 μηδὲ
1397 547 1510 579 πολλοὺς
1534 549 1721 584 Θορυῦεῖσθαι,
1749 549 1810 576 ἀλλὰ
1831 551 1870 576 καὶ

1105 591 1178 626 ἡμᾶς
1203 590 1258 626 (2|)
1279 592 1325 617 καὶ
1349 591 1412 623 τοὺς
1435 591 1531 624 ἄλλους
1553 593 1655 624 πάντας
1671 593 1762 620 ταυτὸν
1773 594 1870 626 ἐκείνοις

1106 637 1219 671 πάσχειν
1236 636 1266 668 ἐξ
1290 637 1393 664 αὐτῶν·
1412 638 1435 663 εἰ
1453 637 1481 663 δὲ
1498 639 1522 664 οὶ
1540 639 1588 673 μὲν
1603 639 1701 670 πάντες
1715 640 1832 673 ἀγαπῶσι
1843 640 1871 666 τὰ

1105 682 1214 717 ῥήματα
1223 701 1230 713 ,
1244 682 1268 708 οἱ
1278 681 1306 708 δὲ
1321 683 1405 708 ταῦτα
1421 683 1573 719 γράψαντες
1584 684 1632 718 οὐχ
1644 685 1668 710 οι
1682 684 1808 719 τυχόντες,
1822 685 1870 711 ἀλλ’

1104 729 1129 754 οἱ
1151 728 1182 754 ὲκ
1206 728 1294 763 πάσης
1311 729 1360 764 τῆς
1378 729 1539 764 οἰκουμένης
1554 729 1724 761 συνελθόντες
1744 731 1810 762 εἰσὶ,
1834 731 1871 756 καὶ

1103 773 1208 806 τιύτοις
1222 775 1455 811 ἐπιμαρτυροῦσιν
1469 775 1492 802 οἱ
1505 775 1551 802 νῦν
1573 776 1602 802 ὲν
1621 777 1652 811 τῇ
1678 776 1808 812 Ἀριμήνῳ
1819 785 1871 802 συν-

1105 819 1225 852 ελθόντες
1249 820 1391 846 ἐπίσκοποι
1407 820 1428 846 υ¹
1442 820 1489 846 καὶ
1506 820 1623 851 πλείους·
1637 820 1695 852 πῶς
1709 820 1761 856 ('29.)
1774 821 1819 846 οὐκ
1833 820 1870 846 ἂν·

272 867 360 901 panda
376 874 437 894 esse
449 887 457 899 ,
475 868 522 895 sed
541 875 636 895 eorum
659 869 705 904 qui
733 869 789 896 luet:
811 877 892 904 prave
918 870 1050 905 interpre-

1101 875 1196 901 τικρυς
1221 866 1324 901 ἐλέγχει
1347 866 1425 893 τοῦτο
1443 866 1504 897 τοὺς
1520 866 1590 892 κατὰ
1605 866 1655 900 τῆς
1673 865 1778 892 συνόδου
1792 865 1869 899 λὲγον-

272 916 364 939 tantur
383 912 531 939 malitiam?
559 912 645 945 Quam
670 913 748 940 multi
776 919 857 946 sunt,
885 915 931 948 qui
954 914 1053 942 divinis

273 957 422 992 Scripturis
438 958 556 993 maligne
571 958 649 986 lectis
668 966 700 986 ae
721 966 803 993 prave
818 959 973 991 intellectis,
991 968 1054 987 san-

271 1008 331 1031 ctos
343 1003 406 1031 hinc
421 1003 579 1031 insimulant
595 1005 601 1030 l
617 1005 771 1039 cuiusmodi
787 1005 863 1032 fuere
876 1006 942 1032 olim
955 1005 1051 1038 Judmi,

271 1049 318 1084 qui
343 1048 489 1076 Dominum
515 1058 568 1077 non
587 1056 757 1086 receperunt,
784 1056 811 1078 et
833 1051 890 1086 jam
912 1051 1053 1078 Manielnei

270 1095 317 1130 qui
334 1095 361 1122 in
388 1095 474 1130 legem
496 1095 707 1131 blasphemant;
726 1097 805 1132 cujus
833 1105 898 1124 sane
925 1097 974 1129 rei,
999 1105 1052 1124 non

271 1141 429 1176 Scriptura,
448 1142 496 1169 sed
519 1142 640 1177 ipsorum
657 1143 822 1178 perversitas
845 1150 928 1170 causa
944 1142 1003 1169 fuit.
1023 1142 1052 1169 Si

269 1187 362 1222 itaque
387 1187 532 1215 verborum
558 1188 718 1222 pravitatem
749 1189 892 1216 ostendere
915 1188 1028 1222 potestis
1043 1207 1050 1220 ,

269 1233 350 1268 agite,
370 1233 573 1261 demonstrandi
597 1234 667 1261 ratio
693 1235 824 1267 ineatur;
847 1242 898 1261 nec
914 1234 1052 1268 objiciatis

270 1279 350 1306 nobis
363 1279 421 1306 hac
435 1279 574 1306 nonnullis
591 1280 734 1307 oll'ensioni
745 1288 816 1313 esse,
832 1288 866 1308 ne
878 1280 948 1307 idem
963 1280 1050 1312 vobis,

269 1323 341 1358 quod
359 1329 424 1351 tunc
439 1323 596 1357 Pbarismis,
607 1324 721 1352 accidat.
740 1324 845 1352 Etenim
860 1333 921 1352 eum
938 1325 974 1352 illi
992 1332 1052 1352 sese

270 1370 430 1397 simularent
444 1370 479 1397 de
495 1370 621 1398 doctrina
643 1370 751 1398 Domini
773 1370 884 1402 oﬂ‘endi,
903 1371 941 1397 ait
960 1370 1050 1397 Domi-

271 1422 325 1442 nus
348 1415 426 1443 illis:
457 1414 572 1443 (Omnis
596 1416 726 1450 plantatio
743 1423 825 1450 quam
850 1423 902 1442 non
919 1415 1052 1450 plantavit

270 1459 350 1488 Pater
360 1468 437 1488 meus
446 1461 574 1494 celestis,
584 1461 805 1491 eradicabitur".
813 1471 821 1487 ι
832 1461 879 1489 llis
891 1466 981 1488 autem
993 1469 1052 1489 rer-

271 1506 314 1534 bis
332 1507 462 1540 ostendit,
480 1515 534 1535 non
556 1507 645 1535 Patris
667 1508 750 1535 verba
775 1515 790 1535 a
814 1516 843 1535 se
861 1517 870 1533 ι
883 1508 1021 1542 plantata,
1039 1518 1048 1533 ι

269 1552 317 1580 sed
339 1560 449 1587 pravam
484 1561 563 1580 suam
589 1558 664 1581 recte
683 1553 820 1580 dictorqu
849 1553 1050 1588 interpretatio-

268 1605 341 1630 nem,
358 1598 522 1626 otl'endiculo
536 1599 590 1626 illis
607 1599 702 1627 fuisse.
720 1599 787 1626 Nam
802 1599 821 1626 ii
835 1599 880 1634 qui
896 1599 961 1626 olim
976 1599 1048 1634 Apo-

267 1644 330 1671 stoli
348 1645 479 1680 epistolas
501 1645 658 1680 culpabant,
684 1653 738 1672 non
752 1645 841 1678 Pauli,
862 1645 910 1673 sed
927 1645 1048 1680 ipsorum

267 1690 460 1726 ignorantiam,
480 1695 507 1718 et
525 1699 682 1726 perversum
698 1692 819 1718 animum
843 1691 930 1726 palam
949 1690 1047 1718 fecere.

267 1738 391 1771 ἑαυτούς.
411 1739 485 1765 Ἐπεὶ
501 1739 546 1765 καὶ
557 1739 582 1765 οἱ
597 1739 751 1773 αἰτιώμενοι
765 1739 824 1765 τότε
840 1738 888 1771 τὰς
902 1738 1045 1771 ἐπιστολὰς

266 1786 385 1823 ἀμαθίας
399 1787 446 1814 καὶ
462 1787 591 1822 πρεὸλῆς
603 1787 721 1819 διανοίας
735 1787 914 1823 κατηγόρουνγ

301 1832 347 1860 54.
369 1831 421 1860 Sed
436 1833 491 1868 jam
513 1833 673 1868 respondete
700 1834 808 1868 (operte
830 1833 945 1868 pretium
971 1833 1043 1859 enini

267 1877 349 1905 fuerit
362 1879 414 1906 boc
433 1879 467 1906 ab
487 1879 540 1907 illis
556 1879 691 1914 quatrere)
706 1880 817 1914 quinam
839 1884 913 1912 sunt,
928 1886 998 1914 quos
1014 1879 1046 1906 de

266 1923 320 1951 illis
333 1924 432 1951 oﬂ'eudi
455 1930 536 1959 atque
556 1925 659 1951 turbari
680 1925 850 1952 causamini?
872 1924 952 1952 Certe
967 1931 1047 1951 nemo

267 1977 362 1996 eorum
377 1969 424 2004 qui
439 1969 482 2004 pie
503 1969 537 1997 de
555 1969 664 1998 Christo
682 1971 814 2003 sentiunt,
833 1971 933 2006 quippe
953 1970 999 2005 qui
1013 1978 1045 1998 ea

266 2015 412 2043 defendant
435 2021 624 2051 asserantque.
646 2017 723 2049 Quod
744 2017 766 2044 si
791 2017 884 2044 Ariani
910 2020 974 2044 sunt
998 2016 1046 2050 qui

267 2059 325 2087 haec
344 2060 453 2096 indigne
467 2060 568 2094 ferunt,
585 2062 649 2096 quid
670 2062 769 2090 mirum
787 2062 810 2089 si
830 2062 986 2090 irascuntur
1011 2063 1045 2088 iis

265 2106 312 2140 qui
327 2113 421 2134 eorum
439 2107 553 2134 limresin
568 2108 601 2135 de
622 2109 710 2135 medio
727 2108 842 2135 tollunt?
855 2107 914 2135 Non
927 2107 1000 2135 enim
1014 2115 1044 2134 ea

266 2151 348 2178 verba
365 2151 418 2179 illis
432 2153 560 2180 seandalo
578 2158 651 2186 sunt,
665 2153 712 2180 sed
728 2154 827 2186 dolori,
839 2153 911 2188 quod
926 2153 1003 2187 quasi
1017 2152 1045 2179 in

1102 919 1162 943 τας,
1181 912 1217 943 ὼς
1232 912 1262 938 οὐ
1275 912 1308 937 τὰ
1325 912 1435 947 ῥήματά
1449 912 1521 938 ἐστιν
1536 912 1609 937 αἴτια
1621 931 1628 943 ,
1655 911 1711 937 ἀλλ’
1727 912 1742 946 ἡ
1760 911 1871 938 κακόνοια

1103 957 1156 984 τῶν
1171 958 1417 993 παρεξηγουμένων
1430 957 1465 984 τὰ
1480 956 1592 984 τοιαῦτα
1603 965 1609 989 ;
1626 958 1706 983 Πόσοι
1717 977 1724 988 ,
1737 956 1822 988 κακῶς
1835 956 1870 982 ὲν-

1102 1003 1279 1037 τυηάνοντες
1289 1004 1347 1034 ταῖς
1359 1003 1444 1034 Θείαις
1457 1003 1512 1038 (23)
1524 1003 1647 1038 Γραφαῐς
1661 1003 1707 1029 καὶ
1721 1002 1871 1038 παρανοοῦν-

1102 1057 1146 1080 τες
1161 1048 1276 1081 ταύτας,
1292 1050 1476 1085 κατηγοροῦσι
1492 1049 1544 1075 τῶν
1562 1049 1665 1084 ἁγίωνί
1682 1047 1732 1076 οἷοι
1746 1049 1871 1083 γεγόνασιν

1102 1095 1126 1120 οἱ
1142 1095 1190 1129 μὲν
1207 1095 1267 1121 τότε
1287 1095 1416 1127 Ἰουδαῖοι,
1429 1095 1467 1131 μὴ
1485 1095 1624 1131 δεξάμενοι
1638 1095 1683 1122 τὸν
1697 1095 1804 1130 Κύριον,
1817 1095 1838 1120 ol.
1849 1094 1871 1121 ὁὶ

1102 1140 1148 1166 νῦν
1162 1141 1305 1176 Μακιιχαῖοι
1321 1141 1541 1176 βλασφημοῦντες
1561 1141 1605 1167 τὸν
1620 1141 1718 1176 νόμονν
1736 1142 1779 1168 καὶ
1789 1141 1833 1175 οὐχ
1848 1141 1871 1166 αἱ

1102 1186 1209 1221 Γραφαὶ
1231 1187 1372 1220 γεγόνασιν
1388 1187 1479 1218 αὐτοῖς
1493 1186 1588 1220 αἴτιαι,
1603 1187 1661 1213 ἀλλ’
1682 1188 1699 1222 ἡ
1712 1187 1782 1222 σφῶν
1797 1186 1872 1212 αὐτῶν

1102 1232 1304 1267 κακοφροσύνη.
1333 1233 1364 1258 Εἰ
1382 1233 1431 1268 μὲν
1444 1231 1489 1259 οὖν
1506 1233 1646 1265 ἀποδεῖξαι
1660 1233 1773 1260 δύνασθε
1785 1233 1815 1259 τὰ
1830 1233 1871 1268 ῥή-

1103 1286 1174 1313 ματα
1191 1277 1278 1312 φαῦλα
1290 1298 1297 1310 ,
1314 1278 1391 1304 τοῦτο
1408 1280 1507 1304 ποιεῖτε
1521 1278 1575 1314 (24)
1587 1299 1594 1310 ,
1613 1279 1662 1305 καὶ
1677 1279 1753 1313 λόγος
1769 1277 1873 1313 ἡγείσθω

1100 1326 1150 1361 τῆς
1167 1325 1345 1358 ἀποδείξεως·
1365 1326 1410 1352 καί
1426 1325 1463 1361 μὴ
1476 1325 1678 1361 προφασίζεσθε
1691 1326 1753 1356 τοὺς
1772 1323 1871 1350 σκανδα-

1101 1372 1274 1406 λιζομένους,
1299 1372 1343 1398 ἵνα.
1359 1371 1396 1407 μὴ
1414 1371 1511 1397 ταυτὸν
1537 1371 1643 1406 πάθητε
1661 1373 1718 1403 τοῖς
1732 1372 1790 1397 τότε
1801 1371 1872 1404 Φαρι-

1102 1418 1197 1449 σαίοις.
1227 1417 1280 1443 Καὶ
1293 1417 1347 1452 γὰρ
1363 1417 1494 1444 κάκείνων
1509 1417 1753 1453 προφασιζομένων
1772 1415 1872 1443 σκανδα-

1101 1463 1220 1495 λίζεςθαι
1232 1465 1278 1490 ἐπὶ
1288 1464 1348 1495 ταῖς
1360 1463 1407 1489 τοῦ
1422 1463 1524 1499 Κυρίου
1537 1463 1669 1498 διδαχαῖς,
1688 1463 1776 1497 ἔλεγεν
1794 1462 1872 1492 αὐτοῖς

1101 1511 1114 1537 ὁ
1126 1510 1226 1546 Κύριος
1236 1519 1242 1525 ·
1263 1519 1271 1535 ι
1286 1511 1364 1536 Πᾶσα
1377 1510 1484 1544 φυτεία,
1499 1511 1531 1545 ἢν
1545 1510 1594 1536 οὐκ
1606 1510 1755 1544 ἐφύτευσεν
1766 1511 1779 1536 ὁ
1791 1508 1872 1542 Πατήρ

1103 1561 1152 1588 μου
1178 1554 1191 1579 ὁ
1207 1553 1344 1589 οὐράνιος,
1365 1553 1590 1589 ὲκριζωθήσεται.
1608 1563 1617 1579 t
1651 1555 1736 1581 Τοῦτο
1754 1554 1780 1580 δὲ
1799 1553 1872 1586 λέγων

1101 1598 1236 1625 ἐδείκνυεν
1246 1619 1252 1631 ,
1272 1599 1309 1631 ὡς
1324 1600 1352 1625 οὺ
1368 1599 1402 1626 τὰ
1413 1600 1460 1626 τοῦ
1473 1600 1578 1635 Harpe;
1595 1600 1627 1626 δι’
1647 1600 1728 1627 αὑτοῦ
1757 1609 1764 1625 ι
1777 1597 1873 1633 φυτευό-

1104 1654 1170 1680 μενα
1185 1655 1194 1671 ι
1221 1646 1329 1680 ῥήματα
1351 1646 1498 1672 σκάνδαλον
1513 1645 1584 1682 ἦσαν
1601 1647 1712 1678 αὐτοῖς,
1735 1646 1788 1674 ἀλλ’
1809 1643 1873 1672 αὐτοὶ

1101 1691 1193 1722 κακῶς
1214 1692 1383 1727 ἐκδεχόμενοι
1396 1692 1429 1718 τὰ
1444 1692 1533 1724 καλῶς
1549 1692 1684 1727 λεγόμενα
1699 1689 1872 1720 ὲσκανδὰλιξον

1064 1737 1110 1765 τοῦ
1139 1739 1315 1772 Ἀποστόλου,
1339 1741 1370 1766 οὑ
1394 1739 1440 1766 τοῦ
1466 1740 1592 1772 Παύλου,
1619 1740 1690 1767 ἀλλὰ
1715 1741 1764 1775 τῆς
1784 1738 1872 1766 ἑαυτῶν

1134 1830 1176 1858 54.
1208 1830 1282 1856 Ἐπεὶ
1308 1830 1405 1865 (καλὸν
1436 1831 1490 1867 γὰρ
1522 1831 1620 1863 αὐτοὺς
1646 1832 1757 1868 ἐρέσθαι
1779 1830 1872 1864 τοῦτο,)

1099 1877 1204 1908 εἴπατε,
1235 1876 1305 1908 τίνες
1328 1877 1413 1909 εἰσὶν,
1444 1877 1490 1908 οὒς
1518 1878 1719 1912 προφασίζεσθε
1748 1876 1872 1904 σκανδαλί-

1100 1922 1192 1956 ζεσθαι
1210 1922 1256 1949 καὶ
1277 1922 1447 1958 Θορυῦεῖσθαι
1472 1924 1518 1950 ἐπὶ
1537 1925 1660 1958 codicem;
1682 1925 1742 1951 Τῶν
1764 1925 1810 1960 μὲν
1827 1923 1871 1957 γὰρ

1098 1968 1280 1996 εὐσεϐούντων
1303 1969 1342 2000 εἰς
1363 1969 1407 1995 τὸν
1419 1970 1535 2005 Χριστὸν
1548 1970 1634 2002 οὐδεὶς
1649 1991 1656 2002 ,
1681 1970 1750 1998 αὐτὰ
1763 1970 1814 2006 (25)
1827 1969 1870 2004 γὰρ

1099 2015 1278 2051 πρεσϐεύουσι
1303 2015 1350 2041 καὶ
1371 2015 1532 2042 ὲκδικοῦσιν.
1559 2016 1590 2042 Et
1612 2016 1641 2042 δὲ
1664 2017 1718 2043 τῶν
1741 2015 1870 2052 Ἀρειανῶν

1099 2061 1166 2087 εἰσιν
1179 2061 1203 2086 οἱ
1214 2060 1292 2087 τοῦτο
1313 2061 1461 2096 πάσχοντες
1471 2081 1477 2093 ,
1492 2062 1518 2088 τί
1532 2062 1688 2096 Θαυμαστὸν
1699 2083 1706 2095 ,
1721 2063 1745 2088 εἰ
1764 2062 1807 2088 ἐπὶ
1825 2061 1870 2090 τοῖς

1098 2106 1254 2142 ἀναιροῦσιν
1283 2106 1370 2133 αὐτῶν
1400 2106 1449 2142 τὴν
1472 2108 1576 2142 αἰρεσιν
1599 2107 1748 2143 ἇχθονται;
1771 2109 1805 2135 Οὐ
1825 2108 1870 2141 γάρ

1098 2154 1171 2180 ἐστιν
1195 2153 1285 2185 αὐτοῖς
1297 2153 1442 2180 σκάνδαλον
1451 2154 1485 2179 τὰ
1498 2154 1608 2189 ῥήματα
1618 2163 1624 2170 ·
1641 2155 1711 2182 ἀλλὰ
1727 2155 1797 2189 λύπη
1812 2154 1869 2187 (26),

265 2199 345 2234 cippo
360 2198 493 2234 insculpta
516 2207 593 2227 suam
614 2200 729 2227 haeresin
752 2199 904 2227 traducant.
925 2199 1046 2226 Desinite

1101 2199 1136 2226 ὅτι
1151 2198 1336 2234 στηλογραφία
1350 2198 1420 2225 κατὰ
1428 2199 1476 2234 τῆς
1484 2199 1608 2231 ἀσεϐείας
1622 2200 1714 2227 αὐτῶν
1725 2202 1804 2227 ἐστιν.
1814 2199 1871 2225 υὺχο

266 2248 349 2283 igitur
363 2247 493 2275 adversus
507 2247 604 2275 Patres
618 2253 727 2275 nostros
742 2247 824 2282 599
847 2247 898 2274 hac
915 2247 948 2274 de
963 2254 1046 2274 causa

267 2295 474 2321 obmurmurare
490 2302 497 2319 :
517 2293 618 2328 alioqui
634 2298 733 2326 restat,
751 2298 780 2320 ut
805 2300 913 2320 crucem
937 2299 1048 2327 quoque

269 2339 438 2367 Dominicam
453 2339 611 2374 vituperetis
622 2360 629 2372 ,
650 2339 722 2374 quod
740 2347 773 2366 ea
791 2338 892 2366 Iudaeis
914 2339 949 2366 sit
966 2346 1047 2366 scan-

267 2385 370 2418 dalum,
382 2384 507 2420 gentibus
525 2388 615 2412 autem
627 2385 752 2416 stultitia,
768 2390 796 2411 ut
811 2383 1045 2419 dixitApostolus.

266 2429 366 2458 Verum
385 2431 613 2466 quemadmodum
633 2439 697 2459 crux
716 2432 787 2458 mala
810 2439 863 2458 non
885 2435 944 2463 est,
967 2430 1046 2458 nobis

303 2508 325 2525 ⁸⁸
342 2509 435 2536 Matth.
451 2517 495 2542 xv,
515 2509 556 2536 13.

301 2588 356 2625 (18)
375 2589 465 2625 βειὶιίο
480 2590 622 2620 Commel.,
639 2590 805 2625 διαμάχοντα
823 2590 900 2617 male.

301 2593 346 2624 (ιὸ
378 2593 465 2616 Editio
480 2593 622 2620 Commel.,
639 2593 805 2625 διαμάχοντα
823 2593 900 2617 male.

375 2624 413 2664 [ta
429 2624 538 2664 R_egins.
556 2625 583 2664 l_n
598 2626 677 2664 editis
694 2625 931 2664 Yt‘l:()_ﬂtltv_tie§§!:

300 2657 355 2694 (20)
377 2659 422 2687 Sic
439 2657 546 2695 Regius,
562 2659 644 2688 Basil.
657 2665 683 2688 et
696 2657 814 2688 Fcltkin.
832 2659 858 2687 5.
882 2659 951 2686 Editi
968 2666 1042 2692 vero,

263 2694 400 2728 τυγχάνοι.

351 2703 400 2720 νοι.

297 2701 354 2765 gl“)
375 2729 462 2765 Editjo
475 2730 579 2757 Comm.
594 2731 663 2761 sola,
682 2730 762 2765 ὑμᾶς.

301 2760 357 2800 (22')
377 2763 420 2800 lita
431 2760 541 2800 Regius.
557 2765 584 2791 lu
601 2760 679 2792 editis
695 2760 767 2796 ὦρτο,
780 2765 837 2796 πῶς
852 2765 935 2791 deest.

300 2799 356 2832 (Ξᾷ)
375 2799 465 2830 Θείαις
482 2800 556 2826 deest
573 2801 598 2826 in
615 2799 694 2826 Basil.
711 2805 737 2826 et
750 2800 867 2826 Fclt-km.
885 2800 909 2825 5.

300 2834 354 2870 (τὶ-ί)
374 2833 492 2861 Felckm.
512 2835 538 2866 5,
552 2835 629 2860 τοῦτο
651 2836 759 2866 ποιεῖτε,
775 2835 820 2861 καὶ
845 2835 881 2870 μὴ
911 2837 1029 2871 προφασὶ

1098 2244 1145 2271 οὖν
1160 2244 1300 2271 παύσασθε
1321 2245 1499 2278 γογγύζοντες
1521 2245 1591 2272 κατὰ
1613 2245 1668 2272 τῶν
1682 2246 1819 2281 Πατὲρων,
1832 2243 1872 2270 καὶ

1097 2290 1208 2317 τοιαῦτα
1221 2290 1450 2327 προφασιζόμενοι
1463 2300 1470 2307 ο
1487 2292 1548 2318 ἐπεὶ
1566 2291 1625 2327 ὥρα
1645 2292 1719 2328 ὑμᾶς
1739 2290 1870 2326 καταμέμ-

1098 2337 1194 2371 φεσθαι
1213 2338 1260 2364 καὶ
1279 2337 1317 2372 τῷ
1329 2337 1452 2373 κυριακῷ
1464 2338 1571 2373 σταυρῷ
1585 2338 1655 2373 (27),
1674 2339 1716 2365 ὅτι
1747 2336 1870 2365 Ἰουδαίοις

1098 2382 1148 2418 μὲν
1163 2382 1309 2410 σκάνδαλον
1325 2384 1398 2410 ἐστιν
1408 2404 1416 2416 ,
1434 2383 1521 2410 ἔθνεσι
1536 2384 1564 2410 δὲ
1585 2385 1676 2420 μωρία
1689 2404 1696 2416 ,
1717 2384 1754 2416 ὼς
1773 2380 1842 2409 εἶπεν
1858 2382 1871 2407 ὁ

1103 2428 1271 2461 Ἀπόστολος.
1295 2429 1363 2455 Ἀλλ’
1375 2429 1467 2466 ὥσπερ
1481 2430 1511 2456 οὐ
1523 2428 1622 2464 φαῦλος
1633 2431 1647 2455 ὁ
1664 2429 1778 2462 σταυρὸς
1789 2437 1795 2443 ·
1813 2428 1870 2462 ἡμῖν

1096 2594 1184 2627 ζεσθε.

1131 2630 1187 2667 (25)
1207 2630 1317 2667 Regius.
1332 2629 1415 2667 αὐτῷἲ
1434 2630 1504 2667 Editi
1519 2638 1593 2663 vero,
1617 2631 1697 2658 αὐτά.
1719 2630 1801 2667 Paulo
1816 2633 1867 2667 ρος]

1095 2659 1207 2700 Reginis,
1219 2659 1351 2693 οἱυτοῦτο.
1380 2659 1461 2698 Editi,
1478 2667 1502 2693 οί
1527 2659 1623 2694 ταῦστξα.
1639 2666 1702 2693 Mox
1727 2659 1831 2700 Regius,
1843 2661 1869 2686 τὸ

1095 2699 1261 2735 θαυμαστόν.
1274 2702 1411 2728 mendose.

1130 2735 1183 2771 (2(3)
1205 2736 1315 2770 Regius,
1327 2736 1410 2771 λυπῇ,
1425 2736 1503 2763 male.

1113 2765 1259 2812 Teii
1272 2765 1409 2806 κυριακδῖ
1420 2771 1545 2807 σταυρόν,
1562 2771 1680 2798 Felrkm.
1697 2771 1724 2797 5.
1744 2768 1809 2796 ibid.
1821 2765 1857 2794 Re

1094 2812 1164 2839 gius,
1183 2814 1236 2832 ora.
