1977 3039
103 149 154 177 755
801 155 844 182 DE
865 155 1019 183 SYNODIS.
1666 155 1717 183 πει

103 209 156 245 γὰρ
171 211 226 240 τοῖς
248 211 415 237 πιστεύουσιν
439 212 496 238 ἐστι
513 220 522 236 ι
540 213 656 248 Χριστὸς
675 212 741 239 Θεοῦ
760 213 882 248 δύναμις,

936 215 1006 242 enim
1020 215 1066 250 qui
1080 215 1225 246 credimus,
1242 224 1251 240 ι
1271 214 1397 242 Christus
1413 219 1453 241 est
1465 213 1511 241 Dei
1524 213 1612 240 virtus
1624 218 1651 240 et
1668 212 1715 241 Dei

102 255 149 280 καὶ
165 254 231 288 Θεοῦ
244 254 333 289 σοφία,
350 265 358 280 ι
374 255 423 282 κᾶν
442 257 560 284 Ἰουδαῖοι
578 258 735 292 μαίνωνται·
753 259 838 291 οὕτως
853 260 883 286 οὐ

935 259 1067 294 sapientia
1083 260 1116 292 ",
1137 269 1146 286 ι
1164 259 1269 287 etiamsi
1285 258 1368 290 Judaei
1383 259 1538 292 insaniant;
1555 259 1590 286 ita
1607 265 1721 294 quoque.

103 299 191 332 φαῦλα
207 300 240 325 τὰ
250 300 302 326 τῶν
315 300 443 336 Πατέρων
464 303 584 338 ῥήματα,
602 303 659 330 ἀλλ’
681 303 806 339 ὠφέλιμα
830 305 885 336 τοῖς

102 346 220 380 γνησίως
235 347 435 381 ἐντυγχάνουσι,
465 349 510 375 καὶ
534 350 692 386 ἀναιρετικὰ
717 351 806 386 πάσης
827 352 886 377 ἀσε-

102 391 177 423 ϐείας
190 392 258 422 ἐστὶ,
273 392 322 419 κᾶν
333 394 358 419 oi
380 393 512 430 ’Δρειαηνοὶ
534 395 662 428 πολλάκις
681 397 885 432 διαρρηγνὺων-

101 446 155 468 ται,
171 439 395 474 κατακρινόμενοι
413 440 476 475 παρ’
489 440 587 468 αὐτῶν.
603 442 667 468 Ὅτε
683 443 771 469 τοίνυν
790 443 807 478 ἡ
822 442 886 478 περὶ

101 484 154 510 τῶν
183 483 433 519 σκανδαλιξομένων
465 485 596 518 ἀπίθανος
619 487 753 514 δέδεικται
783 488 886 523 πρόφα-

103 536 144 560 σις
152 529 217 564 (28),
227 529 320 557 εἴπατε
332 530 424 557 λοιπὸν
438 531 525 566 ὑμεῖς,
542 532 600 564 πῶς
612 533 662 560 οὺχ
676 534 826 569 ἁρέσκεσθε
836 533 884 569 τῷ,

105 581 114 598 ι
128 574 160 600 ὲκ
175 574 224 608 τῆς
239 574 343 606 οὐσίας,
359 585 368 601 ι
381 576 510 611 ὀνόματι;
523 576 607 603 Τοῦτο
622 577 676 613 γὰρ
691 579 797 614 πρῶτον
809 579 887 612 ἀναγ-

103 620 178 645 καῖον
192 619 349 655 ἀνακρῖναι·
368 621 455 647 καίτοι
472 621 518 648 καὶ
540 622 618 657 ὑμεῖς
637 623 775 658 ἐγράψατε
792 625 825 651 ὲκ
840 623 886 651 τοῦ

103 664 208 700 Πατρδς
226 665 402 701 γεγεννῆσθαι
415 667 470 701 (29)
485 667 530 693 τὸν
541 667 623 700 Υίόν;
639 668 669 694 Et
694 669 742 703 μὲν
768 667 814 695 οὖν
842 669 887 695 τὸν

103 709 212 746 Πατέρα
222 711 407 746 ὀνομάζοντες,
422 712 438 748 ἢ
455 713 494 745 τὸ,
512 723 521 738 ι
536 713 612 745 Θεὸς,
629 723 638 740 ι
656 714 742 750 ὄνομα
753 715 886 749 λέγοντες,

107 756 159 782 οὐκ
173 757 266 782 οὐσίαν
280 757 435 792 σημαίνετε,
450 759 509 785 οὐδὲ
522 760 601 787 αὐτὸν
616 760 660 786 τὺν
674 761 738 787 ὄντα
747 761 813 797 ὅπερ
829 762 888 787 ἐστὶ

111 803 171 828 κατ’
184 803 275 829 οὐσίαν
287 805 380 837 νοεῖτε,
399 805 455 831 ἀλλ’
475 806 566 840 ἔτερόν
589 814 614 832 τι
631 806 694 841 περὶ
711 806 807 839 αὐτὸν,
827 806 842 842 ἢ
858 806 889 833 τὺ

110 847 174 881 γοῦν
190 849 290 884 χεῖρον,
307 850 349 876 ἵνα
364 851 401 886 μὴ
416 852 480 886 παρ’
503 851 569 886 ὲμοῦ
582 851 708 887 λέγηται,
727 852 772 878 διὰ
787 852 889 880 τούτων

106 902 138 928 li;
143 894 250 929 μαίνετε
261 895 326 932 (50),
335 895 387 922 ἔδει
397 895 433 931 μὴ
441 896 554 932 γράφειν
563 897 633 932 ὑμᾶς
641 898 672 924 ὲκ
681 897 726 924 τοῦ
735 898 839 933 Πατρὸς
844 898 889 925 τὸν

102 940 177 971 Υίὸν,
196 940 254 966 ἀλλ’
279 942 311 968 ἐκ
334 941 387 968 τῶν
409 943 471 978 περὶ
485 943 565 969 αὑτὸν
579 943 596 978 ἢ
611 943 664 970 τῶν
688 944 716 970 ὲν
740 944 831 979 αὐτῷ’
845 945 888 972 ἵνα

101 985 247 1019 φεύγοντες
258 986 348 1021 λέγειν
359 987 466 1024 ἀληθῶς
482 990 590 1025 Πατέρα
607 990 653 1016 τὸν
664 989 730 1016 Θεὸν
740 1009 747 1021 ,
763 990 887 1017 σύνθετον

100 1031 128 1057 δὲ
144 1031 190 1057 τὸν
207 1032 317 1064 ἁπλοῦν.
345 1034 391 1060 καὶ
420 1035 580 1070 σωματικῶς
603 1036 683 1062 αὑτὸν
705 1035 885 1069 ἐπινοοῦντες,

100 1077 258 1113 καινοτέρας
270 1078 443 1115 βλασφημίας
454 1081 599 1117 ἐφευρεταὶ
617 1082 742 1117 γένησθε.
765 1081 841 1108 Οὕτω
857 1083 886 1108 δὲ

99 1123 231 1156 νοοῦντες,
248 1126 277 1158 ἐξ
287 1126 410 1162 ἀνάγκης
424 1128 470 1154 καὶ
482 1128 528 1154 τὸν
540 1128 634 1162 Λόγον,
652 1128 698 1155 καὶ
713 1129 744 1155 τὸ
755 1128 828 1161 Υἱὸς,
837 1129 886 1155 οὐκ

101 1170 193 1196 οὐσίαν
210 1171 280 1206 (50³⁵)
301 1172 357 1198 ἀλλ’
379 1173 465 1208 ὄνομα
482 1173 560 1208 μόνον
575 1175 709 1209 νομίζετε,
730 1174 776 1201 καὶ
794 1174 885 1201 λοιπὸν

100 1215 179 1251 ᾇχρις
193 1216 332 1251 ὀνομάτων
346 1217 420 1253 ἔχετε
435 1219 483 1254 τὴν
495 1220 599 1246 ἑαυτῶν
616 1221 763 1255 φαντασίαν
773 1229 779 1236 ·
808 1222 853 1247 καὶ
867 1220 885 1248 ἃ

99 1260 202 1294 λέγετε,
230 1263 279 1289 οὐκ
306 1261 374 1291 εἶναι
395 1265 545 1298 πιστεύετε,
565 1266 631 1293 ἀλλὰ
661 1266 698 1301 μὴ
720 1264 789 1294 εἶναι
813 1276 880 1303 φρο-

102 1308 182 1334 νείτε.

133 1444 176 1470 55.
194 1443 278 1471 Τοῦτο
296 1445 325 1472 δὲ
348 1445 533 1472 Σαδδουκαίων
554 1445 653 1481 μᾶλλον
674 1445 722 1472 καὶ
744 1445 797 1473 τῶν
820 1447 883 1482 παρ’

99 1491 212 1526 Ἕλλησι
228 1490 376 1525 λεχθέντων
392 1491 478 1517 ἀθέων
491 1491 545 1526 (51)
561 1493 619 1518 ἐστι
636 1493 666 1518 τὸ
680 1493 817 1528 τόλμημα.
837 1493 883 1520 Διὸ

935 305 1045 333 Patrum
1061 306 1142 334 verba
1157 313 1210 333 non
1225 313 1362 340 perversa,
1385 305 1430 332 sed
1447 303 1523 333 utilia
1540 309 1602 333 sunt
1618 305 1651 332 iis
1670 305 1717 340 qui

935 358 1014 385 azquo
1028 351 1119 378 animo
1136 359 1167 378 ea
1192 351 1304 385 legunt,
1333 351 1446 386 ipsaque
1471 358 1579 377 onmem
1604 350 1717 378 omnino

936 395 1078 423 destruunt
1103 396 1284 430 impietatem:
1311 395 1436 430 quamvis
1460 395 1553 422 Ariani
1580 395 1718 422 multoties

936 441 1151 476 disruuipantur,
1169 441 1242 475 quod
1254 448 1312 468 sese
1323 441 1357 468 ab
1370 440 1423 468 illis
1439 440 1582 467 damnatos
1597 439 1716 470 videant.

936 486 1156 514 Demonstratum
1176 487 1267 521 itaque
1280 491 1322 515 est
1339 486 1412 513 illam
1438 485 1558 513 scandali
1574 493 1656 520 quam
1678 484 1719 512 af-

937 532 1028 560 ferunt
1047 533 1180 562 rationem
1207 533 1308 560 nullius
1324 540 1385 560 esse
1404 531 1615 567 probabilitatis.
1633 531 1720 558 Cete-

937 586 997 606 rum
1020 578 1180 612 respondete
1194 578 1281 610 nobis,
1296 586 1344 604 cur
1362 577 1439 604 vobis
1456 577 1506 604 hoc
1520 576 1639 607 dictum,
1657 585 1666 602 ι
1685 583 1725 610 οι,

938 623 1100 655 substantia,
1122 632 1131 649 ι
1150 623 1260 651 minime
1272 623 1358 655 placet
1371 623 1382 648 ?
1397 622 1425 649 ld
1441 623 1512 648 enim
1526 622 1615 656 primo
1631 621 1719 656 inqui-

937 669 1050 697 rendum
1067 673 1108 697 est
1123 678 1130 697 :
1152 669 1226 704 atqui
1245 677 1293 696 vos
1308 669 1358 703 ipsi
1374 668 1521 702 scripsistis
1533 675 1566 695 ex
1585 667 1665 695 Patre
1678 675 1720 702 ge-

938 715 1025 742 nitum
1045 714 1143 742 Filium
1159 715 1244 742 esse?
1269 715 1296 741 Si
1311 715 1394 749 igitur
1417 721 1479 741 cum
1499 713 1606 741 Patrem
1631 714 1721 741 nomi-

939 761 1020 794 natis,
1043 767 1090 788 aut
1107 762 1176 788 hanc
1190 769 1293 793 vocem,
1313 770 1322 785 ι
1336 759 1406 790 Deus
1418 770 1440 792 ι,
1454 759 1649 794 pronuntiatis,
1665 766 1720 785 non

940 807 1118 835 substantiam
1133 806 1304 842 significatis,
1328 814 1417 842 neque
1433 807 1522 841 ipsum
1540 805 1586 840 qui
1603 804 1725 840 exsistit,~

939 857 968 880 ut
981 858 1021 881 est
1037 853 1186 880 secundum
1204 853 1385 880 substantiam
1401 851 1567 886 intelligitis;
1583 851 1630 878 sed
1646 850 1720 877 aliud

939 901 1010 927 circa
1028 900 1128 934 ipsum,
1143 903 1190 926 aut
1203 898 1304 933 aliquid
1320 898 1406 932 pejus,
1420 897 1494 933 quod
1511 905 1527 923 a
1546 903 1590 924 me
1612 896 1718 923 dictum

940 946 1033 978 nolim,
1047 953 1094 980 per
1114 946 1171 973 hate
1189 944 1314 971 indicatis
1331 953 1338 970 :
1360 943 1437 970 vobis
1459 950 1524 978 ergo
1543 942 1718 970 scribendum

939 1000 992 1019 non
1010 991 1069 1024 fuit,
1082 998 1114 1018 ex
1127 990 1206 1017 Patre
1218 988 1316 1016 Filium
1331 996 1410 1021 esse;
1426 988 1472 1016 sed
1480 996 1512 1016 ex
1526 987 1559 1015 iis
1574 995 1635 1022 quae
1648 988 1720 1014 circa

938 1038 1026 1073 ipsum
1048 1037 1088 1064 vel
1114 1037 1141 1064 in
1160 1037 1220 1071 ipso
1247 1040 1329 1062 sunt:
1357 1038 1387 1061 ut
1414 1034 1478 1062 hinc
1501 1034 1618 1061 vitantes
1635 1033 1719 1060 Deum

938 1093 1001 1112 vere
1018 1084 1125 1112 Patrem
1146 1084 1246 1116 dicere,
1258 1090 1376 1117 euntque
1395 1082 1442 1116 qui
1460 1089 1522 1108 vere
1537 1081 1652 1115 simplex
1666 1085 1719 1112 est,

937 1131 1116 1166 compositum
1142 1136 1360 1166 corporeumque
1390 1127 1593 1162 intelligentes,
1623 1133 1719 1153 recen-

937 1177 1014 1204 tioris
1034 1176 1208 1213 blasphemia:
1235 1175 1391 1202 inventores
1412 1173 1519 1200 essetis.
1545 1171 1613 1199 Cum
1634 1179 1717 1206 porro

936 1223 976 1251 sic
994 1223 1159 1258 intelligetis,
1179 1229 1289 1250 necesse
1309 1226 1351 1248 est
1372 1225 1402 1248 ut
1422 1219 1541 1247 Verbum
1562 1224 1587 1246 et
1608 1218 1717 1250 Filium,

935 1278 990 1298 non
1009 1268 1188 1296 substantiam
1204 1267 1252 1294 sed
1265 1274 1370 1293 merum
1386 1272 1484 1293 nomen
1499 1263 1672 1295 existimetis,
1684 1270 1717 1289 ac

934 1316 1042 1343 demum
1060 1314 1170 1342 nomine
1196 1317 1285 1344 tenus,
1307 1317 1425 1339 vestram
1447 1310 1588 1338 retineatis
1612 1308 1718 1344 opinio-

934 1369 1014 1388 nem:
1034 1367 1066 1387 ac
1083 1367 1142 1395 qua:
1166 1357 1257 1385 dicitis
1276 1357 1350 1384 nullo
1373 1357 1454 1384 modo
1465 1363 1525 1383 esse
1541 1359 1567 1382 et
1581 1359 1716 1388 nusquam

933 1411 1040 1434 exstare
1061 1405 1194 1433 sentiatis.

967 1453 1012 1480 55.
1031 1451 1093 1479 Haec
1108 1451 1330 1480 Sadducmorum,
1347 1448 1402 1475 imo
1416 1449 1508 1483 potius
1527 1453 1622 1474 eorum
1642 1445 1688 1479 qui
1702 1453 1717 1473 ι

934 1497 1034 1524 Graecis
1045 1495 1119 1523 athei
1131 1498 1275 1525 vocantur,
1295 1493 1409 1525 scelesta
1435 1495 1477 1518 est
1503 1490 1605 1525 opinio.
1628 1488 1717 1522 Atque

96 1537 158 1564 οὐδὲ
170 1537 219 1572 τὴν
235 1538 322 1564 κτίσιν
337 1537 417 1564 αὐτοῦ
443 1538 489 1564 τοῦ
511 1539 585 1570 δντος
606 1538 672 1566 Θεοῦ
691 1539 883 1576 δημιούργημα

935 1543 998 1570 hinc
1024 1542 1157 1576 reliquum
1173 1544 1216 1567 est
1231 1544 1261 1566 ut
1277 1542 1418 1566 creaturas
1435 1537 1483 1564 Dei
1505 1536 1562 1563 veri
1577 1534 1714 1570 opiﬁciqu

96 1580 167 1609 εἶναι
186 1583 285 1617 φήσετε
296 1592 302 1597 ·
320 1583 346 1609 ετ
354 1591 388 1617 γε
400 1583 431 1609 τὸ
445 1584 539 1619 Πατὴρ
552 1584 598 1610 καὶ
611 1584 640 1610 τὸ
653 1584 719 1615 Θεὸς
734 1585 784 1611 οὐκ
799 1585 882 1621 αὐτὴν

95 1628 147 1663 τὴν
160 1627 206 1654 τοῦ
228 1628 303 1660 ὄντος
323 1629 416 1655 οὐσίαν
440 1629 617 1664 σημαίνουσιν
629 1651 636 1662 ,
655 1630 713 1656 ἀλλ’
732 1630 824 1666 ἕτερον
845 1639 881 1664 τι,

95 1675 166 1710 ὅπερ
180 1675 258 1709 ὑμεῖς
273 1675 466 1702 ἀναπλάττετε,
492 1675 570 1702 Ἀλλὰ
585 1675 663 1702 τοῦτο
683 1676 810 1708 δυσσεϐὲς
836 1678 883 1704 καὶ

96 1719 159 1746 λίαν
175 1720 296 1755 ἀπρεπές
310 1721 367 1747 ἐστι
380 1721 426 1747 καὶ
442 1720 521 1756 μόνον
536 1721 720 1756 ἐνθυμεῖσθαι.
733 1723 765 1749 Ei
774 1712 809 1749 ¹δὲ
820 1723 883 1749 ὃταν

96 1765 233 1800 ἀκούομεν
248 1765 301 1801 (32)
312 1775 319 1781 ·
340 1775 350 1791 ι
376 1766 445 1800 Ἐγώ
460 1767 516 1802 εἰμι
531 1768 545 1793 6
557 1766 608 1793 ὥν·
629 1777 638 1792 ι
658 1768 714 1800 καὶ,
730 1776 739 1793 ‹
751 1768 794 1795 Ἐν
811 1769 882 1805 ἀρχῇ

95 1810 225 1846 ἐποίησεν
252 1812 265 1837 6
289 1811 354 1843 Θεὸς
369 1812 415 1838 τὸν
437 1812 550 1848 οὐρανὸν
578 1813 625 1839 καὶ
639 1812 687 1848 τὴν
712 1813 780 1848 γῆν·
795 1823 803 1838 ι
825 1814 881 1846 καὶ,

98 1857 227 1889 «“Ἀκουε,
252 1857 358 1893 Ἰσραὴλ
383 1857 437 1893 (55)
451 1878 457 1890 ,
477 1858 578 1894 Κύριος
593 1860 606 1885 6
620 1858 687 1890 Θεός
711 1868 758 1886 σου
781 1859 882 1895 Κύριος

94 1900 137 1934 εἷς
149 1903 207 1929 ἐστι
217 1911 223 1918 ·
246 1912 254 1928 ι
270 1903 326 1935 καὶ,
343 1913 352 1928 ι
370 1903 438 1930 Τάδε
454 1904 528 1938 λέγει
543 1905 644 1941 Κύριος
656 1905 878 1941 παντοκράτωρ»

93 1949 146 1984 οὐχ
158 1949 250 1984 ἕτερον
261 1958 286 1975 τι
298 1949 354 1975 ἀλλ’
367 1950 450 1986 αὐτὴν
462 1949 510 1986 τὴν
523 1950 610 1986 ἁπλῆν
624 1951 670 1977 καὶ
685 1952 822 1987 μακαρίαν
836 1951 882 1978 καὶ

94 1994 287 2030 ἀκατάληπτον
297 1995 342 2021 τοῦ
355 1995 428 2027 ὄντος
439 1996 531 2022 οὐσίαν
546 1996 658 2031 νοοῦμεν
668 2005 675 2012 ·
690 1997 741 2024 κᾶν
753 1997 807 2032 γὰρ
821 1997 883 2024 ἀδυ-

94 2040 185 2072 νάτως
210 2040 315 2075 ἔχωμεν
338 2040 508 2073 καταλαϐεῖν,
532 2041 546 2067 ὃ
572 2049 597 2067 τι
625 2041 689 2067 ποτέ
716 2042 806 2073 ἐστιν,
825 2042 882 2069 ἀλλ’

93 2086 238 2118 ἀκούοντες
251 2087 291 2117 τὸ,
309 2086 412 2122 Πατὴρ,
428 2087 474 2113 καὶ
489 2086 519 2113 τὸ
530 2107 538 2120 ,
555 2086 630 2120 Θεὸς,
645 2087 691 2114 καὶ
707 2088 754 2119 τὸ,
780 2089 882 2115 Παντο-

93 2131 218 2166 κράτωρ,
231 2131 279 2166 οὐχ
295 2131 386 2167 ἕτερον
401 2140 439 2165 τι,
457 2131 513 2158 ἀλλ’
525 2132 607 2168 αὐτὴν
622 2132 670 2168 τὴν
684 2132 730 2159 τοῦ
751 2133 826 2165 ὕντος
838 2134 883 2160 οὺ-

93 2178 157 2204 σίαν
171 2178 372 2213 σημαινομένην
387 2177 511 2214 νοοῦμεν.
527 2179 663 2214 Εἰρήκατε
679 2179 707 2206 δὲ
728 2180 774 2206 καὶ
804 2180 882 2215 ὑμεῖς

93 2223 128 2248 ἐκ
148 2221 194 2248 τοῦ
211 2222 278 2248 Θεοῦ
291 2223 336 2249 τὸν
360 2223 423 2250 Υίὸν
437 2243 444 2254 ,
461 2223 581 2258 δηλονότι
597 2223 629 2250 ὲκ
643 2223 699 2258 (54)
721 2224 771 2259 τῆς
787 2225 880 2256 οὐσίας

92 2268 141 2294 τοῦ
155 2269 261 2304 Πατρὺς
274 2270 354 2296 αὑτὸν
368 2270 505 2305 εἰρήκατε.
523 2270 630 2306 Ἐπειδὴ
641 2271 668 2297 δὲ
682 2271 727 2297 καὶ
739 2271 791 2306 πρὸ
803 2271 879 2306 ὑμῶν

92 2314 220 2348 λέγουσιν
232 2316 259 2342 αἱ
270 2316 377 2351 Γραφαὶ
391 2315 436 2342 τὸν
449 2316 551 2353 Κύριον
566 2317 629 2343 Υἱὸν
644 2316 692 2343 τοῦ
708 2317 823 2353 Πατρὸς,
835 2317 881 2343 καὶ

92 2359 149 2396 πρὸ
159 2360 259 2393 αὐτῶν,
278 2361 356 2392 αὐτὸς
376 2362 390 2387 ὁ
411 2361 506 2396 Πατὴρ
519 2360 644 2396 εἴρηκεν·
665 2371 673 2386 ι
700 2358 784 2393 Οὗτός
808 2363 881 2388 ἐστιν

91 2408 107 2433 6
124 2406 188 2437 Υἱός
203 2415 253 2441 μου
270 2408 284 2433 ὁ
299 2407 439 2442 ἀγαπητός
452 2416 457 2422 ·
472 2418 481 2434 ι
500 2409 514 2433 Ἰ
524 2408 562 2439 ἰὸς
575 2408 603 2434 δὲ
617 2408 691 2434 οὐδὲν
705 2408 797 2444 ἕτερόν
808 2409 881 2435 ἐστιν

91 2451 109 2486 ἢ
123 2451 155 2477 τὸ
171 2451 203 2478 ἐκ
213 2450 259 2478 τοῦ
271 2452 376 2487 Πατρὸς
388 2452 511 2487 γέννημα
521 2459 528 2467 '
544 2453 602 2485 πῶς
628 2453 657 2479 οὐ
676 2453 816 2487 φαίνονται
831 2463 880 2481 κα-

131 2516 341 2551 "lCor.i,24..
365 2518 398 2534 ""
418 2518 503 2546 Exod.
522 2527 562 2553 ιιι,
578 2519 619 2546 14.
654 2519 694 2541 ι²¹
714 2519 781 2546 Gen.
797 2528 817 2552 ι,
838 2520 861 2546 1.

129 2587 188 2622 (28)
207 2587 247 2615 lta
260 2586 361 2623 Regius
377 2588 462 2615 codex
473 2591 506 2623 ret
520 2586 611 2615 Felek.
626 2587 653 2614 5.
670 2587 752 2623 Edjti,
772 2587 877 2614 δείκνυ-

89 2632 139 2650 ται
153 2622 376 2657 ἀπόφασιςίΜοχ
391 2623 456 2657 Reg.
472 2622 553 2649 Basii.
568 2627 595 2650 et
607 2623 689 2658 editio
704 2622 803 2655 Paris.,
814 2623 878 2658 ἀρέ-

91 2658 291 2694 σκεσοενΕόῑι.
309 2666 374 2685 vero
392 2658 535 2690 Commel.,
552 2657 725 2694 ἀρέσκεσθαι.

130 2693 188 2729 (‘29)
209 2693 246 2720 Ita
259 2694 324 2720 edit.
343 2694 474 2720 Commel.
492 2697 519 2720 et
534 2692 629 2720 omnes
641 2700 707 2720 niSs.
726 2692 797 2720 Edit.
813 2700 878 2721 vero

93 2728 198 2764 Paris,
209 2728 387 2764 γεγενῆσθαι.

127 2763 186 2800 (ἕο)
208 2763 412 2800 Ιξςεςίιιςροάθς,
425 2765 597 2800 σημαίνεται.

129 2787 186 2833 ὶὲὸί
190 2800 199 2832 )
208 2787 383 2831 reversis,“
388 2787 597 2826 ἏέοἷιῚῨῖῶᾟᾶἷ
605 2799 706 2826 οὐσίαν.
730 2799 789 2826 Mox
811 2799 876 2826 edit.

91 2833 226 2861 Commel.
239 2834 314 2870 rsoia,
333 2835 481 2870 νομίζεται.
508 2835 538 2862 Et
554 2835 623 2862 inl‘ra
638 2835 742 2869 eadem,
756 2834 878 2861 πιστεύε-

92 2878 149 2903 ται,
166 2869 304 2896 mendose.

933 1596 992 1617 esse
1017 1588 1122 1615 inticias
1139 1586 1219 1618 eatis,
1235 1584 1369 1620 siquidem
1395 1584 1452 1611 hate
1465 1580 1608 1612 vocabula,
1626 1580 1716 1611 Pater,

932 1639 969 1668 et,
987 1634 1068 1666 Deus,
1079 1640 1132 1660 non
1150 1633 1235 1667 ipsam
1248 1630 1406 1658 exsistentis
1417 1627 1599 1657 substantiam
1611 1625 1716 1659 signiti-

932 1684 1014 1712 cant,
1035 1679 1082 1706 sed
1112 1678 1185 1705 aliud
1213 1676 1354 1712 quidpiam
1386 1675 1460 1710 quod
1489 1673 1637 1701 commenti
1667 1679 1717 1698 vos

931 1726 1008 1754 estis.
1027 1725 1078 1752 Sed
1093 1725 1145 1752 hoc
1159 1724 1201 1751 vel
1218 1723 1307 1751 solum
1323 1722 1454 1757 cogitare,
1468 1719 1581 1755 impium
1602 1726 1717 1754 prorsus

932 1776 1014 1808 atque
1026 1771 1213 1806 turpissimum
1229 1775 1281 1797 est.
1304 1769 1352 1797 Sin
1378 1773 1469 1796 autem
1485 1774 1547 1794 cum
1564 1766 1691 1793 audimus
1708 1773 1715 1791 ι

935 1828 944 1846 ι
964 1818 1020 1853 Ego
1041 1826 1101 1845 sum
1121 1818 1167 1852 qui
1194 1824 1253 1844 sum
1269 1817 1308 1848 ³⁰;
1328 1825 1338 1841 ›
1358 1818 1399 1846 et,
1421 1824 1434 1843 ι⁴
1449 1814 1477 1841 in
1500 1812 1634 1848 principio
1655 1811 1718 1838 fecit

931 1865 1002 1892 Deus
1014 1864 1112 1891 cretum
1125 1867 1151 1890 et
1167 1868 1267 1889 terram
1280 1862 1301 1878 ³¹
1318 1870 1324 1894 ;
1346 1870 1355 1887 ›
1370 1866 1406 1893 et,
1427 1869 1437 1885 ‹
1453 1859 1534 1890 Audi,
1555 1857 1649 1888 lsrael.
1663 1856 1720 1885 30-.

932 1909 1023 1936 minus
1036 1908 1108 1935 Deus
1119 1912 1182 1934 tuus
1196 1906 1327 1935 Dominus
1340 1913 1412 1932 unus
1427 1909 1470 1931 cst
1487 1904 1508 1919 ³²
1522 1912 1529 1936 ;
1548 1913 1557 1928 ι
1580 1907 1617 1935 et,
1631 1910 1640 1926 ι
1653 1901 1716 1928 Haec

932 1952 1136 1982 dicitDominus
1151 1952 1323 1987 omnipotens
1331 1951 1353 1966 ³³
1366 1958 1390 1982 ;ι
1405 1957 1458 1976 non
1477 1948 1551 1982 aliud
1563 1947 1613 1974 nisi
1627 1947 1715 1981 ipsam

933 1998 1093 2033 simplicem,
1110 1997 1233 2028 beatam,
1250 1993 1554 2030 incomprehensibilem
1574 1992 1651 2027 ejus,
1668 1991 1715 2025 qui

932 2046 983 2074 est,
1000 2041 1179 2069 substantiam
1195 2040 1371 2075 intelligimus
1385 2047 1392 2072 ;
1410 2038 1535 2073 quamvis
1553 2037 1625 2064 enim
1636 2035 1715 2070 quid-

932 2095 995 2115 nam
1014 2087 1060 2114 ille
1073 2087 1108 2114 sit
1122 2085 1350 2121 comprehendere
1380 2090 1548 2119 nequeamus
1561 2102 1568 2114 ,
1594 2086 1714 2108 attamen

932 2141 994 2161 cum
1011 2133 1061 2160 bas
1074 2139 1155 2160 voces
1170 2131 1307 2163 audimus,
1322 2130 1413 2163 Pater,
1425 2129 1508 2162 Deus,
1525 2127 1722 2162 0mnipotens,_

932 2179 1000 2206 nihil
1016 2178 1087 2205 aliud
1098 2185 1180 2213 quam
1194 2177 1264 2212 ejus,
1276 2176 1323 2211 qui
1337 2181 1388 2207 est,
1402 2175 1582 2203 substantiam
1599 2172 1715 2200 indicari

894 2224 918 2254 D
932 2224 1110 2258 concipimus.
1125 2223 1237 2250 Dixistis
1256 2230 1304 2249 vos
1324 2222 1405 2248 etiam
1419 2229 1452 2248 ex
1466 2221 1520 2248 Deo
1531 2219 1629 2246 Filium
1643 2226 1713 2251 esse,

933 2277 964 2296 ac
975 2272 1172 2303 consequenter
1195 2275 1229 2294 ex
1245 2267 1332 2294 Patris
1346 2267 1497 2294 substantia
1526 2266 1615 2300 ipsum
1631 2271 1692 2291 esse
1705 2272 1713 2294 ;

933 2322 994 2341 cum
1017 2321 1082 2348 ergo
1097 2318 1124 2341 et
1148 2318 1210 2340 ante
1225 2321 1275 2340 vos
1290 2312 1438 2347 Scriptura:
1452 2311 1545 2338 dicant
1568 2310 1714 2336 Dominum

932 2367 992 2386 esse
1005 2359 1094 2386 Patris
1108 2358 1218 2390 Filium,
1229 2363 1256 2385 et
1270 2364 1331 2385 ante
1345 2357 1499 2393 Scripturas
1510 2356 1591 2383 Pater
1605 2355 1713 2386 dixerit,

935 2416 943 2432 ι
965 2407 1014 2433 llic
1027 2411 1069 2434 est
1093 2405 1177 2433 Filius
1198 2414 1274 2433 meus
1286 2406 1402 2432 dilectus
1413 2405 1436 2421 ”
1454 2413 1461 2438 ;
1483 2414 1492 2430 ›
1514 2404 1599 2431 Filius
1623 2407 1706 2430 auten

930 2453 996 2479 nihil
1011 2452 1083 2482 aliud
1105 2453 1140 2479 sit
1156 2459 1237 2486 quam
1253 2451 1342 2479 Patris
1357 2451 1445 2483 fetus;
1464 2458 1528 2486 qua,
1546 2457 1650 2485 quaeso,
1668 2457 1713 2476 ra-

908 2519 930 2535 "
950 2519 1028 2547 Deut.
1043 2526 1080 2551 vi,
1095 2518 1122 2545 4.
1161 2518 1183 2534 ³³
1201 2517 1268 2545 Gen.
1284 2525 1349 2550 xvu,
1364 2517 1389 2545 1.
1428 2517 1451 2532 ³⁸
1469 2516 1562 2544 Matth.
1580 2525 1619 2548 ut,
1634 2516 1676 2543 17.

963 2589 1019 2623 (51)
1039 2588 1247 2629 Ιῖεςίιιιξ-εοᾱοκ,
1258 2588 1326 2629 fray”
1341 2587 1466 2627 Ἕλλησιν
1480 2587 1577 2629 ᾲοέων.
1591 2586 1710 2629 ΕΘΗ-[ειη.

927 2621 1033 2658 ιι-ιιιιιε,
1046 2621 1110 2660 παρ’
1127 2623 1239 2659 Ἕλλησι
1257 2621 1336 2656 θεῶν,
1349 2621 1452 2650 omisso
1470 2627 1592 2656 uterque,
1603 2621 1714 2656 ‘AsxOéw

929 2669 1018 2730 mgf!)
1033 2694 1139 2730 Regius
1156 2693 1242 2721 codex
1256 2698 1283 2721 et
1299 2692 1418 2720 Felckm.
1433 2693 1460 2726 5,
1475 2692 1627 2727 ἀκούωμεν.
1645 2691 1710 2719 Edi-

927 2730 959 2761 ti,
973 2728 1117 2763 ἀκούομεν.

967 2765 1023 2799 (55)
1042 2764 1131 2790 Editio
1145 2763 1430 2799 (ΣοωιηθΙ.,’1ησραήλ.

966 2797 1023 2834 (51)
1044 2798 1204 2834 ιη’θΙςΙιιηκςῖ,
1227 2797 1339 2833 νοοῦμεν
1347 2797 1360 2830 ,⁷
1376 2798 1516 2834 εἰρηκότες
1532 2797 1712 2834 ξὲγκαὶγὴμετς

930 2834 990 2876 (sic)
1005 2832 1097 2876 εκντοῦ
1114 2832 1181 2860 Θεοῦ
1196 2834 1240 2860 ’ὸν
1253 2832 1326 2867 Υἰὸν,
1340 2832 1418 2870 δῆλον
1434 2835 1474 2861 ὅτι
1488 2835 1529 2860 ἐκ.
1541 2832 1612 2860 Idem
1627 2832 1714 2874 illita,’

931 2878 983 2905 προ
1000 2878 1015 2904 η
1020 2878 1085 2904 μων.
