1977 3039
108 173 156 201 ’161

827 175 873 202 DE
893 174 1047 202 SYNODIS.

1675 171 1727 200 762
1768 208 1771 211 π

108 231 231 264 ϐάλλετε,
248 231 333 258 καίτοι
347 231 381 258 τὰ
402 231 472 258 αὐτὰ
492 232 588 268 ἐκείνῳ
601 232 741 266 λέγοντες;
766 233 820 259 Καὶ
839 232 892 267 γὰρ

947 237 983 259 ter
997 232 1030 264 δ’,
1050 241 1059 257 ι
1076 235 1113 264 et,
1138 241 1147 256 ι
1161 239 1193 258 ex
1213 231 1379 266 plenitudine
1399 230 1459 265 ejus
1470 237 1521 257 nos
1534 235 1628 257 omnes
1649 236 1727 256 acce-

109 277 158 305 σοῦ
172 278 233 313 μὲν,
249 274 272 304 ὦ
291 277 399 304 Ἀκάκιε
415 278 481 313 (ϐί),
494 278 600 313 ἑταῖρός
615 278 699 310 ἐστιν,
719 277 843 310 Εὑδοξίου
866 278 894 304 δὲ

109 323 267 354 διδάσκαλος
283 323 322 354 είς
340 323 389 359 τὴν
405 323 532 358 τοιαύτην
557 323 683 350 ἀσέϐειαν
711 323 832 358 γέγονεν,
861 321 895 359 ἧς

110 368 192 395 ἓνεκα
206 369 253 394 καὶ
267 369 390 400 Λεόντιος
404 369 485 396 αὑτὸν
502 371 516 395 ὁ
531 369 679 400 ἐπίσκοπος
694 369 814 396 διάκονον
828 377 895 396 κατ-

111 413 240 449 έστησεν·
259 414 313 446 ἵνα,
331 414 369 446 ὡς
383 414 718 450 ὲνδύματι(ϐἓί)προ6άτου
733 415 771 450 τῷ
783 415 894 450 ὀνόματι

109 459 160 493 τῆς
173 459 310 491 διακονίας
323 459 473 495 χρώμενος,
491 461 533 487 ἐπ’
550 461 641 492 ἀδείας
657 461 764 497 ἐξεμεῖν
785 461 895 497 δύνηται

110 503 144 531 τὰ
156 505 205 540 τῆς
218 505 392 541 βλασφημίας
408 507 525 542 ῥήματα.

146 592 190 619 59.
208 592 241 618 Τί
256 590 302 618 οὖν
319 593 390 627 ὑμᾶς
410 593 463 628 ἄρα
477 594 596 620 τοιοῦτον
614 594 739 628 ἔπεισεν,
762 595 832 622 ὥστε
849 596 896 622 καὶ

112 637 217 670 ἑαυτοῖς
231 639 269 669 είς
282 638 313 664 τὸ
329 638 448 665 ἐναντίον
460 642 628 674 περιπεσεῖν,
640 641 687 667 καὶ
706 641 839 677 τοσαύτην
853 643 896 668 αἰ-

112 683 212 721 σχύνην
222 683 423 718 ἀπενέγκασθαι
434 692 440 716 ;
454 685 510 711 ἀλλ’
524 686 599 712 οὐδὲν
610 685 720 720 εὔλογον
733 686 765 713 ἂν
774 687 875 713 εἴποιτε
888 695 895 702 ·

110 729 188 755 τοῦτο
213 729 241 755 δὲ
263 730 340 764 μόνον
361 731 544 766 περιλείπεται
567 733 652 764 νοεῖν,
681 733 722 759 ὃτι
739 734 826 760 πάντα
849 733 896 760 νῦν

111 773 308 808 ὑποκρίνεσθε,
331 775 377 801 καὶ
403 775 492 802 πάντα
513 776 740 812 προσποιούμενοι
766 778 897 805 πλάττετε

110 818 154 844 διὰ
171 819 219 853 τὴν
235 820 310 855 παρὰ
325 821 511 848 Κωνσταντίου
529 821 584 857 (66)
602 824 779 858 προστασίαν.
804 824 850 851 καὶ
866 824 897 850 τὸ

111 865 187 900 παρὰ
203 865 249 892 τοῦ
263 865 383 893 τοιούτου
398 867 504 902 κέρδος.
517 868 571 894 Καὶ
596 871 770 905 κατηγορεῖτε
789 870 839 905 μὲν
853 870 898 896 εὐ-

945 277 1035 312 pimus
1049 277 1094 303 “?
1115 287 1123 302 I
1153 277 1209 303 Cur
1232 277 1363 303 Arianum
1390 275 1496 302 Actium
1519 278 1549 301 ut
1570 274 1726 304 haeretieum

945 325 1053 359 ejieitis,
1064 324 1127 351 licet
1140 331 1171 350 ea
1185 323 1243 358 ipsa
1260 330 1321 356 qua:
1331 322 1374 349 ille
1388 320 1558 356 loquamini?
1572 320 1632 348 'I‘ibi
1643 320 1727 353 enim,

945 369 1038 402 Aeaci,
1052 369 1158 396 amicus
1173 373 1224 399 est,
1238 368 1416 402 Eudoxioque
1432 367 1513 402 hujus
1527 367 1655 402 magister
1677 366 1729 393 im-

945 415 1054 450 pietatis
1071 414 1132 447 fnit,
1147 415 1173 441 in
1189 414 1267 448 cujus
1279 414 1394 447 gratiam
1408 421 1469 440 eum
1484 412 1614 440 Leontius
1623 412 1730 447 episco-

946 468 997 495 pus
1009 460 1152 488 diaconum
1169 459 1321 492 ordinavit;
1336 463 1376 491 ut,
1395 459 1471 494 quasi
1486 459 1544 486 ovis
1566 459 1728 486 vestimento

946 507 1107 535 diaconatus
1121 506 1232 533 nomine
1253 513 1330 538 usus,
1347 505 1522 540 blasphemiae
1541 505 1621 533 verba
1644 504 1730 531 libere

945 555 1037 586 posset
1052 558 1188 578 evomere.

945 599 963 632 ;-
983 597 1026 625 39.
1040 596 1110 630 Quid
1123 597 1206 631 igitur
1220 596 1297 623 vobis
1309 595 1404 628 suasit,
1415 600 1445 622 ut
1456 594 1533 621 vobis
1555 594 1619 629 ipsis
1634 595 1729 622 adver-

947 634 1056 676 semini,
1070 647 1232 678 tantumque
1245 642 1387 669 dedecoris
1401 641 1544 668 referatis?
1566 640 1645 668 Certe
1661 640 1728 667 nihil

946 689 1045 717 rationi
1071 693 1285 716 consentaneum
1313 687 1391 714 vobis
1419 685 1563 713 dicendum
1590 685 1727 720 suppetit:

947 735 1055 769 hocque
1067 735 1154 762 solum
1171 733 1372 768 intelligendum
1390 732 1563 767 relinquitur,
1589 739 1638 759 vos
1656 731 1730 759 nulla

947 789 1001 808 non
1014 780 1198 811 simulatione,
1214 779 1287 806 nullo
1319 786 1372 806 non
1399 782 1552 806 commento
1570 777 1608 804 uti
1624 782 1732 812 propter

947 827 1097 855 Constantii
1112 826 1305 862 patrocinium,
1318 825 1479 865 lucrumque
1492 823 1563 856 quod
1577 823 1640 850 hinc
1652 823 1729 850 vobis

946 872 1045 899 evenit.
1059 872 1146 906 Atque
1156 871 1182 898 in
1199 874 1323 905 promptu
1335 869 1411 896 vobis
1421 874 1463 896 est
1475 868 1566 895 Patres
1581 868 1728 900 incusare;

110 910 198 945 χερῶς
213 911 266 937 τῶν
283 912 420 947 Πατέρων,
435 913 632 948 προφασίζεσθε
643 914 671 941 δὲ
689 915 780 947 ἁπλῶς
793 915 842 947 τὰς
859 916 894 942 λέ-

947 921 1100 951 temereque
1112 915 1243 951 objicitis,
1270 922 1323 942 non
1352 914 1446 941 haberi
1467 920 1497 940 ea
1514 913 1594 940 verba
1611 913 1638 939 in
1658 912 1732 939 Scri-

111 955 178 988 ξεις.
191 956 229 988 ὡς
245 958 384 993 ἀγράφους
397 967 403 974 ’
421 960 467 985 καὶ
481 960 552 986 κατὰ
570 961 601 987 τὸ
617 961 817 996 γεγραμμένον,
833 971 842 987 ι
858 962 897 989 δι-

111 1002 232 1029 ετεὶνατε
251 1002 284 1029 τὰ
300 1003 381 1038 σκέλη
397 1004 477 1030 παντὶ
492 1005 618 1040 παρόδῳ·
632 1016 641 1031 ι
651 1006 720 1032 time
735 1007 896 1039 τοσαυτάκις

111 1047 183 1083 ὑμᾶς
202 1049 426 1083 μεταῦὸἀλεσθαι,
442 1051 535 1082 ὁσάκις
551 1051 584 1077 ἂν
595 1052 666 1086 ὑμᾶς
677 1053 702 1078 οἱ
723 1052 897 1088 μισθούμενοι

110 1094 157 1120 καὶ
183 1094 362 1129 χορηγοῦντες
386 1096 449 1130 ὑμῖν
471 1096 609 1131 βούλονται
630 1098 696 1133 (67).
722 1099 818 1126 Καίτοι
846 1099 896 1126 κᾶν

110 1138 250 1173 ἀγράφους
258 1147 300 1169 τις
310 1139 375 1175 λαλῇ
387 1139 484 1173 λέξεις,
499 1141 574 1167 οὐδὲν
590 1141 721 1177 διαφέρει,
734 1143 785 1175 ἕως
798 1144 895 1179 εὐσεόἦ

110 1184 161 1219 τὴν
173 1184 291 1211 διάνοιαν
301 1185 366 1220 ἔχει.
389 1186 418 1212 '0
433 1186 460 1212 δὲ
475 1187 612 1222 αἱρετικδς
629 1188 710 1223 ἀνὴρ,
722 1188 772 1215 κᾶν
785 1189 833 1221 τὰς
844 1190 897 1216 ἀπὸ

110 1230 165 1256 τῶν
180 1230 297 1265 Γραφῶν
314 1233 447 1267 χρήσηται
464 1232 560 1266 λέξεις,
588 1233 662 1260 οὐδὲν
675 1222 756 1270 ἦττον
777 1234 896 1268 ὕποπτος

111 1274 158 1307 ὢν,
172 1275 218 1301 καὶ
233 1275 278 1302 τὸν
292 1276 355 1302 νοῦν
371 1276 576 1312 διεφθαρμένος,
595 1279 739 1306 ἀκούσεται
761 1279 835 1315 παρὰ
850 1279 896 1306 τοῦ

111 1321 270 1356 Πνεύματος
282 1330 288 1337 ·
313 1331 322 1347 ι
340 1323 398 1349 Ἵνα
411 1323 438 1348 τί
451 1323 483 1349 σὺ
498 1323 578 1359 διηγῇ
600 1324 654 1360 (68)
676 1325 710 1351 τὰ
725 1325 897 1358 δικαιώματά

112 1375 174 1401 μου,
189 1368 235 1394 καὶ
252 1368 452 1403 ἀναλαμὸάιιεις
465 1369 514 1404 τὴν
532 1369 664 1405 διαθήκην
681 1379 731 1406 μου
741 1371 786 1398 διὰ
800 1372 897 1407 στόμα-

111 1412 157 1444 τός
181 1421 265 1445 σονς»
283 1414 375 1445 Οὕτως
397 1415 411 1440 ὁ
431 1415 479 1450 μὲν
493 1414 627 1448 διάϐολος,
643 1417 730 1443 καίτοι
744 1417 831 1444 λαλῶν
844 1419 897 1445 ἀπὸ

110 1459 166 1485 τῶν
190 1459 314 1494 Γραφῶν,
341 1460 496 1495 πεφίμωται
513 1461 588 1497 παρὰ
603 1462 648 1488 τοῦ
666 1463 789 1499 Σωτῆρος
802 1472 808 1478 ·
834 1466 848 1491 ὸ
868 1465 896 1492 δὲ

113 1505 246 1540 μακάριος
259 1505 374 1538 Παῦλος,
392 1506 442 1533 κᾶν
459 1509 490 1534 ὲκ
503 1508 557 1534 τῶν
574 1508 672 1540 ἔξωθεν
689 1509 756 1544 λαλῇ
767 1519 774 1525 ·
795 1519 804 1535 ι
820 1511 896 1547 Κρῆ-

111 1559 158 1582 τες
173 1551 216 1577 ἀεὶ
229 1550 359 1585 ψεῦσται·
376 1561 384 1577 ›
409 1553 455 1579 καὶ
467 1573 474 1586 ,
504 1563 514 1579 ι
530 1553 582 1580 Τοῦ
603 1554 657 1589 γὰρ
679 1554 734 1590 (69)
752 1556 798 1582 καὶ
820 1556 896 1590 γένος

107 1597 212 1632 ἑσμὲν-
235 1606 243 1622 I
262 1597 319 1628 καὶ,
341 1607 350 1623 ι
365 1597 522 1633 Φθείρουσιν
538 1599 590 1634 ἤθη
603 1600 715 1635 χρηστὰ,
725 1601 825 1635 ὁμιλίαι
848 1611 897 1628 κα-

110 1643 174 1671 καί·
189 1652 198 1667 ι
211 1642 266 1668 ἀλλ’
279 1643 363 1678 ὅμως,
377 1642 454 1677 ἅγιος
468 1643 516 1675 ὢν,
529 1643 584 1679 ἔχει
597 1645 646 1680 τὴν
655 1645 772 1672 διάνοιαν
787 1647 895 1682 εὐσεϐῆ·

109 1687 218 1715 καὶτοῦ
235 1689 352 1723 Χριστοῦ
365 1689 427 1715 νοῦν
445 1689 513 1724 ἔχων
525 1710 532 1721 ,
549 1690 706 1723 διδάσκαλός
727 1692 800 1718 ἐστιν
814 1692 897 1719 ἐθνῶν

110 1733 140 1758 ἐν
154 1727 244 1758 πίστει
266 1733 314 1758 καὶ
333 1733 463 1768 ἀληθείᾳ·
487 1734 534 1760 καὶ
553 1734 666 1766 ἃλαλεῖ,
683 1735 742 1770 μετ’
758 1736 897 1769 εὐσεϐείας

110 1777 268 1813 φθέγγεται.
281 1779 348 1805 Ποία
367 1780 455 1806 τοίνυν
469 1781 497 1806 ὲν
509 1782 565 1811 τοῖς
585 1781 730 1816 Ἀρειανοῖς
742 1782 796 1817 (70)
810 1783 897 1818 ρημα·

110 1823 178 1854 τίοις
201 1823 253 1850 κᾶν
269 1824 414 1860 πιθανότης
439 1826 521 1858 ἐστὶν,
538 1826 567 1852 ὲν
591 1825 632 1858 οἷς
659 1828 825 1862 προτιμᾶται
849 1826 896 1854 τοῦ

111 1869 236 1904 Σωτῆρος
253 1870 269 1904 ἡ
286 1870 382 1906 κάμπη
398 1872 444 1898 καὶ
461 1872 477 1906 ὴ
494 1872 585 1908 ἀκρὶς,
601 1873 647 1899 καὶ
661 1872 818 1909 λοιδορεῖται
833 1874 897 1909 παρ’

110 1913 215 1940 αὐτῶν·
234 1914 291 1940 Οὐκ
314 1912 347 1950 ἧς
362 1924 437 1947 ποτε,
465 1917 512 1942 καὶ
528 1917 673 1953 ὲκτίσθης,
693 1918 766 1950 ξένος
781 1927 810 1944 τε
838 1919 896 1945 κατ’

110 1959 204 1986 οὐσίαν
227 1959 275 1986 τοῦ
299 1960 366 1987 Θεοῦ
379 1962 538 1996 τυγχάνεις·
557 1964 603 1989 καὶ
622 1963 690 1995 ὅλως
704 1964 780 1990 οὐδὲν
796 1964 898 2000 δυσφη-

111 2004 177 2040 μίας
188 2005 216 2030 ὲν
229 2005 320 2037 αὐτοῖς
331 2006 543 2041 παραλέλειπται
554 2007 627 2043 (7|);
642 2009 674 2034 Τί
684 2009 712 2035 δὲ
729 2009 797 2045 πρὸς
812 2010 896 2046 εὐφη-

112 2049 178 2084 μίαν
193 2051 321 2085 παρῆκαν
345 2052 370 2077 ei
396 2052 532 2088 Πατέρες;
561 2054 616 2080 Καὶ
641 2055 671 2081 οὐ
691 2055 790 2090 μᾶλλον
809 2056 897 2092 ὑψηλὴ

109 2095 223 2127 διάνοια,
240 2097 287 2123 καὶ
298 2097 468 2133 φιλόχριστος
482 2099 606 2126 εὐσέϐεια
634 2101 699 2136 παρ’
715 2101 806 2132 αὐτοῖς
822 2101 896 2134 tam;

109 2142 166 2168 Kal.
177 2142 250 2177 ὅμως
262 2143 349 2170 ταῦτα
360 2143 410 2179 μὲν
420 2144 551 2180 ἔγραψαν,
560 2145 600 2172 ὅτι
614 2146 795 2181 Ἐκὸάλλομεν
804 2155 810 2162 ·
824 2147 895 2173 ἐκείς

110 2196 164 2214 νων
181 2187 210 2214 δὲ
229 2188 282 2215 τῶν
305 2188 375 2215 κατὰ
396 2189 442 2216 τοῦ
464 2191 566 2226 Κυρίου
587 2191 725 2228 λοιδοριῶν
745 2192 895 2228 ἀνέχονται,

946 963 1033 997 pturis
1047 961 1132 990 sacris
1151 970 1158 988 :
1184 965 1211 988 et
1225 965 1253 987 ut
1273 961 1404 994 scriptum
1433 963 1484 990 est,
1511 968 1520 984 ι
1542 966 1620 986 crura
1635 959 1732 985 divari-

946 1009 1030 1036 castis
1047 1007 1122 1035 omni
1135 1006 1285 1034 transeunti
1297 1006 1336 1038 ⁸³;
1354 1015 1363 1031 ι
1379 1005 1414 1032 ita
1431 1009 1458 1032 ut
1473 1005 1552 1032 toties
1569 1005 1730 1031 sententiam

946 1053 1128 1085 commutetis,
1147 1052 1255 1086 quoties
1274 1051 1357 1078 velint
1376 1051 1394 1077 ii
1418 1051 1464 1086 qui
1493 1059 1541 1078 vos
1558 1051 1679 1078 mercede
1705 1055 1731 1078 et

947 1099 1058 1134 praemio
1085 1098 1252 1126 conducunt.
1285 1096 1446 1130 Quanquam
1475 1096 1542 1122 nihil
1568 1097 1689 1127 interest,
1708 1096 1731 1123 si

947 1145 1008 1180 quis
1025 1152 1078 1171 non
1096 1144 1209 1178 scriptas
1220 1150 1302 1170 voces
1327 1141 1457 1177 proferat,
1479 1141 1543 1168 dum
1560 1141 1630 1176 piam
1643 1145 1732 1169 servet

947 1189 1118 1216 sententiam.
1150 1186 1296 1214 Ilzereticus
1325 1190 1416 1213 autem
1447 1185 1500 1218 vir,
1518 1185 1581 1212 licet
1612 1185 1731 1213 verbise

947 1234 1087 1269 Scriptura
1110 1232 1275 1267 depromptis
1297 1235 1399 1264 utatur,
1415 1231 1500 1258 nihilo
1521 1236 1609 1258 tamen
1625 1231 1727 1263 minus,

948 1285 1091 1316 suspectus
1105 1287 1137 1307 ac
1155 1283 1247 1306 mente
1276 1282 1420 1312 corruptus
1435 1285 1496 1304 cum
1524 1278 1569 1310 sit,
1596 1285 1611 1304 a
1629 1277 1729 1312 Spiritu

947 1331 1042 1356 sancto
1052 1326 1142 1354 audiet
1158 1318 1188 1352 τ’(
1200 1323 1289 1357 Quare
1303 1328 1332 1351 tu
1345 1331 1456 1351 enarras
1474 1323 1594 1358 justitias
1611 1331 1695 1356 meas,
1704 1328 1731 1350 et

947 1371 1064 1399 assumis
1077 1374 1266 1398 testamentum
1280 1377 1369 1396 meum
1381 1376 1428 1403 per
1438 1376 1468 1396 os
1482 1374 1558 1395 tuum
1571 1369 1615 1395 ⁸⁸⁸1
1624 1379 1633 1394 ι
1643 1368 1732 1401 Quare

947 1417 1056 1444 diabolo
1079 1417 1142 1443 licet
1171 1424 1205 1443 ex
1236 1415 1384 1450 Scripturis
1410 1415 1529 1450 loquenti
1550 1422 1582 1442 os
1606 1414 1731 1441 aSalva-

947 1467 1007 1491 tore
1025 1463 1182 1490 obturatum
1196 1465 1247 1488 est.
1265 1460 1364 1488 Beatus
1378 1465 1467 1488 autem
1482 1459 1593 1491 Paulus,
1605 1460 1731 1494 quamvis

946 1516 979 1536 ex
995 1507 1118 1543 profanis
1134 1507 1258 1541 loquatur
1276 1515 1283 1533 :
1311 1516 1320 1532 ι
1339 1506 1482 1533 Cretenses
1497 1513 1604 1540 semper
1618 1505 1730 1532 menda-

947 1561 991 1581 ces
1004 1553 1046 1586 ul;
1064 1562 1073 1579 ι
1099 1557 1142 1579 et:
1159 1562 1168 1578 ι
1186 1551 1271 1586 Ipsius
1288 1552 1359 1578 enim
1372 1558 1457 1586 genus
1480 1558 1575 1578 sumus
1597 1550 1635 1583 δθς
1653 1559 1663 1575 ›
1682 1554 1728 1577 et:

910 1585 930 1614 (ἶ
950 1609 960 1625 ι
977 1599 1163 1633 Corrumpunt
1178 1606 1266 1626 mores
1296 1598 1382 1624 bonos
1398 1596 1533 1631 colloquia
1558 1603 1641 1631 prava
1658 1596 1700 1629 u;
1719 1606 1727 1621 ι

947 1650 1064 1672 attamen
1078 1649 1187 1671 sanctus
1200 1652 1260 1670 cum
1279 1644 1325 1675 sit,
1342 1643 1413 1677 piam
1430 1643 1528 1670 retinet
1542 1642 1705 1669 sententiam
1722 1651 1730 1669 :

947 1695 1048 1717 etcum
1062 1689 1162 1716 Christi
1187 1692 1304 1716 mentem
1331 1687 1439 1720 habeat,
1460 1687 1584 1722 gentibus
1604 1687 1732 1722 magister

946 1741 988 1763 est
1000 1736 1060 1762 tldei
1073 1739 1099 1762 et
1112 1735 1244 1766 veritatis,
1268 1738 1296 1760 et
1314 1741 1375 1761 cum
1396 1734 1497 1768 pietate
1525 1741 1630 1768 semper
1644 1733 1731 1768 loqui-

947 1786 1002 1808 tot.
1021 1780 1187 1814 Eequiduam
1204 1779 1256 1806 ﬁde
1270 1779 1381 1814 dignum
1402 1779 1471 1806 inest
1497 1778 1630 1806 Arianicis
1647 1786 1731 1806 vocu-

947 1827 990 1859 lis,
1007 1827 1107 1861 quibus
1118 1833 1198 1852 eruca
1212 1829 1238 1852 et
1253 1825 1357 1853 locusta
1380 1825 1513 1852 Salvatori
1546 1825 1728 1859 anteponitur,

947 1871 1052 1906 ipsique
1064 1871 1120 1898 haec
1134 1870 1255 1899 convicia
1271 1870 1414 1897 dicuntur:
1431 1870 1584 1905 Aliquando
1595 1877 1648 1898 non
1656 1878 1730 1902 eras,

947 1922 973 1945 et
985 1921 1092 1945 creatus
1104 1924 1144 1949 es,
1160 1917 1323 1951 alienusque
1334 1924 1365 1944 es
1382 1924 1397 1944 a
1415 1916 1485 1954 Deq
1494 1917 1644 1944 secundum
1666 1917 1730 1945 sub—

947 1964 1073 1991 stantiam
1085 1972 1092 1990 :
1102 1963 1259 1998 nullamque
1268 1963 1378 1989 demum
1392 1970 1445 1989 non
1457 1961 1597 1997 proferunt
1609 1962 1731 1997 blasphe-

947 2009 1050 2036 miam?
1067 2008 1179 2040 Contra,
1195 2009 1259 2043 quid
1276 2008 1348 2043 quod
1378 2008 1479 2037 Christi
1501 2009 1729 2036 commendationi

941 2050 1053 2082 'laudive
1065 2054 1188 2083 conferat
1211 2063 1226 2082 a
1250 2054 1379 2083 Patribus
1404 2055 1535 2082 omissum
1553 2055 1614 2082 est?
1635 2054 1730 2082 Nonne

947 2101 1050 2130 sanctis
1062 2101 1153 2136 potius
1173 2101 1245 2129 inest
1268 2101 1335 2129 viris
1361 2100 1486 2134 sublimis
1500 2101 1533 2128 de
1543 2101 1653 2129 Christo
1666 2108 1730 2128 sen-

948 2147 1043 2180 tentia,
1056 2147 1197 2182 pietasque
1208 2154 1273 2182 erga
1293 2146 1368 2173 illum
1385 2146 1504 2174 eximia?
1520 2145 1552 2174 Et
1577 2150 1668 2174 tamen
1686 2146 1730 2174 isti

948 2192 1005 2231 haec
1028 2192 1089 2219 ausi
1115 2195 1179 2219 sunt
1207 2191 1345 2218 scribere:
1363 2191 1410 2218 Illa
1437 2190 1594 2225 rejicimus;
1610 2190 1730 2225 dumque

109 2233 156 2262 καὶ
173 2235 306 2269 φανεροὺς
327 2235 438 2267 ἑαυτοὺς
456 2237 522 2262 πᾶσι
539 2237 702 2265 καθιστῶσιν
715 2238 770 2273 (72)
781 2258 788 2270 ,
805 2239 846 2265 ὃτι
863 2238 894 2265 δι’

947 2238 1080 2273 ejusmodi
1093 2238 1120 2265 in
1132 2237 1270 2265 Christum
1285 2237 1428 2264 maledicta
1443 2237 1569 2270 tolerant,
1586 2237 1728 2272 propalam

109 2277 186 2309 οὐδὲν
201 2277 294 2313 ἕτερον
308 2279 440 2317 μάχονται
454 2281 520 2316 πρὸς
536 2281 584 2316 τὴν
601 2281 708 2309 σύνοδον
722 2283 830 2318 ἐκείνην
845 2283 894 2318 τὴν

947 2289 1020 2311 certe
1032 2283 1144 2315 faciunt,
1163 2290 1193 2310 se
1220 2282 1295 2314 nulla
1317 2282 1370 2310 alia
1399 2282 1433 2309 de
1445 2290 1528 2309 causa
1544 2289 1606 2310 cum
1631 2289 1729 2317 magna

111 2323 242 2360 μεγάλην,
258 2324 274 2358 ἢ
285 2325 325 2351 ὄτι
338 2325 388 2360 τὴν
408 2327 547 2363 Ἀρειανὴν
563 2328 667 2363 αἵρεσιν
680 2328 833 2365 κατέκρινε.
845 2329 895 2356 Διὰ

108 2371 186 2401 τοῦτο
200 2372 254 2407 γὰρ
271 2373 317 2398 καὶ
327 2373 376 2418 τὴν
391 2372 438 2399 τοῦ
459 2374 601 2408 όμοουσίου
622 2375 694 2407 λέξιν
710 2374 892 2409 διαϐάλλουσι,

109 2416 203 2448 κακῶς
215 2418 291 2444 αὐτοὶ
303 2416 463 2453 φρονοῦντες
477 2420 524 2446 καὶ
539 2421 602 2456 περ).
611 2420 706 2455 αὐτῆς.
721 2421 753 2447 Εἰ
769 2421 822 2457 γὰρ
835 2421 894 2448 ἐπί-

947 2329 1052 2365 synodo
1071 2336 1203 2364 pugnare,
1218 2335 1301 2362 quam
1323 2327 1396 2363 quod
1422 2327 1549 2354 Arianam
1561 2327 1730 2354 damnaverit

947 2375 1082 2403 haeresim.
1103 2373 1140 2401 Ea
1155 2373 1239 2401 etiam
1267 2374 1321 2401 illis
1334 2380 1416 2401 causa
1428 2378 1470 2400 est
1491 2372 1729 2400 eonsubstantialis

947 2429 1041 2448 vocem
1058 2419 1222 2448 criminandi
1239 2419 1272 2447 de
1282 2427 1335 2454 qua
1365 2419 1417 2454 ipsi
1440 2427 1523 2454 prave
1539 2419 1668 2446 sentiunt.
1699 2417 1727 2444 Si

148 2476 288 2513 }‘_Coloss.
305 2484 335 2513 ιι,
352 2477 378 2504 9.
400 2477 423 2493 ⁵³
439 2477 518 2505 Joan.
539 2485 558 2507 l.
573 2478 617 2506 16.
654 2478 678 2494 δ³
691 2478 788 2513 Ezeeh.
804 2488 848 2507 xvr
874 2479 891 2506 ‘2

957 2479 980 2496 V‘
995 2479 1066 2508 Psal.
1083 2487 1156 2512 χιιι,
1174 2477 1218 2506 16.
1257 2478 1280 2494 ⁸⁸
1297 2477 1350 2505 Tit.
1365 2486 1384 2511 ι,
1400 2477 1442 2505 12.
1482 2477 1504 2494 ⁸⁸
1519 2477 1577 2505 Act.
1596 2485 1662 2510 xvu,
1681 2477 1725 2505 28.

107 2511 130 2528 ⁵⁷
147 2510 154 2537 Ι
168 2511 231 2538 Cor.
247 2519 291 2545 xv,
304 2512 348 2539 '53.

143 2580 200 2616 (64)
215 2581 254 2608 Ita
268 2580 370 2616 Regius
390 2580 474 2608 codex
492 2584 519 2607 et
533 2579 623 2608 Felck.
637 2581 664 2608 5.
682 2581 763 2614 Editi,
783 2582 888 2609 Ἀκάκι.

107 2615 198 2643 Felck.
215 2616 241 2648 3,
257 2615 330 2647 mox}
348 2616 497 2642 εὐσέὸειαν.

144 2651 200 2685 (65)
216 2650 325 2686 Regius,
348 2652 377 2677 ἐν
393 2650 531 2686 ὲνδύματι.
549 2648 621 2677 Infra
635 2650 752 2678 Felekm.
770 2651 798 2684 5,
810 2651 890 2687 δυνή-

108 2693 200 2755 6733';
215 2720 260 2747 Sic
274 2719 385 2755 Regius.
402 2719 472 2747 Editi
487 2727 563 2750 vero,
575 2720 624 2754 τὴν
637 2720 827 2747 Κωνσταντίου

143 2756 199 2788 {67)
213 2755 285 2783 Felc.
299 2756 325 2786 ὅ,
342 2756 497 2789 βούλωνται.
515 2755 581 2781 Ibid.
596 2755 714 2782 Felckm.
728 2756 755 2787 5,
770 2755 820 2782 κᾶν
832 2758 892 2788 ταῖς

143 2790 161 2817 τὸ
176 2790 230 2817 τῶν
247 2790 360 2818 Γοαωῶν
382 2791 515 2818 νρήσηται
537 2790 649 2818 λέξεσιν.
675 2790 729 2817 οὐδ.
754 2789 821 2818 Ibid.
837 2791 891 2818 Re-

106 2791 161 2826 ᾲπὸ
176 2791 230 2817 τῶν
247 2791 360 2826 Γραφῶν
382 2791 515 2825 χρήσηται
537 2791 649 2823 λέξεσιν,
675 2791 729 2817 οὐδ.
754 2791 821 2818 Ibid.
837 2791 876 2819 Re

108 2826 185 2861 gius,
195 2825 271 2861 λαλεῖ
284 2825 379 2861 λέξεις,
395 2830 425 2861 et
434 2832 495 2851 mox
515 2825 623 2861 Regius,
636 2825 694 2861 ἔχῃ.

143 2860 201 2895 (68)
217 2859 262 2888 Sic
285 2860 351 2899 Reg.
368 2865 393 2886 et
407 2859 517 2887 Graecus
532 2859 682 2895 Scriptor-ie
692 2865 789 2888 textus.
806 2860 886 2894 Editi,

943 2590 1066 2618 εκοιηγῃ.
1087 2582 1146 2618 Mox
1160 2581 1271 2617 Regius.
1285 2581 1487 2618 ἀναλαμβάνῃς.

979 2615 1034 2651 (69)
1043 2615 1244 2650 'Felckmanfi’),
1254 2617 1355 2644 Τούτου
1366 2615 1427 2652 γάρ.
1440 2615 1500 2643 Mox
1508 2615 1572 2644 edit.
1581 2615 1724 2650 Commel.,

943 2653 1146 2688 xptgrdtmale.

979 2687 1035 2722 (70)
1049 2687 1204 2715 Felckman.
1222 2687 1248 2718 5,
1270 2685 1425 2722 Ἀρειανῶν.

979 2720 1034 2756 (Ἠ)
1049 2722 1077 2749 In
1095 2722 1186 2749 Felck.
1200 2722 1226 2753 5,
1242 2720 1307 2756 quaa'
1321 2722 1391 2749 inter
1409 2728 1488 2749 voces
1502 2720 1723 2756 παραλέλειπται,

942 2762 968 2783 et
986 2755 1203 2818 infr'avtpiu‘tvfapotic
1216 2755 1395 2790 intercedunt,
1411 2757 1511 2784 omissa
1535 2755 1608 2784 Solit.
1624 2755 1724 2792 Regius

942 2800 1015 2818 I'IIOX.
1032 2801 1085 2818 UU'Il
1104 2801 1118 2818 0
1132 2812 1138 2818 .

941 2800 1015 2822 mox,
1032 2793 1138 2822 ὑψηλοί.

975 2801 1015 2822 DX,
1032 2801 1138 2828 υψηΛοι.

975 2827 1030 2867 (ῖὲ)
1048 2827 1150 2863 Regius
1164 2831 1190 2855 ct
1205 2826 1322 2854 Felekm.
1347 2827 1373 2861 3,
1393 2826 1544 2854 καθιστᾶσι.
1563 2826 1642 2861 Editi,
1658 2825 1723 2853 καθ-

941 2871 1042 2889 ιστωσι.
