1977 3039
125 150 177 178 765

826 152 868 179 DE
888 151 1040 181 SYNODIS.

1686 155 1738 183 766

124 210 187 241 τοὺς
199 209 407 244 ἀποδεχομένους
418 209 451 236 τὰ
466 209 514 244 μὲν
525 210 590 236 ἅλλα
601 210 688 237 πάντα
700 210 753 237 τῶν
766 211 794 237 ὲν
805 211 906 246 Νικαίᾳ

961 217 1010 240 tem
1023 213 1068 248 qui
1082 214 1133 241 alia
1158 214 1267 249 quidem
1297 214 1388 242 omnia
1416 213 1512 241 Nicmre
1542 215 1642 250 scripta
1666 216 1736 244 reci-

124 255 294 292 γραφέντων,
309 255 372 290 περὶ
384 255 411 280 δὲ
427 255 505 290 μόνον
522 256 553 282 τὸ
568 256 707 291 ὁμοούσιον
724 256 906 291 ἀμφιϐάλλον-

124 311 186 334 τας,
202 302 253 337 χρὴ
270 301 324 335 (85)
343 301 379 336 μὴ
394 301 431 332 ὡς
446 301 513 336 πρὸς
530 301 643 337 ἐχθροὺς
665 302 815 328 διακεῖσθαι
828 311 834 316 -
861 302 906 328 καὶ

123 346 180 381 γὰρ
195 347 240 372 καὶ
251 346 330 380 ἡμεῖς
342 345 390 380 οὐχ
412 346 449 377 ὡς
463 346 529 381 πρὸς
549 346 751 381 Ἀρειομανίτας
761 366 768 377 ,
790 345 844 371 οὐδ’
869 346 906 377 ὡς

126 391 295 427 μαχομένους
309 391 375 426 πρὸς
390 393 452 423 τοὺς
464 392 588 426 Πατέρας
604 392 775 426 ἐνιστάμεοα,
796 391 852 418 ἀλλ’
870 392 907 423 ὡς

124 437 234 471 ἀδελφοὶ
251 436 317 471 πρὸς
330 437 458 470 ἀδελφοὺς
473 436 652 472 διαλεγόμεθα
664 457 671 469 ,
686 438 734 472 τὴν
755 437 839 472 αὐτὴν
858 436 907 472 μὲν

125 480 191 517 ἡμῖν
205 482 322 509 διάνοιαν
335 482 454 516 ἔχοντας,
471 482 534 517 περὶ
545 482 612 509 δὲτὸ
628 482 712 517 ὄνομα
727 482 805 517 μόνον
817 483 908 509 διστά-

125 526 233 558 ζοντας.
248 526 302 553 Καὶ
313 526 368 561 γὰρ
379 526 569 561 ὁμολογοῦντες
581 527 614 553 ἐκ
628 527 677 561 τῆς
689 527 781 558 οὐσίας
794 526 840 552 τοῦ
855 527 908 553 [Ια-

125 572 191 606 τρὶις
203 569 281 602 εἶναι,
299 570 345 597 καὶ
359 570 394 605 μὴ
412 570 441 603 ἐξ
464 570 558 606 ἑτέρας
574 571 748 601 ὑποστάσεως
770 570 815 596 τὸν
831 570 905 602 Υἱὸν,

126 617 228 651 κτίσμα
245 625 273 642 τε
287 616 323 651 μὴ
335 613 415 648 εἶναι,
431 615 497 650 μηδὲ
513 615 618 650 ποίημα
633 615 713 641 αὑτὸν
724 636 730 647 ,
752 615 820 641 ἀλλά
839 616 905 649 γνή-

126 671 183 689 σιον
194 662 240 693 καὶ
254 662 331 696 φύσει
345 662 465 696 γέννημα
477 661 567 693 ἁῖδίως
582 670 610 687 τε
628 661 682 696 (84)
696 661 775 687 αὐτὸν
790 662 907 686 συνεῖναι

125 709 164 743 τῷ
177 709 264 744 Ila-cpi.
278 709 362 742 Λόγον
381 708 444 734 ὂντα
461 708 508 734 καὶ
529 708 645 742 Σοφίαν,
665 708 695 734 οὐ
715 708 822 744 μακράν
839 709 907 733 εἰσιν

125 755 303 787 ἀποδέξασθαι
316 754 362 781 καὶ
372 754 419 790 τὴν
433 753 479 780 τοῦ
493 753 546 788 (85)
563 755 704 789 ὁμοουσίου
716 753 797 786 λέξιν.
815 753 907 780 Τοιοῦ-

125 809 172 832 τος
182 801 209 827 δέ
222 802 279 826 ἐστι
294 800 431 831 Βασίλειος
445 801 459 826 ὁ
476 800 529 826 ἀπὸ
549 800 700 837 Ἀγκύρας,
716 800 822 836 γράψας
844 799 908 835 περὶ

125 847 254 878 πίστεως.
269 846 304 872 Τὸ
317 847 366 881 μὲν
380 846 433 882 γὰρ
444 847 533 881 ὅμοιον
549 846 627 881 μόνον
642 846 730 879 λέγειν
743 847 801 872 κατ’
815 846 908 872 οὐσίαν

125 894 156 920 οὺ
170 893 276 924 πάντως
292 892 417 928 σημαίνει
429 893 518 919 καὶτὸ
532 894 564 919 ὲκ
575 893 623 928 τῆς
635 892 737 924 οὐσίας,
755 892 784 924 ἐξ
800 889 829 918 οὗ
842 891 908 926 μᾶλ-
923 879 946 908 Β

125 938 182 971 λον,
196 939 233 970 ὡς
249 939 295 965 καὶ
318 938 394 965 αὐτοὶ
417 940 552 974 εἰρήκασι,
577 938 736 973 σημαίνεται
752 938 781 964 τὸ
799 938 908 973 γνήσιον

124 984 174 1011 τοῦ
198 984 263 1011 Tini}
287 985 354 1020 πρὸς
381 985 426 1010 τὸν
449 984 567 1019 Πατέρα.
590 984 644 1010 Καὶ
669 984 722 1020 γᾴρ
750 984 908 1019 κασσίτερος

124 1031 216 1066 ὅμοιός
238 1030 291 1066 (86)
309 1031 365 1056 ἐστι
393 1031 470 1065 μόνον
495 1029 533 1065 τῷ
559 1029 686 1066 ἀργύρῳ,
706 1030 754 1056 καὶ
777 1029 857 1061 λύκος
870 1029 908 1064 τῷ

125 1076 199 1108 κυνὶ,
217 1076 264 1108 καὶ
272 1075 371 1110 χαλκὸς
384 1075 517 1110 χρυσίζων
530 1073 569 1110 τῷ
584 1073 702 1109 ἀληθινῷ
722 1073 830 1109 χρυσῷ,
847 1073 908 1100 οὕτε

124 1122 154 1148 δὲ
173 1121 333 1157 κασσίτερος
346 1123 377 1147 ἐκ
389 1121 434 1147 τοῦ
446 1120 566 1156 ἀργύρου
582 1121 726 1155 τυγχάνει,
751 1119 813 1146 οὔτε
829 1120 909 1152 λύκος

125 1167 164 1199 ὡς
183 1167 240 1198 uis;
262 1167 309 1193 τοῦ
331 1167 410 1198 κυνὸς
426 1166 457 1193 ἂν
477 1165 626 1201 νομισθείη.
644 1166 752 1200 Ἐπειδὴ
771 1165 799 1192 δὲ
818 1165 864 1191 καὶ
878 1167 909 1192 ἐκ

125 1214 175 1248 τῆς
186 1212 278 1244 οὐσίας
302 1213 349 1239 καὶ
367 1211 530 1247 ὁμοιοούσιον
550 1211 605 1246 (87)
622 1211 701 1238 αὐτὸν
725 1211 869 1246 εἰρήκασι,
883 1211 909 1237 τί

124 1258 220 1293 ἓτερον
243 1257 418 1293 σημαίνουσιν
441 1258 473 1284 ὲκ
495 1256 596 1284 τούτων
611 1257 627 1292 ἦ
641 1256 671 1282 τὸ
683 1256 840 1291 όμοούσιον;
854 1257 910 1284 Καὶ

126 1303 182 1338 γὰρ
191 1302 284 1338 ὥσπερ
303 1304 317 1328 ὸ
330 1302 415 1336 λέγων
431 1302 509 1337 μόνον
523 1301 688 1337 ὁμοιοούσιον
700 1301 730 1327 οὐ
745 1301 852 1332 πάντως
863 1302 909 1328 καὶ

125 1350 157 1376 τὸ
172 1350 205 1376 ὲκ
219 1349 269 1384 τῆς
283 1349 376 1380 οὐσίας
386 1347 525 1384 γνωρίζει,
539 1347 624 1380 οὕτως
637 1348 651 1374 ὁ
666 1347 753 1382 λέγων
769 1347 909 1383 όμοούσιον

127 1396 299 1431 ἀμφοτέρων,
323 1395 368 1422 τοῦ
391 1404 419 1421 τε
439 1394 606 1430 ὁμοιοουσίου
628 1394 673 1420 καὶ
690 1393 736 1420 τοῦ
752 1394 784 1420 ἐκ
800 1394 849 1429 τῆς
865 1394 911 1420 οὐ·

129 1443 190 1474 σίας
213 1442 279 1477 (88),
305 1442 430 1476 σημαίνει
445 1442 494 1476 τὴν
510 1441 638 1468 διάνοιαν.
664 1440 717 1466 Καὶ
746 1441 822 1467 αὐτοὶ
845 1439 910 1474 γοῦν

128 1488 296 1523 ἐνιστάμενοι
313 1488 392 1514 πάλιν
410 1488 476 1522 πρὸς
495 1487 556 1518 τοὺς
571 1487 672 1522 κτίσμα
692 1487 821 1521 λέγοντας
840 1484 910 1513 εἶναι

956 259 1042 292 piunt.
1074 260 1107 286 de
1128 260 1186 286 solo
1216 264 1307 287 autem
1337 260 1577 288 consubstantialis
1605 261 1736 288 vocabulo

956 305 1108 339 ambigunt,
1124 313 1176 332 non
1188 311 1218 332 ut
1234 306 1358 333 inimicos
1380 307 1495 341 spectari
1522 314 1569 341 par
1582 311 1633 334 est.
1645 307 1737 341 Neque

956 350 1028 377 enim
1053 351 1124 378 velut
1146 351 1338 384 Ariomanitas,
1360 357 1406 379 aut
1433 351 1542 379 Patrum
1556 353 1736 386 adversarios,

957 395 1081 423 homines
1108 395 1303 430 aggredimur;
1323 397 1370 424 sed
1396 397 1566 431 disputamus
1588 398 1668 424 veluti
1681 397 1735 425 fra-

957 444 1012 466 tres
1026 447 1087 466 cum
1101 439 1239 472 fratribus,
1265 441 1312 475 qui
1333 441 1427 468 eadem
1445 449 1498 476 qua
1515 449 1566 469 nos
1585 446 1649 468 sunt
1675 449 1736 469 sen-

957 485 1050 517 tentia,
1063 486 1120 512 solo
1135 486 1243 512 nomine
1258 485 1284 512 in
1303 486 1514 513 controversiam
1532 487 1657 514 adducto.
1666 486 1736 514 Cum

957 532 1029 560 enim
1045 532 1225 558 conﬁteantur
1241 539 1274 558 cx
1299 532 1451 559 substantia
1481 531 1568 560 Patris
1589 539 1616 560 et
1632 540 1686 560 non
1702 541 1736 560 ex

957 578 1009 604 alia
1020 577 1168 604 substantia
1181 585 1240 604 esse
1256 575 1363 610 Filium,
1378 585 1428 604 nec
1447 583 1597 605 creaturam
1621 579 1664 605 vel
1678 579 1737 613 opi-

956 624 1048 650 licium
1079 623 1155 649 illum
1176 630 1262 650 esse:
1290 623 1337 650 sed
1364 624 1507 658 genuinam
1532 624 1738 658 naturalemque

956 670 1071 705 prolem,
1089 676 1115 696 et
1127 669 1160 696 ab
1174 674 1274 696 a-terno
1286 677 1337 696 una
1351 676 1413 696 cum
1427 668 1506 696 Patre
1521 669 1637 696 Verbum
1649 675 1675 697 et
1687 669 1737 697 Sa-

956 716 1086 751 pientiam
1100 715 1241 747 exsistere,
1267 722 1322 742 non
1337 715 1415 750 longe
1430 715 1528 742 absunt
1550 723 1565 742 a
1584 715 1736 750 recipienda

957 761 1197 789 consubstantialis
1211 768 1286 788 voce.
1297 761 1371 788 Talis
1382 765 1424 788 est
1438 760 1554 788 Basilius
1565 761 1680 796 Ancyrze
1690 761 1736 795 qui

958 807 991 835 de
1002 807 1053 834 ﬁde
1070 807 1188 844 scripsit.
1203 807 1282 838 Nam,
1296 807 1319 835 si
1332 807 1429 835 similis
1446 811 1550 833 tantum
1575 807 1681 834 dicatur
1695 814 1738 834 se-

959 854 1077 880 cundum
1095 853 1287 886 substantiam,
1301 853 1327 880 id
1342 860 1395 880 non
1419 853 1489 879 idem
1507 859 1620 886 prorsus
1634 852 1738 886 signiti-

960 904 1003 927 cat
1013 904 1094 934 atque
1108 899 1171 926 illud
1189 907 1241 926 :ex
1257 898 1424 931 substantia;
1455 906 1509 933 quc
1534 898 1617 925 verbo
1638 899 1738 934 magis,

958 950 989 973 ut
1004 946 1053 980 ipsi
1067 946 1168 977 dixere,
1185 945 1273 980 Patris
1287 952 1444 980 germanum
1460 944 1559 972 Filium
1574 945 1661 979 ipsum
1678 952 1739 973 esse

959 988 1136 1027 signiﬁcatur.
1156 990 1223 1018 Nam
1237 996 1363 1018 staunum
1378 995 1419 1017 est
1438 995 1549 1027 argento
1567 991 1665 1023 simile,
1688 999 1734 1018 ca-

958 1037 1001 1064 nis
1014 1037 1088 1072 lupo,
1108 1036 1292 1064 aurichalcum
1312 1043 1376 1063 vero
1398 1043 1476 1067 auro.
1492 1043 1542 1063 nec
1561 1040 1651 1063 tamen
1665 1040 1739 1064 stan-

959 1090 1024 1110 num
1039 1090 1072 1110 ex
1090 1087 1201 1118 argento
1214 1086 1266 1114 est,
1287 1090 1337 1110 nec
1359 1082 1439 1117 lupus
1462 1082 1537 1110 canis
1556 1082 1628 1109 illius
1644 1082 1738 1110 haberi

959 1133 1058 1164 potest.
1073 1127 1296 1166 Quandoquidem
1322 1134 1413 1156 autent
1431 1133 1458 1155 et
1483 1136 1516 1156 ex
1533 1129 1695 1161 substantia.
1712 1133 1740 1156 et

960 1175 1118 1202 substantiae
1139 1175 1255 1202 similem
1270 1182 1331 1202 eum
1348 1182 1408 1202 esse
1431 1174 1567 1211 dixerunt,
1586 1175 1650 1210 quid
1667 1175 1738 1202 aliud

960 1221 1003 1249 his
1020 1221 1174 1257 signiﬁcant
1197 1228 1278 1255 quam
1293 1228 1354 1248 cum
1379 1228 1439 1248 esse
1462 1220 1741 1248 consubstantialem?

960 1266 1077 1299 Etenim,
1093 1267 1163 1294 sicut
1176 1268 1223 1302 qui
1234 1267 1298 1294 dicit
1310 1271 1423 1299 tantum,
1439 1267 1597 1294 substantiae
1612 1266 1738 1298 similem,

960 1321 1014 1340 non
1030 1320 1140 1347 prorsus
1155 1313 1255 1339 indicat
1279 1320 1342 1340 eum
1365 1320 1399 1339 ex
1423 1311 1573 1348 substantia
1598 1319 1678 1344 esse;
1700 1311 1740 1338 sic

960 1359 1007 1395 qui
1026 1359 1102 1392 dicit,
1116 1359 1384 1390 consubstantialem,
1399 1358 1541 1392 utriusque
1553 1357 1619 1384 dicti
1629 1360 1739 1384 senten-

960 1400 1026 1431 tiam
1054 1404 1250 1438 complectitur,
1278 1407 1317 1436 et,
1338 1403 1496 1430 substantiae
1528 1402 1636 1434 similis,
1653 1407 1689 1434 et,
1706 1409 1740 1428 ex

961 1450 1121 1478 substantia.
1136 1449 1289 1484 lterumque
1305 1449 1365 1476 illos
1378 1449 1496 1483 aggressi
1511 1449 1556 1483 qui
1572 1448 1666 1476 dicunt
1673 1447 1740 1474 Vero

961 1497 1026 1524 bum
1042 1503 1103 1524 esse
1117 1501 1281 1527 creaturam,
1297 1499 1323 1522 et
1345 1499 1444 1529 negant
1470 1494 1591 1529 genitum
1607 1501 1668 1521 esse
1692 1493 1740 1521 Fi-

126 1536 174 1562 τὸν
186 1536 281 1569 Λόγον,
295 1535 341 1562 καὶ
353 1534 389 1570 μὴ
402 1533 524 1564 θέλοντας
541 1533 621 1560 αὐτὸν
633 1533 741 1568 γνήσιον
755 1532 817 1559 Υἱὸν
829 1530 909 1564 εἶναι,

962 1542 1040 1575 lium,
1053 1549 1085 1568 ex
1103 1540 1228 1568 humanis
1256 1540 1386 1574 exemplis
1414 1539 1460 1566 ﬁlii
1476 1546 1507 1566 ac
1527 1539 1612 1574 patris
1627 1547 1676 1566 sua
1690 1538 1740 1565 ad-

127 1581 158 1613 ἐξ
184 1580 359 1616 ἀνθρωπίνων
388 1579 616 1615 παραδειγμάτων
642 1578 700 1607 υἱοῦ
734 1578 781 1605 καὶ
807 1579 910 1614 πατρὸς

128 1628 254 1662 εἰλήφασι
276 1627 325 1658 τὰς
342 1627 401 1652 κατ’
419 1625 514 1660 αὐτῶν,
528 1624 697 1657 ἀποδείξεις,
717 1624 909 1660 ὲξαιρουμένου

127 1675 223 1701 τούτου
238 1673 358 1709 (89),,ὃτι
377 1671 413 1707 μὴ
423 1673 460 1704 ὡς
471 1671 613 1707 ἅνθρωπός
630 1672 703 1698 ἐστιν
717 1672 731 1698 ό
746 1671 821 1702 Θεὸς,
844 1670 910 1705 μηδὲ

127 1720 166 1752 ὡς
178 1719 332 1755 ἀνθρωπίνη
347 1719 422 1754 γονὴ,
436 1718 522 1750 οὕτως
532 1718 627 1753 ἐστὶνὴ
638 1717 684 1744 τοῦ
696 1717 760 1744 Υἱοῦ
775 1718 909 1752 γέννησις,

129 1765 232 1797 ἀλλ’ὡς
247 1766 263 1800 ὴ
278 1765 336 1800 Θεῷ
347 1765 498 1801 πρέπουσα,
512 1765 558 1791 καὶ
573 1765 644 1799 ἡμᾶς
661 1764 816 1799 ἁρμόζουσα
831 1765 909 1791 νοεῖν.

128 1813 185 1839 Καὶ
199 1812 253 1848 γὰρ
264 1813 310 1838 καὶ
325 1812 415 1846 πηγὴν
434 1811 560 1847 εἰρήκασι
576 1811 621 1837 τὸν
634 1811 744 1845 Πατέρα
756 1812 804 1845 τῆς
816 1810 912 1844 σοφίας

129 1860 237 1894 καὶτῆς
251 1859 334 1893 ζωῆς,
348 1858 392 1884 τὸν
407 1858 433 1884 δὲ
447 1858 509 1884 Υἰὸν
521 1857 690 1892 ἀπαύγασμα
707 1856 795 1891 φωτὸς
814 1856 910 1889 ἀϊδίου,

129 1906 178 1932 καὶ
193 1905 272 1931 αὐτὸν
288 1903 355 1931 εἶναι
368 1905 398 1930 τὸ
418 1905 449 1929 ἐκ
462 1903 510 1938 τῆς
534 1903 624 1938 πηγῆς
641 1903 762 1938 γέννημα
784 1902 910 1936 λέγοντο.⁵

131 1961 142 1978 ι
163 1951 233 1985 Ἐγώ
248 1952 304 1986 είμι
322 1950 375 1986 (90)
395 1951 412 1985 ὴ
425 1949 491 1984 ζωὴ,
505 1959 514 1975 ι
527 1950 584 1981 καὶ,
595 1959 604 1974 ‹
623 1948 691 1983 Ἐγὼ
707 1948 822 1984 η’Σοφία
849 1956 912 1975 κατρ

128 1997 272 2033 εσκήνωσα
293 1987 434 2032 gentm.»
466 1995 503 2022 Τὸ
519 1995 547 2021 δὲ
568 1996 600 2022 ἐκ
625 1995 711 2029 φωτὸς
734 1995 911 2030 ἀπαύγασμα,

128 2044 177 2071 καὶ
191 2044 223 2071 ἐκ
234 2043 324 2078 πηγῆς
339 2042 471 2077 γέννημα,
488 2041 534 2068 καὶ
551 2042 582 2068 ἐκ
595 2041 700 2077 Πατρὸς
711 2041 786 2074 Υἱδν,
804 2041 862 2073 πῶς
881 2040 913 2067 ἄν

128 2099 172 2122 τις
190 2090 362 2126 ἁρμοζόντως
384 2088 543 2124 ὀνομάσειεν
566 2088 583 2122 ἢ
598 2087 755 2122 ὁμοούσιον;
782 2085 845 2121 'Ap‘
867 2084 913 2112 οὖν

131 2136 169 2172 μὴ
183 2156 190 2168 ,
205 2135 299 2170 ἐπειδὴ
321 2135 355 2161 τὰ
377 2134 407 2166 ἐξ
430 2133 580 2169 ἀνθρώπων
602 2133 758 2168 γεννήματα
785 2132 914 2167 όμοούσιά

129 2183 214 2214 ἐστιν,
230 2179 399 2208 εὐλαϐεῖσθαι
417 2181 457 2207 δεῖ
472 2180 508 2215 μὴ
520 2179 567 2206 καὶ
583 2180 596 2205 ὁ
606 2179 680 2211 Υίὸς,
691 2178 835 2214 λεγόμενος
845 2179 911 2213 ὁμο-

961 1594 1070 1615 versum
1088 1586 1149 1614 illos
1169 1589 1327 1620 argumenta
1340 1584 1454 1612 mutuati
1488 1581 1561 1617 sunt,
1585 1584 1635 1611 hac
1650 1588 1741 1611 tamen

960 1631 1128 1665 exceptione,
1143 1629 1214 1664 quod
1230 1629 1301 1660 Deus
1315 1636 1368 1656 non
1387 1628 1422 1656 sit
1439 1633 1469 1656 ut
1479 1629 1571 1662 homo,
1586 1636 1674 1664 neque
1688 1629 1741 1656 hu-

961 1678 1034 1706 mani
1051 1677 1132 1713 604
1147 1681 1241 1712 partus
1257 1676 1351 1703 similis
1378 1676 1414 1704 sit
1438 1675 1500 1703 Filii
1523 1674 1669 1712 generatio,
1694 1676 1742 1704 sed

963 1723 1024 1750 talis
1037 1722 1071 1749 sit
1083 1722 1172 1756 qualis
1185 1721 1240 1749 Deo
1252 1721 1388 1754 convenit,
1405 1725 1431 1748 et
1448 1729 1463 1748 a
1473 1721 1553 1749 nobis
1566 1721 1678 1760 intelligi
1693 1722 1741 1749 de—

962 1769 1017 1796 bet.
1030 1767 1097 1794 Nam
1116 1773 1142 1794 et
1152 1767 1258 1794 Patrem
1276 1766 1375 1794 fontem
1400 1767 1539 1802 sapientiae
1557 1768 1650 1795 dixere
1661 1772 1743 1802 atque

962 1813 1034 1846 \‘itze,
1045 1812 1143 1840 Filium
1153 1820 1216 1840 vero
1230 1812 1401 1847 splendorem
1416 1817 1523 1840 aeternae
1544 1813 1623 1846 lucis,
1636 1813 1742 1848 ipsum-

962 1866 1015 1893 que
1025 1866 1085 1886 esse
1097 1857 1179 1885 fontis
1195 1864 1312 1893 partum,
1325 1858 1371 1892 qui
1390 1858 1443 1885 ait:
1456 1867 1465 1883 ι
1478 1857 1533 1894 Ego
1549 1866 1609 1886 sum
1624 1859 1679 1886 vita
1689 1859 1739 1891 ⁸⁸.»

961 1910 998 1938 ct,
1013 1915 1021 1931 ι
1035 1904 1090 1940 Ego
1107 1904 1244 1939 Sapientia
1258 1905 1350 1931 habito
1360 1902 1392 1932 'in
1405 1905 1519 1932 consilio
1537 1905 1586 1932 ".t
1602 1904 1686 1932 Porro
1700 1905 1742 1933 lu-

962 1952 1002 1979 cis
1013 1951 1194 1986 splendorem,
1209 1950 1294 1978 fontis
1315 1955 1434 1985 partum,
1449 1951 1538 1978 Patris
1551 1950 1662 1984 Filium,
1674 1959 1743 1986 quo-

962 1997 1044 2028 modo
1059 2001 1120 2032 apte
1144 1997 1337 2028 nominaveris,
1367 1998 1438 2030 nisi,
1465 1997 1743 2025 consubstantialem?

947 2043 1078 2078 .Ergone,
1090 2051 1151 2070 cum
1161 2043 1301 2070 hominum
1316 2044 1405 2079 proles
1427 2044 1547 2078 ejusdem
1563 2044 1598 2072 sit
1615 2044 1742 2072 substan-

963 2090 1017 2122 tiae,
1034 2097 1131 2117 cavere
1141 2093 1255 2124 oportet,
1269 2097 1302 2117 ne
1330 2090 1353 2117 is
1374 2090 1421 2125 qui
1443 2089 1529 2117 Filius
1552 2089 1662 2124 dicitur,
1676 2097 1742 2118 con-

964 2136 1149 2164 substantialis
1164 2142 1191 2163 et
1211 2137 1269 2172 ipse
1290 2137 1457 2170 nominetur,
1478 2141 1508 2165 ut
1523 2137 1664 2165 hominum
1677 2145 1742 2172 pro-

964 2182 1002 2210 les
1018 2192 1025 2209 :
1044 2182 1135 2209 absit!
1152 2189 1322 2217 nequaquam
1346 2188 1376 2210 se
1398 2183 1435 2210 ita
1453 2190 1497 2210 res
1510 2181 1601 2210 habet.
1621 2182 1672 2210 Sed
1690 2183 1742 2210 hoc

129 2228 230 2260 ούσιος,
244 2227 384 2263 νομισθείη
392 2228 439 2253 καὶ
450 2226 529 2258 αὐτὸς
544 2226 581 2258 ὡς
595 2225 764 2260 ἀνθρώπινον
776 2225 909 2260 γέννημα;

962 2227 1041 2255 facile
1057 2227 1185 2260 solvitur;
1207 2226 1293 2255 Filius
1307 2229 1406 2263 quippe
1429 2227 1548 2255 Verbum
1564 2231 1592 2255 et
1606 2228 1741 2262 Sapientia

132 2275 169 2310 μὴ
183 2274 301 2309 γένοιτοῐ
320 2275 369 2300 οὐκ
386 2273 458 2300 ἐστιν
467 2273 562 2305 οὕτως.
585 2271 664 2298 Ἀλλὰ
679 2272 726 2298 καὶ
738 2272 847 2306 ταχεῖαν
857 2271 913 2306 εχει

129 2321 179 2356 τὴν
192 2320 268 2347 λύσιν
279 2319 374 2347 τοῦτον
385 2319 470 2354 Λόγος
483 2319 537 2354 γάρ
555 2319 612 2345 ἐστι
629 2318 676 2345 καὶ
691 2318 777 2352 Σοφία
796 2318 842 2345 τοῦ
856 2318 914 2344 Πα-

129 2375 193 2403 τρος
206 2367 221 2393 ὁ
233 2366 297 2398 Υἱός
308 2375 315 2382 '
329 2366 360 2398 ἐξ
372 2362 408 2393 ὧν
424 2365 454 2392 τὸ
473 2364 576 2396 ἀπαθὲς
594 2364 641 2391 καὶ
653 2363 684 2390 τὸ
696 2364 844 2400 ἀμέριστον
864 2363 914 2398 τῆς

130 2414 163 2440 ἑκ
176 2412 222 2440 τοῦ
234 2412 339 2448 Πατρὸς
351 2412 503 2448 γεννήσεως
513 2410 683 2447 γνωρίζεται.
697 2410 782 2444 Λόγος
789 2410 843 2446 γὰρ
854 2409 915 2436 οὐδὲ

168 2481 191 2497 ⁸⁸
205 2480 284 2509 Ιοιιη,
301 2489 355 2514 xiv,
373 2481 399 2508 6.
454 2479 477 2496 "
493 2480 572 2507 Prov.
588 2487 646 2513 vui,
665 2479 709 2506 l2.

168 2538 223 2574 (85)
239 2538 284 2566 Sic
296 2538 453 2565 Felekman.
466 2538 493 2570 3,
505 2544 585 2572 quem
601 2536 751 2571 sequimur.
767 2535 796 2563 ln
810 2535 913 2564 caeteris

130 2578 159 2602 et
174 2575 264 2604 editis,
280 2574 331 2609 χρὴ
345 2574 526 2609 desideratur.

137 2611 139 2613 ’
168 2608 224 2642 (84)
241 2607 363 2636 Τειίεξὸει
379 2609 405 2635 in
418 2607 491 2634 Felr.
506 2608 532 2634 5.

168 2640 224 2678 (83)
241 2643 285 2670 Sic
299 2642 365 2678 Reg.
378 2648 404 2669 et
417 2642 489 2669 Felc.
503 2642 530 2669 5.
543 2641 576 2678 In
590 2640 671 2668 editis
687 2648 751 2678 vero
764 2648 811 2666 του
811 2640 910 2678 _(leest.

131 2675 329 2706 Existimat-unt
341 2675 479 2708 'nonnulli,
495 2684 555 2712 qua:
570 2677 695 2712 legunto}
710 2675 791 2712 infra,
811 2675 848 2701 Τὸ
864 2676 912 2712 μὲν

131 2714 187 2748 γὰρ
200 2714 290 2748 ὅμοιον
305 2712 383 2748 μόνον
397 2710 579 2748 λέγειν,ὀιε.,
594 2710 656 2748 esse
669 2710 911 2748 Basilii_A_ncyraui

130 2745 230 2780 {milia}
244 2747 292 2775 sed
304 2745 336 2774 ex
351 2745 585 2782 consequentibus
595 2746 677 2782 liquet
689 2745 910 2782 csse_Athanasii.

167 2782 222 2818 (86)
238 2783 307 2809 Felc.
318 2783 344 2814 5,
359 2780 460 2818 ξμοιον,
472 2782 551 2818 male.
561 2780 622 2818 Mox
633 2780 812 2818 idem,_p.dv9v.
827 2784 909 2814 recte,

131 2815 218 2852 atque
232 2817 268 2844 ita
281 2817 346 2852 legit
358 2815 491 2844 Nannius.
507 2815 840 2852 Caterietgediti,p6vog.

169 2849 226 2888 (87)
239 2849 420 2886 Εὰίι.Ῥ.ιιι-ἱε,,
435 2851 596 2887 όμοιούς.ον.
608 2850 680 2880 Edit.
695 2850 802 2883 Colon.,
815 2849 909 2885 ὀμοοὺ-

963 2280 1004 2301 est
1018 2272 1117 2306 Patris,
1134 2273 1234 2308 quibus
1263 2273 1352 2301 Patris
1375 2274 1574 2308 generationem
1589 2273 1742 2308 impassibi-

963 2320 1015 2347 lem
1027 2323 1054 2347 et
1073 2319 1215 2347 indivisam
1228 2327 1288 2346 esse
1302 2319 1479 2353 significatur.
1504 2318 1571 2346 Nam
1594 2326 1630 2346 ne
1653 2318 1741 2345 homi-

962 2373 1028 2393 num
1041 2365 1149 2401 quidem
1159 2365 1270 2392 verbum
1294 2372 1358 2399 pars
1374 2372 1466 2392 eorum
1491 2369 1542 2397 est,
1564 2372 1652 2399 neque
1680 2371 1740 2391 cum

963 2411 1080 2447 quadam
1092 2410 1219 2446 passione
1236 2411 1270 2438 ab
1281 2410 1333 2438 illis
1346 2410 1483 2445 procedit;
1500 2409 1599 2437 nedum
1619 2408 1667 2436 Dei
1681 2408 1740 2436 Ver-

964 2543 1028 2561 σιον.
1042 2534 1078 2561 At
1089 2533 1153 2561 edit.
1162 2532 1294 2560 Commel.
1304 2536 1331 2560 et
1338 2540 1404 2561 mss.
1414 2539 1518 2565 omnes,
1526 2529 1702 2566 ὁμοιοούσιον,
1715 2533 1740 2557 et

963 2571 1003 2597 sic
1017 2570 1100 2604 paulo
1115 2569 1184 2596 inl'ra
1200 2569 1340 2604 brisrtertte.

997 2601 1054 2638 (38)
1072 2604 1183 2638 Regius,
1199 2603 1229 2629 τὸ
1243 2602 1337 2638 ὲκντῆς
1351 2601 1454 2638 οὐσίας,
1469 2601 1550 2638 male:

999 2634 1185 2675 (897)77Felvc.75,
1199 2634 1342 2675 meum
1367 2637 1437 2664 idem
1457 2643 1519 2663 cum
1543 2634 1622 2670 Reg.,
1639 2635 1710 2661 tactv
1725 2635 1740 2661 ὁ

961 2672 1132 2706 Θεός.Ἐι1ἱιί,
1148 2674 1220 2699 ὲσ-ιιν
1234 2674 1247 2699 ὁ
1261 2672 1335 2703 Υἱός.

997 2705 1054 2745 (90)
1068 2708 1157 2735 Editio
1170 2707 1395 2745 _Comm_eliniana,
1409 2706 1434 2745 εἰ
1452 2705 1658 2745 μὴηῐηειιᾶοεος
1683 2705 1739 2745 εζμι

962 2740 1088 2779 sequens,
1106 2743 1177 2778 quod
1196 2743 1222 2769 in
1239 2742 1319 2769 editis
1335 2746 1397 2768 ante
1412 2742 1429 2776 ἡ
1447 2740 1525 2775 σοφία
1539 2740 1683 2775 legebatur,
1693 2740 1740 2765 de-

962 2780 1044 2806 intum
1061 2783 1103 2806 est
1120 2778 1148 2805 il
1175 2777 1252 2810 Reg.,
1266 2783 1292 2804 et
1309 2781 1381 2805 recte
1396 2776 1515 2810 quidem.
1538 2775 1648 2809 Ibidem,
1674 2783 1739 2800 κατ-

962 2780 1044 2806 Ιιιιυιιι
1061 2783 1103 2806 est
1120 2780 1148 2805 il
1175 2780 1252 2812 ﬂeg.,
1266 2783 1292 2804 et
1309 2781 1381 2805 recte
1396 2780 1515 2810 quidem.
1538 2780 1648 2809 Ibidem,

961 2815 1103 2850 εσκήνωσα
1116 2813 1213 2849 βουλήν
1225 2813 1301 2841 deest
1315 2812 1342 2840 in
1357 2811 1429 2839 Felc.
1443 2811 1469 2838 5.
