1977 3039
73 134 125 163 775

757 151 761 154 -
779 137 823 167 DE
842 137 995 166 SYNODlS.

1640 139 1689 165 7η

70 194 166 230 ὥσπερ
179 195 257 230 ἡμεῖς
276 195 367 229 ἐσμεν,
388 195 568 230 χωριζόμενός
590 198 646 223 ἐστι
675 195 721 223 τοῦ
737 197 853 232 Πατρόςσ

909 201 964 224 tum
976 204 1036 224 esse
1047 217 1054 229 ,
1070 197 1128 230 sed,
1143 202 1206 225 'cum
1224 205 1256 224 ex
1272 197 1332 232 ipso
1351 197 1396 230 sit,
1412 196 1509 224 Filium
1521 203 1582 225 esse
1593 196 1691 224 indivi-

69 239 128 266 ἀλλ’
139 239 177 270 ὡς
191 239 220 272 ἐξ
232 239 312 266 αὐτοῦ
329 238 389 272 Υἱὸς
401 241 552 277 ἀδιαίρετος
569 243 696 277 ὑπάρχει,
707 242 744 274 ὡς
758 242 815 269 ἔστι
826 243 857 269 τὸ

69 284 243 319 ἀπαύγασμα
258 285 324 321 πρὸς
331 285 362 312 τὸ
379 286 445 320 φῶς·
458 287 565 322 ἔχοντες
583 288 610 314 δὲ
627 289 673 315 καὶ
684 287 719 314 τὰ
728 288 782 314 τῶν
793 289 857 324 περὶ

67 329 208 357 Διονύσιον
219 331 434 366 παραδείγματα,
446 330 495 368 τὴν
507 332 596 368 πηγὴν
610 334 656 359 καὶ
672 333 720 369 τὴν
730 334 795 370 περ).
809 334 856 360 τοῦ

70 376 214 411 ὀμοουσίου
225 376 381 410 ἀπολογίαν,
407 376 460 413 πρὸ
474 378 502 404 δὲ
525 376 626 405 τούτων
642 378 691 414 τὴν
705 379 751 406 τοῦ
766 380 857 415 Σωτῆ-

71 429 117 457 ρος
131 422 233 456 ξνοειδῆ
251 423 353 458 φωνήν
367 432 376 448 ι
397 423 466 458 Ἐγὼ
479 423 525 450 καὶ
554 425 568 451 6
584 424 677 461 Πατὴρ
698 425 727 451 ἓν
744 426 854 461 ἐσμεν»

70 467 127 499 καὶ,
143 475 152 493 ι
170 467 198 494 '0
211 467 341 503 ἑωρακὼς
353 468 403 503 ὲμὲ
419 469 523 505 ἑώρακε
540 470 585 496 τὸν
598 470 716 506 Πατέρα-
736 481 745 496 ι
763 471 857 498 τούτου

70 513 162 539 ἕνεκεν
189 513 300 544 εἰκότως
327 513 453 549 εἰρήκασι
479 515 526 541 καὶ
551 516 628 542 αὐτοὶ
647 515 788 551 ὁμοούσιον
812 517 858 544 τὸν

70 559 143 585 Υἱὸν.
162 559 216 585 Καὶ
226 559 329 595 ὥσπερ,
354 559 424 586 καθὰ
438 561 577 596 προεῖπον,
595 561 644 588 οὐκ
666 561 698 589 ἄν
715 571 757 593 τις
771 562 858 589 αἰτιά-

71 612 146 631 σαιτο
158 604 202 631 τὺν
224 605 393 637 Ἀπόστολον,
412 606 436 632 εί
458 607 521 642 περὶ
539 606 584 633 τοῦ
601 602 683 642 νόμου
713 607 857 643 Ῥωμαίοις

71 651 120 686 μὲν
135 650 230 683 οὕτως,
249 650 382 686 Ἑϐραίοις
410 652 438 679 δὲ
463 652 549 684 οὕτως
571 652 684 688 ἑγραψε-
717 653 762 680 τὸν
777 652 857 680 αὑτὸν

69 697 169 732 τρόπον
182 697 241 723 οὔτε
257 698 281 723 οί
296 697 343 725 νῦν
358 699 414 730 τοῖς
436 699 578 735 προτέροις
600 699 785 733 ὲγκαλέσαιεν,
799 698 858 735 βλέ-

70 748 165 776 ποντες
180 744 267 770 αὐτῶν
281 743 329 779 τὴν
354 744 508 780 ἑρμηνείαν·
521 744 582 772 οὔτε
599 746 622 772 οἱ
646 744 774 781 πρότεροι
795 746 858 778 τοὺς

73 791 133 826 μετ’
148 791 246 822 αὐτοὺς
271 790 472 825 μέμψαιντ¹ἂν,
498 791 614 826 ὁρῶντες
637 791 686 827 τὴν
712 791 858 827 ἑρμηνείαν

69 835 169 867 αὐτῶν,
185 837 231 862 καὶ
249 836 296 872 τὴν
322 837 415 872 χρείαν
433 837 466 863 δι’
485 837 517 872 ἣν
540 837 625 869 οὕτως
651 837 772 872 ἔγραψαν
795 838 858 873 περὶ

69 882 117 909 τοῦ
131 882 245 917 Κυρίου.
260 882 314 909 Καὶ
339 883 395 918 γὰρ
409 883 457 909 καὶ
475 883 524 918 τὴν
553 883 641 910 αἰτίαν
670 883 771 918 ἑκάστη
794 883 857 910 σὺν·
874 876 894 903 Β

67 927 128 959 οδος
139 927 194 963 (14)
214 927 321 962 εὔλογον
335 928 401 963 ἔχει,
418 927 450 954 δι’
467 929 500 964 ἦν
516 929 540 955 οἱ
554 929 601 964 μὲν
619 928 713 960 οὕτως,
734 930 758 955 0i
771 929 799 955 δὲ
814 928 859 955 οὖ-

67 982 122 1005 τως
138 973 288 1009 εἰρήκασιν.
309 973 417 1010 Ἐπειδὴ
446 974 499 1010 γὰρ
522 975 535 1000 6
561 975 733 1009 Σαμοσατεὺς
751 974 858 1010 ἐφρόνει

71 1020 108 1055 μὴ
122 1017 192 1046 εἶναι
208 1019 261 1056 πρὸ
275 1019 381 1055 Μαρίας
396 1020 441 1046 τὸν
469 1020 542 1051 Υἱὸν,
567 1020 622 1047 ἀλλ’
636 1021 682 1046 ἀπ’
707 1020 792 1055 Αὐτῆς
808 1021 858 1055 ἀρ-

68 1065 120 1100 χὴν
135 1065 278 1101 ἐσχηκέναι
293 1066 340 1092 τοῦ
356 1064 435 1097 εἶναι,
459 1065 552 1092 τούτου
570 1065 661 1092 ἕνεκεν
676 1066 700 1091 οί
717 1066 776 1092 τότε
798 1074 859 1092 συν-

69 1111 202 1142 ελθόντες.
221 1111 343 1137 καθεῖλον
367 1111 414 1146 μὲν
434 1110 513 1137 αὑτὸν
529 1111 576 1137 καὶ
598 1111 732 1146 αἱρετικὸν
752 1111 859 1146 ἀπέφη-

69 1165 128 1182 ναν·
142 1157 205 1189 περὶ
217 1156 243 1181 δὲ
255 1156 303 1191 τῆς
318 1155 364 1182 τοῦ
382 1154 446 1182 Υἱοῦ
457 1155 586 1191 θεότητος
597 1156 780 1192 ἁπλούστερον
791 1157 859 1191 γρά-

70 1210 176 1236 φοντες,
187 1202 215 1227 οὐ
227 1201 400 1235 κατεγένοντο
413 1201 476 1237 περὶ
492 1201 540 1237 τὴν
559 1201 605 1227 τοῦ
627 1202 767 1236 δμοουσίου
785 1203 858 1239 ἀκρί-

70 1247 148 1273 δειαν
172 1247 244 1282 (lii),
274 1247 330 1273 ἀλλ’
355 1247 439 1279 οὕτως
467 1247 505 1279 ὼς
535 1247 692 1282 ὲξειλὴφασι
724 1248 786 1283 περὶ
811 1247 857 1274 τοῦ

70 1293 211 1328 ὁμοουσίου
226 1293 361 1328 εξρὴκασι,
382 1294 437 1329 Τὴν
453 1293 579 1328 φροντίδα
594 1294 647 1329 γὰρ
669 1292 740 1329 εἶχον
754 1295 857 1326 πᾶσαν,

70 1338 139 1374 ἔπερ
152 1339 297 1374 ἐπενόησεν
320 1340 334 1365 6
366 1340 549 1374 Σαμοσατεὺς,
567 1339 681 1370 ἀνελεῖν,
712 1339 759 1365 καὶ
774 1340 858 1373 δεῖξαι

69 1383 126 1418 πρὸ
142 1384 249 1410 πάντων
267 1381 336 1410 εἶναι
347 1384 391 1410 τὸν
402 1384 473 1416 my,
487 1385 533 1411 καὶ
549 1385 590 1410 ὅτι
603 1383 652 1411 οὐκ
667 1384 695 1418 ἐξ
710 1384 858 1420 ἀνθρώπων

69 1427 167 1462 γέγονε
187 1428 263 1460 Θεὸς,
284 1428 360 1461 ἀλλὰ,
376 1429 441 1460 Θεὸς
454 1427 502 1461 ὢν,
523 1429 666 1456 ἐνεδύσατο
685 1429 778 1456 δούλου
794 1439 859 1466 μορ-

69 1473 136 1508 φὴν,
150 1473 198 1499 καὶ
209 1473 294 1507 Λόγος
308 1473 355 1506 ὢν,
367 1473 460 1508 γέγονε
485 1472 562 1509 σὰρξ,
590 1472 627 1505 ὡς
650 1473 725 1500 εἶπεν
739 1475 753 1500 ὁ
770 1475 860 1501 Ἰωάν-

68 1527 131 1554 νης¹
147 1519 193 1545 καὶ
204 1518 275 1555 οὕτω
286 1519 334 1554 μὲν
352 1519 421 1545 κατὰ
437 1519 486 1554 τῆς
496 1519 550 1554 (16)
567 1519 740 1555 βλασφημίας
755 1520 858 1547 Παύλου

69 1566 237 1601 πέπρακται.
261 1566 368 1601 Ἐπειδὴ
394 1566 421 1592 δὲ
445 1567 492 1593 καὶ
521 1567 545 1592 οἱ
574 1568 638 1602 περὶ
667 1567 794 1594 Εὑσὲϐιον
812 1568 859 1594 καὶ

71 1612 182 1646 Ἀρειον
194 1612 246 1647 πρὸ
268 1612 371 1647 χρόνων
385 1612 434 1647 μὲν
460 1611 529 1638 εἶναι
552 1613 597 1639 τὸν
614 1613 676 1638 Υίὸν
695 1613 797 1646 ἔλεγον,
813 1623 860 1640 πε-

68 1653 200 1688 ποιῆσθαι
217 1654 317 1689 μέντοι,
334 1655 380 1680 καὶ
392 1654 440 1681 ἕνα
457 1655 511 1680 τῶν
532 1655 688 1690 κτισμάτων
707 1655 787 1681 αὑτὸν
806 1656 859 1682 ἐδί-

68 1700 181 1731 δασκον,
197 1699 244 1726 καὶ
256 1700 296 1731 τὺ,
310 1700 342 1726 ἐκ
353 1699 399 1726 τοῦ
412 1699 490 1732 Θεοῦ,
513 1701 562 1735 οὐχ
578 1700 615 1732 ὡς
633 1701 695 1726 mw
707 1701 738 1727 ἐκ
754 1701 860 1736 Πατρός

69 1746 192 1780 γνήσιον,
210 1745 360 1772 ἐπίστευον·
375 1745 431 1772 ἀλλ’
444 1746 482 1777 ὼς
497 1746 532 1772 τὰ.
557 1745 704 1781 κτίσματα·
720 1746 791 1773 οὕτω
804 1746 859 1782 (17)

69 1791 120 1818 καὶ
139 1791 181 1817 ἐπ’
198 1791 280 1817 αὑτοῦ
295 1791 325 1817 τὸ
348 1791 380 1817 ὲκ
404 1791 451 1818 τοῦ
478 1791 545 1818 Θεοῦ
560 1790 629 1818 εἶναι
652 1791 858 1819 διεόεόαιοῦντο·

68 1837 121 1872 τήν
135 1844 166 1863 τε
191 1836 240 1871 τῆς
261 1836 416 1870 ὁμοιώσεως
434 1836 546 1871 ἑνότητα
571 1837 617 1863 τοῦ
640 1837 704 1863 Υἱοῦ
720 1837 861 1876 (18),πρὺς

69 1882 117 1908 τὸν
130 1881 240 1916 Πατέρα
257 1882 306 1908 ιὲῦκ
325 1881 416 1916 ἔλεγον
433 1882 503 1908 κατὰ
523 1883 571 1917 τὴν
586 1883 687 1914 οὐσίαν,
710 1883 768 1909 οὐδὲ
791 1883 860 1910 κατὰ

67 1928 122 1961 τὴν
142 1926 232 1961 φύσιν,
246 1927 282 1958 ὡς
296 1927 368 1953 ἐστιν
381 1927 438 1958 υἱὸς
453 1927 543 1962 ὅμοιος
556 1927 652 1962 Πατρὶ,
675 1927 741 1954 ἀλλὰ
753 1927 795 1954 διὰ
812 1928 859 1964 τὴν

71 1973 233 2007 συμφωνίαν
249 1972 302 1998 τῶν
314 1973 455 2008 δογμάτων
473 1973 519 1999 καὶ
530 1972 579 2007 τῆς
592 1972 774 2004 διδασκαλίας·
793 1973 860 1999 ἀλλὰ

69 2018 128 2054 γὰρ
140 2019 186 2045 καὶ
199 2017 386 2053 ἀπεσχοίνιζον
401 2018 448 2044 καὶ
466 2017 643 2050 ἀπεξενοῦντο
657 2012 710 2053 (19)
723 2018 860 2049 παντελῶς

69 2064 122 2101 τὴν
135 2064 228 2090 οὐσίαν
239 2063 285 2090 τοῦ
303 2063 366 2090 Υίοῦ
377 2065 430 2091 ἀπὸ
443 2065 489 2091 τοῦ
504 2065 610 2100 Πατρὸς
620 2085 626 2095 ,
652 2065 749 2100 ἑτέραν
775 2065 859 2099 ἀρχὴν

70 2108 149 2143 αὐτῷ
163 2108 209 2135 τοῦ
225 2106 294 2135 εἶναι
317 2108 391 2146 παρὰ
405 2109 450 2136 τὸν
482 2110 589 2144 πατέρα
608 2108 777 2140 ἐπινοοῦντες
792 2108 858 2142 (‘20),

71 2155 122 2182 καὶ
136 2155 176 2186 εἰς
188 2154 222 2181 τὰ
233 2155 368 2190 κτίσματα
382 2155 581 2191 καταφέροντες
595 2154 686 2181 αὐτόν·
700 2154 794 2181 τούτου
811 2153 860 2188 χά-

73 2210 118 2236 ριν
128 2201 152 2227 ot
167 2202 196 2227 ἐν
208 2201 310 2236 Νικαίᾳ
327 2200 508 2233 συνελθόντες,
522 2200 708 2236 θεωρήσαντες
723 2201 772 2236 τὴν
791 2209 858 2227 ποιν-

71 2246 188 2280 ουργίαν
215 2245 268 2271 τῶν
285 2244 356 2271 οὓτω
383 2244 563 2280 φρονούντων,
585 2245 630 2271 καὶ
653 2244 707 2279 (21)
740 2252 860 2278 συναγα-

71 2291 169 2325 γόντες
186 2291 218 2317 ἐκ
231 2290 284 2316 τῶν
297 2291 315 2316 Γ
318 2290 410 2326 ραιρῶν
423 2290 471 2325 τὴν
482 2290 609 2322 διάνοιαν,
620 2290 778 2326 λευκότερον
792 2290 861 2326 γρά-

72 2345 181 2371 φοντες,
194 2337 318 2371 εἰρήκασι
340 2337 370 2363 τὸ
398 2337 547 2371 ὁμοούσιον·
566 2337 610 2364 ἴνα
639 2337 685 2363 καὶ
701 2336 731 2362 τδ
750 2335 860 2371 γνήσιον

72 2381 183 2417 ἀληθῶς
194 2383 226 2408 ἐκ
237 2382 331 2408 τούτου
346 2382 452 2417 γνωσθῇ
465 2381 511 2408 τοῦ
525 2381 599 2414 Υἱοῦ,
614 2382 661 2408 καὶ
677 2381 758 2417 μηδὲν
773 2380 860 2407 κοινὸν

72 2428 124 2464 ἔχῃ
140 2427 207 2463 πρὸς
221 2427 312 2454 τοῦτον
323 2427 357 2454 τὰ
370 2428 471 2462 γενητά
484 2428 550 2464 (‘22).
572 2427 604 2454 Ἦ
627 2427 680 2462 γὰρ
695 2427 749 2462 τῆς.
762 2426 861 2458 λέξεως

71 2473 178 2509 ταύτης
187 2473 312 2508 ἀκρίϐεια
324 2475 373 2509 τήν
389 2482 418 2500 τε
432 2474 575 2511 ὑπόκρισιν
586 2473 684 2506 αὐτῶν,
697 2472 745 2499 ἐὰν
760 2472 860 2506 λέγωσι

112 2542 134 2558 ⁵⁷
147 2542 226 2568 Joan.
240 2550 267 2574 ι,
285 2542 330 2568 50.
370 2542 392 2558 ⁵³
405 2541 485 2569 Joan.
499 2550 556 2574 xxv,
568 2541 593 2569 9.

111 2597 168 2632 (14)
186 2597 222 2624 Ita
235 2597 409 2625 Felckmanni
425 2599 452 2631 5,
469 2598 582 2633 optime.
597 2596 668 2624 Editi
683 2600 710 2624 et
724 2596 781 2630 alii,
795 2595 860 2623 ἑκά-

74 2641 143 2666 στης
161 2633 282 2659 συνόδου.

111 2667 169 2702 (15)
183 2667 281 2703 ξείειςμ
290 2668 316 2700 5,
329 2667 480 2703 ἀκρίόειιιν.
496 2667 550 2703 Τὴν
567 2666 694 2703 φροντίδα
710 2666 773 2703 γᾴρ,
786 2669 838 2703 etc.

111 2675 169 2702 (Io)
186 2675 281 2694 νειειςκ
290 2675 316 2700 λ’),
329 2675 480 2703 ακριοειαν.
496 2675 550 2703 ἰήν
567 2675 694 2706 φροντιοοι
710 2675 773 2727 γαρ,
786 2675 838 2706 etc.

111 2703 171 2743 (ΗΞ)
181 2702 312 2743 Felck._3_,
327 2703 374 2729 καὶ
385 2702 457 2743 ουτω
469 2703 519 2743 μεν
532 2702 573 2743 τὲιὶ
581 2701 652 2742 κατὰ
664 2709 714 2736 της
729 2701 744 2736 β
764 2721 770 2727 .
790 2701 856 2728 Ibid.

73 2737 254 2773 ροδῑγΠαρλου
268 2738 384 2765 deletum
396 2737 498 2773 aliquid
513 2738 539 2764 in
555 2737 647 2771 Regio.

112 2772 170 2807 (17)
185 2772 274 2799 Felek.
293 2773 320 2804 5,
334 2774 365 2799 ἐκ
388 2770 493 2808 Πατρὺς
514 2773 665 2805 ἐπίστευον,
687 2771 743 2798 ἀλλ’
761 2770 798 2802 ὡς
813 2770 859 2797 ἐπὶ

73 2816 130 2835 των
146 2807 312 2842 κτισμάτων,
331 2807 411 2835 οὕτω.

111 2842 170 2878 (18)
185 2841 274 2869 Felck.
292 2843 318 2874 3,
332 2842 378 2868 τοῦ
395 2843 473 2870 Θεοῦ.
488 2842 548 2870 Mox
568 2842 649 2873 idem,
664 2842 678 2868 ὁ
693 2842 755 2873 Υἱὸς
768 2842 859 2876 ὅμοιος

908 250 980 275 Sum,
994 243 1033 269 uti
1047 251 1076 270 se
1090 243 1171 270 habet
1185 243 1312 278 splendor
1335 251 1398 278 erga
1413 242 1520 276 lucem;
1541 250 1602 270 cum
1625 243 1690 270 item

908 288 960 316 sibi
977 288 1098 317 faverent
1108 289 1230 324 Dionysii
1247 290 1380 325 exempla,
1401 289 1485 316 fontis
1505 289 1608 316 scilicet
1626 296 1689 322 vox,

908 337 935 361 et
954 334 1192 362 consubstantialis
1206 334 1344 368 defensio,
1371 339 1398 363 et
1411 339 1474 362 ante
1494 335 1547 362 ista
1565 342 1616 362 vox
1631 334 1692 362 Sal-

908 379 1010 406 vatoris
1036 379 1117 406 index
1141 379 1269 411 unitatis,
1293 388 1302 405 ι
1321 379 1377 414 Ego
1399 383 1424 406 et
1446 378 1526 406 Pater
1541 386 1626 406 unum
1643 387 1693 406 su—

908 424 997 452 mus”
1008 444 1015 456 ,
1030 433 1039 450 ι
1056 428 1098 457 et,
1113 433 1122 450 (
1135 424 1185 457 Qui
1200 425 1267 451 vidit
1278 433 1321 452 me
1338 425 1441 452 viditet
1453 423 1605 452 Patrem”:
1618 433 1627 450 ι
1649 432 1691 457 ea,

908 469 1032 504 inquam,
1057 469 1090 496 de
1114 469 1280 504 eausa,jure
1292 474 1319 497 et
1339 470 1389 505 ipsi
1400 469 1499 496 Filium
1511 470 1692 497 consubstan-

908 515 1000 541 tialem
1013 514 1151 542 dixerunt.
1165 514 1199 542 Et
1214 515 1296 546 sicut,
1308 520 1338 542 ut
1351 523 1432 549 supra
1445 515 1511 548 dixi,
1529 522 1608 542 nemo
1619 515 1693 549 Apo-

909 561 1008 588 stolum
1024 560 1174 595 culpaverit
1187 561 1259 595 quod
1277 560 1311 588 de
1321 560 1379 596 lege
1392 559 1522 587 Romanis
1537 559 1590 587 hoc
1600 559 1691 591 modo,

907 606 1029 634 Ilebrzeis
1044 607 1097 634 alio
1110 606 1261 642 scripserit,
1276 606 1316 634 sic
1334 613 1383 633 nec
1404 605 1545 640 praesentis
1563 605 1692 639 temporis
1712 631 1718 641 ἱ

909 650 1031 680 homines
1055 653 1160 688 priscos
1186 650 1232 679 illo
1255 651 1389 679 criminati
1412 646 1522 683 fuerint,
1544 651 1567 678 si
1596 658 1692 678 eorum

910 697 1081 726 considerent
1097 698 1362 733 interpretationem;
1376 704 1463 732 neque
1472 696 1554 731 prisci
1569 701 1692 731 posteros

909 744 1132 779 reprehenderint
1143 745 1165 771 si
1177 744 1318 771 advertant
1328 750 1380 778 qua
1396 742 1528 770 sententia
1539 746 1629 776 etquo
1641 749 1691 768 usu

909 793 945 819 ita
959 791 992 818 de
1010 790 1123 818 Domino
1137 791 1314 825 scripserunt.
1332 789 1435 816 Etenim
1448 795 1562 822 utraque
1572 787 1692 822 synodus

909 845 942 864 ex
962 836 1081 871 legitima
1102 844 1184 863 causa
1207 836 1258 863 hoc
1279 835 1360 862 modo
1385 835 1447 866 alia,
1462 835 1516 861 alio
1538 833 1589 860 alia
1604 834 1692 860 locuta

908 887 958 910 est.
983 882 1051 909 Cum
1076 881 1149 908 enim
1172 880 1374 907 Samosatensis
1395 879 1494 906 Filium
1512 878 1624 906 sentiret
1638 885 1691 904 non

908 935 968 955 esse
980 931 1043 954 ante
1058 926 1182 959 Mariam,
1198 927 1243 953 sed
1259 927 1294 953 ab
1306 925 1350 952 illa
1367 925 1472 952 initium
1484 924 1630 952 exsistendi
1646 931 1692 950 ac-

908 973 1022 1008 cepisse,
1040 973 1142 1000 idcirco
1156 972 1277 1007 episcopi
1297 976 1361 998 tunc
1375 971 1530 1006 congregati
1552 971 1627 997 illum
1648 970 1694 996 de-

908 1017 1071 1054 posuerunt,
1091 1023 1118 1046 et
1137 1018 1292 1045 haeretieum
1309 1014 1481 1044 declararunt
1498 1026 1505 1043 :
1520 1016 1553 1043 de
1570 1015 1630 1042 Filii
1645 1023 1694 1042 au-

909 1070 962 1094 tem
979 1065 1120 1093 divinitate
1135 1069 1196 1092 cum
1221 1060 1372 1099 simplicius
1391 1063 1550 1096 scriberent,
1568 1063 1601 1090 ad
1614 1069 1695 1090 act-u-

908 1116 994 1138 ratam
1013 1108 1253 1138 consubstantialis
1278 1108 1527 1144 interpretatibnem
1548 1116 1602 1135 non
1615 1108 1693 1135 deve-

908 1160 1017 1189 nerunt,
1032 1156 1090 1187 sed,
1107 1159 1137 1183 ut
1151 1158 1343 1190 conceperant,
1359 1154 1392 1181 de
1412 1153 1634 1182 consubstantiali
1653 1153 1693 1181 lo-

909 1203 963 1229 cuti
985 1206 1058 1230 sunt.
1077 1200 1143 1229 Tota
1158 1200 1230 1228 enim
1251 1207 1345 1229 eorum
1358 1207 1423 1228 cura
1439 1200 1465 1227 in
1479 1207 1512 1227 eo
1523 1200 1610 1234 posita
1624 1204 1692 1228 erat.

909 1254 938 1276 ut
949 1249 1021 1284 qned
1034 1248 1233 1276 Samosatensis
1243 1251 1414 1275 commentus
1429 1246 1517 1274 fuerat
1532 1250 1693 1278 everterent,

908 1299 934 1321 et
949 1299 1012 1321 ante
1026 1293 1115 1320 omnia
1126 1293 1224 1320 Filium
1248 1300 1309 1320 esse
1322 1292 1500 1323 declararent,
1515 1298 1631 1325 eumque
1647 1299 1695 1318 ne-

908 1348 1045 1375 quaquam
1068 1347 1101 1367 ex
1124 1339 1234 1366 homine
1255 1338 1340 1366 Deum
1357 1336 1458 1366 laetum
1476 1346 1545 1371 esse,
1559 1338 1605 1365 sed
1623 1337 1694 1365 Deus

909 1395 970 1414 cum
987 1390 1069 1417 esset,
1085 1385 1202 1413 l’ormam
1215 1385 1286 1412 servi
1305 1384 1445 1417 induisse,
1461 1388 1560 1411 etcum
1574 1383 1691 1411 Verbum

908 1437 989 1465 esset,
1005 1431 1105 1459 factum
1121 1438 1240 1463 carnem,
1255 1431 1285 1457 ut
1296 1430 1333 1458 ait
1349 1423 1479 1463 Joannes,
1497 1435 1577 1464 atque
1590 1430 1627 1456 ita
1644 1429 1692 1456 ad-

909 1485 1004 1504 versus
1022 1474 1099 1504 Pauli
1119 1476 1314 1510 Llasphemiam
1341 1480 1432 1502 actum
1447 1479 1499 1503 est.
1512 1475 1580 1502 Cum
1603 1479 1693 1502 autem

910 1522 1056 1550 Eusebiani
1077 1526 1104 1550 et
1118 1522 1222 1554 Ariani,
1235 1524 1297 1549 ante
1324 1518 1445 1555 tempora
1465 1520 1574 1555 quidem
1595 1520 1693 1547 Filium

910 1569 995 1596 fuisse
1015 1568 1144 1601 dicerent,
1167 1566 1269 1595 factum
1292 1560 1381 1595 tamen
1405 1566 1500 1599 fuisse,
1522 1575 1555 1594 ac
1576 1574 1658 1594 unam
1678 1575 1694 1594 e

910 1615 1043 1642 creaturis
1064 1623 1126 1642 eum
1142 1622 1203 1642 esse
1218 1614 1356 1646 docerent,
1377 1617 1405 1640 et
1421 1613 1497 1646 illud,
1511 1621 1544 1640 cx
1561 1613 1626 1646 Deo,
1638 1621 1692 1640 non

909 1657 1005 1685 Filium
1018 1666 1050 1685 ex
1062 1658 1143 1686 Patre
1156 1658 1303 1694 genuinum
1316 1664 1377 1685 esse
1388 1657 1548 1691 crederent;
1562 1658 1609 1686 sed
1622 1662 1694 1685 sicut

910 1708 1059 1736 creaturas,
1071 1704 1107 1731 ita
1115 1712 1177 1738 eum
1189 1703 1355 1731 affirmarent
1362 1711 1395 1731 ex
1402 1703 1457 1731 Deo
1470 1711 1548 1732 esse:
1560 1705 1691 1732 unitatem

910 1752 999 1777 autem
1009 1750 1196 1777 similitudinis
1204 1749 1265 1776 Filii
1276 1757 1337 1777 cum
1348 1749 1428 1778 Patre
1435 1749 1558 1777 dicerent
1567 1758 1621 1777 non
1633 1757 1693 1777 esse

910 1794 1058 1821 secundum
1073 1794 1154 1829 607
1170 1794 1363 1828 substantiam,
1375 1802 1426 1822 nec
1441 1795 1591 1822 secundum
1614 1800 1692 1822 natu-

910 1844 980 1870 ram,
995 1840 1222 1874 quemadmodum
1240 1839 1312 1868 ﬁlius
1327 1845 1367 1868 est
1380 1841 1450 1876 patri
1469 1841 1576 1872 similis,
1590 1841 1637 1869 sed
1657 1840 1692 1867 ob

910 1885 999 1912 solum
1025 1885 1181 1919 (logmatum
1209 1885 1392 1920 doctrinaeque
1424 1893 1607 1914 consensum:
1637 1886 1692 1913 imo

910 1938 972 1958 cum
987 1930 1168 1958 substantiam
1182 1930 1244 1957 Filii
1258 1938 1274 1957 a
1295 1930 1376 1958 Patre
1392 1932 1503 1959 omnino
1534 1936 1691 1967 separarent

909 1980 936 2004 et
952 1976 1113 2010 alienarent,
1129 1976 1268 2004 diversum
1288 1984 1303 2003 a
1318 1976 1399 2004 Patre
1413 1977 1521 2004 initium
1541 1977 1629 2012 ipsum
1644 1978 1691 2005 ha-

910 2022 974 2050 bere
986 2023 1142 2055 commenti,
1157 2023 1190 2049 ad
1202 2028 1397 2058 creaturasque
1411 2031 1472 2050 eum
1488 2024 1667 2058 deprimenles
1682 2034 1689 2051 :

909 2069 971 2096 ideo
987 2069 1033 2104 qui
1047 2068 1143 2095 Nicaeae
1167 2068 1323 2104 congregati
1335 2073 1431 2100 erant,
1460 2076 1555 2096 eorum
1579 2070 1626 2104 qui
1653 2070 1690 2097 ita

910 2116 1042 2143 sentirent
1070 2114 1207 2142 vafritiem
1238 2115 1405 2149 conspicati.
1433 2114 1690 2150 Scripturarumque

909 2166 1001 2189 mente
1021 2161 1146 2194 collecta,
1164 2161 1294 2196 liquidius
1313 2161 1449 2196 scripsere
1471 2161 1690 2189 consubstantia-

875 2215 898 2242 ι)
912 2206 963 2234 lem
979 2214 1040 2234 eum
1053 2213 1114 2234 esse
1128 2215 1136 2239 ;
1154 2210 1184 2233 ut
1195 2206 1259 2233 hinc
1271 2214 1335 2233 vera
1347 2211 1374 2233 et
1387 2206 1504 2240 genuina
1520 2206 1581 2233 Filii
1594 2213 1689 2234 natura

911 2252 1052 2287 explorata
1066 2256 1149 2285 esset,
1166 2252 1309 2287 palamque
1326 2251 1396 2279 foret
1414 2252 1520 2286 opiﬁcia
1546 2252 1613 2279 nihil
1630 2260 1690 2280 cum

910 2305 943 2325 eo
966 2304 1110 2324 commune
1138 2297 1248 2324 habere.
1276 2297 1410 2324 Accurata
1426 2296 1498 2324 enim
1514 2296 1597 2331 hujus
1617 2299 1690 2324 vocis

910 2344 991 2375 ratio,
1003 2350 1098 2370 eorum
1120 2343 1244 2377 coarguit
1262 2342 1464 2369 simulationem
1480 2350 1533 2377 qua
1548 2342 1618 2370 hanc
1630 2350 1686 2377 pm
1716 2358 1720 2377 ι

911 2388 1003 2417 ferunt
1014 2396 1118 2422 vocem,
1131 2394 1165 2415 ex
1177 2387 1242 2421 Deo,
1260 2395 1408 2422 omnesque
1423 2394 1516 2414 eorum
1537 2387 1570 2414 ad
1586 2386 1689 2421 simpli;

910 2436 999 2463 ciores
1013 2435 1183 2463 seducendos
1196 2434 1316 2469 argutias
1327 2433 1437 2461 refellit.
1452 2433 1531 2461 Certe
1546 2441 1609 2460 cum
1629 2441 1690 2460 om-
1713 2436 1718 2447 ³

911 2482 955 2509 nia
967 2481 1073 2516 possint
1091 2488 1140 2516 pro
1166 2480 1279 2508 libidine
1294 2479 1509 2515 sophismatibus
1533 2474 1642 2506 eludere
1660 2485 1690 2506 ac

910 2591 1060 2653 τῳιίξςτιθέί

954 2627 1000 2662 19)
1015 2624 1169 2653 Felckman.
1186 2625 1212 2662 55
1225 2624 1379 2662 ᾁπεξένουν.

925 2656 1000 2702 ..(20)
1017 2662 1063 2689 Sic
1075 2661 1140 2702 lies.
1156 2665 1182 2688 et
1190 2660 1266 2702 Felc.
1284 2656 1311 2687 ὃ.
1329 2661 1356 2686 In
1370 2659 1446 2692 edit.,
1459 2658 1505 2685 τοῦ
1519 2656 1587 2687 εἶναι
1602 2660 1687 2687 ὲπινο-

910 2701 1013 2729 οῦντες,
1028 2701 1139 2724 omissis
1158 2701 1273 2723 caeteris.

946 2732 1001 2767 (21)
1017 2732 1063 2767 Sic
1080 2731 1144 2766 Reg.
1159 2731 1284 2767 lnreditis
1294 2737 1359 2767 vero
1372 2730 1422 2767 καί
1433 2730 1516 2767 deest.

945 2764 1001 2802 (22)
1017 2764 1222 2802 FeleknfanLS,
1237 2765 1362 2802 γεννητᾲ.
1374 2764 1451 2802 infra
1473 2765 1542 2802 idem
1565 2764 1690 2802 ὲκ-Θεοῦ,

910 2799 1012 2829 omisso
1026 2801 1151 2828 articulo.
1170 2801 1235 2836 Reg.
1248 2799 1320 2833 mox,
1333 2800 1466 2836 διελέγχῃ.
1481 2799 1579 2836 Ibidem
1592 2799 1691 2836 Regius

910 2843 935 2865 et
946 2837 1112 2865 Basiliensis.
1126 2836 1173 2868 τὰς
1186 2835 1375 2870 πιθανότητας,
1388 2841 1464 2862 artic.
1476 2835 1550 2862 deest
1565 2835 1590 2861 in
1602 2835 1691 2862 editis.
