1977 3039
131 149 184 178 ΤΠ

831 149 875 177 DE
894 149 1044 178 SYNODIS.

1688 156 1740 187 7'18

134 209 316 244 {tubamst
332 210 510 246 πεπείσμεθα,
526 211 566 238 ὅτι
581 211 627 238 καὶ
641 212 655 237 ὁ
669 211 802 247 μακάριος
823 211 895 245 Ἰγνά

962 216 1034 239 recte
1046 212 1198 248 scripsisse,
1214 222 1276 242 cum
1294 215 1369 244 illum
1385 217 1475 246 carnis
1486 225 1568 246 causa
1584 219 1683 247 factum
1699 222 1740 248 di-

129 264 186 288 τιος
205 257 291 293 ὀρθῶς
310 257 421 293 ἔγραψε,
443 258 554 293 γενητὸν
581 257 661 284 αὐτόν
685 258 771 292 λέγων
791 257 835 284 διὰ
862 257 912 292 τὴν

129 301 219 338 σάρκα
231 303 241 338 (
253 303 267 330 ό
281 303 334 339 γὰρ
348 303 464 339 Χριστὸς
481 304 550 340 σὰρξ
569 304 687 340 ἐγένετο)
702 312 709 319 ε
725 304 855 339 ἀγένητον
871 303 909 336 δὲ,

127 348 168 373 ὅτι
186 349 223 383 μὴ
237 348 290 375 τῶν
303 350 462 385 ποιημάτων
477 352 523 377 καὶ
535 350 655 386 γενητῶν
682 351 764 382 ἐστιν,
780 350 837 376 ἀλλ’
847 349 911 382 Υἱὸς

127 394 159 420 ὲκ
173 396 290 431 Πατρός.
306 396 363 422 Οὐκ
379 397 529 432 ἀγνοοῦμεν
553 397 591 430 δὲ,
605 397 646 423 ότι
660 397 706 424 καὶ
730 398 754 423 οἱ
770 397 910 432 είρηκότες

126 443 155 469 ἓν
166 443 196 469 τό
208 443 338 478 ἀγένητον
349 444 404 479 (55)
417 443 462 470 τὸν
478 443 586 480 Πατέρα
601 443 734 478 λέγοντες,
751 444 799 478 οὐχ
809 444 846 475 ὡς
861 452 908 478 γε-

125 488 206 524 νητοῦ
221 489 268 516 καὶ
283 490 435 525 ποιήματος
457 489 532 522 ὄντος
558 489 605 516 τοῦ
621 490 707 524 Λόγου
727 490 813 522 οὕτως
830 490 910 525 ἐγρα-

124 534 189 569 ψαν,
205 534 313 561 ἀλλ’ὅτι
338 535 375 570 μὴ
399 535 454 571 ἔχει
475 535 530 571 (δε)
545 535 590 562 τὸν
617 535 712 562 αῐτιοψ
738 536 784 562 κα³ι
810 537 908 571 μᾶλλον

125 580 207 612 αὐτὸς
219 580 314 616 Πατὴρ
348 581 399 616 μέν
415 581 472 607 ἐστι
491 582 540 617 τῆς
562 583 672 617 Σοφίας,
701 582 734 609 τὰ
762 583 790 609 δὲ
807 582 907 618 γενητὰ

125 627 213 654 πάντα
224 627 252 653 ἐν
267 626 345 663 σοφίᾳ
363 627 506 663 πεποίηκε’
532 628 576 655 διὰ
602 629 628 655 τί
645 629 682 665 μὴ
708 629 755 655 καὶ
776 629 838 661 τοὺς
852 628 906 664 (55)

123 672 257 709 Πατέρας,
277 673 340 705 τούς
360 682 391 700 τε
420 673 465 701 τόν
486 674 643 710 Σαμοσατέα
671 674 842 707 καθελόντας,
860 675 907 701 καὶ

121 719 171 755 τὴν
194 719 333 756 Ἀρειανὴν
345 720 450 756 αἵρεσιν
463 720 698 756 στηλιτεῦσαντας,
714 722 753 754 εἰς
767 721 906 748 εὐσέϐειαν

123 765 282 801 συνάγομεν,
298 765 365 792 ἀλλὰ
379 766 567 802 διαστέλλομεν
580 767 631 794 ἀνὰ
649 768 730 803 μέσον
746 768 844 801 αὐτῶν,
859 769 905 795 καὶ

121 810 152 836 οὑ
172 809 270 846 μᾶλλον
302 810 389 846 ὀρθῶς
416 812 480 847 περὶ
496 812 583 839 αὐτῶν
600 812 769 848 φρονοῦμεν;
786 814 828 840 ὃτι
853 814 904 840 κὰ-

120 857 214 889 κεῖνοι,
230 856 354 892 καθάπερ
369 855 454 891 εἶπον,
469 858 536 894 πρὸς
555 858 586 885 τὸ
603 859 721 895 σόφισμα
740 859 787 886 τοῦ
815 861 903 896 Σαμο-

121 902 232 936 σατέως,
261 904 307 931 καὶ
332 904 380 940 τὴν
409 905 556 941 ἑρμηνείαν
589 905 671 932 αὐτοῦ
704 907 754 941 τὴν
788 906 904 934 διάνοιαν

119 947 235 982 ἔχοντες,
249 949 381 985 ἔγραψαν,
393 951 450 977 Οὐκ
466 951 538 978 ἐστιν
553 951 703 987 ὁμοούσιος·
720 953 766 979 καὶ
776 950 848 980 οὗτοι
864 954 902 986 δὲ,

119 994 209 1026 καλῶς
224 996 377 1030 νοήσαντες,
389 997 531 1032 εἰρήκασιν
542 997 683 1033 ὁμοούσιον
694 996 763 1026 εἶναι
774 999 819 1025 τὸν
828 999 902 1027 Υἱόν.

119 1039 173 1066 Καὶ
185 1041 239 1075 γὰρ
255 1039 331 1075 κάγὼ
351 1041 462 1068 τοιαῦτα
476 1042 527 1077 μὲν
549 1043 617 1070 νοῶν
639 1044 693 1080 (56)
715 1045 777 1080 περὶ
797 1045 850 1072 τῶν
862 1046 904 1071 εὐ-

119 1085 268 1114 σεϐούντων
283 1088 323 1118 είς
338 1087 383 1114 τὸν
406 1089 522 1122 Χριστόν
545 1090 578 1116 δι’
597 1090 693 1124 ὀλίγων
706 1091 820 1126 ἔγραψα·
836 1092 860 1118 εἰ
874 1091 902 1118 δὲ

116 1130 226 1158 δυνατὸν
238 1130 271 1168 ἦν
287 1134 436 1169 εὐπορῆσαι
451 1135 556 1171 καὶτῆς
568 1136 719 1172 ἐπιστολῆς,
738 1137 771 1172 ἢν
781 1137 902 1172 λέγουσιν

117 1178 237 1210 ἐκείνους
253 1179 309 1215 (57)
326 1181 501 1216 γεγραφέναι,
513 1181 632 1218 ἠγοῦμαι
656 1182 764 1215 πλείους
789 1184 902 1220 εὑρεθή-

118 1225 210 1252 σεσθαι
235 1226 283 1257 τὰς
303 1228 462 1262 προφάσεις,
487 1228 522 1254 δι’
541 1228 574 1260 ἃς
601 1229 812 1266 ἡναγκάσθησαν
830 1230 901 1258 οὓτω

116 1270 220 1306 γράψαι
233 1272 257 1297 οἱ
273 1272 400 1308 μακάριοι
416 1274 524 1300 ἐκεῖνοι.
541 1275 586 1300 Δεῖ
599 1274 652 1311 γὰρ
680 1276 754 1311 ἡμᾶς
768 1276 815 1302 καὶ
834 1277 900 1312 πρέ-

116 1325 163 1343 πει
177 1317 287 1345 τοιαῧτα
301 1321 417 1354 φρονεῖν,
427 1319 553 1356 τοιαύτην
566 1330 595 1347 τε
610 1320 705 1353 σώζειν
719 1322 823 1358 ἀγαθὴν
838 1331 900 1350 συν-

116 1362 219 1397 είᾶησιν
235 1363 302 1400 πρὸς
321 1366 384 1397 τοὺς
397 1366 530 1402 Πατέρας,
553 1367 610 1401 εἴγε
629 1368 666 1402 μὴ
678 1367 748 1394 νόθοι
767 1369 898 1404 τυγχάνο-

117 1415 177 1442 μεν,
188 1408 244 1434 ἀλλ’
258 1408 288 1441 ἐξ
300 1409 388 1436 αὐτῶν
401 1410 498 1446 ἔχομεν
523 1411 571 1444 τὰς
585 1412 756 1448 παραδόσεις,
774 1414 819 1440 καὶ
834 1415 898 1450 παρ’

114 1453 205 1479 αὐτῶν
217 1453 266 1490 τὴν
277 1454 326 1490 τῆς
336 1455 475 1487 εὐσεϐείας
489 1455 671 1484 διδασκαλίαν.

150 1495 194 1524 48.
206 1497 322 1533 Τοιαύτη
340 1498 389 1533 μὲν
402 1496 447 1526 οὖν
463 1501 479 1535 ἡ
496 1499 600 1528 διάνοια
611 1501 666 1528 τῶν
677 1502 805 1538 Πατέρων
821 1502 896 1537 λεγέ-

113 1540 171 1568 σθω
186 1542 232 1569 καὶ
247 1544 423 1571 πιστευέσθω.
440 1545 507 1580 Φέρε
520 1545 547 1572 δὲ
563 1546 610 1572 κα)⁸
637 1548 695 1582 μετ’
714 1541 803 1574 αὐτῶν
816 1548 896 1575 πάλιν

112 1587 284 1623 ἐξετάσωμεν
310 1589 340 1616 τὸ
356 1591 471 1626 πρᾶγμα
496 1591 599 1626 πράως,
626 1593 674 1619 καὶ
693 1594 761 1628 μετά
780 1594 896 1629 συνειδή-

113 1641 182 1666 σεως
195 1634 308 1671 ἀγαθῆς,
324 1637 557 1672 μνημονεύσαντες
569 1638 623 1673 (58)
634 1639 680 1665 καὶ
699 1639 752 1666 τῶν
769 1649 894 1676 προειρη-

113 1679 212 1714 μένων·
230 1681 255 1706 et
270 1681 307 1716 μὴ
329 1681 367 1716 τῷ
377 1681 432 1708 ὄντι
446 1682 596 1709 δείκνυνται
610 1683 700 1716 καλῶς
714 1685 895 1720 φρονήσαντες

111 1725 137 1750 οἱ
167 1725 196 1751 ἐν
221 1727 254 1762 τῇ
281 1727 383 1763 Νικαίᾳ
409 1728 579 1760 συνελθόντες
610 1730 764 1758 ἐπίσκοποι.
787 1731 818 1757 Et
845 1731 895 1766 μὲν

111 1770 217 1807 ’ποίημά
231 1774 305 1799 ἐστιν
321 1775 334 1800 ὁ
352 1774 447 1808 Λόγος,
465 1775 512 1801 καὶ
537 1775 674 1811 ἀλλότριος
700 1776 751 1811 τῆς
766 1777 811 1811 τοῦ
839 1778 894 1804 Πα-

110 1815 175 1851 τρὸς
190 1817 291 1850 οὐσίας,
306 1817 376 1845 ὥστε
389 1820 435 1846 καὶ
445 1819 607 1855 χωρίζεσθαι
621 1819 701 1848 αὑτὸν
715 1820 769 1848 ἀπὸ
778 1821 825 1848 τοῦ
836 1822 893 1849 Πα-

108 1861 174 1898 τρός
188 1861 227 1897 τῷ
243 1863 382 1899 ἐτεροφυεί
411 1865 551 1901 χωρισμῷ,
568 1866 617 1893 οὐκ
641 1866 674 1893 ἂν
693 1867 735 1902 εἴη
753 1867 893 1903 όμοούσιος

108 1906 148 1941 τῷ
162 1908 257 1943 Πατρὶ,
274 1908 340 1936 ἀλλὰ
369 1910 468 1945 μᾶλλον
483 1910 614 1946 ὁμογενὴς
625 1911 680 1947 (59)
694 1914 725 1948 τῇ
740 1913 818 1947 φύσει
836 1915 893 1946 τοῖς

109 1953 252 1988 ποιήμασι,
267 1954 319 1981 κᾶν
337 1955 491 1992 ὑπερϐάλλῃ
502 1958 535 1992 τῇ
549 1957 650 1992 χάριτι·
669 1959 692 1984 εί
706 1958 734 1984 δὲ
748 1958 892 1993 ὁμολογοῦ-

110 2007 160 2034 μεν
176 2000 214 2035 μὴ
242 1998 310 2027 εἶναι
328 2001 408 2029 αὐτὸν
436 2003 550 2039 ποίημα,
573 2003 641 2030 ἀλλὰ
667 2005 777 2040 γνήσιον
794 2006 826 2031 ἐκ
842 2006 892 2040 τῆς

107 2045 202 2077 οὐσίας
216 2045 262 2072 τοῦ
290 2047 396 2083 Πατρός
419 2048 551 2084 γέννημα,
570 2049 714 2077 ἀκόλουθον
741 2050 774 2077 ἂν
789 2051 830 2086 εἴη
844 2052 891 2089 καὶ

107 2090 258 2126 ἀχώριστον
275 2092 355 2119 αὐτὸν
371 2091 438 2120 εἶναι
450 2094 496 2121 τοῦ
509 2094 625 2131 Πατρός,
641 2096 745 2131 ἐμοιρυῆ
769 2096 832 2123 ὅντα
846 2097 890 2124 διὰ

107 2135 139 2163 τὸ
153 2137 182 2170 ἐξ
199 2138 280 2165 αὑτοῦ
294 2139 481 2175 γεγεννῆσθαι.
509 2141 634 2173 Τοιοῦτος
656 2142 684 2168 δὲ
703 2143 750 2175 ὢν,
778 2142 890 2175 εἰκότως

106 2184 155 2210 καὶ
171 2184 310 2220 όμοούσιος
321 2186 354 2212 ἂν
361 2186 472 2220 λέγοιτο.
484 2187 598 2215 Ἔπειτα
608 2189 633 2215 εί
646 2188 683 2225 μὴ
696 2190 728 2215 ἐκ
744 2190 888 2224 μετουσίας

909 1567 930 1595 C

963 256 1000 284 sit
1022 256 1157 292 (Christus
1172 260 1245 288 enim
1260 268 1325 288 caro
1338 262 1425 290 factus
1437 264 1501 298 est),
1514 269 1541 292 et
1557 266 1739 299 non-factum,

961 303 1025 337 quia
1038 311 1094 331 non
1114 312 1147 332 ex
1160 306 1274 340 opiﬁciis
1285 312 1313 335 et
1334 309 1417 337 rebus
1431 309 1510 338 factis
1521 316 1578 344 est,
1592 313 1638 339 sed
1654 312 1740 341 Filius

960 355 993 375 ex
1001 348 1080 377 Patre
1093 357 1100 376 :
1115 358 1164 378 nec
1178 352 1335 387 ignoramus
1346 362 1393 383 eos
1405 356 1451 391 qui
1463 365 1546 384 unum
1558 359 1738 392 non-factum,

959 394 1041 430 608
1055 396 1164 424 scilicet
1172 397 1277 426 Patrem
1293 400 1395 434 dixere,
1408 409 1461 429 non
1477 404 1555 438 quasi
1576 404 1689 432 Verbum
1704 406 1740 433 sit

959 447 1004 467 res
1021 440 1090 468 facta
1105 447 1150 469 aut
1161 444 1299 478 opiﬁcium
1313 446 1350 474 ita
1364 447 1508 483 scripsisse
1520 458 1527 482 ;
1543 451 1589 478 sed
1603 453 1666 486 quia
1679 453 1739 480 nqu

958 485 1013 512 lam
1032 485 1110 514 Pater
1126 488 1224 517 habeat
1238 498 1367 526 causam;
1392 493 1448 521 imo
1475 495 1582 530 potius,
1600 485 1664 532 quia
1681 499 1738 533 ipse

958 534 1068 568 quidem
1083 535 1163 563 Pater
1179 537 1215 564 sit
1232 537 1377 574 Sapientia:
1388 560 1396 573 ,
1415 541 1521 576 opiﬁcia
1536 549 1625 572 aulem
1646 547 1737 574 omnia

958 579 985 606 in
1000 580 1131 616 sapientia
1146 582 1256 617 fecerit;
1271 593 1321 612 cur
1335 594 1390 614 non
1404 589 1484 615 etiam
1497 588 1600 622 Patres,
1614 599 1675 618 cum
1690 601 1737 620 eos

958 625 1004 659 qui
1016 625 1234 656 Samosatensem
1248 630 1408 666 deposuere,
1420 638 1478 660 tum
1490 642 1537 661 eos
1552 636 1597 670 qui
1608 636 1736 665 Arianam

958 670 1082 699 haeresim
1097 673 1209 702 infamia
1223 680 1369 711 notarunt,
1385 678 1413 706 in
1431 687 1515 708 unum
1534 681 1641 716 pietatis
1656 688 1734 710 tuen—

956 716 997 744 da:
1006 719 1126 747 studium
1139 722 1342 757 conjungimus,
1355 724 1410 752 imo
1420 733 1603 761 segregamus,
1615 733 1642 755 ct
1651 737 1735 764 quare

955 771 1010 790 non
1024 765 1114 799 potius
1128 765 1162 793 de
1181 767 1234 795 illis
1249 773 1320 796 recte
1331 770 1465 799 sentimus
1483 781 1490 799 :
1504 774 1732 810 quandoquidem,

955 809 994 836 uti
1006 809 1062 844 jam
1085 811 1160 845 dixi,
1186 814 1290 848 priores
1312 815 1352 843 illi
1369 817 1456 844 solum
1474 817 1671 849 Samosateitsis
1686 830 1733 849 su-

954 855 1076 890 phisma.
1091 862 1118 886 et
1140 859 1199 894 ejus
1214 861 1464 896 interpretationem
1480 870 1647 900 spectantes,
1664 869 1732 895 scri-

958 908 1035 934 psere
1049 909 1103 929 non
1117 911 1178 932 esse
1191 904 1330 934 Christum
1342 909 1616 939 consubstantialem:
1631 912 1657 940 hi
1671 921 1733 940 vero

957 946 1038 973 verba
1061 955 1127 976 sane
1146 949 1324 986 intelligentes
1337 974 1344 987 ,
1370 954 1462 983 dixere
1479 955 1575 984 Filium
1591 966 1652 986 esse
1668 967 1733 986 cou-

956 992 1179 1022 substantialem?
1194 996 1324 1031 Equidem
1344 1007 1406 1027 curn
1424 1001 1470 1028 tali
1487 1002 1520 1030 de
1533 1003 1585 1038 piis
1599 1004 1652 1032 illis
1668 1013 1732 1040 erga

955 1036 1092 1066 Christum
1103 1040 1170 1068 viris
1181 1041 1231 1069 sim
1244 1045 1388 1078 sententia.
1401 1046 1457 1074 haec
1467 1036 1561 1081 paucis
1572 1036 1730 1085 conscripsi.

955 1083 1032 1116 Quod
1046 1085 1069 1113 si
1086 1087 1216 1121 epistolae.
1234 1096 1316 1124 quam
1332 1091 1393 1119 illos
1406 1093 1549 1127 scripsisse
1562 1095 1665 1129 dicunt,
1679 1083 1732 1123 ini-

954 1128 982 1156 hi
993 1130 1069 1164 copia
1081 1131 1188 1166 fuisset,
1202 1134 1328 1163 existimo
1338 1137 1430 1171 plures
1443 1138 1676 1173 deprehensurum
1689 1150 1732 1170 rue

953 1175 1038 1204 fuisse
1054 1185 1162 1211 causas,
1177 1187 1226 1207 cur
1242 1181 1312 1210 beati
1331 1183 1369 1210 illi
1384 1184 1420 1211 ita
1435 1186 1555 1214 scribere
1568 1188 1653 1214 coacti
1665 1189 1729 1216 sint.

953 1221 1005 1250 Par
1017 1230 1058 1252 est
1071 1226 1144 1253 enim
1161 1227 1292 1264 decetque
1306 1237 1355 1257 nos
1375 1230 1411 1258 ita
1425 1231 1541 1264 sentire,
1561 1233 1730 1268 probumque

952 1277 1015 1305 erga
1037 1271 1131 1300 Patres
1151 1275 1271 1302 animum
1286 1283 1409 1309 servare,
1424 1278 1447 1304 si
1465 1282 1554 1306 tamen
1569 1280 1653 1314 spurii
1674 1288 1730 1309 non

951 1322 1061 1350 sumus,
1079 1323 1106 1345 et
1118 1319 1141 1346 si
1155 1319 1189 1347 ab
1203 1320 1255 1349 illis
1270 1322 1430 1351 traditiones
1441 1323 1605 1360 pietatisque
1625 1327 1729 1354 doctri-

951 1370 1014 1390 nam
1030 1368 1160 1393 tenemus.

983 1495 1028 1523 48.
1041 1497 1131 1524 Talem
1147 1497 1229 1533 igitur
1238 1498 1348 1527 Patrum
1363 1500 1448 1529 fuisse
1461 1508 1578 1532 mentem
1592 1505 1726 1540 dicamus.

948 1542 1154 1578 credamusque.
1175 1544 1231 1579 Age
1247 1553 1312 1572 vero
1328 1554 1436 1574 rursum
1452 1555 1513 1576 cum
1529 1550 1583 1578 illis
1598 1559 1654 1579 rem
1670 1554 1727 1588 pla-

947 1587 1006 1614 cide
1020 1593 1046 1615 et
1062 1588 1133 1616 bono
1150 1590 1241 1617 animo
1257 1591 1437 1626 inquiramus,
1452 1594 1539 1628 deque
1552 1603 1633 1631 supra
1645 1597 1726 1626 dictis

946 1634 1111 1661 mentionem
1140 1634 1393 1665 faciamus:ann0n
1425 1647 1519 1668 revera
1544 1641 1724 1673 demonstrari

946 1679 1031 1713 possit
1056 1680 1196 1715 episcopos
1206 1680 1300 1709 Nicmaa
1311 1688 1487 1718 congregatos
1502 1690 1574 1713 recte
1585 1687 1704 1716 sensisse
1714 1689 1725 1716 τ

946 1723 974 1751 Si
994 1724 1108 1753 Verbum
1119 1731 1168 1757 ,est
1184 1734 1228 1754 res
1244 1727 1314 1755 facta
1325 1748 1332 1761 ,
1354 1733 1381 1756 et
1395 1730 1514 1758 alienum
1527 1739 1542 1758 a
1560 1731 1648 1761 Patris
1659 1735 1724 1761 sub-

945 1771 1053 1804 stantia,
1066 1771 1102 1799 ita
1113 1777 1167 1800 uta
1182 1773 1259 1802 Patre
1267 1779 1431 1810 segregetur,
1444 1776 1499 1804 imo
1511 1785 1542 1805 ea
1553 1779 1723 1813 separatione

944 1824 1004 1851 qua:
1020 1825 1035 1844 a
1052 1818 1207 1847 diversitate
1221 1825 1325 1848 natura:
1341 1822 1528 1856 proﬁciscatur
1538 1843 1546 1854 ,
1561 1823 1635 1853 Patri
1648 1831 1722 1854 certe

943 1864 1173 1892 consubstantiale
1187 1873 1357 1902 nequaquam
1373 1867 1469 1901 fuerit;
1485 1870 1530 1896 sed
1545 1871 1635 1905 potius
1647 1872 1722 1907 ejus-

942 1909 1003 1936 dem
1018 1913 1131 1943 naturaz,
1150 1911 1227 1946 cujus
1243 1918 1286 1939 res
1303 1911 1392 1950 factae,
1407 1913 1458 1941 etsi
1474 1914 1528 1942 illis
1544 1916 1630 1950 gratia
1646 1922 1723 1945 ante-~

942 1956 1029 1983 cellat.
1045 1955 1122 1989 Quod
1135 1957 1158 1984 si
1170 1957 1347 1985 conﬂteamur
1357 1966 1418 1986 eum
1434 1967 1487 1987 non
1498 1968 1559 1989 esse
1571 1962 1719 1997 op'ilicium,

941 2002 988 2030 sed
1005 2003 1147 2037 genuinam
1161 2011 1194 2030 ex
1217 2003 1305 2031 Patris
1331 2005 1482 2033 substantia
1496 2007 1608 2042 prolem.
1621 2016 1719 2037 conse-

941 2054 1026 2082 quens
1041 2055 1107 2075 sane
1121 2048 1203 2077 fuerit
1217 2057 1278 2077 eum
1294 2051 1500 2086 inseparabilem
1518 2060 1579 2081 esse
1595 2061 1610 2081 a
1628 2053 1718 2088 Patre,

939 2101 1003 2120 cum
1031 2094 1066 2121 sit
1079 2094 1201 2129 ejusdem
1219 2101 1342 2130 naturai,
1368 2102 1460 2132 utpote
1484 2099 1518 2127 ab
1536 2100 1581 2128 illo
1599 2101 1717 2137 genitus.

939 2138 1013 2167 Talis
1028 2144 1118 2167 autem
1129 2148 1189 2168 cum
1207 2141 1258 2174 sit,
1273 2142 1334 2176 jure
1347 2144 1586 2173 consubstantialis
1599 2147 1716 2174 dicatur.

939 2184 1040 2212 Deinde
1056 2185 1079 2212 si
1090 2193 1144 2213 non
1161 2193 1192 2213 ex
1208 2187 1413 2222 participatione
1425 2189 1510 2218 Filius
1523 2195 1574 2224 est,
1590 2192 1637 2219 sed
1652 2193 1718 2220 sub-

106 2229 180 2256 ἐστὶν
193 2230 288 2263 όΥἱὸς,
309 2231 375 2258 ἀλλὰ
393 2233 425 2267 τῇ
439 2232 517 2268 οὐσίᾳ
539 2233 626 2267 Λόγος
649 2234 708 2260 ἐστὶ
737 2235 783 2261 καὶ
804 2234 887 2269 Σοφία

949 2231 1038 2258 .tantia
1057 2231 1114 2266 ipsa
1137 2231 1254 2259 Verbum
1269 2238 1308 2260 est
1331 2238 1358 2261 et
1381 2233 1518 2269 Sapientia
1539 2235 1717 2266 Patris:ha:c

105 2275 152 2303 τοῦ
170 2276 284 2312 Πατρὸς,
295 2278 312 2312 ἡ
329 2277 357 2303 δὲ
375 2277 453 2304 οὐσία
470 2277 539 2314 αὕτη
552 2278 602 2314 τῆς
619 2279 713 2311 οὐσίας
727 2280 777 2314 τῆς
788 2288 886 2316 πατρι-

105 2323 157 2358 κῆς
181 2323 238 2350 ἐστι
249 2323 370 2359 γέννημα
385 2324 432 2350 καὶ
444 2325 568 2360 ὁμοιότης
583 2325 676 2360 αὐτῆς,
694 2325 787 2362 ὥσπερ
800 2326 887 2353 καὶτὸ

105 2369 275 2404 ἀπαύγασμα
286 2370 331 2396 τοῦ
343 2370 439 2405 φωτός·
455 2370 526 2405 λέγει
540 2371 568 2398 δὲ
582 2373 596 2398 ὁ
607 2372 680 2405 Υῑὸς,
697 2382 706 2398 ι
731 2373 800 2408 Ἐγὼ
816 2373 861 2400 καὶ
872 2374 886 2400 ό

105 2414 201 2450 Πατὴρ
215 2415 244 2441 ἐν
258 2415 368 2450 ἐσμεν,›
386 2416 442 2448 καὶ,
461 2426 471 2442 ι
500 2416 529 2442 '0
547 2417 597 2452 ἐμὲ
611 2417 739 2453 ἑωρακὼς
762 2418 818 2454 (40)
833 2418 884 2445 ἐώ-

106 2469 173 2496 ρακε
184 2461 229 2487 τὸν
243 2461 378 2497 Πατέρα-ι
394 2461 452 2493 πῶς
469 2462 508 2488 δεῖ
519 2464 588 2489 νοεῖν
601 2462 703 2495 ταύτας
713 2464 762 2495 τὰς
778 2465 882 2499 φωνάς;

102 2505 120 2542 ἢ
141 2506 198 2538 πῶς
210 2507 293 2538 αὐτὰς
320 2506 548 2542 ἐκλαμϐάνοντες,
571 2509 693 2544 σώσομεν
721 2509 751 2535 τὸ
768 2510 797 2536 ἒν
816 2508 884 2538 εἶναι

139 2562 162 2577 ⁸⁹
176 2561 253 2589 Joan.
270 2570 298 2595 ι,
314 2562 360 2590 50.
398 2563 420 2578 ⁸⁸
437 2562 514 2591 Joan.
529 2572 584 2596 σιν,
598 2564 624 2592 9.

137 2618 194 2656 (53)
211 2619 310 2656 Regius
326 2624 353 2648 et
372 2619 445 2649 Felc.
463 2621 490 2654 3,
508 2621 663 2656 ἀγέννητον.
685 2620 755 2648 Editi
779 2629 842 2650 vero
856 2626 884 2650 et

100 2655 158 2690 alii,
172 2655 312 2690 ἀγένητον.

138 2689 195 2726 (54)
207 2689 311 2726 Begius
321 2690 420 2726 codex,
434 2691 492 2726 ἔχῃ.

138 2699 195 2725 (οι)
211 2699 248 2717 ne
269 2699 311 2717 tus
325 2699 420 2723 codex,
434 2699 492 2726 εχη.

207 2699 414 2769 ξισίὲςμεκῐιλωιτ
428 2727 454 2753 5.
466 2719 493 2769 in
505 2726 589 2766 editis
598 2730 625 2769 et
637 2726 707 2758 aliis,
720 2726 783 2758 τούς
794 2727 879 2769 deest.

137 2761 194 2795 (56)
209 2760 246 2786 Ita
259 2760 341 2795 editio
354 2760 564 2788 Commeliniana
582 2766 609 2789 et
622 2769 716 2789 omnes
730 2764 880 2791 manuscri-

99 2795 254 2834 pti,_i_£_di_t_io
270 2794 454 2834 _Pa_risi_ensis,_
455 2796 541 2834 νοοῦν,
557 2797 636 2834 male».
648 2831 655 2834 ξ
740 2831 745 2834 _

136 2830 193 2866 (37)
207 2829 289 2866 Editi,
306 2830 417 2866 ἐκεῖνον.
436 2830 536 2865 Regius
547 2837 573 2858 et
586 2831 745 2860 Felckman.’
756 2832 783 2864 5,
797 2835 879 2866 recte,

100 2865 221 2896 ἐκείνους
239 2864 348 2892 habent.
359 2864 429 2892 'Nam
446 2864 565 2901 loquitur
578 2867 622 2894 hic
636 2867 669 2895 de
681 2866 806 2896 Patribus
824 2864 880 2895 An;

258 2913 394 2945 Ρλτιιοι..
414 2914 473 2945 Gn.
490 2915 604 2946 XXVl.

937 2281 1028 2304 autem
1046 2277 1195 2304 substantia
1206 2297 1214 2311 ,
1238 2282 1357 2312 paterna:
1378 2281 1536 2308 substantia;
1550 2282 1620 2310 fetus
1633 2289 1675 2311 est
1690 2291 1717 2313 et

936 2325 996 2360 ejus
1013 2325 1172 2359 similitudo,
1185 2327 1264 2354 veluti
1283 2327 1410 2362 splendor
1420 2335 1461 2356 est
1475 2330 1624 2358 similitudo
1637 2332 1714 2367 lucis,

936 2371 1073 2407 ﬁliusque
1086 2372 1170 2400 dicit:
1188 2382 1197 2399 ι
1213 2372 1269 2409 Ego
1290 2380 1317 2401 et
1335 2374 1414 2402 Pater
1431 2384 1513 2403 unum
1539 2385 1634 2406 sumus
1645 2379 1686 2412 5’;
1703 2390 1712 2406 ι

935 2423 962 2445 et
975 2428 982 2445 :
1002 2429 1012 2444 ‹
1029 2418 1080 2452 Qui
1093 2420 1159 2446 vidit
1173 2427 1226 2453 me,
1241 2420 1307 2448 vidit
1319 2426 1346 2448 et
1360 2421 1465 2449 Patrem
1478 2423 1519 2456 ‘°;
1539 2433 1548 2449 ι
1579 2427 1715 2459 quomodo

935 2465 976 2491 lia:
987 2473 1067 2492 voces
1080 2466 1258 2501 intelligenda:
1269 2467 1351 2494 sunt?
1362 2473 1408 2495 aut
1422 2477 1474 2503 qua
1489 2475 1576 2497 mente
1589 2478 1634 2498 eas
1647 2472 1716 2499 acci-

934 2511 1048 2546 pientes,
1059 2507 1165 2539 Patrem
1177 2517 1203 2540 et
1212 2512 1309 2540 Filium
1319 2521 1402 2540 unum
1411 2522 1471 2542 esse
1481 2515 1634 2544 tuebimur?
1644 2517 1711 2546 Nam

933 2620 1075 2652 tiochenis,
1092 2628 1106 2648 a
1122 2621 1222 2656 quibus
1244 2622 1281 2649 ait
1305 2623 1450 2650 verisimile
1471 2631 1523 2651 non
1545 2631 1605 2651 esse
1620 2633 1712 2653 vocem

931 2656 1211 2695 ὁμοούσιονρζιεοιυιε
1229 2662 1256 2684 et
1284 2657 1386 2692 absque
1404 2659 1458 2686 ulla
1476 2660 1636 2693 exceptione
1652 2669 1714 2695 pro-

933 2692 1062 2726 scriplam
1076 2691 1170 2718 fuisse.

967 2724 1024 2769 (58)
1041 2724 1112 2754 Felc.
1129 2727 1156 2757 3,
1174 2727 1396 2788 μνημρνεύοντες.
1411 2727 1485 2778 Editi
1493 2733 1524 2756 .et
1537 2729 1593 2763 alii,
1610 2739 1714 2767 μνημο-

967 2770 1084 2788 δσαντες.
1100 2760 1160 2788 Mox
1196 2762 1329 2788 elckman.
1341 2763 1368 2788 3.
1379 2762 1525 2788 δείκνυ..αι.

931 2760 1084 2792 νεύσαντες.
1100 2760 1160 2788 Mox
1174 2760 1329 2789 Felckman.
1341 2763 1368 2794 3,
1379 2762 1525 2790 δείκνυται.

966 2796 1024 2836 (ᾆ9)
1039 2796 1140 2831 Regius
1154 2797 1257 2836 codex_.
1277 2798 1294 2836 ὁ.
1309 2799 1468 2836 μονογενήςἶ
1488 2798 1570 2836 Felc._
1581 2800 1611 2836 73.
1633 2810 1712 2836 μονο-

930 2831 1015 2869 γενῄς
1027 2831 1213 2869 ιεῃιιιηττ-Μοκ
1231 2831 1331 2868 Regius
1346 2831 1440 2863 codex;
1459 2833 1632 2869 ὑπερϐάλλει.

965 2866 1020 2903 (ιο)
1034 2866 1121 2895 Editio
1135 2866 1413 2896 Commelfmendosc
1440 2866 1576 2904 ἐωραόιάς.

1502 2918 1544 2949 25
