1977 3039
249 130 303 161 ’ΠΒ

529 129 557 156 S.
579 126 767 155 ATllANASll
788 126 864 156 OPP.
885 126 976 154 PARS
994 125 1015 154 Ι.
1036 141 1071 147 -
1089 124 1276 153 HISTORICA
1295 124 1339 152 ET
1359 124 1570 153 DOGMATICA.

1807 127 1864 156 780

249 190 273 218 si
287 189 323 217 ob
334 188 488 223 dogmatum
503 193 665 214 consensum
679 205 687 219 ,
701 190 728 214 et
739 186 813 222 quod
828 185 908 213 Pater
927 193 943 213 a
958 184 1023 212 Filio

1077 184 1122 211 τὸν
1139 184 1248 220 Πατέρα
1266 184 1314 211 καὶ
1331 184 1377 211 τὸν
1394 184 1475 217 Υἱόν;
1495 185 1526 211 Εἰ
1540 184 1589 220 μὲν
1602 178 1648 212 οὖν
1661 186 1695 220 τῇ
1718 186 1867 222 συμφωνίᾳ

249 242 303 263 non
320 233 471 265 dissentiat,
485 237 514 260 ut
526 232 618 259 dicunt
631 232 736 263 Ariani,
748 239 831 266 prava
842 239 908 259 sane
919 235 961 259 est
972 231 1029 258 haec

248 277 414 313 intelligendi
431 277 511 304 ratio.
538 276 644 303 Etenim
659 276 766 310 sancti,
790 280 817 304 et
837 276 923 303 multo
943 275 1029 310 magis

247 324 333 359 angeli
350 328 375 350 et
389 322 541 358 archangeli
555 343 563 356 ,
585 322 740 357 bujusmodi
760 323 862 350 habent
886 329 948 350 cum
972 321 1028 349 Deo

246 377 421 402 consensum,
437 376 487 396 nec
502 368 555 396 ulla
567 369 637 403 apud
650 368 724 403 ipsos
739 373 781 396 est
794 368 946 402 dissensio;
965 375 1027 395 nam

245 417 291 450 qui
309 416 412 442 discors
425 414 476 442 fuit
488 414 611 442 diabolus
622 435 629 447 ,
644 421 660 441 e
677 414 747 441 c0310
766 414 864 442 cadere
881 415 956 442 visus
974 418 1026 446 est,

245 465 275 487 ut
289 461 326 488 ait
340 460 481 488 Dominus.
498 457 526 487 Si
542 467 606 494 ergo
622 460 657 487 ob
670 467 834 488 consensum
849 459 928 487 Pater
941 464 969 486 et
983 459 1027 486 Fi-

244 506 298 533 lius
312 513 395 533 unum
415 509 497 538 sunt,
523 505 604 532 etiam
625 505 732 540 opiiicia
757 513 817 540 quae
836 505 872 532 ita
896 513 956 532 cum
972 505 1026 532 Dco

245 551 429 584 consentient,
445 558 528 578 unum
545 558 607 577 cum
621 558 654 577 eo
671 549 790 583 fuerint,
805 558 921 585 quorum
939 550 1026 585 quod-

244 604 296 631 que
308 596 396 624 dicere
410 596 514 630 possit:
531 604 540 621 ι
556 594 610 630 Ego
625 599 652 622 et
673 594 752 622 Pater
777 603 861 622 unum
888 603 994 623 sumus.
1013 604 1022 621 ›

244 642 321 676 Quod
337 643 359 670 si
373 642 519 669 absurdum
537 641 587 669 hoc
606 642 642 668 sit
654 661 661 672 ,
675 645 706 668 ut
719 649 813 669 revera
827 646 868 669 est
881 663 888 674 ,
913 649 1025 669 necesse

244 689 352 716 demum
368 687 449 714 fuerit
464 686 523 714 Filii
545 691 572 714 et
601 687 688 714 Patris
711 687 841 714 unitatem
877 686 1024 714 secundum

244 733 422 761 substantiam
436 732 594 767 intelligere.
607 731 660 759 Res
675 731 752 758 factae
766 732 837 758 enim
850 732 1024 766 quantumvis

243 787 304 806 rum
322 779 416 813 opitice
431 786 480 806 suo
491 785 654 805 consensum
668 778 784 804 habeant
799 787 805 804 :
823 782 895 804 motu
909 782 1023 810 tantum,

243 824 464 860 participatione,
481 828 508 851 ct
523 828 611 851 mente
632 831 694 851 eum
713 823 832 856 habent,
859 831 939 857 quem
961 823 1023 851 cuni

1079 230 1132 256 τῶν
1143 230 1295 265 δογμάτων,
1315 229 1361 256 καὶ
1377 229 1416 265 τῷ
1433 229 1470 265 μὴ
1496 229 1636 264 διαφωνεῖν
1654 230 1721 266 πρὸς
1741 231 1786 257 τὸν
1808 231 1868 258 Πα-

1077 275 1154 311 τέρα,
1171 276 1209 308 ὡς
1237 276 1261 302 οἱ
1291 275 1422 311 ’Δρειανοὶ
1443 275 1559 309 λέγουσι,
1587 275 1686 310 φαῦλος
1710 277 1724 303 6
1744 276 1866 308 τοιοῦτος

1077 321 1149 353 νοῦς.
1166 322 1221 348 Καὶ
1245 321 1299 356 γὰρ
1326 321 1372 348 καὶ
1383 322 1407 347 οἱ
1421 321 1492 355 ἇγιοι
1505 321 1570 355 (41),
1583 322 1629 348 καὶ
1645 321 1744 356 μᾶλλόν
1759 331 1790 356 γε
1812 323 1866 357 ἄγ-

1077 368 1149 402 γελοι
1169 368 1216 394 καὶ
1227 367 1399 403 ἀρχάγγελοι,
1415 367 1464 402 τὴν
1476 367 1602 403 τοιαύτην
1625 367 1714 403 ἔχουσι
1730 368 1797 403 πρὸς
1817 367 1865 395 τὸν

1077 413 1142 440 Θεὸν
1164 414 1332 449 συμφωνίαν,
1350 414 1396 440 καὶ
1412 413 1522 448 οὐδεμία
1543 415 1608 449 παρ’
1622 414 1710 445 αὐτοῖς
1726 415 1782 440 ἐστι
1801 415 1864 441 δια-

1077 458 1172 492 φωνία.
1199 459 1228 484 '0
1258 458 1311 494 γὰρ
1326 458 1496 492 διαφωνήσας
1513 458 1634 490 διάϐολος
1653 458 1793 494 ἑθεωρήθη
1815 460 1863 486 πί-

1076 511 1149 530 πτων
1164 504 1196 530 ἐκ
1214 503 1266 530 τῶν
1279 504 1410 540 οὐρανῶν,
1434 504 1471 536 ὡς
1494 501 1568 531 εἶπεν
1591 506 1605 530 6
1629 504 1739 540 Κύριος.
1756 505 1862 532 Οὐκοῦν

1076 550 1100 575 εἰ
1114 549 1156 576 διὰ
1170 549 1218 585 τὴν
1235 551 1393 585 συμφωνίαν
1409 550 1438 578 ἓν
1454 552 1526 577 ἐστιν
1538 552 1552 577 6
1565 551 1657 586 Πατὴρ
1686 551 1733 577 καὶ
1743 552 1757 578 6
1783 550 1859 585 Υἱὸς,

1076 595 1117 630 εἴη
1132 595 1165 622 ἂν
1177 593 1224 622 καὶ
1238 595 1293 622 τῶν
1305 596 1426 633 γενητῶν
1444 597 1478 624 τὰ
1493 597 1687 632 συμφωνοῦντα
1701 597 1772 624 οὕτω
1791 599 1861 634 πρὸς

1074 640 1120 666 τὸν
1137 639 1213 673 Θεὸν,
1231 641 1278 668 καὶ
1293 641 1363 668 εἴποι
1383 642 1416 669 ἂν
1434 642 1557 674 ἕκαστος·
1579 651 1589 668 1
1612 642 1682 676 Ἐγὼ
1705 644 1752 670 καὶ
1774 645 1788 670 6
1803 644 1861 671 ﬂu-

1074 685 1125 720 τὴρ
1142 686 1170 712 ἓν
1197 687 1312 721 ἐσμεν.»
1341 687 1373 713 Εἰ
1393 687 1420 713 δὲ
1447 688 1526 714 τοῦτο
1555 689 1663 715 ἄτοπον·
1686 688 1784 716 ἄτοπον
1803 690 1860 725 γάρ

1074 730 1147 756 ἐστιν
1161 730 1277 766 ἀληθῶς
1291 731 1395 766 ἀνάγκη
1410 732 1501 758 λοιπὸν
1527 733 1597 759 κατὰ
1613 733 1660 769 τὴν
1676 734 1768 760 οὐσίαν
1789 737 1860 762 νοεῖν

1075 775 1120 800 καὶ
1133 774 1182 810 τὴν
1198 775 1262 802 Υἱοῦ
1279 776 1326 802 καὶ
1357 776 1460 811 Πατρὸς
1479 776 1600 811 ἑνότητα.
1615 777 1655 803 Τὰ
1681 777 1792 813 μὲνγὰρ
1809 786 1858 812 γε-

1074 820 1141 855 νητὰ
1161 820 1210 847 κᾶν
1226 821 1384 856 συμφωνίαν
1399 821 1448 858 ἔχῃ
1465 822 1533 857 πρὸς
1544 822 1589 849 τὸν
1610 824 1787 858 πεποιηκότα,
1799 821 1858 850 ἀλλ’

243 870 287 897 ille
301 877 355 896 non
371 873 516 900 servasset,
530 868 632 903 eiectus
644 876 676 894 ex
690 867 758 895 cado
769 873 820 895 est.
833 867 918 895 Filius
932 872 1020 895 autem

1076 865 1101 891 ὲν
1113 866 1216 900 κινήσει
1242 867 1288 892 καὶ
1321 868 1450 902 μετουσίᾳ
1475 868 1522 893 καὶ
1546 867 1584 902 νῷ
1613 868 1714 904 ταύτην
1729 868 1795 903 ἔχει,
1810 869 1859 904 ἦν-

242 923 304 942 cum
322 916 356 942 sit
372 922 404 942 ex
422 914 573 941 substantia
588 914 667 946 fetus,
678 914 830 940 substantia
844 921 952 949 quoque
967 914 1024 949 ipse

241 965 278 994 et,
293 960 339 996 qui
352 960 445 996 genuit
460 965 535 992 cum,
551 958 630 986 Pater
646 967 730 986 unum
746 964 820 987 sunt.

277 1037 321 1064 49.
347 1036 529 1070 Quamobrem
546 1036 660 1064 vocibus
686 1036 816 1063 unitatem
841 1035 1023 1063 indicantibus

241 1084 420 1121 aequalitatem
440 1090 501 1110 cum
516 1082 594 1110 Patre
612 1081 713 1109 habere
729 1081 844 1113 dicitur,
862 1085 889 1108 et
909 1081 972 1108 hinc
993 1081 1024 1108 ﬁt

242 1136 272 1158 ut
292 1138 351 1165 qua:
372 1129 454 1166 609
465 1130 498 1157 de
513 1127 592 1156 Patre
610 1126 759 1160 dicuntur,
784 1126 877 1153 eadem
898 1126 931 1153 de
954 1125 1022 1153 Filio

243 1176 388 1210 Scriptura:
402 1179 525 1202 asseraut
538 1183 544 1201 :
557 1181 588 1201 ea
603 1177 692 1200 tamen
706 1171 864 1207 exceptione
890 1171 961 1207 quod
978 1171 1022 1198 ille

242 1222 321 1250 Pater
331 1222 447 1249 dicatur.
474 1221 534 1255 Ipse
548 1220 620 1247 enim
635 1219 720 1247 Filius
732 1219 769 1246 ait
782 1228 788 1246 :
810 1228 819 1244 ί
835 1217 932 1245 Omnia
948 1226 1022 1253 quae-

241 1276 348 1303 cunque
363 1268 445 1295 habet
458 1267 547 1297 Pater,
563 1274 622 1293 mea
637 1266 731 1293 sunt“
744 1274 751 1298 ;
769 1274 777 1290 ι
795 1264 922 1299 Patrique
937 1265 1018 1292 dixit:

244 1323 254 1340 ‹
268 1313 362 1342 Omnia
377 1321 436 1340 mea
446 1333 453 1346 ,
468 1317 512 1340 tua
530 1317 610 1344 sunt,
626 1317 652 1338 et
665 1316 710 1338 tua
721 1318 780 1338 mea
787 1311 819 1337 “.
838 1319 847 1336 ι
862 1309 1022 1344 Huiusmodi

240 1364 281 1387 est
295 1359 359 1386 illud
370 1379 377 1391 ,
393 1358 462 1385 Deus
476 1367 483 1385 :
497 1365 557 1384 nam
569 1378 576 1389 ,
593 1366 606 1394 «Ι
620 1356 691 1384 Deus
708 1361 765 1383 erat
780 1355 897 1382 Verbum
911 1355 952 1388 ";
971 1364 980 1380 ι
995 1359 1022 1382 et

240 1404 317 1436 illud,
332 1403 528 1439 Omnipotens:
545 1413 554 1428 ι
572 1402 635 1430 Haec
648 1403 713 1430 dicit
727 1403 773 1436 qui
789 1406 840 1434 cst,
853 1406 880 1428 et
891 1401 936 1436 qui
952 1405 1019 1433 erat,

239 1455 267 1477 et
288 1449 334 1485 qui
352 1454 481 1476 venturus
497 1453 538 1476 est
563 1447 793 1483 Omnipotens“;
807 1456 817 1473 ι
849 1452 876 1474 et
898 1446 968 1481 quod
986 1447 1021 1473 sit

240 1496 286 1523 lux
303 1505 310 1522 :
329 1505 338 1521 ‹
354 1495 409 1530 Ego
419 1502 489 1528 sum,
505 1504 515 1520 ι
532 1494 629 1529 inquit,
648 1503 656 1519 ε
673 1493 766 1526 lux";
784 1502 793 1519 ι
808 1492 880 1528 quod
896 1493 932 1519 sit
945 1499 1020 1519 crea-

1075 920 1126 947 περ
1142 912 1196 946 (6'2)
1218 913 1232 939 6
1259 912 1296 948 μὴ
1317 913 1435 947 φυλάξας
1453 913 1612 949 ἑκϐέὸληται
1643 914 1697 940 τῶν
1722 915 1856 950 οὐρανῶν·

1079 957 1108 983 '0
1123 958 1151 983 δὲ
1167 957 1229 989 Υἱὸς
1248 958 1279 984 ὲκ
1309 958 1358 993 τῆς
1380 959 1472 990 οὐσίας
1499 959 1536 985 ὢν
1559 959 1697 995 γέννημα,
1724 960 1801 996 οὐσίᾳ
1827 961 1857 987 ἐν

1074 1003 1146 1029 ἐστιν
1163 1002 1216 1037 (43)
1233 1003 1312 1035 αὐτὸς
1325 1004 1370 1030 καὶ
1380 1005 1394 1030 6
1406 1006 1537 1040 γεννήσας
1554 1004 1634 1031 αὐτὸν
1649 1006 1754 1041 Πατήρ.

1107 1046 1152 1073 49.
1164 1046 1213 1072 Διὰ
1227 1047 1305 1073 τοῦτο
1320 1048 1373 1083 γὰρ
1401 1050 1448 1075 καὶ
1471 1049 1502 1075 τὸ
1527 1049 1616 1080 ἰσάζον
1641 1049 1696 1084 ἔχει
1727 1050 1794 1085 πρὶς
1810 1049 1856 1077 τὸν

1073 1093 1180 1130 Πατέρα
1191 1094 1250 1124 ταῖς
1265 1093 1390 1120 ὲνοειδέσι
1404 1095 1515 1129 φωναῖς,
1531 1095 1621 1122 καὶτὰ
1637 1096 1682 1122 ἐπὶ
1693 1096 1739 1123 τοῦ
1750 1096 1855 1131 Πατρὸς

1072 1138 1214 1174 λεγόμενα,
1225 1138 1310 1166 ταῦτα
1341 1140 1388 1166 καὶ
1398 1141 1444 1166 ἐπὶ
1464 1140 1528 1167 Υίοῦ
1544 1141 1665 1175 λέγουσιν
1686 1142 1713 1168 αἱ
1737 1141 1854 1177 Γραφαὶ,

1072 1185 1155 1221 χωρὶς
1170 1185 1247 1221 μόνον
1265 1185 1319 1221 (Η)
1338 1186 1384 1213 τοῦ
1412 1186 1536 1221 λέγεσθαι
1549 1187 1627 1214 αὑτὸν
1638 1187 1754 1223 Πατέρα,
1770 1187 1855 1219 Αὐτὸς

1071 1231 1126 1266 γὰρ
1141 1229 1216 1258 εἶπεν
1227 1232 1330 1263 ὁ-Υἰός·
1351 1241 1360 1258 1
1379 1232 1480 1266 Πάντα,
1505 1234 1554 1259 ὃσα
1571 1233 1626 1268 ἔχει
1643 1235 1658 1260 6
1680 1233 1782 1269 Πατὴρ,
1801 1233 1856 1268 tua

1072 1278 1155 1304 ἐστι’»
1171 1277 1210 1312 τῷ
1221 1286 1251 1304 τε
1265 1278 1352 1312 [lu-rp!
1367 1277 1452 1312 ἐλεγει
1476 1288 1484 1303 ι
1501 1279 1591 1305 Πάντα
1609 1279 1643 1304 τὰ
1668 1279 1721 1313 ἐμὰ
1739 1279 1774 1305 σά
1786 1280 1854 1310 ἐστι,

1071 1323 1116 1349 καὶ
1127 1322 1160 1349 τὰ
1173 1323 1206 1349 σὰ
1220 1324 1300 1357 ἐμά’»
1318 1320 1373 1349 οἷον
1388 1324 1427 1355 τὸ,
1443 1323 1517 1355 Θεός.
1540 1334 1549 1350 ‹
1561 1323 1644 1355 Θεὸς»
1662 1324 1715 1360 γὰρ
1802 1334 1811 1350 1
1821 1323 1855 1359 ἦν

1070 1368 1084 1394 6
1100 1368 1207 1402 Λόγοςί
1225 1369 1264 1400 τὸ,
1282 1369 1492 1405 Παντοκράτωρ·
1511 1379 1521 1394 ι
1541 1370 1606 1397 Τάδε
1622 1370 1694 1404 λέγει
1717 1371 1732 1396 ὀ
1744 1370 1791 1402 ὢν,
1808 1371 1856 1397 καὶ

1070 1415 1084 1440 6
1100 1412 1143 1449 ἦν,
1160 1415 1228 1441 καὶὸ
1238 1415 1381 1450 ἐρχόμενος
1395 1417 1408 1442 6
1424 1415 1646 1451 Παντοκράτωρ-ι
1657 1417 1686 1442 τὸ
1700 1414 1767 1442 εἶναι
1787 1416 1854 1450 φῶς·

1074 1467 1084 1484 ι
1103 1459 1172 1493 Ἐγώ
1188 1460 1271 1494 altu,»
1287 1460 1364 1495 φησὶ,
1379 1469 1388 1485 r
1406 1460 1436 1486 τὸ
1450 1461 1516 1494 φῶς
1531 1470 1540 1486 ι
1561 1460 1591 1487 τὸ
1604 1461 1796 1496 δημιουργικὸν
1811 1462 1854 1488 αε-

1070 1510 1135 1531 ⁸τειοψ
1164 1506 1282 1534 ‹.Πάντα
1310 1506 1364 1542 γὰρ
1393 1506 1427 1532 δι’
1443 1506 1523 1533 αὐτοῦ
1554 1507 1671 1541 ἐγένετο·
1693 1517 1702 1533 ι
1726 1508 1781 1539 καὶ,
1796 1517 1806 1533 ί
1821 1509 1854 1534 Ἃ

241 1541 292 1568 trix
304 1547 396 1572 causa.
405 1538 595 1571 nam,i0mnia
607 1547 654 1574 per
665 1539 753 1574 ipsum
763 1538 832 1566 facta
845 1539 950 1571 sunt“,
962 1548 971 1564 ι
982 1542 1019 1571 et,

1076 1550 1160 1577 3).έπω
1176 1551 1221 1577 τὸν
1243 1551 1351 1586 Πατέρα
1368 1551 1505 1584 ποιοῦντα,
1521 1552 1607 1579 ταῦτα
1623 1552 1699 1587 κάγὼ
1712 1552 1806 1580 ποιῶ-ι
1823 1552 1855 1579 τὸ

243 1596 252 1612 ι
263 1586 328 1620 Quae
338 1587 416 1614 video
426 1585 533 1614 Patrem
545 1585 696 1618 facientem,
708 1586 765 1613 haec
779 1589 806 1612 et
820 1593 869 1620 ego
881 1585 951 1613 facio
959 1585 996 1618 '1;
1008 1595 1017 1610 ι

240 1632 313 1667 quod
339 1632 375 1660 sit
404 1637 521 1659 aeternus
535 1638 543 1658 :
559 1641 568 1656 ί
587 1631 755 1666 Sempiterna
770 1641 780 1657 ι
795 1632 866 1658 enim
884 1641 894 1657 ‹
913 1639 1021 1666 quoque

240 1678 300 1712 ejus
311 1679 396 1705 virtus
412 1682 439 1705 et
455 1677 582 1704 divinitas
593 1677 626 1708 “,
643 1686 653 1702 ι
682 1682 719 1709 et,
741 1686 751 1703 ε
768 1676 797 1704 ln
815 1677 948 1712 principio
963 1681 1022 1704 erat

242 1724 359 1751 Verbum
369 1724 409 1757 ";
429 1733 438 1750 ι
455 1727 492 1756 et,
509 1733 517 1749 ι
531 1723 596 1750 Erat
611 1723 657 1750 lux
671 1731 733 1750 vera
745 1730 805 1757 quae
821 1723 954 1750 illuminat
963 1731 1022 1751 om-

241 1777 302 1797 nem
318 1770 454 1796 hominem
470 1769 621 1796 venientem
638 1769 664 1795 in
678 1769 807 1795 mundum
819 1769 841 1784 '°
854 1777 862 1800 ;
880 1777 889 1794 ›
903 1770 974 1803 quod
987 1769 1022 1796 sit

241 1814 372 1841 Dominus
391 1823 397 1830 -
420 1823 429 1839 ε
443 1813 513 1840 Pluit
526 1813 598 1840 enim
616 1813 746 1840 Dominus
761 1813 849 1847 ignem
863 1817 890 1839 et
906 1814 1022 1848 sulphur

241 1868 256 1888 ι
283 1859 398 1887 Domino
409 1860 431 1877 ἰ
447 1868 454 1892 ;
471 1869 480 1885 ι
498 1865 525 1886 et
537 1858 616 1886 Pater
635 1859 743 1893 quidem
761 1859 799 1886 ait
815 1868 822 1886 :
840 1868 849 1884 ι
865 1858 919 1894 Ego
931 1859 1022 1886 Domi-

241 1915 294 1934 nus
304 1907 327 1923 ⁷³
339 1927 347 1940 ,
364 1916 373 1932 ι
391 1910 433 1939 et,
458 1915 468 1932 ι
482 1905 543 1933 Haec
559 1906 625 1933 dicit
648 1905 778 1932 Dominus
802 1904 873 1932 Deus
896 1906 1022 1940 omnipo-

241 1952 379 1986 tens";1
393 1952 426 1979 de
444 1951 512 1978 Filio
528 1956 618 1978 autem
652 1951 741 1986 inquit
757 1950 858 1978 Paulus
883 1960 890 1978 :
919 1961 928 1977 ε
946 1951 1022 1979 Unus

242 1998 375 2026 Dominus
384 1997 466 2026 desus
480 1998 613 2029 Christus,
630 2005 677 2032 per
693 2005 772 2032 quem
789 1998 924 2024 omnia“.
942 2008 951 2023 ι
969 1997 1021 2024 Pa—

242 2043 276 2070 tri
293 2043 447 2070 ministrant
464 2042 551 2078 angeli
565 2063 572 2075 ,
587 2041 673 2070 Filius
689 2047 778 2069 autem
795 2043 828 2069 ab
844 2042 910 2077 ipsis
925 2043 1022 2070 adora-

241 2093 305 2116 tur:
321 2098 330 2114 ε
346 2088 379 2116 Et
393 2089 505 2116 adorent
516 2096 577 2115 eum
592 2095 687 2115 omnes
701 2088 788 2123 angeli
806 2087 853 2115 Dei
865 2089 897 2115 ⁷⁸.
916 2098 925 2114 ›
952 2088 1022 2116 Dici-

242 2138 286 2160 tur
303 2134 383 2160 etiam
400 2142 461 2161 esse
479 2133 610 2161 Dominus
626 2133 794 2168 angelorum,
815 2141 887 2168 nam,
906 2143 915 2160 ‹
928 2134 1022 2169 Angeli

242 2180 434 2207 ministrabant
460 2180 485 2206 ei
495 2179 539 2212 ";
561 2188 570 2205 ›
587 2184 633 2213 et,
667 2189 676 2205 ι
693 2179 778 2207 Mittet
795 2180 881 2207 Filius
904 2181 1022 2208 hominis

1070 1594 1242 1623 εἷναιὰϊδιον·
1263 1606 1272 1622 ι
1294 1597 1330 1623 Ἥ
1352 1605 1380 1623 τε
1399 1606 1409 1622 ι
1425 1598 1479 1632 γὰρ
1501 1607 1510 1623 ‹
1525 1598 1607 1629 ἀΐδιος
1636 1598 1716 1624 αὑτοῦ
1743 1598 1856 1634 δύναμις

1069 1642 1116 1668 καὶ
1129 1641 1233 1677 θειότης
1246 1642 1311 1678 (46),
1324 1652 1333 1668 ι
1351 1643 1408 1675 καὶ,
1426 1652 1435 1668 ι
1447 1643 1490 1670 Ἐν
1503 1644 1572 1678 ἀρχῇ
1591 1641 1625 1679 ἦν
1638 1645 1651 1670 6
1663 1644 1776 1678 Λόγος,»
1793 1639 1861 1676 καὶ,’

1073 1697 1083 1714 ‹
1103 1686 1156 1715 Ἦν
1170 1688 1200 1714 τὸ
1214 1688 1270 1722 φῶς
1284 1689 1314 1715 τὸ
1328 1689 1465 1724 ἀληθινὸν.
1485 1689 1500 1716 ὃ
1514 1690 1624 1724 φωτίζει
1648 1690 1736 1717 πάντα
1750 1690 1855 1726 ἀνθρω-

1070 1741 1121 1759 πον
1135 1733 1279 1769 ἐρχόμενον
1301 1734 1340 1766 εἰς
1367 1734 1412 1760 τὸν
1430 1734 1564 1769 κόσμον-ι
1589 1733 1619 1760 τὸ
1643 1732 1712 1760 εἶναι
1742 1735 1853 1770 Κύριοςο

1073 1787 1083 1803 ε
1105 1778 1217 1813 Ἐῦρεξε
1241 1778 1294 1813 γὰρ
1306 1778 1406 1813 Κύριος
1421 1778 1490 1804 θεῖον
1512 1778 1626 1814 καὶπῦρ
1637 1779 1711 1814 παρὰ
1722 1772 1862 1815 Κυρίου·›ι

1071 1823 1118 1850 καὶ
1129 1825 1144 1850 6
1164 1824 1212 1858 μὲν
1228 1824 1321 1859 Πατήρ
1337 1832 1427 1860 φησιν’
1447 1834 1456 1850 ε
1468 1824 1538 1858 Ἐγὼ
1551 1825 1677 1860 Κύριος.»
1692 1826 1749 1857 καὶ,
1759 1834 1768 1850 ι
1783 1826 1852 1853 Τάδε

1071 1869 1142 1902 λέγει
1159 1869 1259 1904 Κύριος
1279 1870 1293 1894 6
1305 1869 1370 1901 Θεὸς
1388 1869 1444 1906 (67)
1468 1871 1482 1896 6
1507 1870 1728 1906 παντοκράτωρ»
1748 1871 1811 1906 περὶ
1825 1871 1855 1898 δὲ

1071 1914 1117 1940 τοῦ
1140 1914 1204 1940 Υἱοῦ
1228 1916 1241 1941 6
1266 1915 1369 1947 Παῦλός
1396 1924 1486 1950 φησιν·
1517 1925 1527 1942 ‹
1550 1915 1598 1947 Εἷς
1620 1917 1722 1952 Κύριος
1752 1918 1854 1952 Ἰησοῦς

1071 1958 1195 1994 Χριστὸς,
1213 1959 1245 1986 δι’
1260 1956 1290 1986 οὗ
1303 1960 1337 1986 τὰ
1360 1961 1472 1987 πάντων
1494 1960 1549 1987 Καὶ
1575 1961 1613 1996 τῷ
1641 1962 1689 1997 μὲν
1706 1963 1792 1998 Πατρὶ
1804 1962 1856 1989 λει-

1071 2005 1230 2041 τουργοῦσιν
1244 2006 1362 2040 ἄγγελοι·
1374 2007 1388 2033 6
1404 2006 1432 2032 δὲ
1450 2006 1512 2038 Υἱὸς
1527 2009 1716 2042 προσκυνεῖται
1730 2009 1792 2042 παρ’
1807 2008 1855 2034 αὐ-

1071 2050 1134 2076 τῶν⁶
1153 2059 1161 2075 ι
1181 2050 1234 2076 Καὶ
1250 2051 1516 2087 προσκυνησάτωσαν
1532 2051 1606 2087 uina?)
1622 2053 1721 2084 πάντες
1745 2053 1854 2087 ἄγγελοι

1071 2093 1165 2120 Θεοῦ.»
1185 2095 1299 2128 Λέγεται
1311 2094 1427 2122 δὲιεῖναι
1440 2096 1495 2132 (48)
1523 2097 1570 2123 καὶ
1599 2097 1699 2132 Κύριος
1722 2098 1853 2132 ἀγγέλων·

1076 2149 1085 2165 σ
1103 2140 1246 2175 Διηκόνουν
1266 2150 1274 2166 ι
1294 2140 1347 2176 γὰρ
1363 2150 1372 2166 ‹
1394 2141 1468 2176 αὐτῷ
1486 2143 1510 2168 οἱ
1525 2142 1659 2176 ἄγγελοι-ι
1678 2143 1734 2175 καὶ,
1748 2153 1757 2168 ι
1774 2143 1855 2169 Ἀπο-

1074 2186 1161 2212 στελεί
1175 2186 1188 2212 6
1205 2186 1267 2217 Υἱὸς
1282 2186 1328 2212 τοῦ
1343 2187 1484 2222 ἀνθρώπου
1506 2188 1568 2219 τοὺς
1589 2188 1719 2223 ἀγγέλους
1736 2187 1827 2215 αὐτοῦ·
1842 2198 1852 2214 ι

241 2224 350 2258 angelos
362 2234 368 2243 ν
381 2231 446 2251 suos
458 2224 479 2240 ⁷⁷
494 2232 501 2257 ;
521 2233 530 2249 ι
547 2225 618 2259 quod
649 2226 796 2252 honoretur
822 2225 895 2253 sicut
917 2225 996 2253 Pater
1011 2235 1017 2253 :

1076 2232 1099 2257 :6
1111 2231 1240 2266 τιμᾶσθαι
1256 2233 1293 2264 ὡς
1304 2232 1348 2258 τὸν
1361 2221 1479 2268 Πατέρα’
1498 2243 1507 2259 ‹
1520 2234 1577 2260 ’Ὶνα
1595 2243 1603 2259 ι
1614 2221 1686 2269 γὰρ,
1695 2235 1771 2270 φησὶ,
1792 2243 1802 2259 c
1815 2242 1856 2260 τι-

244 2279 253 2295 ι
268 2269 303 2297 Ut
317 2279 329 2295 θ
341 2290 348 2302 ,
366 2269 462 2304 inquit,
481 2278 490 2294 ι
506 2270 683 2298 lionoriiicent
699 2269 808 2303 Filium,
825 2271 894 2298 sicut
910 2271 1021 2298 honori-

240 2318 321 2343 ticant
343 2314 449 2343 Patrem
460 2315 493 2344 ⁷³.
513 2325 523 2341 ι
555 2315 632 2348 Quod
651 2316 684 2343 sit
700 2317 812 2350 aequalis
836 2315 891 2344 Deo
908 2325 915 2343 :
936 2326 944 2342 ι
961 2315 1020 2344 Non

276 2371 297 2386 ⁶¹
317 2370 397 2398 Joan.
411 2379 468 2402 xvr,
485 2371 528 2398 l5.
566 2372 588 2387 ⁸⁸
607 2370 686 2399 Joan.
701 2380 767 2403 xvu,
783 2372 825 2399 10.
861 2372 886 2388 ³³
901 2371 984 2400 ἀρειῇ.
1003 2381 1022 2406 t,
1041 2374 1065 2402 l.

319 2407 340 2421 ι¹1
364 2406 428 2423 Innn
454 2414 470 2423 υ
497 2407 530 2423 l0
590 2407 613 2423 Cl
634 2407 700 2423 nn...
731 2415 738 2423 ι
767 2407 802 2423 an
865 2408 888 2423 υ
912 2408 975 2423 1η...-
1016 2417 1022 2423 .
1060 2410 1065 2423 t

240 2408 266 2432 3.
319 2408 340 2421 ‘1
360 2408 440 2433 Joan.
454 2408 540 2438 v,19.
590 2408 613 2423 ⁸⁸
633 2408 712 2434 Rom.
731 2415 751 2439 ι,
767 2408 812 2434 20.
865 2408 888 2423 ⁸⁹
902 2408 987 2436 Joan.
1012 2417 1022 2435 ι

240 2443 267 2467 ti.
282 2441 328 2484 “1'
347 2441 416 2470 Geo.
436 2449 501 2474 xvrl,
517 2441 543 2469 1.
581 2441 604 2458 ⁷⁸
622 2441 710 2470 lCor.
730 2450 790 2476 vui,
806 2442 833 2470 6.
870 2443 892 2459 "
913 2442 995 2471 Hebr.
1011 2453 1023 2478 ι,

1077 2431 1084 2438 .
1136 2412 1159 2428 ’⁸
1178 2408 1243 2440 iliid.
1259 2408 1286 2440 9.
1341 2415 1363 2430 ⁷¹
1383 2414 1450 2442 Gen.
1467 2423 1524 2446 xIx,
1540 2408 1585 2442 24'.
1637 2417 1660 2432 "‘
1680 2416 1688 2443 Ι

1108 2447 1132 2463 ’⁵
1151 2447 1246 2475 Malui.
1262 2456 1299 2481 IV,
1319 2449 1362 2477 Η.
1399 2450 1420 2466 ⁷⁷
1441 2449 1536 2478 Matth.
1554 2458 1629 2484 XXIV,
1643 2451 1688 2478 5L

240 2406 266 2432 5.
319 2407 340 2421 "’
360 2406 440 2433 Joan.
454 2414 481 2438 ν,
497 2407 540 2433 19.
590 2407 613 2423 ⁸⁸
633 2407 712 2434 Rom.
731 2415 751 2439 ι,
767 2407 812 2434 20.

241 2485 267 2509 v,
281 2476 326 2504 25.

278 2534 332 2572 (μ)
345 2532 456 2572 lielc._'5,
470 2535 516 2572 xu}
530 2535 584 2572 γὰρ
597 2535 621 2562 οἱ
636 2536 756 2570 ἄγγελοι,
771 2537 851 2563 male.

278 2570 332 2608 (6:2)
350 2569 395 2608 §i_c
408 2569 479 2608 Eelc.
496 2571 522 2608 ξ,
537 2569 706 2608 i‘e'cte._Editi
722 2576 748 2599 ct
763 2572 861 2608 caeteri,
876 2571 980 2608 ὥσπερ.

277 2604 331 2639 (45)
354 2604 398 2632 Sic
417 2603 487 2632 Felc.
501 2606 527 2633 5.
539 2605 567 2632 In
588 2606 667 2633 editis
684 2615 757 2637 vero.
771 2607 817 2633 καὶ
829 2603 859 2633 ἓν
876 2603 1020 2635 ὲστι.ἱὶ)ἱ(1.

241 2639 359 2677 Έειριειη.
377 2639 411 2677 ξ’),Δ
424 2640 453 2677 ἓν
474 2641 532 2677 ἐστι
552 2641 720 2676 γεννήσαντα
741 2642 822 2669 αὑτὸν
839 2642 948 2677 Πατέρα
962 2645 1021 2674 ταῖς

242 2674 346 2706 ἐνοειδ..
359 2675 468 2701 omissis
481 2674 654 2705 uuilmsdaiii.

279 2709 334 2744 (M)
355 2708 400 2737 Sic
413 2709 533 2738 Felckm.
547 2711 574 2737 ὃ.
591 2711 626 2738 At
640 2711 705 2738 ediu'
713 2716 740 2739 et
755 2712 844 2739 caeteri
858 2712 958 2740 habent
973 2713 1021 2748 μό-

243 2752 288 2770 νου
293 2763 299 2770 .

278 2777 341 2816 (ξὸλ
353 2777 456 2816 Regius
469 2780 564 2816 ροηδε,
579 2781 634 2807 Καὶ
647 2781 712 2813 Θεὸς
729 2781 792 2816 γάρ.
811 2781 872 2808 Mox
886 2782 975 2810 Felck.
991 2784 1018 2814 3,

1075 2273 1146 2309 μῶσι
1160 2275 1204 2301 τὸν
1216 2275 1289 2307 Υὶὸν,
1307 2276 1397 2308 καθὼς
1411 2277 1509 2312 τιμῶσι
1524 2278 1569 2304 τὸν
1592 2278 1726 2314 Πατέραιι
1745 2279 1775 2305 τὸ
1785 2277 1855 2306 εἶναι

1075 2319 1120 2346 ῐσα
1136 2320 1205 2356 Θεῷ*
1223 2330 1232 2346 ‹
1244 2321 1299 2356 Οὺχ
1317 2322 1372 2358 (49)
1392 2323 1536 2358 ἁρπαγμὸν
1553 2325 1673 2359 ἡγήσατο
1685 2324 1715 2351 τὸ
1729 2322 1797 2352 εἶναι
1810 2326 1855 2352 τσα

1120 2377 1144 2393 ⁸⁸
1162 2377 1247 2412 Apoc.
1265 2386 1284 2410 ι,
1300 2378 1328 2406 8.

1384 2380 1407 2395 ⁶¹
1427 2379 1506 2407 Joan.
1522 2388 1581 2414 VIII,
1596 2380 1639 2408 12.

1136 2412 1159 2428 ’⁸
1178 2413 1243 2440 ibid.
1259 2413 1286 2440 9.

1341 2415 1363 2430 ⁷¹
1383 2414 1450 2442 Gen.
1467 2423 1524 2446 xIx,
1540 2416 1585 2442 24.

1696 2382 1719 2397 ⁸⁸
1736 2382 1816 2409 Joan.
1833 2391 1853 2414 ι,

1637 2417 1660 2432 ⁷³
1680 2416 1794 2444 Malach.
1811 2425 1853 2449 ιιι,

1643 2451 1688 2478 51.
1733 2452 1755 2468 ⁷⁸
1773 2451 1853 2479 Joau.

1791 2460 1853 2480 0³11.

1073 2539 1228 2574 ἐρχόμενος.

1108 2547 1378 2613 Ξῖξίεαίιμῐχῑῃ
1394 2574 1476 2613 [legio
1484 2581 1527 2613 _et
1547 2576 1580 2613 in
1598 2577 1692 2605 Graeco
1708 2577 1855 2613 Scriptura:

1073 2612 1157 2636 tcalu.
1173 2609 1254 2642 Editi,
1270 2610 1317 2636 καὶ
1333 2610 1349 2645 ἡ
1366 2609 1469 2646 θεότης.
1484 2610 1638 2639 Felckman.
1651 2613 1678 2646 5,
1695 2613 1742 2640 καὶ
1757 2609 1775 2649 ή’
1786 2614 1854 2642 Θειό-

1071 2652 1129 2675 της.

1089 2652 1164 2714 ηῗιτ)
1186 2678 1218 2714 io
1234 2678 1300 2714 Θεός
1314 2679 1389 2707 deest
1404 2680 1429 2706 in
1445 2680 1563 2708 Felclim.
1581 2681 1607 2709 δ.

1106 2714 1161 2748 (48)
1183 2713 1228 2752 Sic
1242 2713 1360 2752 Felcltm.
1376 2716 1393 2742 5
1409 2715 1520 2751 Regius,
1533 2718 1648 2752 Λέγεται
1674 2717 1754 2746 εἶναι.
1770 2718 1853 2751 Ε(Ιίῑ.,

1071 2748 1251 2785 Λέγεταιῗγὰρ
1266 2748 1345 2777 εἶναι.

1109 2784 1164 2822 (49)
1185 2784 1285 2820 Regius
1301 2785 1395 2819 codex,
1410 2785 1454 2814 ῐσα
1468 2786 1543 2822 Θεῷ·
1562 2787 1591 2814 τὸ
1605 2786 1675 2815 εἶναι
1693 2788 1732 2821 ἐξ,
1745 2790 1854 2818 omissis

241 2814 281 2847 τὸ,
295 2815 309 2840 6
320 2814 526 2850 Παντοκράτωρ.
542 2815 625 2842 Paulo
639 2817 721 2850 ροςιὸ
731 2814 806 2844 deest
821 2817 848 2845 in
863 2816 946 2852 Regio
959 2826 1021 2847 ante

1076 2814 1183 2846 mediis.
