1977 3039
76 152 126 180 781

777 148 820 176 DE
840 148 996 176 SYRODIS.

1634 152 1687 180 782

75 209 161 245 Θεῷ-ι
176 209 206 236 τό
218 206 286 237 ιῖναι
299 208 328 241 ἐξ
343 208 469 244 ἀληθινοῦ
483 207 621 243 ἀλήθειαν,
636 207 682 234 καὶ
710 207 742 234 ἐκ
759 206 859 239 ζῶντος

916 208 1031 242 rapinam
1049 207 1194 235 arbitratus
1207 212 1249 235 est
1262 215 1322 236 esse
1338 215 1368 235 se
1391 208 1521 243 aequalem
1545 208 1600 236 Dco
1609 209 1632 226 ἠ
1646 218 1653 234 ι
1675 219 1684 236 ι

76 255 160 291 ζωὴν,
176 255 214 287 ὡς
229 254 295 281 -ὰπό
315 255 404 289 πηγῆς
428 253 511 286 ὅντως
545 253 599 288 (50)
628 253 674 279 τοῦ
693 251 807 288 Πατρός,
827 251 857 278 τό

75 301 217 333 ζωοποιεῖν
230 299 275 327 τὸν
291 299 353 326 Υίὸν
369 299 416 326 καὶ
426 299 542 335 ἐγείρειν
555 299 618 330 τοὺς
631 299 744 334 νεκροὺς
764 297 858 332 ὥσπερ

75 348 90 373 6
106 347 218 382 Πατήρ·
238 345 308 373 οὕτω
325 346 380 382 γὰρ
407 346 436 372 ὲν
459 345 497 381 τῷ
513 345 671 380 Εὑαγγελίῳ
694 344 856 379 γέγραπται.

76 393 132 418 Καὶ
146 391 209 427 περὶ
235 391 284 426 μὲν
299 391 347 418 τοῦ
375 390 482 426 Πατρός
505 390 668 427 γέγραπται·
696 398 705 415 ι
730 389 830 424 Κύριος
845 389 859 415 6

76 436 143 469 Θεός
158 445 215 468 σου,
233 436 334 472 Κύριος
357 433 397 468 εἷς
413 437 480 462 ἐστι·
494 445 503 461 ›
527 435 583 467 καὶ,
608 445 618 461 ι
637 435 702 466 Θεός
718 435 785 461 θεῶν
801 434 859 461 Κύ-

80 491 135 518 ριος
150 481 273 518 ὲλόιλησε,
297 481 344 509 καὶ
361 481 473 508 ἐκάλεσε
502 480 550 516 τὴν
563 480 625 514 γῆν·
641 489 650 505 ι
674 479 737 515 περ)⁸
755 478 784 505 δὲ
812 478 859 505 τοῦ

78 528 144 555 Υίοῦ
167 527 232 559 Θεὸς
258 527 370 564 Κύριος,
401 526 456 558 καὶ,
477 535 487 552 ι
504 526 651 560 Ἐπὲφανεν
676 526 752 561 ἡμῖν,
773 534 782 550 ι
802 525 858 556 καὶ,

81 583 90 599 ι
107 573 269 609 Ὀφθήσεται
291 572 384 604 όΘεός
412 572 466 599 τῶν
483 571 551 598 θεῶν
581 573 610 598 ὲν
636 567 748 597 Σιών-ἰ
780 569 860 596 πάλιν

77 628 106 646 τε
121 618 176 655 (51)
197 618 259 655 περὶ
277 618 326 654 μὲν
341 617 387 645 τοῦ
412 617 478 644 Θεοῦ
495 626 575 653 φησιν
600 618 614 644 6
635 617 756 648 Ἡσαΐας·
785 625 796 642 ι
813 615 861 647 Τις

77 665 153 698 Θεὸς,
165 665 259 700 ὥσπερ
278 665 322 697 σὺ,
345 664 459 699 ἐξαίρων
478 663 602 698 ἀνομίας,
619 662 666 690 καὶ
693 661 861 698 ὑπερῦαίνων

77 710 200 743 ﬁbulae;
223 720 231 736 ι
250 711 264 737 6
281 710 309 736 δὲ
329 709 392 741 Υἱός
408 709 500 743 ἔλεγεν
515 706 556 740 οἷς
582 708 686 744 ἡθελεν·
709 717 718 733 ι
744 707 862 741 Ἀφέων-

77 757 122 784 ταί
140 764 186 782 σου
200 757 227 782 αἱ
253 756 383 791 ἁμαρτίαι
398 754 470 790 (52)·
489 763 499 780 ι
517 754 562 780 ὅτε
584 753 630 781 καὶ
652 753 706 780 τῶν
729 753 862 781 Ἰουδαίων

77 800 273 836 γογγυζόντων,
289 800 362 836 ἔργῳ
377 799 428 835 τὴν
454 799 549 834 ἄφεσιν
568 799 696 832 ἐδείκνυε,
723 798 809 834 λέγων
824 798 862 833 τῷ

77 846 264 883 παραλυτικῷ·
283 856 292 871 ι
311 847 445 882 Ἔγειραι,
461 843 527 881 ἆρον
552 845 598 872 τὸν
627 844 781 880 κράϐεατόν
803 853 859 877 σου,

907 253 979 288 quod
988 253 1023 280 sit
1033 260 1064 280 ex
1074 260 1138 280 vero
1148 253 1256 286 veritas.
1264 261 1297 281 ex
1307 254 1413 282 vivente
1422 255 1487 287 vita,
1498 259 1527 282 ut
1537 255 1583 289 qui
1595 262 1688 283 revera

907 306 941 326 ex
954 299 1041 327 Patris
1057 299 1129 327 fonte
1140 300 1306 326 emanaverit
1318 310 1325 327 :
1339 300 1411 335 quod
1427 300 1512 327 Filius
1528 301 1643 328 viviiieet
1660 305 1688 328 et

909 344 1021 371 suscitet
1042 348 1165 371 mortuos
1182 345 1252 371 sicut
1267 343 1362 378 Pater,
1382 345 1419 372 ita
1437 345 1508 372 enim
1536 345 1635 380 legitur
1659 346 1687 372 in

908 389 1061 425 Evangelia.
1076 390 1109 417 Et
1121 391 1154 418 de
1170 390 1249 417 Patre
1261 391 1368 425 quidem
1384 391 1514 426 scriptum
1529 395 1571 418 est
1585 400 1592 418 τ
1610 400 1619 416 ι
1640 390 1689 418 Do-

909 437 999 464 minus
1010 436 1081 464 Deus
1093 441 1165 469 tuus,
1180 444 1251 463 unus
1263 436 1392 464 Dominus
1405 441 1446 464 est
1455 437 1478 452 ⁸⁰
1493 445 1500 469 ;
1515 446 1523 462 ι
1534 441 1578 464 et:
1597 446 1605 462 ι
1617 436 1688 464 Deus

909 481 1020 507 deorum
1038 479 1167 508 Dominus
1179 481 1286 508 locutus
1298 485 1349 514 est,
1359 485 1385 508 et
1397 481 1501 508 vocavit
1513 486 1611 509 terram
1619 482 1641 498 ⁸¹
1653 490 1659 514 ;
1677 492 1686 508 ι

909 524 942 552 de
956 525 1023 553 Filio
1035 531 1135 558 autem,
1153 535 1162 551 ι
1176 525 1245 554 Deus
1257 525 1388 554 Dominus
1395 531 1422 554 et
1432 527 1519 554 illuxit
1532 528 1610 555 nobis
1621 527 1644 544 ⁸³
1655 548 1661 558 ,
1677 538 1686 553 ι

909 576 946 603 et,
964 581 973 597 ι
988 571 1126 599 Videbitur
1139 571 1208 599 Deus
1221 572 1333 599 deorum
1348 572 1374 599 in
1390 572 1455 599 Sion
1467 572 1500 599 ⁸³.
1514 582 1523 598 ι
1535 572 1568 599 Et
1579 581 1687 600 rursum

910 616 943 644 de
959 616 1014 644 Deo
1028 617 1135 652 quidem
1151 617 1189 644 ait
1204 617 1308 644 Isaias:
1325 627 1334 643 ι
1347 616 1413 650 Quis
1430 617 1516 648 Deus.
1538 621 1568 644 ut
1584 622 1623 648 tu.
1637 617 1689 644 tol-

910 662 970 690 lens
986 663 1158 697 iniquitates,
1176 667 1202 690 et
1217 670 1348 698 superans
1361 663 1508 697 injustitias
1523 664 1566 690 "1'
1579 673 1588 689 ι
1604 663 1690 691 Filius

910 715 974 735 vero
997 708 1120 740 dicebat,
1143 708 1242 743 quibus
1268 708 1367 743 placuit
1393 709 1442 744 ipsi
1460 717 1467 735 :
1483 718 1492 735 ι
1511 709 1690 736 Dimittuntur

910 753 959 780 tibi
975 757 1084 788 peccata
1099 758 1144 780 tua
1156 754 1198 780 "2
1219 763 1228 779 ι
1243 761 1297 788 quo
1315 758 1433 789 tempore
1447 753 1549 782 Iudaeis
1563 762 1689 781 murmu-

911 799 1052 833 rantibus,
1072 807 1152 834 opere
1178 799 1251 827 illam
1276 799 1465 827 remissionem
1489 800 1689 835 comprobavit.

911 844 1004 872 dicens
1032 844 1180 880 paralytico
1195 855 1200 872 :
1219 854 1228 870 ι
1241 845 1344 880 Surge,
1360 845 1422 872 tolle
1442 845 1584 879 grabatum
1600 850 1690 876 tuum.

77 894 125 920 καὶ
148 893 236 927 ὕπαγε
255 894 294 925 εἰς
310 893 354 920 τὸν
371 891 443 919 οἶκόν
460 901 516 920 σου.
535 903 545 919 ι
577 892 631 920 Καὶ
652 892 715 928 περὶ
734 892 784 927 μὲν
813 891 860 918 τοῦ

916 893 937 916 at
950 889 1016 916 vade
1030 889 1057 916 in
1074 889 1183 916 domum
1204 894 1279 917 tuam
1291 890 1324 917 ".
1341 899 1350 915 ι
1376 889 1414 917 De
1425 889 1481 917 Deo
1496 898 1606 925 quoque
1621 890 1692 918 dixit

77 939 146 966 Θεοῦ
161 939 252 974 ἔλεγεν
267 939 322 974 (55)
348 939 362 965 6
376 938 492 970 Παῦλος·
523 948 533 965 ‹
562 938 607 974 Τῴ
629 939 658 966 δὲ
684 939 789 974 βασιλεῖ
808 938 863 965 τῶν

78 985 194 1012 αἰώνων·
212 995 221 1011 ι
247 984 310 1020 περὶ
335 984 364 1011 δὲ
380 984 426 1011 τοῦ
451 983 516 1012 Υίοῦ
538 985 553 1011 6
569 985 617 1020 μὲν
637 984 718 1011 Δαὸὶδ
739 984 861 1019 ἔψαλλεν·

81 1041 91 1057 ι
112 1031 212 1068 ’Δρατε
227 1031 324 1063 πύλας,
340 1032 364 1058 oi
376 1031 513 1067 ἄρχοντες,
539 1030 616 1066 ὑμῶν
633 1030 699 1065 (54),
713 1031 760 1057 καὶ
778 1030 863 1066 ἐπάρ-

79 1077 156 1113 θητε,
168 1077 248 1105 πύλαι
264 1077 376 1109 αίώνιοι,
391 1078 438 1104 καὶ
451 1077 631 1104 είσιλεύσεται
645 1078 660 1104 6
671 1077 796 1112 βασιλεὺς
811 1077 863 1112 τῆς

79 1124 184 1160 δόξης»
204 1126 219 1151 ὸ
234 1124 262 1150 δὲ
277 1124 375 1158 Δανιὴλ
390 1123 513 1158 ἤκουσεν·
543 1133 553 1148 ‹
572 1123 604 1149 Ἡ
634 1123 755 1158 βασιλεία
779 1121 862 1150 αὑτοῦ

81 1170 202 1205 βασιλεία
216 1169 348 1202 ultimae,»
363 1168 418 1201 καὶ,
433 1178 442 1194 ι
467 1168 500 1195 Ἦ
517 1168 639 1204 βασιλεία
653 1168 736 1195 αὑτοῦ
758 1168 787 1194 οὺ
805 1168 863 1194 δια-

81 1216 257 1252 φθαρήσεται.
271 1224 280 1241 ι
302 1214 356 1242 Καὶ
370 1215 438 1246 ὅλως
448 1214 498 1241 ὅσα
512 1214 544 1241 ἂν
560 1214 648 1250 εὕροις
665 1214 728 1249 περ)⁸
746 1213 791 1240 τοῦ
809 1214 864 1240 Πα-

82 1262 145 1296 τρὸς
163 1261 305 1296 λεγόμενα,
317 1259 436 1287 τοσαῦτα
450 1259 482 1286 ἂν
499 1259 588 1295 εὕροις
604 1260 651 1286 καὶ
667 1260 730 1295 περὶ
745 1259 791 1286 τοῦ
801 1258 864 1285 Υιοῦ

81 1306 224 1341 λεγόμενα,
238 1306 321 1342 χωρὶς
335 1306 414 1342 μόνου
427 1304 473 1332 τοῦ
489 1304 558 1332 εἶναι
577 1305 656 1332 αὐτὸν
673 1305 791 1341 Πατέρα,
816 1313 866 1331 κα-

82 1353 171 1388 θάπερ
185 1352 300 1388 εἴρηται.

120 1398 266 1433 50.Εἰμὲν
282 1397 328 1424 οὑν
355 1397 436 1432 ἄλλην
454 1397 540 1432 ἀρχὴν
564 1396 718 1432 ὲνθυμεῖταί
739 1405 791 1428 τις,
819 1396 866 1423 καὶ

81 1443 162 1470 ἄλλον
178 1443 287 1478 Πατέρα
299 1442 342 1469 διὰ
350 1443 380 1469 τὸ
397 1442 487 1474 ἰσάζον
499 1443 554 1469 τῶν
574 1443 736 1478 λεγομένων,
755 1443 866 1478 μανικὸν

81 1489 112 1516 τὸ
124 1489 278 1524 ἐνθύμημα·
292 1489 315 1514 εί
328 1488 356 1515 δὲ
370 1488 414 1515 διὰ
440 1488 471 1514 τὸ
488 1490 519 1515 ὲκ
539 1487 586 1515 τοῦ
613 1489 718 1523 Πατρὸς
733 1486 802 1514 εἶναι
821 1487 866 1514 τὸν

83 1535 156 1567 Υίὸν,
169 1535 258 1562 πάντα
269 1533 303 1561 τὰ
316 1533 361 1560 τοῦ
381 1535 497 1570 Πατρός,
524 1533 562 1566 ὡς
582 1535 611 1561 ἐν
625 1535 706 1561 εἰκόνι
722 1535 768 1561 καὶ
779 1543 864 1570 χαρα-

83 1560 313 1615 γτοῦΠΥίοῦ
342 1560 413 1610 ἐστι,
434 1560 670 1614 λοίίσώμξθαῶὕ)
696 1560 825 1614 autimas,
840 1579 865 1605 εί
878 1560 901 1591 c

84 1627 146 1662 ξένη
161 1625 239 1652 οὐσία
253 1626 301 1661 τῆς
311 1625 358 1652 τοῦ
372 1624 478 1660 Πατρός
492 1624 583 1656 οὐσίας
595 1624 704 1660 δεκτικὴ
714 1624 767 1651 τῶν
780 1624 865 1651 τοιού-

82 1682 136 1700 των
150 1673 217 1700 ὲστί·
238 1673 285 1699 καὶ
303 1673 327 1698 εί
342 1673 356 1698 6
365 1672 483 1703 τοιοῦτος
493 1671 640 1707 ὲτεροφυὴς
655 1673 702 1698 καὶ
713 1671 866 1707 ἀλλπριού-

85 1719 141 1750 σιός
158 1718 212 1753 (56)
225 1719 293 1749 ἐστι,
318 1718 365 1744 καὶ
387 1717 436 1752 οὐχ
458 1717 598 1753 ὁμοούσιος
618 1716 658 1752 τῷ
672 1717 767 1753 Πατρί.
781 1717 866 1744 Εὐλα-

84 1765 180 1801 6ητέον
196 1765 249 1800 γὰρ
261 1764 298 1799 μὴ
310 1764 345 1791 τὰ
361 1763 407 1790 τοῦ
422 1763 528 1798 Πατρός
543 1763 597 1789 ἴδια
614 1763 808 1798 μεταφέροντες
821 1763 867 1789 ἐπὶ

82 1811 113 1837 τὸ
133 1809 333 1844 ἀνομοωούσιον
344 1808 426 1844 αὐτῷ,
439 1809 485 1835 καὶ
510 1809 538 1835 ὲν
550 1809 734 1843 ἀνομοιογενεῖ
750 1808 798 1835 καὶ
820 1808 866 1835 ἀλ-

83 1855 256 1892 λοτριοουσίῳ
276 1854 518 1891 χαρακτηρίζοντες
543 1854 593 1889 τὴν
613 1853 659 1880 τοῦ
688 1853 794 1890 Πατρός
811 1853 866 1889 (57)

86 1902 209 1937 θεότητα,
225 1901 303 1935 ξένην
320 1901 367 1935 μὲν
380 1900 461 1935 ἀλλην
480 1898 629 1934 εἰσάξωμεν
654 1899 758 1932 οὐσίαν,
777 1899 867 1926 δεκτι-

86 1948 136 1984 κὴν
149 1947 203 1974 τῶν
221 1949 271 1982 τῆς
286 1946 396 1982 πρώτης
412 1945 503 1976 οὐσίας
520 1945 679 1980 ἰδιωμάτων,
691 1945 867 1981 ὲντραπῶμεν

85 1994 113 2021 δὲ
128 1995 172 2020 ὑπ’
189 1993 270 2020 αὑτοῦ
281 1992 328 2019 τοῦ
344 1992 410 2019 Θεοῦ
444 1991 578 2026 λέγοντος·
612 2000 622 2016 ι
641 1991 696 2026 Τὴν
720 1991 798 2023 δόξαν
816 1999 866 2026 μου

86 2040 172 2076 ἑτέρῳ
183 2040 212 2066 οὺ
225 2039 312 2066 δώσω·
329 2048 339 2064 )
358 2038 404 2065 καὶ
418 2037 573 2074 εὐρεθῶμεν
598 2036 813 2072 προσκυνοῦντες
829 2036 868 2072 τῷ

86 2086 227 2121 ἀλλοτρίῳ,
243 2085 290 2112 κα)⁵
303 2084 474 2120 νομισθῶμεν
500 2081 569 2110 εἶναι
592 2082 717 2114 τοιοῦτοι,
733 2081 784 2109 οἷοι
798 2081 868 2118 ἦσαν

85 2133 110 2158 οἱ
126 2132 185 2158 τότε
206 2131 326 2158 Ἰουδαῖοι
353 2131 485 2165 λέγοντες·
514 2138 523 2154 ι
545 2128 593 2156 Διὰ
620 2129 646 2155 τί
663 2129 707 2161 σὺ,
728 2128 869 2164 ἄνθρωπος

85 2178 133 2210 ὢν,
154 2178 239 2209 ποιεῖς
259 2177 370 2203 σεαυτὸν
397 2176 452 2211 (58)
480 2175 561 2207 Θεόν;
580 2184 589 2200 ι
614 2175 658 2201 ὅτε
685 2175 740 2207 καὶ,
764 2174 798 2201 τὰ
821 2174 868 2201 τοῦ

912 933 1032 961 Paulus:
1048 943 1057 959 ι
1073 933 1139 970 Regi
1154 935 1314 962 saculorum
1323 934 1345 950 "
1361 944 1368 968 ;
1386 944 1396 960 ι
1411 935 1445 963 de
1456 934 1526 963 Filio
1536 941 1625 963 autem
1639 936 1691 962 Da-

912 978 1080 1015 vid_eeeinit:
1097 987 1106 1003 ι
1119 979 1238 1006 Attollite
1252 983 1355 1013 portas,
1369 980 1515 1014 principes,
1532 985 1648 1012 vestras,
1664 985 1692 1007 et

911 1023 1070 1055 clevamini,
1091 1028 1175 1058 portae
1196 1024 1356 1056 :eteruales,
1379 1029 1405 1052 et
1418 1025 1541 1053 introibit
1563 1026 1619 1053 Rex
1632 1026 1691 1061 glo-

912 1069 1007 1102 riae";
1024 1078 1033 1094 ι
1051 1068 1142 1096 Daniel
1159 1077 1224 1097 vero
1239 1070 1295 1098 haec
1313 1071 1434 1097 audivit:
1449 1081 1457 1096 ι
1474 1071 1595 1107 Regnum
1620 1072 1690 1106 ejus,

912 1122 1024 1149 regnum
1039 1115 1232 1150 sempiternum
1246 1117 1285 1149 ",
1301 1125 1310 1142 ι
1333 1121 1376 1150 et,
1395 1126 1404 1142 ι
1422 1118 1543 1152 Regnum
1561 1118 1620 1152 ejus
1637 1126 1690 1145 non

912 1166 1100 1196 corrumpetur
1111 1161 1143 1188 '°.
1161 1171 1171 1187 ι
1192 1161 1304 1189 Demum
1320 1170 1488 1198 quaecunque
1506 1164 1539 1191 de
1554 1163 1634 1191 Patre
1648 1164 1692 1192 di-

912 1210 955 1234 cta
969 1207 1110 1242 repereris,
1129 1212 1169 1235 tot
1185 1212 1313 1243 tantaque
1327 1209 1360 1236 de
1374 1208 1442 1237 Filio
1456 1210 1528 1237 dicta
1541 1210 1693 1245 deprehen-

913 1252 971 1285 des,
984 1259 1015 1280 ea
1030 1253 1116 1280 Solum
1133 1254 1302 1288 exceptione,
1313 1255 1385 1290 quod
1398 1254 1456 1290 ipse
1468 1262 1523 1283 non
1545 1256 1581 1284 sit
1601 1256 1692 1290 Pater,

915 1302 944 1325 ut
956 1299 1057 1326 dictum
1071 1300 1195 1334 superius
1209 1305 1259 1328 est.

950 1398 993 1425 50.
1014 1397 1041 1425 Si
1053 1399 1115 1433 quis
1135 1399 1218 1434 igitur
1238 1399 1311 1428 aliud
1327 1399 1491 1436 principium
1506 1406 1533 1429 et
1546 1401 1630 1428 alium
1642 1401 1694 1429 Pa—

916 1447 984 1471 trem
999 1444 1142 1479 excogitet,
1157 1453 1190 1472 eo
1207 1445 1280 1480 quod
1303 1446 1417 1480 aequalia
1434 1446 1489 1474 sint
1513 1454 1574 1481 qua:
1594 1447 1692 1474 dicun-

916 1494 970 1523 tur,
993 1490 1119 1518 insanum
1141 1495 1214 1518 certe
1240 1491 1305 1519 illud
1335 1497 1529 1519 commentum.
1551 1492 1578 1520 Si
1601 1498 1692 1520 autem

916 1536 979 1570 quia
992 1536 1076 1564 Filius
1091 1544 1124 1564 ex
1137 1537 1216 1565 Patre
1229 1541 1280 1570 est,
1295 1538 1386 1565 omnia
1401 1545 1462 1572 qua:
1473 1537 1561 1565 Patris
1575 1545 1639 1566 sunt
1653 1539 1694 1574 (ut

915 1583 942 1609 in
957 1583 1074 1618 imagine
1090 1588 1117 1611 et
1132 1583 1298 1618 charactere)
1314 1583 1374 1611 Filii
1391 1588 1455 1612 sunt
1478 1592 1486 1610 :
1510 1592 1588 1619 atquo
1602 1585 1694 1612 animo

915 1630 1076 1664 cogitemus,
1091 1637 1153 1656 num
1167 1630 1317 1657 substantia
1332 1631 1420 1658 aliena
1435 1639 1450 1658 a
1463 1630 1552 1658 Patris
1567 1631 1695 1659 substan-

915 1675 961 1708 tia,
989 1675 1142 1703 istiusmodi
1164 1683 1254 1703 rerum
1278 1683 1363 1711 capax
1383 1676 1418 1704 sit
1436 1684 1442 1702 :
1457 1681 1485 1704 et
1508 1677 1546 1709 si,
1564 1677 1609 1712 qui
1633 1677 1697 1704 talis

915 1724 966 1752 est,
980 1720 1093 1748 diversa:
1104 1726 1217 1753 natura,
1228 1727 1254 1748 et
1266 1721 1360 1749 aliena:
1374 1721 1532 1749 substantiae
1545 1722 1589 1755 sit,
1602 1726 1629 1749 et
1641 1730 1694 1750 non

915 1766 1007 1800 potius
1025 1765 1100 1793 Patri
1115 1767 1365 1794 consubstantialis.
1385 1766 1540 1794 Cavendum
1563 1767 1646 1799 enim,
1661 1775 1697 1794 ne

915 1819 975 1846 quin
984 1811 1071 1839 Patris
1081 1812 1187 1847 propria
1205 1817 1268 1840 sunt
1284 1812 1474 1840 transferentes
1488 1813 1521 1840 ad
1531 1812 1607 1845 illud,
1625 1813 1696 1847 quod

915 1857 940 1885 ei
963 1859 1114 1886 substantia
1140 1858 1274 1886 dissimile
1295 1863 1347 1891 est,
1363 1863 1389 1886 et
1406 1866 1439 1886 ne
1460 1859 1487 1886 in
1503 1867 1536 1886 eo
1551 1860 1596 1893 qui
1617 1859 1697 1886 dissi-

917 1902 989 1930 milis
1006 1907 1113 1937 natura,
1127 1908 1154 1931 et
1167 1904 1273 1932 alienus
1287 1905 1438 1932 substantia
1456 1910 1507 1938 est,
1524 1906 1611 1933 Patris
1626 1906 1680 1933 divi
1690 1922 1696 1927 -

917 1948 1027 1976 nitatem
1047 1949 1236 1985 designantes,
1256 1955 1412 1979 extraneam
1434 1952 1513 1979 aliam
1537 1953 1696 1981 inducamus

917 1995 1108 2027 substantiam.
1129 1995 1224 2030 prima:
1239 1996 1397 2024 substantia:
1411 1998 1604 2031 proprietatum
1621 2005 1698 2032 capa-

917 2047 997 2067 cem:
1018 2040 1174 2075 pudoreque
1198 2039 1347 2067 alliciamur
1367 2041 1401 2067 ab
1418 2041 1477 2075 ipso
1504 2041 1559 2068 Deo
1579 2041 1695 2074 dicente,

920 2094 929 2111 ι
942 2084 1059 2112 Gloriam
1074 2093 1161 2112 meam
1175 2085 1252 2112 alteri
1268 2093 1321 2112 non
1338 2085 1463 2118 dabo“,»
1474 2091 1501 2113 et
1515 2086 1695 2121 deprehenda-

917 2138 978 2158 mur
1001 2131 1117 2158 alienum
1141 2131 1273 2164 adorare,
1288 2131 1407 2166 talesque
1427 2132 1585 2165 habeamur,
1602 2135 1696 2168 quales

919 2176 983 2204 olim
992 2175 1170 2210 iuereJudzei,
1179 2177 1226 2212 qui
1237 2177 1344 2204 aiebant
1352 2185 1358 2203 :
1366 2178 1460 2212 6101
1473 2177 1561 2211 Quare
1571 2180 1699 2212 tu,!icmu

86 2223 243 2258 Πνεύματος
275 2222 485 2258 μεταφέροντες,
512 2221 702 2256 ὲὸλασφήμουν
733 2221 864 2255 λέγοντες,

921 2229 982 2248 cum
997 2222 1044 2254 sis,
1061 2221 1129 2249 facis
1143 2222 1259 2256 teipsum
1275 2221 1359 2249 Deum
1373 2223 1416 2250 ἨΞ
1432 2233 1442 2249 ι
1463 2231 1526 2251 eum
1541 2224 1579 2251 illi
1592 2233 1624 2252 ea
1639 2233 1700 2260 quae.

85 2269 127 2295 ὅτι
148 2278 158 2295 ι
184 2269 227 2296 Ἑν
241 2269 401 2301 Βεελζεεοὺλ
416 2267 540 2295 ὲχὸάλλει
554 2267 588 2294 τὰ
613 2267 746 2302 δαιμόνια.
761 2276 771 2293 ι
792 2268 823 2293 Ei
841 2266 869 2293 δὲ

86 2315 166 2342 τοῦτο
183 2315 316 2352 ἀπρεπὲς,
331 2315 419 2350 δῆλον,
434 2314 474 2341 ὅτι
487 2313 542 2349 (59)
561 2313 611 2340 οὑκ
622 2312 821 2348 ἀνομοιοούσιος
835 2313 869 2340 ἂν

123 2373 146 2389 το
166 2372 272 2407 Philipp

86 2415 166 2440 xLiIt,
181 2408 226 2435 25.
239 2403 264 2407 ’”
277 2407 300 2423 ⁸³
319 2406 414 2433 Matth.
429 2413 467 2438 Ix,
487 2406 514 2432 5.
554 2405 589 2440 7"
610 2403 691 2440 Marc.
710 2412 741 2436 ιι,
761 2404 804 2431 ii.

277 2393 282 2398 .
301 2379 330 2401 ιι,
345 2371 372 2398 ϐ.
410 2370 433 2387 ⁸ο
452 2370 530 2397 Deut.
550 2377 589 2400 v1.
601 2369 629 2396 ι.
665 2370 687 2385 ⁸¹
707 2368 779 2396 Psal.
795 2377 864 2400 xux,

277 2407 300 2423 υ
320 2406 414 2431 Matth.
429 2413 467 2431 ix.
487 2406 514 2431 5.
567 2405 589 2420 ⁸⁸
610 2403 691 2431 Marc.
710 2412 741 2431 ιι.
761 2404 804 2431 tt.
857 2405 864 2420 ι

949 2369 972 2385 ⁸³
992 2367 1064 2396 Psal.
1080 2375 1162 2399 cxvn.
1178 2368 1223 2395 27.

921 2404 992 2431 Tim.
1009 2411 1029 2431 I.
1045 2403 1088 2429 l7.
1146 2403 1169 2418 ⁸⁸
1188 2402 1223 2431 Ps

923 2263 1040 2298 Spiritus
1061 2269 1139 2292 erant
1163 2266 1217 2292 alio
1243 2266 1455 2299 transferentes,
1482 2269 1698 2303 blasphemarth

922 2309 966 2338 his
985 2310 1095 2338 verbis:
1115 2319 1125 2336 ι
1145 2310 1174 2337 ln
1189 2310 1372 2339 Beelzebulem
1388 2313 1461 2348 ejicit
1481 2314 1614 2342 daemonia
1631 2315 1663 2342 ".
1686 2325 1696 2342 ι

1281 2369 1304 2385 ⁸³
1322 2369 1393 2397 Psal.
1411 2378 1524 2402 Lxxxm.
1540 2371 1566 2398 8.
1604 2372 1628 2388 ”
1646 2373 1699 2402 lea,

1146 2403 1169 2418 ⁸⁸
1188 2402 1262 2431 Psal.
1278 2412 1356 2438 xxm,
1377 2406 1402 2432 7.
1458 2406 1481 2422 ⁸⁸
1501 2406 1569 2433 Dan.
1583 2415 1624 2438 ιιι,
1638 2407 1700 2435 tot).

87 2444 110 2458 ’°
130 2438 198 2470 Dan.
213 2450 262 2475 vn,
279 2442 322 2469 14.
359 2441 380 2457 ⁹¹
399 2440 451 2468 lsa.
470 2448 535 2471 χιιι,
549 2439 575 2466 8.
613 2440 635 2455 ⁹¹
654 2438 732 2466 Joan.
747 2447 774 2472 x,
789 2439 833 2467 55.

916 2439 982 2467 Luc.
1003 2446 1040 2472 xl,
1056 2438 1099 2465 15.

124 2499 180 2534 (50)
200 2498 246 2526 Sic
266 2499 348 2526 editio
362 2497 480 2534 Comma
494 2496 575 2524 Basil.
585 2495 734 2534 gtRegius
746 2497 866 2534 secunda

87 2531 182 2565 manu,
199 2542 260 2562 nam
282 2536 368 2569 prima
384 2533 460 2564 δντος
475 2532 563 2559 habet.
585 2531 704 2559 Felckm.
719 2532 744 2565 5,
761 2531 798 2563 ὡς
815 2540 867 2567 πη-

87 2570 140 2605 γῆς
156 2569 241 2605 ὄντος,
258 2577 311 2605 non
325 2569 405 2605 male.

125 2600 181 2638 (5|)
202 2600 247 2632 Sic
261 2604 326 2639 Reg.
339 2603 423 2639 codex
437 2606 464 2639 et
474 2601 594 2639 Felckm;
607 2600 716 2639 E_dit_i
727 2607 802 2639 fero,
819 2601 866 2628 καὶ

87 2636 222 2667 πάλιντε.
235 2636 430 2666 ΜοχἝιεΙςΙίιη.
448 2637 475 2670 5,
492 2638 539 2672 μὲν
548 2636 595 2663 τοῦ
607 2636 683 2663 Υίοῦ.
695 2636 766 2663 Ει1ὶιί
779 2641 805 2663 et
813 2644 866 2664 cae-

87 2676 149 2706 teri,
166 2675 215 2710 μὲν
229 2674 275 2710 τοῦ
289 2673 366 2701 Θεοῦ.

124 2706 181 2745 (ΞΞ)
201 2708 375 2737 Felckmanui
400 2707 427 2740 5,
449 2706 596 2742 Ἀφέωνταί
620 2715 667 2733 σομ
684 2706 714 2733 αι
739 2706 869 2742 ἁμαρτίαι

88 2755 146 2772 σου.

123 2780 179 2815 (55)
200 2778 247 2807 Sic
265 2777 364 2814 Regius
387 2782 413 2805 et
437 2777 611 2805 Felekmanni
636 2777 663 2805 5.
690 2775 772 2809 Editi,
788 2776 871 2812 ἔγρα-

108 2825 180 2886 Εἷέίό)
200 2849 240 2877 lta
257 2848 369 2885 Regius,
387 2847 470 2876 Basil.
486 2852 512 2876 et
525 2847 589 2876 edit.
608 2846 694 2875 Paris.
716 2846 788 2875 Edit.
806 2854 871 2876 vero

919 2496 1044 2531 Comm",
1056 2495 1143 2531 ὑμῶν.

956 2531 1013 2566 (55)
1033 2530 1134 2566 Regius
1151 2530 1246 2561 codex.
1263 2531 1437 2566 λογισόμεθα.

955 2566 1070 2602 (δόλιαι
1088 2566 1187 2602 Regius
1199 2570 1280 2602 atque
1301 2566 1341 2593 sic
1353 2566 1547 2602 scribendum.
1562 2567 1684 2602 similith
1695 2583 1702 2588 -

919 2609 971 2637 que
986 2600 1056 2637 intra
1071 2600 1282 2637 dvottomoéatov,
1291 2605 1319 2628 et
1329 2601 1552 2637 QKozptoouetqi.
1562 2601 1644 2633 Edit..
1655 2604 1702 2630 ἁλ-

919 2636 1093 2672 λοτρεούᾳον,
1110 2635 1305 2670 ἆνομοιούσιον,
1322 2635 1533 2672 ἀλλοτριουσίῳ,
1545 2638 1681 2665 mendose.

955 2670 1011 2707 ('57)
1032 2670 1078 2698 Sic
1101 2678 1196 2698 omnes
1219 2670 1410 2706 manuscripti.’
1431 2670 1594 2703 Editi'vero.
1615 2673 1702 2700 Πατέ-

1031 2777 1060 2802 ἱι.
1075 2783 1139 2801 vero
1154 2775 1254 2808 Paris,
1268 2776 1321 2802 ὅτι.

967 2811 1019 2847 59)
1033 2810 1079 2838 Sic
1096 2809 1160 2845 Reg.
1177 2817 1204 2838 et
1221 2810 1342 2847 Felcktrt.
1355 2811 1384 2847 73.
1403 2810 1473 2839 Edit.
1488 2819 1562 2843 vero,
1573 2812 1706 2847 δηλονότι.

920 2846 987 2875 Ibid.
1005 2845 1082 2881 Regn,
1097 2846 1306 2881 ἁνομοιοοὺσιος.
1322 2846 1404 2879 Editi,
1422 2845 1618 2882 ἀνομοιούςιος.

1028 2740 1147 2768 Felckm.
1165 2740 1192 2771 5,
1206 2740 1312 2768 ἑαυτόν.
1322 2740 1391 2768 lbid.
1403 2748 1497 2768 omnes
1509 2743 1702 2779 manuscripti,

918 2777 972 2803 ὅτε.
1011 2776 1060 2802 dit.
1075 2783 1139 2801 vero
1154 2775 1254 2803 Paris.
1268 2776 1321 2802 ὅτι.

955 2811 1012 2844 (59)
