1977 3039
259 151 310 179 785
535 149 564 176 S.
584 148 771 176 ATIIANASII
792 149 866 177 OPP.
887 148 979 177 PARS
999 150 1018 177 1.
1040 164 1074 171 —-

257 209 334 243 Quod
351 209 374 236 si
397 208 462 235 illud
483 206 642 234 indecorum
657 211 700 235 est
711 227 718 239 ,
733 212 805 235 certe
822 216 876 235 non
895 208 1037 236 dissimilis
1052 212 1074 240 Α

257 254 415 283 substantia
431 253 510 280 fuerit
527 252 622 283 Filius,
639 254 686 281 sed
699 254 939 282 consubstantialis
953 255 1036 282 Patri.

257 301 361 328 Etenim
385 300 407 327 si
424 307 485 334 quae
506 299 594 327 Patris
616 304 688 332 sunt,
707 301 867 327 naturaliter
886 300 947 327 Filii
963 305 1036 333 sunt,

258 347 367 381 ipSeque
380 344 466 372 Filius
488 353 521 373 ex
537 345 617 373 Patre
634 350 686 378 est,
711 350 738 373 et
754 350 862 381 propter
880 346 1037 381 huiusmodi

258 393 389 419 unitatem
407 391 557 420 divinitatis
570 396 598 420 et
612 396 730 425 naturas,
749 393 806 427 ipse
819 397 845 420 et
858 392 937 420 Pater
951 400 1036 420 unum

256 442 320 465 sunt
332 459 339 470 ,
355 442 381 465 et
395 438 442 473 qui
457 438 524 465 vidit
537 438 635 466 Filium
649 439 716 466 vidit
729 442 755 465 et
770 437 875 466 Patrem
886 459 893 471 ,
912 439 1007 466 merito
1021 446 1037 465 ιι

256 484 384 511 Patribus
403 484 492 511 dictus
514 488 556 512 est
572 484 812 512 consubstantialis
831 493 838 511 :
863 491 952 519 neque
964 484 1036 511 enim

256 529 304 564 qui
327 529 438 557 alterius
463 533 536 557 esset
563 529 730 561 substantiae,
756 530 819 557 talia
851 529 950 556 habere
972 535 1036 564 pos-

256 579 307 603 set.

293 621 338 648 5|.
353 620 472 648 Rursum
487 620 520 652 si,
535 624 615 655 prout
628 627 709 655 supra
721 620 850 652 diximus,
866 627 921 647 non
934 627 967 648 ex
978 627 1038 655 par-

257 666 413 700 ticipatione
429 666 464 694 sit
479 665 564 693 Filius
580 675 588 693 :
606 666 654 693 sed
682 666 789 701 opiﬁcia
808 666 917 700 quidem
945 665 1037 694 omnia

256 720 289 739 ex
307 711 512 746 participatione
528 711 575 738 Dei
591 711 707 746 gratiam
731 711 865 744 habeant,
889 711 947 746 ipse
971 718 1036 738 vero

256 757 345 785 Patris
363 757 494 791 sapientia
506 761 534 784 et
548 756 667 784 Verbum
684 756 738 789 sit,
755 756 864 791 quicum
881 757 1034 784 communia

256 803 337 830 habet
353 802 445 829 omnia
462 809 468 828 :
488 806 561 829 certe
574 809 636 828 cum
651 801 686 828 sit
701 801 758 835 ipse
774 801 799 827 id
815 808 870 835 quo
887 800 966 827 Pater
979 800 1037 827 dei<

255 848 318 875 ﬁcat
335 852 362 875 et
375 847 520 879 illuminat,
539 846 566 874 in
583 854 637 881 quo
651 847 754 874 scilicet
767 846 858 873 omnia
874 846 1036 874 deiﬁcautur

255 898 282 921 et
298 893 478 925 viviﬁcantur,
495 899 549 918 non
565 879 660 919 alienae
683 899 698 919 a
721 891 800 918 Patre
824 891 982 919 substantia:
995 895 1037 918 est
1052 879 1073 906 Β

256 939 303 966 sed
327 938 576 966 consubstantialis.
603 936 691 972 Hujus
718 937 791 964 enim
830 937 1037 973 participatione

256 980 344 1011 l’atiis
357 983 501 1018 participes
515 982 656 1015 efﬁcimur,
677 990 710 1010 eo
722 983 794 1018 quod
816 983 874 1018 ipse
895 983 1034 1018 proprium

255 1029 345 1056 Patris
361 1029 396 1057 sit
416 1028 546 1056 Verbum.
571 1027 648 1056 Unde
663 1029 686 1057 si
704 1029 761 1063 ipse
778 1035 887 1063 quoque
902 1036 935 1056 ex
953 1029 1036 1064 parti-

256 1075 393 1110 cipatione
407 1079 490 1107 esset,
507 1079 533 1102 et
545 1082 600 1102 non
613 1082 645 1102 ex
660 1082 689 1103 se
709 1074 894 1102 substantialis
908 1075 1036 1103 divinitas

255 1125 282 1148 et
304 1121 395 1155 imago
409 1119 508 1152 Patris,
523 1127 578 1147 non
595 1120 734 1148 deiticaret
750 1120 829 1153 alios,
855 1128 917 1149 cum
935 1124 962 1148 et
978 1121 1036 1156 ipse

254 1166 395 1194 deiticatus
418 1170 499 1194 esset.
518 1165 577 1193 Non
596 1166 667 1194 enim
683 1166 741 1194 ﬁeri
757 1170 845 1201 potest
859 1174 921 1194 eum
938 1167 986 1202 qui
1001 1174 1035 1194 ex

255 1211 461 1247 participatione
476 1211 565 1243 habet,
580 1210 606 1238 id
620 1211 698 1246 cujus
710 1212 844 1247 particeps
858 1217 899 1239 est
913 1213 974 1240 aliis
985 1212 1036 1239 im-

256 1257 355 1292 pertire
373 1265 380 1283 :
396 1256 470 1291 quod
493 1256 566 1284 enim
582 1255 626 1283 ille
641 1256 731 1288 habet,
748 1264 828 1284 suum
850 1264 904 1284 non
920 1263 970 1289 est,
989 1257 1036 1284 sed

255 1302 315 1336 ejus
334 1301 380 1336 qui
396 1301 478 1334 dedit,
501 1307 527 1328 et
550 1301 623 1336 quod
642 1302 755 1336 accepit,
771 1302 814 1329 vix
832 1302 884 1329 sibi
899 1302 1035 1330 sullicien-

255 1353 309 1374 tem
327 1347 441 1383 gratiam
462 1346 575 1381 accepit.
597 1346 714 1374 Causam
731 1351 822 1375 tamen
844 1355 893 1374 cur
912 1347 1034 1382 quidam,

257 1396 287 1418 ut
304 1391 399 1424 fertur,
413 1391 644 1418 consubstantiale
659 1396 796 1425 respuant,
812 1391 917 1419 sincere
933 1392 1036 1419 exami—

256 1445 362 1470 nemus,
381 1445 415 1464 an
432 1445 487 1465 non
506 1437 592 1472 magis
605 1445 638 1464 ex
652 1437 697 1464 illa
712 1438 768 1472 ipsa
785 1437 870 1465 Filius
882 1437 955 1465 Patri
971 1445 1037 1466 con-

256 1484 444 1512 substantialis
458 1484 626 1511 ostendatur.
640 1483 724 1510 Aiunt
748 1484 840 1519 igitur,
858 1488 887 1511 ut
899 1492 947 1512 vos
969 1483 1037 1511 scri-

255 1530 360 1564 psistis,
375 1529 475 1556 Filium
489 1529 562 1556 Patri
579 1529 838 1557 consubstantialem
853 1529 907 1557 dici
923 1530 1035 1557 minime

255 1575 365 1609 debere,
384 1576 448 1610 quia
462 1576 508 1610 qui
522 1575 588 1602 dicit
601 1575 871 1608 consubstantialem,
887 1575 937 1603 tria
958 1576 1033 1609 dicit,

256 1621 435 1649 substantiam
449 1622 576 1656 aliquam,
590 1629 651 1656 quae
669 1621 744 1656 prius
764 1621 912 1657 subjaceat,
936 1628 964 1650 et
988 1629 1036 1650 eos

256 1666 303 1702 qui
318 1674 350 1693 ex
366 1667 412 1693 illa
425 1667 505 1701 geniti
519 1670 582 1694 sunt
597 1673 657 1694 esse
669 1666 913 1694 consubstantiales
932 1676 939 1694 :
955 1672 1036 1702 atque

257 1712 322 1739 hinc
334 1712 519 1740 concludunt:
535 1711 564 1739 Si
578 1719 642 1747 ergo
655 1711 740 1740 Filius
764 1712 800 1740 sit
820 1712 895 1740 Patri
915 1713 1035 1741 consub-

257 1758 401 1792 stantialis,
422 1765 534 1786 necesse
548 1762 590 1785 est
609 1759 685 1793 prius
700 1758 841 1793 subiacere
856 1766 951 1786 eorum
969 1759 1035 1787 sub-

257 1804 385 1831 stantiam
399 1811 433 1831 ex
449 1811 502 1838 qua
518 1804 601 1839 geniti
617 1803 682 1836 sint,
697 1809 722 1832 et
737 1812 791 1832 non
810 1812 871 1832 esse
886 1805 961 1832 illum
982 1804 1035 1832 Pa-

257 1855 336 1881 trem,
351 1850 423 1878 hunc
433 1849 542 1883 Filium,
558 1850 606 1878 sed
620 1850 715 1878 ambos
731 1849 839 1878 fratres.
855 1849 917 1878 Haec
928 1851 1035 1878 tametsi

257 1896 429 1924 ethnicorum
442 1901 507 1924 sunt
520 1896 723 1931 explicationes,
740 1903 844 1931 nosque
858 1896 926 1924 nihil
940 1905 1035 1924 eorum

257 1950 368 1977 egemus
383 1942 534 1970 ratiociniis
551 1950 558 1968 :
577 1942 755 1971 nihilominus
778 1943 919 1970 videamus
943 1947 1034 1970 utrum

257 1988 302 2015 illa
319 1988 570 2020 consubstantialia,
586 1995 647 2023 quae
661 1995 724 2016 cum
743 1996 777 2016 ex
798 1989 874 2025 prius
899 1989 1035 2018 intellecta

257 2034 410 2061 substantia
430 2033 495 2065 sint,
514 2032 611 2061 fratres
631 2034 769 2067 dicuntur,
793 2035 846 2062 sibi
869 2040 975 2069 mutuo,
1000 2044 1035 2064 an

257 2079 416 2107 substantia:
426 2086 459 2106 ex
472 2087 525 2114 qua
544 2084 603 2107 orta
618 2084 698 2113 sunt,
715 2080 769 2108 sint
781 2081 1033 2109 consubstantialia.

257 2126 286 2153 Si
303 2125 376 2152 enim
400 2125 450 2153 sibi
470 2129 584 2158 mutuo;
602 2125 714 2154 diversa:
733 2134 798 2162 ergo
819 2127 987 2161 substantiae,
1003 2136 1036 2155 ac

256 2171 399 2199 dissimilia
414 2175 494 2198 erunt
506 2171 664 2199 substantiae
679 2179 695 2199 a
705 2179 759 2207 qua
769 2176 858 2200 ortum
877 2173 1012 2200 duxerunt
1025 2181 1032 2199 :

257 2218 402 2252 opponitur
420 2217 492 2245 enim
507 2218 742 2250 consubstantiali,
759 2218 831 2254 quod
845 2223 886 2246 est
899 2227 932 2246 ex
944 2218 1033 2246 diver—
1048 2218 1072 2248 D

257 2272 287 2291 sa
312 2264 474 2292 substantia.
491 2263 569 2297 Quod
591 2264 614 2292 si
635 2269 781 2299 utrumque
804 2265 1036 2293 consubstantiale

257 2311 293 2338 sit
319 2310 478 2338 substantiae
494 2318 509 2338 a
532 2317 585 2345 qua
602 2314 690 2338 ortum
707 2310 802 2342 duxit,
826 2319 889 2338 nam
914 2311 940 2338 id
965 2316 1037 2339 certe

257 2357 329 2390 quod
344 2363 376 2384 ex
394 2356 447 2383 alio
462 2356 584 2384 nascitur
597 2356 621 2384 ei
636 2356 682 2391 qui
697 2364 726 2384 se
745 2357 838 2392 genuit
853 2361 895 2385 est
917 2357 1037 2384 consub-

257 2401 398 2435 stantiale;
413 2409 467 2429 non
479 2402 546 2429 ultra
560 2406 623 2429 sunt
635 2402 785 2436 quaerendae
796 2406 851 2430 tres
861 2402 1034 2430 substantiae:

258 2445 305 2473 sed
325 2446 352 2473 id
365 2446 453 2474 solum
471 2446 699 2482 investigandum,
719 2455 784 2474 num
801 2447 853 2475 hoc
866 2455 930 2475 vere
943 2455 976 2475 ex
991 2448 1037 2475 illo

259 2492 304 2518 sit.
320 2490 386 2518 Nam
407 2492 458 2519 etsi
473 2491 612 2527 contingat
627 2499 681 2520 non
698 2499 758 2520 esse
772 2493 842 2520 duos
855 2492 954 2521 fratres
966 2513 973 2526 ,
990 2492 1037 2520 sed

259 2538 369 2565 unicum
382 2546 416 2565 ex
432 2538 477 2566 illa
493 2538 644 2566 substantia
659 2543 750 2566 ortum
766 2546 827 2566 esse
841 2547 848 2565 ε
864 2545 897 2565 eo
911 2538 983 2573 quod
998 2538 1037 2565 al-

259 2588 298 2610 ter
315 2591 367 2611 non
381 2584 426 2616 sit,
442 2591 613 2618 nequaquam
628 2583 675 2618 qui
690 2588 769 2612 natus
781 2588 832 2616 est,
848 2583 961 2611 diversae
973 2584 1038 2611 sub-

294 2673 350 2710 (60)
370 2673 416 2701 Sic
428 2673 539 2709 Regius.
556 2673 638 2706 Editi,
653 2673 783 2709 δηλονότι.
796 2672 863 2700 Ibid.
880 2672 998 2701 Felckm.
1009 2673 1037 2706 5,

257 2708 350 2776 αὐτίξῖ)
372 2744 417 2770 Sic
433 2743 544 2778 Regius.
563 2743 634 2771 Editi
647 2751 720 2775 vero,
737 2741 948 2778 ἀλλοτριούσιος.

294 2746 350 2812 ibi)
370 2779 523 2805 Fclcktnan.
538 2779 565 2811 5,
581 2780 627 2805 καὶ
650 2779 738 2810 αὐτός.
757 2779 813 2806 Καὶ
828 2778 877 2812 τὴν
897 2779 948 2805 αἱτί

306 2779 350 2813 0'2)
370 2777 523 2805 Fclcktnan.
538 2779 565 2811 5,
581 2780 627 2805 καὶ
650 2779 738 2810 αὑτός.
757 2777 877 2813 Καίτὴν
897 2778 986 2805 αἰτίαν
1010 2777 1039 2805 δὲ

276 2821 342 2848 μως,
359 2814 450 2848 multis
466 2814 665 2847 prtetermissis.

294 2848 350 2883 (ϋό)
370 2847 523 2875 Felekman.
541 2849 567 2880 5,
579 2848 748 2883 γενομένους.
758 2847 842 2877 Paulo
854 2854 926 2884 post.
938 2848 1038 2885 Regius

259 2812 272 2839 6

1094 149 1279 178 HISTORICA
1300 149 1344 177 ET
1364 149 1575 178 DOGMATICA.
1820 154 1872 181 784

1087 209 1129 244 ιῐη
1150 208 1246 240 ὁΥἱός,
1259 209 1326 236 ἀλλὰ
1337 208 1477 244 όμοούσιος
1498 209 1536 244 τῷ
1550 210 1648 246 Πατρί·
1666 210 1712 237 καὶ
1731 211 1785 247 γὰρ
1801 213 1825 238 si
1838 214 1872 240 τὲι

1087 254 1134 281 τοῦ
1150 255 1255 289 Πατρός
1269 254 1391 289 φυσικῶς
1403 254 1449 281 τοῦ
1465 255 1529 281 Υἱοῦ
1546 255 1629 289 ἐστιν,
1646 256 1726 288 αὐτός
1739 265 1768 283 τε
1786 259 1799 284 ό
1810 258 1872 290 Υἱὸς

1088 301 1121 328 ἐκ
1136 300 1181 326 τοῦ
1194 300 1299 336 Πατρός
1324 302 1393 333 ἐστι,
1410 301 1458 327 καὶ
1488 301 1532 328 διὰ
1549 301 1598 336 τὴν
1612 302 1740 338 τοιαύτην
1762 303 1873 338 ἑνότητα

1087 347 1137 381 τῆς
1153 346 1278 381 θεότητος
1292 346 1398 381 καὶτῆς
1410 345 1516 380 φύσεως
1528 347 1608 378 αὐτὸς
1623 348 1669 374 καὶ
1682 348 1696 374 ό
1724 349 1818 383 Πατὴρ
1843 349 1873 374 ’ἐν

1088 393 1151 423 εἰσι,
1164 392 1211 418 καὶ.
1231 393 1245 418 6
1275 391 1405 427 ἑωρακὼς
1418 392 1463 418 τὸν
1478 391 1542 419 Υίόν
1565 392 1669 428 ἑώρακε
1689 392 1733 419 τδν
1752 392 1872 429 Πατέρα,

1087 437 1198 469 εἰκότως
1211 437 1306 473 ἐλέχθη
1321 437 1395 473 παρὰ
1404 437 1457 464 τῶν
1467 438 1595 473 Πατέρων
1612 439 1760 474 όμοούσιος·
1771 439 1802 466 οὐ
1819 441 1874 475 γὰρ

1087 484 1252 519 ὲτεροουσίου
1263 483 1298 510 τὰ
1309 483 1420 511 τοιαῦτα
1432 483 1503 519 ἔχειν
1518 484 1587 512 ἐστί.
1835 485 1842 490 “

1121 610 1164 638 51.
1180 611 1265 638 Πάλιν
1276 619 1306 638 τε
1320 611 1354 644 εἰ,
1373 612 1443 639 καθὰ
1459 613 1635 649 προείπομεν,
1650 614 1700 642 οὐκ
1724 616 1756 642 ἐκ
1773 624 1871 651 μετου-

1087 655 1147 687 σίας
1161 656 1260 683 ὲστὶνό
1283 657 1358 689 Υἱός·
1385 657 1453 684 ἀλλὰ
1479 658 1514 685 τὰ
1531 659 1580 694 μὲν
1605 660 1706 696 γενητὰ
1728 662 1815 688 πάντα
1841 655 1874 689 Ex

1088 703 1231 738 μετουσίας
1246 703 1303 739 ἔχει
1318 704 1368 739 τὴν
1389 704 1463 740 παρὰ
1482 705 1550 732 Θεοῦ
1570 706 1660 742 χάριν,
1689 708 1768 739 αὐτὸς
1780 708 1809 735 δὲ
1823 709 1873 736 τοῦ

1087 749 1192 785 Πατρδς
1203 750 1283 784 σοφία
1293 750 1340 777 καὶ
1353 751 1439 785 Λόγος
1454 751 1536 784 ἐστὶν,
1557 749 1587 778 οὗ
1602 753 1709 788 μετέχει
1721 753 1755 780 τὰ
1771 755 1872 781 πάντα·

1085 795 1173 830 δῆλον,
1186 797 1226 822 ὅτι
1240 796 1295 832 (60)
1309 797 1390 828 αὐτὸς
1405 796 1444 823 ὢν
1454 797 1485 824 τὸ
1504 798 1626 825 θεοποιδν
1645 800 1691 826 καὶ
1710 800 1873 834 φωτιστικδν

1086 841 1133 868 τοῦ
1150 842 1265 878 Πατρός,
1281 843 1309 869 ὲν
1323 839 1345 876 ᾧ
1359 843 1394 869 τὰ
1409 845 1498 872 πάντα
1514 844 1676 871 θεοποιείται
1696 846 1742 872 καὶ
1759 846 1874 878 ζωοποι-

1086 888 1166 919 εῖται,
1182 887 1231 915 οὑχ
1241 888 1454 924 ἁλλοτριοούσιός
1469 890 1524 925 (6i)
1549 892 1605 918 ἐστι
1627 890 1673 918 τοῦ
1685 891 1802 928 Πατρὺς,
1814 891 1873 918 ἀλλ’

1086 933 1235 968 όμοούσιος.
1260 933 1360 961 Τούτου
1383 935 1438 971 γὰρ
1471 937 1733 972 μεταλαμϐάνοντες,
1750 938 1796 965 τοῦ
1813 939 1872 966 Πα-

1085 977 1148 1012 τρὺς
1176 978 1332 1014 μετέχομεν,
1349 979 1393 1006 διὰ
1419 980 1449 1006 τὸ
1466 979 1512 1007 τοῦ
1530 980 1634 1016 Πατρὸς
1652 979 1722 1009 εἶναι
1750 983 1814 1009 [διον
1825 983 1872 1010 τδν

1085 1023 1180 1057 Λόγον.
1200 1024 1281 1050 Ὅθεν
1307 1025 1331 1050 εἰ
1347 1023 1381 1060 ἦν
1405 1026 1437 1052 ὲκ
1469 1026 1613 1060 μετουσίας
1635 1028 1681 1054 καὶ
1709 1028 1798 1060 αὐτὸς,
1823 1029 1872 1055 καὶ

1087 1070 1124 1105 μὴ
1137 1069 1190 1105 (62)
1206 1069 1235 1102 ὲξ
1246 1070 1329 1097 αὑτοῦ
1343 1071 1475 1107 ούσιώδης
1486 1071 1581 1108 θεότης
1596 1073 1642 1100 καί
1655 1073 1736 1100 είκὼν
1752 1075 1798 1101 τοῦ
1813 1075 1871 1101 Πα-

1085 1115 1158 1152 τρός,
1176 1116 1226 1142 οὐκ
1247 1115 1281 1142 ἂν
1309 1115 1464 1152 εθεοποίησε
1486 1117 1692 1153 Θεοποιούμενος
1709 1119 1755 1146 καί
1778 1119 1870 1151 αὑτός.

1086 1162 1122 1188 οὐ
1137 1161 1190 1197 γὰρ
1202 1159 1257 1188 οἷόν
1269 1170 1299 1188 τε
1312 1162 1361 1195 τὸν,
1373 1163 1404 1189 ὲκ
1423 1164 1566 1198 μετουσίας
1588 1164 1684 1199 ἔχοντα
1703 1165 1871 1200 μεταδιδόναι

1084 1207 1135 1242 τῆς
1150 1207 1326 1243 μεταλήψεως
1339 1208 1451 1244 ἑτέροις,
1472 1209 1513 1235 ὅτι
1532 1209 1568 1244 μὴ
1591 1209 1672 1236 αὐτοῦ
1688 1211 1760 1237 ἐστιν
1774 1211 1788 1237 ὃ
1802 1211 1869 1246 ἔχει,

1085 1253 1153 1280 ἀλλὰ
1169 1253 1216 1280 τοῦ
1226 1253 1380 1286 δεδωκότος,
1395 1254 1441 1281 καὶ
1451 1255 1465 1281 ὃ
1479 1255 1568 1288 ἔλαϐε,
1584 1257 1662 1292 μόγις
1675 1256 1723 1292 τὴν
1733 1257 1871 1292 ἄρχουσαν

1085 1298 1158 1334 αὐτῷ
1168 1299 1246 1335 χάριν
1263 1299 1351 1326 ἔλαϐε.
1367 1300 1422 1326 Καὶ
1432 1301 1480 1336 τὴν
1497 1301 1585 1327 αἰτίαν
1595 1301 1622 1327 δὲ
1638 1302 1721 1336 ὅμως,
1738 1302 1771 1328 δι’
1783 1303 1816 1336 ἢν
1829 1310 1871 1328 τι-

1085 1352 1138 1375 νες,
1156 1343 1193 1375 ὡς
1206 1344 1324 1378 λέγεται,
1339 1345 1531 1380 παραιτοῦνται
1557 1346 1587 1372 τὸ
1607 1346 1757 1381 όμοούσιον,
1775 1347 1870 1379 ἐξετά-

1086 1398 1176 1425 σωμεν
1191 1390 1308 1425 ἀληθῶς,
1328 1391 1364 1426 μὴ
1375 1391 1428 1427 ἄρα
1440 1391 1538 1426 μᾶλλον
1553 1393 1585 1418 ὲκ
1607 1393 1707 1428 ταύτης
1729 1393 1870 1428 ὁμοούσιος

1085 1435 1217 1463 δείκνυται
1233 1438 1247 1463 ό
1261 1437 1325 1468 Υἱὸς
1339 1437 1379 1472 τῷ
1393 1438 1490 1473 Πατρί.
1513 1439 1580 1465 Φασὶ
1603 1440 1701 1472 τοίνυν,
1726 1439 1764 1472 ὡς
1790 1440 1870 1476 ὑμεῖς

1085 1482 1232 1517 ἐγράψατε,
1247 1483 1283 1518 μὴ
1298 1484 1395 1518 χρῆναι
1418 1483 1505 1518 λέγειν
1521 1484 1660 1519 όμοούσιον
1679 1485 1723 1512 τὸν
1746 1486 1809 1512 Υῑὺν
1829 1485 1870 1520 τῷ

1086 1527 1182 1562 Ila-:91,
1196 1527 1237 1553 ὅτι
1248 1528 1262 1553 6
1275 1527 1360 1561 λέγων
1372 1528 1512 1563 όμοούσιον
1529 1530 1591 1565 τρία
1607 1529 1690 1564 λέγει,
1705 1530 1798 1557 οὐσίαν
1809 1532 1870 1557 τινὰ

1086 1573 1337 1608 προῦποκειμένην,
1371 1573 1419 1600 καὶ
1451 1574 1514 1606 τοὺς
1538 1575 1570 1601 ὲκ
1600 1575 1702 1610 ταύτης
1728 1577 1869 1611 γεννωμέ-

1084 1618 1215 1653 νους(65)
1242 1618 1399 1653 όμοουσίους
1427 1616 1507 1646 εἶναι·
1535 1620 1582 1646 καὶ
1607 1620 1785 1655 ἐπιλέγουσιν·
1806 1622 1871 1649 Ἐὰν

1084 1661 1130 1689 οὖν
1150 1664 1164 1689 ὁ
1180 1663 1242 1695 Υἱὸς
1269 1663 1409 1699 όμοούσιος
1474 1664 1512 1699 τῷ
1540 1666 1644 1700 Πατρὶ,
1670 1667 1775 1703 ἀνάγκη
1803 1676 1872 1704 προ-

1085 1708 1242 1735 ϋποκεῖσθαι
1256 1709 1344 1735 αὐτῶν
1358 1709 1458 1743 οὐσίαν,
1469 1710 1497 1744 ἐξ
1508 1708 1542 1746 ἦς
1555 1712 1601 1738 καὶ
1615 1712 1805 1748 ἐγεννήθησαν,
1822 1715 1870 1741 καὶ

1086 1753 1124 1789 μὴ
1137 1752 1206 1782 εἶναι
1217 1754 1261 1781 τὸν
1273 1755 1322 1790 μὲν
1339 1756 1456 1792 Πατέρα,
1479 1757 1525 1783 τὸν
1539 1757 1568 1783 δὲ
1585 1757 1657 1789 Υίδν,
1674 1758 1731 1785 ἀλλ’
1748 1759 1869 1794 ἀμφοτέ-

1086 1808 1149 1835 ρους
1165 1799 1302 1835 ἀδελφούς.
1321 1800 1413 1828 Ταῦτα
1427 1802 1451 1828 εὶ
1475 1802 1522 1828 καὶ
1546 1802 1678 1837 Ἐλλήνων
1691 1803 1759 1829 είσὶν
1782 1804 1870 1839 ἑρμη-

1085 1845 1164 1876 νεῖαι,
1183 1844 1228 1871 καὶ
1243 1845 1292 1872 οὐκ
1305 1845 1438 1876 ἀναγκαῖα
1455 1846 1520 1881 ἡμῖν
1546 1846 1580 1873 τὰ
1599 1847 1664 1883 παρ’
1676 1847 1796 1875 ἐκείνων·
1811 1848 1869 1875 ἀλλ’

1086 1889 1184 1924 ἴδωμεν
1197 1889 1232 1916 τὰ
1255 1890 1386 1925 εἰρημένα
1412 1890 1446 1917 τὰ
1460 1891 1596 1926 όμοούσια,
1626 1891 1660 1918 τὰ
1685 1892 1716 1918 ἐκ
1735 1892 1785 1926 τῆς
1802 1901 1870 1928 προ-

1085 1935 1232 1970 νοουμένης
1246 1934 1301 1970 (64)
1315 1935 1408 1967 οὐσίας
1419 1936 1530 1971 ἀδελφὰ,
1548 1937 1661 1973 πότερον
1678 1938 1780 1964 ἑαυτῶν
1799 1939 1870 1965 εισι-ι

1085 1981 1223 2017 όμοούσια,
1240 1980 1256 2016 ἢ
1279 1980 1328 2015 τῆς
1342 1980 1435 2012 οὐσίας
1450 1980 1479 2013 ἐξ
1494 1979 1528 2017 ἦς
1559 1982 1605 2008 καὶ
1632 1982 1823 2018 ἐγεννήθησαν·
1842 1984 1868 2010 ει

1087 2027 1135 2062 μὲν
1145 2026 1200 2062 γὰρ
1216 2026 1329 2058 ἑαυτῶν,
1343 2026 1499 2062 ἑτεροούσια
1520 2027 1566 2054 καὶ
1577 2027 1689 2062 ἀνόμοια
1701 2028 1775 2054 ἔσται
1800 2028 1870 2064 πρὸς

1085 2071 1134 2107 τὴν
1146 2072 1315 2107 γεννήσασαν
1339 2071 1409 2098 αὑτὰ
1437 2071 1539 2098 οὐσίανν
1569 2072 1719 2100 ἀντίκειται
1747 2073 1801 2108 γὰρ
1827 2074 1868 2109 τῷ

1086 2117 1217 2153 ὁμοουσίῳ
1228 2118 1258 2144 τὸ
1271 2117 1447 2153 ἐτεροούσιον·
1471 2119 1496 2144 εἰ
1514 2118 1542 2145 δὲ
1556 2119 1605 2154 τῆς
1617 2120 1785 2155 γεννησάσης
1798 2120 1870 2147 αὐτὰ

1085 2164 1177 2196 οὐσίας
1187 2164 1260 2191 ἐστὶν
1279 2164 1392 2190 ἕκαστον
1403 2164 1552 2200 όμοούσιον,
1572 2165 1659 2200 δῆλον,
1673 2166 1714 2192 ὅτι
1727 2166 1781 2201 (65)
1793 2166 1823 2192 τό
1837 2166 1870 2193 ἑκ

1084 2219 1154 2241 τινος
1167 2209 1333 2245 γεννώμενον
1346 2210 1485 2244 όμοούσιόν
1512 2211 1570 2237 ὲστι
1585 2211 1624 2246 τῷ
1636 2212 1804 2247 γεννήσαντι·
1822 2213 1870 2238 καὶ

1085 2255 1177 2283 οὐκέτι
1193 2256 1244 2295 χρὴ
1258 2255 1348 2291 ζητεῖν
1360 2258 1432 2291 τρεῖς
1448 2257 1550 2288 οὐσίας,
1569 2257 1635 2284 ἀλλὰ
1668 2258 1746 2293 μόνον
1767 2257 1870 2292 ζητεῖν,

1086 2302 1110 2328 εἰ
1121 2301 1179 2328 τόδε
1195 2301 1293 2337 ἀληθὲς
1304 2302 1335 2328 ὲκ
1349 2302 1425 2328 τοῦδέ
1440 2302 1508 2328 ἐστι.
1529 2302 1588 2329 Κᾶν
1598 2303 1652 2338 γὰρ
1668 2303 1757 2338 συμϐῇ
1774 2303 1810 2338 μὴ
1830 2301 1871 2330 εἷ-

1086 2356 1129 2374 ναι
1142 2346 1188 2373 δύο
1201 2346 1339 2381 ἀδελφοὺς,
1356 2346 1422 2373 ἀλλὰ
1438 2347 1485 2374 καὶ
1502 2348 1581 2383 μόνον
1594 2348 1640 2375 ἕνα
1656 2348 1684 2380 ἐξ
1695 2349 1800 2383 ἐκείνης
1820 2349 1871 2381 τῆς

1086 2393 1179 2424 οὐσίας
1203 2392 1338 2426 γενέσθαι,
1360 2393 1391 2418 οὐ
1407 2392 1452 2419 διὰ
1474 2393 1505 2419 τὸ
1519 2393 1557 2429 μὴ
1586 2392 1653 2420 εἶναι
1676 2394 1778 2429 ἕτερον,
1793 2394 1873 2420 ἁλλο-

1086 2439 1236 2474 τριοούσιος
1259 2439 1314 2474 (66)
1334 2438 1366 2466 ἂν
1383 2439 1490 2475 λεχθείη
1519 2440 1533 2466 6
1555 2439 1703 2475 γεννηθείς·
1733 2439 1800 2466 ἀλλὰ
1823 2442 1872 2466 καὶ

1089 2484 1167 2520 μόνος
1180 2484 1228 2517 ὢν,
1238 2484 1281 2520 εἴη
1297 2484 1330 2512 ἂν
1343 2485 1389 2511 καὶ
1405 2485 1486 2516 αὐτὸς
1497 2485 1637 2520 όμοούσιος
1647 2485 1686 2520 τῷ
1699 2486 1871 2521 γεννήσαντι.

1094 2529 1169 2555 Ἐπεὶ
1178 2529 1204 2555 τί
1215 2528 1248 2556 ἂν
1259 2529 1381 2564 εἴποιμεν
1392 2529 1454 2565 περὶ
1471 2531 1519 2565 τῆς
1538 2530 1592 2565 (67)
1610 2531 1742 2566 θυγατρὸς
1753 2531 1799 2557 τοῦ
1821 2532 1871 2557 Ἰε-

1088 2574 1167 2608 φθάε,
1178 2574 1219 2601 ὃτι
1237 2575 1383 2610 μονογενὴς
1395 2573 1439 2610 ἦν·
1456 2584 1464 2600 ι
1475 2574 1526 2602 Καὶ
1538 2575 1587 2602 οὐκ
1599 2573 1643 2611 ἦν,
1657 2585 1666 2601 ›
1677 2576 1768 2610 φησιν,
1784 2585 1792 2601 ι
1806 2575 1873 2603 ἄλλο

1088 2679 1116 2702 et
1131 2674 1285 2702 Felckman.
1298 2675 1325 2708 5,
1334 2674 1395 2702 Ἐὰν
1407 2672 1453 2702 οὖν
1464 2676 1478 2701 6
1489 2675 1561 2707 Υἱός.
1575 2674 1696 2708 ln.editis
1707 2672 1754 2701 οὖν
1765 2674 1853 2702 deest.

1087 2737 1096 2744 -
1126 2709 1181 2752 ἐξὲξ)
1202 2709 1362 2752 Esaiam}.
1377 2710 1636 2752 πρεεῖτιγοουεένῖιςς

1202 2743 1247 2780 §ic
1263 2745 1362 2780 Regius
1375 2743 1405 2772 et
1415 2743 1575 2772 ιταιςιυηξδ.
1594 2743 1674 2775 Etliti,
1686 2744 1816 2780 δηλονότι.

1136 2779 1180 2815 (iii)
1202 2779 1374 2815 iSicyRegius.
1389 2780 1692 2815 Editi,ﬁlkovpto§oto;.

1138 2813 1182 2850 ($7)
1202 2814 1240 2842 lla
1254 2813 1353 2850 Regius
1365 2815 1460 2850 codex.
1476 2814 1504 2841 In
1519 2813 1583 2841 edit.
1602 2823 1676 2848 vero,
1693 2815 1753 2850 τῆς,
1771 2817 1798 2842 et
1809 2821 1874 2841 mox

1090 2849 1136 2876 τοῦ
1151 2849 1226 2877 deest
1240 2859 1245 2876 :
1263 2846 1420 2877 in‘Felckm.
1437 2850 1464 2884 5,
1482 2850 1530 2885 τῆς
1544 2854 1660 2877 tantum.
