1977 3039
93 142 147 170 785

794 139 839 167 DE
858 138 1013 168 SYNODIS.

1663 140 1715 167 786

91 203 188 229 τέκνον
207 201 292 237 αὐτῷ.
307 211 316 227 ι
332 202 377 229 καὶ
395 202 461 237 περ)¹
489 201 535 229 τοῦ
549 201 607 229 υἱοῦ
622 202 651 228 δὲ
665 203 713 237 τῆς
726 202 824 237 χήρας,
850 202 880 228 ὃν

933 200 1038 229 ειοηιίίο
1053 199 1175 233 dicatur;
1193 199 1251 231 sed,
1266 199 1330 227 licet
1357 199 1432 227 solus
1455 199 1500 232 sit,
1519 199 1571 227 erit
1586 204 1674 227 tamen
1691 204 1718 228 et

93 251 203 285 ἧγειρεν
219 251 250 275 ἐκ
265 248 368 284 νεκρῶν
384 249 398 274 ὁ
414 248 527 284 Κύριος,
539 249 580 276 ὅτι
594 248 638 276 καὶ
649 248 729 280 αὐτὸς
745 249 795 275 οὐχ
809 246 881 284 εἶχεν

92 295 218 330 ἀδελφὺν,
249 294 316 321 ἀλλὰ
348 295 495 330 μονογενὴς
522 292 570 331 ἦν·
600 293 655 330 ἆρα
686 294 742 330 (68)
769 294 820 321 οὐκ
846 291 881 329 ἦν

92 341 235 376 όμοούσιος
246 340 360 372 ἕκαστος
377 341 467 368 αὐτῶν
488 340 527 376 τῷ
553 341 731 376 γεννήσαντι;
757 341 803 367 καὶ
828 340 881 375 μὴν

92 386 173 423 ἦσαν’
187 387 270 414 τέκνα
288 386 342 421 γὰρ
352 384 431 422 ἦσαν·
448 388 495 414 καὶ
520 386 599 413 τοῦτο
622 387 725 414 τέκνων
745 387 810 414 ῐδιόν
822 387 880 413 ἐστι

94 433 161 468 πρὸς
174 433 279 467 γονέας.
293 432 370 459 Οὒτω
381 433 426 459 καὶ
441 432 486 459 τὸν
499 432 545 459 τοῦ
564 432 632 459 Θεοῦ
649 433 714 460 Υίὺν
725 434 756 459 ὲκ
770 432 819 467 τῆς
837 432 881 458 οὺ-

95 480 155 511 σίας
169 478 292 510 εἰπόντες
305 478 358 514 (69)
374 479 399 505 οἱ
414 478 545 514 Πατέρες,
554 479 666 510 εἰκότως
679 477 729 505 καὶ
740 477 882 514 όμοούσιον

93 526 236 561 εἰρήκασι·
253 525 356 560 ταύτην
365 525 418 560 γὰρ
438 524 494 559 ἔχει
510 523 556 551 καὶ
572 524 603 550 τὸ
618 524 788 559 ἀπαύγασμα
802 524 881 550 δύνα-

97 579 141 606 μιν
155 570 223 606 πρὸς
236 570 266 597 τὺ
281 570 348 604 φῶς.
366 570 481 596 Ἔπεται
497 570 526 596 δὲ
547 569 652 601 τούτοις
669 569 735 605 μηδὲ
756 569 805 605 τὴν
825 569 882 596 κτί-

95 624 139 643 σιν
154 617 186 643 ὲκ
197 615 243 642 τοῦ
260 615 297 651 μὴ
312 616 388 647 ὖντος
410 615 562 650 γεγονέναι.
580 616 612 642 οι
625 615 680 650 γὰρ
704 615 773 642 κατὰ
796 614 881 646 πάθος

94 661 241 696 γεννῶντες
250 661 399 697 ἄνθρωποι,
417 661 492 688 αὐτοὶ
505 662 552 688 καὶ
562 662 611 697 τὴν
624 660 805 696 ὑποκειμένην
816 660 881 696 ὕλην

94 706 267 744 ιργάζονται,
284 708 332 734 καὶ
346 706 433 739 ἄλλως
448 707 497 734 οὐκ
509 707 541 734 ἂν
558 707 680 734 δύναιντο
699 708 793 734 ποιεῖν’
810 707 835 733 ει
852 706 881 733 δὲ

93 753 124 780 τὸ
136 753 239 785 κτίζειν
249 753 298 780 οὐκ
312 753 488 789 ἀνθρωπίνως
499 753 612 789 νοοῦμεν
629 753 676 779 ἐπὶ
696 752 775 785 Θεοῦ,
792 751 881 788 πολλῷ

94 800 194 835 μᾶλλον
206 799 266 826 οὐδὲ
279 800 310 826 τὸ
325 801 420 835 γεννᾷν
441 799 617 835 ἀνθρωπίνως
637 799 736 836 πρέπει
751 801 821 827 νοεῖν
835 798 882 826 ἐπὶ

92 843 172 878 Θεοῦ,
196 845 257 871 οὐδὲ
281 845 311 872 τὺ
327 844 467 880 όμοούσιον
492 844 654 879 σωματικῶς
679 844 878 880 ἐκλαμϐάνειν,

92 889 150 916 ἀλλ’
161 890 311 925 ἀναχωρεῖν
325 889 365 916 δεῖ
378 889 430 916 ἀπὸ
445 889 502 924 (70)
515 888 570 915 τῶν
582 889 713 924 γενητῶν,
739 890 786 916 καὶ
810 889 879 916 ἁπο-

93 935 215 967 τιθέντας
227 935 302 962 κάτω
317 943 367 962 που
391 935 441 967 τὰς
454 935 626 971 ἀνθρωπίνας
638 935 745 967 εἰκόνας
769 935 816 962 καὶ
830 935 879 962 πά-

95 989 144 1012 σας
160 980 251 1012 ἁπλῶς
263 981 313 1012 τὰς
328 981 480 1017 αἰσθήσεις,
510 981 613 1008 ἀνιέναι
630 980 675 1007 ἐπὶ
694 981 739 1007 τὸν
757 981 878 1016 Πατέρα,

94 1027 132 1062 μὴ
143 1026 266 1062 λάθωμεν
279 1026 456 1062 ἀφαιροῦντες
471 1026 516 1054 τὸν
530 1026 594 1053 Υἱδν
617 1026 671 1053 ἀπὸ
689 1026 738 1053 τοῦ
762 1026 877 1062 Πατρός,

94 1073 141 1098 καὶ
153 1071 343 1108 προστιθέντες
358 1073 414 1104 τοῖς
431 1071 527 1098 ἑαυτοῦ
544 1072 684 1107 κτίσμασι.

932 248 991 282 ipse
1003 247 1027 275 ei
1043 247 1091 282 qui
1111 255 1140 275 se
1153 247 1247 282 genuit
1261 246 1514 275 consubstantiaiis.
1530 246 1638 281 Alioqui
1651 247 1718 281 quid

931 293 1081 322 dixerimus
1095 293 1128 321 de
1136 293 1191 321 ﬁlia
1205 292 1329 328 Jephthe.
1342 300 1403 327 quae
1416 292 1553 327 unigenita
1561 297 1619 320 erat
1635 301 1641 319 :
1657 301 1667 317 ι
1684 292 1718 320 Et

932 347 986 367 non
1004 339 1131 372 habebat,
1151 348 1160 364 ι
1180 339 1228 372 ait,
1247 347 1257 364 ι
1272 338 1342 366 alios
1354 338 1455 366 liberos
1466 337 1511 369 ";
1531 347 1540 364 ι
1560 343 1587 365 et
1605 338 1639 365 de
1662 338 1718 365 tilio

931 385 1020 412 viduae
1033 392 1114 419 quem
1134 383 1266 412 Dominus
1283 391 1316 411 ex
1330 384 1447 411 mortuis
1461 383 1613 416 suscitavit,
1627 384 1674 418 qui
1690 389 1717 411 et

932 431 990 466 ipse
1004 429 1115 457 fratrem
1130 437 1185 457 non
1210 430 1336 463 habebat,
1356 430 1402 458 sed
1417 429 1574 464 unigenitus
1597 434 1656 457 erat
1670 430 1693 446 "
1707 439 1714 456 2

931 483 967 502 an
983 479 1098 509 uterque
1111 475 1136 502 ei
1151 474 1198 510 qui
1212 482 1242 502 se
1257 478 1388 509 genuerat
1401 473 1642 502 consubstantialis
1661 481 1716 501 non

931 521 1011 549 erat?
1026 520 1111 548 Erant
1127 521 1215 555 plane,
1234 524 1297 548 nam
1313 520 1392 548 liberi
1415 524 1493 548 erant
1516 529 1524 548 :
1548 521 1630 555 idque
1650 528 1715 555 pro-

931 567 1021 602 prium
1041 565 1134 594 liberis
1148 570 1190 594 est
1202 573 1266 601 erga
1282 570 1408 601 parentes
1422 573 1498 594 suos.
1526 565 1572 593 Sic
1585 573 1647 594 cum
1662 565 1715 593 Pa-

931 617 990 640 tres
1006 611 1053 640 Dei
1070 611 1168 640 Filium
1195 612 1244 647 6]
1254 612 1275 646 ι
1291 619 1324 639 ex
1345 611 1405 646 ejus
1419 612 1571 639 substantia
1585 611 1713 644 dixerint,

931 658 1031 686 merito
1051 662 1079 686 et
1102 657 1364 686 consubstantialem
1389 657 1539 685 dixerunt:
1558 657 1628 685 hanc
1642 658 1715 685 enim

931 704 986 731 vim
999 710 1026 731 et
1045 704 1239 740 proprietatem
1254 704 1334 731 habet
1349 710 1459 739 quoque
1473 703 1601 738 splendor
1621 703 1655 731 ad
1673 703 1716 730 lu—

931 757 1002 777 cem.
1019 749 1087 778 Hinc
1111 754 1203 777 autem
1225 749 1360 785 sequitur,
1385 757 1473 784 neque
1489 754 1595 778 creatas
1612 757 1656 778 res
1680 757 1715 777 ex

932 803 987 823 non
1000 795 1149 823 exsistente
1165 794 1252 823 factas
1266 802 1336 823 esse.
1351 794 1482 823 Homines
1504 795 1577 822 enim
1593 795 1645 830 ipsi
1667 795 1716 830 qui

932 849 995 869 cum
1009 841 1136 877 passione
1149 841 1239 876 aliqua
1253 841 1377 877 gignunt,
1394 841 1422 868 iu
1434 841 1590 876 subjacente
1603 841 1716 869 materia

932 891 1090 922 operantur,
1117 894 1168 915 nec
1190 887 1268 915 aliter
1285 887 1434 922 quidquam
1458 886 1549 915 facere
1568 887 1714 922 potuerint.

931 935 1009 968 Quod
1025 935 1048 963 si
1065 935 1176 963 creandi
1189 935 1300 963 modum
1317 935 1343 963 in
1362 935 1418 963 Deo
1431 943 1484 963 non
1504 936 1625 963 humano
1640 943 1717 964 more

931 981 1109 1016 intelligimus
1121 1001 1128 1014 ,
1145 981 1234 1009 multo
1252 981 1343 1009 minus
1354 981 1481 1017 gignendi
1496 982 1525 1009 in
1540 981 1599 1017 ipso
1612 981 1714 1010 intelli-

931 1034 993 1062 gere
1007 1027 1126 1054 humano
1139 1034 1215 1054 more
1227 1027 1368 1058 debemus,
1383 1034 1471 1062 neque
1486 1034 1618 1062 corporeo
1634 1027 1716 1054 modo

932 1071 1165 1099 consubstantiale
1189 1071 1321 1106 accipere.
1350 1069 1403 1098 Sed
1434 1071 1614 1099 recedendum
1637 1071 1716 1100 nobis

93 1122 136 1145 est
165 1125 181 1144 a
204 1117 285 1145 rebus
320 1116 410 1149 factis.
442 1124 475 1144 ac
507 1116 639 1152 depositis
662 1116 789 1143 humanis
823 1115 1004 1151 imaginibus,
1032 1116 1214 1150 omnibusque
1240 1115 1353 1143 omnino
1376 1115 1520 1149 sensibus,
1552 1116 1586 1144 ad
1609 1115 1715 1144 Patrem

95 1164 249 1195 ascendere,
277 1171 311 1191 ne
338 1164 417 1191 inscii
442 1163 541 1191 Filium
565 1171 580 1191 a
602 1163 682 1191 Patre
708 1163 874 1196 auferamus,
895 1171 1012 1198 eumque
1025 1163 1106 1192 rebus
1122 1171 1136 1191 a
1149 1171 1179 1191 se
1192 1163 1291 1191 creatis
1304 1163 1495 1198 adiungamus.

129 1210 172 1237 52.
188 1209 242 1237 Καὶ
254 1210 340 1242 ἄλλως
353 1210 391 1243 δὲ,
415 1211 439 1236 εἰ
454 1211 503 1246 μὲν
519 1210 627 1246 Πατέρα
648 1211 695 1237 καὶ
709 1210 773 1237 Υἱὸν
787 1210 881 1245 ὁμολο-

94 1256 216 1290 γοῦντες,
245 1255 291 1282 δύο
315 1254 390 1287 τινὰς
418 1254 514 1290 ἀρχὰς,
535 1255 552 1290 ἢ
569 1254 615 1281 δύο
630 1255 729 1288 Θεοὺς,
757 1255 881 1290 καθάπερ

94 1301 225 1336 Μαρκίων
252 1300 298 1327 καὶ
325 1300 507 1332 Οὐαλεντῖνος,
529 1300 656 1336 λέγομεν,
677 1301 693 1336 ἢ
711 1301 805 1336 ἕτερόν
820 1309 881 1328 τινα

95 1347 192 1381 τρόπον
219 1345 344 1380 θεότητος
359 1346 430 1381 ἔχειν
452 1346 496 1372 τὸν
512 1346 586 1379 Υἱὸν,
602 1346 648 1373 καὶ
672 1346 709 1382 μὴ
723 1347 814 1373 εικόνα
834 1347 881 1373 καὶ

95 1390 256 1426 χαρακτῆρα
268 1390 314 1417 τοῦ
332 1391 436 1426 Πατρὸς
447 1389 516 1418 εἶναι
535 1391 580 1418 τὸν
594 1391 668 1424 Υἱδν,
680 1391 723 1418 διὰ
739 1391 769 1418 τὸ
782 1391 812 1424 ἐξ
830 1392 879 1418 αὺ-

95 1436 139 1463 τοῦ
155 1436 315 1470 πεφυκέναι·
328 1437 398 1463 έστω
413 1437 549 1472 ἀνόμοιος·
574 1437 646 1469 ξέναι
675 1437 730 1472 γάρ
744 1438 797 1467 εισι
813 1446 881 1464 παν-

93 1482 211 1509 τάπασιν
228 1482 348 1518 ἀλλήλων
360 1483 520 1510 αἱτοιαῦται
531 1483 630 1510 οὐσίαι·
649 1484 673 1510 ει
691 1483 719 1510 δὲ
734 1483 798 1518 μίαν
813 1483 881 1510 οῖδα-

965 1210 1010 1238 52.
1042 1210 1162 1238 Rursum
1185 1210 1209 1238 si
1232 1209 1341 1237 Patrem
1364 1214 1391 1237 et
1412 1209 1510 1237 Filium
1539 1210 1715 1243 conﬁtentes,

931 1255 985 1283 duo
1002 1256 1145 1292 principia,
1158 1260 1205 1283 aut
1217 1256 1286 1283 duos
1303 1255 1373 1284 Deos
1393 1256 1521 1289 dicimus,
1537 1256 1716 1292 quemadmo-

932 1302 996 1329 dum
1012 1302 1133 1330 Marcion
1151 1306 1177 1329 et
1192 1301 1368 1335 Valentinus;
1383 1306 1430 1329 aut
1444 1301 1556 1334 Filium,
1569 1302 1713 1337 quemdam

931 1349 1016 1376 alium
1031 1348 1181 1376 divinitatis
1193 1348 1304 1375 modum
1318 1348 1429 1381 habere,
1451 1353 1478 1376 et
1500 1356 1555 1376 non
1571 1356 1632 1376 esse
1647 1349 1714 1377 ima-

933 1394 1022 1429 ginem
1037 1398 1065 1421 et
1083 1394 1196 1429 ﬁguram
1212 1393 1313 1426 Patris,
1330 1393 1402 1429 quod
1414 1401 1449 1421 ex
1463 1394 1524 1429 ipso
1538 1395 1644 1429 genitus
1658 1395 1694 1422 sit
1708 1405 1714 1422 :

934 1444 993 1467 esto
1007 1439 1167 1472 dissimilis;
1181 1447 1244 1467 nam
1260 1439 1355 1467 alienae
1370 1440 1440 1467 inter
1464 1447 1493 1468 se
1516 1447 1630 1475 prorsus
1653 1446 1716 1468 sunt

933 1485 1086 1513 istiusmodi
1103 1485 1274 1513 substantiae.
1289 1484 1366 1518 Quod
1387 1485 1410 1512 si
1433 1492 1514 1512 unam
1543 1486 1716 1520 agnoscimus

97 1536 146 1563 μεν
164 1528 212 1554 καὶ
228 1523 310 1563 μόνην
327 1528 440 1564 θεότητα
463 1528 512 1564 τὴν
535 1528 581 1555 τοῦ
598 1529 714 1563 Πατρὺς,
728 1528 822 1555 τούτου
851 1537 880 1555 τε

933 1535 959 1558 et
972 1531 1059 1559 solam
1076 1530 1165 1558 Patris
1181 1531 1365 1565 divinitatem,
1389 1531 1526 1566 hujusque
1548 1531 1663 1559 Verbum
1688 1538 1716 1559 et

96 1573 180 1607 Λόγον
195 1574 241 1600 καὶ
257 1573 356 1608 Σοφίαν
373 1572 442 1600 εἷναι
454 1575 500 1600 τον
516 1573 588 1606 Υἰὺν,
604 1575 650 1601 καὶ
663 1574 734 1600 οὕτω
747 1573 882 1601 πιστεύον-

95 1625 141 1650 τες
154 1618 184 1644 οὐ
203 1618 319 1653 λέγομεν
330 1618 376 1645 δύο
392 1618 491 1651 Θεοὺς,
507 1619 557 1654 τήν
573 1627 602 1645 τε
618 1618 731 1654 ἑνότητα
751 1619 798 1645 τοῦ
816 1619 880 1645 Υἱοῦ

96 1664 163 1700 πρὸς
186 1664 232 1690 τὸν
259 1665 368 1700 Πατέρα
392 1665 441 1699 οὐχ
457 1663 585 1699 ὁμοιώσει
602 1664 784 1696 διδασκαλίας,
814 1664 881 1691 ἀλλὰ

96 1709 166 1736 κατὰ
177 1710 227 1744 τὴν
237 1710 330 1736 οὐσίαν
346 1710 392 1736 καὶ
419 1710 532 1746 ἀληθείᾳ
556 1710 611 1746 (71)
638 1710 798 1746 φρονοῦμεν·
811 1709 881 1737 ὥστε

95 1753 138 1780 διὰ
152 1754 232 1780 τοῦτο
248 1754 285 1790 μὴ
296 1754 383 1789 λέγειν
397 1755 444 1782 δύο
459 1756 542 1787 Θεοὺς
551 1775 567 1788 ,,
585 1755 642 1783 ἀλλ’
656 1755 703 1783 ἕνα
717 1755 801 1788 Θεὸν,
823 1756 881 1786 ἑνὸς

96 1799 170 1830 am;
181 1799 267 1831 εἴδους
279 1799 412 1835 θεότητος,
427 1801 465 1832 ὡς
481 1800 539 1828 ἐστι
564 1801 594 1827 τὸ
612 1800 669 1836 φῶς
689 1802 777 1828 καὶτὸ
793 1802 882 1829 ἀπαύ-

96 1853 207 1880 γασμαυ
222 1845 300 1872 τοῦτο
312 1846 366 1881 γὰρ
381 1845 458 1882 ὤφθη
474 1847 512 1882 τῷ
540 1848 695 1885 πατριάρχῃ
713 1847 820 1882 Ἰακὼϐ,
835 1849 881 1876 καί

97 1899 177 1926 φησιν
190 1893 206 1925 ἠ
222 1891 326 1926 Γραφή·
345 1902 353 1918 t
375 1892 504 1919 ’Δνέτειλε
516 1893 546 1920 δὲ
573 1894 647 1929 αὐτῷ
663 1895 676 1920 ό
690 1894 774 1929 ἥλιος,
799 1894 882 1930 ἡνίκα

97 1937 219 1972 παρῆλθε
234 1937 264 1964 τὸ
291 1935 360 1970 εἶδος
383 1938 429 1964 τοῦ
445 1938 538 1966 Θεοῦί
559 1940 606 1966 καὶ
633 1939 690 1975 (72)
712 1940 789 1968 τοῦτο
813 1939 881 1967 θεω-

98 1982 206 2017 ροῦντες
216 1984 240 2009 oi
259 1983 329 2017 ἅγιοι
345 1983 481 2019 προφῆται
498 1985 544 2012 καὶ
558 1984 690 2017 νοοῦντες,
707 1986 779 2017 τίνος
805 1985 887 2013 ἐστὶν.

96 2028 159 2060 Υἱὸς
185 2030 232 2056 καὶ
256 2029 347 2063 εἰκὼν,
375 2030 477 2064 ἔλεγον·
495 2040 505 2055 ι
530 2031 652 2065 Ἐγένετο
681 2031 766 2066 Λόγος
779 2032 881 2068 Κυρίου

96 2074 164 2110 πρὸς
177 2074 238 2109 μέ.»
254 2074 432 2107 Γινώσκοντες
442 2076 496 2111 (75)
510 2075 555 2102 τὸν
569 2077 598 2102 ὲν
611 2075 686 2111 αὺτῷ
698 2076 881 2112 θεωρούμενον

95 2120 142 2147 καὶ
171 2121 430 2156 ἀποκαλυπτόμενον
466 2122 591 2157 Πατέρα,
625 2122 756 2159 ἐθάρρουν
783 2123 879 2149 εἰπεῖν·

98 2175 107 2192 ι
127 2166 216 2202 Ὠφθη
241 2176 285 2202 μοι
308 2169 322 2194 ὁ
346 2167 411 2200 Θεὸς
436 2168 490 2196 τῶν
516 2169 642 2204 πατέρων
666 2169 754 2204 ἡμῶν,
775 2169 789 2195 ὁ
815 2169 881 2201 Θεὸς

102 2213 237 2248 ’Δδραὰμ,
251 2214 297 2240 καὶ
325 2214 380 2249 (74)
403 2214 494 2242 Ἰσαὰκ
520 2215 567 2241 καὶ
596 2215 718 2242 Ἰακώϐ.)
737 2215 836 2242 Τούτου
852 2215 881 2242 δὲ

94 2257 181 2290 οὕτως
195 2258 280 2291 δντος,
294 2259 338 2286 διὰ
354 2259 381 2286 τί
405 2259 450 2286 τὸν
476 2259 522 2287 ἕνα
538 2260 605 2287 ὂντα
631 2260 698 2296 πρὸς
710 2260 757 2287 τὸν
773 2260 882 2296 Πατέρα

96 2304 144 2331 καὶ
158 2305 328 2340 φαινόμενον,
357 2305 395 2337 ὡς
419 2305 492 2332 ἐστιν
514 2307 528 2332 ό
547 2305 641 2342 Πατὴρ
657 2306 725 2341 (75),
750 2306 820 2333 κατὰ
833 2306 883 2342 τὴν

94 2351 241 2386 ὁμοιότητα
269 2351 315 2378 καὶ
343 2352 406 2387 μίαν
431 2351 553 2386 θεότητα,
582 2351 769 2387 εύλαὸούμεθα
797 2353 884 2379 εἰπεῖν

93 2396 250 2431 όμοούσιον;
264 2388 294 2423 Ei
308 2397 355 2432 μὲν
367 2397 431 2433 γὰρ,
448 2397 541 2432 ὥσπερ
558 2397 664 2432 εἴρηται
675 2397 814 2430 πολλάκις,
835 2398 886 2424 οὐκ

95 2440 153 2476 ἔχει
166 2441 214 2475 τὴν
232 2441 350 2477 ἰδιότητα
361 2442 410 2477 τῆς
427 2442 562 2478 πατρικῆς
584 2442 688 2474 οὐσίας,
701 2442 762 2469 οὐδὲ
772 2443 820 2478 τὴν
832 2443 880 2478 ἐμ-

95 2486 210 2522 φέρειαν
226 2487 263 2518 ὡς
288 2486 362 2519 Υἱὸς,
385 2487 475 2519 καλῶς
505 2486 701 2522 εὐλαϐούμεθα²
723 2487 790 2514 εἰδὲ
803 2487 881 2514 τοῦτό

131 2540 160 2576 ’⁸,
175 2540 237 2568 Jud.
252 2549 289 2572 xl,
308 2541 352 2568 54.
419 2542 443 2558 ³⁵
462 2541 529 2570 Luc.
545 2550 593 2576 vn,
611 2542 654 2570 12.

95 2577 120 2593 ⁸⁸
140 2575 227 2603 Exod.
245 2584 287 2609 ut,
304 2577 349 2606 16.

132 2644 190 2680 (68)
210 2643 329 2680 Eelcitm.
341 2645 368 2676 5,
387 2645 449 2680 ἄρα.

133 2677 190 2713 (69)
211 2679 230 2705 F
232 2680 264 2706 ο1‹
273 2679 328 2706 km.
344 2681 371 2712 ἃ,
394 2677 426 2706 Ex
440 2679 490 2714 τῆς
501 2679 593 2711 οὐσίας
606 2679 653 2705 τοῦ
669 2679 775 2714 Πατρὸς
788 2677 878 2705 εἰπόνμ

92 2723 151 2751 ¹ςες.
175 2713 248 2751 Infra
273 2715 342 2751 idem
367 2721 427 2750 post
451 2713 588 2751 εἰρήκασι,
611 2713 878 2749 subjuugit,"E-iteta.t

92 2749 134 2780 δέ,
151 2750 262 2776 omissis
279 2749 455 2777 intermediis.

132 2784 189 2819 (70)
211 2783 257 2811 Sic
282 2784 381 2819 Regius
407 2785 500 2812 codex.
525 2784 682 2811 Felckmau.
700 2791 765 2811 vero
782 2784 809 2814 5,
823 2784 879 2810 ἀλλ’

93 2820 248 2881 ἀζὶχωρετν
270 2820 334 2846 ἀπό.
353 2819 433 2853 Editi,
457 2819 514 2847 ἀλλ’
535 2819 647 2853 omisso,
679 2820 829 2855 ἀναχωρεῖν
852 2820 883 2846 δὲ

93 2862 112 2881 α
152 2875 159 2881 .

93 2862 159 2882 απο.

704 2542 727 2558 ⁹⁶
746 2542 814 2570 Gen.
829 2551 916 2577 χχιιι,

933 1576 1099 1612 Sapientiam
1112 1576 1212 1604 Filium
1232 1584 1303 1611 esse,
1318 1581 1345 1605 et
1359 1577 1411 1605 hoc
1422 1577 1572 1609 credentes,
1590 1577 1659 1604 duos
1672 1582 1714 1605 ta-

931 1630 992 1649 men
1011 1621 1082 1650 Deos
1096 1622 1209 1650 minime
1223 1622 1342 1650 dicimus
1354 1642 1362 1655 ,
1378 1622 1563 1658 unitatemque
1576 1622 1637 1650 Filii
1652 1631 1714 1651 cum

932 1667 1012 1696 Patre
1034 1677 1089 1696 non
1114 1668 1246 1696 doctrinae
1270 1668 1462 1701 similitudine,
1491 1669 1538 1696 sed
1564 1670 1711 1697 secundum

931 1713 1122 1746 substantiam,
1138 1718 1164 1741 et
1184 1721 1279 1742 revera
1299 1714 1448 1742 consistere
1465 1715 1597 1742 sentimus
1610 1734 1618 1744 .
1632 1715 1669 1742 ita
1685 1719 1714 1742 ut

930 1763 1072 1794 prepterea
1085 1767 1139 1787 non
1154 1760 1223 1787 duos
1236 1760 1318 1792 Deos,
1334 1759 1381 1788 sed
1400 1767 1485 1787 unum
1499 1760 1633 1791 dicamus,
1652 1767 1715 1788 cum

926 1812 992 1832 'una-
1005 1804 1042 1832 sit
1055 1805 1160 1839 species
1174 1804 1335 1837 divinitatis.
1361 1810 1392 1832 ut
1413 1810 1455 1833 est
1470 1805 1516 1832 lux
1530 1810 1558 1833 et
1573 1806 1714 1841 splendor;

930 1851 976 1878 illa
990 1850 1061 1878 enim
1079 1851 1242 1885 patriarcha:
1255 1849 1339 1878 Jacob
1350 1851 1408 1878 visa
1421 1855 1472 1884 est,
1490 1851 1581 1886 aitque
1596 1851 1717 1886 Scriptu-

930 1904 981 1924 ra:
1003 1905 1012 1922 (
1029 1895 1111 1924 Ortus
1129 1900 1171 1924 est
1184 1899 1273 1923 autem
1292 1896 1330 1923 illi
1350 1896 1411 1930 sol,
1427 1901 1572 1931 postquam
1591 1896 1717 1923 transivit

931 1943 1035 1978 species
1052 1942 1099 1970 Dei
1111 1942 1143 1969 ’⁸.
1157 1951 1174 1968 ι.
1182 1941 1238 1970 Hoc
1251 1950 1312 1969 cum
1327 1942 1450 1970 viderent
1464 1943 1551 1970 sancti
1566 1943 1715 1977 prophetae,

930 1995 963 2015 ac
977 1987 1161 2022 intelligerent
1171 1987 1315 2022 cujusnam
1338 1988 1375 2015 sit
1397 1988 1442 2015 ille
1458 1987 1543 2016 Filius
1563 1992 1590 2015 et
1614 1988 1715 2023 imago.

931 2033 1038 2060 aiebant
1051 2041 1059 2060 :
1071 2031 1111 2059 LF
1114 2036 1204 2060 actum
1219 2037 1261 2060 est
1272 2031 1390 2060 Verbum
1399 2032 1507 2059 Domini
1521 2032 1555 2060 ad
1565 2040 1608 2059 me
1616 2032 1683 2065 "-",
1703 2042 1712 2058 ι

931 2085 1049 2113 cumque
1068 2077 1175 2105 Patrem
1193 2077 1220 2105 in
1235 2084 1267 2105 eo
1287 2078 1376 2105 visum
1391 2078 1596 2113 revelatumque
1616 2085 1716 2113 cogno-

931 2127 1049 2155 scerent,
1060 2123 1172 2150 ﬁdenter
1185 2122 1327 2150 dicebant:
1340 2131 1349 2148 ε
1362 2122 1443 2150 Visus
1455 2127 1495 2151 est
1506 2123 1571 2150 mihi
1586 2122 1655 2150 Deus
1670 2131 1717 2158 pa-

932 2172 1004 2196 trum
1016 2171 1187 2201 uostrorum,
1196 2167 1267 2195 Deus
1276 2167 1405 2199 Abraam,
1414 2171 1441 2195 et
1453 2167 1527 2196 Isaac
1537 2172 1564 2195 et
1571 2167 1655 2195 Iacob
1662 2167 1694 2196 ".
1703 2178 1712 2193 ι

932 2212 1000 2240 Cum
1015 2212 1097 2247 igitur
1113 2212 1150 2239 ita
1163 2219 1192 2239 se
1205 2220 1248 2240 res
1262 2212 1369 2245 habeat,
1385 2220 1434 2241 cur
1448 2220 1509 2240 eum
1525 2213 1571 2248 qui
1590 2221 1661 2241 unus
1675 2217 1716 2240 est

931 2264 993 2285 cum
1009 2256 1099 2289 Patre,
1117 2261 1144 2284 et
1160 2256 1222 2284 talis
1235 2261 1347 2291 apparet
1361 2256 1449 2291 qualis
1459 2261 1501 2284 est
1511 2257 1601 2290 Pater,
1618 2265 1714 2285 secun-

931 2303 995 2330 dum
1013 2302 1218 2330 similitudinem
1237 2307 1319 2336 atque
1339 2310 1420 2329 uuam
1441 2303 1622 2335 divinitatem.
1637 2311 1715 2330 vere-

932 2356 994 2376 mur
1008 2347 1100 2375 dicere
1127 2347 1409 2375 consubstantialem?
1426 2346 1455 2374 Si
1470 2348 1543 2375 enim
1557 2367 1565 2380 ,
1582 2348 1714 2382 quemad-

933 2393 1044 2422 modum
1061 2392 1160 2428 saepius
1177 2393 1280 2420 dictum
1296 2398 1356 2425 est,
1373 2393 1475 2420 nullam
1490 2394 1570 2420 habet
1586 2399 1615 2420 ut
1631 2393 1716 2420 Filius

933 2439 1126 2475 proprietatem
1140 2439 1378 2466 similitudinemve
1392 2446 1453 2466 cum
1465 2443 1576 2474 paterna
1590 2440 1717 2467 substan-

934 2486 982 2518 tia,
1000 2492 1032 2512 ea
1047 2491 1114 2511 voce
1128 2484 1168 2511 uti
1192 2488 1265 2511 recte
1279 2491 1413 2511 veremur.
1431 2482 1479 2511 Sin
1501 2488 1590 2512 autem
1608 2485 1653 2512 ille
1674 2488 1718 2513 est

934 2543 978 2570 51.
1044 2540 1104 2560 ’⁷³⁸
1123 2539 1176 2568 lsa.
1204 2548 1319 2575 uxvut,
1347 2540 1381 2573 4.;
1401 2539 1457 2569 τιδι’.
1473 2548 1494 2574 t,
1510 2540 1537 2574 2,
1555 2541 1582 2574 4,
1599 2541 1643 2574 ΙΙ,
1660 2546 1714 2569 etc.

970 2644 1026 2679 (7i)
1046 2643 1165 2680 Felgkm.
1179 2644 1205 2676 5,
1221 2643 1358 2680 ᾁλήθειαν.

969 2678 1025 2714 (72)
1046 2679 1082 2706 Ita
1098 2679 1209 2714 Regius.
1228 2678 1254 2705 In
1266 2678 1351 2714 editis
1365 2686 1430 2706 vero
1444 2679 1491 2706 καί
1506 2679 1591 2707 deest.

981 2713 1025 2748 75)
1045 2713 1162 2741 Ὲυιειυή.
1179 2715 1195 2740 5
1209 2714 1289 2741 hath
1305 2713 1351 2740 καί
1366 2718 1428 2741 ante
1443 2714 1630 2748 γινώσκοντες.

981 2716 1025 2751 75)
1045 2716 1162 2741 Felckm.
1179 2716 1195 2740 5
1209 2716 1289 2741 habet
1305 2716 1351 2740 καί
1366 2718 1428 2741 ante
1443 2716 1630 2748 γινώσκοντες.

969 2716 1026 2784 (Ἠ)
1046 2749 1084 2775 ita
1102 2749 1203 2784 Regius
1223 2753 1250 2776 et
1268 2747 1387 2776 Felckm.
1403 2749 1429 2776 5.
1454 2749 1481 2776 In
1500 2750 1565 2776 edit.
1581 2749 1627 2776 καί
1641 2750 1717 2779 deest

934 2789 996 2812 ante
1015 2784 1116 2810 Ἰσαάκ.

971 2819 1031 2855 (75),
1047 2819 1093 2846 Sic
1115 2818 1232 2855 Felclrm.
1250 2819 1267 2846 5
1281 2824 1308 2846 et
1325 2819 1391 2846 edit.
1406 2819 1492 2848 Paris.
1509 2819 1544 2846 At
1567 2819 1667 2855 Regius
1689 2826 1714 2847 et

1025 2854 1032 2862 1

935 2854 990 2882 edit
1012 2854 1117 2882 Comm.
1132 2854 1169 2885 ὡς
1184 2854 1250 2887 ἔστι,
1265 2854 1383 2889 Πατέρα.
