1977 3039
149 100 201 131 789

854 103 898 130 DE
916 102 1068 131 SYNODIS.

1715 107 1766 137 790

148 159 263 195 ἀληθεία
274 160 347 193 Υίδς,
361 161 428 196 φῶς,
446 161 535 197 σοφία,
555 162 631 194 Θεός.
649 162 731 189 Φύσει
747 162 776 190 δὲ
792 161 829 189 ὢν
841 162 888 189 καὶ
903 163 930 189 οὐ

984 163 1072 198 prium
1083 168 1133 191 est.
1150 163 1242 199 Itaque
1252 164 1275 192 si
1290 165 1439 194 absurdum
1452 165 1517 194 illud
1528 171 1580 200 est,
1592 174 1767 202 nequaquam

151 207 262 240 μετοχῇ,
276 206 325 233 οὐκ
337 206 369 234 ἂν
385 207 484 243 κυρίως
497 207 602 243 λεχθείη
618 208 784 243 δμοιοούσιος
799 207 865 243 (8‘2).
875 207 932 234 ἀλλ’

149 251 301 286 ὁμοούσιος.
314 254 345 280 '0
360 253 388 280 δὲ
403 253 468 289 μηδὲ
482 255 525 281 ἐπ’
535 254 621 282 ἄλλων
633 255 665 281 ἄν
678 263 719 286 τις
735 254 817 281 είποι·
827 254 933 289 ἐδείχθη

149 297 203 334 γὰρ
220 298 253 324 τὰ
261 299 351 333 ὅμοιον
384 300 421 334 μὴ
447 300 493 326 ἐπὶ
512 300 565 327 τῶν
589 300 688 327 οὐσιῶν
704 300 857 336 λεγόμενον·
876 299 935 331 πῶς

148 344 198 370 οὐκ
211 345 322 379 ἀνόητον
340 345 399 380 μὲν,
417 345 433 381 ἦ
459 346 528 381 τάχα
540 347 587 373 καὶ
602 346 719 382 χαλεπὸν
740 346 820 373 τοῦτο
831 346 933 382 προφέ-

149 398 206 425 ρειν
220 391 265 416 ἐπὶ
282 391 357 422 Υίοῦ,
373 391 419 417 καὶ
434 392 470 427 μὴ
484 392 581 427 μᾶλλον
592 393 622 419 τὸ
635 392 794 427 ὀμοούσιονς

983 208 1036 235 erit
1057 215 1090 235 ex
1112 207 1328 244 participatione,
1356 210 1403 238 sed
1426 217 1459 238 ex
1476 215 1574 238 natura
1594 215 1622 238 et
1641 212 1766 246 veritate,

983 252 1078 285 Filius,
1108 254 1211 286 lumen,
1233 255 1375 290 sapientia,
1401 255 1494 283 Deus:
1513 263 1573 283 cum
1600 261 1690 284 autem
1720 265 1768 285 na—

984 304 1044 326 tura
1063 299 1124 327 talis
1142 300 1177 327 sit
1191 305 1217 327 et
1238 308 1294 327 non
1318 301 1535 336 participatione.
1549 310 1686 336 nunquam
1703 310 1766 337 pro-

984 345 1041 380 prie
1064 345 1214 372 substantia
1233 346 1330 374 similis
1358 346 1410 373 dici
1433 351 1560 380 potuer.t,
1579 348 1626 374 sed
1647 348 1766 375 consub-

985 390 1130 418 stantialis.
1145 390 1222 423 Quod
1241 396 1331 418 autem
1357 391 1391 418 de
1412 391 1473 419 aliis
1496 399 1577 419 nemo
1597 393 1697 421 dixerit
1710 395 1768 427 (dc-

148 441 327 464 monsu-atum
343 442 385 465 est
403 439 475 465 enim
490 458 498 471 ,
519 438 606 466 simile
631 439 664 465 dc
686 438 846 466 substantiis
870 445 925 464 non
961 436 1135 472 praedicari),
1162 437 1219 472 qui,
1245 444 1358 472 quasso,
1384 445 1438 465 non
1463 439 1576 466 stultum
1602 439 1705 473 fuerit,
1740 446 1768 467 et

148 481 264 511 iortasse
293 484 376 511 etiam
413 485 603 520 gravissimum
642 485 668 513 id
708 487 742 514 de
780 485 848 513 Filio
877 483 1018 520 proferre,
1045 488 1078 512 etv
1102 492 1156 512 non
1176 484 1267 520 potius
1290 493 1351 513 eum
1392 486 1649 514 consubstantialem
1674 487 1767 523 appel-

148 529 204 557 lare
212 529 224 557 ἳ

182 576 226 603 54.
240 577 289 604 Διά
312 577 391 604 τοῦτο
416 578 470 613 γὰρ
487 579 533 605 καὶ
559 580 576 615 ἡ
594 581 622 606 ἐν
635 579 740 616 Νικαίᾳ
764 577 842 606 σύνοδ
855 587 869 610 ς
883 587 932 605 κα-

147 621 200 654 λῶς
216 622 344 658 ἔγραψεν,
360 623 427 659 ὅπερ
447 625 565 660 ἔπρεπεν
580 626 676 657 είπεῖν,
692 625 820 660 γεννητὸν
833 625 865 651 ὲκ
883 626 933 660 τῆς

145 668 237 701 οὐσίας
253 669 298 695 τοῦ
312 669 417 706 Πατρδς
438 670 483 697 τὸν
508 671 570 697 Υῑδν
593 672 743 707 ὁμοούσιον.
768 671 860 698 Ταῦτα
877 666 932 706 (85)

147 714 194 741 καὶ
209 715 288 749 ἡμεῖς
300 715 439 750 μαθόντες,
468 716 504 752 μὴ
527 717 733 752 σκιαμαχῶμεν,
750 718 796 744 καὶ
816 717 932 752 μάλιστα

145 758 334 793 γινώσκοντες,
347 761 423 787 ὃτιοί
441 762 487 788 καὶ
515 761 602 789 ταῦτα
629 762 799 798 γράψαντες,
824 762 873 797 οὺχ
894 761 931 794 ὡς

144 805 379 841 παρεξηγούμενοι
391 807 440 843 τὴν
451 807 588 843 ἀλήθειαν,
616 808 672 834 ἀλλ’
687 807 856 840 ἐκδικοῦντες
882 807 931 843 μὲν

143 851 193 886 τὴν
205 851 334 887 ἀλήθειαν
348 853 395 879 καὶ
407 853 456 888 τὴν
469 854 508 885 είς
532 854 648 889 Χριστὸν
665 854 813 887 εὐσέὸειαν,
836 853 932 880 καθαι-

145 896 254 931 ροῦντες
267 897 294 924 δὲ
308 897 356 929 τὰς
366 899 424 924 κατ’
434 899 516 925 αὑτοῦ
525 899 578 926 τῶν
592 899 801 935 Ἀρειομανιτῶν
813 898 933 934 βλασφη-
950 896 956 902 ’

1021 578 1066 606 54.
1096 577 1200 605 Idcirco
1223 577 1307 612 probe
1336 575 1444 604 Nicaena
1470 576 1590 612 synodus
1611 577 1638 604 id
1659 577 1768 613 scripsit

985 623 1058 660 quod
1080 627 1293 651 consentaneum
1309 627 1387 655 erat,
1411 622 1509 650 Filium
1531 630 1628 658 nempe
1647 631 1680 651 ex
1703 624 1769 652 sub-

986 670 1086 698 stantia
1108 669 1197 697 Patris
1229 669 1350 704 genitum
1367 689 1374 702 ,
1403 676 1465 696 esse
1496 670 1765 698 consubstantialem.

986 716 1049 744 Haec
1061 715 1156 743 eadem
1172 722 1222 742 nos
1238 722 1300 742 cum
1317 714 1503 747 didicerimus,
1527 722 1561 742 ne
1580 722 1642 742 cum
1664 716 1767 744 umbris

984 768 1152 797 pugnemus:
1164 760 1240 796 gnari
1255 760 1374 788 maxime
1388 767 1446 793 eos,
1460 761 1506 795 qui
1520 761 1577 788 haec
1589 761 1767 796 scripserunt,

984 815 1038 834 non
1062 807 1152 834 studio
1174 813 1257 840 prave
1278 805 1431 840 explicandi
1459 805 1610 837 veritatem,
1632 805 1679 832 sed
1707 813 1768 833 eam

985 862 1039 882 una
1055 861 1117 882 cum
1140 853 1239 888 pietate
1259 853 1286 880 in
1301 852 1441 880 Christum
1465 847 1615 883 asserendi;
1637 857 1664 880 et
1687 853 1766 880 Ario-

985 898 1149 925 manitarum
1170 897 1352 933 blasphemias
1368 897 1533 930 damnandi,
1553 897 1592 925 sic
1610 897 1689 925 ﬁdem
1704 905 1768 933 pro-

145 943 220 978 μίας,
231 943 318 976 οὓτως
332 945 508 981 ὡμολόγησαν
523 946 573 980 τὴν
599 947 700 973 πίστιν.
726 946 860 972 Σκεπτέον
875 945 930 981 γὰρ

983 945 1118 980 ηιυΙδεεεε
1133 952 1222 972 suam.
1240 944 1474 972 Considerandum
1488 944 1561 971 enim
1575 948 1631 977 est,
1646 949 1673 972 et
1691 952 1769 972 aecus

143 989 191 1015 καὶ
216 991 395 1026 κατανοητέον
421 991 552 1027 ἁκριῦῶς,
580 993 622 1018 δτι
638 992 761 1026 λέγοντες
793 992 842 1028 μὲν
868 992 930 1019 ἀνο-

144 1036 295 1070 μοιοούσιον
314 1037 369 1072 (84)
386 1037 434 1063 καὶ
452 1038 631 1073 ἑτεροούσιον,
651 1039 680 1064 οὐ
697 1038 865 1074 σημαίνομεν
885 1038 931 1065 τὸν

142 1081 267 1117 ἀληθινὸν
289 1083 363 1115 Υἱὺν,
385 1082 441 1110 ἀλλ’
466 1082 494 1109 ἓν
509 1092 534 1110 τι
551 1083 604 1111 τῶν
627 1084 785 1119 ποιημάτων
817 1084 864 1110 καὶ
885 1084 931 1110 τὸν

143 1129 296 1164 εἰσποιητὸν
310 1129 357 1156 καὶ
379 1129 452 1156 Θέσει
466 1129 529 1157 Υἱὸν
543 1130 610 1166 (85),
630 1131 698 1166 ὅπερ
712 1133 769 1163 τοῖς
786 1132 932 1167 αίρετικοῖς

141 1174 222 1202 δοκεῖ·
237 1175 360 1210 λέγοντες
372 1175 400 1202 δὲ
416 1175 453 1211 μὴ
479 1176 625 1211 ἐριστικῶς
641 1176 671 1203 τὸ
698 1176 851 1212 δμοούσιον,
868 1177 932 1205 Υίδν

143 1222 312 1258 σημαίνομεν
322 1223 432 1257 γνήσιον
447 1224 479 1250 ὲκ
495 1223 542 1250 τοῦ
573 1223 686 1259 Πατρδς⁴
703 1223 844 1258 πεψυκότα
856 1243 863 1255 ,
880 1223 932 1250 κᾶν

142 1268 172 1294 ἐν
186 1268 272 1304 τούτῳ
287 1268 519 1305 διαρῤηγνὺωνται
543 1269 673 1301 πολλάκις
695 1269 720 1295 al
734 1269 930 1306 Χριστομάχοι.

142 1313 234 1340 ταῦτα
261 1315 320 1349 μὲν,
348 1315 420 1350 ἅπερ
449 1315 533 1349 ἔγνων
559 1314 624 1350 ἐγὼ,
658 1315 704 1341 καὶ
735 1314 931 1350 διαλεγομένων

142 1359 247 1394 ἥκουσα
263 1359 410 1395 φρονίμων,
427 1360 461 1386 δι’
471 1360 569 1395 ὀλίγων
581 1361 718 1396 γέγραφα’
734 1361 812 1397 ὑμεῖς
828 1361 866 1394 δὲ,
881 1361 930 1396 μὲ-

142 1413 233 1438 νοντες
261 1407 307 1433 ἐπὶ
333 1407 378 1433 τὸν
405 1406 528 1442 θεμέλιον
549 1407 603 1434 τῶν
620 1407 785 1439 ἀποστόλων,
811 1407 858 1434 καὶ
881 1407 931 1439 τὰς

143 1452 305 1488 παραδόσεις
317 1452 370 1479 τῶν
383 1453 510 1489 Πατέρων
519 1453 575 1489 (86)
585 1453 752 1488 κατέχοντες,
764 1452 874 1488 εὔχεσθε
888 1453 932 1480 ἵνα

142 1497 194 1534 ἢδη
212 1499 276 1526 ποτὲ
294 1499 431 1534 παύσηται
445 1500 519 1526 πᾶσα
529 1500 621 1527 λοιπὸν
636 1499 694 1535 ἔρις
711 1500 758 1526 καὶ
773 1499 862 1535 ζῆλος,
878 1498 932 1526 τῶν

141 1553 172 1571 τε
187 1545 330 1584 αἱρετικῶν
345 1546 373 1572 αἱ
391 1546 481 1581 μωραὶ
497 1545 624 1582 ζητήσεις
648 1545 868 1580 καταγνωσθῶσι,
886 1546 934 1572 καὶ

141 1591 217 1618 πᾶσα
233 1591 392 1626 λογομαχία·
410 1592 456 1618 καὶ
472 1593 488 1627 ἡ
510 1591 558 1627 μὲν
582 1591 739 1627 δυσώνυμος
766 1592 812 1618 καὶ
826 1591 930 1627 ἀνθρω-
944 1611 967 1642 c

143 1637 271 1668 ποκτόνος
284 1637 336 1664 τῶν
353 1638 498 1672 Ἀρειανῶν
515 1638 619 1674 αἵρεσις
647 1637 848 1673 ὲξαφανισθείη,
866 1638 930 1665 ἀνα⁹

141 1682 257 1718 λάμψειε
274 1683 301 1710 δὲ
318 1684 426 1711 πάντων
439 1685 467 1711 ὲν
478 1685 537 1716 ταῖς
553 1685 677 1719 καρδίαις
692 1686 707 1720 ἡ
723 1685 844 1721 ἀλήθεια,
860 1685 930 1713 ὥστε

142 1729 246 1760 πάντας
262 1729 398 1767 πανταχοῦ
425 1729 455 1757 τὸ
471 1730 536 1757 αὐτὸ
557 1730 657 1764 λέγειν,
680 1731 725 1757 καὶ
751 1731 805 1766 (87)
820 1731 850 1758 τὺ
865 1732 931 1759 αὐτὸ

142 1777 260 1812 φρονεῖν·
282 1776 417 1812 μηδεμιᾶς
429 1777 457 1803 δὲ
483 1777 522 1803 ἔτι
539 1777 767 1814 περιλειπομένης
789 1778 930 1814 Ἀρειανῆς

141 1821 305 1856 δυσφημίας,
318 1821 429 1857 λέγηται
441 1822 488 1849 καὶ
501 1823 663 1858 ὁμολογῆται
677 1824 747 1850 κατὰ
761 1825 849 1852 πᾶσαν
871 1825 931 1852 Ἐκ-

141 1867 265 1903 χλησίαψ
281 1877 290 1893 ί
307 1865 353 1899 Εἷς
368 1868 480 1903 Κύριος,
497 1868 546 1904 μία
562 1868 662 1901 πίστις,
688 1869 717 1896 ἓν
744 1870 900 1906 βάπτισμα,
916 1881 926 1897 ι

142 1915 172 1940 ὲν
184 1913 294 1949 Χριστῷ
316 1913 401 1948 Ἰησοῦ
421 1913 459 1949 τῷ
474 1914 568 1950 Κυρίῳ
585 1915 673 1950 ἡμῶν,
699 1914 732 1943 δι’
744 1912 775 1942 οὗ
790 1916 828 1951 τῷ
842 1917 930 1953 Πατρὶ

141 1961 159 1995 ἡ
170 1960 233 1993 δόξα
243 1960 297 1996 (88)
306 1960 389 1987 καὶτὸ
399 1960 496 1996 κράτος
512 1962 551 1992 είς
562 1962 625 1994 τοὺς
636 1961 737 1994 αἰῶνας
749 1962 804 1989 τῶν
812 1962 926 1990 αίὼνων.

148 2007 244 2042 Ἀμήν.

177 2053 221 2080 55.
237 2052 313 2079 Μετὰ
325 2053 355 2079 τὺ
367 2052 471 2087 γράψαι
487 2053 555 2088 μετὰ
572 2053 627 2089 (89)
645 2054 709 2090 περὶ
731 2054 785 2081 τῶν
802 2054 928 2088 συνόδων,

142 2095 228 2131 ἔγνων
244 2097 386 2132 γράψαντα
399 2098 445 2124 τὸν
459 2097 638 2125 ἀσεϐέστατον
658 2099 846 2126 Κωνστάντιον
861 2100 929 2135 πρὸς

141 2144 204 2175 τοὺς
217 2145 245 2170 ὲν
265 2143 401 2180 Ἀρὶμήνῳ
419 2144 562 2179 μείναντας
577 2145 760 2177 ἐπισκόπους·
782 2146 829 2178 ita“,
846 2154 928 2173 σπου-

142 2189 189 2225 δὴν
205 2190 282 2225 ἒσχον
294 2190 386 2216 λαϐεῖν
399 2190 433 2216 τὰ
449 2191 602 2225 ἀντίγραφα
622 2191 697 2226 παρὰ
714 2192 833 2226 γνησίων
854 2192 929 2219 ἀδελ-

143 2235 212 2270 φῶν,
229 2236 276 2262 καὶ
288 2236 444 2263 ἀποστεῖλαι
455 2236 529 2271 ὑμῖν,
545 2237 592 2263 καὶ
603 2236 657 2272 (90)
671 2236 705 2264 τὰ
719 2237 792 2274 παρὰ
804 2236 856 2264 τῶν
868 2238 928 2264 ἐπι-

981 996 1039 1018 rate
1061 990 1332 1018 animadvertendum
1347 1011 1355 1024 ,
1388 998 1450 1018 cum
1474 998 1536 1018 eum
1555 990 1673 1018 dicimus
1703 991 1768 1018 sub-

980 1038 1079 1065 stantia
1107 1037 1287 1070 dissimilem,
1318 1041 1346 1065 et
1375 1037 1489 1065 diversae
1517 1037 1691 1071 substantiae,
1716 1045 1767 1064 nos

980 1083 1190 1118 haudquaquam
1212 1090 1306 1110 verum
1328 1082 1427 1110 Filium
1441 1082 1605 1118 signiﬁcare,
1622 1083 1669 1110 sed
1682 1091 1766 1110 unum

980 1137 1014 1157 ex
1030 1129 1156 1164 opiticiis,
1176 1133 1203 1157 et
1222 1129 1337 1157 ascitum
1355 1129 1556 1164 adoptioneque
1569 1129 1680 1162 Filium,
1693 1129 1767 1164 quod

981 1175 1101 1203 haeretici
1121 1176 1262 1203 sentiunt:
1279 1183 1359 1211 quem
1382 1176 1406 1203 si
1425 1176 1550 1204 dicamus
1576 1176 1635 1204 sine
1658 1180 1768 1203 conterr-

981 1220 1055 1248 tione
1069 1221 1340 1254 consubstantialem,
1356 1228 1449 1248 verum
1463 1221 1650 1256 signiﬁcamus
1668 1220 1767 1248 Filium

981 1274 1015 1294 ex
1039 1267 1120 1295 Patre
1143 1272 1238 1295 natum
1265 1277 1272 1294 :
1294 1268 1401 1295 etiamsi
1424 1268 1476 1295 hac
1501 1267 1534 1295 de
1558 1275 1640 1295 causa
1665 1268 1768 1302 pluries

980 1313 1185 1349 disrumpantur
1210 1314 1311 1342 Christi
1337 1314 1439 1342 hostes.
1467 1313 1530 1342 Haec
1550 1315 1678 1350 quidem,
1708 1322 1768 1350 quae

980 1364 1044 1387 uota
1061 1360 1138 1393 mihi,
1153 1366 1179 1388 et
1192 1368 1225 1388 ex
1239 1360 1413 1396 prudentium
1428 1360 1659 1394 disputationibus
1674 1361 1769 1395 explo-

980 1411 1039 1434 rata
1051 1411 1140 1439 erant,
1154 1407 1249 1442 paucis
1262 1406 1370 1442 scripsi.
1384 1405 1440 1434 Vos
1453 1411 1544 1434 autem
1559 1412 1700 1435 manentes
1719 1415 1767 1435 su-

981 1459 1030 1486 per
1050 1451 1257 1480 fundamentum
1277 1452 1483 1487 apostolorum,
1497 1451 1664 1487 Patrumque
1684 1453 1769 1480 tradi-

982 1497 1073 1525 tiones
1088 1498 1245 1530 retinentes,
1262 1503 1337 1525 orate
1363 1502 1394 1525 ut
1411 1497 1468 1532 jam
1483 1502 1570 1525 cesset
1593 1498 1683 1525 omnis
1703 1506 1768 1525 con-

983 1543 1068 1570 tentio
1081 1547 1108 1570 et
1127 1543 1211 1576 zelus,
1225 1543 1469 1577 htereticorumque
1487 1543 1590 1570 insanze
1603 1544 1767 1578 (μιαεειὶυηεε

983 1593 1011 1617 et
1027 1597 1081 1616 una
1100 1589 1189 1617 omnis
1207 1590 1352 1616 verborum
1373 1588 1512 1617 contentio
1528 1588 1702 1622 damnentur,
1724 1594 1767 1616 tit-

982 1642 1035 1670 que
1059 1634 1165 1662 nefaria
1193 1639 1221 1662 et
1252 1634 1426 1671 sanguinaria
1458 1634 1622 1661 Arianorum
1654 1634 1767 1662 haeresis

981 1681 1132 1714 aboleatur,
1155 1681 1184 1708 in
1207 1681 1330 1709 omnium
1349 1687 1415 1708 vero
1436 1681 1565 1707 cordibus
1586 1681 1686 1708 veritas
1708 1681 1767 1708 elu-

981 1733 1056 1760 ceat;
1079 1728 1116 1755 ita
1134 1732 1164 1755 ut
1179 1735 1274 1755 omnes
1294 1727 1393 1762 ubique
1409 1727 1480 1754 idem
1495 1727 1596 1760 dicant,
1618 1727 1689 1754 idem
1705 1735 1767 1755 sen-

981 1775 1050 1803 tiant
1062 1783 1069 1802 :
1084 1782 1116 1802 ac
1130 1775 1205 1802 nulla
1221 1775 1350 1810 deinceps
1364 1775 1457 1802 relicta
1471 1774 1572 1801 Ariaua
1585 1775 1765 1809 blasphemia,

981 1829 1029 1857 per
1062 1821 1216 1848 universam
1243 1820 1390 1848 Ecclesiam
1408 1820 1524 1853 dicatur,
1545 1825 1626 1855 atque
1654 1820 1680 1847 in
1701 1828 1767 1848 con-

980 1868 1052 1897 fesso
1075 1868 1206 1899 habeatur
1229 1867 1305 1900 illud,
1324 1876 1333 1893 ι
1352 1866 1427 1901 Unus
1446 1866 1588 1900 Dominus,
1609 1875 1662 1899 una
1687 1868 1765 1901 lidcs,

980 1923 1064 1944 unum
1081 1914 1216 1950 baptisma
1228 1915 1250 1947 ¹,
1267 1923 1276 1940 ι
1390 1914 1417 1940 in
1434 1913 1544 1940 Christo
1564 1912 1628 1940 Jesu
1650 1913 1766 1942 Domino

980 1965 1085 1992 nostro,
1102 1968 1149 1995 per
1163 1967 1244 1995 quem
1257 1950 1332 1987 Patri
1345 1950 1429 1995 gloria
1448 1965 1475 1987 et
1493 1959 1648 1994 imperium,
1670 1960 1697 1987 in
1718 1967 1766 1988 sa:-

981 2007 1041 2034 cula
1055 2006 1228 2034 saeculorum.
1242 2005 1339 2034 Amen.

1015 2053 1060 2080 55.
1080 2051 1227 2087 Postquam
1246 2051 1280 2079 de
1305 2051 1416 2087 synodis
1442 2051 1624 2086 scripsissem,
1643 2053 1763 2088 comperi

980 2098 1170 2134 impiissimum
1193 2097 1385 2130 Constantium
1414 2097 1448 2124 ad
1475 2098 1618 2136 episcopos
1648 2097 1763 2126 Arimini

980 2148 1119 2171 versantes
1142 2143 1300 2177 scripsisse;
1327 2150 1493 2178 operamque
1525 2143 1586 2170 dedi
1622 2148 1651 2170 ut
1672 2151 1764 2177 exem-

980 2189 1023 2224 pla
1048 2197 1063 2216 a
1084 2184 1220 2224 germanis
1248 2188 1377 2215 fratribus
1410 2188 1571 2223 acciperem,
1600 2189 1632 2216 ad
1660 2197 1763 2224 vosque

981 2235 1127 2269 mitterem,
1147 2239 1174 2262 et
1191 2234 1272 2262 simul
1287 2242 1319 2262 ea
1336 2242 1396 2269 qua:
1413 2234 1532 2269 episcopi
1550 2235 1760 2270 rescripserunt:

144 2282 251 2308 σκόπων
263 2282 479 2317 ἀντι-γραφέντα·
497 2282 539 2308 ἵνα
554 2282 640 2316 γνῶτε
658 2282 705 2309 τοῦ
732 2283 780 2318 μὲν
797 2283 928 2319 βασιλέως

983 2286 1007 2308 ut
1036 2281 1130 2308 sciatis
1157 2287 1218 2307 cum
1251 2279 1424 2315 imperatoris
1456 2279 1568 2314 impiam
1594 2281 1762 2314 versutiam,

141 2327 191 2363 τὴν
205 2327 291 2362 ἀσεϐῆ
310 2327 486 2364 πανουργίαν,
500 2328 553 2354 τῶν
564 2328 592 2354 δὲ
607 2327 764 2355 ἐπισκόπων
778 2329 808 2356 τὺ
822 2329 927 2365 ἑδραῖον

142 2374 190 2401 καὶ
205 2373 311 2406 ὰκλινὲς
326 2374 374 2409 τῆς
389 2374 456 2410 πρὸς
467 2375 515 2411 τὴν
532 2373 661 2410 ἀλήθειαν
671 2374 793 2411 γνώμης.

178 2452 188 2468 ¹
209 2451 308 2486 Ephes.
325 2459 362 2486 iv,
382 2452 408 2480 5.

178 2527 235 2565 (ἕξ)
256 2527 301 2565 §ic
317 2529 428 2563 Regius.
443 2528 512 2556 Editi
526 2533 628 2565 autem,
640 2529 802 2565 ὁμοιούσιος.

190 2563 234 2599 85)
256 2564 354 2599 Regius
372 2564 466 2595 codex.
482 2563 562 2597 αρτά.

190 2598 234 2635 84)
255 2599 291 2635 ita
308 2598 417 2633 Regius.
436 2599 504 2626 Etllll
522 2607 596 2632 vero,
612 2600 807 2635 ἀνομοιούσιον.

168 2634 234 2695 [5585)
254 2634 409 2667 Felckman.
424 2635 451 2668 5,
467 2635 513 2662 καὶ
533 2635 587 2662 τῶν
611 2634 927 2670 εἰσποιητῶνκαίθέσει

193 2678 216 2695 ν.

141 2669 292 2766 ζῑῗέίίξὶιιο
313 2704 423 2740 Regius.
441 2705 512 2733 Editi
528 2713 592 2733 vero
613 2710 640 2734 ct
665 2706 755 2734 caeteri
778 2715 845 2736 mss.
871 2707 925 2734 τῶν

162 2748 227 2766 ποστ
253 2749 306 2766 ων.

162 2739 309 2812 (δῗὲίρὣῖἓάί
324 2775 398 2812 deest
413 2776 438 2802 in
451 2775 605 2804 Felckman.
619 2777 645 2803 5.
656 2776 740 2804 Paulo
753 2781 823 2812 post.
841 2777 922 2809 idem,

142 2810 316 2845 βλασφημίας
333 2811 445 2846 λέγηται
468 2812 513 2839 καὶ
536 2812 708 2847 ὁμολογῆται.
727 2810 807 2847 Editi,
822 2813 923 2848 δυσφη-

979 2331 1036 2354 tum
1052 2327 1241 2361 episcoporum
1259 2326 1365 2353 ﬁrmam
1392 2326 1587 2361 immotamque
1605 2326 1631 2353 in
1652 2327 1763 2354 veritate

979 2373 1149 2402 sententiam.

978 2530 1042 2565 μίας
1058 2529 1169 2564 λέγηται
1190 2529 1361 2565 ὁμολογῆται.
1377 2528 1488 2566 Regius,
1499 2531 1653 2567 δυσφημίας
1665 2531 1761 2567 λέγητε

978 2566 1023 2591 καὶ
1038 2565 1202 2591 ὁμολογεῖτε.
1570 2569 1573 2571 ·

976 2573 1023 2592 και
1038 2573 1202 2592 ομοΛογειτε.

1011 2573 1023 2591 ηι
1038 2573 1202 2600 ομοΛογειτε.

1011 2601 1067 2635 (88)
1087 2599 1248 2635 Felckmrz,
1259 2596 1282 2633 ᾧ
1296 2600 1312 2635 ὴ
1329 2599 1402 2633 δόξα,
1411 2605 1468 2631 ,etc.
1485 2599 1514 2628 In
1526 2602 1582 2629 Ιιιεο
1596 2605 1686 2630 autem
1699 2610 1762 2630 ver-

976 2636 1010 2663 ba
1023 2635 1177 2673 _r_lesinebat
1190 2634 1419 2673 _Na‘nuii'versi_o.
1447 2635 1510 2663 Haec
1524 2641 1627 2673 autem,
1647 2638 1716 2673 μετὰ
1731 2638 1762 2664 τὺ

979 2670 1171 2707 γράψαιλςῑιιιη-
1181 2669 1288 2707 duabus
1299 2670 1422 2707 epistolis
1439 2672 1626 2705 sequentibus,
1640 2669 1672 2700 éx
1689 2674 1759 2700 codi-

979 2683 1036 2707 γραπ
1055 2683 1092 2702 αι,
1106 2683 1166 2697 cum
1181 2683 1288 2697 uuuuua
1299 2683 1422 2702 cpmluns
1439 2683 1626 2705 scquenuuus,
1640 2683 1672 2700 ex
1689 2683 1759 2700 COtll-

979 2714 1010 2733 ce
1032 2683 1173 2740 Rasilieusi
1193 2705 1296 2739 adjecta
1312 2704 1388 2732 fuere
1405 2705 1432 2732 in
1447 2707 1514 2734 edit.
1531 2707 1637 2735 Comm.
1659 2709 1762 2740 haben-

980 2746 1078 2775 turqne
1093 2740 1119 2767 in
1136 2739 1219 2775 Regio
1236 2740 1340 2775 codice.

1014 2775 1070 2811 (89)
1092 2775 1128 2811 lita
1141 2774 1250 2811 Regius.
1271 2774 1340 2811 ἒξᾱὶιὶ
1353 2783 1428 2809 vero,
1445 2776 1506 2811 μέν,
1519 2777 1600 2805 male.

1016 2809 1071 2847 (90)
1092 2810 1138 2839 Sic
1153 2809 1263 2846 Régius.
1279 2809 1307 2839 lu
1323 2811 1402 2839 editis
1418 2809 1482 2840 vero
1496 2813 1541 2839 καί
1556 2814 1642 2842 deest.
