  <div class='ocr_page' id='page_1' title='image "/cluster/home/n/w/nwhite01/storage/ocr_20150623/26/njp.32101077772521/401.png"; bbox 0 0 1977 3039; ppageno 0'>
   <div class='ocr_carea' id='block_1_1' title="bbox 222 91 1033 120">
    <p class='ocr_par' dir='ltr' id='par_1_1' title="bbox 222 91 1033 120">
     <span class='ocr_line' id='line_1_1' title="bbox 222 91 1033 120; baseline -0.002 0"><span class='ocrx_word' id='word_1_1' title='bbox 222 92 270 120; x_wconf 75' lang='grc'><strong>’191</strong></span> <span class='ocrx_word' id='word_1_2' title='bbox 502 92 531 120; x_wconf 90' lang='lat' dir='ltr'><strong>S.</strong></span> <span class='ocrx_word' id='word_1_3' title='bbox 551 91 738 119; x_wconf 73' lang='lat' dir='ltr'><strong>ATHANASII</strong></span> <span class='ocrx_word' id='word_1_4' title='bbox 757 91 832 119; x_wconf 80' lang='lat' dir='ltr'><strong>OPP.</strong></span> <span class='ocrx_word' id='word_1_5' title='bbox 851 91 941 118; x_wconf 82' lang='lat' dir='ltr'><strong>PARS</strong></span> <span class='ocrx_word' id='word_1_6' title='bbox 961 91 980 118; x_wconf 88' lang='grc' dir='ltr'><strong>Ι.</strong></span> <span class='ocrx_word' id='word_1_7' title='bbox 1000 106 1033 111; x_wconf 85' lang='grc'><strong><em>-</em></strong></span> 
     </span>
    </p>
   </div>
   <div class='ocr_carea' id='block_1_2' title="bbox 450 147 776 183">
    <p class='ocr_par' dir='ltr' id='par_1_2' title="bbox 450 147 776 183">
     <span class='ocr_line' id='line_1_2' title="bbox 450 147 776 183; baseline 0.003 -8"><span class='ocrx_word' id='word_1_8' title='bbox 450 147 632 183; x_wconf 76' lang='grc' dir='ltr'>ιιιίενρηιαιίυ</span> <span class='ocrx_word' id='word_1_9' title='bbox 650 149 776 183; x_wconf 67' lang='lat' dir='ltr'><strong>epistola.</strong></span> 
     </span>
    </p>
   </div>
   <div class='ocr_carea' id='block_1_3' title="bbox 255 205 998 240">
    <p class='ocr_par' dir='ltr' id='par_1_3' title="bbox 255 205 998 240">
     <span class='ocr_line' id='line_1_3' title="bbox 255 205 998 240; baseline -0.001 -7"><span class='ocrx_word' id='word_1_10' title='bbox 255 205 432 234; x_wconf 88' lang='lat' dir='ltr'><strong>Constantius</strong></span> <span class='ocrx_word' id='word_1_11' title='bbox 464 205 554 233; x_wconf 88' lang='lat' dir='ltr'><strong>Victor</strong></span> <span class='ocrx_word' id='word_1_12' title='bbox 575 210 603 233; x_wconf 90' lang='lat' dir='ltr'><strong>et</strong></span> <span class='ocrx_word' id='word_1_13' title='bbox 623 205 815 240; x_wconf 85' lang='lat' dir='ltr'><strong>Triumphator</strong></span> <span class='ocrx_word' id='word_1_14' title='bbox 842 205 998 240; x_wconf 82' lang='lat' dir='ltr'><strong>Augustus,</strong></span> 
     </span>
    </p>
   </div>
   <div class='ocr_carea' id='block_1_4' title="bbox 221 252 946 287">
    <p class='ocr_par' dir='ltr' id='par_1_4' title="bbox 221 252 946 287">
     <span class='ocr_line' id='line_1_4' title="bbox 221 252 946 287; baseline -0.001 -8"><span class='ocrx_word' id='word_1_15' title='bbox 221 252 349 279; x_wconf 85' lang='lat' dir='ltr'><strong>omnibus</strong></span> <span class='ocrx_word' id='word_1_16' title='bbox 363 252 498 286; x_wconf 80' lang='lat' dir='ltr'><strong>episcopis</strong></span> <span class='ocrx_word' id='word_1_17' title='bbox 514 252 559 287; x_wconf 86' lang='lat' dir='ltr'><strong>qui</strong></span> <span class='ocrx_word' id='word_1_18' title='bbox 583 252 735 279; x_wconf 86' lang='lat' dir='ltr'><strong>Ariminum</strong></span> <span class='ocrx_word' id='word_1_19' title='bbox 752 257 946 280; x_wconf 87' lang='lat' dir='ltr'><strong>convenerunt.</strong></span> 
     </span>
    </p>
   </div>
   <div class='ocr_carea' id='block_1_5' title="bbox 257 297 1001 332">
    <p class='ocr_par' dir='ltr' id='par_1_5' title="bbox 257 297 1001 332">
     <span class='ocr_line' id='line_1_5' title="bbox 257 297 1001 332; baseline -0.001 -8"><span class='ocrx_word' id='word_1_20' title='bbox 257 297 422 332; x_wconf 67' lang='lat' dir='ltr'><strong>Praecipuam</strong></span> <span class='ocrx_word' id='word_1_21' title='bbox 443 305 494 325; x_wconf 88' lang='lat' dir='ltr'><strong>nos</strong></span> <span class='ocrx_word' id='word_1_22' title='bbox 512 305 619 332; x_wconf 84' lang='lat' dir='ltr'><strong>semper</strong></span> <span class='ocrx_word' id='word_1_23' title='bbox 635 305 728 325; x_wconf 87' lang='lat' dir='ltr'><strong>curam</strong></span> <span class='ocrx_word' id='word_1_24' title='bbox 748 304 840 332; x_wconf 83' lang='lat' dir='ltr'><strong>gerere</strong></span> <span class='ocrx_word' id='word_1_25' title='bbox 854 297 952 324; x_wconf 83' lang='lat' dir='ltr'><strong>divinae</strong></span> <span class='ocrx_word' id='word_1_26' title='bbox 973 301 1001 323; x_wconf 82' lang='lat' dir='ltr'><strong>et</strong></span> 
     </span>
    </p>
   </div>
   <div class='ocr_carea' id='block_1_6' title="bbox 222 342 1000 378">
    <p class='ocr_par' dir='ltr' id='par_1_6' title="bbox 222 342 1000 378">
     <span class='ocr_line' id='line_1_6' title="bbox 222 342 1000 378; baseline -0.003 -7"><span class='ocrx_word' id='word_1_27' title='bbox 222 344 367 371; x_wconf 52' lang='lat' dir='ltr'><strong>adoranda).</strong></span> <span class='ocrx_word' id='word_1_28' title='bbox 391 344 467 378; x_wconf 80' lang='lat' dir='ltr'><strong>legis,</strong></span> <span class='ocrx_word' id='word_1_29' title='bbox 494 351 529 371; x_wconf 91' lang='lat' dir='ltr'><strong>ne</strong></span> <span class='ocrx_word' id='word_1_30' title='bbox 558 348 647 372; x_wconf 86' lang='lat' dir='ltr'><strong>vestra</strong></span> <span class='ocrx_word' id='word_1_31' title='bbox 679 343 788 378; x_wconf 85' lang='lat' dir='ltr'><strong>quidem</strong></span> <span class='ocrx_word' id='word_1_32' title='bbox 820 342 1000 370; x_wconf 74' lang='lat' dir='ltr'><strong>mansuetudo</strong></span> 
     </span>
    </p>
   </div>
   <div class='ocr_carea' id='block_1_7' title="bbox 222 389 1000 425">
    <p class='ocr_par' dir='ltr' id='par_1_7' title="bbox 222 389 1000 425">
     <span class='ocr_line' id='line_1_7' title="bbox 222 389 1000 425; baseline -0.003 -9"><span class='ocrx_word' id='word_1_33' title='bbox 222 391 350 425; x_wconf 84' lang='lat' dir='ltr'><strong>ignorat:</strong></span> <span class='ocrx_word' id='word_1_34' title='bbox 370 394 490 416; x_wconf 87' lang='lat' dir='ltr'><strong>attamen</strong></span> <span class='ocrx_word' id='word_1_35' title='bbox 505 389 598 424; x_wconf 78' lang='lat' dir='ltr'><strong>viginti</strong></span> <span class='ocrx_word' id='word_1_36' title='bbox 617 389 758 424; x_wconf 83' lang='lat' dir='ltr'><strong>episcopos</strong></span> <span class='ocrx_word' id='word_1_37' title='bbox 781 396 797 416; x_wconf 90' lang='lat' dir='ltr'><strong>a</strong></span> <span class='ocrx_word' id='word_1_38' title='bbox 820 393 909 416; x_wconf 85' lang='lat' dir='ltr'><strong>vestra</strong></span> <span class='ocrx_word' id='word_1_39' title='bbox 936 395 1000 422; x_wconf 91' lang='lat' dir='ltr'><strong>pru-</strong></span> 
     </span>
    </p>
   </div>
   <div class='ocr_carea' id='block_1_8' title="bbox 221 434 999 471">
    <p class='ocr_par' dir='ltr' id='par_1_8' title="bbox 221 434 999 471">
     <span class='ocr_line' id='line_1_8' title="bbox 221 434 999 471; baseline -0.003 -9"><span class='ocrx_word' id='word_1_40' title='bbox 221 436 311 462; x_wconf 80' lang='lat' dir='ltr'><strong>dentia</strong></span> <span class='ocrx_word' id='word_1_41' title='bbox 331 436 441 467; x_wconf 79' lang='lat' dir='ltr'><strong>missos.</strong></span> <span class='ocrx_word' id='word_1_42' title='bbox 465 436 511 470; x_wconf 89' lang='lat' dir='ltr'><strong>qui</strong></span> <span class='ocrx_word' id='word_1_43' title='bbox 531 436 690 471; x_wconf 77' lang='lat' dir='ltr'><strong>legationem</strong></span> <span class='ocrx_word' id='word_1_44' title='bbox 710 439 828 462; x_wconf 80' lang='lat' dir='ltr'><strong>vestram</strong></span> <span class='ocrx_word' id='word_1_45' title='bbox 847 434 999 462; x_wconf 91' lang='lat' dir='ltr'><strong>obeundam</strong></span> 
     </span>
    </p>
   </div>
   <div class='ocr_carea' id='block_1_9' title="bbox 222 479 1001 515">
    <p class='ocr_par' dir='ltr' id='par_1_9' title="bbox 222 479 1001 515">
     <span class='ocr_line' id='line_1_9' title="bbox 222 479 1001 515; baseline -0.001 -8"><span class='ocrx_word' id='word_1_46' title='bbox 222 486 419 515; x_wconf 85' lang='lat' dir='ltr'><strong>susceperunt,</strong></span> <span class='ocrx_word' id='word_1_47' title='bbox 447 480 568 508; x_wconf 90' lang='lat' dir='ltr'><strong>nondum</strong></span> <span class='ocrx_word' id='word_1_48' title='bbox 596 481 687 508; x_wconf 87' lang='lat' dir='ltr'><strong>videre</strong></span> <span class='ocrx_word' id='word_1_49' title='bbox 711 481 863 515; x_wconf 85' lang='lat' dir='ltr'><strong>potuimus;</strong></span> <span class='ocrx_word' id='word_1_50' title='bbox 887 479 1001 515; x_wconf 86' lang='lat' dir='ltr'><strong>urgebat</strong></span> 
     </span>
    </p>
   </div>
   <div class='ocr_carea' id='block_1_10' title="bbox 221 525 999 560">
    <p class='ocr_par' dir='ltr' id='par_1_10' title="bbox 221 525 999 560">
     <span class='ocr_line' id='line_1_10' title="bbox 221 525 999 560; baseline 0 -8"><span class='ocrx_word' id='word_1_51' title='bbox 221 526 293 552; x_wconf 84' lang='lat' dir='ltr'><strong>enim</strong></span> <span class='ocrx_word' id='word_1_52' title='bbox 312 533 362 553; x_wconf 91' lang='lat' dir='ltr'><strong>nos</strong></span> <span class='ocrx_word' id='word_1_53' title='bbox 377 527 530 554; x_wconf 86' lang='lat' dir='ltr'><strong>necessaria</strong></span> <span class='ocrx_word' id='word_1_54' title='bbox 551 525 682 553; x_wconf 87' lang='lat' dir='ltr'><strong>adversus</strong></span> <span class='ocrx_word' id='word_1_55' title='bbox 695 525 826 553; x_wconf 86' lang='lat' dir='ltr'><strong>barbaros</strong></span> <span class='ocrx_word' id='word_1_56' title='bbox 841 525 975 560; x_wconf 80' lang='lat' dir='ltr'><strong>expeditio</strong></span> <span class='ocrx_word' id='word_1_57' title='bbox 992 535 999 552; x_wconf 93' lang='lat'>:</span> 
     </span>
    </p>
   </div>
   <div class='ocr_carea' id='block_1_11' title="bbox 221 571 1001 607">
    <p class='ocr_par' dir='ltr' id='par_1_11' title="bbox 221 571 1001 607">
     <span class='ocr_line' id='line_1_11' title="bbox 221 571 1001 607; baseline 0 -8"><span class='ocrx_word' id='word_1_58' title='bbox 221 576 262 602; x_wconf 91' lang='lat' dir='ltr'><strong>et.</strong></span> <span class='ocrx_word' id='word_1_59' title='bbox 282 572 512 607; x_wconf 83' lang='lat' dir='ltr'><strong>quemadmodum</strong></span> <span class='ocrx_word' id='word_1_60' title='bbox 532 573 634 606; x_wconf 81' lang='lat' dir='ltr'><strong>nostis,</strong></span> <span class='ocrx_word' id='word_1_61' title='bbox 656 573 747 600; x_wconf 88' lang='lat' dir='ltr'><strong>animo</strong></span> <span class='ocrx_word' id='word_1_62' title='bbox 760 573 795 600; x_wconf 85' lang='lat' dir='ltr'><strong>ab</strong></span> <span class='ocrx_word' id='word_1_63' title='bbox 811 572 885 600; x_wconf 88' lang='lat' dir='ltr'><strong>omni</strong></span> <span class='ocrx_word' id='word_1_64' title='bbox 901 571 1001 600; x_wconf 85' lang='lat' dir='ltr'><strong>sollici-</strong></span> 
     </span>
    </p>
   </div>
   <div class='ocr_carea' id='block_1_12' title="bbox 222 617 999 654">
    <p class='ocr_par' dir='ltr' id='par_1_12' title="bbox 222 617 999 654">
     <span class='ocr_line' id='line_1_12' title="bbox 222 617 999 654; baseline 0.003 -11"><span class='ocrx_word' id='word_1_65' title='bbox 222 617 316 645; x_wconf 88' lang='lat' dir='ltr'><strong>tmiine</strong></span> <span class='ocrx_word' id='word_1_66' title='bbox 330 625 416 646; x_wconf 83' lang='lat' dir='ltr'><strong>vacuo</strong></span> <span class='ocrx_word' id='word_1_67' title='bbox 434 618 533 646; x_wconf 64' lang='lat' dir='ltr'><strong>divinae</strong></span> <span class='ocrx_word' id='word_1_68' title='bbox 562 619 630 653; x_wconf 85' lang='lat' dir='ltr'><strong>legis</strong></span> <span class='ocrx_word' id='word_1_69' title='bbox 646 619 751 654; x_wconf 87' lang='lat' dir='ltr'><strong>negotia</strong></span> <span class='ocrx_word' id='word_1_70' title='bbox 768 618 906 646; x_wconf 81' lang='lat' dir='ltr'><strong>tractanda</strong></span> <span class='ocrx_word' id='word_1_71' title='bbox 925 623 999 646; x_wconf 89' lang='lat' dir='ltr'><strong>sunt.</strong></span> 
     </span>
    </p>
   </div>
   <div class='ocr_carea' id='block_1_13' title="bbox 222 663 1000 700">
    <p class='ocr_par' dir='ltr' id='par_1_13' title="bbox 222 663 1000 700">
     <span class='ocr_line' id='line_1_13' title="bbox 222 663 1000 700; baseline 0.003 -10"><span class='ocrx_word' id='word_1_72' title='bbox 222 663 402 697; x_wconf 85' lang='lat' dir='ltr'><strong>Quamobrem</strong></span> <span class='ocrx_word' id='word_1_73' title='bbox 418 665 552 700; x_wconf 75' lang='lat' dir='ltr'><strong>episcopis</strong></span> <span class='ocrx_word' id='word_1_74' title='bbox 568 665 756 693; x_wconf 83' lang='lat' dir='ltr'><strong>mandavimus</strong></span> <span class='ocrx_word' id='word_1_75' title='bbox 774 669 804 692; x_wconf 92' lang='lat' dir='ltr'><strong>ut</strong></span> <span class='ocrx_word' id='word_1_76' title='bbox 827 665 1000 700; x_wconf 80' lang='lat' dir='ltr'><strong>Adrianopoli</strong></span> 
     </span>
    </p>
   </div>
   <div class='ocr_carea' id='block_1_14' title="bbox 223 709 1002 746">
    <p class='ocr_par' dir='ltr' id='par_1_14' title="bbox 223 709 1002 746">
     <span class='ocr_line' id='line_1_14' title="bbox 223 709 1002 746; baseline 0.005 -11"><span class='ocrx_word' id='word_1_77' title='bbox 223 709 338 736; x_wconf 84' lang='lat' dir='ltr'><strong>reditum</strong></span> <span class='ocrx_word' id='word_1_78' title='bbox 365 714 487 738; x_wconf 79' lang='lat' dir='ltr'><strong>nostrum</strong></span> <span class='ocrx_word' id='word_1_79' title='bbox 513 715 715 746; x_wconf 77' lang='lat' dir='ltr'><strong>exspectarent,</strong></span> <span class='ocrx_word' id='word_1_80' title='bbox 743 714 782 742; x_wconf 81' lang='lat' dir='ltr'><strong>ut,</strong></span> <span class='ocrx_word' id='word_1_81' title='bbox 807 715 948 746; x_wconf 76' lang='lat' dir='ltr'><strong>postqum</strong></span> <span class='ocrx_word' id='word_1_82' title='bbox 968 718 1002 739; x_wconf 84' lang='lat' dir='ltr'><strong>ea</strong></span> 
     </span>
    </p>
   </div>
   <div class='ocr_carea' id='block_1_15' title="bbox 222 755 1001 791">
    <p class='ocr_par' dir='ltr' id='par_1_15' title="bbox 222 755 1001 791">
     <span class='ocr_line' id='line_1_15' title="bbox 222 755 1001 791; baseline 0.004 -10"><span class='ocrx_word' id='word_1_83' title='bbox 222 763 283 788; x_wconf 67' lang='lat' dir='ltr'><strong>qua:</strong></span> <span class='ocrx_word' id='word_1_84' title='bbox 297 755 330 782; x_wconf 85' lang='lat' dir='ltr'><strong>ad</strong></span> <span class='ocrx_word' id='word_1_85' title='bbox 345 756 539 790; x_wconf 87' lang='lat' dir='ltr'><strong>rempublicam</strong></span> <span class='ocrx_word' id='word_1_86' title='bbox 552 757 686 791; x_wconf 87' lang='lat' dir='ltr'><strong>pertinent</strong></span> <span class='ocrx_word' id='word_1_87' title='bbox 700 761 773 784; x_wconf 87' lang='lat' dir='ltr'><strong>recte</strong></span> <span class='ocrx_word' id='word_1_88' title='bbox 787 755 887 784; x_wconf 78' lang='lat' dir='ltr'><strong>fuerint</strong></span> <span class='ocrx_word' id='word_1_89' title='bbox 899 756 1001 784; x_wconf 88' lang='lat' dir='ltr'><strong>consti-</strong></span> 
     </span>
    </p>
   </div>
   <div class='ocr_carea' id='block_1_16' title="bbox 223 800 1039 846">
    <p class='ocr_par' dir='ltr' id='par_1_16' title="bbox 223 800 1039 846">
     <span class='ocr_line' id='line_1_16' title="bbox 223 800 1039 846; baseline 0.004 -20"><span class='ocrx_word' id='word_1_90' title='bbox 223 805 290 831; x_wconf 84' lang='lat' dir='ltr'><strong>tuta,</strong></span> <span class='ocrx_word' id='word_1_91' title='bbox 309 804 373 845; x_wconf 74' lang='lat' dir='ltr'><strong>tunc</strong></span> <span class='ocrx_word' id='word_1_92' title='bbox 387 800 495 828; x_wconf 90' lang='lat' dir='ltr'><strong>demum</strong></span> <span class='ocrx_word' id='word_1_93' title='bbox 510 808 571 836; x_wconf 85' lang='lat' dir='ltr'><strong>quae</strong></span> <span class='ocrx_word' id='word_1_94' title='bbox 584 801 622 828; x_wconf 91' lang='lat' dir='ltr'><strong>illi</strong></span> <span class='ocrx_word' id='word_1_95' title='bbox 639 801 831 837; x_wconf 81' lang='lat' dir='ltr'><strong>suggesserim,</strong></span> <span class='ocrx_word' id='word_1_96' title='bbox 851 802 944 829; x_wconf 89' lang='lat' dir='ltr'><strong>audire</strong></span> <span class='ocrx_word' id='word_1_97' title='bbox 960 806 1000 829; x_wconf 86' lang='lat' dir='ltr'><strong>at-</strong></span> <span class='ocrx_word' id='word_1_98' title='bbox 1017 818 1039 846; x_wconf 69' lang='grc' dir='ltr'><strong>Β</strong></span> 
     </span>
    </p>
   </div>
   <div class='ocr_carea' id='block_1_17' title="bbox 222 838 1002 883">
    <p class='ocr_par' dir='ltr' id='par_1_17' title="bbox 222 838 1002 883">
     <span class='ocr_line' id='line_1_17' title="bbox 222 838 1002 883; baseline 0.005 -11"><span class='ocrx_word' id='word_1_99' title='bbox 222 853 276 880; x_wconf 84' lang='lat' dir='ltr'><strong>que</strong></span> <span class='ocrx_word' id='word_1_100' title='bbox 294 838 445 880; x_wconf 78' lang='lat' dir='ltr'><strong>expendere</strong></span> <span class='ocrx_word' id='word_1_101' title='bbox 459 847 607 875; x_wconf 86' lang='lat' dir='ltr'><strong>valeamus.</strong></span> <span class='ocrx_word' id='word_1_102' title='bbox 625 848 729 876; x_wconf 72' lang='lat' dir='ltr'><strong>Vestrae</strong></span> <span class='ocrx_word' id='word_1_103' title='bbox 750 849 831 883; x_wconf 82' lang='lat' dir='ltr'><strong>igitur</strong></span> <span class='ocrx_word' id='word_1_104' title='bbox 843 849 1002 876; x_wconf 62' lang='lat' dir='ltr'><strong>constantia</strong></span> 
     </span>
    </p>
   </div>
   <div class='ocr_carea' id='block_1_18' title="bbox 223 893 1002 931">
    <p class='ocr_par' dir='ltr' id='par_1_18' title="bbox 223 893 1002 931">
     <span class='ocr_line' id='line_1_18' title="bbox 223 893 1002 931; baseline 0.008 -13"><span class='ocrx_word' id='word_1_105' title='bbox 223 900 257 919; x_wconf 89' lang='lat' dir='ltr'><strong>ne</strong></span> <span class='ocrx_word' id='word_1_106' title='bbox 274 893 416 921; x_wconf 86' lang='lat' dir='ltr'><strong>molestum</strong></span> <span class='ocrx_word' id='word_1_107' title='bbox 431 894 466 922; x_wconf 89' lang='lat' dir='ltr'><strong>sit</strong></span> <span class='ocrx_word' id='word_1_108' title='bbox 481 901 575 922; x_wconf 86' lang='lat' dir='ltr'><strong>eorum</strong></span> <span class='ocrx_word' id='word_1_109' title='bbox 587 895 702 923; x_wconf 88' lang='lat' dir='ltr'><strong>reditum</strong></span> <span class='ocrx_word' id='word_1_110' title='bbox 717 900 1002 931; x_wconf 74' lang='lat' dir='ltr'><strong>exspectare,ut,cum</strong></span> 
     </span>
    </p>
   </div>
   <div class='ocr_carea' id='block_1_19' title="bbox 223 939 1002 978">
    <p class='ocr_par' dir='ltr' id='par_1_19' title="bbox 223 939 1002 978">
     <span class='ocr_line' id='line_1_19' title="bbox 223 939 1002 978; baseline 0.009 -14"><span class='ocrx_word' id='word_1_111' title='bbox 223 940 324 966; x_wconf 81' lang='lat' dir='ltr'><strong>reversi</strong></span> <span class='ocrx_word' id='word_1_112' title='bbox 340 939 450 973; x_wconf 81' lang='lat' dir='ltr'><strong>fuerint,</strong></span> <span class='ocrx_word' id='word_1_113' title='bbox 467 946 559 970; x_wconf 87' lang='lat' dir='ltr'><strong>nostra</strong></span> <span class='ocrx_word' id='word_1_114' title='bbox 573 942 607 970; x_wconf 87' lang='lat' dir='ltr'><strong>ad</strong></span> <span class='ocrx_word' id='word_1_115' title='bbox 623 950 672 970; x_wconf 90' lang='lat' dir='ltr'><strong>vos</strong></span> <span class='ocrx_word' id='word_1_116' title='bbox 686 950 818 978; x_wconf 84' lang='lat' dir='ltr'><strong>responsa</strong></span> <span class='ocrx_word' id='word_1_117' title='bbox 831 942 958 974; x_wconf 79' lang='lat' dir='ltr'><strong>ferentes.</strong></span> <span class='ocrx_word' id='word_1_118' title='bbox 971 951 1002 971; x_wconf 88' lang='lat' dir='ltr'><strong>ea</strong></span> 
     </span>
    </p>
   </div>
   <div class='ocr_carea' id='block_1_20' title="bbox 223 985 1003 1024">
    <p class='ocr_par' dir='ltr' id='par_1_20' title="bbox 223 985 1003 1024">
     <span class='ocr_line' id='line_1_20' title="bbox 223 985 1003 1024; baseline 0.008 -13"><span class='ocrx_word' id='word_1_119' title='bbox 223 991 284 1019; x_wconf 71' lang='lat' dir='ltr'><strong>quze</strong></span> <span class='ocrx_word' id='word_1_120' title='bbox 299 985 440 1014; x_wconf 76' lang='lat' dir='ltr'><strong>utilitatem</strong></span> <span class='ocrx_word' id='word_1_121' title='bbox 454 986 581 1016; x_wconf 70' lang='lat' dir='ltr'><strong>Ecclesia:</strong></span> <span class='ocrx_word' id='word_1_122' title='bbox 597 989 738 1017; x_wconf 69' lang='lat' dir='ltr'><strong>catholicae</strong></span> <span class='ocrx_word' id='word_1_123' title='bbox 751 994 882 1024; x_wconf 88' lang='lat' dir='ltr'><strong>spectant,</strong></span> <span class='ocrx_word' id='word_1_124' title='bbox 898 990 931 1017; x_wconf 84' lang='lat' dir='ltr'><strong>ad</strong></span> <span class='ocrx_word' id='word_1_125' title='bbox 946 990 1003 1017; x_wconf 77' lang='lat' dir='ltr'><strong>exi-</strong></span> 
     </span>
    </p>
   </div>
   <div class='ocr_carea' id='block_1_21' title="bbox 225 1032 1003 1072">
    <p class='ocr_par' dir='ltr' id='par_1_21' title="bbox 225 1032 1003 1072">
     <span class='ocr_line' id='line_1_21' title="bbox 225 1032 1003 1072; baseline 0.014 -15"><span class='ocrx_word' id='word_1_126' title='bbox 225 1036 280 1057; x_wconf 87' lang='lat' dir='ltr'><strong>tum</strong></span> <span class='ocrx_word' id='word_1_127' title='bbox 301 1032 449 1066; x_wconf 87' lang='lat' dir='ltr'><strong>perducere</strong></span> <span class='ocrx_word' id='word_1_128' title='bbox 472 1034 594 1068; x_wconf 81' lang='lat' dir='ltr'><strong>possitis.</strong></span> <span class='ocrx_word' id='word_1_129' title='bbox 611 1034 674 1064; x_wconf 70' lang='lat' dir='ltr'><strong>llaec</strong></span> <span class='ocrx_word' id='word_1_130' title='bbox 687 1037 804 1072; x_wconf 90' lang='lat' dir='ltr'><strong>episcopi</strong></span> <span class='ocrx_word' id='word_1_131' title='bbox 819 1041 982 1072; x_wconf 74' lang='lat' dir='ltr'><strong>acoeperunt</strong></span> <span class='ocrx_word' id='word_1_132' title='bbox 993 1056 1003 1069; x_wconf 75' lang='grc' dir='ltr'><strong>ι</strong></span> 
     </span>
    </p>
   </div>
   <div class='ocr_carea' id='block_1_22' title="bbox 224 1076 510 1107">
    <p class='ocr_par' dir='ltr' id='par_1_22' title="bbox 224 1076 510 1107">
     <span class='ocr_line' id='line_1_22' title="bbox 224 1076 510 1107; baseline 0.017 -5"><span class='ocrx_word' id='word_1_133' title='bbox 224 1076 310 1104; x_wconf 78' lang='lat' dir='ltr'><strong>tribus</strong></span> <span class='ocrx_word' id='word_1_134' title='bbox 322 1077 510 1107; x_wconf 76' lang='lat' dir='ltr'><strong>referentibus.</strong></span> 
     </span>
    </p>
   </div>
   <div class='ocr_carea' id='block_1_23' title="bbox 363 1222 862 1261">
    <p class='ocr_par' dir='ltr' id='par_1_23' title="bbox 363 1222 862 1261">
     <span class='ocr_line' id='line_1_23' title="bbox 363 1222 862 1261; baseline 0.006 -11"><span class='ocrx_word' id='word_1_135' title='bbox 363 1222 520 1258; x_wconf 68' lang='lat' dir='ltr'><strong>Exemplum</strong></span> <span class='ocrx_word' id='word_1_136' title='bbox 536 1226 653 1260; x_wconf 78' lang='lat' dir='ltr'><strong>epistola:</strong></span> <span class='ocrx_word' id='word_1_137' title='bbox 672 1227 862 1261; x_wconf 73' lang='lat' dir='ltr'><strong>episcoporum.</strong></span> 
     </span>
    </p>
   </div>
   <div class='ocr_carea' id='block_1_24' title="bbox 259 1277 1004 1318">
    <p class='ocr_par' dir='ltr' id='par_1_24' title="bbox 259 1277 1004 1318">
     <span class='ocr_line' id='line_1_24' title="bbox 259 1277 1004 1318; baseline 0.009 -14"><span class='ocrx_word' id='word_1_138' title='bbox 259 1277 324 1306; x_wconf 65' lang='lat' dir='ltr'><strong>Ture</strong></span> <span class='ocrx_word' id='word_1_139' title='bbox 339 1280 489 1308; x_wconf 63' lang='lat' dir='ltr'><strong>clementiae</strong></span> <span class='ocrx_word' id='word_1_140' title='bbox 509 1282 614 1310; x_wconf 88' lang='lat' dir='ltr'><strong>litteras</strong></span> <span class='ocrx_word' id='word_1_141' title='bbox 634 1284 803 1318; x_wconf 78' lang='lat' dir='ltr'><strong>accepimus,</strong></span> <span class='ocrx_word' id='word_1_142' title='bbox 818 1283 928 1311; x_wconf 90' lang='lat' dir='ltr'><strong>domine</strong></span> <span class='ocrx_word' id='word_1_143' title='bbox 953 1284 1004 1311; x_wconf 94' lang='lat' dir='ltr'><strong>im-</strong></span> 
     </span>
    </p>
   </div>
   <div class='ocr_carea' id='block_1_25' title="bbox 225 1327 1004 1365">
    <p class='ocr_par' dir='ltr' id='par_1_25' title="bbox 225 1327 1004 1365">
     <span class='ocr_line' id='line_1_25' title="bbox 225 1327 1004 1365; baseline 0.008 -14"><span class='ocrx_word' id='word_1_144' title='bbox 225 1330 333 1359; x_wconf 79' lang='lat' dir='ltr'><strong>perator</strong></span> <span class='ocrx_word' id='word_1_145' title='bbox 348 1327 558 1362; x_wconf 80' lang='lat' dir='ltr'><strong>religiosissime,</strong></span> <span class='ocrx_word' id='word_1_146' title='bbox 574 1329 674 1363; x_wconf 88' lang='lat' dir='ltr'><strong>quibus</strong></span> <span class='ocrx_word' id='word_1_147' title='bbox 688 1330 836 1364; x_wconf 78' lang='lat' dir='ltr'><strong>signiﬁcas,</strong></span> <span class='ocrx_word' id='word_1_148' title='bbox 853 1334 889 1361; x_wconf 83' lang='lat' dir='ltr'><strong>te.</strong></span> <span class='ocrx_word' id='word_1_149' title='bbox 903 1330 938 1357; x_wconf 90' lang='lat' dir='ltr'><strong>ob</strong></span> <span class='ocrx_word' id='word_1_150' title='bbox 953 1338 1004 1365; x_wconf 87' lang='lat' dir='ltr'><strong>pu-</strong></span> 
     </span>
    </p>
   </div>
   <div class='ocr_carea' id='block_1_26' title="bbox 226 1371 1005 1412">
    <p class='ocr_par' dir='ltr' id='par_1_26' title="bbox 226 1371 1005 1412">
     <span class='ocr_line' id='line_1_26' title="bbox 226 1371 1005 1412; baseline 0.01 -16"><span class='ocrx_word' id='word_1_151' title='bbox 226 1371 358 1399; x_wconf 81' lang='lat' dir='ltr'><strong>blicorum</strong></span> <span class='ocrx_word' id='word_1_152' title='bbox 386 1374 555 1409; x_wconf 82' lang='lat' dir='ltr'><strong>negotiorum</strong></span> <span class='ocrx_word' id='word_1_153' title='bbox 584 1376 789 1408; x_wconf 85' lang='lat' dir='ltr'><strong>necessitatem,</strong></span> <span class='ocrx_word' id='word_1_154' title='bbox 816 1376 935 1403; x_wconf 91' lang='lat' dir='ltr'><strong>nondum</strong></span> <span class='ocrx_word' id='word_1_155' title='bbox 957 1375 1005 1412; x_wconf 79' lang='lat' dir='ltr'><strong>po-</strong></span> 
     </span>
    </p>
   </div>
   <div class='ocr_carea' id='block_1_27' title="bbox 226 1418 1006 1457">
    <p class='ocr_par' dir='ltr' id='par_1_27' title="bbox 226 1418 1006 1457">
     <span class='ocr_line' id='line_1_27' title="bbox 226 1418 1006 1457; baseline 0.01 -14"><span class='ocrx_word' id='word_1_156' title='bbox 226 1418 310 1446; x_wconf 83' lang='lat' dir='ltr'><strong>tuisse</strong></span> <span class='ocrx_word' id='word_1_157' title='bbox 335 1418 436 1454; x_wconf 81' lang='lat' dir='ltr'><strong>legatos</strong></span> <span class='ocrx_word' id='word_1_158' title='bbox 459 1426 566 1449; x_wconf 89' lang='lat' dir='ltr'><strong>nostros</strong></span> <span class='ocrx_word' id='word_1_159' title='bbox 593 1422 626 1449; x_wconf 88' lang='lat' dir='ltr'><strong>ad</strong></span> <span class='ocrx_word' id='word_1_160' title='bbox 659 1427 832 1457; x_wconf 87' lang='lat' dir='ltr'><strong>conspectum</strong></span> <span class='ocrx_word' id='word_1_161' title='bbox 864 1423 1006 1451; x_wconf 87' lang='lat' dir='ltr'><strong>admittere</strong></span> 
     </span>
    </p>
   </div>
   <div class='ocr_carea' id='block_1_28' title="bbox 225 1466 1040 1514">
    <p class='ocr_par' dir='ltr' id='par_1_28' title="bbox 225 1466 1040 1514">
     <span class='ocr_line' id='line_1_28' title="bbox 225 1466 1040 1514; baseline 0.011 -25"><span class='ocrx_word' id='word_1_162' title='bbox 225 1468 317 1490; x_wconf 91' lang='lat' dir='ltr'><strong>tuum:</strong></span> <span class='ocrx_word' id='word_1_163' title='bbox 332 1473 434 1500; x_wconf 87' lang='lat' dir='ltr'><strong>nosque</strong></span> <span class='ocrx_word' id='word_1_164' title='bbox 446 1466 526 1500; x_wconf 88' lang='lat' dir='ltr'><strong>jubes</strong></span> <span class='ocrx_word' id='word_1_165' title='bbox 541 1475 634 1494; x_wconf 84' lang='lat' dir='ltr'><strong>eorum</strong></span> <span class='ocrx_word' id='word_1_166' title='bbox 650 1468 764 1496; x_wconf 86' lang='lat' dir='ltr'><strong>reditum</strong></span> <span class='ocrx_word' id='word_1_167' title='bbox 781 1474 946 1504; x_wconf 84' lang='lat' dir='ltr'><strong>exspectare,</strong></span> <span class='ocrx_word' id='word_1_168' title='bbox 959 1470 1006 1497; x_wconf 91' lang='lat' dir='ltr'><strong>do-</strong></span> <span class='ocrx_word' id='word_1_169' title='bbox 1019 1486 1040 1514; x_wconf 67' lang='grc' dir='ltr'>ο</span> 
     </span>
    </p>
   </div>
   <div class='ocr_carea' id='block_1_29' title="bbox 226 1510 1005 1550">
    <p class='ocr_par' dir='ltr' id='par_1_29' title="bbox 226 1510 1005 1550">
     <span class='ocr_line' id='line_1_29' title="bbox 226 1510 1005 1550; baseline 0.012 -15"><span class='ocrx_word' id='word_1_170' title='bbox 226 1518 274 1535; x_wconf 78' lang='lat' dir='ltr'><strong>nec</strong></span> <span class='ocrx_word' id='word_1_171' title='bbox 293 1510 378 1545; x_wconf 88' lang='lat' dir='ltr'><strong>pietas</strong></span> <span class='ocrx_word' id='word_1_172' title='bbox 401 1515 447 1539; x_wconf 86' lang='lat' dir='ltr'><strong>tua</strong></span> <span class='ocrx_word' id='word_1_173' title='bbox 469 1520 517 1548; x_wconf 92' lang='lat' dir='ltr'><strong>pcr</strong></span> <span class='ocrx_word' id='word_1_174' title='bbox 541 1513 601 1541; x_wconf 90' lang='lat' dir='ltr'><strong>illos</strong></span> <span class='ocrx_word' id='word_1_175' title='bbox 630 1515 702 1542; x_wconf 91' lang='lat' dir='ltr'><strong>norit</strong></span> <span class='ocrx_word' id='word_1_176' title='bbox 724 1523 784 1550; x_wconf 68' lang='lat' dir='ltr'><strong>quae</strong></span> <span class='ocrx_word' id='word_1_177' title='bbox 804 1520 869 1543; x_wconf 86' lang='lat' dir='ltr'><strong>sunt</strong></span> <span class='ocrx_word' id='word_1_178' title='bbox 887 1523 902 1542; x_wconf 87' lang='lat' dir='ltr'><strong>a</strong></span> <span class='ocrx_word' id='word_1_179' title='bbox 925 1517 1005 1545; x_wconf 88' lang='lat' dir='ltr'><strong>nobis</strong></span> 
     </span>
    </p>
   </div>
   <div class='ocr_carea' id='block_1_30' title="bbox 223 1556 1005 1592">
    <p class='ocr_par' dir='ltr' id='par_1_30' title="bbox 223 1556 1005 1592">
     <span class='ocr_line' id='line_1_30' title="bbox 223 1556 1005 1592; baseline 0.01 -10"><span class='ocrx_word' id='word_1_180' title='bbox 223 1556 300 1589; x_wconf 81' lang='lat' dir='ltr'><strong>juxta</strong></span> <span class='ocrx_word' id='word_1_181' title='bbox 317 1557 451 1592; x_wconf 83' lang='lat' dir='ltr'><strong>majorum</strong></span> <span class='ocrx_word' id='word_1_182' title='bbox 464 1564 619 1587; x_wconf 90' lang='lat' dir='ltr'><strong>nostrorum</strong></span> <span class='ocrx_word' id='word_1_183' title='bbox 632 1561 804 1588; x_wconf 81' lang='lat' dir='ltr'><strong>traditionem</strong></span> <span class='ocrx_word' id='word_1_184' title='bbox 820 1561 939 1590; x_wconf 88' lang='lat' dir='ltr'><strong>decreta.</strong></span> <span class='ocrx_word' id='word_1_185' title='bbox 950 1561 1005 1590; x_wconf 86' lang='lat' dir='ltr'><strong>Nos</strong></span> 
     </span>
    </p>
   </div>
   <div class='ocr_carea' id='block_1_31' title="bbox 225 1604 1005 1641">
    <p class='ocr_par' dir='ltr' id='par_1_31' title="bbox 225 1604 1005 1641">
     <span class='ocr_line' id='line_1_31' title="bbox 225 1604 1005 1641; baseline 0.012 -14"><span class='ocrx_word' id='word_1_186' title='bbox 225 1609 289 1629; x_wconf 76' lang='lat' dir='ltr'><strong>vero</strong></span> <span class='ocrx_word' id='word_1_187' title='bbox 303 1604 384 1630; x_wconf 88' lang='lat' dir='ltr'><strong>etiam</strong></span> <span class='ocrx_word' id='word_1_188' title='bbox 400 1612 474 1632; x_wconf 90' lang='lat' dir='ltr'><strong>nunc</strong></span> <span class='ocrx_word' id='word_1_189' title='bbox 491 1604 533 1632; x_wconf 88' lang='lat' dir='ltr'><strong>lu&#39;s</strong></span> <span class='ocrx_word' id='word_1_190' title='bbox 549 1605 644 1633; x_wconf 86' lang='lat' dir='ltr'><strong>litteris</strong></span> <span class='ocrx_word' id='word_1_191' title='bbox 659 1607 828 1641; x_wconf 82' lang='lat' dir='ltr'><strong>proﬁtemur,</strong></span> <span class='ocrx_word' id='word_1_192' title='bbox 843 1612 871 1635; x_wconf 80' lang='lat' dir='ltr'><strong>et</strong></span> <span class='ocrx_word' id='word_1_193' title='bbox 889 1607 1005 1635; x_wconf 77' lang='lat' dir='ltr'><strong>aiﬁrma-</strong></span> 
     </span>
    </p>
   </div>
   <div class='ocr_carea' id='block_1_32' title="bbox 225 1649 1005 1688">
    <p class='ocr_par' dir='ltr' id='par_1_32' title="bbox 225 1649 1005 1688">
     <span class='ocr_line' id='line_1_32' title="bbox 225 1649 1005 1688; baseline 0.009 -14"><span class='ocrx_word' id='word_1_194' title='bbox 225 1656 297 1677; x_wconf 87' lang='lat' dir='ltr'><strong>mus.</strong></span> <span class='ocrx_word' id='word_1_195' title='bbox 314 1649 468 1678; x_wconf 88' lang='lat' dir='ltr'><strong>nullatenus</strong></span> <span class='ocrx_word' id='word_1_196' title='bbox 492 1659 542 1679; x_wconf 89' lang='lat' dir='ltr'><strong>nos</strong></span> <span class='ocrx_word' id='word_1_197' title='bbox 557 1659 572 1679; x_wconf 86' lang='lat' dir='ltr'><strong>a</strong></span> <span class='ocrx_word' id='word_1_198' title='bbox 590 1653 729 1688; x_wconf 88' lang='lat' dir='ltr'><strong>proposito</strong></span> <span class='ocrx_word' id='word_1_199' title='bbox 751 1657 845 1681; x_wconf 83' lang='lat' dir='ltr'><strong>nostro</strong></span> <span class='ocrx_word' id='word_1_200' title='bbox 869 1654 1005 1681; x_wconf 88' lang='lat' dir='ltr'><strong>discessu-</strong></span> 
     </span>
    </p>
   </div>
   <div class='ocr_carea' id='block_1_33' title="bbox 227 1694 1004 1733">
    <p class='ocr_par' dir='ltr' id='par_1_33' title="bbox 227 1694 1004 1733">
     <span class='ocr_line' id='line_1_33' title="bbox 227 1694 1004 1733; baseline 0.01 -14"><span class='ocrx_word' id='word_1_201' title='bbox 227 1700 272 1721; x_wconf 89' lang='lat' dir='ltr'><strong>ros</strong></span> <span class='ocrx_word' id='word_1_202' title='bbox 286 1702 297 1720; x_wconf 75' lang='grc' dir='ltr'><strong>ε.</strong></span> <span class='ocrx_word' id='word_1_203' title='bbox 315 1694 341 1721; x_wconf 88' lang='lat' dir='ltr'><strong>id</strong></span> <span class='ocrx_word' id='word_1_204' title='bbox 355 1696 426 1722; x_wconf 91' lang='lat' dir='ltr'><strong>enim</strong></span> <span class='ocrx_word' id='word_1_205' title='bbox 441 1696 537 1732; x_wconf 83' lang='lat' dir='ltr'><strong>legatis</strong></span> <span class='ocrx_word' id='word_1_206' title='bbox 551 1705 659 1733; x_wconf 88' lang='lat' dir='ltr'><strong>quoque</strong></span> <span class='ocrx_word' id='word_1_207' title='bbox 674 1698 773 1726; x_wconf 84' lang='lat' dir='ltr'><strong>nostris</strong></span> <span class='ocrx_word' id='word_1_208' title='bbox 786 1698 929 1733; x_wconf 84' lang='lat' dir='ltr'><strong>jussimus.</strong></span> <span class='ocrx_word' id='word_1_209' title='bbox 949 1699 1004 1727; x_wconf 84' lang='lat' dir='ltr'><strong>Ro-</strong></span> 
     </span>
    </p>
   </div>
   <div class='ocr_carea' id='block_1_34' title="bbox 226 1740 1006 1777">
    <p class='ocr_par' dir='ltr' id='par_1_34' title="bbox 226 1740 1006 1777">
     <span class='ocr_line' id='line_1_34' title="bbox 226 1740 1006 1777; baseline 0.009 -11"><span class='ocrx_word' id='word_1_210' title='bbox 226 1747 322 1773; x_wconf 74' lang='lat' dir='ltr'><strong>gamus</strong></span> <span class='ocrx_word' id='word_1_211' title='bbox 336 1740 437 1776; x_wconf 87' lang='lat' dir='ltr'><strong>itaque,</strong></span> <span class='ocrx_word' id='word_1_212' title='bbox 455 1746 484 1769; x_wconf 91' lang='lat' dir='ltr'><strong>ut</strong></span> <span class='ocrx_word' id='word_1_213' title='bbox 498 1743 604 1777; x_wconf 85' lang='lat' dir='ltr'><strong>placido</strong></span> <span class='ocrx_word' id='word_1_214' title='bbox 619 1744 704 1777; x_wconf 79' lang='lat' dir='ltr'><strong>vultu,</strong></span> <span class='ocrx_word' id='word_1_215' title='bbox 720 1749 776 1772; x_wconf 90' lang='lat' dir='ltr'><strong>tum</strong></span> <span class='ocrx_word' id='word_1_216' title='bbox 794 1745 849 1773; x_wconf 62' lang='lat' dir='ltr'><strong>haec</strong></span> <span class='ocrx_word' id='word_1_217' title='bbox 863 1746 1006 1773; x_wconf 88' lang='lat' dir='ltr'><strong>mediocri-</strong></span> 
     </span>
    </p>
   </div>
   <div class='ocr_carea' id='block_1_35' title="bbox 226 1785 1006 1826">
    <p class='ocr_par' dir='ltr' id='par_1_35' title="bbox 226 1785 1006 1826">
     <span class='ocr_line' id='line_1_35' title="bbox 226 1785 1006 1826; baseline 0.009 -14"><span class='ocrx_word' id='word_1_218' title='bbox 226 1785 290 1812; x_wconf 81' lang='lat' dir='ltr'><strong>tatis</strong></span> <span class='ocrx_word' id='word_1_219' title='bbox 307 1791 405 1814; x_wconf 75' lang='lat' dir='ltr'><strong>uostraa</strong></span> <span class='ocrx_word' id='word_1_220' title='bbox 420 1787 519 1823; x_wconf 83' lang='lat' dir='ltr'><strong>scripta</strong></span> <span class='ocrx_word' id='word_1_221' title='bbox 531 1789 628 1823; x_wconf 85' lang='lat' dir='ltr'><strong>jubcas</strong></span> <span class='ocrx_word' id='word_1_222' title='bbox 642 1790 752 1825; x_wconf 74' lang='lat' dir='ltr'><strong>perlegi,</strong></span> <span class='ocrx_word' id='word_1_223' title='bbox 766 1795 823 1818; x_wconf 90' lang='lat' dir='ltr'><strong>tum</strong></span> <span class='ocrx_word' id='word_1_224' title='bbox 837 1798 869 1818; x_wconf 88' lang='lat' dir='ltr'><strong>ea</strong></span> <span class='ocrx_word' id='word_1_225' title='bbox 882 1799 942 1826; x_wconf 70' lang='lat' dir='ltr'><strong>quae</strong></span> <span class='ocrx_word' id='word_1_226' title='bbox 958 1799 1006 1826; x_wconf 91' lang='lat' dir='ltr'><strong>per</strong></span> 
     </span>
    </p>
   </div>
   <div class='ocr_carea' id='block_1_36' title="bbox 226 1831 1007 1870">
    <p class='ocr_par' dir='ltr' id='par_1_36' title="bbox 226 1831 1007 1870">
     <span class='ocr_line' id='line_1_36' title="bbox 226 1831 1007 1870; baseline 0.008 -12"><span class='ocrx_word' id='word_1_227' title='bbox 226 1831 328 1865; x_wconf 69' lang='lat' dir='ltr'><strong>legatos</strong></span> <span class='ocrx_word' id='word_1_228' title='bbox 355 1838 464 1861; x_wconf 87' lang='lat' dir='ltr'><strong>nostros</strong></span> <span class='ocrx_word' id='word_1_229' title='bbox 484 1834 683 1868; x_wconf 82' lang='lat' dir='ltr'><strong>mandavimus,</strong></span> <span class='ocrx_word' id='word_1_230' title='bbox 706 1835 910 1870; x_wconf 83' lang='lat' dir='ltr'><strong>perhumaniter</strong></span> <span class='ocrx_word' id='word_1_231' title='bbox 935 1836 1007 1864; x_wconf 81' lang='lat' dir='ltr'><strong>acci—</strong></span> 
     </span>
    </p>
   </div>
   <div class='ocr_carea' id='block_1_37' title="bbox 227 1877 1005 1917">
    <p class='ocr_par' dir='ltr' id='par_1_37' title="bbox 227 1877 1005 1917">
     <span class='ocr_line' id='line_1_37' title="bbox 227 1877 1005 1917; baseline 0.006 -13"><span class='ocrx_word' id='word_1_232' title='bbox 227 1877 295 1912; x_wconf 81' lang='lat' dir='ltr'><strong>pias.</strong></span> <span class='ocrx_word' id='word_1_233' title='bbox 322 1877 408 1907; x_wconf 80' lang='lat' dir='ltr'><strong>Porro</strong></span> <span class='ocrx_word' id='word_1_234' title='bbox 436 1884 482 1907; x_wconf 83' lang='lat' dir='ltr'><strong>tua</strong></span> <span class='ocrx_word' id='word_1_235' title='bbox 512 1880 663 1916; x_wconf 83' lang='lat' dir='ltr'><strong>benignitas</strong></span> <span class='ocrx_word' id='word_1_236' title='bbox 689 1881 830 1909; x_wconf 88' lang='lat' dir='ltr'><strong>nobiscum</strong></span> <span class='ocrx_word' id='word_1_237' title='bbox 861 1882 1005 1917; x_wconf 83' lang='lat' dir='ltr'><strong>intelligit,</strong></span> 
     </span>
    </p>
   </div>
   <div class='ocr_carea' id='block_1_38' title="bbox 226 1927 1020 1963">
    <p class='ocr_par' dir='ltr' id='par_1_38' title="bbox 226 1927 1020 1963">
     <span class='ocr_line' id='line_1_38' title="bbox 226 1927 1020 1963; baseline 0.006 -13"><span class='ocrx_word' id='word_1_238' title='bbox 226 1928 346 1959; x_wconf 86' lang='lat' dir='ltr'><strong>quantus</strong></span> <span class='ocrx_word' id='word_1_239' title='bbox 362 1933 463 1954; x_wconf 65' lang='lat' dir='ltr'><strong>maeror</strong></span> <span class='ocrx_word' id='word_1_240' title='bbox 478 1931 503 1954; x_wconf 89' lang='lat' dir='ltr'><strong>et</strong></span> <span class='ocrx_word' id='word_1_241' title='bbox 518 1927 626 1954; x_wconf 86' lang='lat' dir='ltr'><strong>tristitia</strong></span> <span class='ocrx_word' id='word_1_242' title='bbox 643 1936 715 1955; x_wconf 91' lang='lat' dir='ltr'><strong>nunc</strong></span> <span class='ocrx_word' id='word_1_243' title='bbox 729 1928 774 1961; x_wconf 89' lang='lat' dir='ltr'><strong>sit,</strong></span> <span class='ocrx_word' id='word_1_244' title='bbox 791 1928 864 1963; x_wconf 90' lang='lat' dir='ltr'><strong>quod</strong></span> <span class='ocrx_word' id='word_1_245' title='bbox 878 1929 932 1956; x_wconf 88' lang='lat' dir='ltr'><strong>tuis</strong></span> <span class='ocrx_word' id='word_1_246' title='bbox 945 1928 1002 1955; x_wconf 53' lang='lat' dir='ltr'><strong>feli.</strong></span> <span class='ocrx_word' id='word_1_247' title='bbox 1016 1956 1020 1960; x_wconf 70' lang='grc'><strong>,</strong></span> 
     </span>
    </p>
   </div>
   <div class='ocr_carea' id='block_1_39' title="bbox 225 1971 1008 2010">
    <p class='ocr_par' dir='ltr' id='par_1_39' title="bbox 225 1971 1008 2010">
     <span class='ocr_line' id='line_1_39' title="bbox 225 1971 1008 2010; baseline 0.005 -12"><span class='ocrx_word' id='word_1_248' title='bbox 225 1971 344 1999; x_wconf 82' lang='lat' dir='ltr'><strong>cissimis</strong></span> <span class='ocrx_word' id='word_1_249' title='bbox 363 1973 540 2007; x_wconf 78' lang='lat' dir='ltr'><strong>temporibus.</strong></span> <span class='ocrx_word' id='word_1_250' title='bbox 557 1978 596 2000; x_wconf 87' lang='lat' dir='ltr'><strong>tot</strong></span> <span class='ocrx_word' id='word_1_251' title='bbox 616 1974 742 2002; x_wconf 69' lang='lat' dir='ltr'><strong>Ecclesiae</strong></span> <span class='ocrx_word' id='word_1_252' title='bbox 764 1975 899 2010; x_wconf 79' lang='lat' dir='ltr'><strong>episcopis</strong></span> <span class='ocrx_word' id='word_1_253' title='bbox 924 1975 1008 2002; x_wconf 84' lang='lat' dir='ltr'><strong>desti-</strong></span> 
     </span>
    </p>
   </div>
   <div class='ocr_carea' id='block_1_40' title="bbox 227 2018 1007 2057">
    <p class='ocr_par' dir='ltr' id='par_1_40' title="bbox 227 2018 1007 2057">
     <span class='ocr_line' id='line_1_40' title="bbox 227 2018 1007 2057; baseline 0.004 -11"><span class='ocrx_word' id='word_1_254' title='bbox 227 2021 292 2046; x_wconf 71' lang='lat' dir='ltr'><strong>tuta:</strong></span> <span class='ocrx_word' id='word_1_255' title='bbox 307 2018 379 2051; x_wconf 89' lang='lat' dir='ltr'><strong>sint,</strong></span> <span class='ocrx_word' id='word_1_256' title='bbox 395 2023 422 2046; x_wconf 88' lang='lat' dir='ltr'><strong>et</strong></span> <span class='ocrx_word' id='word_1_257' title='bbox 440 2019 541 2047; x_wconf 91' lang='lat' dir='ltr'><strong>idcirco</strong></span> <span class='ocrx_word' id='word_1_258' title='bbox 557 2020 726 2047; x_wconf 81' lang='lat' dir='ltr'><strong>clementiam</strong></span> <span class='ocrx_word' id='word_1_259' title='bbox 742 2025 815 2047; x_wconf 87' lang='lat' dir='ltr'><strong>tuam</strong></span> <span class='ocrx_word' id='word_1_260' title='bbox 832 2022 912 2048; x_wconf 89' lang='lat' dir='ltr'><strong>etiam</strong></span> <span class='ocrx_word' id='word_1_261' title='bbox 927 2026 1007 2057; x_wconf 84' lang='lat' dir='ltr'><strong>atque</strong></span> 
     </span>
    </p>
   </div>
   <div class='ocr_carea' id='block_1_41' title="bbox 226 2064 1006 2102">
    <p class='ocr_par' dir='ltr' id='par_1_41' title="bbox 226 2064 1006 2102">
     <span class='ocr_line' id='line_1_41' title="bbox 226 2064 1006 2102; baseline 0.006 -12"><span class='ocrx_word' id='word_1_262' title='bbox 226 2064 308 2091; x_wconf 85' lang='lat' dir='ltr'><strong>ctiam</strong></span> <span class='ocrx_word' id='word_1_263' title='bbox 332 2072 474 2100; x_wconf 86' lang='lat' dir='ltr'><strong>rogamus,</strong></span> <span class='ocrx_word' id='word_1_264' title='bbox 487 2066 597 2093; x_wconf 85' lang='lat' dir='ltr'><strong>domine</strong></span> <span class='ocrx_word' id='word_1_265' title='bbox 609 2066 664 2094; x_wconf 83' lang='lat' dir='ltr'><strong>Deo</strong></span> <span class='ocrx_word' id='word_1_266' title='bbox 678 2067 837 2094; x_wconf 86' lang='lat' dir='ltr'><strong>charissitne</strong></span> <span class='ocrx_word' id='word_1_267' title='bbox 850 2068 1006 2102; x_wconf 83' lang='lat' dir='ltr'><strong>imperator,</strong></span> 
     </span>
    </p>
   </div>
   <div class='ocr_carea' id='block_1_42' title="bbox 227 2111 1008 2148">
    <p class='ocr_par' dir='ltr' id='par_1_42' title="bbox 227 2111 1008 2148">
     <span class='ocr_line' id='line_1_42' title="bbox 227 2111 1008 2148; baseline 0.003 -10"><span class='ocrx_word' id='word_1_268' title='bbox 227 2116 256 2139; x_wconf 88' lang='lat' dir='ltr'><strong>ut</strong></span> <span class='ocrx_word' id='word_1_269' title='bbox 270 2115 332 2141; x_wconf 89' lang='lat' dir='ltr'><strong>ante</strong></span> <span class='ocrx_word' id='word_1_270' title='bbox 351 2111 448 2140; x_wconf 88' lang='lat' dir='ltr'><strong>hiemis</strong></span> <span class='ocrx_word' id='word_1_271' title='bbox 469 2112 652 2147; x_wconf 85' lang='lat' dir='ltr'><strong>asperitatem,</strong></span> <span class='ocrx_word' id='word_1_272' title='bbox 673 2113 697 2140; x_wconf 89' lang='lat' dir='ltr'><strong>si</strong></span> <span class='ocrx_word' id='word_1_273' title='bbox 714 2112 822 2148; x_wconf 82' lang='lat' dir='ltr'><strong>quidem</strong></span> <span class='ocrx_word' id='word_1_274' title='bbox 840 2113 866 2140; x_wconf 87' lang='lat' dir='ltr'><strong>id</strong></span> <span class='ocrx_word' id='word_1_275' title='bbox 882 2117 934 2140; x_wconf 61' lang='lat' dir='ltr'><strong>tua;</strong></span> <span class='ocrx_word' id='word_1_276' title='bbox 951 2114 1008 2148; x_wconf 93' lang='lat' dir='ltr'><strong>pie-</strong></span> 
     </span>
    </p>
   </div>
   <div class='ocr_carea' id='block_1_43' title="bbox 227 2153 1043 2193">
    <p class='ocr_par' dir='ltr' id='par_1_43' title="bbox 227 2153 1043 2193">
     <span class='ocr_line' id='line_1_43' title="bbox 227 2153 1043 2193; baseline 0.004 -10"><span class='ocrx_word' id='word_1_277' title='bbox 227 2157 274 2184; x_wconf 76' lang='lat' dir='ltr'><strong>tati</strong></span> <span class='ocrx_word' id='word_1_278' title='bbox 292 2157 437 2190; x_wconf 80' lang='lat' dir='ltr'><strong>placuerit.</strong></span> <span class='ocrx_word' id='word_1_279' title='bbox 451 2165 501 2185; x_wconf 89' lang='lat' dir='ltr'><strong>nos</strong></span> <span class='ocrx_word' id='word_1_280' title='bbox 524 2158 558 2185; x_wconf 90' lang='lat' dir='ltr'><strong>ad</strong></span> <span class='ocrx_word' id='word_1_281' title='bbox 577 2162 684 2185; x_wconf 87' lang='lat' dir='ltr'><strong>nostras</strong></span> <span class='ocrx_word' id='word_1_282' title='bbox 707 2157 842 2186; x_wconf 87' lang='lat' dir='ltr'><strong>Ecclesias</strong></span> <span class='ocrx_word' id='word_1_283' title='bbox 861 2158 948 2186; x_wconf 88' lang='lat' dir='ltr'><strong>redire</strong></span> <span class='ocrx_word' id='word_1_284' title='bbox 961 2160 1006 2193; x_wconf 82' lang='lat' dir='ltr'><strong>ju-</strong></span> <span class='ocrx_word' id='word_1_285' title='bbox 1022 2153 1043 2180; x_wconf 76' lang='grc' dir='ltr'><strong>θ</strong></span> 
     </span>
    </p>
   </div>
   <div class='ocr_carea' id='block_1_44' title="bbox 227 2202 1008 2239">
    <p class='ocr_par' dir='ltr' id='par_1_44' title="bbox 227 2202 1008 2239">
     <span class='ocr_line' id='line_1_44' title="bbox 227 2202 1008 2239; baseline 0.001 -9"><span class='ocrx_word' id='word_1_286' title='bbox 227 2202 291 2230; x_wconf 76' lang='lat' dir='ltr'><strong>beas</strong></span> <span class='ocrx_word' id='word_1_287' title='bbox 311 2212 317 2230; x_wconf 90' lang='lat'>:</span> <span class='ocrx_word' id='word_1_288' title='bbox 337 2211 392 2238; x_wconf 92' lang='lat' dir='ltr'><strong>quo</strong></span> <span class='ocrx_word' id='word_1_289' title='bbox 408 2204 545 2238; x_wconf 83' lang='lat' dir='ltr'><strong>possimus</strong></span> <span class='ocrx_word' id='word_1_290' title='bbox 561 2204 738 2239; x_wconf 89' lang='lat' dir='ltr'><strong>omnipotenti</strong></span> <span class='ocrx_word' id='word_1_291' title='bbox 761 2204 826 2237; x_wconf 87' lang='lat' dir='ltr'><strong>Deo,</strong></span> <span class='ocrx_word' id='word_1_292' title='bbox 845 2209 873 2232; x_wconf 91' lang='lat' dir='ltr'><strong>et</strong></span> <span class='ocrx_word' id='word_1_293' title='bbox 894 2204 1008 2231; x_wconf 88' lang='lat' dir='ltr'><strong>Domino</strong></span> 
     </span>
    </p>
   </div>
   <div class='ocr_carea' id='block_1_45' title="bbox 227 2249 1007 2287">
    <p class='ocr_par' dir='ltr' id='par_1_45' title="bbox 227 2249 1007 2287">
     <span class='ocr_line' id='line_1_45' title="bbox 227 2249 1007 2287; baseline 0.001 -11"><span class='ocrx_word' id='word_1_294' title='bbox 227 2256 259 2276; x_wconf 86' lang='lat' dir='ltr'><strong>ac</strong></span> <span class='ocrx_word' id='word_1_295' title='bbox 278 2249 411 2277; x_wconf 85' lang='lat' dir='ltr'><strong>Salvatori</strong></span> <span class='ocrx_word' id='word_1_296' title='bbox 430 2254 524 2278; x_wconf 91' lang='lat' dir='ltr'><strong>nostro</strong></span> <span class='ocrx_word' id='word_1_297' title='bbox 539 2250 659 2282; x_wconf 89' lang='lat' dir='ltr'><strong>Christo,</strong></span> <span class='ocrx_word' id='word_1_298' title='bbox 675 2250 761 2287; x_wconf 26' lang='grc'><strong>614,</strong></span> <span class='ocrx_word' id='word_1_299' title='bbox 777 2250 846 2280; x_wconf 80' lang='lat' dir='ltr'><strong>Filio</strong></span> <span class='ocrx_word' id='word_1_300' title='bbox 869 2251 927 2286; x_wconf 86' lang='lat' dir='ltr'><strong>ejus</strong></span> <span class='ocrx_word' id='word_1_301' title='bbox 944 2252 1007 2281; x_wconf 89' lang='lat' dir='ltr'><strong>uni-</strong></span> 
     </span>
    </p>
   </div>
   <div class='ocr_carea' id='block_1_46' title="bbox 263 2372 1008 2410">
    <p class='ocr_par' dir='ltr' id='par_1_46' title="bbox 263 2372 1008 2410">
     <span class='ocr_line' id='line_1_46' title="bbox 263 2372 1008 2410; baseline -0.004 -9"><span class='ocrx_word' id='word_1_302' title='bbox 263 2375 318 2408; x_wconf 87' lang='lat' dir='ltr'><strong>(9l)</strong></span> <span class='ocrx_word' id='word_1_303' title='bbox 339 2374 368 2401; x_wconf 90' lang='lat' dir='ltr'><strong>ln</strong></span> <span class='ocrx_word' id='word_1_304' title='bbox 384 2373 468 2409; x_wconf 79' lang='lat' dir='ltr'><strong>Regio</strong></span> <span class='ocrx_word' id='word_1_305' title='bbox 485 2374 552 2406; x_wconf 70' lang='lat' dir='ltr'><strong>haec,</strong></span> <span class='ocrx_word' id='word_1_306' title='bbox 568 2379 707 2410; x_wconf 65' lang='grc' dir='ltr'>ιρμηνεια</span> <span class='ocrx_word' id='word_1_307' title='bbox 723 2381 772 2408; x_wconf 88' lang='grc' dir='ltr'><strong>της</strong></span> <span class='ocrx_word' id='word_1_308' title='bbox 787 2372 941 2408; x_wconf 75' lang='grc' dir='ltr'>ἐπιστολῆς,</span> <span class='ocrx_word' id='word_1_309' title='bbox 955 2372 1008 2399; x_wconf 81' lang='lat' dir='ltr'><strong>mi-</strong></span> 
     </span>
    </p>
   </div>
   <div class='ocr_carea' id='block_1_47' title="bbox 229 2410 633 2444">
    <p class='ocr_par' dir='ltr' id='par_1_47' title="bbox 229 2410 633 2444">
     <span class='ocr_line' id='line_1_47' title="bbox 229 2410 633 2444; baseline -0.007 -6"><span class='ocrx_word' id='word_1_310' title='bbox 229 2410 310 2438; x_wconf 80' lang='lat' dir='ltr'><strong>uiatis</strong></span> <span class='ocrx_word' id='word_1_311' title='bbox 328 2410 425 2437; x_wconf 91' lang='lat' dir='ltr'><strong>litteris</strong></span> <span class='ocrx_word' id='word_1_312' title='bbox 443 2411 543 2444; x_wconf 87' lang='lat' dir='ltr'><strong>scripta</strong></span> <span class='ocrx_word' id='word_1_313' title='bbox 560 2414 633 2437; x_wconf 89' lang='lat' dir='ltr'><strong>sunt.</strong></span> 
     </span>
    </p>
   </div>
   <div class='ocr_carea' id='block_1_48' title="bbox 265 2443 1007 2480">
    <p class='ocr_par' dir='ltr' id='par_1_48' title="bbox 265 2443 1007 2480">
     <span class='ocr_line' id='line_1_48' title="bbox 265 2443 1007 2480; baseline -0.004 -8"><span class='ocrx_word' id='word_1_314' title='bbox 265 2445 320 2477; x_wconf 74' lang='lat'><strong>(92)</strong></span> <span class='ocrx_word' id='word_1_315' title='bbox 340 2444 402 2472; x_wconf 65' lang='lat' dir='ltr'><strong>Haec</strong></span> <span class='ocrx_word' id='word_1_316' title='bbox 413 2443 525 2480; x_wconf 86' lang='lat' dir='ltr'><strong>epistola</strong></span> <span class='ocrx_word' id='word_1_317' title='bbox 537 2444 652 2472; x_wconf 90' lang='lat' dir='ltr'><strong>habetur</strong></span> <span class='ocrx_word' id='word_1_318' title='bbox 667 2443 739 2479; x_wconf 82' lang='lat' dir='ltr'><strong>apud</strong></span> <span class='ocrx_word' id='word_1_319' title='bbox 760 2443 898 2472; x_wconf 88' lang='lat' dir='ltr'><strong>Socratem</strong></span> <span class='ocrx_word' id='word_1_320' title='bbox 912 2443 957 2471; x_wconf 84' lang='lat' dir='ltr'><strong>lib.</strong></span> <span class='ocrx_word' id='word_1_321' title='bbox 977 2450 1007 2474; x_wconf 90' lang='grc' dir='ltr'><strong>ιι,</strong></span> 
     </span>
    </p>
   </div>
   <div class='ocr_carea' id='block_1_49' title="bbox 229 2481 346 2514">
    <p class='ocr_par' dir='ltr' id='par_1_49' title="bbox 229 2481 346 2514">
     <span class='ocr_line' id='line_1_49' title="bbox 229 2481 346 2514; baseline 0 -7"><span class='ocrx_word' id='word_1_322' title='bbox 229 2488 288 2514; x_wconf 71' lang='lat' dir='ltr'><strong>cup.</strong></span> <span class='ocrx_word' id='word_1_323' title='bbox 302 2481 346 2507; x_wconf 81' lang='grc'><strong>57.</strong></span> 
     </span>
    </p>
   </div>
   <div class='ocr_carea' id='block_1_50' title="bbox 265 2514 671 2547">
    <p class='ocr_par' dir='ltr' id='par_1_50' title="bbox 265 2514 671 2547">
     <span class='ocr_line' id='line_1_50' title="bbox 265 2514 671 2547; baseline -0.002 -5"><span class='ocrx_word' id='word_1_324' title='bbox 265 2516 324 2547; x_wconf 78' lang='grc'>(95)</span> <span class='ocrx_word' id='word_1_325' title='bbox 343 2515 402 2542; x_wconf 86' lang='grc' dir='ltr'>Μέν</span> <span class='ocrx_word' id='word_1_326' title='bbox 416 2515 493 2544; x_wconf 86' lang='lat' dir='ltr'><strong>deest</strong></span> <span class='ocrx_word' id='word_1_327' title='bbox 510 2515 536 2542; x_wconf 94' lang='lat' dir='ltr'><strong>in</strong></span> <span class='ocrx_word' id='word_1_328' title='bbox 551 2514 671 2542; x_wconf 85' lang='lat' dir='ltr'><strong>Socrate.</strong></span> 
     </span>
    </p>
   </div>
   <div class='ocr_carea' id='block_1_51' title="bbox 277 2550 669 2586">
    <p class='ocr_par' dir='ltr' id='par_1_51' title="bbox 277 2550 669 2586">
     <span class='ocr_line' id='line_1_51' title="bbox 277 2550 669 2586; baseline -0.003 -9"><span class='ocrx_word' id='word_1_329' title='bbox 277 2551 321 2583; x_wconf 72' lang='grc'>94)</span> <span class='ocrx_word' id='word_1_330' title='bbox 343 2550 462 2586; x_wconf 83' lang='lat' dir='ltr'><strong>Socrat.,</strong></span> <span class='ocrx_word' id='word_1_331' title='bbox 480 2550 534 2577; x_wconf 81' lang='grc' dir='ltr'>ἀπὸ</span> <span class='ocrx_word' id='word_1_332' title='bbox 548 2551 669 2586; x_wconf 83' lang='grc' dir='ltr'>τῆς-συν.</span> 
     </span>
    </p>
   </div>
   <div class='ocr_carea' id='block_1_52' title="bbox 276 2583 1012 2621">
    <p class='ocr_par' dir='ltr' id='par_1_52' title="bbox 276 2583 1012 2621">
     <span class='ocr_line' id='line_1_52' title="bbox 276 2583 1012 2621; baseline -0.005 -7"><span class='ocrx_word' id='word_1_333' title='bbox 276 2586 321 2621; x_wconf 87' lang='grc'><strong>95)</strong></span> <span class='ocrx_word' id='word_1_334' title='bbox 341 2585 453 2621; x_wconf 80' lang='lat' dir='ltr'><strong>Regius,</strong></span> <span class='ocrx_word' id='word_1_335' title='bbox 469 2595 499 2612; x_wconf 78' lang='grc' dir='ltr'><strong>τε</strong></span> <span class='ocrx_word' id='word_1_336' title='bbox 524 2586 561 2621; x_wconf 64' lang='grc' dir='ltr'>ᾡς</span> <span class='ocrx_word' id='word_1_337' title='bbox 575 2583 633 2612; x_wconf 80' lang='grc' dir='ltr'>ὀὐκ</span> <span class='ocrx_word' id='word_1_338' title='bbox 655 2584 832 2621; x_wconf 80' lang='grc' dir='ltr'>ἐδυνήθημεν.</span> <span class='ocrx_word' id='word_1_339' title='bbox 850 2584 878 2621; x_wconf 76' lang='lat' dir='ltr'><strong>in</strong></span> <span class='ocrx_word' id='word_1_340' title='bbox 902 2583 1012 2621; x_wconf 17' lang='lat' dir='ltr'><strong>Socr-rat.</strong></span> 
     </span>
    </p>
   </div>
   <div class='ocr_carea' id='block_1_53' title="bbox 231 2619 1010 2654">
    <p class='ocr_par' dir='ltr' id='par_1_53' title="bbox 231 2619 1010 2654">
     <span class='ocr_line' id='line_1_53' title="bbox 231 2619 1010 2654; baseline -0.004 -7"><span class='ocrx_word' id='word_1_341' title='bbox 231 2619 328 2653; x_wconf 74' lang='grc' dir='ltr'>αὐτούς</span> <span class='ocrx_word' id='word_1_342' title='bbox 352 2619 437 2648; x_wconf 63' lang='lat' dir='ltr'><strong>deest.</strong></span> <span class='ocrx_word' id='word_1_343' title='bbox 455 2621 517 2649; x_wconf 79' lang='lat' dir='ltr'><strong>Mox</strong></span> <span class='ocrx_word' id='word_1_344' title='bbox 539 2620 656 2654; x_wconf 74' lang='lat' dir='ltr'><strong>Socrat.,</strong></span> <span class='ocrx_word' id='word_1_345' title='bbox 671 2619 808 2654; x_wconf 79' lang='grc' dir='ltr'>ἀναγκαία</span> <span class='ocrx_word' id='word_1_346' title='bbox 828 2620 881 2654; x_wconf 83' lang='grc' dir='ltr'>γὰρ</span> <span class='ocrx_word' id='word_1_347' title='bbox 902 2620 968 2654; x_wconf 82' lang='grc' dir='ltr'>ἡμῖν</span> <span class='ocrx_word' id='word_1_348' title='bbox 992 2619 1010 2654; x_wconf 83' lang='grc' dir='ltr'><strong>ἡ</strong></span> 
     </span>
    </p>
   </div>
   <div class='ocr_carea' id='block_1_54' title="bbox 232 2656 624 2693">
    <p class='ocr_par' dir='ltr' id='par_1_54' title="bbox 232 2656 624 2693">
     <span class='ocr_line' id='line_1_54' title="bbox 232 2656 624 2693; baseline 0 0"><span class='ocrx_word' id='word_1_349' title='bbox 232 2656 374 2693; x_wconf 19' lang='grc' dir='ltr'>πρὸςιτοὲς</span> <span class='ocrx_word' id='word_1_350' title='bbox 389 2656 541 2693; x_wconf 65' lang='grc' dir='ltr'><strong>βςρσάρους</strong></span> <span class='ocrx_word' id='word_1_351' title='bbox 555 2657 624 2693; x_wconf 57' lang='lat'><strong>6,66;-</strong></span> 
     </span>
    </p>
   </div>
   <div class='ocr_carea' id='block_1_55' title="bbox 269 2690 1008 2727">
    <p class='ocr_par' dir='ltr' id='par_1_55' title="bbox 269 2690 1008 2727">
     <span class='ocr_line' id='line_1_55' title="bbox 269 2690 1008 2727; baseline -0.004 -9"><span class='ocrx_word' id='word_1_352' title='bbox 269 2691 324 2726; x_wconf 87' lang='lat'><strong>(96)</strong></span> <span class='ocrx_word' id='word_1_353' title='bbox 345 2690 393 2719; x_wconf 82' lang='lat' dir='ltr'><strong>Sic</strong></span> <span class='ocrx_word' id='word_1_354' title='bbox 405 2690 505 2727; x_wconf 71' lang='lat' dir='ltr'><strong>Regius</strong></span> <span class='ocrx_word' id='word_1_355' title='bbox 527 2697 554 2719; x_wconf 89' lang='lat' dir='ltr'><strong>et</strong></span> <span class='ocrx_word' id='word_1_356' title='bbox 568 2692 674 2719; x_wconf 79' lang='lat' dir='ltr'><strong>Socrat.</strong></span> <span class='ocrx_word' id='word_1_357' title='bbox 694 2691 764 2719; x_wconf 85' lang='lat' dir='ltr'><strong>Editi</strong></span> <span class='ocrx_word' id='word_1_358' title='bbox 783 2697 857 2724; x_wconf 74' lang='lat' dir='ltr'><strong>vero,</strong></span> <span class='ocrx_word' id='word_1_359' title='bbox 875 2690 1008 2716; x_wconf 80' lang='grc' dir='ltr'>διεκελεύ-</span> 
     </span>
    </p>
   </div>
   <div class='ocr_carea' id='block_1_56' title="bbox 233 2734 325 2753">
    <p class='ocr_par' dir='ltr' id='par_1_56' title="bbox 233 2734 325 2753">
     <span class='ocr_line' id='line_1_56' title="bbox 233 2734 325 2753; baseline 0.033 -3"><span class='ocrx_word' id='word_1_360' title='bbox 233 2734 325 2753; x_wconf 71' lang='grc' dir='ltr'>σαμεν.</span> 
     </span>
    </p>
   </div>
   <div class='ocr_carea' id='block_1_57' title="bbox 264 2735 761 2797">
    <p class='ocr_par' dir='ltr' id='par_1_57' title="bbox 264 2735 761 2797">
     <span class='ocr_line' id='line_1_57' title="bbox 264 2735 761 2797; baseline -0.002 -8"><span class='ocrx_word' id='word_1_361' title='bbox 340 2762 456 2795; x_wconf 73' lang='lat' dir='ltr'><strong>Socrat,</strong></span> <span class='ocrx_word' id='word_1_362' title='bbox 474 2763 544 2797; x_wconf 75' lang='grc' dir='ltr'>ἅπερ</span> <span class='ocrx_word' id='word_1_363' title='bbox 560 2762 761 2788; x_wconf 73' lang='grc' dir='ltr'>ὐποεάλλουσιν.</span> 
     </span>
    </p>
   </div>
   <div class='ocr_carea' id='block_1_58' title="bbox 266 2795 1010 2833">
    <p class='ocr_par' dir='ltr' id='par_1_58' title="bbox 266 2795 1010 2833">
     <span class='ocr_line' id='line_1_58' title="bbox 266 2795 1010 2833; baseline -0.004 -9"><span class='ocrx_word' id='word_1_364' title='bbox 266 2797 321 2833; x_wconf 81' lang='lat'><strong>(98)</strong></span> <span class='ocrx_word' id='word_1_365' title='bbox 343 2797 460 2831; x_wconf 57' lang='grc' dir='ltr'>δυοῖσι,</span> <span class='ocrx_word' id='word_1_366' title='bbox 471 2795 556 2825; x_wconf 76' lang='grc' dir='ltr'>ταῦτα</span> <span class='ocrx_word' id='word_1_367' title='bbox 566 2797 705 2833; x_wconf 74' lang='grc' dir='ltr'><strong>δεξάμενοι</strong></span> <span class='ocrx_word' id='word_1_368' title='bbox 718 2798 751 2824; x_wconf 72' lang='lat' dir='ltr'><strong>si:</strong></span> <span class='ocrx_word' id='word_1_369' title='bbox 761 2797 910 2833; x_wconf 70' lang='grc' dir='ltr'>γράμματα</span> <span class='ocrx_word' id='word_1_370' title='bbox 921 2796 944 2822; x_wconf 80' lang='grc' dir='ltr'>οἱ</span> <span class='ocrx_word' id='word_1_371' title='bbox 956 2795 1010 2822; x_wconf 58' lang='grc' dir='ltr'><strong>ὲπίν</strong></span> 
     </span>
    </p>
   </div>
   <div class='ocr_carea' id='block_1_59' title="bbox 1017 151 1038 178">
    <p class='ocr_par' dir='ltr' id='par_1_59' title="bbox 1017 151 1038 178">
     <span class='ocr_line' id='line_1_59' title="bbox 1017 151 1038 178; baseline 0 0"><span class='ocrx_word' id='word_1_372' title='bbox 1017 151 1038 178; x_wconf 82' lang='grc' dir='ltr'><strong>Α</strong></span> 
     </span>
    </p>
   </div>
   <div class='ocr_carea' id='block_1_60' title="bbox 1056 90 1532 119">
    <p class='ocr_par' dir='ltr' id='par_1_60' title="bbox 1056 90 1532 119">
     <span class='ocr_line' id='line_1_60' title="bbox 1056 90 1532 119; baseline 0 -1"><span class='ocrx_word' id='word_1_373' title='bbox 1056 90 1241 118; x_wconf 77' lang='lat' dir='ltr'><strong>HISTORICA</strong></span> <span class='ocrx_word' id='word_1_374' title='bbox 1260 91 1304 118; x_wconf 85' lang='lat' dir='ltr'><strong>ET</strong></span> <span class='ocrx_word' id='word_1_375' title='bbox 1324 91 1532 119; x_wconf 74' lang='lat' dir='ltr'><strong>DOGMATICA.</strong></span> 
     </span>
    </p>
   </div>
   <div class='ocr_carea' id='block_1_61' title="bbox 1210 145 1738 185">
    <p class='ocr_par' dir='ltr' id='par_1_61' title="bbox 1210 145 1738 185">
     <span class='ocr_line' id='line_1_61' title="bbox 1210 145 1738 185; baseline 0.004 -11"><span class='ocrx_word' id='word_1_376' title='bbox 1210 148 1362 182; x_wconf 79' lang='grc' dir='ltr'>Ἐρμηνεία</span> <span class='ocrx_word' id='word_1_377' title='bbox 1375 147 1429 182; x_wconf 75' lang='grc' dir='ltr'>τῆς</span> <span class='ocrx_word' id='word_1_378' title='bbox 1444 149 1609 183; x_wconf 73' lang='grc' dir='ltr'><strong>ἐπιστολῆς</strong></span> <span class='ocrx_word' id='word_1_379' title='bbox 1627 150 1692 185; x_wconf 80' lang='lat' dir='ltr'><strong>(9i).</strong></span> <span class='ocrx_word' id='word_1_380' title='bbox 1734 145 1738 148; x_wconf 71' lang='grc'><em>’</em></span> 
     </span>
    </p>
   </div>
   <div class='ocr_carea' id='block_1_62' title="bbox 1086 203 1832 242">
    <p class='ocr_par' dir='ltr' id='par_1_62' title="bbox 1086 203 1832 242">
     <span class='ocr_line' id='line_1_62' title="bbox 1086 203 1832 242; baseline 0.004 -11"><span class='ocrx_word' id='word_1_381' title='bbox 1086 203 1142 239; x_wconf 71' lang='grc'>(92)</span> <span class='ocrx_word' id='word_1_382' title='bbox 1156 205 1341 236; x_wconf 85' lang='grc' dir='ltr'>Κωνστάντιος</span> <span class='ocrx_word' id='word_1_383' title='bbox 1348 204 1470 241; x_wconf 84' lang='grc' dir='ltr'>Νικητὴς</span> <span class='ocrx_word' id='word_1_384' title='bbox 1483 206 1530 232; x_wconf 79' lang='grc' dir='ltr'>καὶ</span> <span class='ocrx_word' id='word_1_385' title='bbox 1538 205 1724 242; x_wconf 74' lang='grc' dir='ltr'>Θριαμϐευτὴς</span> <span class='ocrx_word' id='word_1_386' title='bbox 1732 207 1832 242; x_wconf 79' lang='grc' dir='ltr'>Αὔγου-</span> 
     </span>
    </p>
   </div>
   <div class='ocr_carea' id='block_1_63' title="bbox 1051 250 1830 287">
    <p class='ocr_par' dir='ltr' id='par_1_63' title="bbox 1051 250 1830 287">
     <span class='ocr_line' id='line_1_63' title="bbox 1051 250 1830 287; baseline 0.005 -11"><span class='ocrx_word' id='word_1_387' title='bbox 1051 257 1113 281; x_wconf 77' lang='grc' dir='ltr'>στος</span> <span class='ocrx_word' id='word_1_388' title='bbox 1123 250 1204 276; x_wconf 74' lang='grc' dir='ltr'>πᾶσιν</span> <span class='ocrx_word' id='word_1_389' title='bbox 1218 250 1376 282; x_wconf 77' lang='grc' dir='ltr'><strong>ἐπισκόποις</strong></span> <span class='ocrx_word' id='word_1_390' title='bbox 1386 251 1442 282; x_wconf 81' lang='grc' dir='ltr'>τοῖς</span> <span class='ocrx_word' id='word_1_391' title='bbox 1453 251 1482 276; x_wconf 83' lang='grc' dir='ltr'>ὲν</span> <span class='ocrx_word' id='word_1_392' title='bbox 1499 251 1637 287; x_wconf 83' lang='grc' dir='ltr'>Ἀριμήνῳ</span> <span class='ocrx_word' id='word_1_393' title='bbox 1651 252 1830 280; x_wconf 78' lang='grc' dir='ltr'><strong>συνελθοῦσιν.</strong></span> 
     </span>
    </p>
   </div>
   <div class='ocr_carea' id='block_1_64' title="bbox 1092 296 1832 334">
    <p class='ocr_par' dir='ltr' id='par_1_64' title="bbox 1092 296 1832 334">
     <span class='ocr_line' id='line_1_64' title="bbox 1092 296 1832 334; baseline 0.005 -12"><span class='ocrx_word' id='word_1_394' title='bbox 1092 296 1146 322; x_wconf 79' lang='grc' dir='ltr'><strong>Ἀεὶ</strong></span> <span class='ocrx_word' id='word_1_395' title='bbox 1165 296 1215 331; x_wconf 83' lang='grc' dir='ltr'>μὲν</span> <span class='ocrx_word' id='word_1_396' title='bbox 1233 296 1288 331; x_wconf 77' lang='lat'><strong>(93)</strong></span> <span class='ocrx_word' id='word_1_397' title='bbox 1301 297 1508 333; x_wconf 81' lang='grc' dir='ltr'><strong>προηγουμένην</strong></span> <span class='ocrx_word' id='word_1_398' title='bbox 1525 298 1598 334; x_wconf 72' lang='grc' dir='ltr'>ἡμᾶς</span> <span class='ocrx_word' id='word_1_399' title='bbox 1617 297 1688 333; x_wconf 79' lang='grc' dir='ltr'>ἔχειν</span> <span class='ocrx_word' id='word_1_400' title='bbox 1707 299 1832 334; x_wconf 78' lang='grc' dir='ltr'><strong>φροντίδα</strong></span> 
     </span>
    </p>
   </div>
   <div class='ocr_carea' id='block_1_65' title="bbox 1050 342 1833 380">
    <p class='ocr_par' dir='ltr' id='par_1_65' title="bbox 1050 342 1833 380">
     <span class='ocr_line' id='line_1_65' title="bbox 1050 342 1833 380; baseline 0.004 -11"><span class='ocrx_word' id='word_1_401' title='bbox 1050 343 1115 378; x_wconf 74' lang='grc' dir='ltr'>περὶ</span> <span class='ocrx_word' id='word_1_402' title='bbox 1131 342 1178 370; x_wconf 78' lang='grc' dir='ltr'>τοῦ</span> <span class='ocrx_word' id='word_1_403' title='bbox 1193 343 1266 370; x_wconf 82' lang='grc' dir='ltr'><strong>θείου</strong></span> <span class='ocrx_word' id='word_1_404' title='bbox 1281 343 1328 370; x_wconf 77' lang='grc' dir='ltr'>καὶ</span> <span class='ocrx_word' id='word_1_405' title='bbox 1343 343 1530 379; x_wconf 74' lang='grc' dir='ltr'>προσκυνητοῦ</span> <span class='ocrx_word' id='word_1_406' title='bbox 1544 345 1642 379; x_wconf 80' lang='grc' dir='ltr'>νόμον,</span> <span class='ocrx_word' id='word_1_407' title='bbox 1661 345 1721 372; x_wconf 81' lang='grc' dir='ltr'>οὐδὲ</span> <span class='ocrx_word' id='word_1_408' title='bbox 1737 346 1754 380; x_wconf 79' lang='grc' dir='ltr'><strong>ἡ</strong></span> <span class='ocrx_word' id='word_1_409' title='bbox 1766 345 1833 380; x_wconf 86' lang='grc' dir='ltr'><strong>ὑμε-</strong></span> 
     </span>
    </p>
   </div>
   <div class='ocr_carea' id='block_1_66' title="bbox 1050 388 1832 426">
    <p class='ocr_par' dir='ltr' id='par_1_66' title="bbox 1050 388 1832 426">
     <span class='ocr_line' id='line_1_66' title="bbox 1050 388 1832 426; baseline 0.005 -12"><span class='ocrx_word' id='word_1_410' title='bbox 1050 388 1115 423; x_wconf 80' lang='grc' dir='ltr'>τέρα</span> <span class='ocrx_word' id='word_1_411' title='bbox 1126 389 1277 425; x_wconf 82' lang='grc' dir='ltr'><strong>χρηστότης</strong></span> <span class='ocrx_word' id='word_1_412' title='bbox 1292 390 1398 423; x_wconf 81' lang='grc' dir='ltr'>ἀγνοεῖ·</span> <span class='ocrx_word' id='word_1_413' title='bbox 1411 389 1480 416; x_wconf 85' lang='grc' dir='ltr'><strong>ἀλλά</strong></span> <span class='ocrx_word' id='word_1_414' title='bbox 1490 389 1538 416; x_wconf 76' lang='grc' dir='ltr'>νῦν</span> <span class='ocrx_word' id='word_1_415' title='bbox 1546 391 1608 422; x_wconf 79' lang='grc' dir='ltr'>τοὺς</span> <span class='ocrx_word' id='word_1_416' title='bbox 1621 390 1695 426; x_wconf 79' lang='grc' dir='ltr'>παρὰ</span> <span class='ocrx_word' id='word_1_417' title='bbox 1708 391 1758 426; x_wconf 82' lang='grc' dir='ltr'>τῆς</span> <span class='ocrx_word' id='word_1_418' title='bbox 1771 400 1832 418; x_wconf 86' lang='grc' dir='ltr'>συν-</span> 
     </span>
    </p>
   </div>
   <div class='ocr_carea' id='block_1_67' title="bbox 1050 434 1830 470">
    <p class='ocr_par' dir='ltr' id='par_1_67' title="bbox 1050 434 1830 470">
     <span class='ocr_line' id='line_1_67' title="bbox 1050 434 1830 470; baseline 0.004 -10"><span class='ocrx_word' id='word_1_419' title='bbox 1050 435 1133 466; x_wconf 80' lang='grc' dir='ltr'>έσεως</span> <span class='ocrx_word' id='word_1_420' title='bbox 1151 434 1206 470; x_wconf 75' lang='grc'>(94)</span> <span class='ocrx_word' id='word_1_421' title='bbox 1220 435 1297 470; x_wconf 85' lang='grc' dir='ltr'>ὑμῶν</span> <span class='ocrx_word' id='word_1_422' title='bbox 1309 435 1510 467; x_wconf 80' lang='grc' dir='ltr'><strong>ἀποσταλέντας</strong></span> <span class='ocrx_word' id='word_1_423' title='bbox 1533 434 1634 461; x_wconf 82' lang='grc' dir='ltr'>εἴκοσιν</span> <span class='ocrx_word' id='word_1_424' title='bbox 1655 436 1830 469; x_wconf 72' lang='grc' dir='ltr'><strong>ἐπισκόπους,</strong></span> 
     </span>
    </p>
   </div>
   <div class='ocr_carea' id='block_1_68' title="bbox 1049 480 1833 518">
    <p class='ocr_par' dir='ltr' id='par_1_68' title="bbox 1049 480 1833 518">
     <span class='ocr_line' id='line_1_68' title="bbox 1049 480 1833 518; baseline 0.004 -11"><span class='ocrx_word' id='word_1_425' title='bbox 1049 480 1262 516; x_wconf 70' lang='grc' dir='ltr'>ἀναδεξαμένους</span> <span class='ocrx_word' id='word_1_426' title='bbox 1271 481 1320 517; x_wconf 81' lang='grc' dir='ltr'><strong>τὴν</strong></span> <span class='ocrx_word' id='word_1_427' title='bbox 1333 483 1397 517; x_wconf 78' lang='grc' dir='ltr'>παρ’</span> <span class='ocrx_word' id='word_1_428' title='bbox 1412 482 1488 517; x_wconf 85' lang='grc' dir='ltr'>ὑμῶν</span> <span class='ocrx_word' id='word_1_429' title='bbox 1504 482 1650 518; x_wconf 75' lang='grc' dir='ltr'>πρεσϐείαν</span> <span class='ocrx_word' id='word_1_430' title='bbox 1663 503 1671 515; x_wconf 87' lang='grc'><strong>,</strong></span> <span class='ocrx_word' id='word_1_431' title='bbox 1689 482 1758 514; x_wconf 75' lang='grc' dir='ltr'>τέως</span> <span class='ocrx_word' id='word_1_432' title='bbox 1782 484 1833 511; x_wconf 84' lang='grc' dir='ltr'>οὐκ</span> 
     </span>
    </p>
   </div>
   <div class='ocr_carea' id='block_1_69' title="bbox 1051 527 1833 566">
    <p class='ocr_par' dir='ltr' id='par_1_69' title="bbox 1051 527 1833 566">
     <span class='ocr_line' id='line_1_69' title="bbox 1051 527 1833 566; baseline 0.004 -13"><span class='ocrx_word' id='word_1_433' title='bbox 1051 527 1221 562; x_wconf 74' lang='grc' dir='ltr'><strong>ἠδυνήθημεν</strong></span> <span class='ocrx_word' id='word_1_434' title='bbox 1248 527 1304 562; x_wconf 85' lang='grc'>(95)</span> <span class='ocrx_word' id='word_1_435' title='bbox 1327 528 1424 560; x_wconf 84' lang='grc' dir='ltr'>αὐτοὺς</span> <span class='ocrx_word' id='word_1_436' title='bbox 1450 528 1524 555; x_wconf 77' lang='grc' dir='ltr'>ἰδεῖν.</span> <span class='ocrx_word' id='word_1_437' title='bbox 1543 529 1690 564; x_wconf 80' lang='grc' dir='ltr'>’Δναγκαία</span> <span class='ocrx_word' id='word_1_438' title='bbox 1715 530 1769 566; x_wconf 82' lang='grc' dir='ltr'>γάρ</span> <span class='ocrx_word' id='word_1_439' title='bbox 1790 539 1833 562; x_wconf 82' lang='grc' dir='ltr'><strong>τις</strong></span> 
     </span>
    </p>
   </div>
   <div class='ocr_carea' id='block_1_70' title="bbox 1051 573 1832 611">
    <p class='ocr_par' dir='ltr' id='par_1_70' title="bbox 1051 573 1832 611">
     <span class='ocr_line' id='line_1_70' title="bbox 1051 573 1832 611; baseline 0.005 -12"><span class='ocrx_word' id='word_1_440' title='bbox 1051 573 1124 608; x_wconf 76' lang='grc' dir='ltr'>ἡμᾶς</span> <span class='ocrx_word' id='word_1_441' title='bbox 1146 573 1259 608; x_wconf 74' lang='grc' dir='ltr'>ἤπειγεν</span> <span class='ocrx_word' id='word_1_442' title='bbox 1272 574 1289 608; x_wconf 85' lang='grc' dir='ltr'>ἡ</span> <span class='ocrx_word' id='word_1_443' title='bbox 1305 574 1374 610; x_wconf 82' lang='grc' dir='ltr'>πρὸς</span> <span class='ocrx_word' id='word_1_444' title='bbox 1384 575 1447 606; x_wconf 80' lang='grc' dir='ltr'>τοὺς</span> <span class='ocrx_word' id='word_1_445' title='bbox 1463 574 1617 611; x_wconf 73' lang='grc' dir='ltr'>βαρϐάρους</span> <span class='ocrx_word' id='word_1_446' title='bbox 1630 575 1687 608; x_wconf 83' lang='grc' dir='ltr'>ὁδός</span> <span class='ocrx_word' id='word_1_447' title='bbox 1697 584 1703 591; x_wconf 89' lang='grc'>·</span> <span class='ocrx_word' id='word_1_448' title='bbox 1724 576 1781 608; x_wconf 78' lang='grc' dir='ltr'>καὶ,</span> <span class='ocrx_word' id='word_1_449' title='bbox 1793 576 1832 609; x_wconf 81' lang='grc' dir='ltr'><strong>ὡς</strong></span> 
     </span>
    </p>
   </div>
   <div class='ocr_carea' id='block_1_71' title="bbox 1051 619 1833 662">
    <p class='ocr_par' dir='ltr' id='par_1_71' title="bbox 1051 619 1833 662">
     <span class='ocr_line' id='line_1_71' title="bbox 1051 619 1833 662; baseline 0.004 -17"><span class='ocrx_word' id='word_1_450' title='bbox 1051 619 1150 651; x_wconf 76' lang='grc' dir='ltr'>οἴδατε,</span> <span class='ocrx_word' id='word_1_451' title='bbox 1162 619 1262 654; x_wconf 72' lang='grc' dir='ltr'>πρέπει</span> <span class='ocrx_word' id='word_1_452' title='bbox 1275 619 1324 655; x_wconf 87' lang='grc' dir='ltr'>τὴν</span> <span class='ocrx_word' id='word_1_453' title='bbox 1336 619 1433 656; x_wconf 78' lang='grc' dir='ltr'>ψυχὴν,</span> <span class='ocrx_word' id='word_1_454' title='bbox 1450 620 1572 656; x_wconf 83' lang='grc' dir='ltr'>καθαρὰν</span> <span class='ocrx_word' id='word_1_455' title='bbox 1582 619 1663 647; x_wconf 85' lang='grc' dir='ltr'>οὖσαν</span> <span class='ocrx_word' id='word_1_456' title='bbox 1677 622 1730 648; x_wconf 71' lang='grc' dir='ltr'>ἀπὸ</span> <span class='ocrx_word' id='word_1_457' title='bbox 1743 621 1833 662; x_wconf 81' lang='grc' dir='ltr'>πάσης</span> 
     </span>
    </p>
   </div>
   <div class='ocr_carea' id='block_1_72' title="bbox 1051 663 1832 701">
    <p class='ocr_par' dir='ltr' id='par_1_72' title="bbox 1051 663 1832 701">
     <span class='ocr_line' id='line_1_72' title="bbox 1051 663 1832 701; baseline 0.006 -12"><span class='ocrx_word' id='word_1_458' title='bbox 1051 664 1208 699; x_wconf 74' lang='grc' dir='ltr'><strong>φροντίδος,</strong></span> <span class='ocrx_word' id='word_1_459' title='bbox 1228 664 1261 691; x_wconf 88' lang='grc' dir='ltr'><strong>τά</strong></span> <span class='ocrx_word' id='word_1_460' title='bbox 1276 665 1340 700; x_wconf 78' lang='grc' dir='ltr'>περὶ</span> <span class='ocrx_word' id='word_1_461' title='bbox 1359 663 1405 691; x_wconf 78' lang='grc' dir='ltr'>τοῦ</span> <span class='ocrx_word' id='word_1_462' title='bbox 1435 665 1506 692; x_wconf 87' lang='grc' dir='ltr'>θείου</span> <span class='ocrx_word' id='word_1_463' title='bbox 1525 665 1608 701; x_wconf 84' lang='grc' dir='ltr'>νόμου</span> <span class='ocrx_word' id='word_1_464' title='bbox 1629 666 1832 701; x_wconf 68' lang='grc' dir='ltr'>δια-γυμνάζειν.</span> 
     </span>
    </p>
   </div>
   <div class='ocr_carea' id='block_1_73' title="bbox 1051 710 1832 750">
    <p class='ocr_par' dir='ltr' id='par_1_73' title="bbox 1051 710 1832 750">
     <span class='ocr_line' id='line_1_73' title="bbox 1051 710 1832 750; baseline 0.006 -14"><span class='ocrx_word' id='word_1_465' title='bbox 1051 710 1200 745; x_wconf 82' lang='grc' dir='ltr'>Τοιγαροῦν</span> <span class='ocrx_word' id='word_1_466' title='bbox 1220 711 1283 742; x_wconf 70' lang='grc' dir='ltr'>τοὺς</span> <span class='ocrx_word' id='word_1_467' title='bbox 1298 711 1463 743; x_wconf 75' lang='grc' dir='ltr'>ἐπισκόπους</span> <span class='ocrx_word' id='word_1_468' title='bbox 1483 711 1665 747; x_wconf 69' lang='grc' dir='ltr'><strong>ἐκελεύσαμεν</strong></span> <span class='ocrx_word' id='word_1_469' title='bbox 1682 713 1736 749; x_wconf 85' lang='grc'>(96)</span> <span class='ocrx_word' id='word_1_470' title='bbox 1754 715 1783 740; x_wconf 77' lang='grc' dir='ltr'>ὲν</span> <span class='ocrx_word' id='word_1_471' title='bbox 1798 716 1832 750; x_wconf 83' lang='grc' dir='ltr'>τῇ</span> 
     </span>
    </p>
   </div>
   <div class='ocr_carea' id='block_1_74' title="bbox 1058 754 1832 794">
    <p class='ocr_par' dir='ltr' id='par_1_74' title="bbox 1058 754 1832 794">
     <span class='ocr_line' id='line_1_74' title="bbox 1058 754 1832 794; baseline 0.009 -14"><span class='ocrx_word' id='word_1_472' title='bbox 1058 754 1273 790; x_wconf 81' lang='grc' dir='ltr'>Ἀδριανουπόλει</span> <span class='ocrx_word' id='word_1_473' title='bbox 1297 755 1456 788; x_wconf 70' lang='grc' dir='ltr'>ἐκδέξασθαι</span> <span class='ocrx_word' id='word_1_474' title='bbox 1473 757 1522 792; x_wconf 85' lang='grc' dir='ltr'>τὴν</span> <span class='ocrx_word' id='word_1_475' title='bbox 1541 758 1677 794; x_wconf 79' lang='grc' dir='ltr'><strong>ἡμετέραν</strong></span> <span class='ocrx_word' id='word_1_476' title='bbox 1694 758 1832 792; x_wconf 72' lang='grc' dir='ltr'>ἐπάνοδον,</span> 
     </span>
    </p>
   </div>
   <div class='ocr_carea' id='block_1_75' title="bbox 1052 800 1834 840">
    <p class='ocr_par' dir='ltr' id='par_1_75' title="bbox 1052 800 1834 840">
     <span class='ocr_line' id='line_1_75' title="bbox 1052 800 1834 840; baseline 0.009 -14"><span class='ocrx_word' id='word_1_477' title='bbox 1052 800 1105 832; x_wconf 73' lang='grc' dir='ltr'>ἵνα,</span> <span class='ocrx_word' id='word_1_478' title='bbox 1121 801 1231 828; x_wconf 74' lang='grc' dir='ltr'>ἐπειδὰν</span> <span class='ocrx_word' id='word_1_479' title='bbox 1247 801 1336 828; x_wconf 82' lang='grc' dir='ltr'>πάντα</span> <span class='ocrx_word' id='word_1_480' title='bbox 1347 802 1436 834; x_wconf 85' lang='grc' dir='ltr'>καλῶς</span> <span class='ocrx_word' id='word_1_481' title='bbox 1450 802 1558 839; x_wconf 79' lang='grc' dir='ltr'><strong>διατεθῇ</strong></span> <span class='ocrx_word' id='word_1_482' title='bbox 1575 803 1611 830; x_wconf 90' lang='grc' dir='ltr'><strong>τά</strong></span> <span class='ocrx_word' id='word_1_483' title='bbox 1627 804 1754 840; x_wconf 86' lang='grc' dir='ltr'>δημόσια,</span> <span class='ocrx_word' id='word_1_484' title='bbox 1772 806 1834 833; x_wconf 78' lang='grc' dir='ltr'>τότε</span> 
     </span>
    </p>
   </div>
   <div class='ocr_carea' id='block_1_76' title="bbox 1053 846 1834 885">
    <p class='ocr_par' dir='ltr' id='par_1_76' title="bbox 1053 846 1834 885">
     <span class='ocr_line' id='line_1_76' title="bbox 1053 846 1834 885; baseline 0.009 -13"><span class='ocrx_word' id='word_1_485' title='bbox 1053 846 1144 873; x_wconf 84' lang='grc' dir='ltr'>λοιπὸν</span> <span class='ocrx_word' id='word_1_486' title='bbox 1163 847 1234 883; x_wconf 75' lang='grc' dir='ltr'>ἅπερ</span> <span class='ocrx_word' id='word_1_487' title='bbox 1248 847 1281 874; x_wconf 76' lang='grc' dir='ltr'>ἂν</span> <span class='ocrx_word' id='word_1_488' title='bbox 1296 847 1466 876; x_wconf 69' lang='grc' dir='ltr'>ὑποϐάλωσιν</span> <span class='ocrx_word' id='word_1_489' title='bbox 1477 849 1544 885; x_wconf 87' lang='grc'>(97),</span> <span class='ocrx_word' id='word_1_490' title='bbox 1566 849 1681 878; x_wconf 79' lang='grc' dir='ltr'>ἀκοῦσαι</span> <span class='ocrx_word' id='word_1_491' title='bbox 1699 852 1746 878; x_wconf 77' lang='grc' dir='ltr'>καὶ</span> <span class='ocrx_word' id='word_1_492' title='bbox 1762 851 1834 879; x_wconf 86' lang='grc' dir='ltr'>δοκι-</span> 
     </span>
    </p>
   </div>
   <div class='ocr_carea' id='block_1_77' title="bbox 1055 891 1835 938">
    <p class='ocr_par' dir='ltr' id='par_1_77' title="bbox 1055 891 1835 938">
     <span class='ocr_line' id='line_1_77' title="bbox 1055 891 1835 938; baseline 0.009 -20"><span class='ocrx_word' id='word_1_493' title='bbox 1055 892 1140 927; x_wconf 76' lang='grc' dir='ltr'>μᾶσαι</span> <span class='ocrx_word' id='word_1_494' title='bbox 1151 891 1319 928; x_wconf 84' lang='grc' dir='ltr'>δυνηθῶμεν.</span> <span class='ocrx_word' id='word_1_495' title='bbox 1340 893 1379 929; x_wconf 81' lang='grc' dir='ltr'><strong>Τῇ</strong></span> <span class='ocrx_word' id='word_1_496' title='bbox 1404 893 1495 929; x_wconf 84' lang='grc' dir='ltr'>μέντοι</span> <span class='ocrx_word' id='word_1_497' title='bbox 1518 896 1676 932; x_wconf 71' lang='grc' dir='ltr'><strong>στερρότητι</strong></span> <span class='ocrx_word' id='word_1_498' title='bbox 1694 897 1770 932; x_wconf 85' lang='grc' dir='ltr'>ὑμῶν</span> <span class='ocrx_word' id='word_1_499' title='bbox 1795 898 1835 938; x_wconf 60' lang='grc' dir='ltr'>μὴ</span> 
     </span>
    </p>
   </div>
   <div class='ocr_carea' id='block_1_78' title="bbox 1055 937 1834 978">
    <p class='ocr_par' dir='ltr' id='par_1_78' title="bbox 1055 937 1834 978">
     <span class='ocr_line' id='line_1_78' title="bbox 1055 937 1834 978; baseline 0.008 -13"><span class='ocrx_word' id='word_1_500' title='bbox 1055 937 1122 974; x_wconf 84' lang='grc' dir='ltr'>βαρὺ</span> <span class='ocrx_word' id='word_1_501' title='bbox 1140 938 1285 974; x_wconf 82' lang='grc' dir='ltr'>φαινέσθω,</span> <span class='ocrx_word' id='word_1_502' title='bbox 1298 939 1368 967; x_wconf 82' lang='grc' dir='ltr'>ὥστε</span> <span class='ocrx_word' id='word_1_503' title='bbox 1386 941 1543 974; x_wconf 77' lang='grc' dir='ltr'>ἐκδέξασθαι</span> <span class='ocrx_word' id='word_1_504' title='bbox 1563 942 1613 978; x_wconf 85' lang='grc' dir='ltr'><strong>τὴν</strong></span> <span class='ocrx_word' id='word_1_505' title='bbox 1634 943 1723 970; x_wconf 84' lang='grc' dir='ltr'>αὐτῶν</span> <span class='ocrx_word' id='word_1_506' title='bbox 1738 944 1834 971; x_wconf 80' lang='grc' dir='ltr'>ὲπάνο-</span> 
     </span>
    </p>
   </div>
   <div class='ocr_carea' id='block_1_79' title="bbox 1053 984 1834 1026">
    <p class='ocr_par' dir='ltr' id='par_1_79' title="bbox 1053 984 1834 1026">
     <span class='ocr_line' id='line_1_79' title="bbox 1053 984 1834 1026; baseline 0.01 -16"><span class='ocrx_word' id='word_1_507' title='bbox 1053 984 1106 1017; x_wconf 86' lang='grc' dir='ltr'>δον,</span> <span class='ocrx_word' id='word_1_508' title='bbox 1127 985 1171 1012; x_wconf 86' lang='grc' dir='ltr'>τνα</span> <span class='ocrx_word' id='word_1_509' title='bbox 1192 985 1301 1013; x_wconf 79' lang='grc' dir='ltr'>ἐπειδὰν</span> <span class='ocrx_word' id='word_1_510' title='bbox 1323 986 1491 1014; x_wconf 75' lang='grc' dir='ltr'>ἐπανέλθωσι</span> <span class='ocrx_word' id='word_1_511' title='bbox 1515 989 1672 1024; x_wconf 80' lang='grc' dir='ltr'>κομίζοντες</span> <span class='ocrx_word' id='word_1_512' title='bbox 1698 991 1763 1026; x_wconf 84' lang='grc' dir='ltr'>ὑμῖν</span> <span class='ocrx_word' id='word_1_513' title='bbox 1785 990 1834 1023; x_wconf 82' lang='grc' dir='ltr'><strong>τὰς</strong></span> 
     </span>
    </p>
   </div>
   <div class='ocr_carea' id='block_1_80' title="bbox 1053 1031 1835 1072">
    <p class='ocr_par' dir='ltr' id='par_1_80' title="bbox 1053 1031 1835 1072">
     <span class='ocr_line' id='line_1_80' title="bbox 1053 1031 1835 1072; baseline 0.009 -15"><span class='ocrx_word' id='word_1_514' title='bbox 1053 1031 1188 1067; x_wconf 85' lang='grc' dir='ltr'>ἡμετέρας</span> <span class='ocrx_word' id='word_1_515' title='bbox 1201 1032 1367 1067; x_wconf 78' lang='grc' dir='ltr'>ἀποκρίσεις,</span> <span class='ocrx_word' id='word_1_516' title='bbox 1380 1033 1509 1070; x_wconf 84' lang='grc' dir='ltr'>δυνηθῆτε</span> <span class='ocrx_word' id='word_1_517' title='bbox 1523 1035 1563 1066; x_wconf 79' lang='grc' dir='ltr'><strong>εἰς</strong></span> <span class='ocrx_word' id='word_1_518' title='bbox 1577 1036 1664 1072; x_wconf 79' lang='grc' dir='ltr'>πέρας</span> <span class='ocrx_word' id='word_1_519' title='bbox 1677 1036 1789 1071; x_wconf 80' lang='grc' dir='ltr'><strong>ἀγαγεῖν</strong></span> <span class='ocrx_word' id='word_1_520' title='bbox 1800 1037 1835 1065; x_wconf 84' lang='grc' dir='ltr'>τὰ</span> 
     </span>
    </p>
   </div>
   <div class='ocr_carea' id='block_1_81' title="bbox 1053 1077 1835 1118">
    <p class='ocr_par' dir='ltr' id='par_1_81' title="bbox 1053 1077 1835 1118">
     <span class='ocr_line' id='line_1_81' title="bbox 1053 1077 1835 1118; baseline 0.009 -15"><span class='ocrx_word' id='word_1_521' title='bbox 1053 1077 1122 1112; x_wconf 71' lang='grc' dir='ltr'>πρὸς</span> <span class='ocrx_word' id='word_1_522' title='bbox 1138 1077 1186 1112; x_wconf 78' lang='grc' dir='ltr'>τὴν</span> <span class='ocrx_word' id='word_1_523' title='bbox 1202 1077 1369 1106; x_wconf 80' lang='grc' dir='ltr'>λυσιτέλειαν</span> <span class='ocrx_word' id='word_1_524' title='bbox 1384 1079 1517 1115; x_wconf 81' lang='grc' dir='ltr'>ἀνήκοντα</span> <span class='ocrx_word' id='word_1_525' title='bbox 1529 1083 1562 1116; x_wconf 85' lang='grc' dir='ltr'>τῇ</span> <span class='ocrx_word' id='word_1_526' title='bbox 1578 1081 1704 1118; x_wconf 79' lang='grc' dir='ltr'>καθολικῇ</span> <span class='ocrx_word' id='word_1_527' title='bbox 1723 1082 1835 1118; x_wconf 83' lang='grc' dir='ltr'>Ἐκκλη-</span> 
     </span>
    </p>
   </div>
   <div class='ocr_carea' id='block_1_82' title="bbox 1055 1123 1835 1164">
    <p class='ocr_par' dir='ltr' id='par_1_82' title="bbox 1055 1123 1835 1164">
     <span class='ocr_line' id='line_1_82' title="bbox 1055 1123 1835 1164; baseline 0.009 -15"><span class='ocrx_word' id='word_1_528' title='bbox 1055 1123 1109 1158; x_wconf 81' lang='grc' dir='ltr'>σίᾳ.</span> <span class='ocrx_word' id='word_1_529' title='bbox 1146 1123 1237 1150; x_wconf 83' lang='grc' dir='ltr'>Ταῦτα</span> <span class='ocrx_word' id='word_1_530' title='bbox 1259 1124 1389 1159; x_wconf 61' lang='grc' dir='ltr'><strong>⁸ἐδέξαντο</strong></span> <span class='ocrx_word' id='word_1_531' title='bbox 1415 1126 1440 1152; x_wconf 78' lang='grc' dir='ltr'>οι</span> <span class='ocrx_word' id='word_1_532' title='bbox 1474 1127 1627 1160; x_wconf 74' lang='grc' dir='ltr'>ἐπίσκοποι,</span> <span class='ocrx_word' id='word_1_533' title='bbox 1657 1129 1835 1164; x_wconf 73' lang='grc' dir='ltr'>ἐπαγομένων</span> 
     </span>
    </p>
   </div>
   <div class='ocr_carea' id='block_1_83' title="bbox 1053 1170 1213 1206">
    <p class='ocr_par' dir='ltr' id='par_1_83' title="bbox 1053 1170 1213 1206">
     <span class='ocr_line' id='line_1_83' title="bbox 1053 1170 1213 1206; baseline -0.006 -7"><span class='ocrx_word' id='word_1_534' title='bbox 1053 1170 1136 1206; x_wconf 63' lang='grc' dir='ltr'><strong>¹κριῶν</strong></span> <span class='ocrx_word' id='word_1_535' title='bbox 1148 1170 1213 1206; x_wconf 90' lang='grc'>(98).</span> 
     </span>
    </p>
   </div>
   <div class='ocr_carea' id='block_1_84' title="bbox 1782 93 1833 120">
    <p class='ocr_par' dir='ltr' id='par_1_84' title="bbox 1782 93 1833 120">
     <span class='ocr_line' id='line_1_84' title="bbox 1782 93 1833 120; baseline 0 0"><span class='ocrx_word' id='word_1_536' title='bbox 1782 93 1833 120; x_wconf 70' lang='grc'>792</span> 
     </span>
    </p>
   </div>
   <div class='ocr_carea' id='block_1_85' title="bbox 1219 1240 1674 1276">
    <p class='ocr_par' dir='ltr' id='par_1_85' title="bbox 1219 1240 1674 1276">
     <span class='ocr_line' id='line_1_85' title="bbox 1219 1240 1674 1276; baseline 0 -8"><span class='ocrx_word' id='word_1_537' title='bbox 1219 1241 1407 1276; x_wconf 69' lang='grc' dir='ltr'>Ἁντίπραφον</span> <span class='ocrx_word' id='word_1_538' title='bbox 1419 1240 1478 1268; x_wconf 75' lang='grc' dir='ltr'>τῶν</span> <span class='ocrx_word' id='word_1_539' title='bbox 1493 1241 1674 1268; x_wconf 72' lang='grc' dir='ltr'>ἐπισκόπων.</span> 
     </span>
    </p>
   </div>
   <div class='ocr_carea' id='block_1_86' title="bbox 1089 1297 1838 1334">
    <p class='ocr_par' dir='ltr' id='par_1_86' title="bbox 1089 1297 1838 1334">
     <span class='ocr_line' id='line_1_86' title="bbox 1089 1297 1838 1334; baseline 0.004 -10"><span class='ocrx_word' id='word_1_540' title='bbox 1089 1297 1129 1324; x_wconf 89' lang='grc' dir='ltr'><strong>Τά</strong></span> <span class='ocrx_word' id='word_1_541' title='bbox 1145 1297 1296 1333; x_wconf 82' lang='grc' dir='ltr'>γράμματα</span> <span class='ocrx_word' id='word_1_542' title='bbox 1314 1297 1365 1332; x_wconf 68' lang='grc' dir='ltr'>τῆς</span> <span class='ocrx_word' id='word_1_543' title='bbox 1386 1297 1435 1333; x_wconf 82' lang='grc' dir='ltr'>σῆς</span> <span class='ocrx_word' id='word_1_544' title='bbox 1455 1297 1659 1334; x_wconf 82' lang='grc' dir='ltr'>φιλανθρωπίας</span> <span class='ocrx_word' id='word_1_545' title='bbox 1675 1298 1838 1334; x_wconf 69' lang='grc' dir='ltr'>ἐδεξάμεθα,</span> 
     </span>
    </p>
   </div>
   <div class='ocr_carea' id='block_1_87' title="bbox 1054 1342 1835 1381">
    <p class='ocr_par' dir='ltr' id='par_1_87' title="bbox 1054 1342 1835 1381">
     <span class='ocr_line' id='line_1_87' title="bbox 1054 1342 1835 1381; baseline 0.004 -12"><span class='ocrx_word' id='word_1_546' title='bbox 1054 1342 1131 1377; x_wconf 84' lang='grc' dir='ltr'>κύριε</span> <span class='ocrx_word' id='word_1_547' title='bbox 1147 1342 1335 1377; x_wconf 71' lang='grc' dir='ltr'>θεοφιλέστατε</span> <span class='ocrx_word' id='word_1_548' title='bbox 1350 1342 1458 1381; x_wconf 77' lang='grc' dir='ltr'>βασιλεῦ</span> <span class='ocrx_word' id='word_1_549' title='bbox 1471 1363 1478 1375; x_wconf 87' lang='grc'><strong>,</strong></span> <span class='ocrx_word' id='word_1_550' title='bbox 1490 1343 1524 1370; x_wconf 89' lang='grc' dir='ltr'><strong>τά</strong></span> <span class='ocrx_word' id='word_1_551' title='bbox 1542 1344 1702 1380; x_wconf 79' lang='grc' dir='ltr'>περιέχοντα</span> <span class='ocrx_word' id='word_1_552' title='bbox 1721 1344 1764 1372; x_wconf 86' lang='grc' dir='ltr'><strong>διὰ</strong></span> <span class='ocrx_word' id='word_1_553' title='bbox 1785 1345 1835 1381; x_wconf 84' lang='grc' dir='ltr'>τὴν</span> 
     </span>
    </p>
   </div>
   <div class='ocr_carea' id='block_1_88' title="bbox 1054 1379 1836 1425">
    <p class='ocr_par' dir='ltr' id='par_1_88' title="bbox 1054 1379 1836 1425">
     <span class='ocr_line' id='line_1_88' title="bbox 1054 1379 1836 1425; baseline 0.004 -11"><span class='ocrx_word' id='word_1_554' title='bbox 1054 1387 1192 1423; x_wconf 80' lang='grc' dir='ltr'>δημοσίων</span> <span class='ocrx_word' id='word_1_555' title='bbox 1205 1389 1327 1423; x_wconf 81' lang='grc' dir='ltr'>ἀνάγκην</span> <span class='ocrx_word' id='word_1_556' title='bbox 1339 1379 1407 1420; x_wconf 73' lang='grc' dir='ltr'>τέως</span> <span class='ocrx_word' id='word_1_557' title='bbox 1421 1388 1458 1424; x_wconf 81' lang='grc' dir='ltr'>μὴ</span> <span class='ocrx_word' id='word_1_558' title='bbox 1475 1388 1634 1424; x_wconf 86' lang='grc' dir='ltr'>δεδυνῆσθαι</span> <span class='ocrx_word' id='word_1_559' title='bbox 1657 1397 1686 1416; x_wconf 92' lang='grc' dir='ltr'>σε</span> <span class='ocrx_word' id='word_1_560' title='bbox 1705 1389 1758 1425; x_wconf 86' lang='grc'>(99)</span> <span class='ocrx_word' id='word_1_561' title='bbox 1772 1379 1836 1422; x_wconf 56' lang='lat' dir='ltr'><strong>sub;</strong></span> 
     </span>
    </p>
   </div>
   <div class='ocr_carea' id='block_1_89' title="bbox 1055 1433 1835 1470">
    <p class='ocr_par' dir='ltr' id='par_1_89' title="bbox 1055 1433 1835 1470">
     <span class='ocr_line' id='line_1_89' title="bbox 1055 1433 1835 1470; baseline 0.003 -10"><span class='ocrx_word' id='word_1_562' title='bbox 1055 1433 1204 1470; x_wconf 76' lang='grc' dir='ltr'>ἡμετέρους</span> <span class='ocrx_word' id='word_1_563' title='bbox 1221 1433 1349 1469; x_wconf 81' lang='grc' dir='ltr'>πρέσὸεις</span> <span class='ocrx_word' id='word_1_564' title='bbox 1358 1433 1508 1469; x_wconf 85' lang='grc' dir='ltr'>θεωρῆσαι·</span> <span class='ocrx_word' id='word_1_565' title='bbox 1524 1435 1598 1470; x_wconf 80' lang='grc' dir='ltr'>ἡμᾶς</span> <span class='ocrx_word' id='word_1_566' title='bbox 1611 1443 1641 1461; x_wconf 86' lang='grc' dir='ltr'><strong>τε</strong></span> <span class='ocrx_word' id='word_1_567' title='bbox 1652 1435 1773 1468; x_wconf 85' lang='grc' dir='ltr'>κελεύεις</span> <span class='ocrx_word' id='word_1_568' title='bbox 1787 1436 1835 1462; x_wconf 72' lang='grc' dir='ltr'><strong>ὲκο</strong></span> 
     </span>
    </p>
   </div>
   <div class='ocr_carea' id='block_1_90' title="bbox 1056 1479 1836 1518">
    <p class='ocr_par' dir='ltr' id='par_1_90' title="bbox 1056 1479 1836 1518">
     <span class='ocr_line' id='line_1_90' title="bbox 1056 1479 1836 1518; baseline 0.001 -11"><span class='ocrx_word' id='word_1_569' title='bbox 1056 1480 1180 1514; x_wconf 78' lang='grc' dir='ltr'>δέξασθαι</span> <span class='ocrx_word' id='word_1_570' title='bbox 1190 1479 1239 1516; x_wconf 84' lang='grc' dir='ltr'>τὴν</span> <span class='ocrx_word' id='word_1_571' title='bbox 1251 1479 1340 1506; x_wconf 80' lang='grc' dir='ltr'>αὐτῶν</span> <span class='ocrx_word' id='word_1_572' title='bbox 1353 1479 1489 1512; x_wconf 73' lang='grc' dir='ltr'>ἐπάνοδον,</span> <span class='ocrx_word' id='word_1_573' title='bbox 1505 1480 1557 1512; x_wconf 76' lang='grc' dir='ltr'>ἕως</span> <span class='ocrx_word' id='word_1_574' title='bbox 1571 1480 1603 1507; x_wconf 85' lang='grc' dir='ltr'>ἂν</span> <span class='ocrx_word' id='word_1_575' title='bbox 1620 1481 1654 1508; x_wconf 90' lang='grc' dir='ltr'><strong>τά</strong></span> <span class='ocrx_word' id='word_1_576' title='bbox 1676 1482 1741 1518; x_wconf 79' lang='grc' dir='ltr'>παρ’</span> <span class='ocrx_word' id='word_1_577' title='bbox 1758 1481 1836 1517; x_wconf 80' lang='grc' dir='ltr'>ἡμῶν</span> 
     </span>
    </p>
   </div>
   <div class='ocr_carea' id='block_1_91' title="bbox 1054 1523 1836 1562">
    <p class='ocr_par' dir='ltr' id='par_1_91' title="bbox 1054 1523 1836 1562">
     <span class='ocr_line' id='line_1_91' title="bbox 1054 1523 1836 1562; baseline 0.001 -9"><span class='ocrx_word' id='word_1_578' title='bbox 1054 1526 1194 1561; x_wconf 85' lang='grc' dir='ltr'>ὁρισθέντα</span> <span class='ocrx_word' id='word_1_579' title='bbox 1224 1525 1375 1557; x_wconf 84' lang='grc' dir='ltr'>ἀκολούθως</span> <span class='ocrx_word' id='word_1_580' title='bbox 1394 1527 1450 1558; x_wconf 85' lang='grc' dir='ltr'>τοῖς</span> <span class='ocrx_word' id='word_1_581' title='bbox 1470 1523 1612 1561; x_wconf 83' lang='grc' dir='ltr'>προγόνοις</span> <span class='ocrx_word' id='word_1_582' title='bbox 1634 1527 1712 1562; x_wconf 84' lang='grc' dir='ltr'>ἡμῶν</span> <span class='ocrx_word' id='word_1_583' title='bbox 1732 1527 1836 1562; x_wconf 82' lang='grc' dir='ltr'>ὲπιγνῷ</span> 
     </span>
    </p>
   </div>
   <div class='ocr_carea' id='block_1_92' title="bbox 1055 1571 1841 1607">
    <p class='ocr_par' dir='ltr' id='par_1_92' title="bbox 1055 1571 1841 1607">
     <span class='ocr_line' id='line_1_92' title="bbox 1055 1571 1841 1607; baseline 0.005 -10"><span class='ocrx_word' id='word_1_584' title='bbox 1055 1571 1119 1607; x_wconf 77' lang='grc' dir='ltr'>παρ’</span> <span class='ocrx_word' id='word_1_585' title='bbox 1135 1571 1222 1598; x_wconf 76' lang='grc' dir='ltr'>αὐτῶν</span> <span class='ocrx_word' id='word_1_586' title='bbox 1234 1572 1251 1606; x_wconf 80' lang='grc' dir='ltr'><strong>ἡ</strong></span> <span class='ocrx_word' id='word_1_587' title='bbox 1269 1571 1302 1607; x_wconf 82' lang='grc' dir='ltr'>σὴ</span> <span class='ocrx_word' id='word_1_588' title='bbox 1319 1571 1452 1598; x_wconf 79' lang='grc' dir='ltr'>εὐσέϐεια.</span> <span class='ocrx_word' id='word_1_589' title='bbox 1474 1571 1552 1598; x_wconf 85' lang='grc' dir='ltr'>Ἀλλὰ</span> <span class='ocrx_word' id='word_1_590' title='bbox 1564 1572 1611 1599; x_wconf 76' lang='grc' dir='ltr'>καὶ</span> <span class='ocrx_word' id='word_1_591' title='bbox 1623 1572 1670 1600; x_wconf 83' lang='grc' dir='ltr'>νῦν</span> <span class='ocrx_word' id='word_1_592' title='bbox 1677 1572 1721 1600; x_wconf 86' lang='grc' dir='ltr'><strong>διὰ</strong></span> <span class='ocrx_word' id='word_1_593' title='bbox 1734 1573 1841 1601; x_wconf 70' lang='grc' dir='ltr'>τούτων.</span> 
     </span>
    </p>
   </div>
   <div class='ocr_carea' id='block_1_93' title="bbox 1054 1617 1836 1654">
    <p class='ocr_par' dir='ltr' id='par_1_93' title="bbox 1054 1617 1836 1654">
     <span class='ocr_line' id='line_1_93' title="bbox 1054 1617 1836 1654; baseline 0.003 -11"><span class='ocrx_word' id='word_1_594' title='bbox 1054 1617 1108 1644; x_wconf 84' lang='grc' dir='ltr'>τῶν</span> <span class='ocrx_word' id='word_1_595' title='bbox 1123 1617 1293 1652; x_wconf 81' lang='grc' dir='ltr'>γραμμάτων</span> <span class='ocrx_word' id='word_1_596' title='bbox 1308 1617 1491 1652; x_wconf 77' lang='grc' dir='ltr'>ὁμολογοῦμεν</span> <span class='ocrx_word' id='word_1_597' title='bbox 1502 1637 1509 1649; x_wconf 93' lang='grc'><strong>,</strong></span> <span class='ocrx_word' id='word_1_598' title='bbox 1532 1619 1579 1644; x_wconf 80' lang='grc' dir='ltr'><strong>καὶ</strong></span> <span class='ocrx_word' id='word_1_599' title='bbox 1598 1617 1836 1654; x_wconf 75' lang='grc' dir='ltr'>διαϐεϐαιούμεθα,</span> 
     </span>
    </p>
   </div>
   <div class='ocr_carea' id='block_1_94' title="bbox 1057 1663 1835 1701">
    <p class='ocr_par' dir='ltr' id='par_1_94' title="bbox 1057 1663 1835 1701">
     <span class='ocr_line' id='line_1_94' title="bbox 1057 1663 1835 1701; baseline 0.004 -11"><span class='ocrx_word' id='word_1_600' title='bbox 1057 1663 1188 1698; x_wconf 79' lang='grc' dir='ltr'>μηδαμῶς</span> <span class='ocrx_word' id='word_1_601' title='bbox 1201 1664 1276 1698; x_wconf 78' lang='grc' dir='ltr'>ἡμᾶς</span> <span class='ocrx_word' id='word_1_602' title='bbox 1288 1664 1436 1698; x_wconf 84' lang='grc' dir='ltr'>ἀναχωρεῖν</span> <span class='ocrx_word' id='word_1_603' title='bbox 1451 1663 1500 1698; x_wconf 82' lang='grc' dir='ltr'>τῆς</span> <span class='ocrx_word' id='word_1_604' title='bbox 1512 1664 1649 1700; x_wconf 81' lang='grc' dir='ltr'>ἡμετέρας</span> <span class='ocrx_word' id='word_1_605' title='bbox 1669 1665 1835 1701; x_wconf 82' lang='grc' dir='ltr'>προθέσεως·</span> 
     </span>
    </p>
   </div>
   <div class='ocr_carea' id='block_1_95' title="bbox 1055 1709 1836 1746">
    <p class='ocr_par' dir='ltr' id='par_1_95' title="bbox 1055 1709 1836 1746">
     <span class='ocr_line' id='line_1_95' title="bbox 1055 1709 1836 1746; baseline 0.004 -11"><span class='ocrx_word' id='word_1_606' title='bbox 1055 1709 1133 1736; x_wconf 84' lang='grc' dir='ltr'>τοῦτο</span> <span class='ocrx_word' id='word_1_607' title='bbox 1143 1709 1196 1745; x_wconf 81' lang='grc' dir='ltr'>γὰρ</span> <span class='ocrx_word' id='word_1_608' title='bbox 1205 1709 1242 1744; x_wconf 80' lang='grc'><strong>(1)</strong></span> <span class='ocrx_word' id='word_1_609' title='bbox 1252 1709 1299 1736; x_wconf 77' lang='grc' dir='ltr'>καὶ</span> <span class='ocrx_word' id='word_1_610' title='bbox 1311 1711 1366 1741; x_wconf 82' lang='grc' dir='ltr'>τοῖς</span> <span class='ocrx_word' id='word_1_611' title='bbox 1376 1709 1539 1746; x_wconf 75' lang='grc' dir='ltr'>πρεσὸεῦσιν</span> <span class='ocrx_word' id='word_1_612' title='bbox 1548 1710 1625 1745; x_wconf 83' lang='grc' dir='ltr'>ἡμῶν</span> <span class='ocrx_word' id='word_1_613' title='bbox 1634 1711 1836 1746; x_wconf 83' lang='grc' dir='ltr'>ὲνετειλάμεθα.</span> 
     </span>
    </p>
   </div>
   <div class='ocr_carea' id='block_1_96' title="bbox 1062 1753 1837 1791">
    <p class='ocr_par' dir='ltr' id='par_1_96' title="bbox 1062 1753 1837 1791">
     <span class='ocr_line' id='line_1_96' title="bbox 1062 1753 1837 1791; baseline 0.004 -10"><span class='ocrx_word' id='word_1_614' title='bbox 1062 1753 1201 1790; x_wconf 77' lang='grc' dir='ltr'>Ἀξιοῦμεν</span> <span class='ocrx_word' id='word_1_615' title='bbox 1214 1754 1302 1781; x_wconf 79' lang='grc' dir='ltr'>τοίνυν</span> <span class='ocrx_word' id='word_1_616' title='bbox 1316 1755 1390 1786; x_wconf 80' lang='grc' dir='ltr'>ὅπως</span> <span class='ocrx_word' id='word_1_617' title='bbox 1405 1755 1540 1791; x_wconf 86' lang='grc' dir='ltr'>γαληναίᾳ</span> <span class='ocrx_word' id='word_1_618' title='bbox 1553 1756 1585 1791; x_wconf 79' lang='grc' dir='ltr'><strong>τῇ</strong></span> <span class='ocrx_word' id='word_1_619' title='bbox 1601 1755 1732 1791; x_wconf 79' lang='grc' dir='ltr'>προσόψει</span> <span class='ocrx_word' id='word_1_620' title='bbox 1757 1757 1792 1783; x_wconf 84' lang='grc' dir='ltr'><strong>τά</strong></span> <span class='ocrx_word' id='word_1_621' title='bbox 1807 1765 1837 1784; x_wconf 78' lang='grc' dir='ltr'>τε</span> 
     </span>
    </p>
   </div>
   <div class='ocr_carea' id='block_1_97' title="bbox 1056 1790 1838 1838">
    <p class='ocr_par' dir='ltr' id='par_1_97' title="bbox 1056 1790 1838 1838">
     <span class='ocr_line' id='line_1_97' title="bbox 1056 1790 1838 1838; baseline 0.003 -11"><span class='ocrx_word' id='word_1_622' title='bbox 1056 1800 1103 1827; x_wconf 80' lang='grc' dir='ltr'>νῦν</span> <span class='ocrx_word' id='word_1_623' title='bbox 1116 1801 1267 1836; x_wconf 76' lang='grc' dir='ltr'>γράμματα</span> <span class='ocrx_word' id='word_1_624' title='bbox 1287 1800 1337 1835; x_wconf 84' lang='grc' dir='ltr'>τῆς</span> <span class='ocrx_word' id='word_1_625' title='bbox 1357 1800 1493 1836; x_wconf 79' lang='grc' dir='ltr'>ἡμετέρας</span> <span class='ocrx_word' id='word_1_626' title='bbox 1517 1790 1838 1838; x_wconf 18' lang='grc' dir='ltr'>μετριότητόςνκελεύοῃς</span> 
     </span>
    </p>
   </div>
   <div class='ocr_carea' id='block_1_98' title="bbox 1056 1846 1840 1884">
    <p class='ocr_par' dir='ltr' id='par_1_98' title="bbox 1056 1846 1840 1884">
     <span class='ocr_line' id='line_1_98' title="bbox 1056 1846 1840 1884; baseline 0.003 -10"><span class='ocrx_word' id='word_1_627' title='bbox 1056 1847 1269 1882; x_wconf 81' lang='grc' dir='ltr'>ἀναγνωσθῆναι.</span> <span class='ocrx_word' id='word_1_628' title='bbox 1290 1846 1370 1877; x_wconf 77' lang='grc' dir='ltr'>Ἀλλὰ</span> <span class='ocrx_word' id='word_1_629' title='bbox 1386 1846 1439 1882; x_wconf 81' lang='grc' dir='ltr'>γὰρ</span> <span class='ocrx_word' id='word_1_630' title='bbox 1450 1847 1573 1879; x_wconf 69' lang='grc' dir='ltr'>κάκεῖνα,</span> <span class='ocrx_word' id='word_1_631' title='bbox 1590 1847 1608 1874; x_wconf 80' lang='grc' dir='ltr'><strong>ὃ.</strong></span> <span class='ocrx_word' id='word_1_632' title='bbox 1620 1846 1664 1874; x_wconf 80' lang='grc' dir='ltr'>διὰ</span> <span class='ocrx_word' id='word_1_633' title='bbox 1683 1847 1737 1875; x_wconf 86' lang='grc' dir='ltr'><strong>τῶν</strong></span> <span class='ocrx_word' id='word_1_634' title='bbox 1758 1856 1840 1884; x_wconf 74' lang='grc' dir='ltr'>πρεο-</span> 
     </span>
    </p>
   </div>
   <div class='ocr_carea' id='block_1_99' title="bbox 1056 1891 1839 1930">
    <p class='ocr_par' dir='ltr' id='par_1_99' title="bbox 1056 1891 1839 1930">
     <span class='ocr_line' id='line_1_99' title="bbox 1056 1891 1839 1930; baseline 0.001 -10"><span class='ocrx_word' id='word_1_635' title='bbox 1056 1894 1125 1920; x_wconf 75' lang='grc' dir='ltr'>ὁέων</span> <span class='ocrx_word' id='word_1_636' title='bbox 1150 1893 1227 1928; x_wconf 83' lang='grc' dir='ltr'>ἡμῶν</span> <span class='ocrx_word' id='word_1_637' title='bbox 1251 1891 1452 1927; x_wconf 82' lang='grc' dir='ltr'>ὲνετειλάμεθα,</span> <span class='ocrx_word' id='word_1_638' title='bbox 1474 1892 1559 1927; x_wconf 80' lang='grc' dir='ltr'>ἡδέως</span> <span class='ocrx_word' id='word_1_639' title='bbox 1583 1893 1707 1930; x_wconf 75' lang='grc' dir='ltr'>ὑποδέξῃ.</span> <span class='ocrx_word' id='word_1_640' title='bbox 1737 1894 1839 1921; x_wconf 78' lang='grc' dir='ltr'>Ἐκεῖνο</span> 
     </span>
    </p>
   </div>
   <div class='ocr_carea' id='block_1_100' title="bbox 1058 1937 1838 1974">
    <p class='ocr_par' dir='ltr' id='par_1_100' title="bbox 1058 1937 1838 1974">
     <span class='ocr_line' id='line_1_100' title="bbox 1058 1937 1838 1974; baseline 0 -9"><span class='ocrx_word' id='word_1_641' title='bbox 1058 1939 1147 1974; x_wconf 82' lang='grc' dir='ltr'>μέντοι</span> <span class='ocrx_word' id='word_1_642' title='bbox 1160 1939 1258 1973; x_wconf 77' lang='grc' dir='ltr'>συνορᾷ</span> <span class='ocrx_word' id='word_1_643' title='bbox 1270 1937 1328 1973; x_wconf 78' lang='grc' dir='ltr'>μεθ’</span> <span class='ocrx_word' id='word_1_644' title='bbox 1343 1937 1420 1973; x_wconf 82' lang='grc' dir='ltr'>ἡμῶν</span> <span class='ocrx_word' id='word_1_645' title='bbox 1435 1938 1481 1964; x_wconf 72' lang='grc' dir='ltr'>καὶ</span> <span class='ocrx_word' id='word_1_646' title='bbox 1494 1938 1511 1973; x_wconf 82' lang='grc' dir='ltr'>ὴ</span> <span class='ocrx_word' id='word_1_647' title='bbox 1523 1938 1555 1973; x_wconf 86' lang='grc' dir='ltr'>σὴ</span> <span class='ocrx_word' id='word_1_648' title='bbox 1568 1939 1715 1974; x_wconf 76' lang='grc' dir='ltr'>ἡμερότης,</span> <span class='ocrx_word' id='word_1_649' title='bbox 1730 1939 1778 1974; x_wconf 83' lang='grc' dir='ltr'>ὅση</span> <span class='ocrx_word' id='word_1_650' title='bbox 1791 1939 1838 1965; x_wconf 83' lang='grc' dir='ltr'>νῦν</span> 
     </span>
    </p>
   </div>
   <div class='ocr_carea' id='block_1_101' title="bbox 1057 1983 1838 2019">
    <p class='ocr_par' dir='ltr' id='par_1_101' title="bbox 1057 1983 1838 2019">
     <span class='ocr_line' id='line_1_101' title="bbox 1057 1983 1838 2019; baseline -0.001 -8"><span class='ocrx_word' id='word_1_651' title='bbox 1057 1987 1114 2011; x_wconf 78' lang='grc' dir='ltr'>ἐστι</span> <span class='ocrx_word' id='word_1_652' title='bbox 1130 1984 1201 2019; x_wconf 79' lang='grc' dir='ltr'>λύπη</span> <span class='ocrx_word' id='word_1_653' title='bbox 1219 1983 1266 2010; x_wconf 79' lang='grc' dir='ltr'>καὶ</span> <span class='ocrx_word' id='word_1_654' title='bbox 1280 1984 1425 2018; x_wconf 70' lang='grc' dir='ltr'>κατήφεια,</span> <span class='ocrx_word' id='word_1_655' title='bbox 1442 1983 1482 2009; x_wconf 81' lang='grc' dir='ltr'>ὅτι</span> <span class='ocrx_word' id='word_1_656' title='bbox 1497 1983 1526 2009; x_wconf 79' lang='grc' dir='ltr'>ὲν</span> <span class='ocrx_word' id='word_1_657' title='bbox 1540 1985 1595 2015; x_wconf 83' lang='grc' dir='ltr'>τοῖς</span> <span class='ocrx_word' id='word_1_658' title='bbox 1615 1985 1671 2015; x_wconf 85' lang='grc' dir='ltr'>σοῖς</span> <span class='ocrx_word' id='word_1_659' title='bbox 1692 1985 1728 2019; x_wconf 77' lang='grc'>(2)</span> <span class='ocrx_word' id='word_1_660' title='bbox 1748 1993 1838 2019; x_wconf 87' lang='grc' dir='ltr'>μακα-</span> 
     </span>
    </p>
   </div>
   <div class='ocr_carea' id='block_1_102' title="bbox 1058 2030 1838 2067">
    <p class='ocr_par' dir='ltr' id='par_1_102' title="bbox 1058 2030 1838 2067">
     <span class='ocr_line' id='line_1_102' title="bbox 1058 2030 1838 2067; baseline 0.001 -10"><span class='ocrx_word' id='word_1_661' title='bbox 1058 2031 1198 2066; x_wconf 81' lang='grc' dir='ltr'>ριωτάτοις</span> <span class='ocrx_word' id='word_1_662' title='bbox 1218 2031 1322 2066; x_wconf 85' lang='grc' dir='ltr'>καιροῖς</span> <span class='ocrx_word' id='word_1_663' title='bbox 1348 2030 1474 2057; x_wconf 83' lang='grc' dir='ltr'>τοσαῦται</span> <span class='ocrx_word' id='word_1_664' title='bbox 1506 2031 1660 2066; x_wconf 78' lang='grc' dir='ltr'>Ἑκκλησίαι</span> <span class='ocrx_word' id='word_1_665' title='bbox 1681 2032 1764 2067; x_wconf 79' lang='grc' dir='ltr'>χωρὶς</span> <span class='ocrx_word' id='word_1_666' title='bbox 1778 2032 1838 2058; x_wconf 79' lang='grc' dir='ltr'>ἐπι-</span> 
     </span>
    </p>
   </div>
   <div class='ocr_carea' id='block_1_103' title="bbox 1059 2075 1840 2113">
    <p class='ocr_par' dir='ltr' id='par_1_103' title="bbox 1059 2075 1840 2113">
     <span class='ocr_line' id='line_1_103' title="bbox 1059 2075 1840 2113; baseline 0.001 -10"><span class='ocrx_word' id='word_1_667' title='bbox 1059 2077 1165 2103; x_wconf 77' lang='grc' dir='ltr'>σκόπων</span> <span class='ocrx_word' id='word_1_668' title='bbox 1179 2076 1245 2103; x_wconf 83' lang='grc' dir='ltr'>εἰσί·</span> <span class='ocrx_word' id='word_1_669' title='bbox 1263 2077 1310 2102; x_wconf 78' lang='grc' dir='ltr'>καὶ</span> <span class='ocrx_word' id='word_1_670' title='bbox 1322 2075 1366 2103; x_wconf 79' lang='grc' dir='ltr'><strong>διὰ</strong></span> <span class='ocrx_word' id='word_1_671' title='bbox 1377 2076 1455 2103; x_wconf 79' lang='grc' dir='ltr'>τοῦτο</span> <span class='ocrx_word' id='word_1_672' title='bbox 1468 2076 1548 2103; x_wconf 83' lang='grc' dir='ltr'>πάλιν</span> <span class='ocrx_word' id='word_1_673' title='bbox 1563 2076 1612 2112; x_wconf 83' lang='grc' dir='ltr'>τὴν</span> <span class='ocrx_word' id='word_1_674' title='bbox 1628 2077 1676 2113; x_wconf 79' lang='grc' dir='ltr'>σὴν</span> <span class='ocrx_word' id='word_1_675' title='bbox 1690 2077 1840 2113; x_wconf 75' lang='grc' dir='ltr'>φιλανθρω-</span> 
     </span>
    </p>
   </div>
   <div class='ocr_carea' id='block_1_104' title="bbox 1058 2122 1840 2158">
    <p class='ocr_par' dir='ltr' id='par_1_104' title="bbox 1058 2122 1840 2158">
     <span class='ocr_line' id='line_1_104' title="bbox 1058 2122 1840 2158; baseline 0.001 -9"><span class='ocrx_word' id='word_1_676' title='bbox 1058 2123 1122 2149; x_wconf 84' lang='grc' dir='ltr'>πίαν</span> <span class='ocrx_word' id='word_1_677' title='bbox 1151 2122 1297 2157; x_wconf 77' lang='grc' dir='ltr'>ἀξιοῦμεν,</span> <span class='ocrx_word' id='word_1_678' title='bbox 1316 2122 1394 2158; x_wconf 84' lang='grc' dir='ltr'>κύριε</span> <span class='ocrx_word' id='word_1_679' title='bbox 1420 2122 1605 2156; x_wconf 82' lang='grc' dir='ltr'>θεοφιλέστατε</span> <span class='ocrx_word' id='word_1_680' title='bbox 1629 2122 1749 2158; x_wconf 81' lang='grc' dir='ltr'>βασιλεῦ,</span> <span class='ocrx_word' id='word_1_681' title='bbox 1766 2123 1840 2155; x_wconf 80' lang='grc' dir='ltr'>ὅπως</span> 
     </span>
    </p>
   </div>
   <div class='ocr_carea' id='block_1_105' title="bbox 1058 2167 1838 2205">
    <p class='ocr_par' dir='ltr' id='par_1_105' title="bbox 1058 2167 1838 2205">
     <span class='ocr_line' id='line_1_105' title="bbox 1058 2167 1838 2205; baseline -0.001 -10"><span class='ocrx_word' id='word_1_682' title='bbox 1058 2170 1110 2204; x_wconf 81' lang='grc' dir='ltr'>πρὸ</span> <span class='ocrx_word' id='word_1_683' title='bbox 1126 2168 1175 2204; x_wconf 83' lang='grc' dir='ltr'>τῆς</span> <span class='ocrx_word' id='word_1_684' title='bbox 1188 2168 1354 2204; x_wconf 83' lang='grc' dir='ltr'>τραχύτητος</span> <span class='ocrx_word' id='word_1_685' title='bbox 1365 2167 1419 2195; x_wconf 83' lang='grc' dir='ltr'><strong>τῶν</strong></span> <span class='ocrx_word' id='word_1_686' title='bbox 1437 2167 1588 2204; x_wconf 86' lang='grc' dir='ltr'>χειμώνων,</span> <span class='ocrx_word' id='word_1_687' title='bbox 1599 2168 1676 2205; x_wconf 80' lang='grc' dir='ltr'>εἴπερ</span> <span class='ocrx_word' id='word_1_688' title='bbox 1686 2168 1793 2204; x_wconf 81' lang='grc' dir='ltr'>ἀρέσειε</span> <span class='ocrx_word' id='word_1_689' title='bbox 1805 2170 1838 2204; x_wconf 80' lang='grc' dir='ltr'><strong>τῇ</strong></span> 
     </span>
    </p>
   </div>
   <div class='ocr_carea' id='block_1_106' title="bbox 1059 2214 1840 2251">
    <p class='ocr_par' dir='ltr' id='par_1_106' title="bbox 1059 2214 1840 2251">
     <span class='ocr_line' id='line_1_106' title="bbox 1059 2214 1840 2251; baseline 0 -9"><span class='ocrx_word' id='word_1_690' title='bbox 1059 2217 1092 2251; x_wconf 81' lang='grc' dir='ltr'><strong>σῇ</strong></span> <span class='ocrx_word' id='word_1_691' title='bbox 1106 2216 1241 2251; x_wconf 71' lang='grc' dir='ltr'>εὐσεϐείᾳ,</span> <span class='ocrx_word' id='word_1_692' title='bbox 1258 2214 1387 2251; x_wconf 52' lang='grc' dir='ltr'>κλεῦσῃς</span> <span class='ocrx_word' id='word_1_693' title='bbox 1401 2216 1475 2250; x_wconf 81' lang='grc' dir='ltr'>ἡμᾶς</span> <span class='ocrx_word' id='word_1_694' title='bbox 1493 2216 1533 2247; x_wconf 80' lang='grc' dir='ltr'><strong>είς</strong></span> <span class='ocrx_word' id='word_1_695' title='bbox 1556 2215 1606 2246; x_wconf 84' lang='grc' dir='ltr'>τὰς</span> <span class='ocrx_word' id='word_1_696' title='bbox 1618 2215 1754 2250; x_wconf 78' lang='grc' dir='ltr'>ἡμετέρας</span> <span class='ocrx_word' id='word_1_697' title='bbox 1779 2215 1840 2242; x_wconf 84' lang='grc' dir='ltr'><strong>Ἐκ-</strong></span> 
     </span>
    </p>
   </div>
   <div class='ocr_carea' id='block_1_107' title="bbox 1059 2260 1841 2298">
    <p class='ocr_par' dir='ltr' id='par_1_107' title="bbox 1059 2260 1841 2298">
     <span class='ocr_line' id='line_1_107' title="bbox 1059 2260 1841 2298; baseline -0.001 -9"><span class='ocrx_word' id='word_1_698' title='bbox 1059 2262 1172 2298; x_wconf 83' lang='grc' dir='ltr'>κλησίας</span> <span class='ocrx_word' id='word_1_699' title='bbox 1184 2261 1349 2293; x_wconf 74' lang='grc' dir='ltr'>ἐπανελθεῖν,</span> <span class='ocrx_word' id='word_1_700' title='bbox 1363 2261 1432 2296; x_wconf 86' lang='grc' dir='ltr'><strong>ὑπὲρ</strong></span> <span class='ocrx_word' id='word_1_701' title='bbox 1444 2260 1491 2287; x_wconf 80' lang='grc' dir='ltr'>τοῦ</span> <span class='ocrx_word' id='word_1_702' title='bbox 1502 2260 1630 2287; x_wconf 81' lang='grc' dir='ltr'>δύνασθαι</span> <span class='ocrx_word' id='word_1_703' title='bbox 1644 2261 1717 2296; x_wconf 78' lang='grc' dir='ltr'>ἡμᾶς</span> <span class='ocrx_word' id='word_1_704' title='bbox 1727 2260 1765 2297; x_wconf 87' lang='grc' dir='ltr'>τῷ</span> <span class='ocrx_word' id='word_1_705' title='bbox 1777 2270 1841 2288; x_wconf 72' lang='grc' dir='ltr'>πανο</span> 
     </span>
    </p>
   </div>
   <div class='ocr_carea' id='block_1_108' title="bbox 1060 2372 1841 2409">
    <p class='ocr_par' dir='ltr' id='par_1_108' title="bbox 1060 2372 1841 2409">
     <span class='ocr_line' id='line_1_108' title="bbox 1060 2372 1841 2409; baseline -0.005 -6"><span class='ocrx_word' id='word_1_706' title='bbox 1060 2384 1165 2405; x_wconf 71' lang='lat' dir='ltr'><strong>exerrat,</strong></span> <span class='ocrx_word' id='word_1_707' title='bbox 1188 2373 1267 2407; x_wconf 83' lang='grc' dir='ltr'>αὖθις</span> <span class='ocrx_word' id='word_1_708' title='bbox 1286 2374 1397 2401; x_wconf 76' lang='grc' dir='ltr'>τοιαῦτα</span> <span class='ocrx_word' id='word_1_709' title='bbox 1420 2373 1602 2409; x_wconf 74' lang='grc' dir='ltr'>ἀντέγραψαν.</span> <span class='ocrx_word' id='word_1_710' title='bbox 1621 2372 1743 2407; x_wconf 86' lang='lat' dir='ltr'><strong>Sequens</strong></span> <span class='ocrx_word' id='word_1_711' title='bbox 1759 2380 1841 2409; x_wconf 79' lang='lat' dir='ltr'><strong>porro</strong></span> 
     </span>
    </p>
   </div>
   <div class='ocr_carea' id='block_1_109' title="bbox 1059 2408 1838 2444">
    <p class='ocr_par' dir='ltr' id='par_1_109' title="bbox 1059 2408 1838 2444">
     <span class='ocr_line' id='line_1_109' title="bbox 1059 2408 1838 2444; baseline -0.005 -6"><span class='ocrx_word' id='word_1_712' title='bbox 1059 2411 1172 2444; x_wconf 84' lang='lat' dir='ltr'><strong>cpistola</strong></span> <span class='ocrx_word' id='word_1_713' title='bbox 1188 2411 1302 2437; x_wconf 87' lang='lat' dir='ltr'><strong>habetur</strong></span> <span class='ocrx_word' id='word_1_714' title='bbox 1319 2410 1417 2436; x_wconf 87' lang='lat' dir='ltr'><strong>ibidem</strong></span> <span class='ocrx_word' id='word_1_715' title='bbox 1434 2408 1508 2443; x_wconf 84' lang='lat' dir='ltr'><strong>apud</strong></span> <span class='ocrx_word' id='word_1_716' title='bbox 1522 2408 1627 2444; x_wconf 68' lang='lat' dir='ltr'><strong>Sperat.</strong></span> <span class='ocrx_word' id='word_1_717' title='bbox 1644 2409 1695 2444; x_wconf 52' lang='lat' dir='ltr'><strong>lib.</strong></span> <span class='ocrx_word' id='word_1_718' title='bbox 1706 2416 1735 2441; x_wconf 84' lang='grc' dir='ltr'><strong>ιι,</strong></span> <span class='ocrx_word' id='word_1_719' title='bbox 1752 2416 1777 2444; x_wconf 71' lang='lat' dir='ltr'><strong>c.</strong></span> <span class='ocrx_word' id='word_1_720' title='bbox 1793 2408 1838 2439; x_wconf 72' lang='grc'><strong>54,</strong></span> 
     </span>
    </p>
   </div>
   <div class='ocr_carea' id='block_1_110' title="bbox 1059 2443 1840 2480">
    <p class='ocr_par' dir='ltr' id='par_1_110' title="bbox 1059 2443 1840 2480">
     <span class='ocr_line' id='line_1_110' title="bbox 1059 2443 1840 2480; baseline -0.004 -7"><span class='ocrx_word' id='word_1_721' title='bbox 1059 2443 1086 2474; x_wconf 86' lang='lat' dir='ltr'><strong>et</strong></span> <span class='ocrx_word' id='word_1_722' title='bbox 1101 2446 1172 2480; x_wconf 90' lang='lat' dir='ltr'><strong>apud</strong></span> <span class='ocrx_word' id='word_1_723' title='bbox 1189 2445 1326 2480; x_wconf 58' lang='lat' dir='ltr'><strong>Iheodor.</strong></span> <span class='ocrx_word' id='word_1_724' title='bbox 1345 2444 1392 2472; x_wconf 80' lang='lat' dir='ltr'><strong>lib.</strong></span> <span class='ocrx_word' id='word_1_725' title='bbox 1406 2452 1436 2475; x_wconf 86' lang='grc' dir='ltr'><strong>ιι,</strong></span> <span class='ocrx_word' id='word_1_726' title='bbox 1450 2443 1572 2480; x_wconf 23' lang='lat' dir='ltr'><strong>captio;</strong></span> <span class='ocrx_word' id='word_1_727' title='bbox 1585 2444 1636 2480; x_wconf 82' lang='lat' dir='ltr'><strong>sed-</strong></span> <span class='ocrx_word' id='word_1_728' title='bbox 1646 2443 1716 2479; x_wconf 86' lang='lat' dir='ltr'><strong>stylo</strong></span> <span class='ocrx_word' id='word_1_729' title='bbox 1724 2443 1840 2480; x_wconf 83' lang='lat' dir='ltr'><strong>multum</strong></span> 
     </span>
    </p>
   </div>
   <div class='ocr_carea' id='block_1_111' title="bbox 1059 2477 1841 2514">
    <p class='ocr_par' dir='ltr' id='par_1_111' title="bbox 1059 2477 1841 2514">
     <span class='ocr_line' id='line_1_111' title="bbox 1059 2477 1841 2514; baseline -0.005 -6"><span class='ocrx_word' id='word_1_730' title='bbox 1059 2477 1175 2509; x_wconf 72' lang='lat' dir='ltr'><strong>diversa.</strong></span> <span class='ocrx_word' id='word_1_731' title='bbox 1188 2479 1256 2507; x_wconf 87' lang='lat' dir='ltr'><strong>Nam</strong></span> <span class='ocrx_word' id='word_1_732' title='bbox 1269 2479 1365 2506; x_wconf 86' lang='lat' dir='ltr'><strong>Latine</strong></span> <span class='ocrx_word' id='word_1_733' title='bbox 1379 2480 1496 2514; x_wconf 90' lang='lat' dir='ltr'><strong>primum</strong></span> <span class='ocrx_word' id='word_1_734' title='bbox 1508 2478 1569 2505; x_wconf 84' lang='lat' dir='ltr'><strong>data</strong></span> <span class='ocrx_word' id='word_1_735' title='bbox 1582 2477 1745 2514; x_wconf 28' lang='lat' dir='ltr'><strong>aliamfapud</strong></span> <span class='ocrx_word' id='word_1_736' title='bbox 1757 2477 1841 2505; x_wconf 67' lang='lat' dir='ltr'><strong>Attia.-</strong></span> 
     </span>
    </p>
   </div>
   <div class='ocr_carea' id='block_1_112' title="bbox 1059 2513 1842 2548">
    <p class='ocr_par' dir='ltr' id='par_1_112' title="bbox 1059 2513 1842 2548">
     <span class='ocr_line' id='line_1_112' title="bbox 1059 2513 1842 2548; baseline -0.004 -5"><span class='ocrx_word' id='word_1_737' title='bbox 1059 2517 1167 2544; x_wconf 87' lang='lat' dir='ltr'><strong>nasium</strong></span> <span class='ocrx_word' id='word_1_738' title='bbox 1181 2519 1209 2542; x_wconf 87' lang='lat' dir='ltr'><strong>et</strong></span> <span class='ocrx_word' id='word_1_739' title='bbox 1225 2513 1475 2546; x_wconf 40' lang='lat' dir='ltr'><strong>Socratem,’aliam</strong></span> <span class='ocrx_word' id='word_1_740' title='bbox 1500 2513 1571 2548; x_wconf 86' lang='lat' dir='ltr'><strong>apud</strong></span> <span class='ocrx_word' id='word_1_741' title='bbox 1584 2513 1783 2541; x_wconf 87' lang='lat' dir='ltr'><strong>Theodoretum</strong></span> <span class='ocrx_word' id='word_1_742' title='bbox 1799 2514 1842 2540; x_wconf 89' lang='lat' dir='ltr'><strong>iu-</strong></span> 
     </span>
    </p>
   </div>
   <div class='ocr_carea' id='block_1_113' title="bbox 1061 2549 1391 2585">
    <p class='ocr_par' dir='ltr' id='par_1_113' title="bbox 1061 2549 1391 2585">
     <span class='ocr_line' id='line_1_113' title="bbox 1061 2549 1391 2585; baseline -0.009 -6"><span class='ocrx_word' id='word_1_743' title='bbox 1061 2550 1282 2585; x_wconf 82' lang='lat' dir='ltr'><strong>terpretatiouem</strong></span> <span class='ocrx_word' id='word_1_744' title='bbox 1301 2549 1391 2576; x_wconf 81' lang='lat' dir='ltr'><strong>habet.</strong></span> 
     </span>
    </p>
   </div>
   <div class='ocr_carea' id='block_1_114' title="bbox 1096 2582 1840 2621">
    <p class='ocr_par' dir='ltr' id='par_1_114' title="bbox 1096 2582 1840 2621">
     <span class='ocr_line' id='line_1_114' title="bbox 1096 2582 1840 2621; baseline -0.007 -7"><span class='ocrx_word' id='word_1_745' title='bbox 1096 2582 1150 2621; x_wconf 77' lang='lat'><strong>(99)</strong></span> <span class='ocrx_word' id='word_1_746' title='bbox 1170 2585 1271 2621; x_wconf 76' lang='lat' dir='ltr'><strong>Regius</strong></span> <span class='ocrx_word' id='word_1_747' title='bbox 1285 2585 1392 2621; x_wconf 49' lang='lat' dir='ltr'><strong>codex.</strong></span> <span class='ocrx_word' id='word_1_748' title='bbox 1409 2583 1597 2621; x_wconf 51' lang='grc' dir='ltr'>δεδυνῆσθαι,</span> <span class='ocrx_word' id='word_1_749' title='bbox 1611 2583 1751 2621; x_wconf 76' lang='lat' dir='ltr'><strong>mendose.</strong></span> <span class='ocrx_word' id='word_1_750' title='bbox 1779 2582 1840 2610; x_wconf 69' lang='grc' dir='ltr'><strong>Μολ</strong></span> 
     </span>
    </p>
   </div>
   <div class='ocr_carea' id='block_1_115' title="bbox 1061 2618 1830 2656">
    <p class='ocr_par' dir='ltr' id='par_1_115' title="bbox 1061 2618 1830 2656">
     <span class='ocr_line' id='line_1_115' title="bbox 1061 2618 1830 2656; baseline -0.008 -7"><span class='ocrx_word' id='word_1_751' title='bbox 1061 2618 1179 2652; x_wconf 57' lang='lat' dir='ltr'><strong>Socrati&quot;</strong></span> <span class='ocrx_word' id='word_1_752' title='bbox 1193 2618 1267 2656; x_wconf 68' lang='grc' dir='ltr'>ἡμᾶς</span> <span class='ocrx_word' id='word_1_753' title='bbox 1282 2619 1319 2646; x_wconf 84' lang='grc' dir='ltr'>δέ.</span> <span class='ocrx_word' id='word_1_754' title='bbox 1335 2619 1409 2656; x_wconf 63' lang='lat' dir='ltr'><strong>infra</strong></span> <span class='ocrx_word' id='word_1_755' title='bbox 1426 2619 1508 2652; x_wconf 91' lang='lat' dir='ltr'><strong>idem,</strong></span> <span class='ocrx_word' id='word_1_756' title='bbox 1522 2619 1539 2656; x_wconf 82' lang='grc' dir='ltr'>ὴ</span> <span class='ocrx_word' id='word_1_757' title='bbox 1557 2619 1590 2656; x_wconf 72' lang='grc' dir='ltr'>σὴ</span> <span class='ocrx_word' id='word_1_758' title='bbox 1605 2618 1742 2656; x_wconf 44' lang='lat' dir='ltr'><strong>algidam.</strong></span> <span class='ocrx_word' id='word_1_759' title='bbox 1799 2652 1806 2656; x_wconf 86' lang='lat'><strong>_</strong></span> <span class='ocrx_word' id='word_1_760' title='bbox 1826 2638 1830 2643; x_wconf 85' lang='lat'><strong>.</strong></span> 
     </span>
    </p>
   </div>
   <div class='ocr_carea' id='block_1_116' title="bbox 1097 2652 1845 2693">
    <p class='ocr_par' dir='ltr' id='par_1_116' title="bbox 1097 2652 1845 2693">
     <span class='ocr_line' id='line_1_116' title="bbox 1097 2652 1845 2693; baseline -0.005 -10"><span class='ocrx_word' id='word_1_761' title='bbox 1097 2657 1135 2693; x_wconf 72' lang='grc' dir='ltr'><strong>(ί)</strong></span> <span class='ocrx_word' id='word_1_762' title='bbox 1155 2652 1221 2691; x_wconf 64' lang='lat' dir='ltr'><strong>i‘dp&quot;</strong></span> <span class='ocrx_word' id='word_1_763' title='bbox 1233 2656 1310 2683; x_wconf 89' lang='lat' dir='ltr'><strong>deest</strong></span> <span class='ocrx_word' id='word_1_764' title='bbox 1333 2655 1360 2681; x_wconf 90' lang='lat' dir='ltr'><strong>in</strong></span> <span class='ocrx_word' id='word_1_765' title='bbox 1385 2653 1507 2682; x_wconf 87' lang='lat' dir='ltr'><strong>Socrate.</strong></span> <span class='ocrx_word' id='word_1_766' title='bbox 1532 2652 1602 2681; x_wconf 76' lang='lat' dir='ltr'><strong>Infra</strong></span> <span class='ocrx_word' id='word_1_767' title='bbox 1626 2653 1739 2689; x_wconf 80' lang='lat' dir='ltr'><strong>Regius,</strong></span> <span class='ocrx_word' id='word_1_768' title='bbox 1762 2652 1845 2688; x_wconf 73' lang='grc' dir='ltr'>γαλη-</span> 
     </span>
    </p>
   </div>
   <div class='ocr_carea' id='block_1_117' title="bbox 1060 2702 1844 2763">
    <p class='ocr_par' dir='ltr' id='par_1_117' title="bbox 1060 2702 1844 2763">
     <span class='ocr_line' id='line_1_117' title="bbox 1060 2702 1844 2763; baseline -0.005 -9"><span class='ocrx_word' id='word_1_769' title='bbox 1060 2702 1136 2763; x_wconf 52' lang='grc' dir='ltr'><strong>ναὶἳ)</strong></span> <span class='ocrx_word' id='word_1_770' title='bbox 1156 2726 1202 2758; x_wconf 80' lang='lat' dir='ltr'><strong>Sic</strong></span> <span class='ocrx_word' id='word_1_771' title='bbox 1225 2725 1326 2763; x_wconf 71' lang='lat' dir='ltr'><strong>Regius</strong></span> <span class='ocrx_word' id='word_1_772' title='bbox 1349 2724 1431 2763; x_wconf 64' lang='lat' dir='ltr'><strong>codex;</strong></span> <span class='ocrx_word' id='word_1_773' title='bbox 1460 2729 1488 2752; x_wconf 91' lang='lat' dir='ltr'><strong>et</strong></span> <span class='ocrx_word' id='word_1_774' title='bbox 1515 2723 1652 2763; x_wconf 60' lang='lat' dir='ltr'><strong>Socrates.</strong></span> <span class='ocrx_word' id='word_1_775' title='bbox 1666 2723 1695 2750; x_wconf 83' lang='lat' dir='ltr'><strong>in</strong></span> <span class='ocrx_word' id='word_1_776' title='bbox 1707 2722 1796 2763; x_wconf 71' lang='lat' dir='ltr'><strong>editis,</strong></span> <span class='ocrx_word' id='word_1_777' title='bbox 1813 2722 1844 2750; x_wconf 66' lang='grc' dir='ltr'>ἐν</span> 
     </span>
    </p>
   </div>
   <div class='ocr_carea' id='block_1_118' title="bbox 1060 2758 1805 2795">
    <p class='ocr_par' dir='ltr' id='par_1_118' title="bbox 1060 2758 1805 2795">
     <span class='ocr_line' id='line_1_118' title="bbox 1060 2758 1805 2795; baseline -0.008 -4"><span class='ocrx_word' id='word_1_778' title='bbox 1060 2768 1087 2792; x_wconf 81' lang='lat' dir='ltr'><strong>et</strong></span> <span class='ocrx_word' id='word_1_779' title='bbox 1101 2758 1158 2795; x_wconf 66' lang='grc' dir='ltr'>σοῖς</span> <span class='ocrx_word' id='word_1_780' title='bbox 1174 2758 1348 2790; x_wconf 49' lang='grc' dir='ltr'>ᾱοεειδιιιίιιι</span> <span class='ocrx_word' id='word_1_781' title='bbox 1367 2760 1467 2795; x_wconf 73' lang='lat' dir='ltr'><strong>Regius</strong></span> <span class='ocrx_word' id='word_1_782' title='bbox 1482 2759 1528 2787; x_wconf 87' lang='grc' dir='ltr'><strong>καί</strong></span> <span class='ocrx_word' id='word_1_783' title='bbox 1545 2759 1624 2786; x_wconf 88' lang='lat' dir='ltr'><strong>habet</strong></span> <span class='ocrx_word' id='word_1_784' title='bbox 1637 2763 1698 2787; x_wconf 87' lang='lat' dir='ltr'><strong>ante</strong></span> <span class='ocrx_word' id='word_1_785' title='bbox 1714 2758 1805 2786; x_wconf 78' lang='grc' dir='ltr'>πάλιν,</span> 
     </span>
    </p>
   </div>
  </div>
