1977 3039
133 113 184 142 193
590 113 709 141 TOMUS
726 113 770 140 AD
789 113 1040 143 ANTiOCHENOS.
1058 129 1094 135 --
1112 113 1281 141 MONl'l'UM.
1447 125 1450 130 λ
1698 115 1749 142 794

131 169 275 204 τοκράτορι
299 168 367 204 Θεῷ,
382 169 430 196 καὶ
454 169 493 204 τῷ
505 169 627 205 Δεσπὸτῃ
641 170 688 196 καὶ
717 170 821 205 Ηυτῆρι
833 170 910 205 ἡμῶν

967 171 1064 206 genito,
1086 178 1134 204 pro
1149 170 1262 205 imperio
1280 175 1326 197 tuo
1346 174 1490 198 consuetas
1505 178 1559 198 una
1573 178 1635 198 cum
1663 178 1747 205 popu-

131 214 242 251 Χριστῷ
257 215 306 250 (3),
321 215 358 251 τῷ
377 215 434 251 Υῑῷ
447 215 529 242 αὑτοῦ
543 215 583 250 τῷ
607 217 763 250 μονογενεῇ
781 215 850 251 ὑπὲρ
865 216 911 250 τῆς

965 217 1000 244 lis
1012 225 1107 252 preces
1120 216 1258 244 eﬂundcre
1275 226 1281 243 :
1300 217 1371 244 sicut
1386 220 1448 243 ante
1462 223 1568 251 semper
1580 216 1706 250 fecimus,
1721 221 1745 244 et

131 261 183 295 σῆς
207 260 354 295 βασιλείας,
369 261 418 293 τὰς
441 261 550 296 ἐθίμους
567 260 649 296 εὐχὰς
675 260 746 296 μετὰ
761 260 814 287 τῶν
842 261 911 287 λαῶν

899 270 912 287 ν
965 270 1038 289 nunc
1053 266 1162 289 orantes
1179 261 1268 289 facere
1280 269 1336 291 non
1349 261 1513 289 desistimus.
1673 267 1679 273 ·

130 304 305 340 ἀποπληροῦν
315 325 323 339 ,
337 305 427 338 καθὼς
443 307 491 333 καὶ
505 307 548 333 ἀεὶ
563 306 774 342 ὲπετελέσᾳμεν,
797 307 844 334 καὶ
867 306 913 333 νῦν
935 307 1063 343 ποιοῦμεν
1077 307 1228 343 εὐχόμενοι.

165 405 204 441 (5)
224 405 340 440 SocraL,
348 406 434 442 Ἰησοῦ
448 406 569 442 Χριστῷ,

497 619 560 664 ΙΝ
597 617 813 664 TOMUM
850 616 924 661 AD
959 613 1386 662 ANTIOCHENOS

753 765 1115 822 MONITUM.

160 891 181 919 1.
202 890 234 918 In
252 890 384 925 prioribus
400 889 479 916 editis
493 888 600 924 {ercis
621 888 739 923 epistolae
759 896 852 916 nomen
875 888 973 915 obtinet
998 888 1045 915 hoc
1069 887 1239 922 opusculum,
1259 887 1389 914 editorum
1404 895 1466 914 sane
1489 887 1563 920 vitio,
1579 894 1640 913 nam
1655 887 1743 922 Τόμος

123 941 289 971 nuncupatur
312 936 338 962 in
357 934 476 962 omnibus
494 942 556 969 pene
570 934 713 967 codicibus,
729 938 754 961 et
769 933 871 962 Tomus
888 935 915 960 in
930 934 1056 962 veteribus
1078 934 1155 960 editis
1172 933 1288 960 Latinis.
1313 932 1346 960 Et
1368 941 1426 960 vero
1442 942 1494 960 non
1516 934 1672 960 insolentem
1687 942 1742 961 esse

122 981 230 1008 titulum
243 980 382 1016 ejusmodi,
396 988 454 1006 cum
466 979 526 1006 aliis
542 979 678 1014 permultis
694 979 835 1014 exemplis,
862 985 917 1006 tum
931 980 1045 1007 maxime
1064 979 1112 1006 ltoc
1131 979 1262 1006 luculento
1281 979 1400 1014 Gregorii
1416 978 1581 1005 Nazianzeni
1596 979 1743 1006 testimonio

121 1027 315 1062 comprobatur.
334 1025 363 1054 Is
378 1026 447 1053 enim
466 1025 576 1060 epistola
590 1025 603 1052 1
616 1045 624 1057 ,
641 1025 675 1051 ad
692 1024 855 1057 Cledonium,
873 1026 901 1052 Ill

960 1028 1000 1052 bet
1019 1025 1124 1061 loquens
1143 1025 1175 1052 de
1192 1024 1390 1060 Apollinaristis
1405 1033 1414 1051 :
1429 1024 1548 1058 Δείξουσι
1570 1025 1598 1051 δὲ
1617 1024 1740 1058 πάντως,

120 1074 136 1109 ἦ
152 1074 196 1100 διὰ
207 1073 288 1109 eam.
309 1071 459 1104 συνοδικοῦ,
475 1071 491 1107 ἢ
510 1071 543 1097 δι’
559 1070 706 1097 ἐπιστολῶν
720 1071 893 1099 κοινωνικῶν.

963 1079 985 1103 ις
1004 1071 1058 1106 γὰρ
1072 1071 1126 1098 τῶν
1145 1071 1259 1098 συνόδων
1274 1071 1288 1097 ὁ
1302 1071 1393 1106 νόμος·
1411 1071 1528 1099 Omnino
1544 1075 1633 1098 autent
1653 1076 1743 1100 osten-

121 1121 184 1147 dent
199 1121 237 1153 (se
251 1118 350 1145 scilicet
363 1117 397 1144 ad
412 1116 620 1144 communionem
639 1116 768 1142 admissos
780 1118 846 1151 esse)
862 1115 904 1143 vel
917 1124 964 1151 per
976 1120 1078 1143 tomum
1093 1116 1260 1152 synodalem,
1277 1116 1318 1144 vel
1330 1124 1378 1151 per
1394 1117 1523 1152 epistolas
1543 1117 1744 1146 communionis

121 1167 233 1194 indices.
249 1165 316 1192 Nam
332 1165 376 1192 hic
391 1164 554 1200 synodorum
571 1169 696 1193 mOS'est.
712 1164 800 1199 Τόμος
820 1169 907 1190 autem
923 1169 1041 1197 vocatur,
1059 1164 1096 1191 ait
1114 1163 1268 1191 Philotheus
1282 1169 1352 1199 patr.
1374 1164 1419 1191 lib.
1439 1172 1468 1198 ιι,
1485 1164 1616 1192 adversus
1628 1161 1741 1200 Niceph.

120 1214 278 1248 (ἔνθεοι-ειη,
296 1212 366 1246 quod
384 1212 413 1238 in
426 1219 455 1238 eo
471 1219 510 1238 res
527 1209 762 1245 συντετμημένως,
777 1209 804 1236 id
819 1214 856 1237 est
872 1218 900 1244 pt

384 1212 413 1238 in
426 1219 455 1238 eo
471 1219 510 1238 res
527 1209 762 1245 συντετμημένως,
777 1209 804 1236 id
819 1214 856 1237 est
872 1210 975 1244 paucis,
989 1214 1152 1237 enarrentur.

155 1270 186 1297 li.
206 1269 290 1296 Putat
308 1267 499 1296 Felckmannus
513 1266 580 1294 hanc
594 1266 731 1302 epistolam
748 1274 794 1293 seu
806 1270 915 1299 tomum,
932 1274 987 1295 esse
1009 1267 1183 1302 fragmentum
1202 1266 1323 1294 alicunde
1343 1267 1485 1294 divulsum.
1503 1267 1568 1296 Htee
1591 1269 1664 1296 illius
1680 1274 1742 1296 sunt

119 1315 217 1345 verba:
234 1314 261 1341 In
277 1313 368 1341 codice
384 1312 546 1340 Gobleriano
565 1315 675 1339 notatur
691 1311 724 1338 ad
742 1310 812 1338 hanc
826 1311 899 1345 epistt

960 1319 978 1344 I,
993 1311 1073 1347 Ζήτει
1088 1312 1136 1351 τὴν
1151 1312 1237 1348 ἀρχὴν
1253 1312 1300 1339 τοῦ
1314 1312 1396 1340 αὐτοῦ
1411 1313 1489 1348 λόγου
1506 1314 1655 1349 (praecessit
1668 1315 1740 1342 enim

120 1359 220 1389 Liberii
236 1357 383 1393 ἀκέφαλος)
400 1366 407 1384 :
423 1365 476 1391 quo
491 1356 567 1384 innui
582 1356 690 1396 videtur
707 1357 777 1384 hanc
793 1356 918 1384 similiter
934 1364 994 1390 esse
1005 1357 1186 1392 fragmentum
1208 1358 1323 1392 alicujus
1341 1358 1413 1386 libri.
1432 1359 1516 1394 Cujus
1532 1361 1569 1387 rei
1590 1359 1671 1387 etiam
1690 1361 1741 1388 hoc

119 1406 248 1433 indicium
268 1409 320 1437 est,
336 1404 408 1439 quod
424 1404 493 1431 intra
513 1405 564 1432 sub
586 1405 667 1432 tinem
685 1404 842 1432 scribuntur
858 1405 982 1440 quaedam
1000 1413 1061 1440 quae
1079 1405 1106 1432 in
1131 1405 1298 1434 Antiochena
1321 1406 1424 1441 synodo
1445 1410 1504 1434 acta
1519 1411 1593 1440 sunt,
1609 1408 1642 1434 ad
1658 1415 1743 1442 Quam,

120 1458 209 1480 tamen
225 1451 375 1479 habendam
390 1451 498 1478 demum
511 1451 639 1489 scriptam
652 1458 712 1478 esse
723 1457 756 1479 ex
770 1455 899 1478 contextu
910 1455 1030 1486 apparet,
1044 1455 1071 1478 et
1084 1455 1178 1478 auctor
1192 1455 1234 1478 est
1248 1451 1385 1478 Socrates.
1401 1451 1521 1479 Putarim
1532 1461 1582 1488 ego
1596 1454 1740 1488 epistolam

118 1500 190 1526 hanc
207 1506 269 1526 cum
287 1497 444 1532 appendice,
461 1496 577 1532 alicujus
594 1496 655 1527 libri
666 1495 789 1531 synodici
806 1495 987 1531 fragmentum
1001 1503 1073 1529 esse,
1091 1500 1138 1523 aut
1152 1499 1225 1524 certe
1241 1496 1286 1523 illa
1301 1496 1351 1524 sub
1364 1496 1444 1523 ﬁnem
1462 1497 1569 1525 aliunde
1588 1498 1621 1525 ad
1637 1499 1740 1533 episto-

117 1544 172 1573 lam
185 1548 287 1571 assuta.
301 1542 386 1570 Porro
402 1542 437 1569 ad
452 1543 596 1577 marginem
608 1541 763 1576 Segueriani
778 1542 840 1568 item
854 1541 988 1574 scribitur,
1007 1542 1086 1577 Ζήτει
1102 1542 1200 1577 ἀρχήν,
1217 1542 1323 1576 perinde
1341 1547 1417 1578 atque
1434 1545 1460 1571 in
1477 1544 1631 1573 Gobleriano
1641 1567 1649 1579 ,
1663 1547 1738 1581 cujus

117 1596 208 1622 notam
223 1599 274 1618 non
291 1591 420 1618 intellexit
438 1582 642 1620 Felckmannus,
661 1596 707 1617 nec
724 1589 905 1616 intellecturus
927 1593 966 1616 est
988 1589 1106 1627 quisquis
1125 1589 1243 1616 ordinem
1264 1592 1503 1626 manuscriptorum
1528 1592 1668 1620 Athanasii
1687 1602 1741 1621 non

116 1639 268 1667 adverterit.
286 1638 318 1666 In
333 1638 451 1666 omnibus
466 1638 553 1672 itaque
566 1636 699 1664 codicibus
714 1644 789 1670 quos,
804 1636 844 1664 re!
857 1645 968 1672 quorum
984 1636 1132 1671 catalogum
1146 1637 1273 1671 dispicere
1283 1637 1369 1672 licuit,
1384 1639 1426 1666 hic
1447 1645 1531 1668 tomus
1544 1641 1582 1668 bis
1592 1641 1738 1676 descriptus

116 1691 165 1720 est,
180 1695 205 1714 et
220 1688 305 1722 primo
320 1687 424 1722 quidem
437 1688 536 1722 integer
558 1691 636 1722 atque
649 1687 795 1720 absolutus,
809 1686 978 1714 duodecima:
993 1694 1100 1713 numero
1116 1686 1235 1720 habetur,
1251 1692 1329 1722 atque
1341 1687 1436 1715 iterum
1450 1689 1479 1716 in
1493 1689 1587 1717 iisdem
1600 1694 1738 1725 septuage-

116 1733 199 1758 simus
215 1740 297 1759 nonus
318 1731 407 1759 ordine
426 1732 540 1765 locatur,
557 1739 608 1758 non
625 1732 730 1767 quidem
744 1739 776 1759 ea:
789 1732 891 1767 integro
905 1731 1061 1766 descriptus,
1074 1731 1119 1759 sed
1134 1732 1166 1759 ab
1183 1733 1260 1759 initio
1276 1733 1333 1767 ejus
1347 1741 1409 1768 pars
1428 1734 1500 1761 haud
1513 1735 1607 1770 exigua
1621 1735 1657 1761 ibi
1678 1743 1739 1762 etca-

116 1782 202 1804 ratur.
219 1777 260 1804 Ad
274 1778 416 1813 marginem
432 1778 514 1813 igitur
528 1779 677 1806 duodecimi
699 1779 817 1807 scribunt
833 1779 950 1813 librarii,
973 1780 1053 1815 Ζήτει
1069 1779 1168 1815 ἀρχήν,
1184 1779 1280 1817 Quaere
1292 1781 1410 1814 initium,
1424 1782 1486 1817 quia
1505 1782 1605 1810 scilicet
1621 1783 1738 1816 ejusdem

115 1826 223 1852 initium
238 1826 426 1860 septuagesimo
441 1826 580 1854 nonorloco
595 1827 690 1854 iterum
713 1827 831 1861 ponitur,
849 1835 895 1853 cun

962 1834 972 1853 c
990 1830 1052 1853 nota
1068 1826 1096 1852 in
1116 1825 1194 1861 Regio
1210 1826 1308 1860 codice,
1328 1827 1490 1865 Προεγράφη
1507 1831 1547 1861 εἰς
1571 1830 1604 1856 ιϐ’
1618 1830 1695 1865 λόγον
1707 1830 1742 1858 τὰ

114 1870 186 1904 ὅλον,
203 1870 361 1905 Descriptus
375 1875 417 1899 cst
431 1879 513 1906 supra
528 1872 632 1908 integer
647 1873 808 1900 duodecimo
821 1876 947 1900 tractatu.
965 1871 1058 1907 Liquet
1072 1877 1160 1899 autem
1175 1872 1242 1900 hunc
1257 1877 1356 1900 tomum
1368 1875 1487 1902 omnibus
1501 1877 1616 1903 numeris
1631 1881 1656 1904 et
1674 1885 1738 1912 par-

115 1918 184 1946 tibus
197 1919 252 1945 suis
269 1918 416 1946 absolutum
433 1927 497 1952 esse,
516 1924 545 1946 ut
561 1928 592 1947 ne
606 1920 645 1947 vel
656 1920 767 1947 minima
778 1919 894 1954 suspicio
907 1919 942 1946 sit
957 1927 1011 1946 esse
1027 1918 1213 1953 fragmentum.
1227 1918 1336 1947 Paulini
1351 1928 1409 1947 vero
1424 1920 1539 1955 formula
1555 1922 1617 1957 fidei
1629 1930 1688 1958 qua:
1703 1923 1738 1949 ad

114 1965 212 1995 calcem
228 1970 320 1992 assuta
340 1969 390 1996 est,
411 1965 558 1993 Antiochiw
579 1967 683 2002 quidem
699 1967 772 1994 edita
796 1967 858 2001 fuit,
875 1966 921 1994 sed
944 1971 1116 2001 congruenter
1130 1966 1190 1993 huic
1205 1970 1275 1994 torno
1290 1967 1478 1996 Alexandriam
1492 1969 1586 2004 synodi
1601 1971 1740 2003 atteritur,

115 2013 255 2041 subscribit
272 2013 339 2039 enim
355 2012 399 2039 ille
414 2013 488 2040 rebus
503 2013 673 2042 Alexandriw
691 2014 811 2042 decretis.

150 2070 195 2097 111.
217 2070 287 2103 Quid
311 2070 485 2098 Athanasium
504 2076 661 2107 ceterosque
676 2072 770 2100 Patres
791 2072 945 2107 compulerit
966 2073 1000 2100 ad
1014 2081 1072 2100 eam
1091 2073 1274 2101 celebrandam
1292 2075 1432 2110 synodum,
1454 2083 1487 2102 ea:
1513 2075 1561 2102 hoc
1588 2083 1644 2109 ipso
1669 2079 1739 2102 tomo

113 2120 256 2155 comperire
271 2119 342 2146 licet.
360 2119 453 2146 Actum
469 2120 538 2146 enim
554 2120 590 2146 ibi
608 2120 694 2155 primo
710 2120 760 2154 fuit
777 2120 810 2147 de
824 2119 900 2147 rebus
914 2121 1082 2149 Antiocltente
1097 2121 1223 2149 Ecclesia
1238 2122 1431 2157 componendis.
1457 2121 1527 2148 Nam
1544 2126 1595 2148 tres
1608 2122 1636 2148 in
1651 2125 1739 2155 partes

113 2168 243 2194 distracta
259 2172 321 2194 tunc
337 2167 428 2198 civitas
442 2171 509 2194 erat.
524 2167 617 2195 Prima
632 2176 740 2195 numero
759 2168 876 2194 maxima
891 2173 948 2195 erat
965 2169 1135 2202 Arianorum,
1150 2170 1206 2204 qui,
1220 2170 1296 2204 pulso
1312 2169 1427 2202 Meletio,
1442 2168 1572 2195 Euzoium
1591 2176 1647 2195 sua:
1663 2172 1739 2194 secttc

114 2215 245 2246 hominem
257 2215 408 2248 episcopum
423 2214 474 2241 sibi
487 2215 695 2246 constituerant;
710 2214 743 2240 2!
758 2212 972 2247 Meletianorum,
988 2218 1017 2240 ut
1031 2213 1157 2241 uocabant
1176 2222 1192 2241 a
1208 2213 1314 2241 Meletio
1327 2214 1456 2248 episcopo,
1471 2221 1547 2248 quem
1562 2212 1655 2240 Ariani
1669 2211 1740 2238 ordi-

113 2268 209 2294 narunt
222 2263 380 2298 episcopum,
389 2262 440 2291 rati
452 2271 506 2290 suae
512 2263 597 2297 favere
603 2263 748 2290 sententia.
755 2262 790 2288 At
799 2260 844 2288 ubi
858 2265 971 2296 primum
987 2266 1210 2296 agnoverunteum
1218 2261 1501 2289 consubstantialitatis
1508 2266 1642 2287 strenuum
1650 2259 1739 2293 defen-

112 2319 197 2338 sorem
216 2319 280 2342 esse,
296 2310 324 2336 in
345 2309 468 2337 exsilium
483 2308 598 2344 ablegari
609 2313 748 2341 curarunt,
763 2317 822 2335 cum
843 2309 887 2335 uia:
906 2309 1015 2343 triginta
1031 2309 1140 2336 sedisset
1156 2308 1221 2335 dies.
1237 2307 1331 2345 Beduz
1343 2308 1387 2335 ille
1404 2316 1462 2335 cum
1486 2307 1557 2340 aliis,
1572 2306 1681 2333 Iuliana
1697 2306 1739 2332 in-

111 2359 188 2382 eunte
201 2355 351 2389 imperium,
367 2363 382 2380 a
398 2353 453 2381 suis
469 2353 566 2388 ingenti
581 2353 678 2388 gaudio
695 2358 817 2388 exceptus
833 2353 937 2387 fuerat;
951 2353 982 2380 5n
1004 2352 1254 2385 Eustathianorum,
1279 2362 1295 2380 a
1313 2357 1404 2380 sancto
1430 2353 1570 2380 Eustathio
1593 2351 1737 2379 Antiochia

111 2400 176 2427 olim
190 2400 308 2434 episcopo
322 2407 330 2426 :
348 2399 391 2426 sed
407 2399 576 2427 Arianorum,
589 2397 683 2431 quibus
697 2396 891 2431 infensissimus
906 2401 974 2429 erat,
997 2397 1102 2424 insidiis
1122 2397 1149 2424 in
1172 2396 1297 2424 exsilium
1323 2397 1409 2432 pulso,
1426 2403 1503 2432 atque
1523 2397 1580 2423 illic
1604 2396 1734 2431 defuncto.

115 2445 150 2472 Hi
166 2455 182 2472 a
197 2446 302 2481 reliquis
315 2445 435 2472 omnibus
452 2444 578 2479 segregati
594 2443 703 2470 Paulini
714 2443 856 2478 presbyteri
872 2442 1039 2470 conventibus
1053 2443 1212 2475 intererant,
1230 2448 1308 2478 atque
1327 2451 1386 2472 cum
1400 2443 1545 2469 Athanasio
1559 2442 1736 2468 commuttion-

111 2491 184 2520 bant.
201 2492 272 2524 Quos
297 2491 330 2518 ad
352 2499 442 2526 pacem
463 2491 614 2517 cohortatur
638 2489 811 2522 Athanasius,
835 2489 977 2527 suadetque
994 2493 1023 2516 ut
1048 2496 1108 2515 cum
1125 2489 1158 2516 iis
1175 2488 1366 2515 communicent
1383 2489 1427 2523 qui
1443 2489 1470 2514 in
1493 2487 1579 2514 Veteri
1598 2491 1736 2513 conventus

111 2543 204 2573 agunt,
219 2538 319 2566 scilicet
333 2546 392 2565 cum
408 2538 574 2569 Meletianis;
589 2537 683 2572 quain
693 2544 721 2563 re
736 2544 900 2572 nequaquam
915 2536 1061 2563 Athanasio
1076 2535 1225 2571 synodoque
1240 2535 1429 2562 Alexandrina:
1450 2534 1655 2569 obtemperatum
1675 2537 1713 2559 est
1724 2551 1732 2560 .

110 2585 267 2612 diuturnum
281 2585 350 2612 enim
358 2589 453 2620 postea
467 2585 518 2620 fuit
531 2585 683 2616 discidium.

145 2643 191 2671 IV.
211 2643 288 2676 Quod
308 2648 395 2671 autem
414 2645 452 2671 ait
471 2644 622 2677 Baronius,
643 2644 798 2677 Paulinum,
818 2648 958 2680 antequam
973 2645 1155 2672 Alexandrina
1169 2648 1304 2680 cogeretur
1317 2640 1443 2678 synodus,
1461 2651 1477 2669 a
1493 2642 1615 2677 Lucifero
1635 2644 1737 2678 episco-

109 2698 173 2726 pum
196 2690 347 2717 ordinatum
368 2691 458 2725 fuisse,
473 2690 512 2717 vel
531 2699 563 2717 ex
578 2690 626 2717 hoc
642 2694 722 2722 tome,
737 2691 780 2717 cui
797 2694 882 2717 tamen
904 2691 955 2717 soli
978 2691 1033 2726 ipse
1052 2691 1185 2723 innititur,
1208 2689 1305 2717 elevari
1329 2689 1441 2715 videtur.
1471 2687 1542 2715 Nam
1561 2689 1585 2715 si
1600 2688 1734 2724 episcopus

108 2742 188 2763 antea
204 2736 256 2778 f_uit
272 2737 420 2768 ordinatus,
438 2745 485 2764 cur
505 2737 618 2771 episcopi
635 2745 725 2764 nomen
750 2738 774 2764 ei
801 2745 930 2772 nusquam
951 2738 999 2765 hoc
1023 2742 1092 2764 tomo
1112 2738 1246 2769 tribuitur,
1269 2737 1430 2770 maximeque
1447 2743 1518 2762 num.
1546 2735 1579 2766 9,
1610 2735 1654 2762 ubi
1676 2744 1735 2762 cum

107 2782 197 2815 agitur
210 2781 242 2807 de
263 2781 354 2816 legatis
372 2782 497 2817 Luciferi,
514 2782 624 2809 Paulini
639 2787 663 2809 et
678 2782 846 2816 Apollinarii,
863 2783 962 2815 primus
981 2787 1006 2809 et
1021 2787 1166 2817 postremus
1185 2783 1297 2816 episcopi
1311 2782 1444 2812 dicuntur,
1465 2779 1593 2806 Paulinus
1608 2780 1739 2806 minime!A

107 2830 149 2859 An
164 2828 288 2856 credibile
301 2834 339 2856 est
356 2830 378 2856 si
391 2831 447 2864 jam
464 2831 597 2864 episcopus
611 2829 740 2858 Paulinus
755 2830 862 2865 fuisset,
885 2838 934 2858 non
951 2831 1101 2858 hortaturos
1120 2830 1200 2864 fuisse
1215 2830 1306 2865 synodi
1326 2828 1435 2863 Patres,
1453 2835 1480 2856 ut
1499 2837 1585 2857 omnes
1604 2829 1733 2858 Catholici
