1977 3039
186 122 238 149 ἳ99
473 122 502 149 S.
523 120 711 148 ATllANASll
728 120 804 148 OPP.
825 118 916 147 PARS
935 118 955 146 1.
974 132 1009 139 —-
1029 116 1216 145 HISTORICA
1236 117 1281 146 ET
1298 117 1507 146 DOGMATICA.

1755 117 1807 145 800

187 181 320 216 ﬁdemque
346 189 361 209 a
381 181 483 209 sanctis
508 181 634 210 Patribus
656 181 754 210 Nicaeze
770 181 964 217 promulgatam

1026 180 1168 215 ’Δρειανὴν
1179 180 1294 215 αἵρεσιν,
1310 180 1450 215 ὁμολογεῖν
1462 179 1490 206 δὲ
1506 179 1555 215 τὴν
1570 179 1646 215 παρὰ
1655 178 1710 205 τῶν
1722 178 1807 213 ἁγίων

186 227 375 260 proﬁteantur.
397 227 586 255 Condemnent
610 229 673 255 item
701 236 749 256 eos
765 229 811 263 qui
837 228 969 263 Spiritum

185 278 310 300 sanctum
324 273 458 300 afﬁrmant
468 278 620 301 creaturam
633 282 693 302 esse
705 280 731 302 et
745 282 760 302 a
775 274 875 302 Christi
900 275 966 302 sub-

184 319 285 346 stantia
312 320 440 347 divisum.
458 320 525 348 lllud
550 321 622 348 enim
638 329 701 349 vere
716 326 759 349 est
775 321 881 349 resilire
896 329 910 348 a
923 321 971 348 de-

185 365 307 392 testanda
335 365 500 393 Arianorum
527 366 634 400 luercsi,
659 372 782 395 sanctam
799 367 969 400 ,Trinitatem

184 417 238 437 non
258 410 390 445 dividere,
408 419 458 440 nec
475 412 565 440 dicere
581 413 683 448 aliquid
701 414 772 449 quod
784 414 817 441 ad
831 421 890 441 eam
909 421 971 448 pcr-

183 456 268 483 tinI-at
281 461 435 484 creaturam
458 466 528 486 esse.
557 458 624 486 Nam
641 460 688 495 qui
713 460 843 488 simulant
859 460 968 495 quidem

183 510 213 529 se
229 502 367 530 Nicenam
386 505 465 531 ﬁdem
480 505 613 539 proﬁteri,
638 512 719 541 atque
746 506 847 534 interea
874 510 969 534 contra

183 548 313 583 Spiritum
327 555 451 577 sanctum
468 550 656 586 blasphemare
672 560 725 579 non
739 552 878 585 dubitant,
895 552 965 579 nihil

182 594 256 622 aliud
273 599 413 629 praestant,
426 604 508 631 quam
521 597 592 632 quod
606 597 734 624 Arianam
750 597 865 626 heresin
877 598 968 626 verbis

181 640 292 675 quidem
308 646 417 676 negant,
429 642 522 669 animo
539 647 629 670 autem
643 647 670 670 et
689 644 822 671 sententia
839 644 965 671 retinent.

182 686 364 715 Auatliemate
379 695 488 723 quoque
506 689 540 716 ab
555 689 683 717 omnibus
700 690 845 717 damnetur
857 689 967 718 Sabellii

185 738 211 760 et
223 733 298 760 Pauli
328 733 530 762 Samosatensis
557 734 691 770 impietas,
701 735 836 763 Valentini
863 737 926 764 item
941 741 969 764 et

181 779 309 807 Basilidis
329 779 435 807 insania
451 785 478 807 et
504 779 717 809 Manichmorum
738 782 855 810 amentia
873 792 880 809 :
895 783 967 818 quod

180 826 204 853 si
223 826 258 853 ita
271 825 327 858 ﬁat,
346 825 469 854 futurum
481 832 524 854 est
541 831 570 855 ut
581 828 669 856 omnis
687 829 758 856 mala
783 829 903 864 suspicio
926 829 964 857 le-

180 876 259 898 vetur
274 872 385 907 ubique,
402 877 429 900 et
448 873 505 900 sola
522 873 663 902 catholicae
680 873 807 902 Ecclesiae
820 875 888 903 fides
899 883 966 911 pura

180 923 419 947 commonstrelur.

214 1006 241 1034 4.
259 1005 336 1039 Quod
353 1011 442 1035 autem
455 1008 526 1036 hanc
554 1013 693 1038 teneamus
719 1010 798 1039 ﬁdem
823 1020 886 1040 cum
904 1021 965 1046 nos.

181 1054 241 1078 tum
269 1059 365 1080 omnes
392 1053 439 1088 qui
464 1054 609 1082 nobiscum
637 1063 744 1091 semper
774 1058 966 1087 communione

177 1097 266 1133 juncti
286 1098 372 1132 fuere,
397 1100 498 1128 nemini
516 1105 638 1129 vestrum
663 1110 752 1138 neque
778 1104 823 1131 alii
845 1105 964 1140 cuipiam

178 1143 266 1171 latere
284 1145 460 1173 arbitramur.
485 1146 619 1175 Caeterum
649 1148 714 1183 quia
742 1151 965 1186 congratulamur

179 1190 213 1217 iis
226 1190 273 1225 qui
289 1191 430 1218 nobiscum
447 1193 580 1229 conjungi
608 1199 746 1229 exoptant.
763 1196 891 1224 omnibus
903 1198 964 1233 qui-

178 1235 248 1267 dem,
262 1236 308 1263 sed
332 1236 366 1264 iis
392 1238 564 1272 potissimum
576 1239 623 1275 qui
639 1240 666 1267 in
684 1240 773 1268 Veteri
789 1243 963 1275 conveniunt,

176 1282 289 1317 jamque
303 1291 429 1318 magnam
456 1284 572 1314 Domino
596 1287 710 1322 gloriam
734 1288 886 1323 retulimus,
901 1297 964 1317 cum

178 1327 212 1355 de
226 1328 286 1356 aliis
300 1329 438 1362 omnibus,
457 1334 512 1357 tum
529 1331 563 1359 de
584 1331 656 1360 bono
687 1334 783 1361 horum
807 1335 963 1370 proposito;

179 1373 323 1401 hortamur
332 1381 380 1403 vos
395 1379 425 1403 ut
441 1375 484 1404 his
501 1377 704 1407 conditionibus
731 1381 876 1408 concordia
889 1381 965 1410 inea-

179 1424 241 1453 tur;
260 1425 296 1453 et,
311 1421 350 1448 uti
375 1429 458 1457 supra
480 1422 610 1458 diximus,
626 1425 693 1452 nihil
712 1426 774 1461 plus
799 1426 854 1460 his,
867 1427 901 1455 ab
925 1427 961 1456 iis

177 1467 224 1501 qui
252 1468 277 1494 in
302 1467 392 1495 Veteri
414 1470 589 1503 conveniunt,
609 1471 724 1508 exigatis
749 1482 756 1500 :
777 1481 866 1509 neque
885 1474 963 1509 plura

178 1519 259 1546 quam
273 1521 333 1548 quae
349 1513 445 1541 Nicaeae
465 1516 573 1543 decreta
600 1521 676 1550 sunt,
701 1516 808 1546 Paulini
833 1527 965 1555 sequaces
978 1529 999 1558 α

178 1562 341 1592 proponant.

213 1603 238 1631 ς.
257 1603 343 1637 Quam
358 1605 440 1640 igitur
455 1605 580 1633 nonnulli
603 1606 707 1641 iactant
727 1607 864 1641 tabellam,
883 1609 962 1644 quasi

179 1648 206 1675 in
222 1647 378 1676 Sardicensi
395 1650 497 1686 synodo
514 1649 548 1678 de
574 1650 626 1679 ﬁde
652 1653 844 1687 compositam,
862 1661 897 1681 ne
911 1655 964 1690 legi

179 1694 289 1729 quidem
313 1696 425 1723 omnino
440 1701 487 1724 aut
510 1696 625 1732 proferri
640 1698 736 1726 sinatis
752 1707 759 1725 :
778 1699 846 1727 nihil
863 1700 963 1736 quippe

177 1739 311 1773 ejusmodi
342 1740 464 1768 deﬁnivit
482 1742 611 1777 synodus.
642 1742 774 1777 Quamvis
803 1745 874 1773 enim
895 1753 963 1773 non-

179 1785 248 1812 nulli
274 1786 439 1820 postulariut
462 1793 492 1815 ut
509 1789 632 1824 quaedam
647 1791 680 1816 de
695 1789 747 1818 ﬁde
764 1791 962 1825 scriberentur,

178 1832 257 1867 quasi
274 1833 376 1868 aliquid
390 1832 506 1862 Nicena!
526 1835 630 1870 synodo
647 1836 762 1870 deesset,
779 1842 860 1873 atque
875 1839 902 1866 id
914 1839 963 1866 ob-

178 1878 266 1905 linere
285 1883 385 1908 temere
401 1881 492 1908 conati
505 1881 620 1915 fuerint;
641 1883 762 1918 synodus
781 1888 872 1912 tamen
896 1884 962 1912 Sar-

178 1924 245 1951 dicaa
257 1930 350 1952 coacta
366 1934 422 1953 rem
443 1926 553 1962 indigne
579 1928 649 1961 tulit,
672 1929 840 1964 sancivitque
857 1935 886 1958 ut
902 1931 964 1958 nul-

178 1970 234 1997 lum
250 1971 319 1998 ultra
333 1972 366 1999 de
380 1972 432 2000 lide
446 1973 572 2000 ederetur
597 1975 771 2010 rescriptum,
786 1976 834 2004 sed
853 1977 962 2005 suﬁice-

177 2020 221 2043 ret
243 2017 310 2045 ﬁdes
337 2025 353 2045 a
380 2017 508 2047 Patribus
537 2018 634 2047 Nicaeae
671 2021 855 2057 promulgata,
879 2023 961 2059 617

177 2064 277 2098 quippe
293 2072 353 2100 quae
373 2065 399 2092 in
412 2066 486 2093 nullo
513 2066 648 2100 deficeret,
675 2067 721 2095 sed
748 2069 826 2103 plena
853 2069 962 2104 pietatis

177 2115 251 2138 esset
266 2120 272 2138 :
286 2108 433 2146 statuitque
462 2119 495 2139 nc
524 2112 608 2140 altera
633 2112 758 2141 ederetur
781 2114 842 2142 ﬁdei
858 2115 963 2150 profes-

178 2155 231 2188 sio,
245 2163 279 2182 ne
290 2163 351 2191 qua:
375 2155 471 2183 Nicmaa
494 2157 647 2192 conscripta
675 2157 773 2190 fuerat,
805 2160 962 2195 imperfecta

1022 226 1150 262 Πατέρων
1165 226 1376 262 ὁμολογηθεῖσαν
1386 226 1414 252 ὲν
1425 225 1525 261 Νικαίᾳ
1544 226 1636 252 πίστιν
1645 245 1652 257 ,
1671 224 1752 252 ἀναθε
1757 233 1808 260 μα-

1020 271 1104 304 τίζειν
1120 273 1148 299 δὲ
1160 273 1207 300 καὶ
1221 274 1284 305 τοὺς
1296 273 1423 308 λέγοντας
1439 272 1540 308 κτίσμα
1560 270 1628 300 εἷναι
1645 272 1675 298 τὸ
1695 271 1806 307 Πνεῦμα

1020 319 1050 345 τὸ
1061 319 1148 353 ἇγιον,
1167 319 1213 346 καὶ
1227 319 1389 356 διῃρημένον
1402 320 1434 346 ἐκ
1446 319 1495 354 τῆς
1507 319 1601 350 ούσίας
1613 317 1805 355 τοῦΧριστοῢ.

1020 365 1105 392 Τοῦτο
1118 365 1171 401 γάρ
1185 366 1259 392 ἐστιν
1274 365 1382 401 ἀληθῶς
1393 365 1598 400 ἀποπηδᾷνβὶό)
1617 365 1671 392 ἀπὸ
1689 364 1740 399 τῆς
1757 373 1806 400 μυ-

1021 412 1107 446 σαρᾶς
1117 411 1249 446 αἱρέσεως
1264 410 1318 437 τῶν
1341 410 1497 447 Ἀρειανῶν,
1514 410 1544 436 τὺ
1561 410 1598 446 μὴ
1616 409 1729 445 διαιρεῖν
1757 410 1806 445 τὴν

1020 457 1099 491 ἁγίαν
1110 457 1223 492 Τριάδα,
1240 457 1287 485 καὶ
1306 457 1396 492 λέγειν
1409 466 1435 484 τι
1447 456 1548 491 ταύτης
1562 454 1631 483 εἶναι
1647 456 1758 491 κτίσμα.
1773 457 1805 482 Ol

1019 505 1073 540 γὰρ
1085 500 1311 540 προσποιούμενοι
1325 504 1374 540 μὲν
1384 503 1526 540 ὀνομάζειν
1537 503 1587 539 τὴν
1596 502 1805 538 ὁμολογηθεῖσαν

1019 550 1048 576 ἐν
1065 549 1168 585 Νικαίᾳ
1193 549 1295 584 πίστιν,
1324 549 1476 586 τολμῶντες
1499 549 1527 576 δὲ
1553 548 1624 576 κατά
1652 548 1698 575 τοῦ
1727 549 1804 583 ἀγίου

1019 595 1178 632 Πνεύματος
1192 596 1364 632 βλασφημεῖν
1379 596 1434 632 (25)
1445 616 1453 628 ,
1468 595 1545 622 οὐδὲν
1571 595 1651 623 πλέον
1672 595 1804 628 ποιοῦσιν,

1018 641 1035 677 ἢ
1055 641 1104 678 τὴν
1126 642 1266 679 ’Δρειανὴν
1279 642 1386 678 αἵρεσιν
1409 643 1466 674 τοῖς
1484 641 1533 677 μὲν
1554 642 1672 677 ῥήμασιν
1694 641 1806 676 ἀρνοῦν-

1017 697 1072 721 ται,
1086 688 1125 724 τῷ
1139 689 1167 716 δὲ
1186 689 1337 725 φρονήματι
1351 688 1452 723 ταύτην
1466 687 1633 723 κατέχουσιν.
1657 687 1806 722 Ἀναθεμα-

1017 734 1131 768 τιζέσθω
1145 735 1172 762 δὲ
1185 735 1259 772 παρά
1270 735 1377 762 πάντων
1393 736 1409 771 ἡ
1422 734 1563 762 Σαϐελλίου
1582 735 1630 761 καὶ
1642 733 1748 760 Παύλου
1757 733 1804 760 τοῦ

1018 782 1199 817 Σαμοσατέως
1211 782 1332 814 ἀσέϐεια,
1351 782 1397 809 καὶ
1418 781 1593 808 Οὐαλεντίνου
1617 781 1663 808 καὶ
1684 780 1805 807 Βασιλεί-

1017 826 1062 854 δου
1078 827 1133 863 (26)
1148 828 1164 862 ὴ
1181 827 1265 863 μανία
1278 849 1286 861 ,
1303 827 1350 854 καὶ
1366 827 1420 854 τῶν
1442 827 1601 862 Μανιχαίων
1623 827 1639 862 ἡ
1659 835 1803 862 παραφρο-

1018 873 1084 909 σύνη
1094 882 1100 888 ·
1118 874 1218 900 τούτων
1231 874 1285 908 γὰρ
1299 873 1370 900 οὕτω
1379 873 1539 908 γινομένων,
1557 873 1631 900 πᾶσα
1646 873 1720 909 παρὰ
1737 873 1805 900 πάν-

1016 927 1069 945 των
1084 917 1186 953 ὑποψία
1200 917 1287 953 φαύλη
1304 917 1565 954 περιαιρεθήσεται,
1594 917 1640 944 καὶ
1661 917 1728 953 μόνη
1752 917 1803 953 τῆς

1015 963 1160 999 καθολικῆς
1185 963 1346 999 Ἐκκλησίας
1371 963 1488 998 ὴπίστις
1498 962 1607 999 καθαρά
1621 962 1802 999 δειχθήσεται.

1049 1009 1075 1036 4.
1094 1009 1152 1036 Ὀτι
1169 1009 1218 1044 μὲν
1230 1006 1276 1036 οὖν
1293 1009 1394 1045 ταύτην
1405 1009 1503 1045 ἔχομεν
1515 1009 1562 1044 τὴν
1577 1009 1668 1036 πίστιν
1681 1009 1761 1044 ἡμεῖς
1773 1017 1803 1036 τε

1015 1055 1062 1083 καὶ
1075 1055 1099 1081 οί
1112 1055 1155 1082 ἀεὶ
1165 1055 1224 1090 μεθ’
1238 1054 1315 1091 ἡμῶν
1323 1054 1372 1091 τὴν
1383 1054 1524 1082 κοινωνίαν
1537 1054 1693 1090 ἐσχηκότες,
1709 1054 1804 1082 οὐδένα

1014 1099 1076 1126 οὕτε
1093 1100 1169 1135 ὑμῶν
1185 1099 1240 1135 (27)
1256 1099 1312 1126 οὗθ’
1331 1100 1424 1135 ἕτερόν
1444 1108 1507 1127 τινα
1523 1100 1628 1134 ἀγνοεῖν
1650 1099 1802 1135 ἡγούμεθα.

1020 1145 1128 1181 Ἐπειδὴ
1136 1145 1163 1173 δὲ
1174 1145 1356 1181 ουγχαίρομεν
1364 1147 1420 1177 τοῖς
1429 1145 1600 1182 βουλομένοις
1609 1145 1803 1180 συνάπτεσθαι,

1015 1191 1082 1217 πᾶσι
1104 1191 1162 1227 μὲν,
1180 1190 1328 1226 ἐξαιρέτως
1342 1190 1371 1217 δὲ
1387 1192 1444 1222 τοῖς
1460 1191 1489 1218 ὲν
1512 1191 1546 1227 τῇ
1562 1191 1669 1226 Παλαιᾷ
1687 1199 1803 1225 συναγο-

1015 1237 1117 1272 μένοις,
1135 1236 1183 1263 καὶ
1198 1236 1314 1272 μάλιστα
1325 1236 1371 1263 τὸν
1388 1236 1444 1272 (28)
1455 1236 1558 1272 Κύριον
1574 1236 1750 1272 ὲδοξάσαμεν,
1765 1236 1804 1268 ὡς

1014 1283 1060 1310 ἐπὶ
1071 1284 1147 1317 πᾶσι,
1159 1283 1206 1310 καὶ
1219 1283 1265 1310 ἐπὶ
1274 1284 1306 1319 τῇ
1322 1283 1411 1320 ἀγαθῇ
1422 1283 1548 1319 προθέσει
1560 1282 1672 1310 τούτων·
1681 1291 1804 1319 παρακα-

1013 1329 1058 1356 λοῦ
1063 1338 1112 1365 μεν
1123 1329 1194 1364 ὑμᾶς
1204 1330 1249 1356 ἐπὶ
1259 1329 1363 1361 τούτοις
1372 1328 1601 1363 γίνεσθαιτούτων
1609 1329 1658 1365 τὴν
1666 1329 1802 1364 ὁμόνοιαν,

1014 1374 1061 1400 καὶ
1077 1374 1158 1409 μηδὲν
1175 1373 1276 1401 τούτων
1290 1373 1461 1406 πλέον,καθά
1470 1373 1648 1410 προείπομεν,
1660 1375 1730 1410 μήτε
1740 1375 1805 1407 τοὺς

1013 1422 1043 1448 ὲν
1058 1423 1091 1457 τῇ
1105 1421 1210 1457 Παλαιᾷ
1226 1421 1424 1457 συναγομένους
1439 1420 1612 1448 ἀπαιτεῖσθαι
1635 1422 1699 1456 παρ’
1713 1421 1803 1456 ὑμῶν,

1016 1467 1085 1503 μήτε
1099 1467 1160 1499 τοὺς
1174 1467 1239 1502 περὶ
1251 1466 1382 1494 Παυλῖνον
1406 1466 1500 1502 ἕτερόν
1517 1475 1543 1494 τι
1563 1468 1631 1502 μήτε
1650 1466 1706 1502 (29)
1721 1466 1803 1494 πλέον

1015 1513 1068 1542 τῶν
1085 1514 1114 1541 ἐν
1127 1513 1230 1550 Νικαίᾳ
1245 1512 1454 1550 προϐάλλεσθαι.

1052 1611 1078 1638 5.
1099 1610 1154 1637 Καὶ
1169 1609 1200 1636 τὸ
1225 1609 1355 1646 θρυληθὲν
1371 1609 1437 1644 γοῦν
1452 1609 1528 1645 παρά
1540 1617 1621 1636 τινων
1643 1610 1802 1642 πιττάκιον,

1016 1655 1053 1688 ὼς
1069 1657 1097 1683 ὲν
1110 1657 1143 1692 τῇ
1159 1655 1229 1682 κατὰ
1239 1655 1373 1690 Σαρδικὴν
1387 1655 1488 1691 συνόδῳ
1504 1654 1651 1690 συνταχθὲν
1670 1655 1734 1691 περὶ
1757 1656 1802 1682 πί-

1017 1710 1111 1734 στεως,
1123 1701 1241 1728 κωλύετε
1257 1701 1308 1728 κᾶν
1323 1701 1390 1733 ὅλως
1407 1700 1641 1736 ἀναγινώσκεσθαι
1662 1701 1678 1737 ἢ
1699 1701 1806 1737 προφέ-

1017 1746 1125 1781 ρεσθαι·
1140 1745 1216 1773 οὐδὲν
1230 1745 1284 1782 γὰρ
1300 1746 1418 1773 τοιοῦτον
1431 1746 1530 1782 ὥρισεν
1542 1747 1559 1782 ἡ
1576 1746 1691 1778 σύνοδος.
1711 1745 1804 1779 Ἠξίω-

1017 1801 1066 1819 σαν
1080 1791 1130 1826 μὲν
1143 1791 1197 1827 γάρ
1211 1800 1296 1824 τινες,
1318 1791 1356 1823 ὡς
1371 1791 1477 1823 ἐνδεοῦς
1491 1790 1574 1827 οὔσης
1592 1792 1647 1828 (50)
1666 1793 1714 1828 τῆς
1731 1791 1802 1818 κατὰ

1016 1838 1133 1865 Νίκαιαν
1150 1837 1270 1870 συνόδου,
1285 1837 1390 1874 γράψαι
1403 1838 1468 1873 περὶ
1478 1838 1606 1871 πίστεως,
1622 1837 1668 1865 καὶ
1691 1838 1800 1873 ἐπεχεί-

1017 1883 1103 1918 ρησάν
1115 1891 1146 1917 γε
1162 1883 1321 1919 προπετῶς·
1338 1883 1394 1919 ἠδὲ
1409 1883 1473 1918 ἁγία
1487 1883 1594 1916 σύνοδος
1610 1885 1667 1919 ήὲν
1682 1884 1800 1920 Σαρδικῇ

1017 1929 1179 1965 συναχθεῖσα
1191 1929 1376 1965 ἠγανάκτησε,
1398 1929 1446 1956 καὶ
1461 1929 1544 1965 ὥρισε
1569 1930 1652 1966 μηδὲν
1673 1930 1713 1957 ἑτι
1735 1930 1802 1966 περὶ

1016 1975 1133 2007 πίστεως
1154 1974 1317 2011 γράφεσθαι,
1335 1974 1392 2002 ἀλλ’
1417 1975 1560 2010 ἀρκεῖσθαι
1587 1977 1620 2012 τῇ
1645 1977 1673 2003 ἐν
1699 1976 1802 2012 Νικαίᾳ

1016 2020 1092 2056 παρὰ
1107 2019 1162 2047 τῶν
1185 2020 1240 2055 (51)
1263 2020 1393 2056 Πατέρων
1407 2020 1603 2057 ὁμολογηθείσῃ
1627 2021 1734 2053 πίστει,
1756 2021 1801 2048 διὰ

1016 2065 1045 2093 τὸ
1061 2065 1142 2101 μηδὲν
1158 2066 1225 2101 αὐτῇ
1237 2065 1350 2099 λείπειν,
1366 2065 1432 2093 ἀλλὰ
1449 2066 1540 2103 πλήρη
1558 2066 1699 2099 εὐσεϐείας
1719 2065 1799 2100 εἶναι,

1015 2113 1062 2139 καὶ
1073 2113 1115 2139 ὅτι
1131 2112 1168 2149 μὴ
1180 2112 1234 2139 δεῖν
1246 2112 1374 2148 δευτέραν
1387 2112 1542 2139 ἐκτίθεσθαι
1553 2112 1654 2145 πίστιν,
1672 2113 1715 2140 ἵνα
1730 2113 1766 2149 μὴ
1781 2115 1799 2150 ἡ

1016 2160 1045 2186 ἐν
1064 2159 1166 2195 Νικαίᾳ
1189 2160 1324 2194 γραφεῖσα
1345 2159 1382 2190 ὡς
1409 2159 1507 2194 ἀτελὴς
1532 2157 1598 2186 οὖσα
1613 2159 1739 2195 νομισθῇ,
1754 2160 1802 2186 καὶ

177 2207 358 2236 reputaretur,
376 2210 443 2230 neve
454 2205 562 2231 occasio
574 2205 607 2232 iis
635 2205 756 2239 daretur,
774 2206 821 2240 qui
838 2214 963 2242 saepenu-

1018 2203 1151 2239 πρόφασις
1164 2203 1227 2239 δοθῇ
1246 2205 1302 2235 τοῖς
1318 2203 1439 2230 ἐθέλουσι
1461 2204 1590 2236 πολλάκις
1611 2205 1727 2240 γράφειν
1753 2205 1800 2233 καὶ

178 2256 254 2276 mero
272 2249 306 2276 de
329 2249 381 2276 ﬁde
408 2250 528 2277 scribere
547 2258 579 2278 ac
595 2251 708 2279 deﬁnire
724 2251 827 2280 volunt.
840 2251 919 2281 Unde
938 2254 964 2282 si

177 2294 239 2329 quis
252 2294 317 2322 illud
340 2294 447 2322 aliudve
474 2302 620 2332 proponat,
643 2297 807 2332 compescite
825 2298 962 2333 homines,

213 2374 270 2408 (24)
289 2373 328 2402 Ita
341 2374 443 2410 Regius
462 2379 489 2402 et
509 2375 609 2402 caeteri.
634 2374 705 2403 Editi
720 2383 794 2409 vero,
809 2376 840 2403 τὸ
858 2377 964 2414 ἀποπη-

177 2409 269 2480 6{3&5)
289 2445 400 2481 Regius.
413 2446 574 2480 δυσφημεῖν.

214 2481 270 2522 (ﬁli)
291 2481 403 2517 Seguer.
418 2481 567 2511 Βασιλίδου.
586 2481 652 2510 Ibid.
684 2481 790 2510 articul.
807 2483 824 2519 ἡ
844 2483 920 2511 deest
935 2483 963 2512 in

179 2515 272 2595 Thali)
293 2551 338 2580 Sic
353 2552 464 2588 Regius,
481 2552 543 2590 Seg.
568 2557 596 2581 et
618 2553 702 2581 Basil.
719 2552 791 2581 Editi
807 2561 884 2588 vero,
900 2553 963 2581 οὔτε

178 2588 269 2660 υμῖἒὲ)
290 2623 391 2658 Regius
405 2624 502 2656 codex,
518 2625 565 2652 καὶ
582 2624 631 2660 ἠδη
645 2624 701 2660 τόν.
720 2623 893 2660 Moxiomnes
906 2632 965 2652 ma-

179 2659 311 2696 nuscripti
334 2660 466 2696 et‘editio
483 2659 597 2696 Comm.
615 2659 758 2696 προθέσει.
786 2659 855 2696 Edit.
876 2659 962 2696 Paris.

179 2693 335 2730 προσθέσει.
363 2693 449 2730 Paulo
466 2701 538 2730 post,
565 2693 778 2730 Segfctieditio
802 2695 908 2723 Comm.
922 2695 965 2729 γί-

179 2728 300 2762 γνεσθαι.
314 2728 351 2756 De
369 2729 411 2756 his
426 2728 487 2758 vide
504 2728 643 2760 Ruﬁnu'm,
664 2729 735 2756 Hist.
754 2730 856 2763 erdem,
877 2739 901 2758 c.
915 2730 963 2763 28,

178 2768 203 2790 et
216 2763 394 2799 Athanasium
409 2765 487 2799 epist.
506 2767 538 2792 ad
553 2765 726 2792 Ruﬁnianum
742 2765 822 2791 infra.

215 2798 328 2842 (‘29)0ha
344 2798 551 2842 Peisius:
570 2804 689 2840 vero‘et
714 2800 770 2842 alini,
794 2800 871 2842 μηδέ.
901 2800 963 2842 λίς»)

179 2832 244 2868 Rr-g.
266 2833 327 2868 Si-g.
343 2833 423 2860 Gobl.
438 2839 464 2861 et
477 2835 594 2863 Fclckm.
613 2835 728 2870 primus,
743 2832 884 2870 θρυληθέν.
901 2836 962 2864 Edi-

1015 2249 1115 2285 ὁρίζειν
1130 2250 1194 2285 περὶ
1208 2250 1335 2281 πίστεως.
1352 2250 1431 2277 Ὅθεν
1445 2249 1495 2277 κᾶν
1513 2250 1591 2278 τοῦτό
1604 2259 1655 2283 τις,
1676 2251 1692 2286 ἢ
1707 2251 1800 2286 ἕτερον

1015 2295 1209 2332 προϐάλληται,
1222 2295 1322 2322 παύετε
1335 2296 1398 2329 τοὺς
1413 2296 1559 2330 τοιούτους,
1584 2297 1633 2323 καὶ
1651 2296 1750 2332 μᾶλλον
1762 2297 1800 2323 εί-

1014 2377 1045 2409 ti.
1063 2375 1221 2412 θρυλληθέν.
1234 2375 1302 2404 lbid.
1326 2384 1421 2406 omnes
1439 2377 1629 2412 manuscripti,
1647 2377 1797 2412 πιττάκιον.

1014 2411 1103 2439 Editio
1115 2411 1222 2439 Comm.
1238 2413 1402 2444 πιπτὰκιον;
1425 2412 1512 2440 Paris.
1534 2411 1669 2439 πινάκιον.
1694 2411 1733 2438 Ea
1751 2420 1801 2439 au-

1013 2451 1067 2474 tem
1080 2447 1178 2474 tabella
1191 2447 1224 2474 de
1237 2447 1299 2480 ﬁde,
1309 2455 1356 2475 seu
1373 2447 1433 2475 ﬁdei
1442 2447 1589 2477 confessio.
1599 2447 1714 2475 habetur
1727 2447 1798 2481 apud

1014 2481 1214 2519 Theodoretum
1231 2482 1331 2519 “EAM,
1347 2490 1373 2519 ς.
1391 2483 1418 2514 8,
1436 2483 1664 2519 subjungiturrque
1676 2483 1800 2519 epistola

1013 2517 1158 2552 encyclicze
1171 2516 1275 2552 synodi‘
1287 2516 1458 2546 Sardicensis
1474 2516 1579 2552 {atque
1594 2516 1646 2545 hoc
1660 2521 1738 2552 pacto
1757 2518 1800 2545 in-

1014 2553 1099 2588 cipit:
1117 2552 1342 2588 ἀποκηρύττομεν
1367 2552 1396 2580 δὲ
1419 2553 1548 2585 ἐκείνους,
1565 2559 1617 2580 etc.
1641 2553 1680 2580 lbi
1700 2553 1800 2580 vidcsis

1013 2595 1041 2623 p.
1056 2587 1100 2615 80.
1117 2587 1274 2623 Moxieditio
1291 2588 1411 2619 Comm.,
1426 2588 1545 2620 συνόδον,
1565 2588 1645 2615 male.

1049 2623 1109 2658 (50)
1125 2622 1164 2650 Ita
1182 2622 1283 2657 Regius
1299 2631 1380 2658 quem
1397 2624 1549 2658 sequimur.
1565 2623 1637 2650 Editi
1651 2626 1679 2650 et
1695 2622 1752 2654 alii,
1762 2622 1799 2654 ὼς

1014 2655 1111 2690 ὲνδεῶξ
1122 2655 1249 2693 ἐχούσης.

1049 2693 1104 2728 (5i)
1126 2692 1172 2720 Sic
1189 2692 1344 2728 Reg.,Seg.
1371 2693 1453 2721 Basil.
1478 2700 1505 2720 et
1527 2693 1606 2721 Gobl.
1631 2692 1715 2723 Editi.
1733 2693 1798 2728 παρ’

1014 2727 1106 2761 αὐτοῦ,
1124 2728 1204 2755 male.
1230 2727 1308 2769 Infra
1328 2728 1429 2768 Regius
1443 2732 1474 2770 ,ει
1494 2728 1571 2756 Gobl.
1603 2728 1725 2790 nkﬁﬁyg._
1738 2727 1797 2754 Mox

1014 2771 1110 2790 omnes
1132 2768 1310 2790 manuscrmti
1335 2769 1362 2790 et
1385 2763 1461 2790 editi.
1483 2763 1519 2790 μὴ
1533 2764 1598 2790 δεῖν.
1614 2763 1641 2790 lu
1685 2770 1745 2790 eum
1759 2769 1797 2789 Ia-

1014 2771 1110 2791 omncs
1132 2763 1310 2799 manuscripti
1327 2769 1362 2799 iet
1385 2763 1461 2799 editi,
1482 2763 1519 2799 μὴ
1533 2764 1598 2790 δεῖν.
1614 2763 1641 2790 lu
1661 2763 1745 2799 Regio
1759 2769 1799 2799 la-

1015 2807 1075 2826 men
1101 2807 1115 2825 ν
1139 2799 1236 2834 alirasa
1250 2797 1310 2826 fuit.
1326 2798 1411 2826 Paulo
1428 2797 1500 2833 post,
1514 2797 1633 2827 'articul.
1648 2799 1664 2834 ἡ
1677 2797 1754 2825 deest
1772 2798 1799 2824 in

1014 2834 1131 2863 editione
1144 2833 1250 2861 Comm.
