1977 3039
146 149 197 179 εοι

726 149 844 178 TOMUS
861 149 906 177 AD
925 147 1177 177 ANTIOCIIENOS.

1706 149 1760 177 802

147 207 271 245 ρηνεύειν
284 206 380 239 αὑτοὺς
392 207 499 233 πείθετε
510 215 516 222 '
533 206 579 233 tul.
592 206 646 242 γὰρ
657 206 733 233 οὐδὲν
746 208 827 234 πλέον
844 207 922 234 συνεί-

981 212 1060 242 atque
1075 207 1107 234 ad
1138 206 1258 235 studium
1286 205 1360 241 pacis
1391 205 1482 241 potius
1503 206 1652 235 hortamini
1667 215 1675 235 :
1693 208 1763 236 nihil

145 254 226 289 δομεν
241 254 270 279 ὲν
282 252 384 284 τούτοις
397 252 413 288 ἢ
426 252 590 286 φιλονεικίαν
606 252 699 288 μόνην.
715 251 768 284 υῦς
781 253 836 288 γὰρ
845 253 929 288 ἐμέμ-

146 298 227 334 φοντό
252 306 322 330 τινες
340 297 377 329 ὡς
400 299 474 333 τρεῖς
498 297 626 332 λέγοντας
641 297 814 330 ὑποστάσεις,
837 298 881 324 διὰ
900 298 930 325 τὸ

145 344 285 379 ἀγράφους
297 344 342 370 καὶ
357 343 493 375 ὑπόπτους
502 343 614 370 αὐτόθεν
623 341 692 369 εῖναι
705 343 753 375 τὰς
764 343 850 376 λέξεις
861 334 928 378 (32),

144 389 299 424 ἠξιώσαμεν
316 390 364 424 μὲν
380 389 461 424 μηδὲν
473 389 552 416 πλέον
566 387 704 424 ἐπιζητεῖν
719 389 788 424 πλὴν
798 390 846 424 τῆς
860 389 930 416 κατὰ

144 436 260 463 Νίκαιαν
275 436 420 472 ὁμολογίας
431 445 437 452 ·
449 436 629 472 ἀνεκρίναμεν
640 436 667 462 δὲ
679 436 752 471 ὅμως
764 436 874 467 τούτους
886 436 930 462 διὰ

143 480 193 516 τὴν
207 470 383 516 φιλονεικίαν.
400 470 448 517 ’μὴ
474 470 521 517 ἂρ(
537 470 619 512 ὡςνοί
647 470 702 516 (53)
730 482 930 517 Ἀρειομανῖται

143 525 268 560 λέγουσιν
285 526 542 561 ἀπηλλοτριωμένας
554 526 600 553 καὶ
616 525 834 561 ἁπεξενωμένας,
850 526 929 553 ἁλλο-

143 572 310 608 τριοουσῐους
318 572 373 607 (54)
381 581 410 598 τε
423 572 552 608 ἀλλήλων,
561 572 608 598 καὶ
628 571 744 607 ἑκάστην
759 572 818 599 καθ’
831 572 931 608 ἑαυτὴν

143 617 292 644 ὑπόστασιν
305 617 482 653 διῃρημένην,
494 618 531 649 ὼς
544 617 645 645 ἐστιτὰ
658 626 687 644 τε
700 617 767 644 ἄλλα
782 618 928 653 κτίσματα,

143 663 190 690 καὶ
202 664 224 689 οἱ
242 663 270 696 ἐξ
285 662 434 699 ἀνθρώπων
449 662 628 698 γεννώμενοι·
644 662 660 698 ἢ
677 662 772 699 ὥσπερ
786 663 930 699 διαφόρους

142 708 245 740 οὐσίας,
255 708 348 744 ὥσπερ
359 709 415 735 ἐστὶ
424 709 532 744 χρυσὸς,
545 709 560 744 ἢ
572 709 700 745 ἄργυρος,
710 710 726 746 ἢ
735 710 844 745 χαλκὸς,
860 710 930 737 οὕτω

143 754 188 781 καὶ
197 754 273 780 αὑτοὶ
284 754 397 788 λέγωσιν
406 754 460 789 (55)
472 763 477 770 ·
489 754 506 790 ἢ
520 755 556 787 ὡς
567 755 640 782 ἄλλοι
650 756 782 791 αίρετικοὶ
793 757 866 792 τρεῖς
882 757 931 792 ἀρ-

142 798 192 835 χὰς
205 799 252 825 καὶ
265 800 338 835 τρεῖς
353 799 430 831 θεοὺς
442 798 650 834 λέγουσιν,οὑτω
664 801 710 827 καὶ
719 799 790 828 οὗτοι
801 801 930 837 φρονοῦν-

142 853 198 876 τες,
211 845 284 880 τρεῖς
306 845 470 876 ὑποστάσεις
496 845 594 879 λέγωσι
615 846 930 881 (56);Διε6ε6αιὼσαντο

980 254 1052 280 enint
1065 253 1093 279 in
1108 253 1168 279 istis
1186 252 1361 286 agnoscimus
1375 259 1458 286 quam
1482 252 1568 279 solum
1582 253 1762 280 cuntendeudi

980 297 1110 325 studium.
1126 296 1193 324 Nam
1213 304 1282 332 quos
1295 297 1405 332 quidam
1434 297 1605 330 incusabant,
1616 297 1688 332 quod
1703 303 1759 326 tres

980 341 1140 376 hypostases
1159 341 1290 374 dicerem,
1315 341 1379 376 quia
1393 341 1434 368 hie
1448 349 1529 369 voces
1545 349 1608 369 cum
1637 342 1664 369 iu
1688 342 1762 370 Scri-

979 391 1058 421 ptura
1069 394 1123 413 non
1138 386 1382 418 babeantur,‘ltinc
1397 391 1530 421 suspectae
1556 394 1615 414 esse
1630 391 1760 421 possunt;

980 432 1136 466 rogavimus
1152 435 1182 458 ut
1202 432 1270 458 nihil
1286 436 1381 466 praeter
1396 431 1534 459 Nicaanam
1560 431 1761 460 confessionem

980 477 1128 512 inquirant.
1142 476 1205 505 Illos
1219 468 1309 504 tamen
1322 478 1504 506 contentionis
1519 478 1662 506 occasione
1675 479 1760 506 inter-

981 524 1147 560 rogavimus,
1164 531 1236 551 anne
1251 528 1280 550 ut
1293 524 1470 552 Ariomanitaz
1488 525 1583 552 dicunt
1599 525 1762 560 ltypnstases

980 569 1041 596 illas
1063 569 1166 596 alienas
1191 568 1413 604 peregrinasque,
1430 568 1462 596 ac
1483 569 1596 597 diversa:
1610 577 1625 596 a
1648 577 1677 597 se
1693 571 1762 598 invi-

979 622 1038 643 cem
1058 615 1228 648 substantim,
1242 618 1269 641 et
1285 622 1506 650 unamquamque
1532 615 1690 650 bypostasin
1717 623 1762 643 se-

980 661 1097 689 cundum
1113 669 1142 688 se
1168 661 1202 688 ab
1226 660 1463 692 alteravdivisam,
1481 666 1511 687 ut
1532 665 1596 688 sunt
1608 661 1667 689 alite
1684 669 1762 689 crea-

980 709 1058 738 turae,
1073 713 1123 733 nec
1136 713 1190 732 non
1220 704 1266 739 qui
1285 711 1318 731 ex
1338 704 1496 732 hominibus
1524 710 1675 733 nascuntur
1695 715 1702 739 ;
1720 706 1760 733 vel

980 751 1056 786 quasi
1071 751 1191 778 diversas
1210 749 1384 782 substantias,
1398 749 1477 784 quale
1487 754 1529 777 est
1542 758 1651 783 aurum,
1665 758 1762 790 argen-

980 801 1037 824 tum
1053 801 1080 824 et
1091 804 1147 824 tes:
1167 796 1207 824 sic
1221 800 1248 823 et
1261 796 1313 831 ipsi
1329 796 1451 823 dicerent
1468 805 1474 822 :
1493 803 1526 823 an
1552 795 1623 823 sicut
1646 796 1691 823 alii
1705 797 1760 824 liae—

980 842 1067 874 retici,
1083 842 1134 869 tria
1146 842 1288 877 principia,
1301 846 1329 869 et
1348 846 1403 869 tres
1425 841 1495 869 Deos
1517 849 1577 869 esse
1600 841 1702 875 dicunt,
1716 849 1761 869 ea-

143 890 210 925 μήτε
222 877 319 923 λέγειν,
330 890 397 925 μήτε
408 877 605 925 πεφρονηιιέναι
614 877 679 918 ποτὲ
690 891 783 924 οὓτως.
794 893 922 928 Ἐρωτὼν-

981 889 1041 916 dem
1057 889 1108 924 ipsi
1117 884 1255 915 'sententia
1274 887 1443 915 afﬁrmarent
1466 891 1521 914 tres
1546 894 1607 914 esse
1632 887 1761 922 byposta-

140 942 194 961 των
204 934 232 961 δὲ
245 934 322 970 ἡμῶν
336 934 432 966 αὑτούς
440 943 447 949 ·
461 934 521 966 Πῶς
528 932 573 961 οὖν
579 935 665 963 ταῦτα
674 936 777 971 λέγετε;
787 937 803 973 ἢ
814 937 858 964 διὰ
866 938 892 964 τί
901 937 930 964 δὲ

140 979 208 1011 ὅλως
217 980 354 1012 τοιαύταις
360 981 475 1016 χρῆσθαι
484 981 649 1016 (57)λέξεσιν
662 991 668 1014 ;
685 983 875 1018 ἀπεκρίναντο,
885 984 929 1011 διὰ

140 1025 171 1052 τὸ
183 1027 223 1057 εἰς
236 1026 315 1060 ἁγίαν
331 1026 434 1062 Τριάδα
447 1027 594 1059 πιστεύειν,
621 1028 670 1054 οὑκ
692 1028 803 1063 ὀνόματι
825 1029 928 1065 Τριάδα

143 1072 232 1107 μόνον,
251 1072 308 1099 ἀλλ’
324 1072 431 1109 ἀληθῶς
443 1071 524 1100 οὖσαν
534 1075 580 1100 καὶ
593 1074 751 1108 ὑφεστῶσαν
761 1096 768 1108 ,
780 1075 887 1111 Πατέρα
896 1085 927 1103 τε

140 1118 247 1154 ἀληθῶς
254 1118 318 1145 ὄντα
328 1120 377 1146 καὶ
385 1119 536 1154 ὑφεστῶτα,
549 1120 596 1146 καὶ
606 1120 671 1147 Υἱὺν
677 1121 731 1156 (58)
738 1121 844 1157 ἀληθῶς
855 1122 931 1148 ἑνού-

140 1172 197 1191 σιον
209 1164 272 1191 ὄντα
288 1165 335 1192 καὶ
350 1165 502 1200 ὑφεστῶτα,
516 1166 563 1192 καὶ
579 1166 690 1201 Πνεῦμα
709 1167 784 1201 ἅγιον
808 1168 931 1202 ὑφεστὼς

139 1210 187 1237 καὶ
205 1210 327 1246 ὑπάρχον
340 1211 460 1246 οἴδαμεν,
477 1212 546 1247 μήτε
557 1212 585 1238 δὲ
606 1211 745 1247 εἰρηκέναι
762 1214 835 1248 τρεῖς
851 1213 928 1245 Θεοὺς

138 1256 156 1290 ἢ
171 1255 226 1291 (59)
241 1258 317 1291 τρεῖς
331 1257 428 1292 ἀρχὰς,
451 1257 513 1293 μήθ’
529 1258 597 1289 ὅλως
611 1258 756 1294 ἀνέχεσθαι
778 1258 833 1285 τῶν
849 1258 927 1286 τοῦτο

138 1300 282 1335 λεγόντων,
305 1301 322 1336 ἢ
345 1301 513 1337 φρονούντων
526 1311 532 1318 ·
559 1303 617 1330 ἀλλ’
641 1303 738 1330 είδέναι
757 1303 845 1338 τὰγίαν
875 1305 925 1341 μὲν

139 1347 252 1382 Τριάδα,
266 1348 329 1383 μίαν
344 1348 373 1374 δὲ
387 1348 510 1383 θεότητα,
525 1349 571 1375 καὶ
586 1348 642 1384 (40)
658 1349 723 1385 μίαν
747 1350 833 1386 ἀρχὴν
844 1370 852 1382 ,
878 1352 927 1378 ’καὶ

139 1395 203 1422 Υἰὸν
221 1396 269 1431 μὲν
284 1395 424 1430 όμοούσιον
441 1395 480 1432 τῷ
494 1397 591 1432 Πατρὶ,
607 1397 645 1428 ὡς
656 1394 732 1424 εἶπον
748 1398 772 1424 οῖ
795 1398 926 1437 Πατέρες,

138 1441 169 1468 τδ
180 1442 208 1468 δὲ
224 1441 300 1476 ἃγιον
311 1441 433 1477 Πνεῦμα,
446 1443 477 1469 οὑ
491 1442 603 1477 κτίσμα,
618 1443 678 1469 οὑδὲ
689 1441 772 1476 ξένον,
789 1443 846 1470 ἀλλ’
862 1445 927 1471 ῖδιον

137 1486 185 1513 καὶ
196 1487 343 1523 ἀδιαίρετον
357 1487 408 1523 τῆς
421 1487 513 1519 οὐσίας
527 1487 574 1514 τοῦ
591 1487 655 1514 Υίοῦ
670 1489 715 1515 καὶ
730 1489 776 1516 τοῦ
794 1490 910 1526 Πατρός.

980 934 1043 962 ses?
1055 933 1090 961 At
1114 933 1164 966 illi,
1178 941 1208 961 se
1225 940 1313 968 neque
1332 933 1389 961 haec
1408 933 1509 965 dicere,
1523 940 1573 960 nec
1588 940 1709 968 unquam
1723 933 1760 961 ita

979 979 1108 1012 sensisse,
1125 979 1308 1006 afﬁrmabant.
1324 978 1407 1006 Nobis
1422 982 1511 1006 autem
1525 978 1760 1013 percontantibus,

979 1026 1027 1061 qui
1039 1032 1103 1061 ergo
1117 1025 1174 1052 hinc
1184 1025 1343 1052 dicitislaut
1355 1032 1440 1060 quare
1454 1024 1560 1052 tandem
1572 1024 1761 1059 hujuscemodi

977 1071 1107 1099 vocabula
1138 1070 1292 1105 usurpatis?
1316 1070 1514 1105 responderunt
1542 1070 1606 1097 illi:
1627 1070 1664 1098 Eo
1688 1071 1761 1105 quod

982 1126 1009 1153 in
1031 1130 1153 1153 sanctam
1181 1125 1342 1153 Trinitatem
1380 1126 1534 1159 credamus,
1568 1133 1623 1153 non
1650 1126 1760 1154 nomine

981 1177 1060 1200 tenus
1081 1171 1253 1204 Trinitatem,
1268 1172 1315 1199 sed
1334 1179 1395 1207 quae
1416 1179 1480 1199 vere
1501 1172 1538 1199 sit
1555 1176 1582 1200 et
1607 1172 1757 1200 subsistat:

981 1217 1111 1244 nimirum
1123 1215 1230 1244 Patrem
1243 1223 1307 1244 vere
1322 1217 1498 1244 exsistentem
1510 1222 1535 1244 et
1550 1217 1757 1249 subsistentem,

981 1264 1079 1291 Filium
1100 1263 1164 1291 item
1187 1270 1250 1290 vere
1274 1263 1479 1290 substantialetn
1509 1270 1540 1290 ac
1553 1263 1757 1296 subsistentem,

979 1306 1164 1342 Spiritumque
1176 1310 1299 1334 sanctum
1310 1306 1503 1335 subsistentem
1526 1312 1553 1336 et
1582 1307 1758 1336 exsistentetn

974 1354 1157 1389 agnoscimus.
1173 1353 1228 1381 Nec
1239 1359 1329 1381 tamen
1343 1361 1372 1381 se
1382 1354 1484 1382 dixisse
1497 1355 1603 1382 aiebant
1617 1359 1672 1383 tres
1689 1355 1759 1383 Deos

974 1404 1020 1427 aut
1033 1400 1083 1426 tria
1098 1399 1242 1434 principia,
1259 1407 1310 1427 nec
1326 1399 1439 1427 omnino
1450 1407 1496 1427 eos
1517 1401 1564 1435 qui
1580 1401 1616 1428 ita
1635 1401 1771 1439 dicerent,

975 1447 1148 1478 sentirentve,
1167 1446 1282 1473 tolerare
1296 1453 1303 1472 :
1318 1446 1365 1473 sed
1381 1453 1411 1473 se
1436 1450 1557 1474 sanctam
1572 1447 1682 1482 quidem
1697 1447 1758 1475 Tri-

975 1491 1085 1518 nitatem
1110 1497 1268 1526 agnoscere,
1297 1497 1435 1525 unamque
1457 1485 1546 1518 tamen
1570 1492 1697 1520 deitatem
1724 1502 1757 1520 ac

137 1541 223 1561 unum
244 1535 418 1570 principium,
443 1542 476 1562 se
493 1534 592 1562 Filium
619 1535 729 1569 quidem
756 1535 830 1562 Patri
854 1537 1123 1570 consubstantialem,
1147 1540 1177 1563 ut
1201 1536 1295 1563 Patres
1321 1536 1510 1570 declararunt,
1536 1542 1661 1565 sanctum
1692 1546 1757 1566 vero

138 1579 280 1615 Spiritum,
295 1588 349 1608 non
360 1585 524 1613 creaturam,
538 1589 626 1617 neque
645 1582 761 1609 alienum
773 1602 781 1615 ,
805 1583 851 1610 sed
875 1584 1024 1619 proprium,
1037 1587 1064 1611 et
1078 1591 1093 1610 a
1108 1582 1260 1610 substantia
1273 1581 1334 1609 Filii
1351 1586 1378 1609 et
1391 1581 1480 1610 Patris
1493 1582 1650 1610 indivisum.

173 1627 200 1654 6.
221 1626 426 1662 Ἀποδεξάμενοι
438 1626 467 1653 δὲ
482 1627 583 1654 τούτων
596 1627 644 1664 τὴν
657 1627 803 1664 ἑρμηνείαν
814 1628 869 1655 τῶν
884 1629 922 1655 λέ-

1006 1630 1032 1657 6.
1046 1628 1200 1664 Approbata
1214 1628 1298 1663 igitur
1311 1627 1445 1663 ejusmodi
1462 1631 1490 1655 et
1510 1635 1608 1656 vocum
1624 1629 1756 1664 interpre-

138 1671 215 1704 ξεων,
225 1672 272 1699 καὶ
287 1672 336 1708 τὴν
347 1672 504 1707 ἀπολογίαν,
527 1673 707 1708 ἁνεκρίναμεν
727 1673 781 1708 (41)
801 1674 864 1706 τοὺς
879 1675 920 1700 αι-

136 1718 277 1750 τιαθὲντας
291 1718 366 1754 παρὰ
377 1717 489 1750 τούτων,
499 1718 536 1750 ὡς
548 1718 675 1753 λέγοντας
686 1719 750 1754 μίαν
761 1719 917 1753 ὑπόστασιν,

138 1763 176 1800 μὴ
192 1762 246 1800 ἄρα
262 1764 299 1795 ὡς
315 1763 456 1796 Σαὸέλλιος
467 1766 569 1800 φρονεῖ,
584 1764 654 1792 οὑτω
671 1766 718 1792 καὶ
732 1762 803 1792 οὗτοι
823 1765 918 1800 λέγου-

137 1817 180 1836 σιν
193 1810 238 1836 ἐπὶ
250 1809 386 1844 ἀναιρέσει
398 1809 447 1836 τοῦ
464 1809 529 1837 Υίοῦ
540 1811 586 1837 καὶ
597 1811 644 1837 τοῦ
660 1811 737 1845 ἁγίου
750 1811 917 1847 Πνεύματος,

136 1854 154 1890 ἢ
168 1855 205 1887 ὡς
221 1855 346 1886 ἀνουσίου
370 1855 445 1887 δντος
466 1855 513 1883 τοῦ
530 1856 595 1883 Υἱοῦ
607 1876 616 1889 ,
631 1856 647 1892 ἢ
673 1857 855 1884 ἀνυποστάτου
870 1857 918 1884 τοῦ

138 1902 215 1936 ἁγίου
234 1901 408 1937 Πνεύματος;
429 1902 461 1928 Οί
478 1901 506 1928 δὲ
529 1902 576 1929 καὶ
597 1903 675 1930 αὑτοὶ
695 1903 918 1931 διεσεὸαιώσαντο

139 1947 206 1981 μήτε
217 1945 296 1972 τοῦτο
306 1945 405 1980 λέγειν,
419 1946 488 1981 μήτε
498 1945 569 1972 οὑτω
585 1946 782 1982 πεφρονηκέναι
797 1946 916 1973 πώποτε·

135 1990 193 2018 ἀλλ’
210 1992 357 2018 ὑπόστασιν
374 1992 422 2027 μὲν
434 1991 559 2027 λέγομεν,
575 1992 720 2028 ἡγούμενοι
740 1993 836 2020 ταύτὸν
849 1992 917 2020 εἶναι

136 2038 222 2064 είπεῖν
239 2037 387 2064 ὑπόστασιν
412 2037 458 2064 καὶ
475 2037 587 2065 οὐσίαν·
612 2038 676 2073 μίαν
700 2038 729 2066 δὲ
755 2039 916 2074 φρονοῦμεν,

135 2083 223 2109 διὰτὸ
237 2084 268 2109 ἐκ
279 2083 328 2118 τῆς
344 2083 437 2115 οὐσίας
451 2083 497 2109 τοῦ
514 2083 620 2119 Πατρδς
630 2081 698 2110 εἶναι
711 2084 756 2110 τὸν
772 2084 835 2110 Υίὺν
845 2104 853 2117 ,
870 2085 917 2111 καὶ

135 2127 178 2155 διὰ
195 2129 244 2162 τὴν
259 2129 410 2165 ταυτότητα
424 2129 474 2163 τῆς
489 2128 594 2163 φύσεως
606 2137 613 2144 '
635 2129 698 2164 μίαν
717 2129 771 2164 γὰρ
785 2129 897 2164 θεότητα
907 2150 914 2162 ,

136 2174 182 2201 καὶ
202 2175 265 2209 μίαν
278 2171 347 2201 εἶναι
362 2174 410 2210 τὴν
421 2174 521 2210 ταύτης
534 2175 613 2208 φύσιν
629 2175 800 2210 πιστεύομεν,
812 2176 857 2202 καὶ
867 2176 916 2203 οὑκ

134 2219 217 2254 ἄλλην
228 2219 276 2254 μὲν
292 2220 341 2254 τὴν
352 2219 398 2245 τοῦ
410 2219 526 2256 Πατρὺς,
543 2219 621 2255 ξένην
639 2219 667 2246 δὲ
684 2220 776 2246 τούτου
800 2221 849 2256 τὴν
869 2221 915 2247 τοῦ

136 2264 211 2296 Υίοῦ,
225 2264 272 2291 καὶ
285 2264 333 2300 τὴν
348 2264 394 2291 τοῦ
407 2264 484 2298 ἁγίου
496 2264 660 2299 Πνεύματος.
683 2265 789 2300 Ἀμέλει
800 2266 880 2292 κάκεῖ
890 2266 914 2292 οἱ

973 1675 1074 1703 tatioue
1088 1678 1114 1701 et
1129 1672 1315 1705 excusatione,
1338 1679 1386 1699 eos
1401 1679 1509 1707 quoque
1524 1672 1754 1705 examinavimus,

972 1728 1041 1755 quos
1056 1719 1102 1747 isti
1135 1718 1312 1750 accusabant,
1325 1717 1397 1752 quod
1420 1725 1502 1745 unam
1529 1717 1650 1746 dicerent
1672 1717 1758 1754 hypo-

972 1766 1070 1798 stasin,
1085 1773 1150 1792 num
1166 1765 1186 1792 ii
1213 1765 1241 1791 in
1264 1763 1375 1791 Sabellii
1402 1770 1484 1791 sensu
1511 1763 1548 1790 ita
1571 1764 1755 1798 loquerentur,

971 1819 1025 1847 quo
1058 1811 1175 1843 Filium,
1206 1809 1391 1845 Spiritumque
1433 1813 1558 1837 sanctum
1595 1809 1629 1836 de
1668 1810 1756 1837 medio

971 1856 1096 1884 tollerent
1123 1865 1131 1883 :
1159 1863 1194 1882 an
1225 1854 1325 1882 Filium
1365 1854 1539 1887 substantia,
1568 1854 1756 1890 Spiritumque

971 1905 1094 1929 sanctum
1109 1900 1245 1937 liypostasi
1261 1907 1354 1927 carere
1381 1900 1592 1928 existimarent?
1616 1899 1667 1932 Qui
1690 1900 1754 1927 item

971 1947 1139 1975 atlirmarunt
1165 1954 1195 1974 se
1221 1953 1309 1981 neque
1341 1946 1393 1973 hoc
1424 1946 1514 1973 dicere
1549 1954 1598 1973 nec
1634 1953 1752 1980 unquam

971 1994 1008 2021 ita
1040 1993 1174 2026 sensisse;
1202 1992 1248 2020 sed
1275 1991 1443 2027 bypostasin,
1477 1991 1593 2022 aiebant,
1624 1991 1753 2022 dicimus,

970 2039 1157 2067 existimantes
1175 2036 1287 2072 perinde
1307 2044 1368 2064 esse
1385 2036 1474 2064 dicere
1499 2036 1656 2072 hypostasin
1672 2041 1753 2071 atque

969 2085 1059 2113 dicere
1073 2084 1253 2112 substantiam
1279 2090 1442 2118 :unamque
1465 2083 1601 2110 credimus
1626 2082 1753 2117 hyposta-

970 2131 1011 2158 sin
1026 2138 1058 2158 eo
1069 2131 1141 2165 quod
1156 2129 1241 2157 Filius
1257 2129 1293 2156 sit
1308 2137 1341 2156 ex
1357 2129 1509 2157 substantia
1525 2128 1623 2161 Patris,
1638 2135 1664 2155 et
1680 2128 1751 2163 quod

970 2185 1023 2204 una
1038 2177 1186 2211 eademque
1196 2176 1232 2204 sit
1247 2180 1353 2202 ttatura.
1367 2174 1454 2202 Unam
1468 2176 1566 2210 quippe
1576 2175 1713 2206 deitatem,
1724 2179 1751 2200 et

969 2231 1050 2250 unam
1064 2223 1123 2258 ejus
1137 2228 1262 2250 naturam
1281 2230 1341 2251 esse
1357 2222 1492 2250 credimus
1508 2229 1515 2248 :
1531 2229 1579 2248 nec
1596 2221 1675 2248 aliam
1692 2220 1750 2255 qni-

969 2269 1030 2298 dem
1050 2269 1148 2300 Patris.
1164 2270 1278 2297 alienam
1294 2274 1383 2297 autem
1400 2269 1433 2296 ab
1446 2268 1492 2295 illo
1505 2267 1566 2294 Filii
1581 2275 1612 2295 ac
1632 2266 1751 2301 Spiritus

135 2309 301 2341 αἱτιαθέντες
317 2310 354 2341 ὠς
379 2310 519 2345 είρηκότες
535 2311 609 2345 τρεῖς
631 2310 792 2342 ὑποστάσεις
813 2311 917 2338 συνετί-

976 2316 1055 2344 sancti
1068 2316 1247 2343 substantiam
1276 2316 1419 2342 sentimus.
1436 2314 1513 2341 Tunc
1528 2321 1592 2340 sane
1605 2312 1651 2347 qui
1664 2320 1744 2339 accu-

135 2354 211 2381 θεντο
225 2354 279 2390 (42)
292 2354 412 2386 τούτοις·
430 2355 478 2381 καὶ
496 2355 572 2381 αὑτοὶ
595 2355 623 2381 δὲ
644 2356 667 2381 οἱ
685 2356 825 2391 εἰρηκότες
852 2358 916 2393 μίαν

134 2399 228 2426 οὐσίαν
236 2399 269 2426 τὰ
277 2400 387 2426 ἐκείνων
397 2399 490 2435 ὥσπερ
502 2401 674 2436 ήρμήνευσαν
684 2402 730 2428 καὶ
742 2402 896 2437 ὡμολόγουν
907 2423 915 2436 ,

172 2498 227 2533 (3‘2)
247 2498 360 2533 Regium
380 2498 425 2526 hic
438 2498 586 2533 sequimur.
601 2497 672 2526 Editi
691 2504 717 2526 et
732 2500 776 2527 alii
802 2501 841 2528 sic
867 2501 915 2528 ha-

967 2360 1017 2387 sati
1044 2359 1161 2390 fuerant,
1177 2359 1249 2394 quod
1269 2364 1325 2386 tres
1352 2359 1484 2386 dixissent
1498 2358 1667 2393 bypostases,
1684 2365 1746 2383 cum

967 2406 1027 2434 istis
1038 2406 1264 2434 consentiebant:
1281 2405 1298 2432 ii
1312 2410 1401 2433 autem
1426 2404 1472 2440 qui
1499 2411 1581 2431 unam
1605 2410 1665 2430 esse
1681 2403 1747 2431 sul»

1001 2503 1056 2538 (56)
1077 2501 1139 2538 Seg.
1164 2502 1240 2530 Gobl.
1266 2506 1293 2530 et
1318 2501 1437 2530 Felckm.
1462 2502 1491 2535 l,
1514 2500 1632 2535 λέγουσι,
1654 2500 1747 2528 minus

135 2533 209 2571 beut,
227 2532 365 2571 Ἐντεῦθεν
391 2532 460 2571 εἶναι
477 2532 534 2571 τὰς
554 2533 654 2571 λέξεις,
679 2534 806 2571 ἠξιοῦμεν
833 2536 914 2571 μηδὲν

976 2532 1046 2565 ‘ecte.

135 2567 214 2594 πλέον
231 2568 367 2603 ἐπιζητεῖν
388 2569 438 2603 τῆς
461 2568 533 2594 κατὰ
553 2569 670 2595 Νίκαιαν
684 2567 914 2605 ὀμολὸγίαςξᾶνα-

135 2603 238 2628 κρίνειν
251 2602 279 2628 δὲ
290 2604 373 2628 ὅμως.

135 2610 238 2637 κρινειν
251 2610 279 2628 οε
290 2612 304 2629 ο

1001 2572 1055 2608 (57)
1076 2572 1136 2607 Seg.
1153 2577 1180 2599 et
1195 2572 1272 2600 Gobl.
1287 2570 1493 2608 χρᾶσθετΕὰξιί,
1503 2570 1623 2608 -χρῆσρε,

1009 2605 1060 2643 58)
1074 2605 1127 2634 Καῗ
1143 2612 1204 2634 ante
1226 2605 1384 2643 Yiév'V'deest
1399 2607 1425 2632 in
1443 2605 1521 2643 Gobl.
1536 2605 1563 2632 et
1580 2605 1698 2632 Felckm.
1716 2605 1743 2632 l.

174 2611 238 2628 ινειν
251 2611 279 2628 οε
290 2612 304 2629 ο
326 2612 373 2635 ως.

172 2637 233 2676 (55_)_
248 2612 406 2676 Sicjlcgius
416 2637 514 2676 codex:
530 2638 561 2676 In
572 2639 655 2676 editis
664 2643 690 2676 et
698 2640 817 2676 caeteris,
826 2640 849 2666 οί
865 2641 912 2667 de-

995 2611 1053 2668 }58)
1074 2611 1127 2634 Καί
1143 2612 1204 2634 ante
1230 2611 1289 2633 I'tév
1308 2611 1384 2634 deest
1399 2613 1425 2632 tn
1443 2611 1482 2632 tio

976 2651 991 2668 n
1007 2651 1034 2669 ra
1049 2642 1110 2673 Seg.
1125 2643 1275 2676 ὑφεστηκὸς
1285 2649 1334 2676 pro
1351 2641 1485 2675 ὑφεστὼς.

133 2677 185 2699 est.
211 2671 270 2699 Mox
278 2671 398 2708 _Begius,
414 2673 475 2707 Seg.
494 2673 572 2700 Gobl.
587 2679 613 2700 et
635 2673 751 2700 Felcknt.
770 2675 797 2706 5,
811 2675 909 2708 λέγοι,-

135 2715 162 2733 σι
176 2712 257 2734 recte.
278 2706 348 2734 Editi
371 2706 571 2742 vermis-{tuan
597 2709 624 2736 In
653 2714 807 2742 sequentem
821 2706 910 2738 autem

134 2750 239 2778 vocem,
253 2742 513 2778 γάπηλλοτριωμένας
527 2743 626 2778 Regius
642 2743 749 2771 desiuit.

170 2777 226 2811 (34)
244 2777 289 2805 Sic
303 2777 413 2812 Seguer.
432 2779 503 2806 Editi
519 2777 582 2806 vero
597 2783 623 2806 et
642 2779 741 2812 caeteri,
755 2779 910 2815 ἅλλοτριου-

135 2812 220 2843 σίους.

171 2847 226 2880 (55)
247 2846 309 2883 Seg.
325 2847 457 2882 λέγουσιν.

1000 2677 1055 2710 (59)
1078 2678 1113 2703 Ἤ
1130 2675 1205 2704 deest
1218 2675 1244 2704 in
1260 2675 1323 2703 edit.
1340 2675 1445 2703 Comm.
1460 2679 1576 2702 tantum.

998 2711 1053 2746 (40)
1075 2712 1120 2738 Sic
1140 2711 1202 2746 Seg.
1216 2716 1242 2738 et
1256 2711 1339 2738 Basil.
1356 2711 1402 2737 καί
1413 2711 1492 2746 deest
1507 2711 1534 2737 in
1551 2709 1641 2738 editis.

997 2743 1051 2782 (41)
1074 2746 1119 2773 Sic
1135 2743 1195 2781 Seg.
1215 2746 1295 2782 Basil.
1312 2751 1338 2782 et
1351 2745 1429 2782 Gobl.
1447 2745 1523 2782 ΔΕιέίιῇ
1544 2753 1617 2782 vero,
1635 2743 1745 2780 ἀνεκρί-

960 2778 1050 2816 νομεν,
1071 2778 1207 2816 mendose.
1225 2781 1294 2808 infra
1313 2780 1460 2816 contum
1476 2778 1520 2816 ἆρ’
1539 2780 1587 2812 ὡς.

995 2816 1051 2852 (42)
1072 2816 1116 2843 Sic
1134 2815 1196 2851 Seg.
1217 2816 1298 2848 Editi,
1317 2815 1492 2842 συνετίθοντο.
