  <div class='ocr_page' id='page_1' title='image "/cluster/home/n/w/nwhite01/storage/ocr_20150623/26/njp.32101077772521/407.png"; bbox 0 0 1977 3039; ppageno 0'>
   <div class='ocr_carea' id='block_1_1' title="bbox 194 142 262 170">
    <p class='ocr_par' dir='ltr' id='par_1_1' title="bbox 194 142 262 170">
     <span class='ocr_line' id='line_1_1' title="bbox 194 142 262 170; baseline 0 0"><span class='ocrx_word' id='word_1_1' title='bbox 194 142 247 170; x_wconf 79' lang='grc'><strong>805</strong></span> <span class='ocrx_word' id='word_1_2' title='bbox 259 156 262 159; x_wconf 61' lang='grc' dir='ltr'><strong>λ</strong></span> 
     </span>
    </p>
   </div>
   <div class='ocr_carea' id='block_1_2' title="bbox 475 135 1500 168">
    <p class='ocr_par' dir='ltr' id='par_1_2' title="bbox 475 135 1500 168">
     <span class='ocr_line' id='line_1_2' title="bbox 475 135 1500 168; baseline -0.005 -1"><span class='ocrx_word' id='word_1_3' title='bbox 475 140 504 168; x_wconf 87' lang='lat' dir='ltr'><strong>S.</strong></span> <span class='ocrx_word' id='word_1_4' title='bbox 523 139 709 167; x_wconf 73' lang='lat' dir='ltr'><strong>ATHANASII</strong></span> <span class='ocrx_word' id='word_1_5' title='bbox 729 138 804 167; x_wconf 84' lang='lat' dir='ltr'><strong>OPP.</strong></span> <span class='ocrx_word' id='word_1_6' title='bbox 824 137 915 165; x_wconf 84' lang='lat' dir='ltr'><strong>PARS</strong></span> <span class='ocrx_word' id='word_1_7' title='bbox 932 137 952 166; x_wconf 91' lang='lat' dir='ltr'><strong>I.</strong></span> <span class='ocrx_word' id='word_1_8' title='bbox 971 152 1005 157; x_wconf 89' lang='lat'><strong>—</strong></span> <span class='ocrx_word' id='word_1_9' title='bbox 1024 135 1209 164; x_wconf 76' lang='lat' dir='ltr'><strong>HISTOBICA</strong></span> <span class='ocrx_word' id='word_1_10' title='bbox 1230 135 1274 163; x_wconf 81' lang='lat' dir='ltr'><strong>ET</strong></span> <span class='ocrx_word' id='word_1_11' title='bbox 1294 135 1500 163; x_wconf 73' lang='lat' dir='ltr'><strong>DOGMATICA.</strong></span> 
     </span>
    </p>
   </div>
   <div class='ocr_carea' id='block_1_3' title="bbox 1748 135 1800 163">
    <p class='ocr_par' dir='ltr' id='par_1_3' title="bbox 1748 135 1800 163">
     <span class='ocr_line' id='line_1_3' title="bbox 1748 135 1800 163; baseline 0 0"><span class='ocrx_word' id='word_1_12' title='bbox 1748 135 1800 163; x_wconf 77' lang='grc'><strong>804</strong></span> 
     </span>
    </p>
   </div>
   <div class='ocr_carea' id='block_1_4' title="bbox 196 191 977 230">
    <p class='ocr_par' dir='ltr' id='par_1_4' title="bbox 196 196 976 230">
     <span class='ocr_line' id='line_1_4' title="bbox 196 196 976 230; baseline -0.006 -4"><span class='ocrx_word' id='word_1_13' title='bbox 196 199 323 227; x_wconf 85' lang='lat' dir='ltr'><strong>stantiam</strong></span> <span class='ocrx_word' id='word_1_14' title='bbox 350 197 486 229; x_wconf 74' lang='lat' dir='ltr'><strong>dixerant,</strong></span> <span class='ocrx_word' id='word_1_15' title='bbox 499 197 608 224; x_wconf 89' lang='lat' dir='ltr'><strong>illorum</strong></span> <span class='ocrx_word' id='word_1_16' title='bbox 640 196 805 228; x_wconf 80' lang='lat' dir='ltr'><strong>doctrinam,</strong></span> <span class='ocrx_word' id='word_1_17' title='bbox 820 199 901 230; x_wconf 88' lang='lat' dir='ltr'><strong>prout</strong></span> <span class='ocrx_word' id='word_1_18' title='bbox 916 202 976 222; x_wconf 87' lang='lat' dir='ltr'><strong>eam</strong></span> 
     </span>
    </p>
   </div>
   <div class='ocr_carea' id='block_1_5' title="bbox 1029 191 1810 230">
    <p class='ocr_par' dir='ltr' id='par_1_5' title="bbox 1029 191 1810 228">
     <span class='ocr_line' id='line_1_5' title="bbox 1029 191 1810 228; baseline -0.004 -8"><span class='ocrx_word' id='word_1_19' title='bbox 1029 194 1074 220; x_wconf 73' lang='grc' dir='ltr'><strong>καὶ</strong></span> <span class='ocrx_word' id='word_1_20' title='bbox 1104 192 1312 228; x_wconf 79' lang='grc' dir='ltr'>ἀνεθεματίζετο</span> <span class='ocrx_word' id='word_1_21' title='bbox 1346 192 1412 227; x_wconf 85' lang='grc' dir='ltr'>παρ’</span> <span class='ocrx_word' id='word_1_22' title='bbox 1439 191 1600 227; x_wconf 77' lang='grc' dir='ltr'><strong>ἀμφοτέρων</strong></span> <span class='ocrx_word' id='word_1_23' title='bbox 1632 191 1686 217; x_wconf 78' lang='grc' dir='ltr'><strong>τῶν</strong></span> <span class='ocrx_word' id='word_1_24' title='bbox 1719 191 1810 227; x_wconf 80' lang='grc' dir='ltr'><strong>μερῶν</strong></span> 
     </span>
    </p>
   </div>
   <div class='ocr_carea' id='block_1_6' title="bbox 198 241 978 279">
    <p class='ocr_par' dir='ltr' id='par_1_6' title="bbox 198 241 978 279">
     <span class='ocr_line' id='line_1_6' title="bbox 198 241 978 279; baseline -0.006 -7"><span class='ocrx_word' id='word_1_25' title='bbox 198 244 366 279; x_wconf 85' lang='lat' dir='ltr'><strong>interpretati</strong></span> <span class='ocrx_word' id='word_1_26' title='bbox 406 242 524 274; x_wconf 79' lang='lat' dir='ltr'><strong>fuerant,</strong></span> <span class='ocrx_word' id='word_1_27' title='bbox 552 241 749 276; x_wconf 78' lang='lat' dir='ltr'><strong>proﬁtebantur</strong></span> <span class='ocrx_word' id='word_1_28' title='bbox 776 250 783 268; x_wconf 90' lang='lat'><strong>:</strong></span> <span class='ocrx_word' id='word_1_29' title='bbox 814 245 841 268; x_wconf 90' lang='lat' dir='ltr'><strong>et</strong></span> <span class='ocrx_word' id='word_1_30' title='bbox 869 241 978 275; x_wconf 78' lang='lat' dir='ltr'><strong>utrique</strong></span> 
     </span>
    </p>
   </div>
   <div class='ocr_carea' id='block_1_7' title="bbox 198 287 979 324">
    <p class='ocr_par' dir='ltr' id='par_1_7' title="bbox 198 287 979 324">
     <span class='ocr_line' id='line_1_7' title="bbox 198 287 979 324; baseline -0.005 -7"><span class='ocrx_word' id='word_1_31' title='bbox 198 291 290 318; x_wconf 76' lang='lat' dir='ltr'><strong>Arium</strong></span> <span class='ocrx_word' id='word_1_32' title='bbox 309 295 436 324; x_wconf 79' lang='lat' dir='ltr'><strong>tanquam</strong></span> <span class='ocrx_word' id='word_1_33' title='bbox 452 288 554 315; x_wconf 84' lang='lat' dir='ltr'><strong>Christi</strong></span> <span class='ocrx_word' id='word_1_34' title='bbox 572 289 689 320; x_wconf 86' lang='lat' dir='ltr'><strong>hostem,</strong></span> <span class='ocrx_word' id='word_1_35' title='bbox 707 287 854 314; x_wconf 90' lang='lat' dir='ltr'><strong>Sabellium</strong></span> <span class='ocrx_word' id='word_1_36' title='bbox 870 287 932 313; x_wconf 84' lang='lat' dir='ltr'><strong>item</strong></span> <span class='ocrx_word' id='word_1_37' title='bbox 946 294 979 313; x_wconf 90' lang='lat' dir='ltr'><strong>ac</strong></span> 
     </span>
    </p>
   </div>
   <div class='ocr_carea' id='block_1_8' title="bbox 196 332 977 367">
    <p class='ocr_par' dir='ltr' id='par_1_8' title="bbox 196 332 977 367">
     <span class='ocr_line' id='line_1_8' title="bbox 196 332 977 367; baseline -0.004 -5"><span class='ocrx_word' id='word_1_38' title='bbox 196 336 309 363; x_wconf 86' lang='lat' dir='ltr'><strong>Paulum</strong></span> <span class='ocrx_word' id='word_1_39' title='bbox 333 335 554 362; x_wconf 79' lang='lat' dir='ltr'><strong>Samosatensem</strong></span> <span class='ocrx_word' id='word_1_40' title='bbox 580 334 652 360; x_wconf 87' lang='lat' dir='ltr'><strong>velut</strong></span> <span class='ocrx_word' id='word_1_41' title='bbox 677 333 788 367; x_wconf 87' lang='lat' dir='ltr'><strong>impios,</strong></span> <span class='ocrx_word' id='word_1_42' title='bbox 804 332 977 360; x_wconf 75' lang='lat' dir='ltr'><strong>Valentinum</strong></span> 
     </span>
    </p>
   </div>
   <div class='ocr_carea' id='block_1_9' title="bbox 198 379 978 412">
    <p class='ocr_par' dir='ltr' id='par_1_9' title="bbox 198 379 978 412">
     <span class='ocr_line' id='line_1_9' title="bbox 198 379 978 412; baseline -0.003 -4"><span class='ocrx_word' id='word_1_43' title='bbox 198 386 224 408; x_wconf 86' lang='lat' dir='ltr'><strong>ct</strong></span> <span class='ocrx_word' id='word_1_44' title='bbox 238 381 380 408; x_wconf 88' lang='lat' dir='ltr'><strong>Basilidem</strong></span> <span class='ocrx_word' id='word_1_45' title='bbox 392 384 426 407; x_wconf 73' lang='lat' dir='ltr'><strong>ut</strong></span> <span class='ocrx_word' id='word_1_46' title='bbox 439 380 542 407; x_wconf 86' lang='lat' dir='ltr'><strong>alienos</strong></span> <span class='ocrx_word' id='word_1_47' title='bbox 558 387 574 406; x_wconf 88' lang='lat' dir='ltr'><strong>a</strong></span> <span class='ocrx_word' id='word_1_48' title='bbox 589 380 712 412; x_wconf 85' lang='lat' dir='ltr'><strong>veritate,</strong></span> <span class='ocrx_word' id='word_1_49' title='bbox 723 379 899 406; x_wconf 74' lang='lat' dir='ltr'><strong>Manichaeum</strong></span> <span class='ocrx_word' id='word_1_50' title='bbox 914 385 978 406; x_wconf 83' lang='lat' dir='ltr'><strong>vero</strong></span> 
     </span>
    </p>
   </div>
   <div class='ocr_carea' id='block_1_10' title="bbox 199 424 976 457">
    <p class='ocr_par' dir='ltr' id='par_1_10' title="bbox 199 424 976 457">
     <span class='ocr_line' id='line_1_10' title="bbox 199 424 976 457; baseline -0.004 -4"><span class='ocrx_word' id='word_1_51' title='bbox 199 431 229 453; x_wconf 89' lang='lat' dir='ltr'><strong>ut</strong></span> <span class='ocrx_word' id='word_1_52' title='bbox 247 426 380 453; x_wconf 83' lang='lat' dir='ltr'><strong>malorum</strong></span> <span class='ocrx_word' id='word_1_53' title='bbox 406 426 586 457; x_wconf 82' lang='lat' dir='ltr'><strong>inventorem,</strong></span> <span class='ocrx_word' id='word_1_54' title='bbox 614 425 786 451; x_wconf 78' lang='lat' dir='ltr'><strong>anathemate</strong></span> <span class='ocrx_word' id='word_1_55' title='bbox 803 424 976 451; x_wconf 87' lang='lat' dir='ltr'><strong>damnarunt.</strong></span> 
     </span>
    </p>
   </div>
   <div class='ocr_carea' id='block_1_11' title="bbox 197 469 979 507">
    <p class='ocr_par' dir='ltr' id='par_1_11' title="bbox 197 469 979 507">
     <span class='ocr_line' id='line_1_11' title="bbox 197 469 979 507; baseline -0.005 -7"><span class='ocrx_word' id='word_1_56' title='bbox 197 472 299 500; x_wconf 82' lang='lat' dir='ltr'><strong>Omnes</strong></span> <span class='ocrx_word' id='word_1_57' title='bbox 314 473 441 507; x_wconf 82' lang='lat' dir='ltr'><strong>denique,</strong></span> <span class='ocrx_word' id='word_1_58' title='bbox 456 471 502 499; x_wconf 93' lang='lat' dir='ltr'><strong>Dei</strong></span> <span class='ocrx_word' id='word_1_59' title='bbox 521 471 617 506; x_wconf 78' lang='lat' dir='ltr'><strong>gratia,</strong></span> <span class='ocrx_word' id='word_1_60' title='bbox 634 475 696 505; x_wconf 90' lang='lat' dir='ltr'><strong>post</strong></span> <span class='ocrx_word' id='word_1_61' title='bbox 719 469 874 505; x_wconf 87' lang='lat' dir='ltr'><strong>hujusmodi</strong></span> <span class='ocrx_word' id='word_1_62' title='bbox 894 469 979 496; x_wconf 88' lang='lat' dir='ltr'><strong>inter-</strong></span> 
     </span>
    </p>
   </div>
   <div class='ocr_carea' id='block_1_12' title="bbox 199 514 978 552">
    <p class='ocr_par' dir='ltr' id='par_1_12' title="bbox 199 514 978 552">
     <span class='ocr_line' id='line_1_12' title="bbox 199 514 978 552; baseline -0.004 -7"><span class='ocrx_word' id='word_1_63' title='bbox 199 517 376 552; x_wconf 85' lang='lat' dir='ltr'><strong>pretationes,</strong></span> <span class='ocrx_word' id='word_1_64' title='bbox 397 524 452 544; x_wconf 90' lang='lat' dir='ltr'><strong>una</strong></span> <span class='ocrx_word' id='word_1_65' title='bbox 474 517 637 543; x_wconf 88' lang='lat' dir='ltr'><strong>conlitentur</strong></span> <span class='ocrx_word' id='word_1_66' title='bbox 659 515 814 542; x_wconf 79' lang='lat' dir='ltr'><strong>istiusmodi</strong></span> <span class='ocrx_word' id='word_1_67' title='bbox 839 514 978 542; x_wconf 86' lang='lat' dir='ltr'><strong>vocabulis</strong></span> 
     </span>
    </p>
   </div>
   <div class='ocr_carea' id='block_1_13' title="bbox 197 561 977 597">
    <p class='ocr_par' dir='ltr' id='par_1_13' title="bbox 197 561 977 597">
     <span class='ocr_line' id='line_1_13' title="bbox 197 561 977 597; baseline -0.003 -8"><span class='ocrx_word' id='word_1_68' title='bbox 197 563 413 597; x_wconf 67' lang='lat' dir='ltr'><strong>praestantiorem</strong></span> <span class='ocrx_word' id='word_1_69' title='bbox 440 562 691 596; x_wconf 81' lang='lat' dir='ltr'><strong>accuratioremque</strong></span> <span class='ocrx_word' id='word_1_70' title='bbox 703 561 786 596; x_wconf 69' lang='lat'><strong>618</strong></span> <span class='ocrx_word' id='word_1_71' title='bbox 812 569 872 589; x_wconf 83' lang='lat' dir='ltr'><strong>esse</strong></span> <span class='ocrx_word' id='word_1_72' title='bbox 898 561 977 588; x_wconf 82' lang='lat' dir='ltr'><strong>iidem</strong></span> 
     </span>
    </p>
   </div>
   <div class='ocr_carea' id='block_1_14' title="bbox 198 607 978 643">
    <p class='ocr_par' dir='ltr' id='par_1_14' title="bbox 198 607 978 643">
     <span class='ocr_line' id='line_1_14' title="bbox 198 607 978 643; baseline -0.004 -7"><span class='ocrx_word' id='word_1_73' title='bbox 198 617 212 635; x_wconf 87' lang='lat' dir='ltr'><strong>a</strong></span> <span class='ocrx_word' id='word_1_74' title='bbox 240 608 367 636; x_wconf 84' lang='lat' dir='ltr'><strong>Patribus</strong></span> <span class='ocrx_word' id='word_1_75' title='bbox 388 607 483 634; x_wconf 61' lang='lat' dir='ltr'><strong>Nicaea:</strong></span> <span class='ocrx_word' id='word_1_76' title='bbox 524 608 738 643; x_wconf 78' lang='lat' dir='ltr'><strong>promulgatam;</strong></span> <span class='ocrx_word' id='word_1_77' title='bbox 763 613 843 642; x_wconf 89' lang='lat' dir='ltr'><strong>atque</strong></span> <span class='ocrx_word' id='word_1_78' title='bbox 869 607 978 634; x_wconf 88' lang='lat' dir='ltr'><strong>demum</strong></span> 
     </span>
    </p>
   </div>
   <div class='ocr_carea' id='block_1_15' title="bbox 198 651 978 686">
    <p class='ocr_par' dir='ltr' id='par_1_15' title="bbox 198 651 978 686">
     <span class='ocr_line' id='line_1_15' title="bbox 198 651 978 686; baseline -0.001 -7"><span class='ocrx_word' id='word_1_79' title='bbox 198 653 270 680; x_wconf 89' lang='lat' dir='ltr'><strong>illius</strong></span> <span class='ocrx_word' id='word_1_80' title='bbox 289 653 370 679; x_wconf 85' lang='lat' dir='ltr'><strong>verba</strong></span> <span class='ocrx_word' id='word_1_81' title='bbox 386 651 509 680; x_wconf 77' lang='lat' dir='ltr'><strong>sullicere</strong></span> <span class='ocrx_word' id='word_1_82' title='bbox 527 652 636 683; x_wconf 89' lang='lat' dir='ltr'><strong>debere,</strong></span> <span class='ocrx_word' id='word_1_83' title='bbox 654 652 740 686; x_wconf 81' lang='lat' dir='ltr'><strong>iisque</strong></span> <span class='ocrx_word' id='word_1_84' title='bbox 764 652 892 678; x_wconf 89' lang='lat' dir='ltr'><strong>utendum</strong></span> <span class='ocrx_word' id='word_1_85' title='bbox 907 659 978 678; x_wconf 85' lang='lat' dir='ltr'><strong>esse.</strong></span> 
     </span>
    </p>
   </div>
   <div class='ocr_carea' id='block_1_16' title="bbox 234 696 979 725">
    <p class='ocr_par' dir='ltr' id='par_1_16' title="bbox 234 696 979 725">
     <span class='ocr_line' id='line_1_16' title="bbox 234 696 979 725; baseline 0 -2"><span class='ocrx_word' id='word_1_86' title='bbox 234 698 260 725; x_wconf 89' lang='lat'><strong>7.</strong></span> <span class='ocrx_word' id='word_1_87' title='bbox 277 697 329 724; x_wconf 91' lang='lat' dir='ltr'><strong>Sed</strong></span> <span class='ocrx_word' id='word_1_88' title='bbox 363 705 423 724; x_wconf 92' lang='lat' dir='ltr'><strong>cum</strong></span> <span class='ocrx_word' id='word_1_89' title='bbox 454 698 534 724; x_wconf 88' lang='lat' dir='ltr'><strong>etiam</strong></span> <span class='ocrx_word' id='word_1_90' title='bbox 549 697 583 724; x_wconf 88' lang='lat' dir='ltr'><strong>de</strong></span> <span class='ocrx_word' id='word_1_91' title='bbox 602 696 752 724; x_wconf 84' lang='lat' dir='ltr'><strong>Salvatoris</strong></span> <span class='ocrx_word' id='word_1_92' title='bbox 793 697 979 724; x_wconf 77' lang='lat' dir='ltr'><strong>incarnatione</strong></span> 
     </span>
    </p>
   </div>
   <div class='ocr_carea' id='block_1_17' title="bbox 198 743 979 778">
    <p class='ocr_par' dir='ltr' id='par_1_17' title="bbox 198 743 979 778">
     <span class='ocr_line' id='line_1_17' title="bbox 198 743 979 778; baseline -0.003 -7"><span class='ocrx_word' id='word_1_93' title='bbox 198 743 321 773; x_wconf 85' lang='lat' dir='ltr'><strong>nonnulli</strong></span> <span class='ocrx_word' id='word_1_94' title='bbox 338 743 407 770; x_wconf 86' lang='lat' dir='ltr'><strong>inter</strong></span> <span class='ocrx_word' id='word_1_95' title='bbox 419 751 448 771; x_wconf 88' lang='lat' dir='ltr'><strong>se</strong></span> <span class='ocrx_word' id='word_1_96' title='bbox 472 743 577 778; x_wconf 78' lang='lat' dir='ltr'><strong>litigare</strong></span> <span class='ocrx_word' id='word_1_97' title='bbox 599 743 767 774; x_wconf 84' lang='lat' dir='ltr'><strong>viderentur,</strong></span> <span class='ocrx_word' id='word_1_98' title='bbox 791 747 922 777; x_wconf 90' lang='lat' dir='ltr'><strong>utrosque</strong></span> <span class='ocrx_word' id='word_1_99' title='bbox 938 743 979 769; x_wconf 94' lang='lat' dir='ltr'><strong>in-</strong></span> 
     </span>
    </p>
   </div>
   <div class='ocr_carea' id='block_1_18' title="bbox 199 788 980 823">
    <p class='ocr_par' dir='ltr' id='par_1_18' title="bbox 199 788 980 823">
     <span class='ocr_line' id='line_1_18' title="bbox 199 788 980 823; baseline -0.001 -7"><span class='ocrx_word' id='word_1_100' title='bbox 199 789 417 823; x_wconf 70' lang='lat' dir='ltr'><strong>terrogavimus:</strong></span> <span class='ocrx_word' id='word_1_101' title='bbox 433 793 490 815; x_wconf 93' lang='lat' dir='ltr'><strong>tum</strong></span> <span class='ocrx_word' id='word_1_102' title='bbox 503 789 575 823; x_wconf 90' lang='lat' dir='ltr'><strong>quod</strong></span> <span class='ocrx_word' id='word_1_103' title='bbox 598 789 643 815; x_wconf 89' lang='lat' dir='ltr'><strong>alii</strong></span> <span class='ocrx_word' id='word_1_104' title='bbox 656 788 864 820; x_wconf 78' lang='lat' dir='ltr'><strong>conﬁtebantur,</strong></span> <span class='ocrx_word' id='word_1_105' title='bbox 881 789 908 815; x_wconf 92' lang='lat' dir='ltr'><strong>in</strong></span> <span class='ocrx_word' id='word_1_106' title='bbox 928 788 980 815; x_wconf 89' lang='lat' dir='ltr'><strong>hoc</strong></span> 
     </span>
    </p>
   </div>
   <div class='ocr_carea' id='block_1_19' title="bbox 197 834 980 869">
    <p class='ocr_par' dir='ltr' id='par_1_19' title="bbox 197 834 980 869">
     <span class='ocr_line' id='line_1_19' title="bbox 197 834 980 869; baseline -0.001 -8"><span class='ocrx_word' id='word_1_107' title='bbox 197 835 242 861; x_wconf 84' lang='lat' dir='ltr'><strong>alii</strong></span> <span class='ocrx_word' id='word_1_108' title='bbox 256 842 363 869; x_wconf 87' lang='lat' dir='ltr'><strong>quoque</strong></span> <span class='ocrx_word' id='word_1_109' title='bbox 380 834 597 866; x_wconf 82' lang='lat' dir='ltr'><strong>consentiebant,</strong></span> <span class='ocrx_word' id='word_1_110' title='bbox 614 841 709 868; x_wconf 85' lang='lat' dir='ltr'><strong>nempe</strong></span> <span class='ocrx_word' id='word_1_111' title='bbox 722 842 775 861; x_wconf 89' lang='lat' dir='ltr'><strong>non</strong></span> <span class='ocrx_word' id='word_1_112' title='bbox 787 834 858 861; x_wconf 85' lang='lat' dir='ltr'><strong>sicut</strong></span> <span class='ocrx_word' id='word_1_113' title='bbox 873 834 899 860; x_wconf 93' lang='lat' dir='ltr'><strong>in</strong></span> <span class='ocrx_word' id='word_1_114' title='bbox 918 841 980 868; x_wconf 91' lang='lat' dir='ltr'><strong>pro-</strong></span> 
     </span>
    </p>
   </div>
   <div class='ocr_carea' id='block_1_20' title="bbox 198 878 978 914">
    <p class='ocr_par' dir='ltr' id='par_1_20' title="bbox 198 878 978 914">
     <span class='ocr_line' id='line_1_20' title="bbox 198 878 978 914; baseline -0.001 -7"><span class='ocrx_word' id='word_1_115' title='bbox 198 880 292 914; x_wconf 87' lang='lat' dir='ltr'><strong>phetas</strong></span> <span class='ocrx_word' id='word_1_116' title='bbox 320 888 330 905; x_wconf 89' lang='grc'><strong>‹</strong></span> <span class='ocrx_word' id='word_1_117' title='bbox 355 879 456 906; x_wconf 80' lang='lat' dir='ltr'><strong>factum</strong></span> <span class='ocrx_word' id='word_1_118' title='bbox 484 884 526 906; x_wconf 89' lang='lat' dir='ltr'><strong>est</strong></span> <span class='ocrx_word' id='word_1_119' title='bbox 542 878 667 905; x_wconf 78' lang='lat' dir='ltr'><strong>.Verbum</strong></span> <span class='ocrx_word' id='word_1_120' title='bbox 697 879 804 906; x_wconf 88' lang='lat' dir='ltr'><strong>Domini</strong></span> <span class='ocrx_word' id='word_1_121' title='bbox 818 879 840 911; x_wconf 88' lang='grc'><strong>⁷,</strong></span> <span class='ocrx_word' id='word_1_122' title='bbox 857 889 866 905; x_wconf 82' lang='grc' dir='ltr'><strong>ι</strong></span> <span class='ocrx_word' id='word_1_123' title='bbox 883 878 978 906; x_wconf 86' lang='lat' dir='ltr'><strong>eodem</strong></span> 
     </span>
    </p>
   </div>
   <div class='ocr_carea' id='block_1_21' title="bbox 203 923 980 952">
    <p class='ocr_par' dir='ltr' id='par_1_21' title="bbox 203 923 980 952">
     <span class='ocr_line' id='line_1_21' title="bbox 203 923 980 952; baseline 0.001 -1"><span class='ocrx_word' id='word_1_124' title='bbox 203 925 284 952; x_wconf 89' lang='lat' dir='ltr'><strong>modo</strong></span> <span class='ocrx_word' id='word_1_125' title='bbox 316 924 343 951; x_wconf 93' lang='lat' dir='ltr'><strong>in</strong></span> <span class='ocrx_word' id='word_1_126' title='bbox 370 929 494 951; x_wconf 79' lang='lat' dir='ltr'><strong>sanctum</strong></span> <span class='ocrx_word' id='word_1_127' title='bbox 523 923 658 950; x_wconf 86' lang='lat' dir='ltr'><strong>hominem</strong></span> <span class='ocrx_word' id='word_1_128' title='bbox 683 924 711 951; x_wconf 92' lang='lat' dir='ltr'><strong>in</strong></span> <span class='ocrx_word' id='word_1_129' title='bbox 745 924 980 952; x_wconf 80' lang='lat' dir='ltr'><strong>consummatione</strong></span> 
     </span>
    </p>
   </div>
   <div class='ocr_carea' id='block_1_22' title="bbox 198 969 978 1004">
    <p class='ocr_par' dir='ltr' id='par_1_22' title="bbox 198 969 978 1004">
     <span class='ocr_line' id='line_1_22' title="bbox 198 969 978 1004; baseline 0.001 -7"><span class='ocrx_word' id='word_1_130' title='bbox 198 970 360 997; x_wconf 75' lang='lat' dir='ltr'><strong>szcculorum</strong></span> <span class='ocrx_word' id='word_1_131' title='bbox 373 970 516 997; x_wconf 86' lang='lat' dir='ltr'><strong>advenisse</strong></span> <span class='ocrx_word' id='word_1_132' title='bbox 532 979 539 996; x_wconf 91' lang='lat'>:</span> <span class='ocrx_word' id='word_1_133' title='bbox 553 971 600 997; x_wconf 85' lang='lat' dir='ltr'><strong>sed</strong></span> <span class='ocrx_word' id='word_1_134' title='bbox 618 970 706 1004; x_wconf 93' lang='lat' dir='ltr'><strong>ipsum</strong></span> <span class='ocrx_word' id='word_1_135' title='bbox 725 969 843 998; x_wconf 80' lang='lat' dir='ltr'><strong>Verbum</strong></span> <span class='ocrx_word' id='word_1_136' title='bbox 868 978 978 998; x_wconf 82' lang='lat' dir='ltr'><strong>carnem</strong></span> 
     </span>
    </p>
   </div>
   <div class='ocr_carea' id='block_1_23' title="bbox 197 1014 979 1047">
    <p class='ocr_par' dir='ltr' id='par_1_23' title="bbox 197 1014 979 1047">
     <span class='ocr_line' id='line_1_23' title="bbox 197 1014 979 1047; baseline 0.003 -6"><span class='ocrx_word' id='word_1_137' title='bbox 197 1014 298 1042; x_wconf 70' lang='lat' dir='ltr'><strong>factum</strong></span> <span class='ocrx_word' id='word_1_138' title='bbox 310 1022 380 1046; x_wconf 80' lang='lat' dir='ltr'><strong>esse,</strong></span> <span class='ocrx_word' id='word_1_139' title='bbox 396 1019 496 1042; x_wconf 89' lang='lat' dir='ltr'><strong>etcum</strong></span> <span class='ocrx_word' id='word_1_140' title='bbox 517 1015 544 1042; x_wconf 94' lang='lat' dir='ltr'><strong>in</strong></span> <span class='ocrx_word' id='word_1_141' title='bbox 572 1015 658 1042; x_wconf 83' lang='lat' dir='ltr'><strong>forma</strong></span> <span class='ocrx_word' id='word_1_142' title='bbox 688 1015 735 1042; x_wconf 90' lang='lat' dir='ltr'><strong>Dei</strong></span> <span class='ocrx_word' id='word_1_143' title='bbox 755 1021 836 1047; x_wconf 80' lang='lat' dir='ltr'><strong>esset,</strong></span> <span class='ocrx_word' id='word_1_144' title='bbox 864 1015 979 1043; x_wconf 82' lang='lat' dir='ltr'><strong>formam</strong></span> 
     </span>
    </p>
   </div>
   <div class='ocr_carea' id='block_1_24' title="bbox 198 1060 977 1094">
    <p class='ocr_par' dir='ltr' id='par_1_24' title="bbox 198 1060 977 1094">
     <span class='ocr_line' id='line_1_24' title="bbox 198 1060 977 1094; baseline 0.001 -7"><span class='ocrx_word' id='word_1_145' title='bbox 198 1060 269 1087; x_wconf 87' lang='lat' dir='ltr'><strong>servi</strong></span> <span class='ocrx_word' id='word_1_146' title='bbox 292 1060 440 1094; x_wconf 85' lang='lat' dir='ltr'><strong>accepisse,</strong></span> <span class='ocrx_word' id='word_1_147' title='bbox 466 1067 499 1087; x_wconf 90' lang='lat' dir='ltr'><strong>ac</strong></span> <span class='ocrx_word' id='word_1_148' title='bbox 527 1068 561 1088; x_wconf 77' lang='lat' dir='ltr'><strong>ex</strong></span> <span class='ocrx_word' id='word_1_149' title='bbox 583 1060 667 1088; x_wconf 85' lang='lat' dir='ltr'><strong>Maria</strong></span> <span class='ocrx_word' id='word_1_150' title='bbox 693 1061 843 1088; x_wconf 88' lang='lat' dir='ltr'><strong>secundum</strong></span> <span class='ocrx_word' id='word_1_151' title='bbox 868 1068 977 1088; x_wconf 85' lang='lat' dir='ltr'><strong>carnem</strong></span> 
     </span>
    </p>
   </div>
   <div class='ocr_carea' id='block_1_25' title="bbox 197 1107 979 1141">
    <p class='ocr_par' dir='ltr' id='par_1_25' title="bbox 197 1107 979 1141">
     <span class='ocr_line' id='line_1_25' title="bbox 197 1107 979 1141; baseline 0.003 -9"><span class='ocrx_word' id='word_1_152' title='bbox 197 1111 306 1141; x_wconf 85' lang='lat' dir='ltr'><strong>propter</strong></span> <span class='ocrx_word' id='word_1_153' title='bbox 319 1114 368 1133; x_wconf 91' lang='lat' dir='ltr'><strong>nos</strong></span> <span class='ocrx_word' id='word_1_154' title='bbox 382 1107 518 1133; x_wconf 89' lang='lat' dir='ltr'><strong>hominem</strong></span> <span class='ocrx_word' id='word_1_155' title='bbox 532 1114 592 1134; x_wconf 89' lang='lat' dir='ltr'><strong>esse</strong></span> <span class='ocrx_word' id='word_1_156' title='bbox 609 1107 721 1138; x_wconf 80' lang='lat' dir='ltr'><strong>factum.</strong></span> <span class='ocrx_word' id='word_1_157' title='bbox 734 1112 762 1134; x_wconf 87' lang='lat' dir='ltr'><strong>et</strong></span> <span class='ocrx_word' id='word_1_158' title='bbox 773 1108 814 1135; x_wconf 89' lang='lat' dir='ltr'><strong>sic</strong></span> <span class='ocrx_word' id='word_1_159' title='bbox 830 1108 979 1134; x_wconf 88' lang='lat' dir='ltr'><strong>lmmanum</strong></span> 
     </span>
    </p>
   </div>
   <div class='ocr_carea' id='block_1_26' title="bbox 197 1152 978 1188">
    <p class='ocr_par' dir='ltr' id='par_1_26' title="bbox 197 1152 978 1188">
     <span class='ocr_line' id='line_1_26' title="bbox 197 1152 978 1188; baseline -0.003 -7"><span class='ocrx_word' id='word_1_160' title='bbox 197 1161 283 1188; x_wconf 73' lang='lat' dir='ltr'><strong>genus</strong></span> <span class='ocrx_word' id='word_1_161' title='bbox 295 1154 321 1180; x_wconf 93' lang='lat' dir='ltr'><strong>in</strong></span> <span class='ocrx_word' id='word_1_162' title='bbox 333 1155 391 1188; x_wconf 84' lang='lat' dir='ltr'><strong>ipso</strong></span> <span class='ocrx_word' id='word_1_163' title='bbox 404 1154 507 1188; x_wconf 75' lang='lat' dir='ltr'><strong>integre</strong></span> <span class='ocrx_word' id='word_1_164' title='bbox 518 1161 549 1180; x_wconf 87' lang='lat' dir='ltr'><strong>ac</strong></span> <span class='ocrx_word' id='word_1_165' title='bbox 560 1152 678 1188; x_wconf 82' lang='lat' dir='ltr'><strong>perfecte</strong></span> <span class='ocrx_word' id='word_1_166' title='bbox 691 1161 705 1180; x_wconf 90' lang='lat' dir='ltr'><strong>a</strong></span> <span class='ocrx_word' id='word_1_167' title='bbox 718 1158 828 1188; x_wconf 89' lang='lat' dir='ltr'><strong>peccato</strong></span> <span class='ocrx_word' id='word_1_168' title='bbox 836 1153 978 1180; x_wconf 90' lang='lat' dir='ltr'><strong>liberatum</strong></span> 
     </span>
    </p>
   </div>
   <div class='ocr_carea' id='block_1_27' title="bbox 197 1199 980 1235">
    <p class='ocr_par' dir='ltr' id='par_1_27' title="bbox 197 1199 980 1235">
     <span class='ocr_line' id='line_1_27' title="bbox 197 1199 980 1235; baseline 0.001 -9"><span class='ocrx_word' id='word_1_169' title='bbox 197 1199 225 1226; x_wconf 92' lang='lat' dir='ltr'><strong>in</strong></span> <span class='ocrx_word' id='word_1_170' title='bbox 239 1207 351 1234; x_wconf 75' lang='lat' dir='ltr'><strong>regnum</strong></span> <span class='ocrx_word' id='word_1_171' title='bbox 363 1200 494 1227; x_wconf 73' lang='lat' dir='ltr'><strong>caelorum</strong></span> <span class='ocrx_word' id='word_1_172' title='bbox 507 1200 651 1227; x_wconf 89' lang='lat' dir='ltr'><strong>introduci.</strong></span> <span class='ocrx_word' id='word_1_173' title='bbox 669 1199 725 1227; x_wconf 89' lang='lat' dir='ltr'><strong>Hoc</strong></span> <span class='ocrx_word' id='word_1_174' title='bbox 740 1200 802 1227; x_wconf 84' lang='lat' dir='ltr'><strong>item</strong></span> <span class='ocrx_word' id='word_1_175' title='bbox 818 1200 980 1235; x_wconf 85' lang='lat' dir='ltr'><strong>proﬁteban-</strong></span> 
     </span>
    </p>
   </div>
   <div class='ocr_carea' id='block_1_28' title="bbox 200 1245 980 1281">
    <p class='ocr_par' dir='ltr' id='par_1_28' title="bbox 200 1245 980 1281">
     <span class='ocr_line' id='line_1_28' title="bbox 200 1245 980 1281; baseline 0.004 -10"><span class='ocrx_word' id='word_1_176' title='bbox 200 1250 256 1275; x_wconf 87' lang='lat' dir='ltr'><strong>tur,</strong></span> <span class='ocrx_word' id='word_1_177' title='bbox 270 1253 322 1272; x_wconf 83' lang='lat' dir='ltr'><strong>non</strong></span> <span class='ocrx_word' id='word_1_178' title='bbox 336 1253 435 1280; x_wconf 89' lang='lat' dir='ltr'><strong>corpus</strong></span> <span class='ocrx_word' id='word_1_179' title='bbox 448 1245 626 1273; x_wconf 78' lang='lat' dir='ltr'><strong>inanimatam</strong></span> <span class='ocrx_word' id='word_1_180' title='bbox 640 1250 686 1273; x_wconf 89' lang='lat' dir='ltr'><strong>aut</strong></span> <span class='ocrx_word' id='word_1_181' title='bbox 698 1253 796 1273; x_wconf 92' lang='lat' dir='ltr'><strong>sensus</strong></span> <span class='ocrx_word' id='word_1_182' title='bbox 808 1254 915 1281; x_wconf 85' lang='lat' dir='ltr'><strong>expers,</strong></span> <span class='ocrx_word' id='word_1_183' title='bbox 934 1252 980 1274; x_wconf 89' lang='lat' dir='ltr'><strong>aut</strong></span> 
     </span>
    </p>
   </div>
   <div class='ocr_carea' id='block_1_29' title="bbox 197 1289 978 1324">
    <p class='ocr_par' dir='ltr' id='par_1_29' title="bbox 197 1289 978 1324">
     <span class='ocr_line' id='line_1_29' title="bbox 197 1289 978 1324; baseline 0 -8"><span class='ocrx_word' id='word_1_184' title='bbox 197 1295 291 1316; x_wconf 87' lang='lat' dir='ltr'><strong>mente</strong></span> <span class='ocrx_word' id='word_1_185' title='bbox 307 1297 403 1317; x_wconf 87' lang='lat' dir='ltr'><strong>carens</strong></span> <span class='ocrx_word' id='word_1_186' title='bbox 433 1290 598 1317; x_wconf 83' lang='lat' dir='ltr'><strong>Salvatorem</strong></span> <span class='ocrx_word' id='word_1_187' title='bbox 628 1290 764 1317; x_wconf 85' lang='lat' dir='ltr'><strong>habuisse.</strong></span> <span class='ocrx_word' id='word_1_188' title='bbox 791 1289 883 1324; x_wconf 81' lang='lat' dir='ltr'><strong>Neque</strong></span> <span class='ocrx_word' id='word_1_189' title='bbox 895 1290 978 1322; x_wconf 91' lang='lat' dir='ltr'><strong>enim,</strong></span> 
     </span>
    </p>
   </div>
   <div class='ocr_carea' id='block_1_30' title="bbox 200 1336 980 1370">
    <p class='ocr_par' dir='ltr' id='par_1_30' title="bbox 200 1336 980 1370">
     <span class='ocr_line' id='line_1_30' title="bbox 200 1336 980 1370; baseline 0.003 -9"><span class='ocrx_word' id='word_1_190' title='bbox 200 1336 318 1368; x_wconf 84' lang='lat' dir='ltr'><strong>aiebant,</strong></span> <span class='ocrx_word' id='word_1_191' title='bbox 342 1336 471 1370; x_wconf 81' lang='lat' dir='ltr'><strong>possibile</strong></span> <span class='ocrx_word' id='word_1_192' title='bbox 497 1340 564 1369; x_wconf 86' lang='lat' dir='ltr'><strong>erat,</strong></span> <span class='ocrx_word' id='word_1_193' title='bbox 577 1336 691 1364; x_wconf 88' lang='lat' dir='ltr'><strong>Domino</strong></span> <span class='ocrx_word' id='word_1_194' title='bbox 707 1344 755 1370; x_wconf 92' lang='lat' dir='ltr'><strong>pro</strong></span> <span class='ocrx_word' id='word_1_195' title='bbox 772 1337 850 1364; x_wconf 91' lang='lat' dir='ltr'><strong>nobis</strong></span> <span class='ocrx_word' id='word_1_196' title='bbox 870 1337 980 1364; x_wconf 92' lang='lat' dir='ltr'><strong>homine</strong></span> 
     </span>
    </p>
   </div>
   <div class='ocr_carea' id='block_1_31' title="bbox 199 1379 978 1415">
    <p class='ocr_par' dir='ltr' id='par_1_31' title="bbox 199 1379 978 1415">
     <span class='ocr_line' id='line_1_31' title="bbox 199 1379 978 1415; baseline 0.001 -8"><span class='ocrx_word' id='word_1_197' title='bbox 199 1379 280 1412; x_wconf 79' lang='lat' dir='ltr'><strong>facto,</strong></span> <span class='ocrx_word' id='word_1_198' title='bbox 297 1388 395 1415; x_wconf 86' lang='lat' dir='ltr'><strong>corpus</strong></span> <span class='ocrx_word' id='word_1_199' title='bbox 412 1381 471 1415; x_wconf 89' lang='lat' dir='ltr'><strong>ejus</strong></span> <span class='ocrx_word' id='word_1_200' title='bbox 487 1381 545 1408; x_wconf 83' lang='lat' dir='ltr'><strong>sine</strong></span> <span class='ocrx_word' id='word_1_201' title='bbox 559 1387 649 1409; x_wconf 88' lang='lat' dir='ltr'><strong>mente</strong></span> <span class='ocrx_word' id='word_1_202' title='bbox 661 1382 792 1409; x_wconf 80' lang='lat' dir='ltr'><strong>exsistere</strong></span> <span class='ocrx_word' id='word_1_203' title='bbox 809 1391 817 1409; x_wconf 87' lang='lat'>:</span> <span class='ocrx_word' id='word_1_204' title='bbox 837 1389 890 1408; x_wconf 93' lang='lat' dir='ltr'><strong>non</strong></span> <span class='ocrx_word' id='word_1_205' title='bbox 907 1382 978 1409; x_wconf 91' lang='lat' dir='ltr'><strong>enim</strong></span> 
     </span>
    </p>
   </div>
   <div class='ocr_carea' id='block_1_32' title="bbox 196 1425 979 1461">
    <p class='ocr_par' dir='ltr' id='par_1_32' title="bbox 196 1425 979 1461">
     <span class='ocr_line' id='line_1_32' title="bbox 196 1425 979 1461; baseline 0.003 -10"><span class='ocrx_word' id='word_1_206' title='bbox 196 1425 319 1459; x_wconf 85' lang='lat' dir='ltr'><strong>corporis</strong></span> <span class='ocrx_word' id='word_1_207' title='bbox 330 1425 472 1458; x_wconf 77' lang='lat' dir='ltr'><strong>duntaxat,</strong></span> <span class='ocrx_word' id='word_1_208' title='bbox 494 1426 541 1454; x_wconf 84' lang='lat' dir='ltr'><strong>sed</strong></span> <span class='ocrx_word' id='word_1_209' title='bbox 558 1426 639 1453; x_wconf 90' lang='lat' dir='ltr'><strong>etiam</strong></span> <span class='ocrx_word' id='word_1_210' title='bbox 656 1427 754 1453; x_wconf 71' lang='lat' dir='ltr'><strong>anima:</strong></span> <span class='ocrx_word' id='word_1_211' title='bbox 773 1427 800 1453; x_wconf 93' lang='lat' dir='ltr'><strong>in</strong></span> <span class='ocrx_word' id='word_1_212' title='bbox 821 1426 880 1461; x_wconf 84' lang='lat' dir='ltr'><strong>ipso</strong></span> <span class='ocrx_word' id='word_1_213' title='bbox 891 1426 979 1453; x_wconf 76' lang='lat' dir='ltr'><strong>Verbo</strong></span> 
     </span>
    </p>
   </div>
   <div class='ocr_carea' id='block_1_33' title="bbox 199 1470 978 1505">
    <p class='ocr_par' dir='ltr' id='par_1_33' title="bbox 199 1470 978 1505">
     <span class='ocr_line' id='line_1_33' title="bbox 199 1470 978 1505; baseline 0.004 -9"><span class='ocrx_word' id='word_1_214' title='bbox 199 1471 274 1497; x_wconf 89' lang='lat' dir='ltr'><strong>salus</strong></span> <span class='ocrx_word' id='word_1_215' title='bbox 291 1470 361 1497; x_wconf 79' lang='lat' dir='ltr'><strong>facta</strong></span> <span class='ocrx_word' id='word_1_216' title='bbox 386 1475 444 1497; x_wconf 83' lang='lat' dir='ltr'><strong>est:</strong></span> <span class='ocrx_word' id='word_1_217' title='bbox 460 1476 487 1498; x_wconf 89' lang='lat' dir='ltr'><strong>et</strong></span> <span class='ocrx_word' id='word_1_218' title='bbox 514 1479 574 1498; x_wconf 92' lang='lat' dir='ltr'><strong>cum</strong></span> <span class='ocrx_word' id='word_1_219' title='bbox 590 1479 651 1498; x_wconf 85' lang='lat' dir='ltr'><strong>vere</strong></span> <span class='ocrx_word' id='word_1_220' title='bbox 668 1471 753 1500; x_wconf 90' lang='lat' dir='ltr'><strong>Filius</strong></span> <span class='ocrx_word' id='word_1_221' title='bbox 780 1472 826 1499; x_wconf 86' lang='lat' dir='ltr'><strong>Dei</strong></span> <span class='ocrx_word' id='word_1_222' title='bbox 841 1477 923 1505; x_wconf 87' lang='lat' dir='ltr'><strong>esset,</strong></span> <span class='ocrx_word' id='word_1_223' title='bbox 938 1472 978 1499; x_wconf 80' lang='lat' dir='ltr'><strong>ia-</strong></span> 
     </span>
    </p>
   </div>
   <div class='ocr_carea' id='block_1_34' title="bbox 197 1517 978 1553">
    <p class='ocr_par' dir='ltr' id='par_1_34' title="bbox 197 1517 978 1553">
     <span class='ocr_line' id='line_1_34' title="bbox 197 1517 978 1553; baseline 0.004 -11"><span class='ocrx_word' id='word_1_224' title='bbox 197 1521 256 1543; x_wconf 92' lang='lat' dir='ltr'><strong>ctus</strong></span> <span class='ocrx_word' id='word_1_225' title='bbox 266 1521 308 1543; x_wconf 89' lang='lat' dir='ltr'><strong>est</strong></span> <span class='ocrx_word' id='word_1_226' title='bbox 317 1521 344 1543; x_wconf 90' lang='lat' dir='ltr'><strong>et</strong></span> <span class='ocrx_word' id='word_1_227' title='bbox 365 1517 437 1544; x_wconf 86' lang='lat' dir='ltr'><strong>lilitts</strong></span> <span class='ocrx_word' id='word_1_228' title='bbox 453 1518 572 1544; x_wconf 78' lang='lat' dir='ltr'><strong>hominis</strong></span> <span class='ocrx_word' id='word_1_229' title='bbox 586 1526 592 1543; x_wconf 84' lang='lat'><strong>:</strong></span> <span class='ocrx_word' id='word_1_230' title='bbox 608 1526 726 1552; x_wconf 91' lang='lat' dir='ltr'><strong>cumqtte</strong></span> <span class='ocrx_word' id='word_1_231' title='bbox 738 1518 894 1553; x_wconf 72' lang='lat' dir='ltr'><strong>unigenitus</strong></span> <span class='ocrx_word' id='word_1_232' title='bbox 907 1523 978 1545; x_wconf 85' lang='lat' dir='ltr'><strong>esset</strong></span> 
     </span>
    </p>
   </div>
   <div class='ocr_carea' id='block_1_35' title="bbox 197 1561 979 1598">
    <p class='ocr_par' dir='ltr' id='par_1_35' title="bbox 197 1561 979 1598">
     <span class='ocr_line' id='line_1_35' title="bbox 197 1561 979 1598; baseline 0.003 -10"><span class='ocrx_word' id='word_1_233' title='bbox 197 1561 282 1589; x_wconf 86' lang='lat' dir='ltr'><strong>Filius</strong></span> <span class='ocrx_word' id='word_1_234' title='bbox 298 1561 354 1592; x_wconf 84' lang='lat' dir='ltr'><strong>Dei.</strong></span> <span class='ocrx_word' id='word_1_235' title='bbox 381 1562 468 1590; x_wconf 81' lang='lat' dir='ltr'><strong>lactus</strong></span> <span class='ocrx_word' id='word_1_236' title='bbox 488 1568 530 1589; x_wconf 90' lang='lat' dir='ltr'><strong>est</strong></span> <span class='ocrx_word' id='word_1_237' title='bbox 547 1564 603 1598; x_wconf 92' lang='lat' dir='ltr'><strong>ipse</strong></span> <span class='ocrx_word' id='word_1_238' title='bbox 630 1563 829 1598; x_wconf 80' lang='lat' dir='ltr'><strong>primogenitus</strong></span> <span class='ocrx_word' id='word_1_239' title='bbox 845 1564 871 1590; x_wconf 91' lang='lat' dir='ltr'><strong>in</strong></span> <span class='ocrx_word' id='word_1_240' title='bbox 887 1563 979 1590; x_wconf 88' lang='lat' dir='ltr'><strong>multis</strong></span> 
     </span>
    </p>
   </div>
   <div class='ocr_carea' id='block_1_36' title="bbox 196 1605 979 1639">
    <p class='ocr_par' dir='ltr' id='par_1_36' title="bbox 196 1605 979 1639">
     <span class='ocr_line' id='line_1_36' title="bbox 196 1605 979 1639; baseline 0.003 -6"><span class='ocrx_word' id='word_1_241' title='bbox 196 1605 334 1634; x_wconf 76' lang='lat' dir='ltr'><strong>fratribus.</strong></span> <span class='ocrx_word' id='word_1_242' title='bbox 349 1606 530 1639; x_wconf 87' lang='lat' dir='ltr'><strong>Quamobrem</strong></span> <span class='ocrx_word' id='word_1_243' title='bbox 559 1616 612 1635; x_wconf 92' lang='lat' dir='ltr'><strong>non</strong></span> <span class='ocrx_word' id='word_1_244' title='bbox 638 1608 708 1636; x_wconf 86' lang='lat' dir='ltr'><strong>alius</strong></span> <span class='ocrx_word' id='word_1_245' title='bbox 731 1613 788 1635; x_wconf 88' lang='lat' dir='ltr'><strong>erat</strong></span> <span class='ocrx_word' id='word_1_246' title='bbox 810 1613 872 1635; x_wconf 90' lang='lat' dir='ltr'><strong>ante</strong></span> <span class='ocrx_word' id='word_1_247' title='bbox 891 1609 979 1635; x_wconf 84' lang='lat' dir='ltr'><strong>Abra-</strong></span> 
     </span>
    </p>
   </div>
   <div class='ocr_carea' id='block_1_37' title="bbox 196 1651 979 1689">
    <p class='ocr_par' dir='ltr' id='par_1_37' title="bbox 196 1651 979 1689">
     <span class='ocr_line' id='line_1_37' title="bbox 196 1651 979 1689; baseline 0.004 -11"><span class='ocrx_word' id='word_1_248' title='bbox 196 1651 259 1678; x_wconf 89' lang='lat' dir='ltr'><strong>ham</strong></span> <span class='ocrx_word' id='word_1_249' title='bbox 274 1651 360 1679; x_wconf 85' lang='lat' dir='ltr'><strong>Filius</strong></span> <span class='ocrx_word' id='word_1_250' title='bbox 372 1652 431 1684; x_wconf 88' lang='lat' dir='ltr'><strong>Dei,</strong></span> <span class='ocrx_word' id='word_1_251' title='bbox 450 1653 521 1679; x_wconf 82' lang='lat' dir='ltr'><strong>alius</strong></span> <span class='ocrx_word' id='word_1_252' title='bbox 535 1658 598 1687; x_wconf 85' lang='lat' dir='ltr'><strong>post</strong></span> <span class='ocrx_word' id='word_1_253' title='bbox 628 1652 763 1681; x_wconf 80' lang='lat' dir='ltr'><strong>Abraham</strong></span> <span class='ocrx_word' id='word_1_254' title='bbox 782 1663 789 1681; x_wconf 93' lang='lat'>:</span> <span class='ocrx_word' id='word_1_255' title='bbox 805 1661 895 1689; x_wconf 86' lang='lat' dir='ltr'><strong>neque</strong></span> <span class='ocrx_word' id='word_1_256' title='bbox 908 1654 979 1681; x_wconf 90' lang='lat' dir='ltr'><strong>alius</strong></span> 
     </span>
    </p>
   </div>
   <div class='ocr_carea' id='block_1_38' title="bbox 196 1697 980 1735">
    <p class='ocr_par' dir='ltr' id='par_1_38' title="bbox 196 1697 980 1735">
     <span class='ocr_line' id='line_1_38' title="bbox 196 1697 980 1735; baseline 0.004 -11"><span class='ocrx_word' id='word_1_257' title='bbox 196 1698 311 1732; x_wconf 91' lang='lat' dir='ltr'><strong>eratqui</strong></span> <span class='ocrx_word' id='word_1_258' title='bbox 327 1697 460 1724; x_wconf 85' lang='lat' dir='ltr'><strong>Lazarum</strong></span> <span class='ocrx_word' id='word_1_259' title='bbox 472 1699 626 1731; x_wconf 84' lang='lat' dir='ltr'><strong>suscitavit,</strong></span> <span class='ocrx_word' id='word_1_260' title='bbox 647 1699 718 1726; x_wconf 84' lang='lat' dir='ltr'><strong>alius</strong></span> <span class='ocrx_word' id='word_1_261' title='bbox 729 1707 795 1727; x_wconf 88' lang='lat' dir='ltr'><strong>vero</strong></span> <span class='ocrx_word' id='word_1_262' title='bbox 809 1701 855 1735; x_wconf 89' lang='lat' dir='ltr'><strong>qui</strong></span> <span class='ocrx_word' id='word_1_263' title='bbox 873 1700 907 1727; x_wconf 88' lang='lat' dir='ltr'><strong>de</strong></span> <span class='ocrx_word' id='word_1_264' title='bbox 933 1700 980 1727; x_wconf 90' lang='lat' dir='ltr'><strong>illo</strong></span> 
     </span>
    </p>
   </div>
   <div class='ocr_carea' id='block_1_39' title="bbox 197 1742 979 1780">
    <p class='ocr_par' dir='ltr' id='par_1_39' title="bbox 197 1742 979 1780">
     <span class='ocr_line' id='line_1_39' title="bbox 197 1742 979 1780; baseline 0.001 -11"><span class='ocrx_word' id='word_1_265' title='bbox 197 1742 374 1777; x_wconf 83' lang='lat' dir='ltr'><strong>interrogavit</strong></span> <span class='ocrx_word' id='word_1_266' title='bbox 391 1743 457 1770; x_wconf 87' lang='lat' dir='ltr'><strong>:sed</strong></span> <span class='ocrx_word' id='word_1_267' title='bbox 480 1743 551 1770; x_wconf 82' lang='lat' dir='ltr'><strong>idem</strong></span> <span class='ocrx_word' id='word_1_268' title='bbox 578 1743 636 1778; x_wconf 87' lang='lat' dir='ltr'><strong>ipse</strong></span> <span class='ocrx_word' id='word_1_269' title='bbox 648 1749 705 1771; x_wconf 85' lang='lat' dir='ltr'><strong>erat</strong></span> <span class='ocrx_word' id='word_1_270' title='bbox 718 1744 765 1779; x_wconf 89' lang='lat' dir='ltr'><strong>qui</strong></span> <span class='ocrx_word' id='word_1_271' title='bbox 784 1745 901 1773; x_wconf 88' lang='lat' dir='ltr'><strong>humane</strong></span> <span class='ocrx_word' id='word_1_272' title='bbox 916 1745 979 1780; x_wconf 88' lang='lat' dir='ltr'><strong>qui-</strong></span> 
     </span>
    </p>
   </div>
   <div class='ocr_carea' id='block_1_40' title="bbox 232 1797 560 1832">
    <p class='ocr_par' dir='ltr' id='par_1_40' title="bbox 232 1797 560 1832">
     <span class='ocr_line' id='line_1_40' title="bbox 232 1797 560 1832; baseline 0.006 -7"><span class='ocrx_word' id='word_1_273' title='bbox 232 1798 242 1814; x_wconf 83' lang='lat'>&#39;</span> <span class='ocrx_word' id='word_1_274' title='bbox 260 1797 315 1825; x_wconf 77' lang='lat' dir='ltr'><strong>Jer.</strong></span> <span class='ocrx_word' id='word_1_275' title='bbox 331 1805 351 1830; x_wconf 91' lang='lat' dir='ltr'><strong>t,</strong></span> <span class='ocrx_word' id='word_1_276' title='bbox 366 1799 395 1828; x_wconf 78' lang='lat'><strong>2.</strong></span> <span class='ocrx_word' id='word_1_277' title='bbox 414 1799 441 1830; x_wconf 75' lang='grc'><strong>4.</strong></span> <span class='ocrx_word' id='word_1_278' title='bbox 456 1799 499 1832; x_wconf 77' lang='lat' dir='ltr'><strong>il,</strong></span> <span class='ocrx_word' id='word_1_279' title='bbox 516 1799 560 1827; x_wconf 78' lang='lat' dir='ltr'><strong>l5.</strong></span> 
     </span>
    </p>
   </div>
   <div class='ocr_carea' id='block_1_41' title="bbox 233 1852 978 1892">
    <p class='ocr_par' dir='ltr' id='par_1_41' title="bbox 233 1852 978 1892">
     <span class='ocr_line' id='line_1_41' title="bbox 233 1852 978 1892; baseline 0.007 -13"><span class='ocrx_word' id='word_1_280' title='bbox 233 1852 288 1887; x_wconf 72' lang='grc'><strong>(45)</strong></span> <span class='ocrx_word' id='word_1_281' title='bbox 310 1852 372 1888; x_wconf 74' lang='lat' dir='ltr'><strong>Seg.</strong></span> <span class='ocrx_word' id='word_1_282' title='bbox 389 1853 471 1882; x_wconf 88' lang='lat' dir='ltr'><strong>Basil.</strong></span> <span class='ocrx_word' id='word_1_283' title='bbox 491 1854 646 1882; x_wconf 81' lang='lat' dir='ltr'><strong>Goblerian.</strong></span> <span class='ocrx_word' id='word_1_284' title='bbox 674 1856 799 1891; x_wconf 78' lang='grc' dir='ltr'>χρᾶσθαι.</span> <span class='ocrx_word' id='word_1_285' title='bbox 814 1855 895 1890; x_wconf 87' lang='lat' dir='ltr'><strong>Editi,</strong></span> <span class='ocrx_word' id='word_1_286' title='bbox 909 1857 978 1892; x_wconf 86' lang='grc' dir='ltr'><strong>χρῆ-</strong></span> 
     </span>
    </p>
   </div>
   <div class='ocr_carea' id='block_1_42' title="bbox 198 1887 976 1958">
    <p class='ocr_par' dir='ltr' id='par_1_42' title="bbox 198 1887 976 1958">
     <span class='ocr_line' id='line_1_42' title="bbox 198 1887 976 1958; baseline 0.008 -9"><span class='ocrx_word' id='word_1_287' title='bbox 198 1887 290 1958; x_wconf 57' lang='grc' dir='ltr'><strong>σθῖίὶ)</strong></span> <span class='ocrx_word' id='word_1_288' title='bbox 313 1922 358 1951; x_wconf 92' lang='lat' dir='ltr'><strong>Sic</strong></span> <span class='ocrx_word' id='word_1_289' title='bbox 370 1931 465 1951; x_wconf 90' lang='lat' dir='ltr'><strong>omnes</strong></span> <span class='ocrx_word' id='word_1_290' title='bbox 473 1932 538 1952; x_wconf 92' lang='lat' dir='ltr'><strong>mss.</strong></span> <span class='ocrx_word' id='word_1_291' title='bbox 552 1929 579 1951; x_wconf 89' lang='lat' dir='ltr'><strong>et</strong></span> <span class='ocrx_word' id='word_1_292' title='bbox 588 1925 630 1952; x_wconf 87' lang='lat' dir='ltr'><strong>ed.</strong></span> <span class='ocrx_word' id='word_1_293' title='bbox 641 1925 729 1953; x_wconf 84' lang='lat' dir='ltr'><strong>Paris.</strong></span> <span class='ocrx_word' id='word_1_294' title='bbox 749 1926 778 1953; x_wconf 87' lang='lat' dir='ltr'><strong>In</strong></span> <span class='ocrx_word' id='word_1_295' title='bbox 793 1927 856 1954; x_wconf 88' lang='lat' dir='ltr'><strong>edit.</strong></span> <span class='ocrx_word' id='word_1_296' title='bbox 869 1926 976 1955; x_wconf 88' lang='lat' dir='ltr'><strong>Comm.</strong></span> 
     </span>
    </p>
   </div>
   <div class='ocr_carea' id='block_1_43' title="bbox 195 1958 976 1997">
    <p class='ocr_par' dir='ltr' id='par_1_43' title="bbox 195 1958 976 1997">
     <span class='ocr_line' id='line_1_43' title="bbox 195 1958 976 1997; baseline 0.006 -13"><span class='ocrx_word' id='word_1_297' title='bbox 195 1958 246 1984; x_wconf 86' lang='grc' dir='ltr'><strong>οὐκ</strong></span> <span class='ocrx_word' id='word_1_298' title='bbox 263 1959 312 1997; x_wconf 69' lang='grc' dir='ltr'>εἰς,</span> <span class='ocrx_word' id='word_1_299' title='bbox 326 1960 404 1997; x_wconf 76' lang='lat' dir='ltr'><strong>male.</strong></span> <span class='ocrx_word' id='word_1_300' title='bbox 425 1959 539 1997; x_wconf 70' lang='lat' dir='ltr'><strong>§cguer._</strong></span> <span class='ocrx_word' id='word_1_301' title='bbox 557 1960 638 1987; x_wconf 86' lang='lat' dir='ltr'><strong>habet</strong></span> <span class='ocrx_word' id='word_1_302' title='bbox 650 1961 707 1995; x_wconf 66' lang='grc' dir='ltr'><strong>οὐχ*</strong></span> <span class='ocrx_word' id='word_1_303' title='bbox 721 1969 782 1988; x_wconf 91' lang='lat' dir='ltr'><strong>cum</strong></span> <span class='ocrx_word' id='word_1_304' title='bbox 802 1963 976 1997; x_wconf 83' lang='lat' dir='ltr'><strong>apostropha,</strong></span> 
     </span>
    </p>
   </div>
   <div class='ocr_carea' id='block_1_44' title="bbox 197 1994 784 2029">
    <p class='ocr_par' dir='ltr' id='par_1_44' title="bbox 197 1994 784 2029">
     <span class='ocr_line' id='line_1_44' title="bbox 197 1994 784 2029; baseline 0.005 -9"><span class='ocrx_word' id='word_1_305' title='bbox 197 1994 274 2029; x_wconf 76' lang='lat' dir='ltr'><strong>quasi</strong></span> <span class='ocrx_word' id='word_1_306' title='bbox 289 1996 323 2020; x_wconf 91' lang='lat' dir='ltr'><strong>ab</strong></span> <span class='ocrx_word' id='word_1_307' title='bbox 335 1994 394 2028; x_wconf 75' lang='grc' dir='ltr'>οὐχί</span> <span class='ocrx_word' id='word_1_308' title='bbox 408 1995 476 2021; x_wconf 90' lang='lat' dir='ltr'><strong>eliso</strong></span> <span class='ocrx_word' id='word_1_309' title='bbox 491 1998 517 2020; x_wconf 92' lang='lat' dir='ltr'><strong>et</strong></span> <span class='ocrx_word' id='word_1_310' title='bbox 534 1995 570 2020; x_wconf 88' lang='lat' dir='ltr'><strong>ita</strong></span> <span class='ocrx_word' id='word_1_311' title='bbox 584 1994 784 2029; x_wconf 41' lang='lat' dir='ltr'><strong>semper&#39;alias.</strong></span> 
     </span>
    </p>
   </div>
   <div class='ocr_carea' id='block_1_45' title="bbox 233 2028 979 2066">
    <p class='ocr_par' dir='ltr' id='par_1_45' title="bbox 233 2028 979 2066">
     <span class='ocr_line' id='line_1_45' title="bbox 233 2028 979 2066; baseline 0.005 -11"><span class='ocrx_word' id='word_1_312' title='bbox 233 2028 288 2062; x_wconf 73' lang='grc'><strong>(45)</strong></span> <span class='ocrx_word' id='word_1_313' title='bbox 310 2029 346 2056; x_wconf 91' lang='lat' dir='ltr'><strong>Ita</strong></span> <span class='ocrx_word' id='word_1_314' title='bbox 363 2029 424 2064; x_wconf 81' lang='lat' dir='ltr'><strong>Seg.</strong></span> <span class='ocrx_word' id='word_1_315' title='bbox 447 2034 529 2056; x_wconf 89' lang='lat' dir='ltr'><strong>recte.</strong></span> <span class='ocrx_word' id='word_1_316' title='bbox 552 2029 622 2057; x_wconf 82' lang='lat' dir='ltr'><strong>Editi</strong></span> <span class='ocrx_word' id='word_1_317' title='bbox 639 2028 702 2058; x_wconf 80' lang='lat' dir='ltr'><strong>vero</strong></span> <span class='ocrx_word' id='word_1_318' title='bbox 722 2036 750 2059; x_wconf 89' lang='lat' dir='ltr'><strong>et</strong></span> <span class='ocrx_word' id='word_1_319' title='bbox 768 2032 868 2064; x_wconf 72' lang='lat' dir='ltr'><strong>caeteri,</strong></span> <span class='ocrx_word' id='word_1_320' title='bbox 886 2032 979 2066; x_wconf 81' lang='grc' dir='ltr'>γεγέν-</span> 
     </span>
    </p>
   </div>
   <div class='ocr_carea' id='block_1_46' title="bbox 196 2071 976 2137">
    <p class='ocr_par' dir='ltr' id='par_1_46' title="bbox 196 2071 976 2137">
     <span class='ocr_line' id='line_1_46' title="bbox 196 2071 976 2137; baseline 0.008 -13"><span class='ocrx_word' id='word_1_321' title='bbox 307 2097 492 2126; x_wconf 72' lang='lat' dir='ltr'><strong>Etlit.Comm.</strong></span> <span class='ocrx_word' id='word_1_322' title='bbox 505 2099 575 2137; x_wconf 85' lang='lat' dir='ltr'><strong>male</strong></span> <span class='ocrx_word' id='word_1_323' title='bbox 590 2099 658 2137; x_wconf 57' lang='lat' dir='ltr'><strong>oft-ct.</strong></span> <span class='ocrx_word' id='word_1_324' title='bbox 675 2100 735 2137; x_wconf 82' lang='lat' dir='ltr'><strong>Mox</strong></span> <span class='ocrx_word' id='word_1_325' title='bbox 748 2101 828 2137; x_wconf 67' lang='lat' dir='ltr'><strong>editi,</strong></span> <span class='ocrx_word' id='word_1_326' title='bbox 840 2101 976 2137; x_wconf 74' lang='grc' dir='ltr'>αἰσθητόν.</span> 
     </span>
    </p>
   </div>
   <div class='ocr_carea' id='block_1_47' title="bbox 197 2131 976 2171">
    <p class='ocr_par' dir='ltr' id='par_1_47' title="bbox 197 2131 976 2171">
     <span class='ocr_line' id='line_1_47' title="bbox 197 2131 976 2171; baseline 0.006 -12"><span class='ocrx_word' id='word_1_327' title='bbox 279 2131 375 2160; x_wconf 84' lang='lat' dir='ltr'><strong>omnes</strong></span> <span class='ocrx_word' id='word_1_328' title='bbox 393 2135 587 2171; x_wconf 27' lang='lat' dir='ltr'><strong>Amauuscripti,</strong></span> <span class='ocrx_word' id='word_1_329' title='bbox 613 2135 783 2171; x_wconf 82' lang='grc' dir='ltr'>ἀναίσθητον.</span> <span class='ocrx_word' id='word_1_330' title='bbox 808 2131 870 2163; x_wconf 66' lang='lat' dir='ltr'><strong>Hac</strong></span> <span class='ocrx_word' id='word_1_331' title='bbox 896 2131 976 2170; x_wconf 62' lang='grc' dir='ltr'>βὸτι-ο</span> 
     </span>
    </p>
   </div>
   <div class='ocr_carea' id='block_1_48' title="bbox 195 2168 976 2206">
    <p class='ocr_par' dir='ltr' id='par_1_48' title="bbox 195 2168 976 2206">
     <span class='ocr_line' id='line_1_48' title="bbox 195 2168 976 2206; baseline 0.008 -13"><span class='ocrx_word' id='word_1_332' title='bbox 195 2168 283 2206; x_wconf 56' lang='lat' dir='ltr'><strong>verba</strong></span> <span class='ocrx_word' id='word_1_333' title='bbox 306 2175 367 2206; x_wconf 73' lang='lat' dir='ltr'><strong>esse</strong></span> <span class='ocrx_word' id='word_1_334' title='bbox 385 2168 543 2206; x_wconf 77' lang='lat' dir='ltr'><strong>Apollinarii</strong></span> <span class='ocrx_word' id='word_1_335' title='bbox 561 2168 725 2204; x_wconf 52' lang='lat' dir='ltr'><strong>legatorum,</strong></span> <span class='ocrx_word' id='word_1_336' title='bbox 738 2176 810 2205; x_wconf 88' lang='lat' dir='ltr'><strong>patet</strong></span> <span class='ocrx_word' id='word_1_337' title='bbox 831 2180 864 2199; x_wconf 81' lang='lat' dir='ltr'><strong>ex</strong></span> <span class='ocrx_word' id='word_1_338' title='bbox 890 2168 976 2206; x_wconf 82' lang='lat' dir='ltr'><strong>ipsius</strong></span> 
     </span>
    </p>
   </div>
   <div class='ocr_carea' id='block_1_49' title="bbox 195 2201 1013 2240">
    <p class='ocr_par' dir='ltr' id='par_1_49' title="bbox 195 2201 1013 2240">
     <span class='ocr_line' id='line_1_49' title="bbox 195 2201 1013 2240; baseline 0.009 -12"><span class='ocrx_word' id='word_1_339' title='bbox 195 2203 357 2236; x_wconf 80' lang='lat' dir='ltr'><strong>Apollinarii</strong></span> <span class='ocrx_word' id='word_1_340' title='bbox 380 2201 493 2240; x_wconf 75' lang='lat' dir='ltr'><strong>epistola</strong></span> <span class='ocrx_word' id='word_1_341' title='bbox 510 2204 543 2240; x_wconf 85' lang='lat' dir='ltr'><strong>ad</strong></span> <span class='ocrx_word' id='word_1_342' title='bbox 559 2201 701 2240; x_wconf 75' lang='lat' dir='ltr'><strong>episcopos</strong></span> <span class='ocrx_word' id='word_1_343' title='bbox 713 2201 975 2234; x_wconf 55' lang='lat' dir='ltr'><strong>&#39;Diocaesareaa&#39;con-</strong></span> <span class='ocrx_word' id='word_1_344' title='bbox 992 2201 1013 2229; x_wconf 76' lang='grc' dir='ltr'>υ</span> 
     </span>
    </p>
   </div>
   <div class='ocr_carea' id='block_1_50' title="bbox 196 2238 976 2275">
    <p class='ocr_par' dir='ltr' id='par_1_50' title="bbox 196 2238 976 2275">
     <span class='ocr_line' id='line_1_50' title="bbox 196 2238 976 2275; baseline 0.006 -12"><span class='ocrx_word' id='word_1_345' title='bbox 196 2243 331 2275; x_wconf 71' lang='lat' dir='ltr'><strong>gregales,</strong></span> <span class='ocrx_word' id='word_1_346' title='bbox 346 2238 414 2275; x_wconf 83' lang='lat' dir='ltr'><strong>apud</strong></span> <span class='ocrx_word' id='word_1_347' title='bbox 435 2238 583 2275; x_wconf 68' lang='lat' dir='ltr'><strong>Leontium</strong></span> <span class='ocrx_word' id='word_1_348' title='bbox 600 2238 788 2275; x_wconf 73' lang='lat' dir='ltr'><strong>Byzantinum,</strong></span> <span class='ocrx_word' id='word_1_349' title='bbox 803 2242 872 2269; x_wconf 88' lang='lat' dir='ltr'><strong>libro</strong></span> <span class='ocrx_word' id='word_1_350' title='bbox 885 2243 976 2269; x_wconf 84' lang='lat' dir='ltr'><strong>adver-</strong></span> 
     </span>
    </p>
   </div>
   <div class='ocr_carea' id='block_1_51' title="bbox 196 2273 976 2311">
    <p class='ocr_par' dir='ltr' id='par_1_51' title="bbox 196 2273 976 2311">
     <span class='ocr_line' id='line_1_51' title="bbox 196 2273 976 2311; baseline 0.008 -13"><span class='ocrx_word' id='word_1_351' title='bbox 196 2281 240 2298; x_wconf 78' lang='lat' dir='ltr'><strong>sus</strong></span> <span class='ocrx_word' id='word_1_352' title='bbox 252 2273 359 2311; x_wconf 76' lang='lat' dir='ltr'><strong>fraudes</strong></span> <span class='ocrx_word' id='word_1_353' title='bbox 373 2273 732 2311; x_wconf 36' lang='lat' dir='ltr'><strong>Apollinarium-uni,quam</strong></span> <span class='ocrx_word' id='word_1_354' title='bbox 746 2277 790 2303; x_wconf 90' lang='lat' dir='ltr'><strong>hic</strong></span> <span class='ocrx_word' id='word_1_355' title='bbox 800 2276 900 2304; x_wconf 79' lang='lat' dir='ltr'><strong>referre</strong></span> <span class='ocrx_word' id='word_1_356' title='bbox 912 2285 976 2311; x_wconf 90' lang='lat' dir='ltr'><strong>ope-</strong></span> 
     </span>
    </p>
   </div>
   <div class='ocr_carea' id='block_1_52' title="bbox 196 2308 976 2347">
    <p class='ocr_par' dir='ltr' id='par_1_52' title="bbox 196 2308 976 2347">
     <span class='ocr_line' id='line_1_52' title="bbox 196 2308 976 2347; baseline 0.009 -14"><span class='ocrx_word' id='word_1_357' title='bbox 196 2315 238 2334; x_wconf 61' lang='lat' dir='ltr'><strong>rm</strong></span> <span class='ocrx_word' id='word_1_358' title='bbox 251 2309 367 2347; x_wconf 77' lang='lat' dir='ltr'><strong>pretium</strong></span> <span class='ocrx_word' id='word_1_359' title='bbox 386 2308 477 2341; x_wconf 80' lang='lat' dir='ltr'><strong>fuerit,</strong></span> <span class='ocrx_word' id='word_1_360' title='bbox 491 2310 563 2343; x_wconf 90' lang='lat' dir='ltr'><strong>quod</strong></span> <span class='ocrx_word' id='word_1_361' title='bbox 586 2310 620 2337; x_wconf 91' lang='lat' dir='ltr'><strong>ad</strong></span> <span class='ocrx_word' id='word_1_362' title='bbox 643 2308 700 2338; x_wconf 63' lang='lat' dir='ltr'><strong>haec</strong></span> <span class='ocrx_word' id='word_1_363' title='bbox 718 2312 890 2347; x_wconf 67' lang='lat' dir='ltr'><strong>intelligenda</strong></span> <span class='ocrx_word' id='word_1_364' title='bbox 906 2308 976 2340; x_wconf 55' lang='lat' dir='ltr'><strong>m&#39;ul-</strong></span> 
     </span>
    </p>
   </div>
   <div class='ocr_carea' id='block_1_53' title="bbox 199 2343 402 2370">
    <p class='ocr_par' dir='ltr' id='par_1_53' title="bbox 199 2343 402 2370">
     <span class='ocr_line' id='line_1_53' title="bbox 199 2343 402 2370; baseline 0 -1"><span class='ocrx_word' id='word_1_365' title='bbox 199 2347 255 2369; x_wconf 84' lang='lat' dir='ltr'><strong>tum</strong></span> <span class='ocrx_word' id='word_1_366' title='bbox 269 2343 402 2370; x_wconf 80' lang='lat' dir='ltr'><strong>conferat.</strong></span> 
     </span>
    </p>
   </div>
   <div class='ocr_carea' id='block_1_54' title="bbox 213 2385 957 2409">
    <p class='ocr_par' dir='ltr' id='par_1_54' title="bbox 213 2385 957 2409">
     <span class='ocr_line' id='line_1_54' title="bbox 213 2385 957 2409; baseline 0.007 -5"><span class='ocrx_word' id='word_1_367' title='bbox 213 2385 321 2405; x_wconf 73' lang='lat' dir='ltr'><strong>DOIlNlS</strong></span> <span class='ocrx_word' id='word_1_368' title='bbox 335 2386 395 2405; x_wconf 75' lang='lat' dir='ltr'><strong>IElS</strong></span> <span class='ocrx_word' id='word_1_369' title='bbox 406 2385 625 2407; x_wconf 73' lang='lat' dir='ltr'><strong>EONORATISSIMIS</strong></span> <span class='ocrx_word' id='word_1_370' title='bbox 637 2387 767 2409; x_wconf 80' lang='lat' dir='ltr'><strong>EPISCOPIS</strong></span> <span class='ocrx_word' id='word_1_371' title='bbox 780 2389 957 2409; x_wconf 65' lang='lat' dir='ltr'><strong>DIOCESAREE</strong></span> 
     </span>
    </p>
   </div>
   <div class='ocr_carea' id='block_1_55' title="bbox 441 2421 733 2442">
    <p class='ocr_par' dir='ltr' id='par_1_55' title="bbox 441 2421 733 2442">
     <span class='ocr_line' id='line_1_55' title="bbox 441 2421 733 2442; baseline 0.014 -3"><span class='ocrx_word' id='word_1_372' title='bbox 441 2421 466 2439; x_wconf 75' lang='lat' dir='ltr'><strong>IN</strong></span> <span class='ocrx_word' id='word_1_373' title='bbox 483 2421 582 2442; x_wconf 72' lang='lat' dir='ltr'><strong>DOMINO</strong></span> <span class='ocrx_word' id='word_1_374' title='bbox 601 2423 733 2442; x_wconf 69' lang='lat' dir='ltr'><strong>SALUTEI.</strong></span> 
     </span>
    </p>
   </div>
   <div class='ocr_carea' id='block_1_56' title="bbox 231 2445 976 2483">
    <p class='ocr_par' dir='ltr' id='par_1_56' title="bbox 231 2445 976 2483">
     <span class='ocr_line' id='line_1_56' title="bbox 231 2445 976 2483; baseline 0.008 -10"><span class='ocrx_word' id='word_1_375' title='bbox 231 2445 465 2480; x_wconf 71' lang='lat' dir='ltr'><strong>Ezspectabamus,</strong></span> <span class='ocrx_word' id='word_1_376' title='bbox 484 2449 579 2475; x_wconf 75' lang='lat' dir='ltr'><strong>litteris</strong></span> <span class='ocrx_word' id='word_1_377' title='bbox 596 2451 692 2477; x_wconf 83' lang='lat' dir='ltr'><strong>nostris</strong></span> <span class='ocrx_word' id='word_1_378' title='bbox 708 2451 742 2476; x_wconf 84' lang='lat' dir='ltr'><strong>ad</strong></span> <span class='ocrx_word' id='word_1_379' title='bbox 764 2459 808 2478; x_wconf 79' lang='lat' dir='ltr'><strong>vos</strong></span> <span class='ocrx_word' id='word_1_380' title='bbox 832 2451 929 2483; x_wconf 81' lang='lat' dir='ltr'><strong>missis,</strong></span> <span class='ocrx_word' id='word_1_381' title='bbox 947 2456 976 2478; x_wconf 84' lang='lat' dir='ltr'><strong>ut</strong></span> 
     </span>
    </p>
   </div>
   <div class='ocr_carea' id='block_1_57' title="bbox 196 2482 977 2520">
    <p class='ocr_par' dir='ltr' id='par_1_57' title="bbox 196 2482 977 2520">
     <span class='ocr_line' id='line_1_57' title="bbox 196 2482 977 2520; baseline 0.008 -13"><span class='ocrx_word' id='word_1_382' title='bbox 196 2482 319 2520; x_wconf 76' lang='lat' dir='ltr'><strong>similiter</strong></span> <span class='ocrx_word' id='word_1_383' title='bbox 334 2491 350 2508; x_wconf 90' lang='lat' dir='ltr'><strong>a</strong></span> <span class='ocrx_word' id='word_1_384' title='bbox 364 2487 450 2520; x_wconf 75' lang='lat' dir='ltr'><strong>vestra</strong></span> <span class='ocrx_word' id='word_1_385' title='bbox 465 2483 592 2520; x_wconf 68' lang='lat' dir='ltr'><strong>charitate</strong></span> <span class='ocrx_word' id='word_1_386' title='bbox 606 2485 706 2512; x_wconf 78' lang='lat' dir='ltr'><strong>litteras</strong></span> <span class='ocrx_word' id='word_1_387' title='bbox 723 2487 907 2520; x_wconf 75' lang='lat' dir='ltr'><strong>acciperemus,</strong></span> <span class='ocrx_word' id='word_1_388' title='bbox 925 2486 977 2513; x_wconf 89' lang='lat' dir='ltr'><strong>Do-</strong></span> 
     </span>
    </p>
   </div>
   <div class='ocr_carea' id='block_1_58' title="bbox 197 2517 976 2556">
    <p class='ocr_par' dir='ltr' id='par_1_58' title="bbox 197 2517 976 2556">
     <span class='ocr_line' id='line_1_58' title="bbox 197 2517 976 2556; baseline 0.006 -14"><span class='ocrx_word' id='word_1_389' title='bbox 197 2517 262 2556; x_wconf 81' lang='lat' dir='ltr'><strong>mini</strong></span> <span class='ocrx_word' id='word_1_390' title='bbox 282 2517 490 2556; x_wconf 65' lang='lat' dir='ltr'><strong>honoratissimi,</strong></span> <span class='ocrx_word' id='word_1_391' title='bbox 511 2519 601 2556; x_wconf 76' lang='lat' dir='ltr'><strong>quales</strong></span> <span class='ocrx_word' id='word_1_392' title='bbox 623 2528 722 2554; x_wconf 84' lang='lat' dir='ltr'><strong>semper</strong></span> <span class='ocrx_word' id='word_1_393' title='bbox 737 2529 753 2546; x_wconf 84' lang='lat' dir='ltr'><strong>a</strong></span> <span class='ocrx_word' id='word_1_394' title='bbox 768 2517 841 2548; x_wconf 69' lang='lat' dir='ltr'><strong>beato</strong></span> <span class='ocrx_word' id='word_1_395' title='bbox 858 2522 976 2556; x_wconf 78' lang='lat' dir='ltr'><strong>episropo</strong></span> 
     </span>
    </p>
   </div>
   <div class='ocr_carea' id='block_1_59' title="bbox 197 2553 975 2590">
    <p class='ocr_par' dir='ltr' id='par_1_59' title="bbox 197 2553 975 2590">
     <span class='ocr_line' id='line_1_59' title="bbox 197 2553 975 2590; baseline 0.006 -13"><span class='ocrx_word' id='word_1_396' title='bbox 197 2553 343 2590; x_wconf 77' lang='lat' dir='ltr'><strong>Athanasio</strong></span> <span class='ocrx_word' id='word_1_397' title='bbox 363 2553 505 2590; x_wconf 72' lang='lat' dir='ltr'><strong>accipimus</strong></span> <span class='ocrx_word' id='word_1_398' title='bbox 521 2561 530 2579; x_wconf 93' lang='lat'><em>:</em></span> <span class='ocrx_word' id='word_1_399' title='bbox 543 2554 587 2588; x_wconf 90' lang='lat' dir='ltr'><strong>qui</strong></span> <span class='ocrx_word' id='word_1_400' title='bbox 602 2555 649 2581; x_wconf 82' lang='lat' dir='ltr'><strong>scit</strong></span> <span class='ocrx_word' id='word_1_401' title='bbox 665 2553 711 2581; x_wconf 79' lang='lat' dir='ltr'><strong>nos</strong></span> <span class='ocrx_word' id='word_1_402' title='bbox 723 2560 747 2582; x_wconf 83' lang='lat' dir='ltr'><strong>et</strong></span> <span class='ocrx_word' id='word_1_403' title='bbox 763 2556 789 2582; x_wconf 87' lang='lat' dir='ltr'><strong>in</strong></span> <span class='ocrx_word' id='word_1_404' title='bbox 810 2553 975 2590; x_wconf 80' lang='lat' dir='ltr'><strong>dogmatibus</strong></span> 
     </span>
    </p>
   </div>
   <div class='ocr_carea' id='block_1_60' title="bbox 197 2587 974 2625">
    <p class='ocr_par' dir='ltr' id='par_1_60' title="bbox 197 2587 974 2625">
     <span class='ocr_line' id='line_1_60' title="bbox 197 2587 974 2625; baseline 0.008 -14"><span class='ocrx_word' id='word_1_405' title='bbox 197 2594 255 2625; x_wconf 45' lang='lat' dir='ltr'><strong>eum</strong></span> <span class='ocrx_word' id='word_1_406' title='bbox 271 2587 327 2621; x_wconf 69' lang='lat' dir='ltr'><strong>ipso</strong></span> <span class='ocrx_word' id='word_1_407' title='bbox 343 2588 497 2620; x_wconf 82' lang='lat' dir='ltr'><strong>consentire,</strong></span> <span class='ocrx_word' id='word_1_408' title='bbox 509 2593 536 2625; x_wconf 79' lang='lat' dir='ltr'><strong>et</strong></span> <span class='ocrx_word' id='word_1_409' title='bbox 549 2587 576 2615; x_wconf 77' lang='lat' dir='ltr'><strong>in</strong></span> <span class='ocrx_word' id='word_1_410' title='bbox 597 2589 716 2616; x_wconf 87' lang='lat' dir='ltr'><strong>omnibus</strong></span> <span class='ocrx_word' id='word_1_411' title='bbox 732 2598 826 2616; x_wconf 85' lang='lat' dir='ltr'><strong>morem</strong></span> <span class='ocrx_word' id='word_1_412' title='bbox 841 2587 864 2617; x_wconf 69' lang='lat' dir='ltr'><strong>Ei</strong></span> <span class='ocrx_word' id='word_1_413' title='bbox 878 2599 974 2625; x_wconf 82' lang='lat' dir='ltr'><strong>gerere.</strong></span> 
     </span>
    </p>
   </div>
   <div class='ocr_carea' id='block_1_61' title="bbox 198 2621 976 2659">
    <p class='ocr_par' dir='ltr' id='par_1_61' title="bbox 198 2621 976 2659">
     <span class='ocr_line' id='line_1_61' title="bbox 198 2621 976 2659; baseline 0.009 -13"><span class='ocrx_word' id='word_1_414' title='bbox 198 2621 268 2659; x_wconf 74' lang='lat' dir='ltr'><strong>Quia</strong></span> <span class='ocrx_word' id='word_1_415' title='bbox 289 2629 346 2648; x_wconf 73' lang='lat' dir='ltr'><strong>vero</strong></span> <span class='ocrx_word' id='word_1_416' title='bbox 370 2630 420 2659; x_wconf 81' lang='lat' dir='ltr'><strong>non</strong></span> <span class='ocrx_word' id='word_1_417' title='bbox 433 2623 614 2659; x_wconf 73' lang='lat' dir='ltr'><strong>rescripsistis,</strong></span> <span class='ocrx_word' id='word_1_418' title='bbox 630 2625 777 2651; x_wconf 68' lang='lat' dir='ltr'><strong>existimavi</strong></span> <span class='ocrx_word' id='word_1_419' title='bbox 791 2621 901 2659; x_wconf 58' lang='lat' dir='ltr'><strong>fortasse</strong></span> <span class='ocrx_word' id='word_1_420' title='bbox 915 2634 976 2659; x_wconf 81' lang='lat' dir='ltr'><strong>pru-</strong></span> 
     </span>
    </p>
   </div>
   <div class='ocr_carea' id='block_1_62' title="bbox 197 2656 977 2690">
    <p class='ocr_par' dir='ltr' id='par_1_62' title="bbox 197 2656 977 2690">
     <span class='ocr_line' id='line_1_62' title="bbox 197 2656 977 2690; baseline 0.008 -9"><span class='ocrx_word' id='word_1_421' title='bbox 197 2656 329 2682; x_wconf 66' lang='lat' dir='ltr'><strong>lixitatem</strong></span> <span class='ocrx_word' id='word_1_422' title='bbox 344 2657 462 2690; x_wconf 79' lang='lat' dir='ltr'><strong>epistoltc</strong></span> <span class='ocrx_word' id='word_1_423' title='bbox 475 2656 524 2684; x_wconf 85' lang='lat' dir='ltr'><strong>non</strong></span> <span class='ocrx_word' id='word_1_424' title='bbox 537 2659 683 2686; x_wconf 78' lang='lat' dir='ltr'><strong>declarasse</strong></span> <span class='ocrx_word' id='word_1_425' title='bbox 692 2661 762 2686; x_wconf 83' lang='lat' dir='ltr'><strong>vobis</strong></span> <span class='ocrx_word' id='word_1_426' title='bbox 775 2656 892 2686; x_wconf 73' lang='lat' dir='ltr'><strong>nostram</strong></span> <span class='ocrx_word' id='word_1_427' title='bbox 906 2656 977 2687; x_wconf 80' lang='lat' dir='ltr'><strong>men—</strong></span> 
     </span>
    </p>
   </div>
   <div class='ocr_carea' id='block_1_63' title="bbox 197 2692 975 2722">
    <p class='ocr_par' dir='ltr' id='par_1_63' title="bbox 197 2692 975 2722">
     <span class='ocr_line' id='line_1_63' title="bbox 197 2692 975 2722; baseline 0.006 -6"><span class='ocrx_word' id='word_1_428' title='bbox 197 2696 249 2716; x_wconf 80' lang='lat' dir='ltr'><strong>tem</strong></span> <span class='ocrx_word' id='word_1_429' title='bbox 263 2699 293 2716; x_wconf 87' lang='lat' dir='ltr'><strong>ac</strong></span> <span class='ocrx_word' id='word_1_430' title='bbox 308 2693 471 2719; x_wconf 85' lang='lat' dir='ltr'><strong>sententiam.</strong></span> <span class='ocrx_word' id='word_1_431' title='bbox 491 2692 532 2719; x_wconf 86' lang='lat' dir='ltr'><strong>En</strong></span> <span class='ocrx_word' id='word_1_432' title='bbox 550 2694 620 2720; x_wconf 84' lang='lat' dir='ltr'><strong>clare</strong></span> <span class='ocrx_word' id='word_1_433' title='bbox 647 2695 784 2721; x_wconf 79' lang='lat' dir='ltr'><strong>scribimus</strong></span> <span class='ocrx_word' id='word_1_434' title='bbox 804 2699 975 2722; x_wconf 82' lang='lat' dir='ltr'><strong>consentanea</strong></span> 
     </span>
    </p>
   </div>
   <div class='ocr_carea' id='block_1_64' title="bbox 197 2726 976 2765">
    <p class='ocr_par' dir='ltr' id='par_1_64' title="bbox 197 2726 976 2765">
     <span class='ocr_line' id='line_1_64' title="bbox 197 2726 976 2765; baseline 0.009 -15"><span class='ocrx_word' id='word_1_435' title='bbox 197 2726 327 2765; x_wconf 68' lang='lat' dir='ltr'><strong>communi</strong></span> <span class='ocrx_word' id='word_1_436' title='bbox 348 2727 579 2765; x_wconf 76' lang='lat' dir='ltr'><strong>magistronostro</strong></span> <span class='ocrx_word' id='word_1_437' title='bbox 592 2735 615 2756; x_wconf 82' lang='lat' dir='ltr'><strong>et</strong></span> <span class='ocrx_word' id='word_1_438' title='bbox 629 2735 721 2756; x_wconf 72' lang='lat' dir='ltr'><strong>rostro.</strong></span> <span class='ocrx_word' id='word_1_439' title='bbox 741 2730 803 2757; x_wconf 82' lang='lat' dir='ltr'><strong>Dico</strong></span> <span class='ocrx_word' id='word_1_440' title='bbox 826 2731 906 2765; x_wconf 81' lang='lat' dir='ltr'><strong>igitur</strong></span> <span class='ocrx_word' id='word_1_441' title='bbox 920 2730 976 2757; x_wconf 73' lang='lat' dir='ltr'><strong>lum:</strong></span> 
     </span>
    </p>
   </div>
   <div class='ocr_carea' id='block_1_65' title="bbox 197 2760 974 2799">
    <p class='ocr_par' dir='ltr' id='par_1_65' title="bbox 197 2760 974 2799">
     <span class='ocr_line' id='line_1_65' title="bbox 197 2760 974 2799; baseline 0.008 -14"><span class='ocrx_word' id='word_1_442' title='bbox 197 2760 228 2785; x_wconf 84' lang='lat' dir='ltr'><strong>de</strong></span> <span class='ocrx_word' id='word_1_443' title='bbox 243 2761 332 2799; x_wconf 62' lang='lat' dir='ltr'><strong>diuina</strong></span> <span class='ocrx_word' id='word_1_444' title='bbox 348 2761 538 2799; x_wconf 81' lang='lat' dir='ltr'><strong>incarnatione,</strong></span> <span class='ocrx_word' id='word_1_445' title='bbox 559 2764 766 2799; x_wconf 79' lang='lat' dir='ltr'><strong>quandoquidem</strong></span> <span class='ocrx_word' id='word_1_446' title='bbox 781 2765 811 2791; x_wconf 82' lang='lat' dir='ltr'><strong>de</strong></span> <span class='ocrx_word' id='word_1_447' title='bbox 823 2760 863 2792; x_wconf 67' lang='lat' dir='ltr'><strong>his</strong></span> <span class='ocrx_word' id='word_1_448' title='bbox 878 2767 974 2792; x_wconf 87' lang='lat' dir='ltr'><strong>ntultus</strong></span> 
     </span>
    </p>
   </div>
   <div class='ocr_carea' id='block_1_66' title="bbox 197 2794 974 2834">
    <p class='ocr_par' dir='ltr' id='par_1_66' title="bbox 197 2794 974 2834">
     <span class='ocr_line' id='line_1_66' title="bbox 197 2794 974 2834; baseline 0.008 -14"><span class='ocrx_word' id='word_1_449' title='bbox 197 2794 324 2820; x_wconf 77' lang='lat' dir='ltr'><strong>(umidius</strong></span> <span class='ocrx_word' id='word_1_450' title='bbox 339 2802 391 2834; x_wconf 57' lang='lat' dir='ltr'><strong>1L0&quot;</strong></span> <span class='ocrx_word' id='word_1_451' title='bbox 407 2803 422 2834; x_wconf 64' lang='grc' dir='ltr'><strong>ει</strong></span> <span class='ocrx_word' id='word_1_452' title='bbox 439 2797 521 2830; x_wconf 85' lang='lat' dir='ltr'><strong>nobis,</strong></span> <span class='ocrx_word' id='word_1_453' title='bbox 534 2794 581 2825; x_wconf 70' lang='lat' dir='ltr'><strong>sed</strong></span> <span class='ocrx_word' id='word_1_454' title='bbox 598 2799 629 2825; x_wconf 79' lang='lat' dir='ltr'><strong>ab</strong></span> <span class='ocrx_word' id='word_1_455' title='bbox 641 2794 711 2830; x_wconf 78' lang='lat' dir='ltr'><strong>aliis,</strong></span> <span class='ocrx_word' id='word_1_456' title='bbox 726 2808 789 2834; x_wconf 83' lang='lat' dir='ltr'><strong>quos</strong></span> <span class='ocrx_word' id='word_1_457' title='bbox 807 2806 888 2830; x_wconf 84' lang='lat' dir='ltr'><strong>taceo.</strong></span> <span class='ocrx_word' id='word_1_458' title='bbox 903 2802 974 2826; x_wconf 74' lang='lat' dir='ltr'><strong>exci-</strong></span> 
     </span>
    </p>
   </div>
   <div class='ocr_carea' id='block_1_67' title="bbox 196 2827 974 2864">
    <p class='ocr_par' dir='ltr' id='par_1_67' title="bbox 196 2827 974 2864">
     <span class='ocr_line' id='line_1_67' title="bbox 196 2827 974 2864; baseline 0.01 -9"><span class='ocrx_word' id='word_1_459' title='bbox 196 2834 266 2856; x_wconf 78' lang='lat' dir='ltr'><strong>tatus</strong></span> <span class='ocrx_word' id='word_1_460' title='bbox 280 2833 328 2856; x_wconf 79' lang='lat' dir='ltr'><strong>est.</strong></span> <span class='ocrx_word' id='word_1_461' title='bbox 342 2827 580 2864; x_wconf 47' lang='lat' dir='ltr'><strong>Conﬁtentur,&#39;non</strong></span> <span class='ocrx_word' id='word_1_462' title='bbox 600 2835 633 2860; x_wconf 79' lang='lat' dir='ltr'><strong>ad</strong></span> <span class='ocrx_word' id='word_1_463' title='bbox 648 2827 776 2861; x_wconf 63' lang='lat' dir='ltr'><strong>hominem</strong></span> <span class='ocrx_word' id='word_1_464' title='bbox 795 2827 913 2862; x_wconf 78' lang='lat' dir='ltr'><strong>sanctum</strong></span> <span class='ocrx_word' id='word_1_465' title='bbox 936 2844 974 2862; x_wconf 82' lang='lat' dir='ltr'><strong>re-</strong></span> 
     </span>
    </p>
   </div>
   <div class='ocr_carea' id='block_1_68' title="bbox 1029 236 1811 274">
    <p class='ocr_par' dir='ltr' id='par_1_68' title="bbox 1029 236 1811 274">
     <span class='ocr_line' id='line_1_68' title="bbox 1029 236 1811 274; baseline -0.001 -10"><span class='ocrx_word' id='word_1_466' title='bbox 1029 239 1136 274; x_wconf 78' lang='grc' dir='ltr'>”Αρειό;</span> <span class='ocrx_word' id='word_1_467' title='bbox 1152 247 1181 264; x_wconf 83' lang='grc' dir='ltr'>τε</span> <span class='ocrx_word' id='word_1_468' title='bbox 1195 238 1233 269; x_wconf 85' lang='grc' dir='ltr'><strong>ὡς</strong></span> <span class='ocrx_word' id='word_1_469' title='bbox 1248 238 1446 273; x_wconf 79' lang='grc' dir='ltr'>Χριστομάχος,</span> <span class='ocrx_word' id='word_1_470' title='bbox 1461 237 1507 263; x_wconf 79' lang='grc' dir='ltr'>καὶ</span> <span class='ocrx_word' id='word_1_471' title='bbox 1522 236 1664 267; x_wconf 75' lang='grc' dir='ltr'>Σαὸἐλλιος</span> <span class='ocrx_word' id='word_1_472' title='bbox 1676 237 1723 263; x_wconf 76' lang='grc' dir='ltr'><strong>καὶ</strong></span> <span class='ocrx_word' id='word_1_473' title='bbox 1736 236 1811 263; x_wconf 83' lang='grc' dir='ltr'><strong>Παῦ-</strong></span> 
     </span>
    </p>
   </div>
   <div class='ocr_carea' id='block_1_69' title="bbox 1027 283 1813 318">
    <p class='ocr_par' dir='ltr' id='par_1_69' title="bbox 1027 283 1813 318">
     <span class='ocr_line' id='line_1_69' title="bbox 1027 283 1813 318; baseline 0.001 -9"><span class='ocrx_word' id='word_1_474' title='bbox 1027 284 1072 315; x_wconf 84' lang='grc' dir='ltr'>λος</span> <span class='ocrx_word' id='word_1_475' title='bbox 1087 285 1101 310; x_wconf 85' lang='grc' dir='ltr'><strong>ό</strong></span> <span class='ocrx_word' id='word_1_476' title='bbox 1118 284 1290 318; x_wconf 78' lang='grc' dir='ltr'>Σαμοσατεὺς</span> <span class='ocrx_word' id='word_1_477' title='bbox 1304 283 1342 315; x_wconf 81' lang='grc' dir='ltr'><strong>ὡς</strong></span> <span class='ocrx_word' id='word_1_478' title='bbox 1364 283 1473 314; x_wconf 77' lang='grc' dir='ltr'>ἀσεϐεῖς</span> <span class='ocrx_word' id='word_1_479' title='bbox 1484 303 1492 315; x_wconf 84' lang='grc'><strong>,</strong></span> <span class='ocrx_word' id='word_1_480' title='bbox 1510 284 1556 310; x_wconf 74' lang='grc' dir='ltr'>καὶ</span> <span class='ocrx_word' id='word_1_481' title='bbox 1573 283 1748 315; x_wconf 78' lang='grc' dir='ltr'>Οὐαλεντϊνος</span> <span class='ocrx_word' id='word_1_482' title='bbox 1765 283 1813 310; x_wconf 75' lang='grc' dir='ltr'>καὶ</span> 
     </span>
    </p>
   </div>
   <div class='ocr_carea' id='block_1_70' title="bbox 1028 326 1812 365">
    <p class='ocr_par' dir='ltr' id='par_1_70' title="bbox 1028 326 1812 365">
     <span class='ocr_line' id='line_1_70' title="bbox 1028 326 1812 365; baseline 0 -10"><span class='ocrx_word' id='word_1_483' title='bbox 1028 326 1183 364; x_wconf 83' lang='grc' dir='ltr'>Βασὶλείδης</span> <span class='ocrx_word' id='word_1_484' title='bbox 1198 328 1235 360; x_wconf 80' lang='grc' dir='ltr'><strong>ὡς</strong></span> <span class='ocrx_word' id='word_1_485' title='bbox 1244 329 1378 363; x_wconf 79' lang='grc' dir='ltr'><strong>ἀλλότριοι</strong></span> <span class='ocrx_word' id='word_1_486' title='bbox 1391 329 1439 365; x_wconf 81' lang='grc' dir='ltr'><strong>τῆς</strong></span> <span class='ocrx_word' id='word_1_487' title='bbox 1454 328 1595 364; x_wconf 76' lang='grc' dir='ltr'><strong>ἀληθείας,</strong></span> <span class='ocrx_word' id='word_1_488' title='bbox 1621 329 1770 364; x_wconf 84' lang='grc' dir='ltr'>Μανιχαῖος</span> <span class='ocrx_word' id='word_1_489' title='bbox 1784 328 1812 355; x_wconf 80' lang='grc' dir='ltr'>δὲ</span> 
     </span>
    </p>
   </div>
   <div class='ocr_carea' id='block_1_71' title="bbox 1027 375 1810 410">
    <p class='ocr_par' dir='ltr' id='par_1_71' title="bbox 1027 375 1810 410">
     <span class='ocr_line' id='line_1_71' title="bbox 1027 375 1810 410; baseline -0.003 -8"><span class='ocrx_word' id='word_1_490' title='bbox 1027 376 1064 407; x_wconf 80' lang='grc' dir='ltr'><strong>ὡς</strong></span> <span class='ocrx_word' id='word_1_491' title='bbox 1075 375 1222 410; x_wconf 78' lang='grc' dir='ltr'>ὲφευρετὴς</span> <span class='ocrx_word' id='word_1_492' title='bbox 1237 375 1328 401; x_wconf 85' lang='grc' dir='ltr'>κακῶν</span> <span class='ocrx_word' id='word_1_493' title='bbox 1339 383 1346 389; x_wconf 94' lang='grc'><strong>·</strong></span> <span class='ocrx_word' id='word_1_494' title='bbox 1362 375 1461 406; x_wconf 74' lang='grc' dir='ltr'>πάντες</span> <span class='ocrx_word' id='word_1_495' title='bbox 1477 384 1507 402; x_wconf 84' lang='grc' dir='ltr'><strong>τε</strong></span> <span class='ocrx_word' id='word_1_496' title='bbox 1520 377 1553 410; x_wconf 81' lang='grc' dir='ltr'><strong>τῇ</strong></span> <span class='ocrx_word' id='word_1_497' title='bbox 1567 375 1613 401; x_wconf 77' lang='grc' dir='ltr'><strong>τοῦ</strong></span> <span class='ocrx_word' id='word_1_498' title='bbox 1629 375 1695 401; x_wconf 81' lang='grc' dir='ltr'><strong>Θεοῦ</strong></span> <span class='ocrx_word' id='word_1_499' title='bbox 1709 375 1810 410; x_wconf 80' lang='grc' dir='ltr'>χάριτι,</span> 
     </span>
    </p>
   </div>
   <div class='ocr_carea' id='block_1_72' title="bbox 1028 413 1812 456">
    <p class='ocr_par' dir='ltr' id='par_1_72' title="bbox 1028 413 1812 456">
     <span class='ocr_line' id='line_1_72' title="bbox 1028 413 1812 456; baseline 0.001 -10"><span class='ocrx_word' id='word_1_500' title='bbox 1028 421 1076 447; x_wconf 78' lang='grc' dir='ltr'>καὶ</span> <span class='ocrx_word' id='word_1_501' title='bbox 1091 420 1159 455; x_wconf 81' lang='grc' dir='ltr'>μετὰ</span> <span class='ocrx_word' id='word_1_502' title='bbox 1179 420 1228 452; x_wconf 71' lang='grc' dir='ltr'><strong>τὰς</strong></span> <span class='ocrx_word' id='word_1_503' title='bbox 1244 420 1370 451; x_wconf 85' lang='grc' dir='ltr'>τοιαύτας</span> <span class='ocrx_word' id='word_1_504' title='bbox 1384 421 1532 456; x_wconf 78' lang='grc' dir='ltr'><strong>ἑρμηνείας</strong></span> <span class='ocrx_word' id='word_1_505' title='bbox 1557 421 1622 456; x_wconf 54' lang='lat' dir='ltr'><strong>suos</strong></span> <span class='ocrx_word' id='word_1_506' title='bbox 1646 413 1812 447; x_wconf 71' lang='grc' dir='ltr'><strong>συντίθενται</strong></span> 
     </span>
    </p>
   </div>
   <div class='ocr_carea' id='block_1_73' title="bbox 1027 465 1812 503">
    <p class='ocr_par' dir='ltr' id='par_1_73' title="bbox 1027 465 1812 503">
     <span class='ocr_line' id='line_1_73' title="bbox 1027 465 1812 503; baseline 0.001 -11"><span class='ocrx_word' id='word_1_507' title='bbox 1027 466 1081 493; x_wconf 84' lang='grc' dir='ltr'><strong>τῶν</strong></span> <span class='ocrx_word' id='word_1_508' title='bbox 1093 466 1219 492; x_wconf 82' lang='grc' dir='ltr'><strong>τοιούτων</strong></span> <span class='ocrx_word' id='word_1_509' title='bbox 1231 466 1329 498; x_wconf 79' lang='grc' dir='ltr'><strong>λέξεων</strong></span> <span class='ocrx_word' id='word_1_510' title='bbox 1347 466 1469 501; x_wconf 79' lang='grc' dir='ltr'><strong>βελτίονα</strong></span> <span class='ocrx_word' id='word_1_511' title='bbox 1478 467 1524 493; x_wconf 75' lang='grc' dir='ltr'>καὶ</span> <span class='ocrx_word' id='word_1_512' title='bbox 1536 466 1731 503; x_wconf 78' lang='grc' dir='ltr'>ἀκριϐεστέραν</span> <span class='ocrx_word' id='word_1_513' title='bbox 1743 465 1812 493; x_wconf 76' lang='grc' dir='ltr'>εῖναι</span> 
     </span>
    </p>
   </div>
   <div class='ocr_carea' id='block_1_74' title="bbox 1027 512 1812 548">
    <p class='ocr_par' dir='ltr' id='par_1_74' title="bbox 1027 512 1812 548">
     <span class='ocr_line' id='line_1_74' title="bbox 1027 512 1812 548; baseline 0.001 -10"><span class='ocrx_word' id='word_1_514' title='bbox 1027 513 1077 548; x_wconf 79' lang='grc' dir='ltr'><strong>τὴν</strong></span> <span class='ocrx_word' id='word_1_515' title='bbox 1091 513 1119 538; x_wconf 79' lang='grc' dir='ltr'><strong>ἐν</strong></span> <span class='ocrx_word' id='word_1_516' title='bbox 1138 513 1239 548; x_wconf 82' lang='grc' dir='ltr'>Νικαίᾳ</span> <span class='ocrx_word' id='word_1_517' title='bbox 1255 512 1330 547; x_wconf 78' lang='grc' dir='ltr'>παρὰ</span> <span class='ocrx_word' id='word_1_518' title='bbox 1341 512 1394 539; x_wconf 78' lang='grc' dir='ltr'><strong>τῶν</strong></span> <span class='ocrx_word' id='word_1_519' title='bbox 1407 513 1534 548; x_wconf 78' lang='grc' dir='ltr'>Πατέρων</span> <span class='ocrx_word' id='word_1_520' title='bbox 1548 513 1754 548; x_wconf 79' lang='grc' dir='ltr'><strong>ὁμολογηθεῖσαν</strong></span> <span class='ocrx_word' id='word_1_521' title='bbox 1768 513 1812 539; x_wconf 76' lang='grc' dir='ltr'><strong>πι-</strong></span> 
     </span>
    </p>
   </div>
   <div class='ocr_carea' id='block_1_75' title="bbox 1029 559 1811 596">
    <p class='ocr_par' dir='ltr' id='par_1_75' title="bbox 1029 559 1811 596">
     <span class='ocr_line' id='line_1_75' title="bbox 1029 559 1811 596; baseline 0.003 -11"><span class='ocrx_word' id='word_1_522' title='bbox 1029 568 1097 590; x_wconf 86' lang='grc' dir='ltr'>στιν,</span> <span class='ocrx_word' id='word_1_523' title='bbox 1109 559 1213 585; x_wconf 77' lang='grc' dir='ltr'>καὶτοῦ</span> <span class='ocrx_word' id='word_1_524' title='bbox 1229 559 1322 586; x_wconf 81' lang='grc' dir='ltr'><strong>λοιποῦ</strong></span> <span class='ocrx_word' id='word_1_525' title='bbox 1347 561 1404 590; x_wconf 81' lang='grc' dir='ltr'>τοῖς</span> <span class='ocrx_word' id='word_1_526' title='bbox 1423 559 1525 595; x_wconf 82' lang='grc' dir='ltr'><strong>ταύτης</strong></span> <span class='ocrx_word' id='word_1_527' title='bbox 1545 559 1687 595; x_wconf 80' lang='grc' dir='ltr'>ἀρκεῖσθαι</span> <span class='ocrx_word' id='word_1_528' title='bbox 1712 561 1811 596; x_wconf 82' lang='grc' dir='ltr'>μᾶλλον</span> 
     </span>
    </p>
   </div>
   <div class='ocr_carea' id='block_1_76' title="bbox 1029 607 1420 643">
    <p class='ocr_par' dir='ltr' id='par_1_76' title="bbox 1029 607 1420 643">
     <span class='ocr_line' id='line_1_76' title="bbox 1029 607 1420 643; baseline 0.003 -10"><span class='ocrx_word' id='word_1_529' title='bbox 1029 607 1076 634; x_wconf 71' lang='grc' dir='ltr'><strong>καὶ</strong></span> <span class='ocrx_word' id='word_1_530' title='bbox 1090 607 1205 643; x_wconf 79' lang='grc' dir='ltr'>χρᾶσθαι</span> <span class='ocrx_word' id='word_1_531' title='bbox 1219 607 1274 642; x_wconf 72' lang='grc'><strong>(45)</strong></span> <span class='ocrx_word' id='word_1_532' title='bbox 1292 608 1420 643; x_wconf 76' lang='grc' dir='ltr'>ῥήμασιν.</span> 
     </span>
    </p>
   </div>
   <div class='ocr_carea' id='block_1_77' title="bbox 1063 693 1812 730">
    <p class='ocr_par' dir='ltr' id='par_1_77' title="bbox 1063 693 1812 730">
     <span class='ocr_line' id='line_1_77' title="bbox 1063 693 1812 730; baseline -0.001 -9"><span class='ocrx_word' id='word_1_533' title='bbox 1063 695 1090 721; x_wconf 86' lang='grc'><strong>7.</strong></span> <span class='ocrx_word' id='word_1_534' title='bbox 1117 695 1194 722; x_wconf 73' lang='grc' dir='ltr'>Ἀλλὰ</span> <span class='ocrx_word' id='word_1_535' title='bbox 1205 694 1294 721; x_wconf 81' lang='grc' dir='ltr'>καὶτὸ</span> <span class='ocrx_word' id='word_1_536' title='bbox 1305 695 1368 730; x_wconf 75' lang='grc' dir='ltr'>περὶ</span> <span class='ocrx_word' id='word_1_537' title='bbox 1386 695 1436 730; x_wconf 83' lang='grc' dir='ltr'><strong>τῆς</strong></span> <span class='ocrx_word' id='word_1_538' title='bbox 1452 694 1524 721; x_wconf 85' lang='grc' dir='ltr'><strong>κατὰ</strong></span> <span class='ocrx_word' id='word_1_539' title='bbox 1549 695 1637 730; x_wconf 82' lang='grc' dir='ltr'>σάρκα</span> <span class='ocrx_word' id='word_1_540' title='bbox 1659 693 1812 729; x_wconf 78' lang='grc' dir='ltr'>οἰκονομίας</span> 
     </span>
    </p>
   </div>
   <div class='ocr_carea' id='block_1_78' title="bbox 1028 740 1811 777">
    <p class='ocr_par' dir='ltr' id='par_1_78' title="bbox 1028 740 1811 777">
     <span class='ocr_line' id='line_1_78' title="bbox 1028 740 1811 777; baseline -0.003 -9"><span class='ocrx_word' id='word_1_541' title='bbox 1028 741 1075 768; x_wconf 81' lang='grc' dir='ltr'><strong>τοῦ</strong></span> <span class='ocrx_word' id='word_1_542' title='bbox 1091 742 1224 777; x_wconf 84' lang='grc' dir='ltr'><strong>Σωτῆρος,</strong></span> <span class='ocrx_word' id='word_1_543' title='bbox 1249 741 1341 777; x_wconf 76' lang='grc' dir='ltr'>ἐπειδὴ</span> <span class='ocrx_word' id='word_1_544' title='bbox 1357 741 1402 767; x_wconf 85' lang='grc' dir='ltr'><strong>καί</strong></span> <span class='ocrx_word' id='word_1_545' title='bbox 1418 741 1481 776; x_wconf 72' lang='grc' dir='ltr'>περὶ</span> <span class='ocrx_word' id='word_1_546' title='bbox 1494 741 1587 768; x_wconf 78' lang='grc' dir='ltr'>τούτου</span> <span class='ocrx_word' id='word_1_547' title='bbox 1607 741 1714 767; x_wconf 79' lang='grc' dir='ltr'><strong>ἐδόκουν</strong></span> <span class='ocrx_word' id='word_1_548' title='bbox 1736 740 1811 775; x_wconf 78' lang='grc' dir='ltr'>φιλο-</span> 
     </span>
    </p>
   </div>
   <div class='ocr_carea' id='block_1_79' title="bbox 1029 785 1813 822">
    <p class='ocr_par' dir='ltr' id='par_1_79' title="bbox 1029 785 1813 822">
     <span class='ocr_line' id='line_1_79' title="bbox 1029 785 1813 822; baseline -0.001 -9"><span class='ocrx_word' id='word_1_549' title='bbox 1029 789 1126 814; x_wconf 78' lang='grc' dir='ltr'>νεικεῖν</span> <span class='ocrx_word' id='word_1_550' title='bbox 1136 796 1207 819; x_wconf 80' lang='grc' dir='ltr'>τινες</span> <span class='ocrx_word' id='word_1_551' title='bbox 1219 787 1287 822; x_wconf 80' lang='grc' dir='ltr'><strong>πρὸς</strong></span> <span class='ocrx_word' id='word_1_552' title='bbox 1298 787 1436 822; x_wconf 82' lang='grc' dir='ltr'>ἀλλήλους,</span> <span class='ocrx_word' id='word_1_553' title='bbox 1448 787 1629 822; x_wconf 82' lang='grc' dir='ltr'>ἀνεκρίναμεν</span> <span class='ocrx_word' id='word_1_554' title='bbox 1642 786 1689 813; x_wconf 73' lang='grc' dir='ltr'>καὶ</span> <span class='ocrx_word' id='word_1_555' title='bbox 1701 785 1813 818; x_wconf 76' lang='grc' dir='ltr'><strong>τούτους</strong></span> 
     </span>
    </p>
   </div>
   <div class='ocr_carea' id='block_1_80' title="bbox 1030 828 1813 867">
    <p class='ocr_par' dir='ltr' id='par_1_80' title="bbox 1030 828 1813 867">
     <span class='ocr_line' id='line_1_80' title="bbox 1030 828 1813 867; baseline -0.003 -8"><span class='ocrx_word' id='word_1_556' title='bbox 1030 833 1171 864; x_wconf 81' lang='grc' dir='ltr'>κάκείνους</span> <span class='ocrx_word' id='word_1_557' title='bbox 1183 853 1190 864; x_wconf 87' lang='lat'><strong>,</strong></span> <span class='ocrx_word' id='word_1_558' title='bbox 1208 833 1254 859; x_wconf 81' lang='grc' dir='ltr'><strong>καὶ</strong></span> <span class='ocrx_word' id='word_1_559' title='bbox 1270 833 1340 867; x_wconf 79' lang='grc' dir='ltr'>ἅπερ</span> <span class='ocrx_word' id='word_1_560' title='bbox 1359 831 1514 866; x_wconf 82' lang='grc' dir='ltr'>ὡμολόγουν</span> <span class='ocrx_word' id='word_1_561' title='bbox 1528 828 1600 858; x_wconf 78' lang='grc' dir='ltr'>οὗτοι</span> <span class='ocrx_word' id='word_1_562' title='bbox 1612 850 1619 862; x_wconf 85' lang='grc'><strong>,</strong></span> <span class='ocrx_word' id='word_1_563' title='bbox 1647 830 1813 857; x_wconf 73' lang='grc' dir='ltr'>συνετίθεντο</span> 
     </span>
    </p>
   </div>
   <div class='ocr_carea' id='block_1_81' title="bbox 1029 875 1814 912">
    <p class='ocr_par' dir='ltr' id='par_1_81' title="bbox 1029 875 1814 912">
     <span class='ocr_line' id='line_1_81' title="bbox 1029 875 1814 912; baseline -0.005 -7"><span class='ocrx_word' id='word_1_564' title='bbox 1029 879 1159 909; x_wconf 81' lang='grc' dir='ltr'>κάκεῖνοι,</span> <span class='ocrx_word' id='word_1_565' title='bbox 1175 879 1215 904; x_wconf 73' lang='grc' dir='ltr'><strong>ὅτι</strong></span> <span class='ocrx_word' id='word_1_566' title='bbox 1231 878 1279 912; x_wconf 86' lang='grc' dir='ltr'><strong>οὺχ</strong></span> <span class='ocrx_word' id='word_1_567' title='bbox 1295 877 1350 912; x_wconf 68' lang='grc'><strong>(44)</strong></span> <span class='ocrx_word' id='word_1_568' title='bbox 1367 877 1404 908; x_wconf 83' lang='grc' dir='ltr'><strong>ὼς</strong></span> <span class='ocrx_word' id='word_1_569' title='bbox 1428 878 1468 908; x_wconf 83' lang='grc' dir='ltr'><strong>εἰς</strong></span> <span class='ocrx_word' id='word_1_570' title='bbox 1483 877 1545 908; x_wconf 77' lang='grc' dir='ltr'>τοὺς</span> <span class='ocrx_word' id='word_1_571' title='bbox 1567 876 1707 911; x_wconf 79' lang='grc' dir='ltr'>προφήτας</span> <span class='ocrx_word' id='word_1_572' title='bbox 1726 885 1735 901; x_wconf 73' lang='grc' dir='ltr'><strong>ε</strong></span> <span class='ocrx_word' id='word_1_573' title='bbox 1753 875 1814 910; x_wconf 84' lang='grc' dir='ltr'><strong>ὲγέ-</strong></span> 
     </span>
    </p>
   </div>
   <div class='ocr_carea' id='block_1_82' title="bbox 1029 921 1812 959">
    <p class='ocr_par' dir='ltr' id='par_1_82' title="bbox 1029 921 1812 959">
     <span class='ocr_line' id='line_1_82' title="bbox 1029 921 1812 959; baseline -0.005 -8"><span class='ocrx_word' id='word_1_574' title='bbox 1029 933 1087 951; x_wconf 89' lang='grc' dir='ltr'>νετο</span> <span class='ocrx_word' id='word_1_575' title='bbox 1103 925 1117 951; x_wconf 88' lang='grc' dir='ltr'><strong>ό</strong></span> <span class='ocrx_word' id='word_1_576' title='bbox 1127 924 1211 958; x_wconf 86' lang='grc' dir='ltr'><strong>Λόγος</strong></span> <span class='ocrx_word' id='word_1_577' title='bbox 1226 923 1337 959; x_wconf 84' lang='grc' dir='ltr'>Κυρίου,</span> <span class='ocrx_word' id='word_1_578' title='bbox 1359 932 1368 948; x_wconf 72' lang='grc' dir='ltr'><strong>ι</strong></span> <span class='ocrx_word' id='word_1_579' title='bbox 1385 923 1455 949; x_wconf 79' lang='grc' dir='ltr'><strong>οὕτω</strong></span> <span class='ocrx_word' id='word_1_580' title='bbox 1471 922 1517 949; x_wconf 74' lang='grc' dir='ltr'>καὶ</span> <span class='ocrx_word' id='word_1_581' title='bbox 1532 923 1571 953; x_wconf 86' lang='grc' dir='ltr'>είς</span> <span class='ocrx_word' id='word_1_582' title='bbox 1585 921 1661 956; x_wconf 77' lang='grc' dir='ltr'>ἅγιον</span> <span class='ocrx_word' id='word_1_583' title='bbox 1671 921 1812 957; x_wconf 80' lang='grc' dir='ltr'><strong>ἄνθρωπον</strong></span> 
     </span>
    </p>
   </div>
   <div class='ocr_carea' id='block_1_83' title="bbox 1029 967 1813 1005">
    <p class='ocr_par' dir='ltr' id='par_1_83' title="bbox 1029 967 1813 1005">
     <span class='ocr_line' id='line_1_83' title="bbox 1029 967 1813 1005; baseline -0.004 -9"><span class='ocrx_word' id='word_1_584' title='bbox 1029 970 1191 1005; x_wconf 79' lang='grc' dir='ltr'>ὲνεδήμησεν</span> <span class='ocrx_word' id='word_1_585' title='bbox 1209 969 1255 995; x_wconf 79' lang='grc' dir='ltr'><strong>ἐπὶ</strong></span> <span class='ocrx_word' id='word_1_586' title='bbox 1270 968 1407 1004; x_wconf 71' lang='grc' dir='ltr'>συντελείᾳ</span> <span class='ocrx_word' id='word_1_587' title='bbox 1423 968 1477 994; x_wconf 78' lang='grc' dir='ltr'>τῶν</span> <span class='ocrx_word' id='word_1_588' title='bbox 1492 967 1606 998; x_wconf 83' lang='grc' dir='ltr'><strong>αἰώνων,</strong></span> <span class='ocrx_word' id='word_1_589' title='bbox 1628 967 1685 994; x_wconf 78' lang='grc' dir='ltr'>ἀλλ’</span> <span class='ocrx_word' id='word_1_590' title='bbox 1704 968 1783 998; x_wconf 77' lang='grc' dir='ltr'>αὐτὸς</span> <span class='ocrx_word' id='word_1_591' title='bbox 1798 969 1813 994; x_wconf 89' lang='grc' dir='ltr'><strong>ό</strong></span> 
     </span>
    </p>
   </div>
   <div class='ocr_carea' id='block_1_84' title="bbox 1028 1013 1811 1050">
    <p class='ocr_par' dir='ltr' id='par_1_84' title="bbox 1028 1013 1811 1050">
     <span class='ocr_line' id='line_1_84' title="bbox 1028 1013 1811 1050; baseline -0.005 -7"><span class='ocrx_word' id='word_1_592' title='bbox 1028 1016 1112 1050; x_wconf 82' lang='grc' dir='ltr'>Λόγος</span> <span class='ocrx_word' id='word_1_593' title='bbox 1137 1015 1204 1050; x_wconf 70' lang='grc' dir='ltr'>σὰρξ</span> <span class='ocrx_word' id='word_1_594' title='bbox 1223 1015 1328 1049; x_wconf 78' lang='grc' dir='ltr'>ἐγένετο</span> <span class='ocrx_word' id='word_1_595' title='bbox 1341 1023 1347 1029; x_wconf 90' lang='grc'>·</span> <span class='ocrx_word' id='word_1_596' title='bbox 1362 1015 1409 1041; x_wconf 78' lang='grc' dir='ltr'>καὶ</span> <span class='ocrx_word' id='word_1_597' title='bbox 1427 1015 1455 1040; x_wconf 79' lang='grc' dir='ltr'><strong>ὲν</strong></span> <span class='ocrx_word' id='word_1_598' title='bbox 1473 1015 1562 1049; x_wconf 64' lang='grc' dir='ltr'>μορφῇ</span> <span class='ocrx_word' id='word_1_599' title='bbox 1577 1013 1644 1039; x_wconf 87' lang='grc' dir='ltr'>Θεοῦ</span> <span class='ocrx_word' id='word_1_600' title='bbox 1671 1013 1811 1049; x_wconf 75' lang='grc' dir='ltr'><strong>ὑπάρχων,</strong></span> 
     </span>
    </p>
   </div>
   <div class='ocr_carea' id='block_1_85' title="bbox 1029 1059 1811 1096">
    <p class='ocr_par' dir='ltr' id='par_1_85' title="bbox 1029 1059 1811 1096">
     <span class='ocr_line' id='line_1_85' title="bbox 1029 1059 1811 1096; baseline -0.003 -8"><span class='ocrx_word' id='word_1_601' title='bbox 1029 1061 1107 1088; x_wconf 75' lang='grc' dir='ltr'>ἔλαϐε</span> <span class='ocrx_word' id='word_1_602' title='bbox 1127 1061 1220 1088; x_wconf 83' lang='grc' dir='ltr'>δούλου</span> <span class='ocrx_word' id='word_1_603' title='bbox 1242 1060 1345 1096; x_wconf 79' lang='grc' dir='ltr'>μορφὴν</span> <span class='ocrx_word' id='word_1_604' title='bbox 1358 1081 1365 1094; x_wconf 90' lang='lat'><strong>,</strong></span> <span class='ocrx_word' id='word_1_605' title='bbox 1394 1060 1426 1086; x_wconf 74' lang='grc' dir='ltr'>ἐκ</span> <span class='ocrx_word' id='word_1_606' title='bbox 1447 1068 1477 1086; x_wconf 86' lang='grc' dir='ltr'>τε</span> <span class='ocrx_word' id='word_1_607' title='bbox 1493 1060 1541 1095; x_wconf 84' lang='grc' dir='ltr'><strong>τῆς</strong></span> <span class='ocrx_word' id='word_1_608' title='bbox 1557 1059 1665 1095; x_wconf 85' lang='grc' dir='ltr'>Μαρίας</span> <span class='ocrx_word' id='word_1_609' title='bbox 1686 1060 1716 1086; x_wconf 86' lang='grc' dir='ltr'><strong>τὸ</strong></span> <span class='ocrx_word' id='word_1_610' title='bbox 1741 1059 1811 1086; x_wconf 75' lang='grc' dir='ltr'>κατὰ</span> 
     </span>
    </p>
   </div>
   <div class='ocr_carea' id='block_1_86' title="bbox 1031 1104 1812 1143">
    <p class='ocr_par' dir='ltr' id='par_1_86' title="bbox 1031 1104 1812 1143">
     <span class='ocr_line' id='line_1_86' title="bbox 1031 1104 1812 1143; baseline -0.003 -9"><span class='ocrx_word' id='word_1_611' title='bbox 1031 1108 1118 1143; x_wconf 76' lang='grc' dir='ltr'>σάρκα</span> <span class='ocrx_word' id='word_1_612' title='bbox 1127 1106 1271 1142; x_wconf 82' lang='grc' dir='ltr'>γεγένηται</span> <span class='ocrx_word' id='word_1_613' title='bbox 1295 1106 1350 1140; x_wconf 69' lang='grc'><strong>(43)</strong></span> <span class='ocrx_word' id='word_1_614' title='bbox 1371 1105 1512 1140; x_wconf 79' lang='grc' dir='ltr'><strong>ἄνθρωπος</strong></span> <span class='ocrx_word' id='word_1_615' title='bbox 1534 1105 1567 1132; x_wconf 85' lang='grc' dir='ltr'>δι’</span> <span class='ocrx_word' id='word_1_616' title='bbox 1588 1105 1737 1140; x_wconf 43' lang='lat' dir='ltr'><strong>quid“),</strong></span> <span class='ocrx_word' id='word_1_617' title='bbox 1765 1104 1812 1132; x_wconf 81' lang='grc' dir='ltr'>καὶ</span> 
     </span>
    </p>
   </div>
   <div class='ocr_carea' id='block_1_87' title="bbox 1029 1151 1812 1187">
    <p class='ocr_par' dir='ltr' id='par_1_87' title="bbox 1029 1151 1812 1187">
     <span class='ocr_line' id='line_1_87' title="bbox 1029 1151 1812 1187; baseline -0.004 -7"><span class='ocrx_word' id='word_1_618' title='bbox 1029 1154 1099 1180; x_wconf 67' lang='grc' dir='ltr'>οὕτω</span> <span class='ocrx_word' id='word_1_619' title='bbox 1115 1153 1224 1184; x_wconf 84' lang='grc' dir='ltr'>τελείως</span> <span class='ocrx_word' id='word_1_620' title='bbox 1240 1153 1287 1179; x_wconf 77' lang='grc' dir='ltr'>καὶ</span> <span class='ocrx_word' id='word_1_621' title='bbox 1311 1152 1465 1187; x_wconf 82' lang='grc' dir='ltr'>ὁλοκλήρως</span> <span class='ocrx_word' id='word_1_622' title='bbox 1486 1152 1516 1178; x_wconf 83' lang='grc' dir='ltr'><strong>τὸ</strong></span> <span class='ocrx_word' id='word_1_623' title='bbox 1538 1151 1706 1187; x_wconf 77' lang='grc' dir='ltr'>ἀνθρώπινον</span> <span class='ocrx_word' id='word_1_624' title='bbox 1735 1151 1812 1185; x_wconf 77' lang='grc' dir='ltr'>γένος</span> 
     </span>
    </p>
   </div>
   <div class='ocr_carea' id='block_1_88' title="bbox 1029 1197 1812 1234">
    <p class='ocr_par' dir='ltr' id='par_1_88' title="bbox 1029 1197 1812 1234">
     <span class='ocr_line' id='line_1_88' title="bbox 1029 1197 1812 1234; baseline -0.003 -9"><span class='ocrx_word' id='word_1_625' title='bbox 1029 1199 1250 1234; x_wconf 83' lang='grc' dir='ltr'>ὲλευθερούμενον</span> <span class='ocrx_word' id='word_1_626' title='bbox 1265 1199 1318 1225; x_wconf 80' lang='grc' dir='ltr'><strong>ἀπὸ</strong></span> <span class='ocrx_word' id='word_1_627' title='bbox 1331 1200 1380 1234; x_wconf 79' lang='grc' dir='ltr'><strong>τῆς</strong></span> <span class='ocrx_word' id='word_1_628' title='bbox 1394 1198 1529 1233; x_wconf 75' lang='grc' dir='ltr'>ἁμαρτίας</span> <span class='ocrx_word' id='word_1_629' title='bbox 1540 1198 1568 1223; x_wconf 82' lang='grc' dir='ltr'>ὲν</span> <span class='ocrx_word' id='word_1_630' title='bbox 1585 1197 1667 1232; x_wconf 79' lang='grc' dir='ltr'>αὐτῷ,</span> <span class='ocrx_word' id='word_1_631' title='bbox 1681 1198 1728 1223; x_wconf 77' lang='grc' dir='ltr'>καὶ</span> <span class='ocrx_word' id='word_1_632' title='bbox 1743 1197 1812 1229; x_wconf 85' lang='grc' dir='ltr'><strong>ζωο-</strong></span> 
     </span>
    </p>
   </div>
   <div class='ocr_carea' id='block_1_89' title="bbox 1029 1242 1813 1280">
    <p class='ocr_par' dir='ltr' id='par_1_89' title="bbox 1029 1242 1813 1280">
     <span class='ocr_line' id='line_1_89' title="bbox 1029 1242 1813 1280; baseline -0.004 -9"><span class='ocrx_word' id='word_1_633' title='bbox 1029 1245 1187 1280; x_wconf 78' lang='grc' dir='ltr'>ποιούμενον</span> <span class='ocrx_word' id='word_1_634' title='bbox 1208 1246 1239 1271; x_wconf 75' lang='grc' dir='ltr'>ἐκ</span> <span class='ocrx_word' id='word_1_635' title='bbox 1258 1244 1311 1270; x_wconf 82' lang='grc' dir='ltr'>τῶν</span> <span class='ocrx_word' id='word_1_636' title='bbox 1333 1243 1436 1280; x_wconf 83' lang='grc' dir='ltr'>νεκρῶν</span> <span class='ocrx_word' id='word_1_637' title='bbox 1446 1264 1453 1275; x_wconf 88' lang='grc'><strong>,</strong></span> <span class='ocrx_word' id='word_1_638' title='bbox 1466 1244 1603 1277; x_wconf 75' lang='grc' dir='ltr'>εἰσάγεται</span> <span class='ocrx_word' id='word_1_639' title='bbox 1616 1244 1654 1274; x_wconf 80' lang='grc' dir='ltr'><strong>εἰς</strong></span> <span class='ocrx_word' id='word_1_640' title='bbox 1670 1243 1719 1278; x_wconf 81' lang='grc' dir='ltr'>τὴν</span> <span class='ocrx_word' id='word_1_641' title='bbox 1735 1242 1813 1277; x_wconf 83' lang='grc' dir='ltr'>βασι-</span> 
     </span>
    </p>
   </div>
   <div class='ocr_carea' id='block_1_90' title="bbox 1028 1288 1812 1325">
    <p class='ocr_par' dir='ltr' id='par_1_90' title="bbox 1028 1288 1812 1325">
     <span class='ocr_line' id='line_1_90' title="bbox 1028 1288 1812 1325; baseline -0.004 -8"><span class='ocrx_word' id='word_1_642' title='bbox 1028 1291 1103 1317; x_wconf 83' lang='grc' dir='ltr'>λείαν</span> <span class='ocrx_word' id='word_1_643' title='bbox 1135 1290 1188 1317; x_wconf 85' lang='grc' dir='ltr'><strong>τῶν</strong></span> <span class='ocrx_word' id='word_1_644' title='bbox 1212 1289 1343 1325; x_wconf 76' lang='grc' dir='ltr'>οὐρανῶν.</span> <span class='ocrx_word' id='word_1_645' title='bbox 1378 1289 1538 1325; x_wconf 84' lang='grc' dir='ltr'>Ὡμολόγουν</span> <span class='ocrx_word' id='word_1_646' title='bbox 1563 1289 1616 1324; x_wconf 88' lang='grc' dir='ltr'>γὰρ</span> <span class='ocrx_word' id='word_1_647' title='bbox 1643 1289 1691 1315; x_wconf 76' lang='grc' dir='ltr'><strong>καὶ</strong></span> <span class='ocrx_word' id='word_1_648' title='bbox 1715 1288 1812 1320; x_wconf 79' lang='grc' dir='ltr'>τοῦτο,</span> 
     </span>
    </p>
   </div>
   <div class='ocr_carea' id='block_1_91' title="bbox 1029 1332 1812 1371">
    <p class='ocr_par' dir='ltr' id='par_1_91' title="bbox 1029 1332 1812 1371">
     <span class='ocr_line' id='line_1_91' title="bbox 1029 1332 1812 1371; baseline -0.003 -9"><span class='ocrx_word' id='word_1_649' title='bbox 1029 1337 1069 1362; x_wconf 82' lang='grc' dir='ltr'>ὅτι</span> <span class='ocrx_word' id='word_1_650' title='bbox 1087 1336 1140 1371; x_wconf 70' lang='grc'><strong>(46)</strong></span> <span class='ocrx_word' id='word_1_651' title='bbox 1158 1336 1188 1362; x_wconf 83' lang='grc' dir='ltr'><strong>οὐ</strong></span> <span class='ocrx_word' id='word_1_652' title='bbox 1203 1335 1281 1370; x_wconf 85' lang='grc' dir='ltr'>σῶμα</span> <span class='ocrx_word' id='word_1_653' title='bbox 1292 1335 1404 1370; x_wconf 72' lang='grc' dir='ltr'>ἄψυχον,</span> <span class='ocrx_word' id='word_1_654' title='bbox 1417 1335 1470 1361; x_wconf 78' lang='grc' dir='ltr'>οὐδ’</span> <span class='ocrx_word' id='word_1_655' title='bbox 1480 1334 1651 1368; x_wconf 79' lang='grc' dir='ltr'>ἀναίσθητον,</span> <span class='ocrx_word' id='word_1_656' title='bbox 1665 1332 1718 1360; x_wconf 75' lang='grc' dir='ltr'>οὐδ’</span> <span class='ocrx_word' id='word_1_657' title='bbox 1733 1334 1812 1369; x_wconf 78' lang='grc' dir='ltr'>ἀνόη-</span> 
     </span>
    </p>
   </div>
   <div class='ocr_carea' id='block_1_92' title="bbox 1027 1378 1812 1417">
    <p class='ocr_par' dir='ltr' id='par_1_92' title="bbox 1027 1378 1812 1417">
     <span class='ocr_line' id='line_1_92' title="bbox 1027 1378 1812 1417; baseline -0.003 -9"><span class='ocrx_word' id='word_1_658' title='bbox 1027 1390 1072 1408; x_wconf 89' lang='grc' dir='ltr'><strong>τον</strong></span> <span class='ocrx_word' id='word_1_659' title='bbox 1083 1380 1154 1416; x_wconf 75' lang='grc' dir='ltr'>εἶχεν</span> <span class='ocrx_word' id='word_1_660' title='bbox 1168 1383 1182 1408; x_wconf 87' lang='grc' dir='ltr'>ὁ</span> <span class='ocrx_word' id='word_1_661' title='bbox 1197 1381 1301 1416; x_wconf 86' lang='grc' dir='ltr'><strong>Σωτήρ.</strong></span> <span class='ocrx_word' id='word_1_662' title='bbox 1319 1381 1384 1408; x_wconf 71' lang='grc' dir='ltr'><strong>οὐδὲ</strong></span> <span class='ocrx_word' id='word_1_663' title='bbox 1398 1380 1451 1416; x_wconf 77' lang='grc' dir='ltr'>γὰρ</span> <span class='ocrx_word' id='word_1_664' title='bbox 1466 1378 1520 1407; x_wconf 77' lang='grc' dir='ltr'>οἷόν</span> <span class='ocrx_word' id='word_1_665' title='bbox 1534 1389 1563 1406; x_wconf 87' lang='grc' dir='ltr'>τε</span> <span class='ocrx_word' id='word_1_666' title='bbox 1579 1378 1613 1417; x_wconf 77' lang='grc' dir='ltr'><strong>ἦν</strong></span> <span class='ocrx_word' id='word_1_667' title='bbox 1623 1399 1630 1412; x_wconf 86' lang='grc'><strong>,</strong></span> <span class='ocrx_word' id='word_1_668' title='bbox 1649 1380 1695 1406; x_wconf 81' lang='grc' dir='ltr'><strong>τοῦ</strong></span> <span class='ocrx_word' id='word_1_669' title='bbox 1710 1381 1812 1415; x_wconf 85' lang='grc' dir='ltr'>Κυρίου</span> 
     </span>
    </p>
   </div>
   <div class='ocr_carea' id='block_1_93' title="bbox 1027 1424 1812 1463">
    <p class='ocr_par' dir='ltr' id='par_1_93' title="bbox 1027 1424 1812 1463">
     <span class='ocr_line' id='line_1_93' title="bbox 1027 1424 1812 1463; baseline -0.003 -9"><span class='ocrx_word' id='word_1_670' title='bbox 1027 1428 1060 1454; x_wconf 80' lang='grc' dir='ltr'><strong>δι’</strong></span> <span class='ocrx_word' id='word_1_671' title='bbox 1076 1428 1151 1463; x_wconf 81' lang='grc' dir='ltr'><strong>ἡμᾶς</strong></span> <span class='ocrx_word' id='word_1_672' title='bbox 1165 1427 1308 1462; x_wconf 83' lang='grc' dir='ltr'>ἀνθρώπου</span> <span class='ocrx_word' id='word_1_673' title='bbox 1319 1427 1475 1462; x_wconf 80' lang='grc' dir='ltr'>γενομένου,</span> <span class='ocrx_word' id='word_1_674' title='bbox 1489 1427 1600 1462; x_wconf 80' lang='grc' dir='ltr'>ἀνόητον</span> <span class='ocrx_word' id='word_1_675' title='bbox 1613 1424 1723 1453; x_wconf 78' lang='grc' dir='ltr'>εἶναιτὸ</span> <span class='ocrx_word' id='word_1_676' title='bbox 1734 1426 1812 1461; x_wconf 83' lang='grc' dir='ltr'>σῶμα</span> 
     </span>
    </p>
   </div>
   <div class='ocr_carea' id='block_1_94' title="bbox 1029 1472 1812 1508">
    <p class='ocr_par' dir='ltr' id='par_1_94' title="bbox 1029 1472 1812 1508">
     <span class='ocr_line' id='line_1_94' title="bbox 1029 1472 1812 1508; baseline 0 -9"><span class='ocrx_word' id='word_1_677' title='bbox 1029 1473 1121 1505; x_wconf 75' lang='grc' dir='ltr'>αὑτοῦ,</span> <span class='ocrx_word' id='word_1_678' title='bbox 1136 1473 1195 1499; x_wconf 80' lang='grc' dir='ltr'>οὐδὲ</span> <span class='ocrx_word' id='word_1_679' title='bbox 1210 1473 1334 1508; x_wconf 85' lang='grc' dir='ltr'>σώματος</span> <span class='ocrx_word' id='word_1_680' title='bbox 1347 1473 1437 1508; x_wconf 84' lang='grc' dir='ltr'>μόνου,</span> <span class='ocrx_word' id='word_1_681' title='bbox 1457 1472 1523 1500; x_wconf 78' lang='grc' dir='ltr'>ἀλλὰ</span> <span class='ocrx_word' id='word_1_682' title='bbox 1538 1474 1585 1499; x_wconf 72' lang='grc' dir='ltr'>καὶ</span> <span class='ocrx_word' id='word_1_683' title='bbox 1597 1472 1684 1508; x_wconf 78' lang='grc' dir='ltr'>ψυχῆς</span> <span class='ocrx_word' id='word_1_684' title='bbox 1694 1474 1722 1499; x_wconf 83' lang='grc' dir='ltr'><strong>ὲν</strong></span> <span class='ocrx_word' id='word_1_685' title='bbox 1737 1473 1812 1508; x_wconf 79' lang='grc' dir='ltr'>αὐτῷ</span> 
     </span>
    </p>
   </div>
   <div class='ocr_carea' id='block_1_95' title="bbox 1028 1519 1810 1555">
    <p class='ocr_par' dir='ltr' id='par_1_95' title="bbox 1028 1519 1810 1555">
     <span class='ocr_line' id='line_1_95' title="bbox 1028 1519 1810 1555; baseline 0 -9"><span class='ocrx_word' id='word_1_686' title='bbox 1028 1519 1067 1554; x_wconf 87' lang='grc' dir='ltr'><strong>τῷ</strong></span> <span class='ocrx_word' id='word_1_687' title='bbox 1079 1520 1156 1554; x_wconf 85' lang='grc' dir='ltr'><strong>Λόγῳ</strong></span> <span class='ocrx_word' id='word_1_688' title='bbox 1168 1519 1288 1555; x_wconf 84' lang='grc' dir='ltr'>σωτηρία</span> <span class='ocrx_word' id='word_1_689' title='bbox 1309 1519 1418 1553; x_wconf 84' lang='grc' dir='ltr'>γέγονεν</span> <span class='ocrx_word' id='word_1_690' title='bbox 1431 1527 1438 1534; x_wconf 64' lang='grc' dir='ltr'><strong>θ</strong></span> <span class='ocrx_word' id='word_1_691' title='bbox 1455 1519 1517 1551; x_wconf 85' lang='grc' dir='ltr'>Υἱός</span> <span class='ocrx_word' id='word_1_692' title='bbox 1535 1528 1563 1546; x_wconf 86' lang='grc' dir='ltr'><strong>τε</strong></span> <span class='ocrx_word' id='word_1_693' title='bbox 1578 1519 1615 1546; x_wconf 83' lang='grc' dir='ltr'><strong>ὢν</strong></span> <span class='ocrx_word' id='word_1_694' title='bbox 1635 1519 1742 1555; x_wconf 84' lang='grc' dir='ltr'>ἀληθῶς</span> <span class='ocrx_word' id='word_1_695' title='bbox 1762 1520 1810 1546; x_wconf 84' lang='grc' dir='ltr'><strong>τοῦ</strong></span> 
     </span>
    </p>
   </div>
   <div class='ocr_carea' id='block_1_96' title="bbox 1030 1564 1812 1601">
    <p class='ocr_par' dir='ltr' id='par_1_96' title="bbox 1030 1564 1812 1601">
     <span class='ocr_line' id='line_1_96' title="bbox 1030 1564 1812 1601; baseline 0 -10"><span class='ocrx_word' id='word_1_696' title='bbox 1030 1564 1106 1597; x_wconf 79' lang='grc' dir='ltr'>Θεοῦ,</span> <span class='ocrx_word' id='word_1_697' title='bbox 1124 1565 1217 1598; x_wconf 81' lang='grc' dir='ltr'>γέγονε</span> <span class='ocrx_word' id='word_1_698' title='bbox 1232 1564 1278 1591; x_wconf 80' lang='grc' dir='ltr'>καὶ</span> <span class='ocrx_word' id='word_1_699' title='bbox 1292 1565 1347 1596; x_wconf 86' lang='grc' dir='ltr'><strong>υἱὸς</strong></span> <span class='ocrx_word' id='word_1_700' title='bbox 1361 1564 1503 1600; x_wconf 83' lang='grc' dir='ltr'>ἀνθρώπου</span> <span class='ocrx_word' id='word_1_701' title='bbox 1515 1571 1522 1578; x_wconf 89' lang='grc'><strong>·</strong></span> <span class='ocrx_word' id='word_1_702' title='bbox 1546 1565 1593 1591; x_wconf 72' lang='grc' dir='ltr'>καὶ</span> <span class='ocrx_word' id='word_1_703' title='bbox 1618 1565 1761 1601; x_wconf 82' lang='grc' dir='ltr'>μονογενὴς</span> <span class='ocrx_word' id='word_1_704' title='bbox 1774 1565 1812 1591; x_wconf 84' lang='grc' dir='ltr'><strong>ὢν</strong></span> 
     </span>
    </p>
   </div>
   <div class='ocr_carea' id='block_1_97' title="bbox 1030 1609 1811 1646">
    <p class='ocr_par' dir='ltr' id='par_1_97' title="bbox 1030 1609 1811 1646">
     <span class='ocr_line' id='line_1_97' title="bbox 1030 1609 1811 1646; baseline 0.001 -10"><span class='ocrx_word' id='word_1_705' title='bbox 1030 1610 1094 1642; x_wconf 64' lang='lat' dir='ltr'><strong>ne;</strong></span> <span class='ocrx_word' id='word_1_706' title='bbox 1107 1610 1153 1636; x_wconf 83' lang='grc' dir='ltr'><strong>τοῦ</strong></span> <span class='ocrx_word' id='word_1_707' title='bbox 1170 1610 1247 1642; x_wconf 82' lang='grc' dir='ltr'>Θεοῦ,</span> <span class='ocrx_word' id='word_1_708' title='bbox 1263 1609 1372 1644; x_wconf 81' lang='grc' dir='ltr'>γέγονεν</span> <span class='ocrx_word' id='word_1_709' title='bbox 1384 1610 1398 1636; x_wconf 87' lang='grc' dir='ltr'>ὁ</span> <span class='ocrx_word' id='word_1_710' title='bbox 1424 1610 1505 1642; x_wconf 66' lang='grc' dir='ltr'>αὐτὸς</span> <span class='ocrx_word' id='word_1_711' title='bbox 1530 1611 1577 1637; x_wconf 70' lang='grc' dir='ltr'>καὶ</span> <span class='ocrx_word' id='word_1_712' title='bbox 1592 1611 1762 1646; x_wconf 75' lang='grc' dir='ltr'>πρωτότοκος</span> <span class='ocrx_word' id='word_1_713' title='bbox 1783 1611 1811 1637; x_wconf 79' lang='grc' dir='ltr'><strong>ὲν</strong></span> 
     </span>
    </p>
   </div>
   <div class='ocr_carea' id='block_1_98' title="bbox 1029 1655 1813 1692">
    <p class='ocr_par' dir='ltr' id='par_1_98' title="bbox 1029 1655 1813 1692">
     <span class='ocr_line' id='line_1_98' title="bbox 1029 1655 1813 1692; baseline 0 -9"><span class='ocrx_word' id='word_1_714' title='bbox 1029 1657 1135 1689; x_wconf 81' lang='grc' dir='ltr'>πολλοῖς</span> <span class='ocrx_word' id='word_1_715' title='bbox 1148 1657 1281 1692; x_wconf 79' lang='grc' dir='ltr'>ἀδελφοῖς.</span> <span class='ocrx_word' id='word_1_716' title='bbox 1300 1655 1344 1682; x_wconf 83' lang='grc' dir='ltr'><strong>Διδ</strong></span> <span class='ocrx_word' id='word_1_717' title='bbox 1357 1655 1413 1682; x_wconf 70' lang='grc' dir='ltr'>οὗθ’</span> <span class='ocrx_word' id='word_1_718' title='bbox 1430 1656 1484 1691; x_wconf 75' lang='grc'><strong>(47)</strong></span> <span class='ocrx_word' id='word_1_719' title='bbox 1497 1656 1590 1692; x_wconf 76' lang='grc' dir='ltr'>ἔτερος</span> <span class='ocrx_word' id='word_1_720' title='bbox 1608 1657 1656 1692; x_wconf 82' lang='grc' dir='ltr'><strong>μὲν</strong></span> <span class='ocrx_word' id='word_1_721' title='bbox 1677 1655 1709 1692; x_wconf 77' lang='grc' dir='ltr'><strong>ἦν</strong></span> <span class='ocrx_word' id='word_1_722' title='bbox 1725 1658 1738 1684; x_wconf 90' lang='grc' dir='ltr'><strong>ό</strong></span> <span class='ocrx_word' id='word_1_723' title='bbox 1757 1657 1813 1692; x_wconf 74' lang='grc' dir='ltr'><strong>πρὸ</strong></span> 
     </span>
    </p>
   </div>
   <div class='ocr_carea' id='block_1_99' title="bbox 1029 1701 1810 1738">
    <p class='ocr_par' dir='ltr' id='par_1_99' title="bbox 1029 1701 1810 1738">
     <span class='ocr_line' id='line_1_99' title="bbox 1029 1701 1810 1738; baseline 0 -10"><span class='ocrx_word' id='word_1_724' title='bbox 1029 1703 1075 1728; x_wconf 81' lang='grc' dir='ltr'><strong>τοῦ</strong></span> <span class='ocrx_word' id='word_1_725' title='bbox 1091 1703 1212 1737; x_wconf 78' lang='grc' dir='ltr'>Ἀὗραὰμ</span> <span class='ocrx_word' id='word_1_726' title='bbox 1221 1702 1282 1733; x_wconf 83' lang='grc' dir='ltr'><strong>Υἱὸς</strong></span> <span class='ocrx_word' id='word_1_727' title='bbox 1291 1702 1336 1728; x_wconf 85' lang='grc' dir='ltr'><strong>τοῦ</strong></span> <span class='ocrx_word' id='word_1_728' title='bbox 1344 1701 1422 1734; x_wconf 74' lang='grc' dir='ltr'>Θεοῦ,</span> <span class='ocrx_word' id='word_1_729' title='bbox 1432 1701 1523 1737; x_wconf 77' lang='grc' dir='ltr'>ἕτερος</span> <span class='ocrx_word' id='word_1_730' title='bbox 1536 1702 1564 1728; x_wconf 77' lang='grc' dir='ltr'><strong>δὲ</strong></span> <span class='ocrx_word' id='word_1_731' title='bbox 1575 1703 1588 1728; x_wconf 91' lang='grc' dir='ltr'><strong>ό</strong></span> <span class='ocrx_word' id='word_1_732' title='bbox 1600 1702 1667 1737; x_wconf 82' lang='grc' dir='ltr'>μετὰ</span> <span class='ocrx_word' id='word_1_733' title='bbox 1675 1702 1721 1728; x_wconf 75' lang='lat' dir='ltr'><strong>’A6</strong></span> <span class='ocrx_word' id='word_1_734' title='bbox 1726 1702 1810 1738; x_wconf 83' lang='grc' dir='ltr'>ραάμ·</span> 
     </span>
    </p>
   </div>
   <div class='ocr_carea' id='block_1_100' title="bbox 1029 1746 1812 1785">
    <p class='ocr_par' dir='ltr' id='par_1_100' title="bbox 1029 1746 1812 1785">
     <span class='ocr_line' id='line_1_100' title="bbox 1029 1746 1812 1785; baseline 0.001 -10"><span class='ocrx_word' id='word_1_735' title='bbox 1029 1749 1083 1775; x_wconf 82' lang='grc' dir='ltr'>οὐδ’</span> <span class='ocrx_word' id='word_1_736' title='bbox 1098 1749 1191 1784; x_wconf 73' lang='grc' dir='ltr'>ἔτερος</span> <span class='ocrx_word' id='word_1_737' title='bbox 1205 1749 1252 1784; x_wconf 84' lang='grc' dir='ltr'><strong>μὲν</strong></span> <span class='ocrx_word' id='word_1_738' title='bbox 1264 1746 1298 1784; x_wconf 84' lang='grc' dir='ltr'><strong>ἦν</strong></span> <span class='ocrx_word' id='word_1_739' title='bbox 1314 1749 1328 1775; x_wconf 87' lang='grc' dir='ltr'><strong>ό</strong></span> <span class='ocrx_word' id='word_1_740' title='bbox 1338 1748 1382 1775; x_wconf 86' lang='grc' dir='ltr'><strong>τδν</strong></span> <span class='ocrx_word' id='word_1_741' title='bbox 1396 1747 1520 1784; x_wconf 80' lang='grc' dir='ltr'>Λάζαρον</span> <span class='ocrx_word' id='word_1_742' title='bbox 1533 1748 1641 1784; x_wconf 79' lang='grc' dir='ltr'>ἐγείρας</span> <span class='ocrx_word' id='word_1_743' title='bbox 1652 1769 1659 1779; x_wconf 86' lang='grc'><strong>,</strong></span> <span class='ocrx_word' id='word_1_744' title='bbox 1677 1749 1767 1785; x_wconf 72' lang='grc' dir='ltr'>ἕτερος</span> <span class='ocrx_word' id='word_1_745' title='bbox 1783 1749 1812 1776; x_wconf 75' lang='grc' dir='ltr'>δὲ</span> 
     </span>
    </p>
   </div>
   <div class='ocr_carea' id='block_1_101' title="bbox 1029 1859 1809 1896">
    <p class='ocr_par' dir='ltr' id='par_1_101' title="bbox 1029 1859 1809 1896">
     <span class='ocr_line' id='line_1_101' title="bbox 1029 1859 1809 1896; baseline 0.003 -10"><span class='ocrx_word' id='word_1_746' title='bbox 1029 1860 1097 1896; x_wconf 76' lang='lat' dir='ltr'><strong>nisse</strong></span> <span class='ocrx_word' id='word_1_747' title='bbox 1117 1859 1228 1886; x_wconf 83' lang='lat' dir='ltr'><strong>Verbum</strong></span> <span class='ocrx_word' id='word_1_748' title='bbox 1241 1859 1299 1891; x_wconf 80' lang='lat' dir='ltr'><strong>Dei,</strong></span> <span class='ocrx_word' id='word_1_749' title='bbox 1316 1860 1385 1895; x_wconf 85' lang='lat' dir='ltr'><strong>quod</strong></span> <span class='ocrx_word' id='word_1_750' title='bbox 1399 1866 1455 1887; x_wconf 84' lang='lat' dir='ltr'><strong>erat</strong></span> <span class='ocrx_word' id='word_1_751' title='bbox 1471 1861 1498 1887; x_wconf 88' lang='lat' dir='ltr'><strong>in</strong></span> <span class='ocrx_word' id='word_1_752' title='bbox 1510 1861 1652 1896; x_wconf 81' lang='lat' dir='ltr'><strong>prophetis,</strong></span> <span class='ocrx_word' id='word_1_753' title='bbox 1667 1861 1711 1888; x_wconf 83' lang='lat' dir='ltr'><strong>sed</strong></span> <span class='ocrx_word' id='word_1_754' title='bbox 1724 1861 1809 1895; x_wconf 84' lang='lat' dir='ltr'><strong>ipsum</strong></span> 
     </span>
    </p>
   </div>
   <div class='ocr_carea' id='block_1_102' title="bbox 1034 1895 1811 1931">
    <p class='ocr_par' dir='ltr' id='par_1_102' title="bbox 1034 1895 1811 1931">
     <span class='ocr_line' id='line_1_102' title="bbox 1034 1895 1811 1931; baseline 0.004 -11"><span class='ocrx_word' id='word_1_755' title='bbox 1034 1895 1146 1921; x_wconf 85' lang='lat' dir='ltr'><strong>Verbum</strong></span> <span class='ocrx_word' id='word_1_756' title='bbox 1158 1903 1262 1921; x_wconf 84' lang='lat' dir='ltr'><strong>carnem</strong></span> <span class='ocrx_word' id='word_1_757' title='bbox 1275 1895 1374 1931; x_wconf 72' lang='lat' dir='ltr'><strong>factum</strong></span> <span class='ocrx_word' id='word_1_758' title='bbox 1390 1904 1444 1922; x_wconf 80' lang='lat' dir='ltr'><strong>esse</strong></span> <span class='ocrx_word' id='word_1_759' title='bbox 1457 1904 1508 1922; x_wconf 87' lang='lat' dir='ltr'><strong>non</strong></span> <span class='ocrx_word' id='word_1_760' title='bbox 1519 1903 1653 1931; x_wconf 75' lang='lat' dir='ltr'><strong>assumpta</strong></span> <span class='ocrx_word' id='word_1_761' title='bbox 1666 1902 1748 1923; x_wconf 83' lang='lat' dir='ltr'><strong>mente</strong></span> <span class='ocrx_word' id='word_1_762' title='bbox 1761 1897 1811 1923; x_wconf 85' lang='lat' dir='ltr'><strong>Itu-</strong></span> 
     </span>
    </p>
   </div>
   <div class='ocr_carea' id='block_1_103' title="bbox 1029 1930 1808 1966">
    <p class='ocr_par' dir='ltr' id='par_1_103' title="bbox 1029 1930 1808 1966">
     <span class='ocr_line' id='line_1_103' title="bbox 1029 1930 1808 1966; baseline 0.004 -11"><span class='ocrx_word' id='word_1_763' title='bbox 1029 1938 1117 1960; x_wconf 85' lang='lat' dir='ltr'><strong>mana,</strong></span> <span class='ocrx_word' id='word_1_764' title='bbox 1138 1934 1221 1966; x_wconf 81' lang='lat' dir='ltr'><strong>mente</strong></span> <span class='ocrx_word' id='word_1_765' title='bbox 1238 1930 1370 1966; x_wconf 78' lang='lat' dir='ltr'><strong>mutabili,</strong></span> <span class='ocrx_word' id='word_1_766' title='bbox 1386 1939 1454 1965; x_wconf 62' lang='lat' dir='ltr'><strong>quis,</strong></span> <span class='ocrx_word' id='word_1_767' title='bbox 1474 1931 1592 1965; x_wconf 77' lang='lat' dir='ltr'><strong>turpibus</strong></span> <span class='ocrx_word' id='word_1_768' title='bbox 1604 1930 1808 1966; x_wconf 75' lang='lat' dir='ltr'><strong>cogitationibus</strong></span> 
     </span>
    </p>
   </div>
   <div class='ocr_carea' id='block_1_104' title="bbox 1029 1965 1808 1998">
    <p class='ocr_par' dir='ltr' id='par_1_104' title="bbox 1029 1965 1808 1998">
     <span class='ocr_line' id='line_1_104' title="bbox 1029 1965 1808 1998; baseline 0.004 -7"><span class='ocrx_word' id='word_1_769' title='bbox 1029 1966 1131 1998; x_wconf 80' lang='lat' dir='ltr'><strong>captiva</strong></span> <span class='ocrx_word' id='word_1_770' title='bbox 1146 1965 1262 1996; x_wconf 81' lang='lat' dir='ltr'><strong>ducitur,</strong></span> <span class='ocrx_word' id='word_1_771' title='bbox 1273 1965 1317 1992; x_wconf 82' lang='lat' dir='ltr'><strong>sed</strong></span> <span class='ocrx_word' id='word_1_772' title='bbox 1330 1966 1420 1992; x_wconf 84' lang='lat' dir='ltr'><strong>divina</strong></span> <span class='ocrx_word' id='word_1_773' title='bbox 1433 1972 1525 1997; x_wconf 79' lang='lat' dir='ltr'><strong>mente,</strong></span> <span class='ocrx_word' id='word_1_774' title='bbox 1539 1965 1707 1998; x_wconf 78' lang='lat' dir='ltr'><strong>immutabili,</strong></span> <span class='ocrx_word' id='word_1_775' title='bbox 1721 1971 1744 1994; x_wconf 81' lang='lat' dir='ltr'><strong>et</strong></span> <span class='ocrx_word' id='word_1_776' title='bbox 1756 1975 1808 1994; x_wconf 75' lang='grc' dir='ltr'><strong>τω-</strong></span> 
     </span>
    </p>
   </div>
   <div class='ocr_carea' id='block_1_105' title="bbox 1028 1999 1807 2035">
    <p class='ocr_par' dir='ltr' id='par_1_105' title="bbox 1028 1999 1807 2035">
     <span class='ocr_line' id='line_1_105' title="bbox 1028 1999 1807 2035; baseline 0.004 -10"><span class='ocrx_word' id='word_1_777' title='bbox 1028 2000 1097 2026; x_wconf 76' lang='lat' dir='ltr'><strong>lestt&#39;.</strong></span> <span class='ocrx_word' id='word_1_778' title='bbox 1116 1999 1290 2032; x_wconf 81' lang='lat' dir='ltr'><strong>Quamobrem</strong></span> <span class='ocrx_word' id='word_1_779' title='bbox 1320 2008 1370 2026; x_wconf 86' lang='lat' dir='ltr'><strong>non</strong></span> <span class='ocrx_word' id='word_1_780' title='bbox 1396 2009 1489 2035; x_wconf 84' lang='lat' dir='ltr'><strong>corpus</strong></span> <span class='ocrx_word' id='word_1_781' title='bbox 1515 2002 1700 2031; x_wconf 83' lang='lat' dir='ltr'><strong>inanimatam,</strong></span> <span class='ocrx_word' id='word_1_782' title='bbox 1726 2010 1807 2034; x_wconf 74' lang='lat' dir='ltr'><strong>neque</strong></span> 
     </span>
    </p>
   </div>
   <div class='ocr_carea' id='block_1_106' title="bbox 1029 2035 1807 2069">
    <p class='ocr_par' dir='ltr' id='par_1_106' title="bbox 1029 2035 1807 2069">
     <span class='ocr_line' id='line_1_106' title="bbox 1029 2035 1807 2069; baseline 0.004 -9"><span class='ocrx_word' id='word_1_783' title='bbox 1029 2043 1105 2061; x_wconf 78' lang='lat' dir='ltr'><strong>sensu</strong></span> <span class='ocrx_word' id='word_1_784' title='bbox 1126 2040 1150 2061; x_wconf 84' lang='lat' dir='ltr'><strong>et</strong></span> <span class='ocrx_word' id='word_1_785' title='bbox 1172 2035 1346 2069; x_wconf 81' lang='lat' dir='ltr'><strong>intelligentia</strong></span> <span class='ocrx_word' id='word_1_786' title='bbox 1359 2043 1470 2062; x_wconf 82' lang='lat' dir='ltr'><strong>vacuam</strong></span> <span class='ocrx_word' id='word_1_787' title='bbox 1493 2036 1582 2062; x_wconf 83' lang='lat' dir='ltr'><strong>habuit</strong></span> <span class='ocrx_word' id='word_1_788' title='bbox 1601 2035 1732 2063; x_wconf 84' lang='lat' dir='ltr'><strong>Salvator.</strong></span> <span class='ocrx_word' id='word_1_789' title='bbox 1751 2036 1807 2063; x_wconf 80' lang='lat' dir='ltr'><strong>Nec</strong></span> 
     </span>
    </p>
   </div>
   <div class='ocr_carea' id='block_1_107' title="bbox 1027 2070 1807 2106">
    <p class='ocr_par' dir='ltr' id='par_1_107' title="bbox 1027 2070 1807 2106">
     <span class='ocr_line' id='line_1_107' title="bbox 1027 2070 1807 2106; baseline 0.003 -11"><span class='ocrx_word' id='word_1_790' title='bbox 1027 2070 1096 2096; x_wconf 86' lang='lat' dir='ltr'><strong>enim</strong></span> <span class='ocrx_word' id='word_1_791' title='bbox 1119 2070 1176 2103; x_wconf 82' lang='lat' dir='ltr'><strong>ﬁeri</strong></span> <span class='ocrx_word' id='word_1_792' title='bbox 1187 2074 1302 2106; x_wconf 75' lang='lat' dir='ltr'><strong>poterat,</strong></span> <span class='ocrx_word' id='word_1_793' title='bbox 1321 2076 1349 2096; x_wconf 86' lang='lat' dir='ltr'><strong>ut</strong></span> <span class='ocrx_word' id='word_1_794' title='bbox 1362 2079 1420 2097; x_wconf 80' lang='lat' dir='ltr'><strong>cum</strong></span> <span class='ocrx_word' id='word_1_795' title='bbox 1438 2071 1563 2097; x_wconf 73' lang='lat' dir='ltr'><strong>Domitius</strong></span> <span class='ocrx_word' id='word_1_796' title='bbox 1583 2076 1688 2104; x_wconf 81' lang='lat' dir='ltr'><strong>propter</strong></span> <span class='ocrx_word' id='word_1_797' title='bbox 1703 2079 1748 2098; x_wconf 83' lang='lat' dir='ltr'><strong>nos</strong></span> <span class='ocrx_word' id='word_1_798' title='bbox 1764 2072 1807 2106; x_wconf 85' lang='lat' dir='ltr'><strong>fa-</strong></span> 
     </span>
    </p>
   </div>
   <div class='ocr_carea' id='block_1_108' title="bbox 1028 2104 1808 2141">
    <p class='ocr_par' dir='ltr' id='par_1_108' title="bbox 1028 2104 1808 2141">
     <span class='ocr_line' id='line_1_108' title="bbox 1028 2104 1808 2141; baseline 0.004 -11"><span class='ocrx_word' id='word_1_799' title='bbox 1028 2109 1084 2141; x_wconf 81' lang='lat' dir='ltr'><strong>c_tus</strong></span> <span class='ocrx_word' id='word_1_800' title='bbox 1098 2109 1164 2131; x_wconf 84' lang='lat' dir='ltr'><strong>esset</strong></span> <span class='ocrx_word' id='word_1_801' title='bbox 1182 2104 1382 2141; x_wconf 59' lang='lat' dir='ltr'><strong>ltomoLcoi‘pus</strong></span> <span class='ocrx_word' id='word_1_802' title='bbox 1400 2105 1455 2139; x_wconf 84' lang='lat' dir='ltr'><strong>ejus</strong></span> <span class='ocrx_word' id='word_1_803' title='bbox 1470 2111 1534 2132; x_wconf 76' lang='lat' dir='ltr'><strong>esset</strong></span> <span class='ocrx_word' id='word_1_804' title='bbox 1556 2106 1611 2141; x_wconf 69' lang='lat' dir='ltr'><strong>sine</strong></span> <span class='ocrx_word' id='word_1_805' title='bbox 1625 2104 1808 2141; x_wconf 78' lang='lat' dir='ltr'><strong>intelligentia.</strong></span> 
     </span>
    </p>
   </div>
   <div class='ocr_carea' id='block_1_109' title="bbox 1028 2138 1808 2174">
    <p class='ocr_par' dir='ltr' id='par_1_109' title="bbox 1028 2138 1808 2174">
     <span class='ocr_line' id='line_1_109' title="bbox 1028 2138 1808 2174; baseline 0.003 -9"><span class='ocrx_word' id='word_1_806' title='bbox 1028 2138 1095 2166; x_wconf 87' lang='lat' dir='ltr'><strong>Cum</strong></span> <span class='ocrx_word' id='word_1_807' title='bbox 1110 2144 1176 2165; x_wconf 85' lang='lat' dir='ltr'><strong>esset</strong></span> <span class='ocrx_word' id='word_1_808' title='bbox 1187 2147 1243 2166; x_wconf 83' lang='lat' dir='ltr'><strong>vere</strong></span> <span class='ocrx_word' id='word_1_809' title='bbox 1257 2138 1344 2166; x_wconf 82' lang='lat' dir='ltr'><strong>Filius</strong></span> <span class='ocrx_word' id='word_1_810' title='bbox 1359 2138 1416 2170; x_wconf 63' lang='lat' dir='ltr'><strong>Dei,</strong></span> <span class='ocrx_word' id='word_1_811' title='bbox 1427 2140 1512 2174; x_wconf 83' lang='lat' dir='ltr'><strong>factas</strong></span> <span class='ocrx_word' id='word_1_812' title='bbox 1526 2147 1562 2166; x_wconf 85' lang='lat' dir='ltr'><strong>est</strong></span> <span class='ocrx_word' id='word_1_813' title='bbox 1577 2140 1664 2167; x_wconf 79' lang='lat' dir='ltr'><strong>Filius</strong></span> <span class='ocrx_word' id='word_1_814' title='bbox 1676 2138 1788 2168; x_wconf 72' lang='lat' dir='ltr'><strong>hominis</strong></span> <span class='ocrx_word' id='word_1_815' title='bbox 1798 2150 1808 2168; x_wconf 95' lang='lat'><em>:</em></span> 
     </span>
    </p>
   </div>
   <div class='ocr_carea' id='block_1_110' title="bbox 1028 2174 1811 2210">
    <p class='ocr_par' dir='ltr' id='par_1_110' title="bbox 1028 2174 1811 2210">
     <span class='ocr_line' id='line_1_110' title="bbox 1028 2174 1811 2210; baseline 0.003 -10"><span class='ocrx_word' id='word_1_816' title='bbox 1028 2179 1052 2200; x_wconf 85' lang='lat' dir='ltr'><strong>et</strong></span> <span class='ocrx_word' id='word_1_817' title='bbox 1065 2179 1205 2210; x_wconf 17' lang='lat' dir='ltr'><strong>cumressetr</strong></span> <span class='ocrx_word' id='word_1_818' title='bbox 1214 2174 1456 2210; x_wconf 71' lang='lat' dir='ltr'><strong>uttigenitusFiliits</strong></span> <span class='ocrx_word' id='word_1_819' title='bbox 1471 2175 1531 2210; x_wconf 72' lang='lat' dir='ltr'><strong>Dei,</strong></span> <span class='ocrx_word' id='word_1_820' title='bbox 1542 2175 1627 2209; x_wconf 83' lang='lat' dir='ltr'><strong>factus</strong></span> <span class='ocrx_word' id='word_1_821' title='bbox 1640 2180 1677 2202; x_wconf 82' lang='lat' dir='ltr'><strong>est</strong></span> <span class='ocrx_word' id='word_1_822' title='bbox 1689 2176 1743 2209; x_wconf 81' lang='lat' dir='ltr'><strong>ipse</strong></span> <span class='ocrx_word' id='word_1_823' title='bbox 1753 2176 1811 2210; x_wconf 86' lang='lat' dir='ltr'><strong>pri-</strong></span> 
     </span>
    </p>
   </div>
   <div class='ocr_carea' id='block_1_111' title="bbox 1027 2209 1808 2243">
    <p class='ocr_par' dir='ltr' id='par_1_111' title="bbox 1027 2209 1808 2243">
     <span class='ocr_line' id='line_1_111' title="bbox 1027 2209 1808 2243; baseline 0.004 -9"><span class='ocrx_word' id='word_1_824' title='bbox 1027 2209 1172 2243; x_wconf 83' lang='lat' dir='ltr'><strong>mogenitus</strong></span> <span class='ocrx_word' id='word_1_825' title='bbox 1197 2209 1224 2235; x_wconf 86' lang='lat' dir='ltr'><strong>in</strong></span> <span class='ocrx_word' id='word_1_826' title='bbox 1249 2209 1340 2236; x_wconf 86' lang='lat' dir='ltr'><strong>multis</strong></span> <span class='ocrx_word' id='word_1_827' title='bbox 1356 2209 1493 2243; x_wconf 82' lang='lat' dir='ltr'><strong>fratribus.</strong></span> <span class='ocrx_word' id='word_1_828' title='bbox 1511 2209 1583 2236; x_wconf 82' lang='lat' dir='ltr'><strong>Unde</strong></span> <span class='ocrx_word' id='word_1_829' title='bbox 1604 2218 1654 2236; x_wconf 83' lang='lat' dir='ltr'><strong>non</strong></span> <span class='ocrx_word' id='word_1_830' title='bbox 1667 2211 1734 2236; x_wconf 81' lang='lat' dir='ltr'><strong>alius</strong></span> <span class='ocrx_word' id='word_1_831' title='bbox 1749 2216 1808 2238; x_wconf 84' lang='lat' dir='ltr'><strong>erat</strong></span> 
     </span>
    </p>
   </div>
   <div class='ocr_carea' id='block_1_112' title="bbox 1027 2243 1808 2278">
    <p class='ocr_par' dir='ltr' id='par_1_112' title="bbox 1027 2243 1808 2278">
     <span class='ocr_line' id='line_1_112' title="bbox 1027 2243 1808 2278; baseline 0.004 -9"><span class='ocrx_word' id='word_1_832' title='bbox 1027 2243 1115 2270; x_wconf 86' lang='lat' dir='ltr'><strong>Filius</strong></span> <span class='ocrx_word' id='word_1_833' title='bbox 1131 2243 1179 2270; x_wconf 80' lang='lat' dir='ltr'><strong>Dei</strong></span> <span class='ocrx_word' id='word_1_834' title='bbox 1193 2249 1252 2270; x_wconf 85' lang='lat' dir='ltr'><strong>ante</strong></span> <span class='ocrx_word' id='word_1_835' title='bbox 1266 2243 1408 2275; x_wconf 82' lang='lat' dir='ltr'><strong>Abraham,</strong></span> <span class='ocrx_word' id='word_1_836' title='bbox 1427 2245 1496 2271; x_wconf 86' lang='lat' dir='ltr'><strong>alius</strong></span> <span class='ocrx_word' id='word_1_837' title='bbox 1511 2253 1568 2271; x_wconf 79' lang='lat' dir='ltr'><strong>vero</strong></span> <span class='ocrx_word' id='word_1_838' title='bbox 1582 2251 1638 2278; x_wconf 83' lang='lat' dir='ltr'><strong>pust</strong></span> <span class='ocrx_word' id='word_1_839' title='bbox 1653 2245 1785 2272; x_wconf 79' lang='lat' dir='ltr'><strong>Abraham</strong></span> <span class='ocrx_word' id='word_1_840' title='bbox 1798 2254 1808 2272; x_wconf 93' lang='lat'><em>:</em></span> 
     </span>
    </p>
   </div>
   <div class='ocr_carea' id='block_1_113' title="bbox 1026 2278 1809 2314">
    <p class='ocr_par' dir='ltr' id='par_1_113' title="bbox 1026 2278 1809 2314">
     <span class='ocr_line' id='line_1_113' title="bbox 1026 2278 1809 2314; baseline 0.003 -10"><span class='ocrx_word' id='word_1_841' title='bbox 1026 2278 1071 2305; x_wconf 84' lang='lat' dir='ltr'><strong>sed</strong></span> <span class='ocrx_word' id='word_1_842' title='bbox 1081 2287 1147 2305; x_wconf 87' lang='lat' dir='ltr'><strong>unus</strong></span> <span class='ocrx_word' id='word_1_843' title='bbox 1160 2279 1289 2313; x_wconf 74' lang='lat' dir='ltr'><strong>perfectus</strong></span> <span class='ocrx_word' id='word_1_844' title='bbox 1301 2279 1448 2314; x_wconf 85' lang='lat' dir='ltr'><strong>unigenitus</strong></span> <span class='ocrx_word' id='word_1_845' title='bbox 1460 2279 1517 2311; x_wconf 83' lang='lat' dir='ltr'><strong>Dei,</strong></span> <span class='ocrx_word' id='word_1_846' title='bbox 1529 2281 1657 2314; x_wconf 78' lang='lat' dir='ltr'><strong>perfectus</strong></span> <span class='ocrx_word' id='word_1_847' title='bbox 1669 2286 1754 2307; x_wconf 87' lang='lat' dir='ltr'><strong>autem</strong></span> <span class='ocrx_word' id='word_1_848' title='bbox 1766 2281 1809 2306; x_wconf 86' lang='lat' dir='ltr'><strong>di-</strong></span> 
     </span>
    </p>
   </div>
   <div class='ocr_carea' id='block_1_114' title="bbox 1026 2314 1809 2349">
    <p class='ocr_par' dir='ltr' id='par_1_114' title="bbox 1026 2314 1809 2349">
     <span class='ocr_line' id='line_1_114' title="bbox 1026 2314 1809 2349; baseline 0.003 -10"><span class='ocrx_word' id='word_1_849' title='bbox 1026 2314 1086 2340; x_wconf 85' lang='lat' dir='ltr'><strong>vina</strong></span> <span class='ocrx_word' id='word_1_850' title='bbox 1099 2314 1264 2347; x_wconf 78' lang='lat' dir='ltr'><strong>perfectione,</strong></span> <span class='ocrx_word' id='word_1_851' title='bbox 1277 2318 1302 2339; x_wconf 87' lang='lat' dir='ltr'><strong>et</strong></span> <span class='ocrx_word' id='word_1_852' title='bbox 1315 2322 1365 2340; x_wconf 87' lang='lat' dir='ltr'><strong>non</strong></span> <span class='ocrx_word' id='word_1_853' title='bbox 1380 2314 1504 2340; x_wconf 83' lang='lat' dir='ltr'><strong>humana.</strong></span> <span class='ocrx_word' id='word_1_854' title='bbox 1515 2314 1581 2341; x_wconf 78' lang='lat' dir='ltr'><strong>Cum</strong></span> <span class='ocrx_word' id='word_1_855' title='bbox 1596 2315 1629 2341; x_wconf 84' lang='lat' dir='ltr'><strong>iis</strong></span> <span class='ocrx_word' id='word_1_856' title='bbox 1644 2316 1688 2349; x_wconf 86' lang='lat' dir='ltr'><strong>qui</strong></span> <span class='ocrx_word' id='word_1_857' title='bbox 1700 2316 1738 2342; x_wconf 87' lang='lat' dir='ltr'><strong>sic</strong></span> <span class='ocrx_word' id='word_1_858' title='bbox 1750 2323 1809 2341; x_wconf 86' lang='lat' dir='ltr'><strong>sen-</strong></span> 
     </span>
    </p>
   </div>
   <div class='ocr_carea' id='block_1_115' title="bbox 1027 2349 1808 2382">
    <p class='ocr_par' dir='ltr' id='par_1_115' title="bbox 1027 2349 1808 2382">
     <span class='ocr_line' id='line_1_115' title="bbox 1027 2349 1808 2382; baseline 0.004 -8"><span class='ocrx_word' id='word_1_859' title='bbox 1027 2349 1106 2378; x_wconf 84' lang='lat' dir='ltr'><strong>tiunt,</strong></span> <span class='ocrx_word' id='word_1_860' title='bbox 1123 2349 1277 2382; x_wconf 83' lang='lat' dir='ltr'><strong>conﬁtentur</strong></span> <span class='ocrx_word' id='word_1_861' title='bbox 1289 2356 1335 2375; x_wconf 86' lang='lat' dir='ltr'><strong>nos</strong></span> <span class='ocrx_word' id='word_1_862' title='bbox 1349 2349 1554 2375; x_wconf 84' lang='lat' dir='ltr'><strong>communionem</strong></span> <span class='ocrx_word' id='word_1_863' title='bbox 1567 2349 1669 2376; x_wconf 80' lang='lat' dir='ltr'><strong>habere.</strong></span> <span class='ocrx_word' id='word_1_864' title='bbox 1685 2350 1750 2377; x_wconf 83' lang='lat' dir='ltr'><strong>Cum</strong></span> <span class='ocrx_word' id='word_1_865' title='bbox 1772 2350 1808 2377; x_wconf 86' lang='lat' dir='ltr'><strong>iis</strong></span> 
     </span>
    </p>
   </div>
   <div class='ocr_carea' id='block_1_116' title="bbox 1025 2384 1809 2418">
    <p class='ocr_par' dir='ltr' id='par_1_116' title="bbox 1025 2384 1809 2418">
     <span class='ocr_line' id='line_1_116' title="bbox 1025 2384 1809 2418; baseline 0.001 -8"><span class='ocrx_word' id='word_1_866' title='bbox 1025 2391 1084 2410; x_wconf 74' lang='lat' dir='ltr'><strong>vero</strong></span> <span class='ocrx_word' id='word_1_867' title='bbox 1104 2384 1147 2418; x_wconf 89' lang='lat' dir='ltr'><strong>qui</strong></span> <span class='ocrx_word' id='word_1_868' title='bbox 1169 2389 1260 2418; x_wconf 67' lang='lat' dir='ltr'><strong>contra</strong></span> <span class='ocrx_word' id='word_1_869' title='bbox 1276 2384 1388 2410; x_wconf 84' lang='lat' dir='ltr'><strong>sentiunt</strong></span> <span class='ocrx_word' id='word_1_870' title='bbox 1411 2389 1435 2410; x_wconf 86' lang='lat' dir='ltr'><strong>et</strong></span> <span class='ocrx_word' id='word_1_871' title='bbox 1458 2384 1584 2416; x_wconf 80' lang='lat' dir='ltr'><strong>scribunt,</strong></span> <span class='ocrx_word' id='word_1_872' title='bbox 1600 2385 1809 2411; x_wconf 78' lang='lat' dir='ltr'><strong>communionem</strong></span> 
     </span>
    </p>
   </div>
   <div class='ocr_carea' id='block_1_117' title="bbox 1026 2417 1807 2454">
    <p class='ocr_par' dir='ltr' id='par_1_117' title="bbox 1026 2417 1807 2454">
     <span class='ocr_line' id='line_1_117' title="bbox 1026 2417 1807 2454; baseline 0.003 -10"><span class='ocrx_word' id='word_1_873' title='bbox 1026 2426 1077 2454; x_wconf 84' lang='lat' dir='ltr'><strong>non</strong></span> <span class='ocrx_word' id='word_1_874' title='bbox 1089 2418 1224 2454; x_wconf 75' lang='lat' dir='ltr'><strong>habemus.</strong></span> <span class='ocrx_word' id='word_1_875' title='bbox 1235 2417 1286 2444; x_wconf 90' lang='lat' dir='ltr'><strong>Ubi</strong></span> <span class='ocrx_word' id='word_1_876' title='bbox 1299 2425 1395 2446; x_wconf 55' lang='lat' dir='ltr'><strong>caetera</strong></span> <span class='ocrx_word' id='word_1_877' title='bbox 1410 2419 1518 2453; x_wconf 91' lang='lat' dir='ltr'><strong>quidem</strong></span> <span class='ocrx_word' id='word_1_878' title='bbox 1532 2420 1621 2445; x_wconf 86' lang='lat' dir='ltr'><strong>omnia</strong></span> <span class='ocrx_word' id='word_1_879' title='bbox 1639 2424 1668 2446; x_wconf 86' lang='lat' dir='ltr'><strong>ut</strong></span> <span class='ocrx_word' id='word_1_880' title='bbox 1682 2421 1724 2446; x_wconf 92' lang='lat' dir='ltr'><strong>hic</strong></span> <span class='ocrx_word' id='word_1_881' title='bbox 1736 2421 1807 2454; x_wconf 81' lang='lat' dir='ltr'><strong>apud</strong></span> 
     </span>
    </p>
   </div>
   <div class='ocr_carea' id='block_1_118' title="bbox 1025 2453 1808 2487">
    <p class='ocr_par' dir='ltr' id='par_1_118' title="bbox 1025 2453 1808 2487">
     <span class='ocr_line' id='line_1_118' title="bbox 1025 2453 1808 2487; baseline 0.003 -8"><span class='ocrx_word' id='word_1_882' title='bbox 1025 2453 1203 2479; x_wconf 87' lang='lat' dir='ltr'><strong>Athanasium</strong></span> <span class='ocrx_word' id='word_1_883' title='bbox 1220 2453 1355 2487; x_wconf 79' lang='lat' dir='ltr'><strong>leguntur,</strong></span> <span class='ocrx_word' id='word_1_884' title='bbox 1371 2455 1417 2480; x_wconf 85' lang='lat' dir='ltr'><strong>sed</strong></span> <span class='ocrx_word' id='word_1_885' title='bbox 1431 2454 1495 2480; x_wconf 92' lang='lat' dir='ltr'><strong>dum</strong></span> <span class='ocrx_word' id='word_1_886' title='bbox 1509 2454 1546 2480; x_wconf 86' lang='lat' dir='ltr'><strong>ait</strong></span> <span class='ocrx_word' id='word_1_887' title='bbox 1566 2454 1681 2481; x_wconf 88' lang='lat' dir='ltr'><strong>Verbum</strong></span> <span class='ocrx_word' id='word_1_888' title='bbox 1699 2453 1808 2481; x_wconf 77' lang='lat' dir='ltr'><strong>nonas-</strong></span> 
     </span>
    </p>
   </div>
   <div class='ocr_carea' id='block_1_119' title="bbox 1026 2487 1808 2521">
    <p class='ocr_par' dir='ltr' id='par_1_119' title="bbox 1026 2487 1808 2521">
     <span class='ocr_line' id='line_1_119' title="bbox 1026 2487 1808 2521; baseline 0 -6"><span class='ocrx_word' id='word_1_889' title='bbox 1026 2487 1175 2521; x_wconf 83' lang='lat' dir='ltr'><strong>sumpsisse</strong></span> <span class='ocrx_word' id='word_1_890' title='bbox 1197 2492 1313 2514; x_wconf 86' lang='lat' dir='ltr'><strong>mentem</strong></span> <span class='ocrx_word' id='word_1_891' title='bbox 1339 2489 1484 2515; x_wconf 85' lang='lat' dir='ltr'><strong>humanam</strong></span> <span class='ocrx_word' id='word_1_892' title='bbox 1508 2489 1554 2515; x_wconf 87' lang='lat' dir='ltr'><strong>sed</strong></span> <span class='ocrx_word' id='word_1_893' title='bbox 1579 2489 1711 2521; x_wconf 87' lang='lat' dir='ltr'><strong>divinam,</strong></span> <span class='ocrx_word' id='word_1_894' title='bbox 1732 2490 1808 2517; x_wconf 84' lang='lat' dir='ltr'><strong>virus</strong></span> 
     </span>
    </p>
   </div>
   <div class='ocr_carea' id='block_1_120' title="bbox 1026 2523 1806 2558">
    <p class='ocr_par' dir='ltr' id='par_1_120' title="bbox 1026 2523 1806 2558">
     <span class='ocr_line' id='line_1_120' title="bbox 1026 2523 1806 2558; baseline 0.003 -10"><span class='ocrx_word' id='word_1_895' title='bbox 1026 2530 1082 2549; x_wconf 80' lang='lat' dir='ltr'><strong>suae</strong></span> <span class='ocrx_word' id='word_1_896' title='bbox 1098 2523 1231 2558; x_wconf 73' lang='lat' dir='ltr'><strong>han-escas</strong></span> <span class='ocrx_word' id='word_1_897' title='bbox 1243 2523 1353 2558; x_wconf 74' lang='lat' dir='ltr'><strong>detegit,</strong></span> <span class='ocrx_word' id='word_1_898' title='bbox 1369 2524 1440 2558; x_wconf 83' lang='lat' dir='ltr'><strong>quod</strong></span> <span class='ocrx_word' id='word_1_899' title='bbox 1455 2524 1496 2550; x_wconf 83' lang='lat' dir='ltr'><strong>his</strong></span> <span class='ocrx_word' id='word_1_900' title='bbox 1516 2528 1593 2550; x_wconf 84' lang='lat' dir='ltr'><strong>antea</strong></span> <span class='ocrx_word' id='word_1_901' title='bbox 1608 2524 1698 2550; x_wconf 83' lang='lat' dir='ltr'><strong>verbis</strong></span> <span class='ocrx_word' id='word_1_902' title='bbox 1713 2525 1806 2550; x_wconf 69' lang='lat' dir='ltr'><strong>occul-</strong></span> 
     </span>
    </p>
   </div>
   <div class='ocr_carea' id='block_1_121' title="bbox 1025 2557 1808 2593">
    <p class='ocr_par' dir='ltr' id='par_1_121' title="bbox 1025 2557 1808 2593">
     <span class='ocr_line' id='line_1_121' title="bbox 1025 2557 1808 2593; baseline 0.004 -11"><span class='ocrx_word' id='word_1_903' title='bbox 1025 2561 1105 2593; x_wconf 69' lang='lat' dir='ltr'><strong>tarat,</strong></span> <span class='ocrx_word' id='word_1_904' title='bbox 1115 2557 1236 2593; x_wconf 28' lang='lat' dir='ltr'><strong>edicam</strong></span> <span class='ocrx_word' id='word_1_905' title='bbox 1248 2557 1361 2592; x_wconf 70' lang='grc' dir='ltr'>ἄψυχον,</span> <span class='ocrx_word' id='word_1_906' title='bbox 1374 2557 1427 2584; x_wconf 76' lang='grc' dir='ltr'>οὐδ’</span> <span class='ocrx_word' id='word_1_907' title='bbox 1436 2558 1605 2593; x_wconf 82' lang='grc' dir='ltr'>ἀναίσθητον,</span> <span class='ocrx_word' id='word_1_908' title='bbox 1623 2559 1677 2585; x_wconf 67' lang='grc' dir='ltr'>οὐδ’</span> <span class='ocrx_word' id='word_1_909' title='bbox 1693 2559 1808 2593; x_wconf 83' lang='grc' dir='ltr'>ἀνόητον</span> 
     </span>
    </p>
   </div>
   <div class='ocr_carea' id='block_1_122' title="bbox 1026 2590 1807 2628">
    <p class='ocr_par' dir='ltr' id='par_1_122' title="bbox 1026 2590 1807 2628">
     <span class='ocr_line' id='line_1_122' title="bbox 1026 2590 1807 2628; baseline 0.004 -11"><span class='ocrx_word' id='word_1_910' title='bbox 1026 2590 1096 2626; x_wconf 82' lang='grc' dir='ltr'>εἶχεν</span> <span class='ocrx_word' id='word_1_911' title='bbox 1110 2591 1125 2617; x_wconf 82' lang='grc' dir='ltr'><strong>ό</strong></span> <span class='ocrx_word' id='word_1_912' title='bbox 1141 2590 1245 2628; x_wconf 76' lang='grc' dir='ltr'>Σωτήρ,</span> <span class='ocrx_word' id='word_1_913' title='bbox 1268 2590 1360 2626; x_wconf 68' lang='lat' dir='ltr'><strong>corpus</strong></span> <span class='ocrx_word' id='word_1_914' title='bbox 1383 2601 1433 2619; x_wconf 87' lang='lat' dir='ltr'><strong>non</strong></span> <span class='ocrx_word' id='word_1_915' title='bbox 1456 2590 1641 2624; x_wconf 63' lang='lat' dir='ltr'><strong>inaniﬁtalum,</strong></span> <span class='ocrx_word' id='word_1_916' title='bbox 1659 2602 1703 2620; x_wconf 86' lang='lat' dir='ltr'><strong>nec</strong></span> <span class='ocrx_word' id='word_1_917' title='bbox 1718 2590 1807 2620; x_wconf 71' lang='lat' dir='ltr'><strong>sensus</strong></span> 
     </span>
    </p>
   </div>
   <div class='ocr_carea' id='block_1_123' title="bbox 1025 2628 1808 2660">
    <p class='ocr_par' dir='ltr' id='par_1_123' title="bbox 1025 2628 1808 2660">
     <span class='ocr_line' id='line_1_123' title="bbox 1025 2628 1808 2660; baseline 0.004 -8"><span class='ocrx_word' id='word_1_918' title='bbox 1025 2634 1125 2660; x_wconf 74' lang='lat' dir='ltr'><strong>expers,</strong></span> <span class='ocrx_word' id='word_1_919' title='bbox 1144 2635 1189 2652; x_wconf 83' lang='lat' dir='ltr'><strong>nec</strong></span> <span class='ocrx_word' id='word_1_920' title='bbox 1204 2633 1288 2654; x_wconf 82' lang='lat' dir='ltr'><strong>mente</strong></span> <span class='ocrx_word' id='word_1_921' title='bbox 1300 2636 1390 2654; x_wconf 74' lang='lat' dir='ltr'><strong>carens</strong></span> <span class='ocrx_word' id='word_1_922' title='bbox 1402 2628 1491 2654; x_wconf 86' lang='lat' dir='ltr'><strong>habuit</strong></span> <span class='ocrx_word' id='word_1_923' title='bbox 1507 2628 1630 2655; x_wconf 82' lang='lat' dir='ltr'><strong>Saluator</strong></span> <span class='ocrx_word' id='word_1_924' title='bbox 1641 2636 1650 2654; x_wconf 92' lang='lat'><strong><em>:</em></strong></span> <span class='ocrx_word' id='word_1_925' title='bbox 1665 2628 1738 2655; x_wconf 78' lang='lat' dir='ltr'><strong>vafre</strong></span> <span class='ocrx_word' id='word_1_926' title='bbox 1752 2629 1808 2657; x_wconf 83' lang='lat' dir='ltr'><strong>sci-</strong></span> 
     </span>
    </p>
   </div>
   <div class='ocr_carea' id='block_1_124' title="bbox 1026 2661 1808 2697">
    <p class='ocr_par' dir='ltr' id='par_1_124' title="bbox 1026 2661 1808 2697">
     <span class='ocr_line' id='line_1_124' title="bbox 1026 2661 1808 2697; baseline 0.004 -10"><span class='ocrx_word' id='word_1_927' title='bbox 1026 2661 1088 2697; x_wconf 85' lang='lat' dir='ltr'><strong>licet</strong></span> <span class='ocrx_word' id='word_1_928' title='bbox 1103 2669 1135 2688; x_wconf 90' lang='lat' dir='ltr'><strong>ac</strong></span> <span class='ocrx_word' id='word_1_929' title='bbox 1149 2661 1261 2697; x_wconf 84' lang='lat' dir='ltr'><strong>subdole</strong></span> <span class='ocrx_word' id='word_1_930' title='bbox 1283 2663 1468 2697; x_wconf 81' lang='lat' dir='ltr'><strong>intelligendo,</strong></span> <span class='ocrx_word' id='word_1_931' title='bbox 1483 2668 1600 2690; x_wconf 84' lang='lat' dir='ltr'><strong>mentem</strong></span> <span class='ocrx_word' id='word_1_932' title='bbox 1621 2663 1738 2690; x_wconf 86' lang='lat' dir='ltr'><strong>divinam</strong></span> <span class='ocrx_word' id='word_1_933' title='bbox 1762 2671 1808 2690; x_wconf 83' lang='lat'><strong>50--</strong></span> 
     </span>
    </p>
   </div>
   <div class='ocr_carea' id='block_1_125' title="bbox 1026 2696 1808 2733">
    <p class='ocr_par' dir='ltr' id='par_1_125' title="bbox 1026 2696 1808 2733">
     <span class='ocr_line' id='line_1_125' title="bbox 1026 2696 1808 2733; baseline 0.003 -11"><span class='ocrx_word' id='word_1_934' title='bbox 1026 2696 1080 2733; x_wconf 78' lang='lat' dir='ltr'><strong>lum</strong></span> <span class='ocrx_word' id='word_1_935' title='bbox 1096 2697 1184 2723; x_wconf 84' lang='lat' dir='ltr'><strong>inesse</strong></span> <span class='ocrx_word' id='word_1_936' title='bbox 1200 2696 1318 2733; x_wconf 82' lang='lat' dir='ltr'><strong>Christo.</strong></span> <span class='ocrx_word' id='word_1_937' title='bbox 1337 2696 1395 2730; x_wconf 22' lang='lat' dir='ltr'><strong>Quia</strong></span> <span class='ocrx_word' id='word_1_938' title='bbox 1416 2697 1449 2725; x_wconf 89' lang='lat' dir='ltr'><strong>de</strong></span> <span class='ocrx_word' id='word_1_939' title='bbox 1462 2706 1490 2725; x_wconf 88' lang='lat' dir='ltr'><strong>re</strong></span> <span class='ocrx_word' id='word_1_940' title='bbox 1505 2699 1603 2725; x_wconf 90' lang='lat' dir='ltr'><strong>iterum</strong></span> <span class='ocrx_word' id='word_1_941' title='bbox 1619 2704 1713 2733; x_wconf 77' lang='lat' dir='ltr'><strong>agetur</strong></span> <span class='ocrx_word' id='word_1_942' title='bbox 1725 2697 1758 2724; x_wconf 89' lang='lat' dir='ltr'><strong>ad</strong></span> <span class='ocrx_word' id='word_1_943' title='bbox 1773 2698 1808 2725; x_wconf 87' lang='lat' dir='ltr'><strong>li-</strong></span> 
     </span>
    </p>
   </div>
   <div class='ocr_carea' id='block_1_126' title="bbox 1026 2731 1429 2766">
    <p class='ocr_par' dir='ltr' id='par_1_126' title="bbox 1026 2731 1429 2766">
     <span class='ocr_line' id='line_1_126' title="bbox 1026 2731 1429 2766; baseline 0.002 -9"><span class='ocrx_word' id='word_1_944' title='bbox 1026 2731 1203 2766; x_wconf 18' lang='lat' dir='ltr'><strong>brosicointra</strong></span> <span class='ocrx_word' id='word_1_945' title='bbox 1221 2731 1429 2766; x_wconf 80' lang='lat' dir='ltr'><strong>Apollinaiinm.</strong></span> 
     </span>
    </p>
   </div>
   <div class='ocr_carea' id='block_1_127' title="bbox 1062 2765 1808 2799">
    <p class='ocr_par' dir='ltr' id='par_1_127' title="bbox 1062 2765 1808 2799">
     <span class='ocr_line' id='line_1_127' title="bbox 1062 2765 1808 2799; baseline 0.005 -9"><span class='ocrx_word' id='word_1_946' title='bbox 1062 2765 1117 2798; x_wconf 70' lang='grc'><strong>(47)</strong></span> <span class='ocrx_word' id='word_1_947' title='bbox 1139 2765 1263 2799; x_wconf 57' lang='grc' dir='ltr'>δοκιιριή,</span> <span class='ocrx_word' id='word_1_948' title='bbox 1279 2766 1350 2795; x_wconf 73' lang='grc' dir='ltr'>οὗτε,</span> <span class='ocrx_word' id='word_1_949' title='bbox 1365 2767 1425 2794; x_wconf 82' lang='lat' dir='ltr'><strong>Mox</strong></span> <span class='ocrx_word' id='word_1_950' title='bbox 1442 2767 1468 2793; x_wconf 94' lang='lat' dir='ltr'><strong>in</strong></span> <span class='ocrx_word' id='word_1_951' title='bbox 1482 2767 1576 2795; x_wconf 90' lang='lat' dir='ltr'><strong>eodem</strong></span> <span class='ocrx_word' id='word_1_952' title='bbox 1594 2767 1641 2794; x_wconf 84' lang='grc' dir='ltr'>τοῦ</span> <span class='ocrx_word' id='word_1_953' title='bbox 1654 2768 1729 2795; x_wconf 76' lang='lat' dir='ltr'><strong>deest</strong></span> <span class='ocrx_word' id='word_1_954' title='bbox 1745 2772 1808 2794; x_wconf 84' lang='lat' dir='ltr'><strong>ante</strong></span> 
     </span>
    </p>
   </div>
   <div class='ocr_carea' id='block_1_128' title="bbox 1032 2799 1797 2862">
    <p class='ocr_par' dir='ltr' id='par_1_128' title="bbox 1032 2799 1797 2862">
     <span class='ocr_line' id='line_1_128' title="bbox 1032 2799 1797 2838; baseline 0.003 -11"><span class='ocrx_word' id='word_1_955' title='bbox 1032 2799 1164 2836; x_wconf 71' lang='grc' dir='ltr'>Ἁϐραάμ.</span> <span class='ocrx_word' id='word_1_956' title='bbox 1180 2800 1240 2828; x_wconf 74' lang='lat' dir='ltr'><strong>Mox</strong></span> <span class='ocrx_word' id='word_1_957' title='bbox 1258 2801 1326 2829; x_wconf 82' lang='lat' dir='ltr'><strong>idem</strong></span> <span class='ocrx_word' id='word_1_958' title='bbox 1343 2807 1369 2830; x_wconf 82' lang='lat' dir='ltr'><strong>ct</strong></span> <span class='ocrx_word' id='word_1_959' title='bbox 1385 2802 1478 2837; x_wconf 70' lang='lat' dir='ltr'><strong>Basil.,</strong></span> <span class='ocrx_word' id='word_1_960' title='bbox 1494 2803 1586 2837; x_wconf 70' lang='grc' dir='ltr'>ἕτερος</span> <span class='ocrx_word' id='word_1_961' title='bbox 1598 2803 1647 2838; x_wconf 82' lang='grc' dir='ltr'>μὲν</span> <span class='ocrx_word' id='word_1_962' title='bbox 1657 2800 1700 2838; x_wconf 87' lang='grc' dir='ltr'><strong>ἦν.</strong></span> <span class='ocrx_word' id='word_1_963' title='bbox 1714 2803 1743 2830; x_wconf 86' lang='lat' dir='ltr'><strong>lu</strong></span> <span class='ocrx_word' id='word_1_964' title='bbox 1754 2804 1797 2831; x_wconf 83' lang='lat' dir='ltr'><strong>edi</strong></span> 
     </span>
     <span class='ocr_line' id='line_1_129' title="bbox 1032 2835 1232 2862; baseline 0 0"><span class='ocrx_word' id='word_1_965' title='bbox 1032 2835 1061 2862; x_wconf 84' lang='lat' dir='ltr'><strong>Lis</strong></span> <span class='ocrx_word' id='word_1_966' title='bbox 1081 2835 1129 2862; x_wconf 78' lang='grc' dir='ltr'>μέν</span> <span class='ocrx_word' id='word_1_967' title='bbox 1147 2837 1232 2862; x_wconf 73' lang='lat' dir='ltr'><strong>deest.</strong></span> 
     </span>
    </p>
   </div>
   <div class='ocr_carea' id='block_1_129' title="bbox 1027 2839 1232 2870">
    <p class='ocr_par' dir='ltr' id='par_1_129' title="bbox 1027 2839 1232 2870">
     <span class='ocr_line' id='line_1_130' title="bbox 1027 2839 1232 2870; baseline 0.01 -8"><span class='ocrx_word' id='word_1_968' title='bbox 1027 2839 1061 2862; x_wconf 91' lang='lat' dir='ltr'><strong>tis</strong></span> <span class='ocrx_word' id='word_1_969' title='bbox 1081 2839 1129 2870; x_wconf 78' lang='grc' dir='ltr'>μέν</span> <span class='ocrx_word' id='word_1_970' title='bbox 1147 2839 1232 2864; x_wconf 75' lang='lat' dir='ltr'><strong>deest.</strong></span> 
     </span>
    </p>
   </div>
  </div>
