1977 3039
95 130 148 158 805

680 128 798 157 TOMUS
818 129 864 156 AD
884 127 1138 157 ANTIOCIIENOS.

1671 129 1725 159 80ίῖ

93 193 109 219 6
124 191 325 227 πυνθανόμενος
336 191 400 228 περὶ
415 190 498 218 αὑτοῦ
512 200 518 206 ·
530 190 586 218 ἀλλ’
601 190 615 217 ὁ
629 191 709 223 αὐτὸς
726 189 760 227 ἦν
776 191 881 227 ἀνθρω-

940 190 993 218 lem
1005 190 1131 218 dicebat:
1146 198 1155 215 ι
1178 188 1229 217 Ubi
1246 190 1354 225 positus
1366 194 1408 218 est
1430 189 1550 218 Lazarus
1563 189 1593 216 ’τ
1610 199 1620 216 ι
1637 194 1664 218 et
1677 189 1725 226 qui

95 238 179 270 πίνως
198 239 245 274 μὲν
267 239 351 272 λέγων
364 258 371 269 .
390 247 399 263 ι
417 238 473 264 Ιιοῦ
493 237 616 273 Λάζαρος
631 239 734 270 κεῖται;
758 247 766 263 ι
784 237 882 269 θεῖκῶς

94 284 122 311 δὲ
138 284 230 311 τοῦτον
245 283 392 319 ἀνεγείρων
405 282 460 318 (48)
471 291 478 298 ·
492 284 506 309 ὁ
523 283 604 314 αὐτὸς
619 282 646 309 δὲ
668 280 701 317 ἦν
720 281 883 317 σωματικῶς

97 330 146 365 μὲν
157 329 194 361 ὡς
207 329 347 364 ἄνθρωπος
358 328 460 360 πτύων,
472 328 570 360 θεῖκῶς
586 329 614 354 δὲ
629 328 665 359 ὡς
675 327 738 360 Υἱὸς
752 328 799 354 τοῦ
814 327 881 354 Θεοῦ

96 376 210 410 ἀνοίγων
224 376 286 407 τοὺς
301 375 456 410 ὀφθαλμοὺς
468 375 514 401 τοῦ
531 376 562 401 ὲκ
576 375 687 409 γενετῆς
706 374 806 408 τυφλοῦ
817 383 823 389 ·
837 374 883 400 καὶ

97 423 178 458 σαρκὶ
205 423 254 458 μὲν
277 422 399 457 πάσχων,
426 422 463 453 ὼς
491 420 565 448 εἶπεν
583 422 596 448 ὁ
611 421 724 456 Πέτρος,
742 420 839 451 θεῖκῶς
854 419 882 446 δὲ

98 469 211 503 ἀνοίγων
225 468 258 494 τὰ
277 468 419 502 μνήματα,
440 467 487 494 κοιλ¹
512 466 660 502 ἁνεγείρων
680 466 743 498 τοὺς
759 465 880 501 νεκρούς.

103 513 148 546 Ἐξ
163 510 200 539 ὧν
214 513 260 539 καὶ
275 513 362 539 πάντα
379 512 413 538 τὰ
429 513 457 538 ἐν
475 512 512 547 τῷ
524 511 681 548 Εὐαγγελίῳ
700 512 770 538 οὕτω
793 511 883 538 νοοῦν-

98 568 151 592 τες,
169 559 199 586 τὸ
216 559 280 586 αὐτὸ
292 560 399 594 φρονεῖν
413 559 536 595 περὶτῆς
550 557 714 594 σαρκώσεως
737 558 784 584 καὶ
805 559 882 585 ἐναν-

99 605 264 641 θρωττήσεως
277 604 324 631 τοῦ
341 604 426 638 Λόγου
438 603 670 630 διεϐεϐαιώσαντο.

133 651 158 678 8.
171 651 279 678 Τούτων
289 650 377 677 τοίνυν
396 650 482 682 οὕτως
500 650 719 686 ὁμολογηθέντων
731 671 738 683 ,
757 659 882 686 παρακα-

99 697 194 733 λοῦμεν
206 697 277 732 ὑμᾶς
290 698 353 728 τοὺς
367 696 414 732 μὲν
429 696 513 728 οὕτως
530 697 724 731 ὁμολογοῦντας
737 697 783 723 καὶ
799 697 884 733 ἑρμη-

98 743 224 774 νεύοντας
239 742 294 778 (49)
314 741 384 769 οὕτω
402 742 452 773 τὰς
465 742 560 774 λέξεις,
571 742 604 774 ἃς
616 742 734 776 λέγουσι,
747 742 783 778 μὴ
801 751 883 769 κατα-

99 790 204 826 κρίνετε
215 789 367 825 προπετῶς,
384 789 450 824 μηδὲ
462 789 517 824 (50)
531 788 707 820 ἀποϐάλλετε,
728 788 795 815 ἀλλά
817 789 884 824 μᾶλ-

99 836 143 862 λον
155 835 344 872 εζρηνεύοντας
356 835 403 862 καὶ
427 835 660 870 ἀπολογουμένους
678 834 884 870 προσλαμϐάνε-

100 882 160 909 σθε⁵
178 883 242 913 τοὺς
266 881 294 908 δὲ
308 882 345 918 μὴ
364 881 540 917 βουλομένους
565 881 648 913 οὕτως
672 881 812 917 ὁμολογεῖν
838 882 885 909 καὶ

99 928 286 964 διερμηνεύειν
302 927 351 958 τὰς
365 927 583 961 λέξεις,τούτους
597 928 715 955 κωλύετε
731 929 777 955 καὶ
794 928 885 964 ἐντρέ-

100 982 174 1005 πετε,
190 974 228 1006 ὡς
251 975 388 1006 ὑπόπτους
413 974 451 1010 τῷ
476 975 639 1010 φρονήματι.
665 975 773 1002 Τούτων
789 984 820 1002 τε
847 976 885 1012 μὴ

100 1020 255 1056 ἀνεχόμενοι
269 1020 464 1056 συμϐουλεύετε
477 1021 613 1052 κάκείνοις
628 1022 684 1052 τοῖς
699 1021 787 1057 ὀρθῶς
799 1022 885 1057 ἑρμη-

101 1067 205 1093 νεύουσί
226 1075 256 1093 τε
271 1067 320 1093 καὶ
337 1067 462 1102 φρονοῦσι
480 1067 561 1102 μηδὲν
579 1066 659 1093 πλέον
672 1066 801 1102 ἀλλήλους
818 1068 884 1094 ἀνα-

101 1112 202 1147 κρίνειν
219 1112 284 1148 μηδὲ
303 1113 462 1148 λογομαχεῖν
478 1112 521 1139 ἐπ’
546 1112 621 1139 οὐδὲν
643 1113 777 1148 χρήσιμον
791 1132 798 1145 ,
816 1114 884 1149 μήτε

101 1160 158 1190 ταῖς
171 1158 307 1191 τοιαύταις
329 1159 416 1192 λέξεσι
435 1159 631 1195 διαμάχεσθαι,
653 1159 720 1186 ἀλλὰ
733 1159 771 1194 τῷ
785 1159 886 1195 φρονή-

103 1215 167 1242 ματι
178 1206 227 1242 τῆς
244 1205 383 1238 εὐσεϐείας
398 1208 561 1241 συμφωνεῖν.
578 1207 609 1233 Οἱ
623 1205 678 1241 γὰρ
689 1206 726 1241 μὴ
742 1205 812 1232 οὕτω
829 1205 886 1231 δια-

101 1251 255 1287 νοούμενοι.
270 1251 338 1277 ἀλλὰ
362 1251 442 1286 μόνον
459 1251 505 1277 ἐπὶ
523 1252 578 1282 τοῖς
599 1251 727 1283 τοιούτοις
749 1250 886 1284 λεξειδίοις

102 1297 321 1334 φιλονεικοῦντες,
348 1298 395 1324 καὶ
423 1296 499 1334 παρὰ
521 1297 555 1323 τὰ
571 1298 599 1324 ὲν
619 1298 721 1332 Νικαίᾳ
746 1296 885 1332 γραφέντα

101 1343 253 1379 ζητοῦντες,
264 1343 340 1370 οὐδὲν
351 1343 442 1378 ἕτερον
453 1342 584 1375 ποιοῦσιν,
600 1343 616 1378 ἢ
633 1353 642 1368 ‹
658 1343 808 1375 ποτίζουσιν
822 1343 886 1368 ἀνα-

100 1389 202 1426 τροπὴν
221 1389 331 1424 θολερὸν
357 1388 402 1415 τὸν
416 1388 539 1424 πλησίον,
562 1398 571 1414 ι
590 1388 628 1419 ὡς
652 1389 811 1423 φθονοῦντες
836 1389 885 1424 τὴν

101 1435 211 1470 εἰρήνην
228 1435 272 1461 καὶ
292 1434 453 1468 ἀγαπῶντες
474 1434 507 1462 τὰ
531 1434 676 1470 σχίσματα.
709 1434 776 1461 Ἀλλ’
795 1435 884 1470 ὑμεῖς,

101 1481 137 1512 ὡς
154 1480 250 1514 ἀγαθοὶ
262 1480 317 1518 (Si)
331 1480 467 1516 ἄνθρωποι
481 1481 528 1507 καὶ
544 1481 634 1507 πιστοὶ
644 1480 741 1513 δοῦλοι,
753 1481 800 1507 καὶ
815 1482 885 1507 οἰκο-

101 1525 178 1561 νόμοι
192 1526 238 1552 τοῦ
254 1526 354 1562 Κυρίου
365 1547 372 1559 ,
396 1527 429 1553 τὰ
455 1527 504 1562 μὲν
524 1526 732 1558 σκανδαλίζοντα
748 1527 795 1553 καὶ
817 1526 885 1559 ξενί-
899 1545 919 1574 c

102 1571 182 1604 ζοντα
194 1571 293 1599 παύετε
311 1573 358 1598 καὶ
371 1572 488 1599 κωλύετε
501 1593 508 1606 ,
527 1573 634 1601 πάντων
653 1572 681 1599 δὲ
705 1572 804 1608 μᾶλλον
819 1581 885 1607 προ-

102 1615 210 1651 κρίνετε
227 1615 275 1652 τὴν
309 1616 435 1652 τοιαύτην
461 1617 585 1653 εἰρήνην,
604 1617 687 1653 οὔσης
712 1617 885 1653 ὑγιαινούσης

103 1661 234 1693 πίστεως⁹
248 1662 313 1693 ἴσως
337 1663 351 1688 ό
371 1662 472 1699 Κύριος
488 1663 594 1699 ἐλεήσει
607 1665 680 1699 ἡμᾶς
690 1683 697 1695 ,
712 1664 758 1690 καὶ
772 1664 885 1698 συνάψει

101 1707 136 1733 τὰ
147 1707 307 1744 διῃρημένα,
331 1707 379 1734 καὶ
392 1708 541 1743 γενομένης
566 1710 631 1744 μιᾶς
652 1709 787 1745 ποίμνης,
806 1710 886 1737 πάλιν

102 1752 201 1784 πάντες
228 1753 275 1779 ἕνα
290 1752 387 1788 ἔχομεν
415 1753 601 1788 καθηγεμόνα,
630 1753 677 1780 τὸν
691 1753 794 1790 Κύριον
808 1753 885 1789 ἡμῶν

109 1798 210 1834 Ἰησοῦν
223 1798 349 1834 Χριστόν.

137 1846 163 1873 9.
181 1845 274 1871 Ταῦτα
287 1846 368 1881 ἡμεῖς
381 1845 440 1881 μὲν,
458 1846 482 1872 εἰ
495 1846 541 1872 καὶ
556 1846 640 1881 μηδὲν
664 1846 744 1874 πλέον
769 1846 822 1874 ἔδει
839 1846 887 1883 ζη-

101 1892 158 1918 τεῖν
170 1891 219 1926 τῆς
235 1892 263 1917 ὲν
277 1891 377 1927 Natat;
394 1892 514 1925 συνόῖου,
536 1892 603 1927 μηδὲ
624 1892 766 1928 ἀνέχεσθαι
786 1893 840 1920 τῶν
855 1894 887 1920 ἐκ

103 1937 267 1972 φιλονεικίας
281 1937 420 1973 ῥημάτων,
437 1937 505 1965 ἀλλά
522 1947 554 1972 γε
567 1938 611 1965 διὰ
626 1939 676 1975 τὴν
692 1940 812 1975 εἰρήνην,
840 1939 887 1966 καὶ

102 1984 183 2010 ἕνεκα
195 1983 240 2010 τοῦ
262 1983 298 2020 μὴ
312 1984 474 2011 ἀποϐάλλειν
489 1984 545 2020 (52)
567 1985 630 2017 τοὺς
651 1985 738 2021 ὀρθῶς
750 1985 888 2013 πιστεύειν

103 2029 253 2062 ἐθέλοντας,
268 2030 459 2066 ἀνεκρίναμεν,
476 2031 524 2056 καὶ
537 2030 607 2066 ἆπερ
621 2031 809 2066 ὡμολόγησαν,
827 2040 888 2058 συν-

103 2076 194 2111 τόμως
209 2076 446 2111 ὑπηγορεύσαμεν,
459 2077 483 2103 οἱ
498 2076 716 2112 περιλειφθέντες
727 2078 756 2103 ἐν
771 2079 803 2112 τῇ
819 2077 889 2104 Ἀλε-

105 2121 240 2158 ξανδρείᾳ,
254 2123 328 2157 κοινῇ
342 2122 410 2157 μετά
419 2122 471 2148 τῶν
484 2122 695 2158 συλλειτουργῶν
707 2123 784 2158 ήμῶν
798 2123 889 2149 Ἀπε-

105 2167 163 2203 ρίου
185 2168 240 2203 (55)
257 2168 303 2194 καὶ
329 2168 476 2194 Εὑσεϐίου·
505 2169 530 2195 οι
547 2169 601 2204 γὰρ
618 2169 738 2196 πλεῖστοι
754 2170 782 2202 ἐξ
811 2169 889 2205 ἡμῶν

932 236 1062 264 divinitus
1077 236 1151 263 illum
1163 236 1291 263 excitavit
1307 245 1313 263 :
1327 236 1397 263 idem
1416 237 1474 271 ipse
1489 241 1547 263 erat
1561 236 1607 271 qui
1622 243 1723 274 corpo-

932 284 1024 312 raliter
1037 284 1145 318 quidem
1161 288 1189 310 ut
1205 284 1286 311 homo
1300 283 1430 318 spuehat,
1445 283 1578 311 divinitus
1596 291 1676 314 vero,
1695 287 1726 311 ut

933 330 980 357 Dei
994 329 1089 361 Filius,
1102 329 1240 364 aperiebat
1254 331 1348 357 oculos
1360 330 1423 356 unci
1439 330 1494 356 nati
1508 339 1514 356 :
1526 334 1553 356 et
1567 337 1650 356 carne
1665 329 1725 362 qui-

932 378 994 403 dem
1016 376 1178 411 patiebatur,
1198 381 1227 403 ut
1257 377 1295 403 ait
1321 375 1418 403 Petrus
1438 377 1466 408 ³,
1480 375 1611 403 divinittts
1632 380 1723 402 autem

933 426 1109 448 monumenta
1124 421 1263 456 aperiebat
1286 426 1463 456 mortuosque
1482 421 1641 448 su~citabat.
1673 421 1723 447 At-

932 476 986 503 que
1001 468 1092 495 omnia
1110 476 1170 503 quae
1182 468 1207 494 in
1224 467 1372 502 Evangelio
1387 467 1522 494 habentur
1534 468 1627 494 cadem
1645 475 1723 502 pror-

933 522 981 541 sus
1008 514 1113 540 ratione
1139 513 1331 548 intclligentes,
1361 513 1529 540 aﬂirmarunt
1552 521 1581 540 se
1606 514 1723 548 idipsum

934 560 1034 587 sentire
1052 560 1085 587 dc
1097 561 1283 587 incarnatione
1295 565 1323 587 et
1336 559 1369 587 de
1381 564 1520 594 assumpta
1538 567 1552 586 a
1567 558 1657 587 Verbo
1671 560 1725 588 lux-

934 614 1014 633 mana
1036 611 1143 633 natura.

968 652 994 680 8.
1007 652 1075 679 Cum
1091 653 1146 680 haec
1158 652 1240 688 igitur
1253 652 1288 679 ita
1302 650 1421 679 confessi
1440 651 1504 684 sint,
1521 651 1664 680 hortamur
1674 660 1724 680 vos

934 705 967 725 ne
984 705 1031 725 eos
1047 698 1155 732 quidem
1169 697 1215 732 qui
1234 698 1274 724 sic
1288 696 1450 732 proﬁtentur
1461 716 1468 728 ,
1484 701 1511 723 et
1524 704 1557 723 co
1570 702 1651 731 pacto
1668 705 1725 725 ver-

933 744 966 771 ba
983 751 1043 778 quze
1059 743 1216 778 proferunt,
1236 743 1460 776 interpretantur,
1475 745 1578 769 temere
1593 743 1724 769 condem-

935 797 1000 817 nare
1013 794 1060 816 aut
1076 789 1187 824 rcjicere
1199 789 1303 818 velitis,
1315 788 1361 815 sed
1377 787 1479 822 podus,
1500 782 1577 822 ipsos
1589 788 1649 822 paci
1666 793 1725 815 stu-

934 834 1029 861 dentes
1043 838 1069 861 et
1082 842 1141 862 sese
1159 839 1305 869 purgantes
1319 833 1466 868 recipiatis.
1496 833 1550 861 Eos
1567 838 1662 861 contra
1676 834 1723 869 qui

936 881 994 908 haec
1006 881 1125 915 proﬁteri
1141 884 1167 908 et
1178 881 1257 907 verba
1270 879 1316 907 tali
1330 879 1410 906 modo
1422 879 1559 914 explicare.
1572 881 1723 912 renuerint,

935 930 966 953 ut
989 931 1122 961 suspecta:
1136 926 1276 954 sententia:
1291 927 1416 954 homines
1432 927 1548 954 arceatis
1566 926 1724 962 pudoreque

935 972 1069 1000 aﬂiciatis.
1093 971 1148 1000 Hos
1162 973 1243 1007 igitur
1258 979 1291 999 ne
1309 973 1446 1005 toleretis;
1461 980 1508 1000 eos
1525 977 1615 1000 autem
1636 974 1681 1008 qui
1697 978 1724 1001 et

934 1024 1006 1047 recte
1019 1019 1099 1046 verba
1117 1018 1327 1052 interpretantur
1339 1022 1364 1045 ct
1381 1018 1465 1053 probe
1482 1019 1614 1052 sentiunt,
1628 1018 1722 1046 horta-

934 1065 1001 1092 mini
1025 1071 1059 1091 ne
1076 1063 1230 1090 ulteriorem
1256 1063 1326 1090 inter
1341 1071 1371 1090 se
1390 1063 1536 1091 adhibeant
1552 1064 1724 1099 disquisitio-

934 1117 995 1137 nem
1008 1129 1015 1141 ,
1030 1116 1079 1136 nec
1097 1109 1187 1136 verbis
1200 1108 1331 1136 inutiliter
1344 1109 1481 1136 decertent
1491 1129 1498 1141 ,
1520 1117 1608 1144 neque
1625 1110 1722 1145 hujus-

934 1155 1007 1183 modi
1026 1154 1166 1182 vocabulis
1179 1155 1361 1188 contendant,
1378 1155 1425 1182 sed
1448 1155 1475 1182 in
1491 1155 1600 1190 pietatis
1614 1159 1725 1183 senten-

935 1202 998 1229 tiam
1012 1201 1186 1229 conveniant.
1199 1200 1266 1228 Nam
1277 1202 1323 1236 qui
1334 1209 1386 1229 non
1397 1202 1438 1229 sic
1449 1202 1542 1229 animo
1550 1203 1638 1230 allecti
1648 1209 1722 1234 sunt.

934 1248 980 1275 sed
993 1248 1026 1275 de
1037 1246 1192 1282 hujusmodi
1204 1250 1309 1274 tantum
1319 1247 1424 1275 voculis
1435 1248 1598 1283 quaestiones
1609 1249 1722 1284 agitant,

934 1295 961 1318 et
973 1296 1071 1326 praeter
1083 1292 1166 1327 619
1176 1300 1207 1319 ca
1220 1300 1281 1327 quae
1290 1291 1385 1320 Nicaeae
1399 1294 1552 1328 consoripta
1569 1301 1642 1325 sunt.
1655 1302 1725 1322 non-

934 1338 1007 1365 nulla
1020 1339 1173 1373 requirunt.
1186 1338 1254 1367 nihil
1267 1338 1340 1365 aliud
1356 1344 1449 1373 agunt,
1463 1347 1544 1374 quam
1555 1340 1625 1375 quod
1641 1350 1649 1366 ι
1661 1347 1725 1376 pro-

934 1384 1009 1411 ximo
1024 1391 1074 1412 suo
1088 1383 1290 1411 subversionem
1306 1384 1442 1411 turbidam
1459 1385 1646 1419 propinant”,
1659 1395 1668 1411 ι
1680 1390 1724 1413 ιιι-

935 1434 996 1464 pote
1003 1430 1048 1464 qui
1064 1430 1123 1464 paci
1133 1430 1303 1458 invideantet
1312 1430 1458 1457 schismata
1467 1431 1590 1465 diligant.
1604 1431 1656 1458 Sed
1665 1439 1723 1463 vos.

935 1479 965 1502 ut
982 1475 1059 1509 probi
1075 1474 1199 1501 homines
1209 1494 1216 1507 ,
1233 1474 1379 1510 ﬁdelesque
1392 1475 1462 1502 servi
1477 1483 1508 1502 ac
1520 1475 1724 1509 dispensatores

936 1520 1061 1552 Domini,
1082 1528 1142 1555 quae
1159 1519 1322 1548 olfendiculo
1339 1520 1447 1555 quidem
1470 1526 1551 1552 sunt,
1576 1525 1604 1548 ct
1623 1530 1637 1549 a
1657 1529 1724 1549 eon-

937 1567 1028 1594 cordia
1043 1566 1188 1599 deterrent,
1199 1567 1361 1601 compescite
1381 1571 1408 1594 et
1424 1567 1565 1602 impedite,
1583 1569 1725 1595 omnibus-

938 1618 991 1644 que
1000 1610 1156 1645 huiusmodi
1168 1618 1260 1645 paceln
1273 1611 1439 1646 anteponite,
1450 1619 1512 1638 cum
1523 1620 1588 1640 sana
1598 1613 1632 1640 sit
1641 1613 1723 1640 tides:

939 1655 1052 1683 forsitan
1068 1655 1199 1683 Dominus
1216 1657 1302 1684 nostri
1319 1657 1458 1691 misertus,
1477 1665 1538 1692 quae
1548 1658 1635 1686 divisa
1649 1658 1726 1686 fuere

939 1702 1084 1737 coaptabit,
1098 1702 1225 1737 factoque
1235 1703 1361 1738 deinceps
1374 1711 1428 1731 uno
1442 1704 1516 1737 ovili,
1531 1712 1626 1732 omnes
1638 1713 1723 1733 unum

940 1748 1099 1776 habebimus
1119 1749 1216 1776 ducem
1234 1748 1380 1777 Dominum
1396 1755 1520 1778 nostrum
1535 1750 1628 1778 Jesum
1645 1751 1725 1778 Clui-

939 1799 1022 1821 stum.

974 1849 1001 1877 9.
1019 1849 1082 1878 Haec
1104 1857 1155 1878 nos
1173 1850 1282 1885 quidem
1300 1851 1419 1886 (tametsi
1433 1852 1501 1879 nihil
1521 1857 1618 1887 praeter
1635 1852 1724 1881 Niem-

940 1903 1003 1924 nam
1029 1896 1162 1932 synodum
1177 1897 1369 1932 requirendum
1391 1902 1469 1932 erat,
1484 1906 1572 1933 neque
1587 1899 1725 1927 toleranda

940 1947 1018 1970 erant
1033 1943 1214 1971 contentionis
1230 1944 1329 1977 verba;
1347 1948 1466 1972 attamen
1485 1945 1560 1980 pacis
1578 1946 1727 1973 concilian-

940 1989 982 2016 dae
999 1996 1081 2017 causa
1091 2009 1099 2022 ,
1114 1993 1142 2016 et
1153 1997 1186 2016 ne
1198 1997 1245 2017 eos
1260 1991 1312 2025 qui'
1327 1995 1400 2018 recte
1417 1991 1518 2018 sentire
1530 1992 1642 2026 cupiunt.
1658 1992 1727 2026 abji-

941 2034 1074 2070 ceretnus)
1094 2035 1325 2068 examinavimus,
1343 2041 1370 2063 et
1385 2044 1445 2071 quae
1464 2037 1515 2071 ipsi
1533 2036 1647 2072 professi
1663 2042 1728 2065 sunt.

940 2081 1034 2116 paucis
1045 2081 1216 2115 dictavimus,
1227 2089 1278 2109 nos
1288 2082 1334 2117 qui
1342 2081 1513 2110 Alexandria:
1523 2083 1609 2111 relicti
1619 2091 1726 2116 sumus,

942 2127 1022 2162 idque
1038 2135 1090 2154 una
1108 2135 1168 2154 cum
1186 2127 1380 2155 comministris
1392 2128 1493 2156 nostris
1505 2128 1613 2156 Asterio
1626 2132 1653 2155 et
1670 2127 1726 2156 Eu-

942 2172 1157 2207 sebiozplurimi
1177 2180 1295 2207 namque
1322 2177 1446 2200 nostrum
1464 2173 1496 2200 ad
1516 2181 1580 2201 suas
1595 2174 1728 2201 dimceses

103 2212 282 2248 ὰπεδήμησαν
305 2214 344 2244 εις
364 2212 413 2244 τὰς
439 2212 584 2248 παροικίας
603 2212 715 2240 ἑαυτῶν.
743 2213 836 2247 Ὑμεῖς
860 2213 887 2240 δὲ

943 2222 1007 2245 sunt
1022 2217 1147 2252 profecti.
1172 2217 1228 2246 Vos
1241 2219 1332 2254 itaque
1347 2219 1373 2246 in
1389 2227 1533 2247 commune
1548 2219 1593 2247 ubi
1607 2227 1727 2247 conven-

104 2258 185 2285 πάλιν
199 2259 274 2293 κοινῇ
289 2257 353 2284 ἔνθα
367 2258 414 2284 καὶ
425 2257 538 2284 εἰώθατε
554 2257 735 2296 συνάγεσθαι,
752 2258 891 2292 ἀνάγνωτε

103 2304 202 2335 ταῦτα,
219 2305 299 2331 κάκεῖ
315 2304 418 2334 πάντας
434 2303 670 2340 προσκαλέσασθαι
693 2303 891 2336 καταξιώσατε.

104 2350 215 2377 Δίκαιον
230 2350 283 2386 γὰρ
300 2351 357 2377 ἐκεῖ
371 2349 478 2386 πρῶτον
493 2349 541 2385 τὴν
559 2349 703 2385 ἐπιστολὴν
715 2349 892 2384 ἀναγνωσθῆ-

105 2405 162 2430 ναι,
179 2397 260 2424 κάκεῖ
271 2397 334 2428 τοὺς
345 2396 522 2432 βουλομένους
536 2396 583 2423 καὶ
593 2397 832 2432 ἀντιποιουμένους
843 2396 894 2432 τῆς

144 2465 155 2480 ⁸
173 2463 252 2491 Joan.
271 2472 310 2495 ιι,
324 2464 368 2491 54.
400 2465 411 2480 ⁹
431 2463 441 2490 l
458 2463 530 2491 Petr.
545 2472 579 2497 tv,
597 2465 623 2492 l.
662 2464 683 2480 ¹⁰
695 2463 796 2492 Habac.
816 2472 847 2494 tt.
866 2465 893 2492 5.

146 2533 202 2568 (48)
231 2533 482 2570 ΒοείΙηᾷὲγείρωνκ
497 2531 568 2570 Infra
581 2537 666 2570 _porst‘
681 2532 781 2570 πτύων.
810 2532 893 2570 Editi,

108 2569 312 2609 πνευματικῶς.
332 2568 393 2609 ξος.
409 2568 495 2597 ΒοδὶΙ.
508 2568 612 2609 ¹θεῖκῶς
626 2568 733 2609 habent.
753 2568 814 2594 lla-c
837 2569 894 2609 ipsa

108 2603 212 2631 vides-is
242 2609 312 2632 orat.
332 2605 360 2637 5,
371 2603 475 2632 ίεοηινη
499 2604 622 2634 Arianos,
640 2611 665 2637 p.
679 2603 741 2636 461,
757 2611 832 2630 num.
848 2603 893 2629 52.

107 2637 196 2666 Paulo
213 2645 274 2666 post
296 2638 357 2666 See.
378 2647 439 2666 cum
456 2639 546 2666 editis.
562 2639 594 2664 ἐκ
606 2637 732 2666 γενητῆς.
749 2637 844 2666 Basil..
863 2639 895 2664 ὲκ

108 2646 196 2666 rautu
213 2646 274 2674 post
296 2646 357 2675 θος.
378 2647 439 2666 cum
456 2646 546 2671 cuius,
562 2646 594 2664 εκ
606 2646 732 2673 γενητης.
749 2646 844 2670 unsu.,

108 2675 303 2710 γενετῆςγοιιιῐι
318 2675 466 2710 εκιηεειίυε.
584 2709 588 2710 ν

146 2709 207 2745 (49)
224 2709 285 2744 5ος,
301 2715 326 2736 et
345 2709 426 2737 Basil.
445 2709 681 2745 διερμηνεύοντας.

146 2744 204 2781 (50)
225 2745 252 2771 ln
269 2745 350 2771 Basil.
371 2745 440 2781 μηδέ
465 2746 550 2771 deest.
576 2744 757 2781 Seguerianus
772 2750 837 2770 vero
857 2744 897 2781 sic

108 2779 280 2822 haberehunc
294 2779 393 2813 locum,
403 2779 449 2815 μὴ
465 2780 653 2815 κατακρίνετε,
669 2779 735 2814 μηδὲ
753 2779 896 2815 προπετῶς

108 2815 286 2843 ἀποϐάλλετε.

147 2852 204 2887 (δι)
226 2850 287 2885 ch.
303 2859 325 2877 ω
338 2850 442 2883 ἀγαθοί.

944 2269 988 2292 tus
1000 2272 1080 2299 agere
1098 2265 1201 2297 soletis,
1220 2265 1278 2293 haec
1289 2265 1406 2301 legitote,
1423 2266 1540 2301 illucque
1553 2274 1649 2294 omnes
1661 2274 1728 2294 con-

942 2317 1041 2338 vocare
1056 2311 1214 2346 dignemini.
1229 2311 1350 2346 [Equum
1364 2312 1437 2339 enim
1450 2316 1492 2340 est
1503 2317 1532 2339 ut
1544 2312 1598 2339 illic
1609 2313 1727 2346 primum

943 2356 1058 2391 epistola
1073 2357 1176 2392 legatur
1189 2377 1196 2389 ,
1214 2365 1245 2384 ac
1262 2357 1362 2385 ibidem
1379 2359 1426 2394 qui
1441 2366 1536 2394 pacem
1552 2362 1646 2393 optant
1663 2366 1727 2393 pro-

943 2407 1095 2438 curantque
1107 2423 1114 2436 ,
1133 2403 1185 2431 sibi
1201 2403 1317 2432 invicem
1331 2404 1510 2432 concilientur
1527 2414 1533 2431 :
1550 2411 1582 2432 ac
1597 2405 1728 2440 deinceps

982 2533 1038 2568 (59)
1061 2532 1123 2568 Seg.
1138 2536 1165 2560 et
1179 2532 1258 2560 Gobl.
1274 2532 1430 2560 ἀποϐαλεῖν.
1448 2543 1458 2554 ι

983 2569 1039 2604 (55)
1060 2567 1121 2603 Seg.
1135 2569 1209 2595 solus
1222 2569 1273 2604 sig.
1284 2568 1414 2595 Εὑσεὸίου
1427 2568 1475 2595 καὶ
1494 2567 1641 2604 Ἀστερίου.
1653 2568 1730 2604 Aste-

944 2603 1018 2630 rium
1043 2603 1233 2635 Orientalium,
1253 2603 1401 2631 Euscbium
1426 2611 1490 2630 vero
1514 2603 1728 2630 Occidentalium

946 2646 1058 2666 causam
1082 2639 1108 2665 in
1127 2639 1177 2665 hac
1199 2639 1305 2673 synodo
1320 2639 1407 2673 egisse
1423 2643 1519 2665 auctor
1540 2643 1582 2665 est
1604 2638 1729 2669 Ruﬁnus,

947 2674 1020 2701 Hist.
1033 2673 1136 2706 eadem,
1153 2674 1199 2701 lib.
1215 2682 1232 2705 ι,
1252 2681 1276 2700 c.
1292 2674 1336 2701 29.
1353 2673 1438 2700 Porro
1456 2673 1500 2701 hic
1513 2673 1639 2700 Asterius
1651 2674 1674 2700 is
1688 2679 1730 2700 est.

947 2710 993 2744 qni
1010 2710 1074 2736 olim
1088 2710 1204 2737 Arianos
1222 2708 1361 2736 Sardicam
1380 2713 1554 2743 properantes
1575 2708 1601 2735 in
1617 2709 1659 2735 via
1682 2709 1731 2735 de-

948 2745 1034 2772 seruit
1062 2753 1114 2771 unn
1137 2752 1199 2771 cum
1228 2745 1292 2770 Ario
1321 2745 1461 2771 Petrarum
1486 2745 1624 2778 episcopo,
1650 2748 1731 2778 atque

949 2779 1104 2807 Sardiccnsi
1117 2779 1221 2814 synodo
1236 2779 1406 2814 subscripsrt.
1416 2779 1475 2812 Qua
1489 2781 1523 2806 de
1540 2787 1622 2806 causa
1635 2779 1731 2806 iisdem

948 2815 1057 2842 Arianis
1074 2813 1231 2842 auctoribus
1251 2815 1276 2840 in
1302 2813 1475 2849 Superiorem
1491 2814 1611 2842 Africam
1629 2815 1733 2849 relega-

951 2854 1004 2883 tus,
1019 2850 1045 2877 in
1063 2850 1149 2877 reditu
1164 2849 1228 2878 huic
1246 2849 1368 2878 interfuit
1382 2850 1493 2884 synodo.
