1977 3039
239 149 290 178 ὃῧῚ
524 148 553 174 S.
574 145 757 173 ATHANASII
777 144 852 172 ΟΡΙ).
871 144 960 171 PARS
983 144 1003 170 l.
1019 160 1054 165 —

1071 143 1256 172 HISTORICA
1274 144 1318 171 ET
1339 145 1549 173 DOGMATICA.
1806 148 1859 175 808

240 217 302 237 cum
320 213 414 236 mutuo
431 205 567 234 conciliati
595 205 712 236 fuerint,
739 204 894 238 ubicunque
924 204 1023 239 populo

1078 205 1185 241 εἰρήνης
1200 204 1398 231 συνάπτεσθαι·
1413 205 1460 231 καὶ
1478 204 1571 232 λοιπὸν
1596 205 1784 240 συναφθέντων
1808 209 1859 234 αὐ-

242 255 388 290 placuerit,
405 258 537 289 praesente
550 257 638 280 vestra
655 251 822 278 humanitate
836 251 890 278 illic
905 258 1023 278 conven-

242 306 285 328 tus
301 301 470 327 celebrentur
480 318 488 331 ,
502 302 529 325 et
541 297 656 324 Domino
673 304 726 324 una
739 297 824 331 gloria
839 296 974 323 tribuatur
988 297 1023 323 ab

241 346 378 373 omnibus.
410 344 535 372 Salutant
559 342 609 370 vos
636 342 734 369 fratres
753 342 800 376 qui
820 349 924 369 mecum
948 345 1021 370 sunt.

240 391 310 428 Opto
323 399 373 419 vos
397 391 464 419 bene
479 390 583 422 valere,
609 394 636 416 et.
660 388 819 416 memoriam
843 389 929 415 nustri
952 387 1022 423 apud

241 438 386 466 Dominum
402 437 502 470 facere,
517 435 574 471 Ego
590 435 756 462 Athanasius
769 443 774 460 :
788 434 834 460 alii
853 434 955 468 pariter
967 434 1023 468 epi-

240 484 324 519 scopi,
341 483 389 519 qui
402 482 483 510 simul
497 486 683 509 convenerunt
696 480 883 514 subscripsere
896 489 902 506 :
917 487 1022 506 necnon

239 530 286 565 qui
301 530 376 556 missi
397 534 460 556 sunt
474 536 488 555 a
505 527 631 555 Lucifero
648 527 756 562 quidem
780 526 912 554 Sardinia:
928 526 1023 554 insulae

238 575 365 610 episcopo
376 596 383 608 ,
408 574 514 602 diaconi
539 575 593 601 duo
606 595 613 607 ,
632 572 783 601 Herennius
797 577 824 600 et
837 573 974 608 Agapctus
988 582 994 599 :
1006 580 1021 599 a

240 621 352 648 Paulino
368 625 458 648 autem
471 620 604 648 Maximus
620 624 646 646 et
658 619 829 651 Calemerus,
847 619 898 653 ipsi
913 625 1022 653 quoque

238 667 355 694 diaconi.
371 666 490 694 Aderant
507 671 534 694 et
546 666 655 701 quidam
668 665 794 692 monachi
808 665 842 692 ab
853 664 1021 700 Apollinario

238 711 366 746 episcopo
384 712 411 738 in
430 712 482 739 hoc
494 711 582 746 ipsum
601 711 686 738 missi.

276 843 317 870 10,
332 841 456 877 EpiscOpi
472 846 561 869 autem
587 840 706 876 praedicti
726 840 758 867 ad
770 847 840 875 quos
859 839 959 874 scripta
980 843 1022 866 est

239 888 362 924 epistola,
382 889 407 914 hi
420 894 502 915 sunt:
515 887 649 915 Eusebius
660 886 845 914 Vercellorum
860 885 953 912 Galliae
975 893 1021 912 ur-
1036 880 1056 907 Β

240 935 292 968 bis,
317 933 424 961 Lucifer
446 933 578 961 Sardiniae
606 933 711 966 insul:e,
736 932 859 959 Asterius
877 931 1020 958 Petrarum

238 980 360 1012 Arabiae,
375 979 514 1016 Cymatius
535 978 603 1006 Palti
623 979 792 1014 Ccelesyriaa,
809 977 952 1004 Anatolius
971 977 1022 1004 Eu-

239 1026 316 1053 bona.

274 1071 326 1105 Qui
340 1078 403 1099 vero
419 1070 559 1106 epistolam
574 1070 752 1104 scripserunt,
769 1068 797 1095 hi
810 1072 884 1100 sunt,
898 1067 1022 1094 Athana-

239 1117 296 1145 sius
313 1124 382 1152 papa
403 1121 430 1144 et
445 1116 491 1152 qui
511 1124 572 1143 cum
586 1123 619 1143 eo
633 1115 802 1142 Alexandria:
822 1113 949 1147 adfuere,
964 1114 1022 1149 ipse

239 1161 372 1191 Eusebius
382 1166 409 1189 et
422 1161 544 1189 Asterius
556 1171 563 1188 ι
578 1161 675 1196 reliqui
688 1165 777 1188 autem
788 1181 795 1193 ,
811 1160 895 1187 Gaius
908 1160 1022 1186 Parato-

239 1209 278 1236 nii
305 1208 427 1244 proxime
442 1207 554 1243 Libyam
567 1228 575 1241 ,
591 1207 713 1242 Agathus
731 1206 882 1241 Phragonis
897 1210 923 1233 et
938 1205 1022 1240 partis

240 1255 382 1290 cujusdam
395 1253 545 1282 Elearcbia:
552 1253 671 1289 Egypti,
683 1253 844 1280 Ammonius
852 1252 1022 1280 Pachnemu-

240 1302 302 1334 nis,
331 1305 358 1327 et
381 1299 492 1334 reliquae
511 1300 596 1334 partis
621 1298 769 1327 Elearcbiaa
783 1307 790 1325 :
805 1297 1021 1333 Agathodaamon

240 1347 362 1375 Schedite
370 1352 397 1374 et
409 1345 555 1378 Menelaiti,
568 1345 728 1372 Dracontius
739 1352 829 1380 parvae
839 1343 1021 1379 llermopolis,

240 1393 388 1429 Ldelphius
404 1391 527 1428 Onuphis
549 1401 609 1428 quae
625 1397 668 1420 est
687 1392 862 1428 Lycbnorum
873 1412 880 1425 ,
893 1391 1022 1419 Hermion

240 1439 357 1472 Taneos,
371 1439 478 1467 Marcus
494 1438 643 1475 Zygrorum
657 1439 779 1474 proxime
793 1438 921 1474 Libyam,
933 1438 1023 1465 Theo-

239 1487 324 1514 dorus
336 1485 466 1516 Athribis,
482 1485 606 1512 Andreas
616 1484 764 1516 Arsenoiti,
775 1483 944 1518 Paphnutius
957 1482 1022 1510 Sae-

239 1539 288 1564 os,
306 1531 412 1559 Marcus
426 1531 565 1558 Philorum
577 1551 585 1564 ,
598 1530 692 1559 Zoilus
705 1530 798 1557 Andro
811 1550 819 1564 ,
835 1529 928 1558 Menas
943 1529 1021 1556 Anti-
1033 1549 1055 1578 Ε

241 1577 369 1612 pbrorum
375 1596 381 1602 .

274 1621 322 1650 His
333 1621 466 1649 Eusebius
483 1628 593 1657 quoque
602 1620 698 1648 Latine
710 1620 884 1655 subscripsit,
904 1627 1021 1655 quorum

239 1669 298 1696 haec
311 1673 354 1696 est
373 1667 557 1702 interpretatio
577 1676 583 1695 :

274 1712 332 1748 Ego
340 1712 484 1743 Eusebius,
499 1711 648 1739 secundum
658 1714 781 1738 exactam
793 1714 909 1738 vestram
921 1709 1022 1736 utrius-

240 1766 294 1794 que
302 1758 386 1794 partis
397 1757 667 1792 confessionem,qua
680 1757 706 1784 in
717 1756 841 1784 eamdem
855 1756 926 1783 circa
938 1755 1023 1791 hypo-

240 1810 327 1833 atases
333 1804 492 1833 sententiam
502 1803 678 1836 convenistis,
685 1803 712 1830 in
719 1802 841 1830 eamdem
848 1809 955 1837 quoque
962 1809 1023 1828 con-

240 1852 301 1879 veni
311 1860 319 1884 ;
332 1850 381 1879 sed
388 1851 470 1878 etiam
479 1850 551 1878 circa
559 1850 642 1885 620
650 1849 863 1877 incarnationem
874 1839 1022 1875 Salvatoris

241 1895 338 1929 nostri,
354 1902 451 1930 nempe
461 1894 508 1922 Dei
523 1894 621 1921 Filium
636 1894 775 1921 hominem
786 1893 888 1920 factum
901 1900 979 1925 esse,
995 1897 1023 1920 et

241 1941 333 1969 omnia
344 1944 440 1974 praeter
452 1943 590 1975 peccatum
602 1939 794 1974 assumpsisse,
802 1938 955 1973 cuiusmodi
964 1942 1024 1966 erat

241 1987 370 2022 antiquus
389 1990 480 2014 noster
492 1986 575 2014 homo
589 1995 596 2013 :
609 1985 690 2020 idque
702 1984 779 2020 juxta
794 1989 950 2012 contextum
964 1984 1021 2019 epi-

241 2033 318 2061 stolae
338 2040 398 2060 meo
417 2032 547 2067 suﬂ'ragio
571 2031 738 2059 conﬁrmavi.
754 2030 787 2058 Et
802 2031 1022 2066 quandoquidem

242 2080 351 2107 exclusa
365 2079 467 2106 dicitur
480 2077 650 2106 Sardicensis
662 2077 772 2105 concilii
784 2077 892 2110 tabella,
907 2085 940 2104 ne
951 2078 1022 2104 ultra

242 2125 380 2153 Nicaenam
395 2124 474 2152 fidem
491 2124 592 2159 aliquid
615 2123 712 2159 exponi
734 2124 856 2151 videatur
871 2133 878 2151 :
894 2131 944 2158 ego
960 2124 1024 2151 huic

243 2179 350 2206 quoque
364 2171 404 2198 rei
415 2172 566 2203 consentio,
581 2178 615 2198 ne
625 2178 672 2205 per
684 2171 756 2198 illam
770 2171 877 2198 Nicmna
893 2171 959 2198 fides
973 2178 1022 2197 ex-

243 2217 317 2244 clusa
333 2217 468 2248 videatur,
479 2224 566 2251 neque
577 2216 766 2252 proferendam
780 2224 841 2244 eam
851 2224 912 2244 esse
924 2216 1021 2244 sentio.

1078 2213 1178 2248 Νικαίᾳ
1195 2213 1284 2244 πίστις
1308 2213 1354 2239 διὰ
1379 2213 1475 2240 τούτου
1500 2213 1672 2241 ὲκκλείεσθαι
1688 2213 1761 2250 δόξῃ,
1790 2215 1860 2250 μήτε
1902 2220 1906 2232 ι

243 2262 312 2298 οριο
328 2263 357 2290 in
373 2262 489 2291 Domino
501 2270 550 2291 vos
564 2263 633 2290 bene
643 2263 751 2297 valere.f

258 2473 266 2499 ι
279 2436 335 2472 (54)
356 2436 467 2472 Seguer.
481 2437 581 2473 ὁμοίως
591 2447 621 2465 τε
632 2439 656 2465 οἱ
677 2438 761 2465 ἄλλοι.
772 2437 853 2471 Editi,
866 2439 966 2474 ὁμοίως
977 2440 1024 2466 καὶ

242 2481 276 2500 οι.

278 2507 334 2542 (55)
353 2506 464 2545 Segne];
483 2508 568 2545 prima
581 2516 674 2541 manu,
691 2509 867 2545 Λουκῐφερος,
893 2510 1022 2545 secunda,

242 2541 420 2578 Λουκιφέρου.
436 2541 525 2570 Unun‘l
541 2544 673 2571 duntaxat
691 2541 835 2571 diaconum
860 2552 874 2570 ιι
897 2541 1023 2571 Lucifero

242 2577 483 2612 legatum'narrant
499 2579 612 2606 lluiinus
639 2579 710 2605 Hist.
727 2579 830 2608 eccles..
843 2579 890 2605 lih.
905 2587 924 2610 ι,
938 2586 962 2605 c.
976 2579 1022 2612 27,

241 2616 269 2651 et
286 2611 456 2651 So1.()ni;_lib.
465 2621 497 2651 ἓν,
509 2613 704 2651 c.12.__Aitque
719 2614 792 2651 idem
809 2613 934 2651 Ιξιιίίιιιις,
951 2614 1022 2651 sitni-

244 2647 356 2685 [iterque
379 2647 564 2685 Theodoretus
575 2649 634 2685 Alib.
649 2657 689 2685 ιιι,
705 2656 764 2683 cap.
777 2649 802 2679 5,
816 2648 971 2685 Luciferum
989 2649 1024 2676 ab

242 2681 498 2718 Euscbiorrogatnm
511 2688 540 2710 ut
550 2681 745 2710 Alexandriam
758 2691 849 2711 secum
867 2683 1023 2718 proﬁcisce-

243 2720 327 2747 retur,
346 2717 370 2742 ιιι
386 2717 522 2745 abnuisse.
703 2719 706 2724 ’

354 2751 436 2790 βξιείι,
452 2753 508 2779 Οὐκ
524 2753 580 2779 ἔστι
596 2753 634 2786 δέ,
652 2754 730 2781 male.

261 2785 400 2826 λῦῃ-δίο
415 2794 515 2826 omnes
526 2789 701 2826 manuscripti
717 2794 743 2816 et
756 2788 830 2826 editi.
845 2787 878 2814 At
891 2788 917 2826 in
932 2787 1024 2826 Histo—

243 2820 283 2846 ria
300 2819 458 2856 Arianorum
482 2823 515 2848 ad
533 2819 680 2856 monac/toi,
699 2832 774 2851 num.
790 2824 835 2855 55,
852 2824 1023 2852 rcstituimus

242 2863 273 2882 ex
292 2862 358 2889 mss.
376 2854 538 2884 Βερκέλ).ων.

1073 251 1137 283 τῶν,
1159 250 1223 276 ἔνθα
1235 249 1273 284 ,ἂν
1292 251 1378 286 ἀρέσῃ
1392 251 1458 277 πᾶσι
1470 253 1526 282 τοῖς
1540 251 1628 283 λαοῖς,
1645 253 1785 289 παρούσης
1809 255 1859 290 τῆς

1074 297 1210 332 ὑμετέρας
1226 297 1497 332 χρηστότητος,”ὲκεῖ
1515 297 1564 329 τὰς
1584 298 1707 330 συνάξεις
1728 300 1859 327 ἐπιτελεῖ-

1074 342 1144 375 σθαι,
1158 343 1204 369 καὶ
1216 343 1262 368 τὸν
1272 342 1374 378 Κύριον
1389 344 1465 378 κοινῇ
1481 343 1554 379 παρὰ
1564 344 1671 371 πάντων
1685 345 1858 378 δοξάζεσθαι.

1073 388 1324 424 Προσαγορεύουσιν
1344 389 1416 424 ὑμᾶς
1429 390 1453 415 οἱ
1469 390 1517 415 σὺν
1534 390 1596 425 ἐμοὶ
1613 390 1735 425 ἀδελφοί.
1756 393 1859 428 Ἐρρὦ

1074 435 1135 462 σθαι
1150 435 1230 470 ὑμᾶς,
1246 435 1294 461 καὶ
1310 436 1490 471 μνημονεύειν
1504 437 1582 471 ἡμῶν
1605 437 1644 472 τῷ
1663 438 1759 474 Κυρίῳ
1779 439 1857 474 εὖχο-

1076 489 1135 516 μαι,
1150 481 1220 515 Ἐγώ
1236 490 1265 507 τε
1280 481 1436 513 Ἀθανάσιος
1446 490 1452 496 “
1464 482 1564 517 ὁμοίως
1578 491 1608 509 τε
1622 485 1646 509 οἱ
1659 483 1732 510 ἄλλοι
1747 485 1858 512 ἐπίσκο-

1074 527 1157 553 ποιοί
1178 526 1349 558 συνελθόντες
1374 527 1553 562 ὑπέγραψαν·
1575 528 1622 554 καὶ
1644 529 1668 555 οἱ
1692 529 1858 557 ἀποσταλέν-

1073 579 1118 602 τες
1133 571 1188 607 (54)
1209 571 1237 597 δὲ
1252 570 1328 606 παρὰ
1341 571 1390 606 μὲν
1399 571 1566 607 Λουκίφερος
1578 572 1634 607 (55)
1647 573 1693 599 τοῦ
1706 574 1858 601 ἐπισκόπου

1072 616 1187 651 Σαρδίας
1206 616 1298 651 νήσου,
1317 616 1434 642 διάκονοι
1445 615 1502 648 δύο,
1518 617 1662 651 Ἐρέννιος,
1673 618 1719 644 καὶ
1736 618 1858 654 Ἀγαπη-

1071 662 1116 693 τός
1126 670 1134 678 ι
1154 661 1229 697 παρὰ
1247 661 1275 688 δὲ
1287 661 1418 688 Παυλίνου
1429 661 1555 697 Μάξιμος
1565 663 1612 689 καὶ
1626 663 1702 698 Καλή
1708 672 1798 699 μερος,
1809 664 1859 690 καὶ

1072 707 1147 734 αὐτοὶ
1165 708 1291 735 διάκονοι.
1309 708 1438 744 Παρῆσαν
1449 707 1477 734 δὲ
1492 708 1538 735 καί
1556 717 1629 740 τινες
1655 709 1857 745 Ἀπολλιναρίου

1072 751 1118 778 τοῦ
1143 752 1292 779 ἐπισκόπου
1314 752 1484 788 μονάζοντες,
1514 754 1579 788 παρ’
1594 753 1676 780 αὐτοῦ
1708 755 1748 785 είς
1778 753 1859 781 τοῦτο

1072 798 1252 832 πεμφθέντες.

1107 844 1150 870 10.
1173 844 1249 870 Ἐστι
1265 844 1293 870 δὲ
1309 843 1366 879 (56)
1377 844 1492 876 ἕκαστος
1515 844 1569 871 τῶν
1592 844 1778 880 προκειμένων
1796 846 1858 872 ἑπι-

1071 889 1190 921 σκόπων,
1206 889 1275 925 πρὸς
1291 889 1338 921 οὓς
1351 891 1367 925 ἡ
1378 890 1506 925 ἐπιστολὴ
1521 890 1639 925 ἐγράφη,
1660 890 1789 922 Εὐσέϐιος
1808 890 1858 917 πό-

1071 935 1139 966 λεως
1163 934 1313 970 Βιργίλλων
1337 936 1386 971 τῆς
1403 936 1517 967 Γαλλίας
1540 936 1616 971 (57),
1646 936 1783 972 Δουκίφερ
1807 937 1858 972 τῆς

1071 981 1186 1017 Σαρδίιις
1196 982 1288 1016 νήσου,
1308 981 1444 1017 Ἀστέριος
1454 981 1564 1017 Πετρῶν
1578 982 1626 1017 τῆς
1649 981 1787 1017 Ἀραϐίας,
1803 983 1860 1008 Κυ-

1072 1027 1167 1063 μάτιος
1182 1027 1285 1054 Παλτοῦ
1304 1027 1405 1063 Κοίλης
1421 1027 1536 1062 Συρίας,
1558 1027 1709 1059 ’Δνατόλιος
1733 1028 1858 1060 Εὐϐοίας.

1107 1074 1138 1099 υἱ
1156 1073 1184 1099 δὲ
1203 1073 1402 1104 ὲπιστείλαντες
1414 1073 1428 1099 ὃ
1446 1081 1476 1099 τε
1493 1073 1586 1104 πάπας
1614 1073 1784 1105 Ἀθανάσιος,
1811 1074 1860 1100 καὶ

1071 1121 1094 1146 oi
1116 1119 1317 1155 παρατυχόντες
1342 1119 1391 1145 σὺν
1409 1118 1484 1154 αὐτῷ
1503 1119 1531 1145 ὲν
1555 1118 1757 1155 Ἀλεξανδρείᾳ,
1778 1119 1860 1150 αὐτός

1071 1173 1101 1192 τε
1118 1165 1246 1196 Εὐσέϐιος
1261 1165 1307 1192 καὶ
1328 1164 1481 1200 Ἀστέριος·
1500 1165 1547 1191 καὶ
1561 1165 1585 1191 οἱ
1600 1165 1689 1192 λοιποὶ
1705 1165 1784 1196 Γάϊος
1803 1165 1860 1192 Πα-

1073 1212 1194 1247 ρατονίου
1209 1211 1256 1246 τῆς
1269 1210 1381 1245 ἔγγιστα
1399 1211 1453 1246 (58)
1474 1210 1587 1246 Λιϐύης,
1611 1210 1724 1244 ’Δγαθὸς
1746 1211 1860 1245 Φραγὼ-

1072 1266 1139 1289 νεως
1153 1257 1200 1284 καὶ
1213 1257 1312 1292 μέρους
1331 1256 1488 1292 Ἐλεαρχίας
1506 1256 1556 1291 τῆς
1568 1256 1723 1290 Αἰγύπτουι
1746 1257 1858 1292 Ἀμμώ-

1072 1312 1126 1335 νιος
1147 1303 1357 1338 Παχνεμούνεως
1369 1303 1415 1330 καὶ
1428 1302 1473 1328 τοῦ
1486 1302 1579 1329 λοιποῦ
1594 1303 1694 1338 μέρους
1709 1303 1758 1338 τῆς
1783 1303 1859 1330 Ἐλε-

1071 1348 1178 1384 αρχίας,
1199 1347 1400 1383 Ἀγαθοδαίμων
1412 1347 1523 1383 Σχεδίας
1535 1348 1582 1374 καὶ
1598 1349 1762 1375 Μενελαϊτου
1770 1356 1777 1364 '
1789 1350 1860 1384 Δρα-

1071 1394 1175 1424 κόντιος
1200 1393 1407 1429 Ἐρμουπόλεως
1422 1394 1532 1428 μικρᾶς.
1548 1393 1686 1428 Ἀδὲλφιος
1709 1394 1859 1429 Ὀνούφεως

1071 1440 1119 1475 τῆς
1136 1439 1257 1475 Λύχνων,
1277 1439 1397 1475 Ἑρμίων
1413 1439 1521 1471 Τάνεως
1531 1459 1538 1471 ,
1554 1439 1667 1474 Μάρκος
1685 1439 1796 1475 Ζύγρων
1808 1440 1860 1474 τῆς

1072 1485 1183 1519 ἔγγιστα
1202 1485 1315 1521 Λιϐύης,
1329 1484 1465 1520 Θεόδωρος
1487 1484 1643 1519 Ἀθρίϐεως,
1661 1485 1788 1519 Ἀνδρέας
1802 1485 1858 1520 ('39)

1077 1531 1255 1567 ’Δρσενοῖτου,
1283 1530 1449 1565 Παφνούτιος
1479 1530 1588 1562 Σάεως,
1622 1531 1736 1566 Μάρκος
1760 1531 1857 1564 Φίλων,

1071 1576 1170 1608 Ζώῖλος
1188 1577 1303 1612 Ἀνδρω,
1315 1577 1410 1612 Μῆνας
1432 1576 1582 1612 Ἀντίφρων
1599 1576 1664 1612 (60).
1723 1607 1727 1611 λ

1107 1623 1217 1654 Τούτοις
1230 1623 1277 1650 καὶ
1295 1622 1424 1655 Εὐσέϐιος
1439 1622 1581 1659 ὑπέγραψε
1610 1621 1769 1658 Ῥωμαῖα-τὶ,
1785 1618 1823 1650 ὦν
1841 1623 1858 1657 ἡ

1072 1667 1206 1703 ἑρμηνεία
1215 1675 1223 1682 ο

1113 1712 1183 1748 Ἐγὼ
1213 1713 1342 1745 Εὐσέϐιος
1369 1712 1518 1745 ἐπίσκοπος
1542 1712 1613 1740 κατὰ
1636 1712 1688 1748 τὴν
1715 1711 1858 1748 ἀκρίϐειαν

1071 1759 1148 1794 ὑμῶν
1163 1758 1212 1794 τὴν
1225 1760 1291 1794 παρ’
1317 1759 1455 1794 ἑκατέρων
1474 1758 1528 1785 τῶν
1545 1759 1634 1794 μερῶν
1647 1758 1858 1794 ὁμολογηθεῖσαν

1071 1804 1194 1839 ἀλλήλοις
1219 1804 1418 1840 συντιθεμένων
1433 1804 1497 1840 περὶ
1521 1804 1576 1831 τῶν
1605 1804 1789 1836 ὑποστάσεων,
1811 1805 1858 1831 καὶ

1072 1850 1152 1881 αὐτὸς
1180 1850 1402 1886 συγκατεθέμην·
1429 1851 1460 1878 οὺ
1490 1851 1543 1886 μὴν
1562 1850 1701 1885 ἁλλὰ(61)
1721 1850 1767 1877 καὶ
1793 1851 1858 1885 περὶ

1071 1894 1121 1929 τῆς
1135 1894 1299 1930 σαρκώσεως
1317 1895 1364 1921 τοῦ
1380 1895 1505 1931 Σωτῆρος
1520 1895 1608 1930 ἡμῶν,
1629 1895 1669 1921 ὅτι
1681 1894 1695 1920 ὁ
1717 1895 1764 1921 τοῦ
1789 1895 1857 1922 Θεοῦ

1073 1939 1146 1972 Υἱὸς,
1159 1941 1205 1966 καὶ
1225 1940 1366 1976 ἄνθρωπος
1378 1941 1488 1975 γέγονεν
1498 1961 1506 1973 ,
1527 1940 1667 1968 ἀναλαϐὼν
1690 1941 1780 1968 πάντα
1793 1941 1857 1968 ἄνευ

1072 1985 1219 2021 ἁμαρτιας,
1228 1982 1282 2017 οἷος
1295 1987 1309 2012 ὁ
1319 1985 1433 2018 παλαιὸς
1445 1985 1524 2022 ἡμῶν
1539 1986 1681 2022 ἄνθρωπος
1696 1986 1856 2021 συνέστηκε,

1072 2031 1143 2058 κατὰ
1162 2032 1193 2058 τὸ
1219 2032 1270 2067 τῆς
1297 2031 1440 2067 ἐπιστολῆς
1471 2031 1538 2067 ὕφος
1568 2033 1773 2067 ὲπιστωσὰμην.
1802 2033 1858 2059 Καὶ

1073 2078 1165 2113 ἐπειδὴ
1185 2078 1283 2111 ἔξωθεν
1307 2078 1416 2112 λέγεται
1441 2078 1472 2104 τδ
1491 2079 1542 2114 τῆς
1563 2078 1696 2113 Σαρδικῆς
1717 2079 1859 2105 πιττάκιον

1072 2123 1166 2150 ἕνεκεν
1179 2123 1227 2149 τοῦ
1243 2123 1279 2159 μὴ
1292 2123 1367 2159 παρὰ
1382 2123 1431 2159 τὴν
1442 2124 1471 2150 ὲν
1485 2123 1587 2159 Νικαίᾳ
1602 2124 1694 2151 πίστιν
1708 2123 1794 2151 δοκεῖν
1810 2126 1859 2151 ὲκ-

1073 2168 1205 2201 τίθεσθαι,
1221 2169 1268 2194 καὶ
1284 2168 1340 2202 ἐγὼ
1354 2168 1596 2204 συγκατατίθεμαι,
1610 2169 1653 2196 ἵνα
1672 2169 1708 2204 μὴ
1724 2170 1741 2205 ἡ
1760 2169 1816 2204 (62)
1829 2170 1860 2195 ὲν

1073 2256 1142 2284 εἶναι
1160 2259 1368 2294 προκομιστέον.
1394 2259 1545 2295 Ἐρῤὦσθαι
1562 2260 1633 2295 ὑμᾶς
1652 2260 1681 2286 ὲν
1699 2260 1794 2296 Κυρίῳ
1813 2259 1860 2286 εὓ-

1073 2312 1166 2338 χομαι.
1433 2315 1437 2319 τ

1110 2441 1186 2469 Multi
1202 2450 1233 2470 ex
1252 2443 1454 2483 hisnepiscopis
1469 2444 1645 2483 relcgatipro
1656 2445 1791 2483 catholica
1807 2445 1860 2473 fide

1076 2478 1286 2514 recensenturin
1297 2477 1367 2514 Hist.
1384 2477 1544 2506 Arianorum
1558 2477 1747 2507 ali-monachos
1764 2489 1859 2514 supra.

1077 2520 1152 2549 num.
1171 2513 1216 2549 72,
1232 2513 1267 2549 in
1284 2513 1412 2547 Apologia
1433 2515 1463 2541 de
1478 2514 1551 2549 fuga.
1570 2523 1646 2542 num.
1664 2515 1689 2548 7,
1706 2520 1732 2542 et
1748 2516 1773 2541 in
1790 2513 1861 2544 Ano—

1076 2547 1145 2580 logia
1170 2547 1204 2585 ad
1218 2546 1529 2585 Δ(ἷοηιιιαιιιῃὶιιιιι,ιιιιιιὶ.
1549 2549 1593 2576 Ἦ.
1612 2549 1647 2576 De
1659 2546 1862 2585 episcopalibus

1076 2587 1165 2620 autem
1256 2591 1337 2620 supra
1353 2582 1725 2620 Tabeliamrgeographicum.

1112 2617 1169 2650 (58)
1190 2617 1236 2644 Sic
1264 2617 1376 2653 Seguer.
1391 2624 1418 2645 et
1434 2617 1589 2646 Goblerian.
1607 2617 1660 2646 Alii
1677 2625 1704 2647 et
1720 2619 1796 2650 editi,
1814 2619 1861 2653 ἑγ-

1075 2659 1173 2686 γνστα.

1111 2687 1167 2730 (5'9)
1188 2687 1276 2714 Editio
1292 2687 1397 2715 Comm.
1422 2688 1567 2725 Ἀνδρείας.
1588 2688 1649 2716 Mox
1666 2688 1775 2724 Seguer.
1801 2687 1862 2721 Ἀρ-

1077 2729 1202 2756 σενοητου
1207 2741 1213 2747 .

1114 2757 1169 2790 ((50)
1191 2757 1278 2794 Ellitio
1290 2757 1608 2794 (ἒοηιιιιηἌνδρωμηνᾶς
1633 2760 1770 2794 Λντιφρω.
1787 2758 1857 2786 Ειξίῐ.

1077 2791 1164 2817 Pam.
1182 2792 1243 2824 Sag.
1261 2792 1342 2819 Basi‘l.
1361 2798 1391 2819 ut
1404 2793 1430 2819 in
1447 2791 1530 2820 teitul

1192 2826 1280 2864 [illitio
1296 2827 1481 2864 Gonnnasola.
1497 2829 1527 2854 οὺ
1543 2829 1591 2864 μὲν
1604 2827 1681 2856 ἀλλά.

1115 2861 1170 2896 (6'1)
1197 2860 1228 2887 'll
1242 2862 1318 2890 deest
1330 2863 1356 2889 in
1371 2863 1436 2890 edit.
1453 2860 1578 2891 [ιλιι-ἰδίει
1593 2865 1618 2891 in
1633 2864 1715 2892 Basil.
1730 2863 1804 2890 solis.
