  <div class='ocr_page' id='page_1' title='image "/cluster/home/n/w/nwhite01/storage/ocr_20150623/26/njp.32101077772521/411.png"; bbox 0 0 1977 3039; ppageno 0'>
   <div class='ocr_carea' id='block_1_1' title="bbox 215 99 1829 131">
    <p class='ocr_par' dir='ltr' id='par_1_1' title="bbox 215 99 1829 131">
     <span class='ocr_line' id='line_1_1' title="bbox 215 99 1829 131; baseline 0.002 -3"><span class='ocrx_word' id='word_1_1' title='bbox 215 100 264 129; x_wconf 77' lang='lat' dir='ltr'><strong><em>8H</em></strong></span> <span class='ocrx_word' id='word_1_2' title='bbox 496 100 524 128; x_wconf 87' lang='lat' dir='ltr'><strong><em>S.</em></strong></span> <span class='ocrx_word' id='word_1_3' title='bbox 545 99 728 128; x_wconf 79' lang='lat' dir='ltr'><strong><em>ATHANASII</em></strong></span> <span class='ocrx_word' id='word_1_4' title='bbox 747 100 821 129; x_wconf 86' lang='lat' dir='ltr'><strong><em>OPP.</em></strong></span> <span class='ocrx_word' id='word_1_5' title='bbox 843 99 934 128; x_wconf 78' lang='lat' dir='ltr'><strong><em>PARS</em></strong></span> <span class='ocrx_word' id='word_1_6' title='bbox 951 100 971 127; x_wconf 81' lang='grc' dir='ltr'><strong><em>Ι.</em></strong></span> <span class='ocrx_word' id='word_1_7' title='bbox 989 116 1023 121; x_wconf 92' lang='grc'><strong>-</strong></span> <span class='ocrx_word' id='word_1_8' title='bbox 1043 100 1228 129; x_wconf 77' lang='lat' dir='ltr'><strong><em>HISTORICA</em></strong></span> <span class='ocrx_word' id='word_1_9' title='bbox 1247 100 1290 128; x_wconf 82' lang='lat' dir='ltr'><strong><em>ET</em></strong></span> <span class='ocrx_word' id='word_1_10' title='bbox 1310 100 1520 129; x_wconf 78' lang='lat' dir='ltr'><strong><em>DOGMATICA.</em></strong></span> <span class='ocrx_word' id='word_1_11' title='bbox 1775 101 1829 131; x_wconf 70' lang='grc'><strong>812</strong></span> 
     </span>
    </p>
   </div>
   <div class='ocr_carea' id='block_1_2' title="bbox 877 304 1162 351">
    <p class='ocr_par' dir='ltr' id='par_1_2' title="bbox 877 304 1162 351">
     <span class='ocr_line' id='line_1_2' title="bbox 877 304 1162 351; baseline 0.004 -1"><span class='ocrx_word' id='word_1_12' title='bbox 877 304 1162 351; x_wconf 86' lang='lat' dir='ltr'><strong><em>MONITUM</em></strong></span> 
     </span>
    </p>
   </div>
   <div class='ocr_carea' id='block_1_3' title="bbox 508 400 1521 441">
    <p class='ocr_par' dir='ltr' id='par_1_3' title="bbox 508 400 1521 441">
     <span class='ocr_line' id='line_1_3' title="bbox 508 400 1521 441; baseline 0.002 -8"><span class='ocrx_word' id='word_1_13' title='bbox 508 403 543 433; x_wconf 87' lang='lat' dir='ltr'><strong><em>In</em></strong></span> <span class='ocrx_word' id='word_1_14' title='bbox 559 402 727 441; x_wconf 73' lang='lat' dir='ltr'><strong><em>sequentia</em></strong></span> <span class='ocrx_word' id='word_1_15' title='bbox 743 401 897 437; x_wconf 79' lang='lat' dir='ltr'><strong><em>opuscula</em></strong></span> <span class='ocrx_word' id='word_1_16' title='bbox 912 402 1040 433; x_wconf 77' lang='lat' dir='ltr'><strong><em>laviani</em></strong></span> <span class='ocrx_word' id='word_1_17' title='bbox 1063 400 1265 441; x_wconf 70' lang='lat' dir='ltr'><strong><em>imperatoris</em></strong></span> <span class='ocrx_word' id='word_1_18' title='bbox 1281 404 1422 441; x_wconf 81' lang='lat' dir='ltr'><strong><em>tempore</em></strong></span> <span class='ocrx_word' id='word_1_19' title='bbox 1436 403 1521 435; x_wconf 84' lang='lat' dir='ltr'><strong><em>edita</em></strong></span> 
     </span>
    </p>
   </div>
   <div class='ocr_carea' id='block_1_4' title="bbox 251 560 1828 603">
    <p class='ocr_par' dir='ltr' id='par_1_4' title="bbox 251 560 1828 603">
     <span class='ocr_line' id='line_1_4' title="bbox 251 560 1828 603; baseline 0.001 -10"><span class='ocrx_word' id='word_1_20' title='bbox 251 564 360 603; x_wconf 74' lang='lat'><strong><em>6211.</em></strong></span> <span class='ocrx_word' id='word_1_21' title='bbox 377 564 519 600; x_wconf 74' lang='lat' dir='ltr'><strong><em>Postquam</em></strong></span> <span class='ocrx_word' id='word_1_22' title='bbox 533 561 658 589; x_wconf 80' lang='lat' dir='ltr'><strong><em>Julianus</em></strong></span> <span class='ocrx_word' id='word_1_23' title='bbox 669 561 795 595; x_wconf 86' lang='lat' dir='ltr'><strong><em>Apostata</em></strong></span> <span class='ocrx_word' id='word_1_24' title='bbox 813 561 961 587; x_wconf 85' lang='lat' dir='ltr'><strong><em>miserrima</em></strong></span> <span class='ocrx_word' id='word_1_25' title='bbox 975 569 1034 589; x_wconf 90' lang='lat' dir='ltr'><strong><em>nece</em></strong></span> <span class='ocrx_word' id='word_1_26' title='bbox 1047 561 1167 588; x_wconf 86' lang='lat' dir='ltr'><strong><em>sublatus</em></strong></span> <span class='ocrx_word' id='word_1_27' title='bbox 1175 566 1225 593; x_wconf 87' lang='lat' dir='ltr'><strong><em>est,</em></strong></span> <span class='ocrx_word' id='word_1_28' title='bbox 1241 569 1338 596; x_wconf 87' lang='lat' dir='ltr'><strong><em>magna</em></strong></span> <span class='ocrx_word' id='word_1_29' title='bbox 1345 560 1558 590; x_wconf 84' lang='lat' dir='ltr'><strong><em>Christianorum</em></strong></span> <span class='ocrx_word' id='word_1_30' title='bbox 1569 563 1646 592; x_wconf 77' lang='lat' dir='ltr'><strong><em>rebus</em></strong></span> <span class='ocrx_word' id='word_1_31' title='bbox 1656 564 1703 592; x_wconf 88' lang='lat' dir='ltr'><strong><em>lux</em></strong></span> <span class='ocrx_word' id='word_1_32' title='bbox 1716 566 1828 602; x_wconf 79' lang='lat' dir='ltr'><strong><em>effulsit,</em></strong></span> 
     </span>
    </p>
   </div>
   <div class='ocr_carea' id='block_1_5' title="bbox 215 605 1829 644">
    <p class='ocr_par' dir='ltr' id='par_1_5' title="bbox 215 605 1829 644">
     <span class='ocr_line' id='line_1_5' title="bbox 215 605 1829 644; baseline -0.002 -4"><span class='ocrx_word' id='word_1_33' title='bbox 215 621 275 640; x_wconf 83' lang='lat' dir='ltr'><strong><em>cum</em></strong></span> <span class='ocrx_word' id='word_1_34' title='bbox 294 611 422 639; x_wconf 74' lang='lat' dir='ltr'><strong><em>Iovianus</em></strong></span> <span class='ocrx_word' id='word_1_35' title='bbox 438 611 466 636; x_wconf 90' lang='lat' dir='ltr'><strong><em>in</em></strong></span> <span class='ocrx_word' id='word_1_36' title='bbox 475 609 531 644; x_wconf 83' lang='lat' dir='ltr'><strong><em>ejus</em></strong></span> <span class='ocrx_word' id='word_1_37' title='bbox 547 607 598 643; x_wconf 83' lang='lat' dir='ltr'><strong><em>fuit</em></strong></span> <span class='ocrx_word' id='word_1_38' title='bbox 610 607 695 634; x_wconf 89' lang='lat' dir='ltr'><strong><em>locum</em></strong></span> <span class='ocrx_word' id='word_1_39' title='bbox 709 607 896 641; x_wconf 88' lang='lat' dir='ltr'><strong><em>inauguratus.</em></strong></span> <span class='ocrx_word' id='word_1_40' title='bbox 914 605 943 632; x_wconf 86' lang='lat' dir='ltr'><strong><em>Is</em></strong></span> <span class='ocrx_word' id='word_1_41' title='bbox 957 612 985 634; x_wconf 90' lang='lat' dir='ltr'><strong><em>ut</em></strong></span> <span class='ocrx_word' id='word_1_42' title='bbox 1002 611 1071 638; x_wconf 91' lang='lat' dir='ltr'><strong><em>erat,</em></strong></span> <span class='ocrx_word' id='word_1_43' title='bbox 1085 611 1148 633; x_wconf 86' lang='lat' dir='ltr'><strong><em>teste</em></strong></span> <span class='ocrx_word' id='word_1_44' title='bbox 1161 605 1286 641; x_wconf 79' lang='lat' dir='ltr'><strong><em>Gregorio</em></strong></span> <span class='ocrx_word' id='word_1_45' title='bbox 1301 605 1486 641; x_wconf 76' lang='lat' dir='ltr'><strong><em>Nazianzeno,</em></strong></span> <span class='ocrx_word' id='word_1_46' title='bbox 1503 608 1572 635; x_wconf 90' lang='lat' dir='ltr'><strong><em>mira</em></strong></span> <span class='ocrx_word' id='word_1_47' title='bbox 1584 609 1682 644; x_wconf 91' lang='lat' dir='ltr'><strong><em>pietate</em></strong></span> <span class='ocrx_word' id='word_1_48' title='bbox 1694 611 1829 641; x_wconf 80' lang='lat' dir='ltr'><strong><em>animique</em></strong></span> 
     </span>
    </p>
   </div>
   <div class='ocr_carea' id='block_1_6' title="bbox 215 653 1830 692">
    <p class='ocr_par' dir='ltr' id='par_1_6' title="bbox 215 653 1830 692">
     <span class='ocr_line' id='line_1_6' title="bbox 215 653 1830 692; baseline 0.001 -7"><span class='ocrx_word' id='word_1_49' title='bbox 215 658 324 686; x_wconf 84' lang='lat' dir='ltr'><strong><em>lenitate</em></strong></span> <span class='ocrx_word' id='word_1_50' title='bbox 338 656 481 692; x_wconf 61' lang='lat' dir='ltr'><strong><em>praeditus,</em></strong></span> <span class='ocrx_word' id='word_1_51' title='bbox 493 654 612 682; x_wconf 81' lang='lat' dir='ltr'><strong><em>exsulum</em></strong></span> <span class='ocrx_word' id='word_1_52' title='bbox 623 654 802 688; x_wconf 86' lang='lat' dir='ltr'><strong><em>episcoporum</em></strong></span> <span class='ocrx_word' id='word_1_53' title='bbox 818 654 979 681; x_wconf 89' lang='lat' dir='ltr'><strong><em>revocatione</em></strong></span> <span class='ocrx_word' id='word_1_54' title='bbox 989 654 1128 688; x_wconf 88' lang='lat' dir='ltr'><strong><em>imperium</em></strong></span> <span class='ocrx_word' id='word_1_55' title='bbox 1144 657 1182 680; x_wconf 89' lang='lat' dir='ltr'><strong><em>est</em></strong></span> <span class='ocrx_word' id='word_1_56' title='bbox 1192 653 1354 687; x_wconf 85' lang='lat' dir='ltr'><strong><em>auspicatus.</em></strong></span> <span class='ocrx_word' id='word_1_57' title='bbox 1371 653 1438 681; x_wconf 95' lang='lat' dir='ltr'><strong><em>Ante</em></strong></span> <span class='ocrx_word' id='word_1_58' title='bbox 1453 662 1540 683; x_wconf 81' lang='lat' dir='ltr'><strong><em>omnes</em></strong></span> <span class='ocrx_word' id='word_1_59' title='bbox 1554 661 1642 684; x_wconf 86' lang='lat' dir='ltr'><strong><em>autem</em></strong></span> <span class='ocrx_word' id='word_1_60' title='bbox 1655 657 1830 687; x_wconf 83' lang='lat' dir='ltr'><strong><em>Athanasium</em></strong></span> 
     </span>
    </p>
   </div>
   <div class='ocr_carea' id='block_1_7' title="bbox 215 699 1830 738">
    <p class='ocr_par' dir='ltr' id='par_1_7' title="bbox 215 699 1830 738">
     <span class='ocr_line' id='line_1_7' title="bbox 215 699 1830 738; baseline -0.002 -3"><span class='ocrx_word' id='word_1_61' title='bbox 215 708 329 736; x_wconf 68' lang='lat' dir='ltr'><strong><em>exsulem</em></strong></span> <span class='ocrx_word' id='word_1_62' title='bbox 346 703 470 735; x_wconf 73' lang='lat' dir='ltr'><strong><em>restituit,</em></strong></span> <span class='ocrx_word' id='word_1_63' title='bbox 486 709 530 737; x_wconf 82' lang='lat' dir='ltr'><strong><em>qut</em></strong></span> <span class='ocrx_word' id='word_1_64' title='bbox 544 700 662 727; x_wconf 84' lang='lat' dir='ltr'><strong><em>omnibus</em></strong></span> <span class='ocrx_word' id='word_1_65' title='bbox 677 701 771 727; x_wconf 89' lang='lat' dir='ltr'><strong><em>virtute</em></strong></span> <span class='ocrx_word' id='word_1_66' title='bbox 782 702 935 735; x_wconf 73' lang='lat' dir='ltr'><strong><em>prwstabat,</em></strong></span> <span class='ocrx_word' id='word_1_67' title='bbox 943 705 968 728; x_wconf 92' lang='lat' dir='ltr'><strong><em>et</em></strong></span> <span class='ocrx_word' id='word_1_68' title='bbox 979 708 1026 734; x_wconf 86' lang='lat' dir='ltr'><strong><em>pro</em></strong></span> <span class='ocrx_word' id='word_1_69' title='bbox 1039 701 1137 735; x_wconf 90' lang='lat' dir='ltr'><strong><em>pietate</em></strong></span> <span class='ocrx_word' id='word_1_70' title='bbox 1152 700 1207 727; x_wconf 90' lang='lat' dir='ltr'><strong><em>sine</em></strong></span> <span class='ocrx_word' id='word_1_71' title='bbox 1219 699 1276 726; x_wconf 83' lang='lat' dir='ltr'><strong><em>ulla</em></strong></span> <span class='ocrx_word' id='word_1_72' title='bbox 1289 699 1453 728; x_wconf 75' lang='lat' dir='ltr'><strong><em>dubitatione</em></strong></span> <span class='ocrx_word' id='word_1_73' title='bbox 1469 706 1633 737; x_wconf 87' lang='lat' dir='ltr'><strong><em>oppugnatus</em></strong></span> <span class='ocrx_word' id='word_1_74' title='bbox 1649 703 1746 738; x_wconf 80' lang='lat' dir='ltr'><strong><em>fuerat.</em></strong></span> <span class='ocrx_word' id='word_1_75' title='bbox 1762 705 1830 732; x_wconf 86' lang='grc' dir='ltr'><strong><em>Λύει</em></strong></span> 
     </span>
    </p>
   </div>
   <div class='ocr_carea' id='block_1_8' title="bbox 217 748 1830 792">
    <p class='ocr_par' dir='ltr' id='par_1_8' title="bbox 217 748 1830 792">
     <span class='ocr_line' id='line_1_8' title="bbox 217 748 1830 792; baseline 0.004 -17"><span class='ocrx_word' id='word_1_76' title='bbox 217 757 277 792; x_wconf 49' lang='grc' dir='ltr'><strong><em>μὲν,</em></strong></span> <span class='ocrx_word' id='word_1_77' title='bbox 288 755 325 781; x_wconf 68' lang='grc' dir='ltr'><strong><em>δῖε</em></strong></span> <span class='ocrx_word' id='word_1_78' title='bbox 340 751 493 787; x_wconf 75' lang='lat' dir='ltr'><strong><em>Gregorius,</em></strong></span> <span class='ocrx_word' id='word_1_79' title='bbox 507 749 562 780; x_wconf 82' lang='grc' dir='ltr'>τοῖς</span> <span class='ocrx_word' id='word_1_80' title='bbox 576 749 735 781; x_wconf 77' lang='grc' dir='ltr'>ἐπισκόποις</span> <span class='ocrx_word' id='word_1_81' title='bbox 750 749 799 784; x_wconf 83' lang='grc' dir='ltr'><strong><em>τὴν</em></strong></span> <span class='ocrx_word' id='word_1_82' title='bbox 815 748 933 784; x_wconf 79' lang='grc' dir='ltr'><strong><em>ὲξορῑαν,</em></strong></span> <span class='ocrx_word' id='word_1_83' title='bbox 948 750 1004 781; x_wconf 81' lang='grc' dir='ltr'><strong>τοῖς</strong></span> <span class='ocrx_word' id='word_1_84' title='bbox 1016 757 1047 776; x_wconf 78' lang='grc' dir='ltr'><strong><em>τε</em></strong></span> <span class='ocrx_word' id='word_1_85' title='bbox 1061 748 1151 780; x_wconf 79' lang='grc' dir='ltr'><strong><em>ἄλλοις</em></strong></span> <span class='ocrx_word' id='word_1_86' title='bbox 1165 748 1262 782; x_wconf 73' lang='grc' dir='ltr'><strong><em>ἅπασι,</em></strong></span> <span class='ocrx_word' id='word_1_87' title='bbox 1279 750 1326 777; x_wconf 78' lang='grc' dir='ltr'><strong><em>καὶ</em></strong></span> <span class='ocrx_word' id='word_1_88' title='bbox 1342 749 1395 786; x_wconf 73' lang='grc' dir='ltr'><strong><em>πρὸ</em></strong></span> <span class='ocrx_word' id='word_1_89' title='bbox 1411 749 1519 777; x_wconf 82' lang='grc' dir='ltr'><strong>πάντων</strong></span> <span class='ocrx_word' id='word_1_90' title='bbox 1539 750 1578 786; x_wconf 80' lang='grc' dir='ltr'><strong><em>τῷ</em></strong></span> <span class='ocrx_word' id='word_1_91' title='bbox 1592 751 1645 787; x_wconf 81' lang='grc' dir='ltr'><strong><em>πρὸ</em></strong></span> <span class='ocrx_word' id='word_1_92' title='bbox 1660 752 1767 781; x_wconf 80' lang='grc' dir='ltr'><strong><em>πάντων</em></strong></span> <span class='ocrx_word' id='word_1_93' title='bbox 1779 753 1830 791; x_wconf 76' lang='grc' dir='ltr'><strong><em>τὴν</em></strong></span> 
     </span>
    </p>
   </div>
   <div class='ocr_carea' id='block_1_9' title="bbox 214 796 994 838">
    <p class='ocr_par' dir='ltr' id='par_1_9' title="bbox 214 796 994 838">
     <span class='ocr_line' id='line_1_9' title="bbox 214 796 994 838; baseline -0.006 -10"><span class='ocrx_word' id='word_1_94' title='bbox 214 802 324 838; x_wconf 75' lang='grc' dir='ltr'><strong><em>ἀρετὴν,</em></strong></span> <span class='ocrx_word' id='word_1_95' title='bbox 337 800 384 827; x_wconf 73' lang='grc' dir='ltr'><strong><em>καὶ</em></strong></span> <span class='ocrx_word' id='word_1_96' title='bbox 399 797 537 834; x_wconf 81' lang='grc' dir='ltr'><strong><em>προδήλως</em></strong></span> <span class='ocrx_word' id='word_1_97' title='bbox 553 796 623 832; x_wconf 77' lang='grc' dir='ltr'><strong>ὑπὲρ</strong></span> <span class='ocrx_word' id='word_1_98' title='bbox 637 797 685 831; x_wconf 83' lang='grc' dir='ltr'><strong><em>τῆς</em></strong></span> <span class='ocrx_word' id='word_1_99' title='bbox 696 796 836 828; x_wconf 81' lang='grc' dir='ltr'><strong><em>εὺσεσεῐας</em></strong></span> <span class='ocrx_word' id='word_1_100' title='bbox 851 797 994 833; x_wconf 59' lang='grc' dir='ltr'><strong><em>πολεμηθέ</em></strong></span> 
     </span>
    </p>
   </div>
   <div class='ocr_carea' id='block_1_10' title="bbox 1049 796 1829 838">
    <p class='ocr_par' dir='ltr' id='par_1_10' title="bbox 1057 796 1829 838">
     <span class='ocr_line' id='line_1_10' title="bbox 1057 796 1829 838; baseline 0.01 -15"><span class='ocrx_word' id='word_1_101' title='bbox 1057 796 1126 824; x_wconf 82' lang='lat' dir='ltr'><strong><em>Huic</em></strong></span> <span class='ocrx_word' id='word_1_102' title='bbox 1139 797 1279 832; x_wconf 71' lang='lat' dir='ltr'><strong><em>epistolam</em></strong></span> <span class='ocrx_word' id='word_1_103' title='bbox 1293 799 1379 833; x_wconf 89' lang='lat' dir='ltr'><strong><em>primo</em></strong></span> <span class='ocrx_word' id='word_1_104' title='bbox 1390 798 1462 825; x_wconf 88' lang='lat' dir='ltr'><strong><em>misit</em></strong></span> <span class='ocrx_word' id='word_1_105' title='bbox 1475 798 1618 833; x_wconf 83' lang='lat' dir='ltr'><strong><em>imperator</em></strong></span> <span class='ocrx_word' id='word_1_106' title='bbox 1634 801 1666 828; x_wconf 88' lang='lat' dir='ltr'><strong><em>ab</em></strong></span> <span class='ocrx_word' id='word_1_107' title='bbox 1679 801 1829 838; x_wconf 86' lang='lat' dir='ltr'><strong><em>Epiphanio</em></strong></span> 
     </span>
    </p>
   </div>
   <div class='ocr_carea' id='block_1_11' title="bbox 215 841 1831 882">
    <p class='ocr_par' dir='ltr' id='par_1_11' title="bbox 215 841 1831 882">
     <span class='ocr_line' id='line_1_11' title="bbox 215 841 1831 882; baseline -0.001 -5"><span class='ocrx_word' id='word_1_108' title='bbox 215 853 398 879; x_wconf 83' lang='lat' dir='ltr'><strong><em>memoratam,</em></strong></span> <span class='ocrx_word' id='word_1_109' title='bbox 416 845 490 873; x_wconf 71' lang='lat' dir='ltr'><strong><em>Hm.</em></strong></span> <span class='ocrx_word' id='word_1_110' title='bbox 502 850 597 876; x_wconf 66' lang='lat' dir='ltr'><strong><em>LXVIII,</em></strong></span> <span class='ocrx_word' id='word_1_111' title='bbox 614 850 642 877; x_wconf 92' lang='lat' dir='ltr'><strong><em>p.</em></strong></span> <span class='ocrx_word' id='word_1_112' title='bbox 656 841 719 875; x_wconf 77' lang='lat'><strong><em>726,</em></strong></span> <span class='ocrx_word' id='word_1_113' title='bbox 733 850 811 877; x_wconf 84' lang='lat' dir='ltr'><strong><em>quam</em></strong></span> <span class='ocrx_word' id='word_1_114' title='bbox 824 850 871 869; x_wconf 88' lang='lat' dir='ltr'><strong><em>suo</em></strong></span> <span class='ocrx_word' id='word_1_115' title='bbox 885 842 941 869; x_wconf 91' lang='lat' dir='ltr'><strong><em>loco</em></strong></span> <span class='ocrx_word' id='word_1_116' title='bbox 954 843 1131 875; x_wconf 90' lang='lat' dir='ltr'><strong><em>restituentes,</em></strong></span> <span class='ocrx_word' id='word_1_117' title='bbox 1146 843 1261 877; x_wconf 80' lang='lat' dir='ltr'><strong><em>priorem</em></strong></span> <span class='ocrx_word' id='word_1_118' title='bbox 1276 843 1317 870; x_wconf 89' lang='lat' dir='ltr'><strong><em>hic</em></strong></span> <span class='ocrx_word' id='word_1_119' title='bbox 1328 843 1474 877; x_wconf 90' lang='lat' dir='ltr'><strong><em>posuimus,</em></strong></span> <span class='ocrx_word' id='word_1_120' title='bbox 1490 843 1535 871; x_wconf 91' lang='lat' dir='ltr'><strong><em>ubi</em></strong></span> <span class='ocrx_word' id='word_1_121' title='bbox 1547 845 1722 874; x_wconf 70' lang='lat' dir='ltr'><strong><em>Athanasium</em></strong></span> <span class='ocrx_word' id='word_1_122' title='bbox 1733 848 1831 882; x_wconf 75' lang='lat' dir='ltr'><strong><em>patria:</em></strong></span> 
     </span>
    </p>
   </div>
   <div class='ocr_carea' id='block_1_12' title="bbox 216 888 1830 930">
    <p class='ocr_par' dir='ltr' id='par_1_12' title="bbox 216 888 1830 930">
     <span class='ocr_line' id='line_1_12' title="bbox 216 888 1830 930; baseline -0.003 -5"><span class='ocrx_word' id='word_1_123' title='bbox 216 888 390 930; x_wconf 68' lang='lat' dir='ltr'><strong><em>Ecclesiaque</em></strong></span> <span class='ocrx_word' id='word_1_124' title='bbox 396 893 543 924; x_wconf 71' lang='lat' dir='ltr'><strong><em>remittens,</em></strong></span> <span class='ocrx_word' id='word_1_125' title='bbox 554 889 611 925; x_wconf 77' lang='lat' dir='ltr'><strong><em>ejus</em></strong></span> <span class='ocrx_word' id='word_1_126' title='bbox 627 890 749 917; x_wconf 89' lang='lat' dir='ltr'><strong><em>virtutem</em></strong></span> <span class='ocrx_word' id='word_1_127' title='bbox 765 890 898 926; x_wconf 81' lang='lat' dir='ltr'><strong><em>animique</em></strong></span> <span class='ocrx_word' id='word_1_128' title='bbox 909 891 1063 925; x_wconf 87' lang='lat' dir='ltr'><strong><em>firmitatem</em></strong></span> <span class='ocrx_word' id='word_1_129' title='bbox 1071 891 1165 926; x_wconf 79' lang='lat' dir='ltr'><strong><em>quanti</em></strong></span> <span class='ocrx_word' id='word_1_130' title='bbox 1175 890 1259 925; x_wconf 90' lang='lat' dir='ltr'><strong><em>faciat</em></strong></span> <span class='ocrx_word' id='word_1_131' title='bbox 1277 891 1445 926; x_wconf 79' lang='lat' dir='ltr'><strong><em>testiﬁcatur.</em></strong></span> <span class='ocrx_word' id='word_1_132' title='bbox 1453 890 1538 918; x_wconf 87' lang='lat' dir='ltr'><strong><em>Porro</em></strong></span> <span class='ocrx_word' id='word_1_133' title='bbox 1550 890 1661 919; x_wconf 82' lang='lat' dir='ltr'><strong><em>Joviano</em></strong></span> <span class='ocrx_word' id='word_1_134' title='bbox 1669 892 1773 920; x_wconf 81' lang='lat' dir='ltr'><strong><em>litteras</em></strong></span> <span class='ocrx_word' id='word_1_135' title='bbox 1783 893 1830 920; x_wconf 84' lang='grc' dir='ltr'><strong><em>εὑ-</em></strong></span> 
     </span>
    </p>
   </div>
   <div class='ocr_carea' id='block_1_13' title="bbox 215 936 1831 980">
    <p class='ocr_par' dir='ltr' id='par_1_13' title="bbox 215 936 1831 980">
     <span class='ocr_line' id='line_1_13' title="bbox 215 936 1831 980; baseline -0.001 -13"><span class='ocrx_word' id='word_1_136' title='bbox 215 942 406 980; x_wconf 72' lang='grc' dir='ltr'><strong><em>χαριστηρὶους</em></strong></span> <span class='ocrx_word' id='word_1_137' title='bbox 427 936 589 973; x_wconf 65' lang='lat' dir='ltr'><strong><em>rescripsisse</em></strong></span> <span class='ocrx_word' id='word_1_138' title='bbox 604 936 789 970; x_wconf 74' lang='lat' dir='ltr'><strong><em>Athanasium,</em></strong></span> <span class='ocrx_word' id='word_1_139' title='bbox 803 936 863 964; x_wconf 85' lang='lat' dir='ltr'><strong><em>licet</em></strong></span> <span class='ocrx_word' id='word_1_140' title='bbox 884 937 919 964; x_wconf 85' lang='lat' dir='ltr'><strong><em>ad</em></strong></span> <span class='ocrx_word' id='word_1_141' title='bbox 945 945 992 964; x_wconf 92' lang='lat' dir='ltr'><strong><em>nos</em></strong></span> <span class='ocrx_word' id='word_1_142' title='bbox 1008 937 1115 965; x_wconf 80' lang='lat' dir='ltr'><strong><em>minime</em></strong></span> <span class='ocrx_word' id='word_1_143' title='bbox 1137 938 1308 972; x_wconf 78' lang='lat' dir='ltr'><strong><em>pervenerint,</em></strong></span> <span class='ocrx_word' id='word_1_144' title='bbox 1329 938 1401 966; x_wconf 85' lang='lat' dir='ltr'><strong><em>haud</em></strong></span> <span class='ocrx_word' id='word_1_145' title='bbox 1423 937 1599 965; x_wconf 88' lang='lat' dir='ltr'><strong><em>dubitandum</em></strong></span> <span class='ocrx_word' id='word_1_146' title='bbox 1612 936 1723 964; x_wconf 88' lang='lat' dir='ltr'><strong><em>videtur.</em></strong></span> <span class='ocrx_word' id='word_1_147' title='bbox 1740 937 1831 973; x_wconf 83' lang='lat' dir='ltr'><strong><em>Neque</em></strong></span> 
     </span>
    </p>
   </div>
   <div class='ocr_carea' id='block_1_14' title="bbox 216 982 1832 1021">
    <p class='ocr_par' dir='ltr' id='par_1_14' title="bbox 216 982 1832 1021">
     <span class='ocr_line' id='line_1_14' title="bbox 216 982 1832 1021; baseline -0.004 -5"><span class='ocrx_word' id='word_1_148' title='bbox 216 994 301 1016; x_wconf 90' lang='lat' dir='ltr'><strong><em>tamen</em></strong></span> <span class='ocrx_word' id='word_1_149' title='bbox 312 987 413 1021; x_wconf 75' lang='lat' dir='ltr'><strong><em>putavit</em></strong></span> <span class='ocrx_word' id='word_1_150' title='bbox 426 983 589 1011; x_wconf 79' lang='lat' dir='ltr'><strong><em>Athanasius</em></strong></span> <span class='ocrx_word' id='word_1_151' title='bbox 600 982 803 1013; x_wconf 65' lang='lat' dir='ltr'><strong><em>exspectandam</em></strong></span> <span class='ocrx_word' id='word_1_152' title='bbox 818 982 868 1009; x_wconf 85' lang='lat' dir='ltr'><strong><em>sibi</em></strong></span> <span class='ocrx_word' id='word_1_153' title='bbox 879 990 934 1010; x_wconf 88' lang='lat' dir='ltr'><strong><em>esse</em></strong></span> <span class='ocrx_word' id='word_1_154' title='bbox 945 982 1070 1010; x_wconf 78' lang='lat' dir='ltr'><strong><em>redeundi</em></strong></span> <span class='ocrx_word' id='word_1_155' title='bbox 1084 982 1259 1018; x_wconf 86' lang='lat' dir='ltr'><strong><em>facultatem;</em></strong></span> <span class='ocrx_word' id='word_1_156' title='bbox 1272 983 1466 1010; x_wconf 75' lang='lat' dir='ltr'><strong><em>Alexandriam</em></strong></span> <span class='ocrx_word' id='word_1_157' title='bbox 1485 983 1556 1010; x_wconf 86' lang='lat' dir='ltr'><strong><em>enim</em></strong></span> <span class='ocrx_word' id='word_1_158' title='bbox 1576 982 1731 1017; x_wconf 86' lang='lat' dir='ltr'><strong><em>remigrasse</em></strong></span> <span class='ocrx_word' id='word_1_159' title='bbox 1745 982 1832 1018; x_wconf 82' lang='lat' dir='ltr'><strong><em>fertur</em></strong></span> 
     </span>
    </p>
   </div>
   <div class='ocr_carea' id='block_1_15' title="bbox 214 1027 1359 1067">
    <p class='ocr_par' dir='ltr' id='par_1_15' title="bbox 214 1027 1359 1067">
     <span class='ocr_line' id='line_1_15' title="bbox 214 1027 1359 1067; baseline -0.003 -6"><span class='ocrx_word' id='word_1_160' title='bbox 214 1041 274 1061; x_wconf 83' lang='lat' dir='ltr'><strong><em>cum</em></strong></span> <span class='ocrx_word' id='word_1_161' title='bbox 288 1033 402 1067; x_wconf 86' lang='lat' dir='ltr'><strong><em>primum</em></strong></span> <span class='ocrx_word' id='word_1_162' title='bbox 415 1038 500 1058; x_wconf 83' lang='lat' dir='ltr'><strong><em>necem</em></strong></span> <span class='ocrx_word' id='word_1_163' title='bbox 511 1027 616 1056; x_wconf 75' lang='lat' dir='ltr'><strong><em>Iuliani</em></strong></span> <span class='ocrx_word' id='word_1_164' title='bbox 630 1028 741 1062; x_wconf 85' lang='lat' dir='ltr'><strong><em>audivit,</em></strong></span> <span class='ocrx_word' id='word_1_165' title='bbox 759 1033 787 1055; x_wconf 90' lang='lat' dir='ltr'><strong><em>ut</em></strong></span> <span class='ocrx_word' id='word_1_166' title='bbox 800 1028 920 1063; x_wconf 82' lang='lat' dir='ltr'><strong><em>pluribus</em></strong></span> <span class='ocrx_word' id='word_1_167' title='bbox 931 1029 959 1056; x_wconf 88' lang='lat' dir='ltr'><strong><em>in</em></strong></span> <span class='ocrx_word' id='word_1_168' title='bbox 974 1028 1035 1056; x_wconf 82' lang='lat' dir='ltr'><strong><em>Vita</em></strong></span> <span class='ocrx_word' id='word_1_169' title='bbox 1052 1028 1194 1058; x_wconf 80' lang='lat' dir='ltr'><strong><em>Athanasii</em></strong></span> <span class='ocrx_word' id='word_1_170' title='bbox 1208 1038 1359 1058; x_wconf 86' lang='lat' dir='ltr'><strong><em>narramus.</em></strong></span> 
     </span>
    </p>
   </div>
   <div class='ocr_carea' id='block_1_16' title="bbox 251 1075 1831 1114">
    <p class='ocr_par' dir='ltr' id='par_1_16' title="bbox 251 1075 1831 1114">
     <span class='ocr_line' id='line_1_16' title="bbox 251 1075 1831 1114; baseline 0 -8"><span class='ocrx_word' id='word_1_171' title='bbox 251 1077 282 1106; x_wconf 90' lang='lat' dir='ltr'><strong><em>ll.</em></strong></span> <span class='ocrx_word' id='word_1_172' title='bbox 297 1077 398 1104; x_wconf 80' lang='lat' dir='ltr'><strong><em>Prteter</em></strong></span> <span class='ocrx_word' id='word_1_173' title='bbox 412 1075 478 1103; x_wconf 89' lang='lat' dir='ltr'><strong><em>hanc</em></strong></span> <span class='ocrx_word' id='word_1_174' title='bbox 488 1075 638 1110; x_wconf 81' lang='lat' dir='ltr'><strong><em>epistolam,</em></strong></span> <span class='ocrx_word' id='word_1_175' title='bbox 654 1076 736 1103; x_wconf 89' lang='lat' dir='ltr'><strong><em>aliam</em></strong></span> <span class='ocrx_word' id='word_1_176' title='bbox 749 1076 895 1105; x_wconf 81' lang='lat' dir='ltr'><strong><em>Athanasio</em></strong></span> <span class='ocrx_word' id='word_1_177' title='bbox 910 1077 982 1105; x_wconf 87' lang='lat' dir='ltr'><strong><em>misit</em></strong></span> <span class='ocrx_word' id='word_1_178' title='bbox 999 1077 1140 1113; x_wconf 71' lang='lat' dir='ltr'><strong><em>Iovianus,</em></strong></span> <span class='ocrx_word' id='word_1_179' title='bbox 1157 1087 1210 1114; x_wconf 88' lang='lat' dir='ltr'><strong><em>qua</em></strong></span> <span class='ocrx_word' id='word_1_180' title='bbox 1225 1079 1347 1114; x_wconf 87' lang='lat' dir='ltr'><strong><em>rogabat,</em></strong></span> <span class='ocrx_word' id='word_1_181' title='bbox 1365 1083 1395 1106; x_wconf 95' lang='lat' dir='ltr'><strong><em>ut</em></strong></span> <span class='ocrx_word' id='word_1_182' title='bbox 1407 1077 1470 1113; x_wconf 82' lang='lat' dir='ltr'><strong><em>fidei</em></strong></span> <span class='ocrx_word' id='word_1_183' title='bbox 1485 1078 1621 1106; x_wconf 86' lang='lat' dir='ltr'><strong><em>veritatem</em></strong></span> <span class='ocrx_word' id='word_1_184' title='bbox 1638 1079 1667 1106; x_wconf 86' lang='lat' dir='ltr'><strong><em>in</em></strong></span> <span class='ocrx_word' id='word_1_185' title='bbox 1681 1083 1831 1114; x_wconf 87' lang='lat' dir='ltr'><strong><em>sexcentos,</em></strong></span> 
     </span>
    </p>
   </div>
   <div class='ocr_carea' id='block_1_17' title="bbox 214 1122 1832 1163">
    <p class='ocr_par' dir='ltr' id='par_1_17' title="bbox 214 1122 1832 1163">
     <span class='ocr_line' id='line_1_17' title="bbox 214 1122 1832 1163; baseline 0 -9"><span class='ocrx_word' id='word_1_186' title='bbox 214 1131 244 1154; x_wconf 83' lang='lat' dir='ltr'><strong><em>ut</em></strong></span> <span class='ocrx_word' id='word_1_187' title='bbox 260 1126 297 1153; x_wconf 91' lang='lat' dir='ltr'><strong><em>ait</em></strong></span> <span class='ocrx_word' id='word_1_188' title='bbox 312 1124 407 1152; x_wconf 85' lang='lat' dir='ltr'><strong><em>ibidem</em></strong></span> <span class='ocrx_word' id='word_1_189' title='bbox 427 1122 578 1159; x_wconf 83' lang='lat' dir='ltr'><strong><em>Gregorius,</em></strong></span> <span class='ocrx_word' id='word_1_190' title='bbox 595 1124 729 1158; x_wconf 79' lang='lat' dir='ltr'><strong><em>opiniones</em></strong></span> <span class='ocrx_word' id='word_1_191' title='bbox 743 1130 882 1160; x_wconf 86' lang='lat' dir='ltr'><strong><em>partesque</em></strong></span> <span class='ocrx_word' id='word_1_192' title='bbox 892 1125 1063 1160; x_wconf 89' lang='lat' dir='ltr'><strong><em>distractam,</em></strong></span> <span class='ocrx_word' id='word_1_193' title='bbox 1084 1126 1119 1153; x_wconf 84' lang='lat' dir='ltr'><strong><em>ad</em></strong></span> <span class='ocrx_word' id='word_1_194' title='bbox 1135 1134 1161 1154; x_wconf 90' lang='lat' dir='ltr'><strong><em>se</em></strong></span> <span class='ocrx_word' id='word_1_195' title='bbox 1182 1127 1382 1163; x_wconf 74' lang='lat' dir='ltr'><strong><em>transmitteret.</em></strong></span> <span class='ocrx_word' id='word_1_196' title='bbox 1397 1127 1464 1160; x_wconf 69' lang='lat' dir='ltr'><strong><em>Quae</em></strong></span> <span class='ocrx_word' id='word_1_197' title='bbox 1475 1125 1579 1161; x_wconf 85' lang='lat' dir='ltr'><strong><em>quidem</em></strong></span> <span class='ocrx_word' id='word_1_198' title='bbox 1599 1125 1711 1160; x_wconf 88' lang='lat' dir='ltr'><strong><em>epistola</em></strong></span> <span class='ocrx_word' id='word_1_199' title='bbox 1725 1126 1832 1161; x_wconf 73' lang='lat' dir='ltr'><strong><em>injurias</em></strong></span> 
     </span>
    </p>
   </div>
   <div class='ocr_carea' id='block_1_18' title="bbox 214 1171 1830 1209">
    <p class='ocr_par' dir='ltr' id='par_1_18' title="bbox 214 1171 1830 1209">
     <span class='ocr_line' id='line_1_18' title="bbox 214 1171 1830 1209; baseline -0.001 -8"><span class='ocrx_word' id='word_1_200' title='bbox 214 1179 359 1208; x_wconf 87' lang='lat' dir='ltr'><strong><em>temporum</em></strong></span> <span class='ocrx_word' id='word_1_201' title='bbox 375 1171 495 1206; x_wconf 84' lang='lat' dir='ltr'><strong><em>disperiit</em></strong></span> <span class='ocrx_word' id='word_1_202' title='bbox 507 1178 517 1197; x_wconf 91' lang='lat'><em>:</em></span> <span class='ocrx_word' id='word_1_203' title='bbox 531 1175 697 1207; x_wconf 82' lang='lat' dir='ltr'><strong><em>superestque</em></strong></span> <span class='ocrx_word' id='word_1_204' title='bbox 711 1171 795 1199; x_wconf 86' lang='lat' dir='ltr'><strong><em>solum</em></strong></span> <span class='ocrx_word' id='word_1_205' title='bbox 810 1180 841 1199; x_wconf 90' lang='lat' dir='ltr'><strong><em>ea</em></strong></span> <span class='ocrx_word' id='word_1_206' title='bbox 855 1181 935 1208; x_wconf 91' lang='lat' dir='ltr'><strong><em>quam</em></strong></span> <span class='ocrx_word' id='word_1_207' title='bbox 948 1173 1103 1208; x_wconf 85' lang='lat' dir='ltr'><strong><em>imperatori</em></strong></span> <span class='ocrx_word' id='word_1_208' title='bbox 1121 1174 1255 1209; x_wconf 81' lang='lat' dir='ltr'><strong><em>rescripsit</em></strong></span> <span class='ocrx_word' id='word_1_209' title='bbox 1269 1174 1441 1207; x_wconf 80' lang='lat' dir='ltr'><strong><em>Athanasius,</em></strong></span> <span class='ocrx_word' id='word_1_210' title='bbox 1459 1173 1558 1201; x_wconf 86' lang='lat' dir='ltr'><strong><em>eximio</em></strong></span> <span class='ocrx_word' id='word_1_211' title='bbox 1574 1180 1637 1200; x_wconf 87' lang='lat' dir='ltr'><strong><em>sane</em></strong></span> <span class='ocrx_word' id='word_1_212' title='bbox 1646 1178 1671 1200; x_wconf 90' lang='lat' dir='ltr'><strong><em>et</em></strong></span> <span class='ocrx_word' id='word_1_213' title='bbox 1687 1177 1762 1200; x_wconf 87' lang='lat' dir='ltr'><strong><em>tanto</em></strong></span> <span class='ocrx_word' id='word_1_214' title='bbox 1782 1173 1830 1201; x_wconf 84' lang='lat' dir='ltr'><strong><em>do-</em></strong></span> 
     </span>
    </p>
   </div>
   <div class='ocr_carea' id='block_1_19' title="bbox 214 1214 1832 1256">
    <p class='ocr_par' dir='ltr' id='par_1_19' title="bbox 214 1214 1832 1256">
     <span class='ocr_line' id='line_1_19' title="bbox 214 1214 1832 1256; baseline -0.001 -8"><span class='ocrx_word' id='word_1_215' title='bbox 214 1226 285 1248; x_wconf 87' lang='lat' dir='ltr'><strong><em>ctore</em></strong></span> <span class='ocrx_word' id='word_1_216' title='bbox 298 1219 474 1255; x_wconf 87' lang='lat' dir='ltr'><strong><em>dignissima:</em></strong></span> <span class='ocrx_word' id='word_1_217' title='bbox 485 1217 530 1244; x_wconf 87' lang='lat' dir='ltr'><strong><em>ubi</em></strong></span> <span class='ocrx_word' id='word_1_218' title='bbox 540 1217 651 1245; x_wconf 87' lang='lat' dir='ltr'><strong><em>laudato</em></strong></span> <span class='ocrx_word' id='word_1_219' title='bbox 666 1219 793 1254; x_wconf 88' lang='lat' dir='ltr'><strong><em>principis</em></strong></span> <span class='ocrx_word' id='word_1_220' title='bbox 808 1227 872 1255; x_wconf 88' lang='lat' dir='ltr'><strong><em>erga</em></strong></span> <span class='ocrx_word' id='word_1_221' title='bbox 886 1228 926 1247; x_wconf 86' lang='lat' dir='ltr'><strong><em>res</em></strong></span> <span class='ocrx_word' id='word_1_222' title='bbox 938 1221 1052 1248; x_wconf 69' lang='lat' dir='ltr'><strong><em>caelestes</em></strong></span> <span class='ocrx_word' id='word_1_223' title='bbox 1064 1228 1163 1253; x_wconf 85' lang='lat' dir='ltr'><strong><em>amore,</em></strong></span> <span class='ocrx_word' id='word_1_224' title='bbox 1175 1214 1253 1256; x_wconf 79' lang='lat' dir='ltr'><strong><em>atque</em></strong></span> <span class='ocrx_word' id='word_1_225' title='bbox 1266 1221 1385 1248; x_wconf 83' lang='lat' dir='ltr'><strong><em>discendi</em></strong></span> <span class='ocrx_word' id='word_1_226' title='bbox 1398 1219 1497 1252; x_wconf 85' lang='lat' dir='ltr'><strong><em>studio,</em></strong></span> <span class='ocrx_word' id='word_1_227' title='bbox 1515 1218 1654 1247; x_wconf 69' lang='lat' dir='ltr'><strong><em>Nicwnam</em></strong></span> <span class='ocrx_word' id='word_1_228' title='bbox 1665 1219 1832 1246; x_wconf 84' lang='lat' dir='ltr'><strong><em>commendat</em></strong></span> 
     </span>
    </p>
   </div>
   <div class='ocr_carea' id='block_1_20' title="bbox 214 1266 1830 1305">
    <p class='ocr_par' dir='ltr' id='par_1_20' title="bbox 214 1266 1830 1305">
     <span class='ocr_line' id='line_1_20' title="bbox 214 1266 1830 1305; baseline -0.001 -8"><span class='ocrx_word' id='word_1_229' title='bbox 214 1270 304 1305; x_wconf 82' lang='lat' dir='ltr'><strong><em>ﬁdem,</em></strong></span> <span class='ocrx_word' id='word_1_230' title='bbox 314 1268 342 1295; x_wconf 90' lang='lat' dir='ltr'><strong><em>in</em></strong></span> <span class='ocrx_word' id='word_1_231' title='bbox 353 1267 515 1301; x_wconf 88' lang='lat' dir='ltr'><strong><em>Arianosque</em></strong></span> <span class='ocrx_word' id='word_1_232' title='bbox 529 1266 626 1294; x_wconf 85' lang='lat' dir='ltr'><strong><em>acriter</em></strong></span> <span class='ocrx_word' id='word_1_233' title='bbox 637 1267 779 1301; x_wconf 88' lang='lat' dir='ltr'><strong><em>invehitur,</em></strong></span> <span class='ocrx_word' id='word_1_234' title='bbox 793 1267 862 1303; x_wconf 90' lang='lat' dir='ltr'><strong><em>quod</em></strong></span> <span class='ocrx_word' id='word_1_235' title='bbox 878 1267 952 1295; x_wconf 81' lang='lat' dir='ltr'><strong><em>illius</em></strong></span> <span class='ocrx_word' id='word_1_236' title='bbox 964 1269 1058 1303; x_wconf 80' lang='lat' dir='ltr'><strong><em>synodi</em></strong></span> <span class='ocrx_word' id='word_1_237' title='bbox 1071 1268 1184 1296; x_wconf 85' lang='lat' dir='ltr'><strong><em>decretis</em></strong></span> <span class='ocrx_word' id='word_1_238' title='bbox 1195 1275 1266 1296; x_wconf 87' lang='lat' dir='ltr'><strong><em>stare</em></strong></span> <span class='ocrx_word' id='word_1_239' title='bbox 1278 1269 1412 1296; x_wconf 88' lang='lat' dir='ltr'><strong><em>renuerint</em></strong></span> <span class='ocrx_word' id='word_1_240' title='bbox 1424 1276 1434 1295; x_wconf 92' lang='lat'><strong><em>:</em></strong></span> <span class='ocrx_word' id='word_1_241' title='bbox 1449 1267 1518 1295; x_wconf 88' lang='lat' dir='ltr'><strong><em>unde</em></strong></span> <span class='ocrx_word' id='word_1_242' title='bbox 1531 1272 1630 1295; x_wconf 82' lang='lat' dir='ltr'><strong><em>exortte</em></strong></span> <span class='ocrx_word' id='word_1_243' title='bbox 1644 1270 1725 1294; x_wconf 79' lang='lat' dir='ltr'><strong><em>tanttz</em></strong></span> <span class='ocrx_word' id='word_1_244' title='bbox 1736 1266 1830 1301; x_wconf 66' lang='lat' dir='ltr'><strong><em>turba,</em></strong></span> 
     </span>
    </p>
   </div>
   <div class='ocr_carea' id='block_1_21' title="bbox 213 1309 1833 1350">
    <p class='ocr_par' dir='ltr' id='par_1_21' title="bbox 213 1309 1833 1350">
     <span class='ocr_line' id='line_1_21' title="bbox 213 1309 1833 1350; baseline -0.002 -7"><span class='ocrx_word' id='word_1_245' title='bbox 213 1320 290 1343; x_wconf 87' lang='lat' dir='ltr'><strong><em>tanta</em></strong></span> <span class='ocrx_word' id='word_1_246' title='bbox 301 1323 346 1350; x_wconf 83' lang='lat' dir='ltr'><strong><em>per</em></strong></span> <span class='ocrx_word' id='word_1_247' title='bbox 364 1309 509 1341; x_wconf 76' lang='lat' dir='ltr'><strong><em>Ecclesiam</em></strong></span> <span class='ocrx_word' id='word_1_248' title='bbox 523 1311 647 1340; x_wconf 88' lang='lat' dir='ltr'><strong><em>dissidia.</em></strong></span> <span class='ocrx_word' id='word_1_249' title='bbox 661 1311 807 1339; x_wconf 88' lang='lat' dir='ltr'><strong><em>Enumerat</em></strong></span> <span class='ocrx_word' id='word_1_250' title='bbox 829 1313 889 1340; x_wconf 90' lang='lat' dir='ltr'><strong><em>inde</em></strong></span> <span class='ocrx_word' id='word_1_251' title='bbox 903 1313 1051 1348; x_wconf 83' lang='lat' dir='ltr'><strong><em>provincias</em></strong></span> <span class='ocrx_word' id='word_1_252' title='bbox 1064 1318 1089 1341; x_wconf 86' lang='lat' dir='ltr'><strong><em>et</em></strong></span> <span class='ocrx_word' id='word_1_253' title='bbox 1107 1314 1234 1349; x_wconf 85' lang='lat' dir='ltr'><strong><em>regiones,</em></strong></span> <span class='ocrx_word' id='word_1_254' title='bbox 1251 1322 1363 1349; x_wconf 80' lang='lat' dir='ltr'><strong><em>quorum</em></strong></span> <span class='ocrx_word' id='word_1_255' title='bbox 1389 1313 1514 1341; x_wconf 72' lang='lat' dir='ltr'><strong><em>Ecclesia:</em></strong></span> <span class='ocrx_word' id='word_1_256' title='bbox 1538 1311 1656 1339; x_wconf 68' lang='lat' dir='ltr'><strong><em>Nicatna:</em></strong></span> <span class='ocrx_word' id='word_1_257' title='bbox 1674 1313 1833 1341; x_wconf 68' lang='lat' dir='ltr'><strong><em>inhaererent</em></strong></span> 
     </span>
    </p>
   </div>
   <div class='ocr_carea' id='block_1_22' title="bbox 212 1356 1831 1397">
    <p class='ocr_par' dir='ltr' id='par_1_22' title="bbox 212 1356 1831 1397">
     <span class='ocr_line' id='line_1_22' title="bbox 212 1356 1831 1397; baseline 0.001 -10"><span class='ocrx_word' id='word_1_258' title='bbox 212 1361 288 1397; x_wconf 73' lang='lat' dir='ltr'><strong><em>ﬁdei,</em></strong></span> <span class='ocrx_word' id='word_1_259' title='bbox 307 1359 399 1395; x_wconf 89' lang='lat' dir='ltr'><strong><em>paucis</em></strong></span> <span class='ocrx_word' id='word_1_260' title='bbox 416 1358 529 1392; x_wconf 80' lang='lat' dir='ltr'><strong><em>exceptis</em></strong></span> <span class='ocrx_word' id='word_1_261' title='bbox 544 1356 664 1389; x_wconf 86' lang='lat' dir='ltr'><strong><em>Arionis,</em></strong></span> <span class='ocrx_word' id='word_1_262' title='bbox 685 1357 731 1392; x_wconf 87' lang='lat' dir='ltr'><strong><em>qui</em></strong></span> <span class='ocrx_word' id='word_1_263' title='bbox 745 1357 870 1384; x_wconf 83' lang='lat' dir='ltr'><strong><em>hactenus</em></strong></span> <span class='ocrx_word' id='word_1_264' title='bbox 887 1357 1012 1384; x_wconf 81' lang='lat' dir='ltr'><strong><em>adversus</em></strong></span> <span class='ocrx_word' id='word_1_265' title='bbox 1031 1365 1090 1385; x_wconf 83' lang='lat' dir='ltr'><strong><em>eam</em></strong></span> <span class='ocrx_word' id='word_1_266' title='bbox 1105 1362 1296 1385; x_wconf 86' lang='lat' dir='ltr'><strong><em>concertarent.</em></strong></span> <span class='ocrx_word' id='word_1_267' title='bbox 1314 1357 1383 1385; x_wconf 86' lang='lat' dir='ltr'><strong><em>Hinc</em></strong></span> <span class='ocrx_word' id='word_1_268' title='bbox 1408 1359 1489 1394; x_wconf 84' lang='lat' dir='ltr'><strong><em>refert</em></strong></span> <span class='ocrx_word' id='word_1_269' title='bbox 1506 1358 1645 1387; x_wconf 65' lang='lat' dir='ltr'><strong><em>A‘icanum</em></strong></span> <span class='ocrx_word' id='word_1_270' title='bbox 1665 1359 1831 1395; x_wconf 78' lang='lat' dir='ltr'><strong><em>Symbolum,</em></strong></span> 
     </span>
    </p>
   </div>
   <div class='ocr_carea' id='block_1_23' title="bbox 211 1402 1832 1440">
    <p class='ocr_par' dir='ltr' id='par_1_23' title="bbox 211 1402 1832 1440">
     <span class='ocr_line' id='line_1_23' title="bbox 211 1402 1832 1440; baseline -0.001 -6"><span class='ocrx_word' id='word_1_271' title='bbox 211 1408 257 1435; x_wconf 86' lang='lat' dir='ltr'><strong><em>cui</em></strong></span> <span class='ocrx_word' id='word_1_272' title='bbox 272 1405 399 1433; x_wconf 76' lang='lat' dir='ltr'><strong><em>nonnulla</em></strong></span> <span class='ocrx_word' id='word_1_273' title='bbox 416 1402 612 1438; x_wconf 81' lang='lat' dir='ltr'><strong><em>perspicuitatis</em></strong></span> <span class='ocrx_word' id='word_1_274' title='bbox 625 1410 707 1430; x_wconf 86' lang='lat' dir='ltr'><strong><em>causa</em></strong></span> <span class='ocrx_word' id='word_1_275' title='bbox 721 1402 867 1438; x_wconf 87' lang='lat' dir='ltr'><strong><em>subjungit,</em></strong></span> <span class='ocrx_word' id='word_1_276' title='bbox 880 1410 911 1428; x_wconf 89' lang='lat' dir='ltr'><strong><em>ac</em></strong></span> <span class='ocrx_word' id='word_1_277' title='bbox 927 1402 1027 1436; x_wconf 88' lang='lat' dir='ltr'><strong><em>liquido</em></strong></span> <span class='ocrx_word' id='word_1_278' title='bbox 1039 1402 1157 1438; x_wconf 85' lang='lat' dir='ltr'><strong><em>Spiritus</em></strong></span> <span class='ocrx_word' id='word_1_279' title='bbox 1168 1403 1254 1430; x_wconf 85' lang='lat' dir='ltr'><strong><em>sancti</em></strong></span> <span class='ocrx_word' id='word_1_280' title='bbox 1267 1402 1432 1430; x_wconf 83' lang='lat' dir='ltr'><strong><em>divinitatem</em></strong></span> <span class='ocrx_word' id='word_1_281' title='bbox 1444 1403 1576 1432; x_wconf 82' lang='lat' dir='ltr'><strong><em>declarat.</em></strong></span> <span class='ocrx_word' id='word_1_282' title='bbox 1588 1405 1729 1440; x_wconf 85' lang='lat' dir='ltr'><strong><em>Acceptam</em></strong></span> <span class='ocrx_word' id='word_1_283' title='bbox 1741 1409 1832 1433; x_wconf 81' lang='lat' dir='ltr'><strong><em>autem</em></strong></span> 
     </span>
    </p>
   </div>
   <div class='ocr_carea' id='block_1_24' title="bbox 213 1446 1833 1487">
    <p class='ocr_par' dir='ltr' id='par_1_24' title="bbox 213 1446 1833 1487">
     <span class='ocr_line' id='line_1_24' title="bbox 213 1446 1833 1487; baseline 0.001 -9"><span class='ocrx_word' id='word_1_284' title='bbox 213 1451 325 1479; x_wconf 84' lang='lat' dir='ltr'><strong><em>Joviano</em></strong></span> <span class='ocrx_word' id='word_1_285' title='bbox 342 1449 423 1485; x_wconf 87' lang='lat' dir='ltr'><strong><em>fuisse</em></strong></span> <span class='ocrx_word' id='word_1_286' title='bbox 434 1448 503 1475; x_wconf 89' lang='lat' dir='ltr'><strong><em>hanc</em></strong></span> <span class='ocrx_word' id='word_1_287' title='bbox 521 1446 661 1474; x_wconf 82' lang='lat' dir='ltr'><strong><em>Athanasii</em></strong></span> <span class='ocrx_word' id='word_1_288' title='bbox 680 1447 819 1484; x_wconf 88' lang='lat' dir='ltr'><strong><em>epistolam</em></strong></span> <span class='ocrx_word' id='word_1_289' title='bbox 836 1451 950 1474; x_wconf 86' lang='lat' dir='ltr'><strong><em>testatur</em></strong></span> <span class='ocrx_word' id='word_1_290' title='bbox 963 1447 1018 1482; x_wconf 90' lang='lat' dir='ltr'><strong><em>ipse</em></strong></span> <span class='ocrx_word' id='word_1_291' title='bbox 1031 1447 1176 1482; x_wconf 85' lang='lat' dir='ltr'><strong><em>imperator</em></strong></span> <span class='ocrx_word' id='word_1_292' title='bbox 1189 1447 1314 1482; x_wconf 86' lang='lat' dir='ltr'><strong><em>inferius,</em></strong></span> <span class='ocrx_word' id='word_1_293' title='bbox 1327 1447 1356 1474; x_wconf 88' lang='lat' dir='ltr'><strong><em>in</em></strong></span> <span class='ocrx_word' id='word_1_294' title='bbox 1372 1448 1453 1475; x_wconf 86' lang='lat' dir='ltr'><strong><em>tertia</em></strong></span> <span class='ocrx_word' id='word_1_295' title='bbox 1471 1450 1572 1478; x_wconf 88' lang='lat' dir='ltr'><strong><em>scilicet</em></strong></span> <span class='ocrx_word' id='word_1_296' title='bbox 1587 1451 1748 1479; x_wconf 86' lang='lat' dir='ltr'><strong><em>Arianorum</em></strong></span> <span class='ocrx_word' id='word_1_297' title='bbox 1761 1452 1833 1487; x_wconf 85' lang='lat' dir='ltr'><strong><em>peti-</em></strong></span> 
     </span>
    </p>
   </div>
   <div class='ocr_carea' id='block_1_25' title="bbox 211 1492 1833 1532">
    <p class='ocr_par' dir='ltr' id='par_1_25' title="bbox 211 1492 1833 1532">
     <span class='ocr_line' id='line_1_25' title="bbox 211 1492 1833 1532; baseline -0.004 -4"><span class='ocrx_word' id='word_1_298' title='bbox 211 1500 293 1532; x_wconf 77' lang='lat' dir='ltr'><strong><em>tione,</em></strong></span> <span class='ocrx_word' id='word_1_299' title='bbox 308 1498 353 1526; x_wconf 75' lang='lat' dir='ltr'><strong><em>ubi</em></strong></span> <span class='ocrx_word' id='word_1_300' title='bbox 373 1498 412 1525; x_wconf 88' lang='lat' dir='ltr'><strong><em>ait</em></strong></span> <span class='ocrx_word' id='word_1_301' title='bbox 433 1505 460 1525; x_wconf 90' lang='lat' dir='ltr'><strong><em>se</em></strong></span> <span class='ocrx_word' id='word_1_302' title='bbox 481 1496 620 1531; x_wconf 86' lang='lat' dir='ltr'><strong><em>diligenter</em></strong></span> <span class='ocrx_word' id='word_1_303' title='bbox 635 1493 799 1521; x_wconf 84' lang='lat' dir='ltr'><strong><em>sciscitatum</em></strong></span> <span class='ocrx_word' id='word_1_304' title='bbox 818 1493 984 1528; x_wconf 88' lang='lat' dir='ltr'><strong><em>comperisse.</em></strong></span> <span class='ocrx_word' id='word_1_305' title='bbox 997 1492 1174 1520; x_wconf 82' lang='lat' dir='ltr'><strong><em>Athanasium</em></strong></span> <span class='ocrx_word' id='word_1_306' title='bbox 1188 1497 1257 1520; x_wconf 88' lang='lat' dir='ltr'><strong><em>recte</em></strong></span> <span class='ocrx_word' id='word_1_307' title='bbox 1268 1493 1375 1525; x_wconf 85' lang='lat' dir='ltr'><strong><em>sentire,</em></strong></span> <span class='ocrx_word' id='word_1_308' title='bbox 1391 1498 1470 1529; x_wconf 89' lang='lat' dir='ltr'><strong><em>atque</em></strong></span> <span class='ocrx_word' id='word_1_309' title='bbox 1483 1497 1657 1525; x_wconf 61' lang='lat' dir='ltr'><strong><em>orthodoxam</em></strong></span> <span class='ocrx_word' id='word_1_310' title='bbox 1674 1506 1739 1526; x_wconf 66' lang='grc' dir='ltr'><strong><em>εισι,</em></strong></span> <span class='ocrx_word' id='word_1_311' title='bbox 1753 1497 1833 1525; x_wconf 73' lang='lat' dir='ltr'><strong><em>Hanc</em></strong></span> 
     </span>
    </p>
   </div>
   <div class='ocr_carea' id='block_1_26' title="bbox 208 1541 1834 1579">
    <p class='ocr_par' dir='ltr' id='par_1_26' title="bbox 208 1541 1834 1579">
     <span class='ocr_line' id='line_1_26' title="bbox 208 1541 1834 1579; baseline -0.003 -3"><span class='ocrx_word' id='word_1_312' title='bbox 208 1549 275 1576; x_wconf 72' lang='lat' dir='ltr'><strong><em>item</em></strong></span> <span class='ocrx_word' id='word_1_313' title='bbox 291 1545 455 1575; x_wconf 85' lang='lat' dir='ltr'><strong><em>commendat</em></strong></span> <span class='ocrx_word' id='word_1_314' title='bbox 473 1541 612 1579; x_wconf 83' lang='lat' dir='ltr'><strong><em>Gregorius</em></strong></span> <span class='ocrx_word' id='word_1_315' title='bbox 628 1541 828 1576; x_wconf 77' lang='lat' dir='ltr'><strong><em>Nazianzenus,</em></strong></span> <span class='ocrx_word' id='word_1_316' title='bbox 845 1541 971 1569; x_wconf 84' lang='lat' dir='ltr'><strong><em>Oratione</em></strong></span> <span class='ocrx_word' id='word_1_317' title='bbox 980 1541 1026 1574; x_wconf 77' lang='grc'><strong><em>21,</em></strong></span> <span class='ocrx_word' id='word_1_318' title='bbox 1042 1542 1131 1577; x_wconf 90' lang='lat' dir='ltr'><strong><em>aitque</em></strong></span> <span class='ocrx_word' id='word_1_319' title='bbox 1143 1541 1173 1570; x_wconf 92' lang='lat' dir='ltr'><strong><em>S.</em></strong></span> <span class='ocrx_word' id='word_1_320' title='bbox 1195 1542 1339 1575; x_wconf 87' lang='lat' dir='ltr'><strong><em>doctorem,</em></strong></span> <span class='ocrx_word' id='word_1_321' title='bbox 1353 1542 1433 1569; x_wconf 92' lang='lat' dir='ltr'><strong><em>trium</em></strong></span> <span class='ocrx_word' id='word_1_322' title='bbox 1450 1550 1620 1577; x_wconf 89' lang='lat' dir='ltr'><strong><em>personarum</em></strong></span> <span class='ocrx_word' id='word_1_323' title='bbox 1641 1551 1722 1571; x_wconf 88' lang='lat' dir='ltr'><strong><em>unam</em></strong></span> <span class='ocrx_word' id='word_1_324' title='bbox 1741 1551 1834 1571; x_wconf 80' lang='lat' dir='ltr'><strong><em>esseu-</em></strong></span> 
     </span>
    </p>
   </div>
   <div class='ocr_carea' id='block_1_27' title="bbox 207 1587 1833 1631">
    <p class='ocr_par' dir='ltr' id='par_1_27' title="bbox 207 1587 1833 1631">
     <span class='ocr_line' id='line_1_27' title="bbox 207 1587 1833 1631; baseline -0.004 -8"><span class='ocrx_word' id='word_1_325' title='bbox 207 1597 289 1627; x_wconf 72' lang='lat' dir='ltr'><strong><em>siam,</em></strong></span> <span class='ocrx_word' id='word_1_326' title='bbox 305 1599 382 1631; x_wconf 75' lang='lat' dir='ltr'><strong><em>atque</em></strong></span> <span class='ocrx_word' id='word_1_327' title='bbox 399 1592 516 1628; x_wconf 86' lang='lat' dir='ltr'><strong><em>Spiritus</em></strong></span> <span class='ocrx_word' id='word_1_328' title='bbox 532 1589 617 1618; x_wconf 87' lang='lat' dir='ltr'><strong><em>sancti</em></strong></span> <span class='ocrx_word' id='word_1_329' title='bbox 633 1588 801 1616; x_wconf 82' lang='lat' dir='ltr'><strong><em>divinitatem</em></strong></span> <span class='ocrx_word' id='word_1_330' title='bbox 817 1587 907 1623; x_wconf 83' lang='lat' dir='ltr'><strong><em>palam</em></strong></span> <span class='ocrx_word' id='word_1_331' title='bbox 927 1588 955 1614; x_wconf 89' lang='lat' dir='ltr'><strong><em>in</em></strong></span> <span class='ocrx_word' id='word_1_332' title='bbox 968 1595 1000 1615; x_wconf 91' lang='lat' dir='ltr'><strong><em>ea</em></strong></span> <span class='ocrx_word' id='word_1_333' title='bbox 1013 1587 1135 1622; x_wconf 89' lang='lat' dir='ltr'><strong><em>epistola,</em></strong></span> <span class='ocrx_word' id='word_1_334' title='bbox 1151 1587 1209 1614; x_wconf 88' lang='lat' dir='ltr'><strong><em>licet</em></strong></span> <span class='ocrx_word' id='word_1_335' title='bbox 1229 1588 1334 1622; x_wconf 86' lang='lat' dir='ltr'><strong><em>paucis,</em></strong></span> <span class='ocrx_word' id='word_1_336' title='bbox 1351 1587 1482 1623; x_wconf 85' lang='lat' dir='ltr'><strong><em>confiteri.</em></strong></span> <span class='ocrx_word' id='word_1_337' title='bbox 1498 1587 1594 1616; x_wconf 85' lang='lat' dir='ltr'><strong><em>Exstat</em></strong></span> <span class='ocrx_word' id='word_1_338' title='bbox 1612 1589 1669 1617; x_wconf 73' lang='lat' dir='ltr'><strong><em>hac</em></strong></span> <span class='ocrx_word' id='word_1_339' title='bbox 1684 1591 1742 1624; x_wconf 87' lang='lat' dir='ltr'><strong><em>ipsa</em></strong></span> <span class='ocrx_word' id='word_1_340' title='bbox 1760 1589 1833 1624; x_wconf 73' lang='lat' dir='ltr'><strong><em>apud</em></strong></span> 
     </span>
    </p>
   </div>
   <div class='ocr_carea' id='block_1_28' title="bbox 213 1634 1833 1675">
    <p class='ocr_par' dir='ltr' id='par_1_28' title="bbox 213 1634 1833 1675">
     <span class='ocr_line' id='line_1_28' title="bbox 213 1634 1833 1675; baseline -0.006 -3"><span class='ocrx_word' id='word_1_341' title='bbox 213 1643 416 1675; x_wconf 73' lang='lat' dir='ltr'><strong><em>Theodoretum,</em></strong></span> <span class='ocrx_word' id='word_1_342' title='bbox 429 1641 476 1670; x_wconf 81' lang='lat' dir='ltr'><strong><em>lib.</em></strong></span> <span class='ocrx_word' id='word_1_343' title='bbox 499 1646 609 1673; x_wconf 78' lang='lat' dir='ltr'><strong><em>tv,eap.</em></strong></span> <span class='ocrx_word' id='word_1_344' title='bbox 626 1637 656 1670; x_wconf 59' lang='grc' dir='ltr'><strong><em>ἓ,</em></strong></span> <span class='ocrx_word' id='word_1_345' title='bbox 672 1637 849 1665; x_wconf 86' lang='lat' dir='ltr'><strong><em>Athanasium</em></strong></span> <span class='ocrx_word' id='word_1_346' title='bbox 862 1637 996 1673; x_wconf 84' lang='lat' dir='ltr'><strong><em>episcopos</em></strong></span> <span class='ocrx_word' id='word_1_347' title='bbox 1010 1636 1133 1664; x_wconf 87' lang='lat' dir='ltr'><strong><em>doctrina</em></strong></span> <span class='ocrx_word' id='word_1_348' title='bbox 1155 1636 1354 1672; x_wconf 76' lang='lat' dir='ltr'><strong><em>prtestantiores</em></strong></span> <span class='ocrx_word' id='word_1_349' title='bbox 1378 1642 1559 1672; x_wconf 80' lang='lat' dir='ltr'><strong><em>congregasse,</em></strong></span> <span class='ocrx_word' id='word_1_350' title='bbox 1569 1639 1599 1662; x_wconf 90' lang='lat' dir='ltr'><strong><em>ut</em></strong></span> <span class='ocrx_word' id='word_1_351' title='bbox 1618 1642 1708 1662; x_wconf 86' lang='lat' dir='ltr'><strong><em>eorum</em></strong></span> <span class='ocrx_word' id='word_1_352' title='bbox 1719 1634 1833 1663; x_wconf 80' lang='lat' dir='ltr'><strong><em>consilio</em></strong></span> 
     </span>
    </p>
   </div>
   <div class='ocr_carea' id='block_1_29' title="bbox 211 1680 858 1721">
    <p class='ocr_par' dir='ltr' id='par_1_29' title="bbox 211 1680 858 1721">
     <span class='ocr_line' id='line_1_29' title="bbox 211 1680 858 1721; baseline -0.02 -2"><span class='ocrx_word' id='word_1_353' title='bbox 211 1700 271 1720; x_wconf 89' lang='lat' dir='ltr'><strong><em>eam</em></strong></span> <span class='ocrx_word' id='word_1_354' title='bbox 284 1689 468 1721; x_wconf 71' lang='lat' dir='ltr'><strong><em>conscriberet,</em></strong></span> <span class='ocrx_word' id='word_1_355' title='bbox 481 1688 646 1719; x_wconf 79' lang='lat' dir='ltr'><strong><em>mitteretque</em></strong></span> <span class='ocrx_word' id='word_1_356' title='bbox 659 1681 692 1708; x_wconf 81' lang='lat' dir='ltr'><strong><em>ad</em></strong></span> <span class='ocrx_word' id='word_1_357' title='bbox 703 1680 858 1708; x_wconf 70' lang='lat' dir='ltr'><strong><em>Iovianum.</em></strong></span> 
     </span>
    </p>
   </div>
   <div class='ocr_carea' id='block_1_30' title="bbox 239 1726 1832 1766">
    <p class='ocr_par' dir='ltr' id='par_1_30' title="bbox 239 1726 1832 1766">
     <span class='ocr_line' id='line_1_30' title="bbox 239 1726 1832 1766; baseline 0 -12"><span class='ocrx_word' id='word_1_358' title='bbox 239 1738 292 1766; x_wconf 56' lang='grc' dir='ltr'><strong><em>,ιιι</em></strong></span> <span class='ocrx_word' id='word_1_359' title='bbox 305 1736 452 1764; x_wconf 54' lang='lat' dir='ltr'><strong><em>Antiochiae</em></strong></span> <span class='ocrx_word' id='word_1_360' title='bbox 469 1740 557 1762; x_wconf 84' lang='lat' dir='ltr'><strong><em>autem</em></strong></span> <span class='ocrx_word' id='word_1_361' title='bbox 569 1731 601 1758; x_wconf 80' lang='lat' dir='ltr'><strong><em>ab</em></strong></span> <span class='ocrx_word' id='word_1_362' title='bbox 612 1728 761 1756; x_wconf 76' lang='lat' dir='ltr'><strong><em>Athanasio</em></strong></span> <span class='ocrx_word' id='word_1_363' title='bbox 775 1728 905 1763; x_wconf 85' lang='lat' dir='ltr'><strong><em>sociisque</em></strong></span> <span class='ocrx_word' id='word_1_364' title='bbox 919 1727 1096 1763; x_wconf 82' lang='lat' dir='ltr'><strong><em>conscriptam</em></strong></span> <span class='ocrx_word' id='word_1_365' title='bbox 1110 1727 1194 1763; x_wconf 88' lang='lat' dir='ltr'><strong><em>fuisse</em></strong></span> <span class='ocrx_word' id='word_1_366' title='bbox 1205 1727 1274 1755; x_wconf 80' lang='lat' dir='ltr'><strong><em>hanc</em></strong></span> <span class='ocrx_word' id='word_1_367' title='bbox 1287 1727 1425 1762; x_wconf 84' lang='lat' dir='ltr'><strong><em>epistolam</em></strong></span> <span class='ocrx_word' id='word_1_368' title='bbox 1439 1727 1563 1763; x_wconf 86' lang='lat' dir='ltr'><strong><em>opinatur</em></strong></span> <span class='ocrx_word' id='word_1_369' title='bbox 1581 1726 1700 1755; x_wconf 84' lang='lat' dir='ltr'><strong><em>Valesius</em></strong></span> <span class='ocrx_word' id='word_1_370' title='bbox 1718 1727 1747 1754; x_wconf 85' lang='lat' dir='ltr'><strong><em>in</em></strong></span> <span class='ocrx_word' id='word_1_371' title='bbox 1761 1727 1832 1754; x_wconf 84' lang='lat' dir='ltr'><strong><em>notis</em></strong></span> 
     </span>
    </p>
   </div>
   <div class='ocr_carea' id='block_1_31' title="bbox 210 1773 1833 1819">
    <p class='ocr_par' dir='ltr' id='par_1_31' title="bbox 210 1773 1833 1819">
     <span class='ocr_line' id='line_1_31' title="bbox 210 1773 1833 1819; baseline -0.009 -6"><span class='ocrx_word' id='word_1_372' title='bbox 210 1784 246 1812; x_wconf 79' lang='lat' dir='ltr'><strong><em>ad</em></strong></span> <span class='ocrx_word' id='word_1_373' title='bbox 257 1792 315 1819; x_wconf 88' lang='lat' dir='ltr'><strong><em>cap.</em></strong></span> <span class='ocrx_word' id='word_1_374' title='bbox 332 1782 418 1816; x_wconf 58' lang='grc' dir='ltr'><strong>ὄνων.</strong></span> <span class='ocrx_word' id='word_1_375' title='bbox 431 1789 458 1808; x_wconf 80' lang='grc' dir='ltr'><strong>ιν</strong></span> <span class='ocrx_word' id='word_1_376' title='bbox 468 1777 639 1810; x_wconf 75' lang='lat' dir='ltr'><strong><em>Theodoreti,</em></strong></span> <span class='ocrx_word' id='word_1_377' title='bbox 655 1776 700 1803; x_wconf 87' lang='lat' dir='ltr'><strong><em>sed</em></strong></span> <span class='ocrx_word' id='word_1_378' title='bbox 715 1775 847 1803; x_wconf 82' lang='lat' dir='ltr'><strong><em>levissimo</em></strong></span> <span class='ocrx_word' id='word_1_379' title='bbox 858 1783 921 1802; x_wconf 87' lang='lat' dir='ltr'><strong><em>sane</em></strong></span> <span class='ocrx_word' id='word_1_380' title='bbox 933 1775 1029 1803; x_wconf 86' lang='lat' dir='ltr'><strong><em>ductus</em></strong></span> <span class='ocrx_word' id='word_1_381' title='bbox 1042 1779 1206 1810; x_wconf 88' lang='lat' dir='ltr'><strong><em>argumento.</em></strong></span> <span class='ocrx_word' id='word_1_382' title='bbox 1226 1774 1334 1802; x_wconf 84' lang='lat' dir='ltr'><strong><em>Nititur</em></strong></span> <span class='ocrx_word' id='word_1_383' title='bbox 1347 1775 1442 1810; x_wconf 85' lang='lat' dir='ltr'><strong><em>quippe</em></strong></span> <span class='ocrx_word' id='word_1_384' title='bbox 1456 1774 1513 1802; x_wconf 89' lang='lat' dir='ltr'><strong><em>solo</em></strong></span> <span class='ocrx_word' id='word_1_385' title='bbox 1529 1773 1608 1808; x_wconf 87' lang='lat' dir='ltr'><strong><em>hujus</em></strong></span> <span class='ocrx_word' id='word_1_386' title='bbox 1625 1774 1742 1809; x_wconf 80' lang='lat' dir='ltr'><strong><em>epistola:</em></strong></span> <span class='ocrx_word' id='word_1_387' title='bbox 1753 1774 1833 1802; x_wconf 73' lang='lat' dir='ltr'><strong><em>titulo</em></strong></span> 
     </span>
    </p>
   </div>
   <div class='ocr_carea' id='block_1_32' title="bbox 206 1819 986 1865">
    <p class='ocr_par' dir='ltr' id='par_1_32' title="bbox 206 1820 986 1865">
     <span class='ocr_line' id='line_1_32' title="bbox 206 1820 986 1865; baseline -0.012 -8"><span class='ocrx_word' id='word_1_388' title='bbox 206 1830 256 1865; x_wconf 78' lang='lat' dir='ltr'><strong><em>qui</em></strong></span> <span class='ocrx_word' id='word_1_389' title='bbox 267 1828 384 1864; x_wconf 72' lang='lat' dir='ltr'><strong><em>sicjaoet</em></strong></span> <span class='ocrx_word' id='word_1_390' title='bbox 398 1827 467 1863; x_wconf 86' lang='lat' dir='ltr'><strong><em>apud</em></strong></span> <span class='ocrx_word' id='word_1_391' title='bbox 475 1825 684 1853; x_wconf 83' lang='lat' dir='ltr'><strong><em>Theodoretum:</em></strong></span> <span class='ocrx_word' id='word_1_392' title='bbox 698 1820 743 1856; x_wconf 83' lang='grc' dir='ltr'><strong><em>Τῷ</em></strong></span> <span class='ocrx_word' id='word_1_393' title='bbox 752 1820 942 1857; x_wconf 75' lang='grc' dir='ltr'><strong><em>εὐλαϐεστάτῳ</em></strong></span> <span class='ocrx_word' id='word_1_394' title='bbox 956 1829 986 1848; x_wconf 78' lang='grc' dir='ltr'><strong><em>κο</em></strong></span> 
     </span>
    </p>
   </div>
   <div class='ocr_carea' id='block_1_33' title="bbox 1052 1819 1832 1865">
    <p class='ocr_par' dir='ltr' id='par_1_33' title="bbox 1052 1819 1832 1856">
     <span class='ocr_line' id='line_1_33' title="bbox 1052 1819 1832 1856; baseline 0 -9"><span class='ocrx_word' id='word_1_395' title='bbox 1052 1820 1369 1856; x_wconf 81' lang='grc' dir='ltr'><strong><em>λανθρωποτάτῳνικητῇ</em></strong></span> <span class='ocrx_word' id='word_1_396' title='bbox 1386 1819 1533 1855; x_wconf 78' lang='grc' dir='ltr'><strong><em>Αὐγούστῳ</em></strong></span> <span class='ocrx_word' id='word_1_397' title='bbox 1540 1820 1667 1855; x_wconf 80' lang='grc' dir='ltr'><strong><em>Ἰωὸιανῷ</em></strong></span> <span class='ocrx_word' id='word_1_398' title='bbox 1674 1820 1832 1853; x_wconf 77' lang='grc' dir='ltr'><strong><em>Ἀθανάσιος</em></strong></span> 
     </span>
    </p>
   </div>
   <div class='ocr_carea' id='block_1_34' title="bbox 210 1864 1834 1902">
    <p class='ocr_par' dir='ltr' id='par_1_34' title="bbox 210 1864 1834 1902">
     <span class='ocr_line' id='line_1_34' title="bbox 210 1864 1834 1902; baseline -0.006 0"><span class='ocrx_word' id='word_1_399' title='bbox 210 1864 259 1902; x_wconf 54' lang='lat' dir='ltr'><strong><em>ita!</em></strong></span> <span class='ocrx_word' id='word_1_400' title='bbox 271 1875 297 1901; x_wconf 82' lang='lat' dir='ltr'><strong><em>ot</em></strong></span> <span class='ocrx_word' id='word_1_401' title='bbox 310 1874 397 1900; x_wconf 74' lang='grc' dir='ltr'><strong><em>λοιποὶ</em></strong></span> <span class='ocrx_word' id='word_1_402' title='bbox 410 1873 553 1900; x_wconf 69' lang='grc' dir='ltr'><strong><em>ἐπίσκοποι</em></strong></span> <span class='ocrx_word' id='word_1_403' title='bbox 574 1869 599 1897; x_wconf 73' lang='grc' dir='ltr'><strong><em>οἱ</em></strong></span> <span class='ocrx_word' id='word_1_404' title='bbox 620 1867 742 1900; x_wconf 73' lang='grc' dir='ltr'><strong><em>ἐλθόντες</em></strong></span> <span class='ocrx_word' id='word_1_405' title='bbox 756 1867 788 1894; x_wconf 76' lang='grc' dir='ltr'><strong><em>ὲκ</em></strong></span> <span class='ocrx_word' id='word_1_406' title='bbox 811 1865 958 1902; x_wconf 80' lang='grc' dir='ltr'><strong><em>προσώπου</em></strong></span> <span class='ocrx_word' id='word_1_407' title='bbox 975 1865 1084 1894; x_wconf 84' lang='grc' dir='ltr'><strong>πάντων</strong></span> <span class='ocrx_word' id='word_1_408' title='bbox 1098 1866 1152 1892; x_wconf 88' lang='grc' dir='ltr'><strong><em>τῶν</em></strong></span> <span class='ocrx_word' id='word_1_409' title='bbox 1168 1865 1221 1892; x_wconf 81' lang='grc' dir='ltr'><strong><em>ἀπὸ</em></strong></span> <span class='ocrx_word' id='word_1_410' title='bbox 1232 1864 1283 1900; x_wconf 82' lang='grc' dir='ltr'><strong><em>τῆς</em></strong></span> <span class='ocrx_word' id='word_1_411' title='bbox 1299 1864 1437 1899; x_wconf 71' lang='grc' dir='ltr'><strong><em>Αἰγύπτου</em></strong></span> <span class='ocrx_word' id='word_1_412' title='bbox 1455 1865 1502 1892; x_wconf 72' lang='grc' dir='ltr'><strong><em>καὶ</em></strong></span> <span class='ocrx_word' id='word_1_413' title='bbox 1513 1864 1644 1901; x_wconf 78' lang='grc' dir='ltr'><strong><em>Θηϐαιδος</em></strong></span> <span class='ocrx_word' id='word_1_414' title='bbox 1658 1865 1705 1892; x_wconf 81' lang='grc' dir='ltr'><strong><em>καὶ</em></strong></span> <span class='ocrx_word' id='word_1_415' title='bbox 1723 1864 1834 1893; x_wconf 60' lang='lat' dir='ltr'><strong><em>meum</em></strong></span> 
     </span>
    </p>
   </div>
   <div class='ocr_carea' id='block_1_35' title="bbox 210 1913 1831 1953">
    <p class='ocr_par' dir='ltr' id='par_1_35' title="bbox 210 1913 1831 1953">
     <span class='ocr_line' id='line_1_35' title="bbox 210 1913 1831 1953; baseline -0.004 -6"><span class='ocrx_word' id='word_1_416' title='bbox 210 1920 379 1948; x_wconf 71' lang='grc' dir='ltr'><strong><em>ἐπισκόπων,</em></strong></span> <span class='ocrx_word' id='word_1_417' title='bbox 392 1918 524 1953; x_wconf 87' lang='lat' dir='ltr'><strong><em>Putatque</em></strong></span> <span class='ocrx_word' id='word_1_418' title='bbox 540 1916 580 1948; x_wconf 80' lang='lat' dir='ltr'><strong><em>his</em></strong></span> <span class='ocrx_word' id='word_1_419' title='bbox 595 1915 680 1943; x_wconf 85' lang='lat' dir='ltr'><strong><em>verbis</em></strong></span> <span class='ocrx_word' id='word_1_420' title='bbox 695 1914 811 1941; x_wconf 87' lang='lat' dir='ltr'><strong><em>indicari</em></strong></span> <span class='ocrx_word' id='word_1_421' title='bbox 825 1914 1004 1941; x_wconf 87' lang='lat' dir='ltr'><strong><em>Athanasium</em></strong></span> <span class='ocrx_word' id='word_1_422' title='bbox 1015 1918 1040 1941; x_wconf 84' lang='lat' dir='ltr'><strong><em>et</em></strong></span> <span class='ocrx_word' id='word_1_423' title='bbox 1053 1914 1120 1941; x_wconf 89' lang='lat' dir='ltr'><strong><em>alios</em></strong></span> <span class='ocrx_word' id='word_1_424' title='bbox 1129 1914 1257 1947; x_wconf 83' lang='lat' dir='ltr'><strong><em>quosdam</em></strong></span> <span class='ocrx_word' id='word_1_425' title='bbox 1267 1914 1411 1948; x_wconf 87' lang='lat' dir='ltr'><strong><em>episcopos,</em></strong></span> <span class='ocrx_word' id='word_1_426' title='bbox 1422 1921 1454 1940; x_wconf 88' lang='lat' dir='ltr'><strong><em>ex</em></strong></span> <span class='ocrx_word' id='word_1_427' title='bbox 1468 1921 1576 1948; x_wconf 86' lang='lat' dir='ltr'><strong><em>persona</em></strong></span> <span class='ocrx_word' id='word_1_428' title='bbox 1587 1914 1703 1940; x_wconf 87' lang='lat' dir='ltr'><strong><em>omnium</em></strong></span> <span class='ocrx_word' id='word_1_429' title='bbox 1709 1913 1831 1948; x_wconf 61' lang='lat' dir='ltr'><strong><em>Egypti,</em></strong></span> 
     </span>
    </p>
   </div>
   <div class='ocr_carea' id='block_1_36' title="bbox 213 1959 1832 2000">
    <p class='ocr_par' dir='ltr' id='par_1_36' title="bbox 213 1959 1832 2000">
     <span class='ocr_line' id='line_1_36' title="bbox 213 1959 1832 2000; baseline -0.004 -7"><span class='ocrx_word' id='word_1_430' title='bbox 213 1965 354 1993; x_wconf 85' lang='lat' dir='ltr'><strong><em>Thebaidis</em></strong></span> <span class='ocrx_word' id='word_1_431' title='bbox 369 1969 394 1992; x_wconf 88' lang='lat' dir='ltr'><strong><em>et</em></strong></span> <span class='ocrx_word' id='word_1_432' title='bbox 411 1963 501 2000; x_wconf 66' lang='lat' dir='ltr'><strong><em>Libya</em></strong></span> <span class='ocrx_word' id='word_1_433' title='bbox 510 1961 664 1998; x_wconf 80' lang='lat' dir='ltr'><strong><em>prtesulum,</em></strong></span> <span class='ocrx_word' id='word_1_434' title='bbox 677 1960 845 1989; x_wconf 77' lang='lat' dir='ltr'><strong><em>Antiochiam</em></strong></span> <span class='ocrx_word' id='word_1_435' title='bbox 859 1960 969 1992; x_wconf 77' lang='lat' dir='ltr'><strong><em>venisse,</em></strong></span> <span class='ocrx_word' id='word_1_436' title='bbox 983 1964 1013 1987; x_wconf 90' lang='lat' dir='ltr'><strong><em>ut</em></strong></span> <span class='ocrx_word' id='word_1_437' title='bbox 1026 1959 1138 1987; x_wconf 74' lang='lat' dir='ltr'><strong><em>Joviano</em></strong></span> <span class='ocrx_word' id='word_1_438' title='bbox 1158 1967 1247 1987; x_wconf 88' lang='lat' dir='ltr'><strong><em>coram</em></strong></span> <span class='ocrx_word' id='word_1_439' title='bbox 1265 1967 1292 1986; x_wconf 87' lang='lat' dir='ltr'><strong><em>se</em></strong></span> <span class='ocrx_word' id='word_1_440' title='bbox 1311 1960 1443 1991; x_wconf 87' lang='lat' dir='ltr'><strong><em>sisterent,</em></strong></span> <span class='ocrx_word' id='word_1_441' title='bbox 1458 1964 1536 1995; x_wconf 88' lang='lat' dir='ltr'><strong><em>atque</em></strong></span> <span class='ocrx_word' id='word_1_442' title='bbox 1554 1959 1591 1986; x_wconf 85' lang='lat' dir='ltr'><strong><em>ibi</em></strong></span> <span class='ocrx_word' id='word_1_443' title='bbox 1607 1959 1746 1994; x_wconf 86' lang='lat' dir='ltr'><strong><em>epistolam</em></strong></span> <span class='ocrx_word' id='word_1_444' title='bbox 1762 1960 1832 1987; x_wconf 87' lang='lat' dir='ltr'><strong><em>scri-</em></strong></span> 
     </span>
    </p>
   </div>
   <div class='ocr_carea' id='block_1_37' title="bbox 203 2005 1832 2047">
    <p class='ocr_par' dir='ltr' id='par_1_37' title="bbox 203 2005 1832 2047">
     <span class='ocr_line' id='line_1_37' title="bbox 203 2005 1832 2047; baseline -0.002 -9"><span class='ocrx_word' id='word_1_445' title='bbox 203 2011 293 2047; x_wconf 55' lang='lat' dir='ltr'><strong><em>psisse</em></strong></span> <span class='ocrx_word' id='word_1_446' title='bbox 304 2019 314 2043; x_wconf 92' lang='lat'><strong><em>;</em></strong></span> <span class='ocrx_word' id='word_1_447' title='bbox 326 2011 371 2037; x_wconf 92' lang='lat' dir='ltr'><strong><em>sed</em></strong></span> <span class='ocrx_word' id='word_1_448' title='bbox 387 2014 495 2045; x_wconf 86' lang='lat' dir='ltr'><strong><em>apparet</em></strong></span> <span class='ocrx_word' id='word_1_449' title='bbox 508 2016 541 2036; x_wconf 86' lang='lat' dir='ltr'><strong><em>ex</em></strong></span> <span class='ocrx_word' id='word_1_450' title='bbox 555 2005 713 2044; x_wconf 78' lang='lat' dir='ltr'><strong><em>prazccdenti</em></strong></span> <span class='ocrx_word' id='word_1_451' title='bbox 726 2007 883 2035; x_wconf 85' lang='lat' dir='ltr'><strong><em>Theodoreti</em></strong></span> <span class='ocrx_word' id='word_1_452' title='bbox 897 2007 991 2043; x_wconf 87' lang='lat' dir='ltr'><strong><em>capite,</em></strong></span> <span class='ocrx_word' id='word_1_453' title='bbox 1004 2008 1051 2036; x_wconf 83' lang='lat' dir='ltr'><strong><em>ubi</em></strong></span> <span class='ocrx_word' id='word_1_454' title='bbox 1061 2008 1100 2035; x_wconf 90' lang='lat' dir='ltr'><strong><em>ait</em></strong></span> <span class='ocrx_word' id='word_1_455' title='bbox 1110 2007 1286 2035; x_wconf 86' lang='lat' dir='ltr'><strong><em>Athanasium</em></strong></span> <span class='ocrx_word' id='word_1_456' title='bbox 1297 2015 1467 2043; x_wconf 84' lang='lat' dir='ltr'><strong><em>congregasse</em></strong></span> <span class='ocrx_word' id='word_1_457' title='bbox 1480 2007 1613 2042; x_wconf 88' lang='lat' dir='ltr'><strong><em>episcopos</em></strong></span> <span class='ocrx_word' id='word_1_458' title='bbox 1628 2007 1750 2034; x_wconf 88' lang='lat' dir='ltr'><strong><em>doctrina</em></strong></span> <span class='ocrx_word' id='word_1_459' title='bbox 1760 2015 1832 2041; x_wconf 80' lang='lat' dir='ltr'><strong><em>prte-</em></strong></span> 
     </span>
    </p>
   </div>
   <div class='ocr_carea' id='block_1_38' title="bbox 207 2052 1833 2089">
    <p class='ocr_par' dir='ltr' id='par_1_38' title="bbox 207 2052 1833 2089">
     <span class='ocr_line' id='line_1_38' title="bbox 207 2052 1833 2089; baseline -0.001 -7"><span class='ocrx_word' id='word_1_460' title='bbox 207 2056 363 2086; x_wconf 76' lang='lat' dir='ltr'><strong><em>stantiores,</em></strong></span> <span class='ocrx_word' id='word_1_461' title='bbox 380 2054 466 2089; x_wconf 84' lang='lat' dir='ltr'><strong><em>ipsum</em></strong></span> <span class='ocrx_word' id='word_1_462' title='bbox 482 2054 720 2081; x_wconf 82' lang='lat' dir='ltr'><strong><em>Athanasiumnon</em></strong></span> <span class='ocrx_word' id='word_1_463' title='bbox 736 2052 794 2079; x_wconf 91' lang='lat' dir='ltr'><strong><em>loco</em></strong></span> <span class='ocrx_word' id='word_1_464' title='bbox 805 2052 924 2084; x_wconf 87' lang='lat' dir='ltr'><strong><em>movisse,</em></strong></span> <span class='ocrx_word' id='word_1_465' title='bbox 945 2053 990 2079; x_wconf 84' lang='lat' dir='ltr'><strong><em>sed</em></strong></span> <span class='ocrx_word' id='word_1_466' title='bbox 1006 2052 1176 2079; x_wconf 68' lang='lat' dir='ltr'><strong><em>Alexandriae</em></strong></span> <span class='ocrx_word' id='word_1_467' title='bbox 1191 2052 1236 2079; x_wconf 89' lang='lat' dir='ltr'><strong><em>ubi</em></strong></span> <span class='ocrx_word' id='word_1_468' title='bbox 1251 2057 1313 2079; x_wconf 87' lang='lat' dir='ltr'><strong><em>tunc</em></strong></span> <span class='ocrx_word' id='word_1_469' title='bbox 1325 2056 1383 2080; x_wconf 85' lang='lat' dir='ltr'><strong><em>erat</em></strong></span> <span class='ocrx_word' id='word_1_470' title='bbox 1395 2053 1509 2080; x_wconf 83' lang='lat' dir='ltr'><strong><em>stetisse.</em></strong></span> <span class='ocrx_word' id='word_1_471' title='bbox 1526 2052 1598 2080; x_wconf 91' lang='lat' dir='ltr'><strong><em>Nam</em></strong></span> <span class='ocrx_word' id='word_1_472' title='bbox 1612 2053 1690 2086; x_wconf 87' lang='lat' dir='ltr'><strong><em>illud,</em></strong></span> <span class='ocrx_word' id='word_1_473' title='bbox 1702 2054 1726 2080; x_wconf 84' lang='lat' dir='ltr'><strong><em>ot</em></strong></span> <span class='ocrx_word' id='word_1_474' title='bbox 1740 2053 1833 2080; x_wconf 72' lang='grc' dir='ltr'><strong>ἐλθόν-</strong></span> 
     </span>
    </p>
   </div>
   <div class='ocr_carea' id='block_1_39' title="bbox 207 2098 987 2135">
    <p class='ocr_par' dir='ltr' id='par_1_39' title="bbox 207 2098 987 2135">
     <span class='ocr_line' id='line_1_39' title="bbox 207 2098 987 2135; baseline -0.005 -6"><span class='ocrx_word' id='word_1_475' title='bbox 207 2109 267 2134; x_wconf 74' lang='grc' dir='ltr'><strong><em>τες,</em></strong></span> <span class='ocrx_word' id='word_1_476' title='bbox 281 2101 380 2129; x_wconf 79' lang='lat' dir='ltr'><strong><em>nonad</em></strong></span> <span class='ocrx_word' id='word_1_477' title='bbox 392 2101 567 2128; x_wconf 82' lang='lat' dir='ltr'><strong><em>Athanasium</em></strong></span> <span class='ocrx_word' id='word_1_478' title='bbox 587 2101 709 2135; x_wconf 84' lang='lat' dir='ltr'><strong><em>refertur,</em></strong></span> <span class='ocrx_word' id='word_1_479' title='bbox 724 2099 769 2126; x_wconf 79' lang='lat' dir='ltr'><strong><em>sed</em></strong></span> <span class='ocrx_word' id='word_1_480' title='bbox 785 2098 819 2126; x_wconf 87' lang='lat' dir='ltr'><strong><em>ad</em></strong></span> <span class='ocrx_word' id='word_1_481' title='bbox 836 2099 903 2126; x_wconf 88' lang='lat' dir='ltr'><strong><em>illud</em></strong></span> <span class='ocrx_word' id='word_1_482' title='bbox 918 2099 943 2125; x_wconf 84' lang='lat' dir='ltr'><strong><em>ot</em></strong></span> <span class='ocrx_word' id='word_1_483' title='bbox 959 2099 987 2126; x_wconf 84' lang='grc' dir='ltr'><strong><em>λο</em></strong></span> 
     </span>
    </p>
   </div>
   <div class='ocr_carea' id='block_1_40' title="bbox 1051 2098 1831 2135">
    <p class='ocr_par' dir='ltr' id='par_1_40' title="bbox 1061 2099 1831 2135">
     <span class='ocr_line' id='line_1_40' title="bbox 1061 2099 1831 2135; baseline 0.005 -10"><span class='ocrx_word' id='word_1_484' title='bbox 1061 2099 1217 2132; x_wconf 72' lang='grc' dir='ltr'><strong><em>ἐπίσκοποι,</em></strong></span> <span class='ocrx_word' id='word_1_485' title='bbox 1230 2100 1277 2135; x_wconf 88' lang='lat' dir='ltr'><strong><em>qui</em></strong></span> <span class='ocrx_word' id='word_1_486' title='bbox 1293 2099 1393 2127; x_wconf 87' lang='lat' dir='ltr'><strong><em>scilicet</em></strong></span> <span class='ocrx_word' id='word_1_487' title='bbox 1411 2099 1602 2128; x_wconf 69' lang='lat' dir='ltr'><strong><em>Alexandriam</em></strong></span> <span class='ocrx_word' id='word_1_488' title='bbox 1622 2101 1702 2128; x_wconf 85' lang='lat' dir='ltr'><strong><em>acciti</em></strong></span> <span class='ocrx_word' id='word_1_489' title='bbox 1720 2109 1748 2129; x_wconf 88' lang='lat' dir='ltr'><strong><em>se</em></strong></span> <span class='ocrx_word' id='word_1_490' title='bbox 1767 2109 1831 2129; x_wconf 88' lang='lat' dir='ltr'><strong><em>con-</em></strong></span> 
     </span>
    </p>
   </div>
   <div class='ocr_carea' id='block_1_41' title="bbox 211 2145 1832 2184">
    <p class='ocr_par' dir='ltr' id='par_1_41' title="bbox 211 2145 1832 2184">
     <span class='ocr_line' id='line_1_41' title="bbox 211 2145 1832 2184; baseline 0.001 -10"><span class='ocrx_word' id='word_1_491' title='bbox 211 2148 338 2175; x_wconf 84' lang='lat' dir='ltr'><strong><em>tulerunt.</em></strong></span> <span class='ocrx_word' id='word_1_492' title='bbox 356 2148 467 2183; x_wconf 81' lang='lat' dir='ltr'><strong><em>Ecquid,</em></strong></span> <span class='ocrx_word' id='word_1_493' title='bbox 482 2156 581 2184; x_wconf 70' lang='lat' dir='ltr'><strong><em>quaso,</em></strong></span> <span class='ocrx_word' id='word_1_494' title='bbox 597 2155 662 2182; x_wconf 91' lang='lat' dir='ltr'><strong><em>opus</em></strong></span> <span class='ocrx_word' id='word_1_495' title='bbox 675 2151 704 2174; x_wconf 92' lang='lat' dir='ltr'><strong><em>ut</em></strong></span> <span class='ocrx_word' id='word_1_496' title='bbox 720 2147 834 2182; x_wconf 89' lang='lat' dir='ltr'><strong><em>episcopi</em></strong></span> <span class='ocrx_word' id='word_1_497' title='bbox 846 2147 950 2175; x_wconf 83' lang='lat' dir='ltr'><strong><em>adirent</em></strong></span> <span class='ocrx_word' id='word_1_498' title='bbox 965 2146 1162 2181; x_wconf 86' lang='lat' dir='ltr'><strong><em>imperatorem,</em></strong></span> <span class='ocrx_word' id='word_1_499' title='bbox 1179 2147 1203 2173; x_wconf 88' lang='lat' dir='ltr'><strong><em>si</em></strong></span> <span class='ocrx_word' id='word_1_500' title='bbox 1213 2145 1311 2173; x_wconf 87' lang='lat' dir='ltr'><strong><em>litteris</em></strong></span> <span class='ocrx_word' id='word_1_501' title='bbox 1324 2154 1383 2173; x_wconf 91' lang='lat' dir='ltr'><strong><em>cum</em></strong></span> <span class='ocrx_word' id='word_1_502' title='bbox 1394 2154 1424 2173; x_wconf 93' lang='lat' dir='ltr'><strong><em>eo</em></strong></span> <span class='ocrx_word' id='word_1_503' title='bbox 1438 2147 1525 2174; x_wconf 86' lang='lat' dir='ltr'><strong><em>acturi</em></strong></span> <span class='ocrx_word' id='word_1_504' title='bbox 1537 2151 1613 2174; x_wconf 87' lang='lat' dir='ltr'><strong><em>erant</em></strong></span> <span class='ocrx_word' id='word_1_505' title='bbox 1622 2149 1635 2176; x_wconf 70' lang='lat'><strong><em>2</em></strong></span> <span class='ocrx_word' id='word_1_506' title='bbox 1650 2147 1707 2174; x_wconf 86' lang='lat' dir='ltr'><strong><em>Hoc</em></strong></span> <span class='ocrx_word' id='word_1_507' title='bbox 1719 2152 1787 2175; x_wconf 90' lang='lat' dir='ltr'><strong><em>certe</em></strong></span> <span class='ocrx_word' id='word_1_508' title='bbox 1802 2148 1832 2175; x_wconf 89' lang='lat' dir='ltr'><strong><em>in</em></strong></span> 
     </span>
    </p>
   </div>
   <div class='ocr_carea' id='block_1_42' title="bbox 211 2191 1831 2230">
    <p class='ocr_par' dir='ltr' id='par_1_42' title="bbox 211 2191 1831 2230">
     <span class='ocr_line' id='line_1_42' title="bbox 211 2191 1831 2230; baseline 0.001 -9"><span class='ocrx_word' id='word_1_509' title='bbox 211 2195 267 2223; x_wconf 85' lang='lat' dir='ltr'><strong><em>loco</em></strong></span> <span class='ocrx_word' id='word_1_510' title='bbox 281 2194 392 2222; x_wconf 84' lang='lat' dir='ltr'><strong><em>Baronii</em></strong></span> <span class='ocrx_word' id='word_1_511' title='bbox 403 2196 548 2227; x_wconf 65' lang='lat' dir='ltr'><strong><em>sententiae,</em></strong></span> <span class='ocrx_word' id='word_1_512' title='bbox 561 2195 606 2230; x_wconf 89' lang='lat' dir='ltr'><strong><em>qui</em></strong></span> <span class='ocrx_word' id='word_1_513' title='bbox 622 2194 715 2221; x_wconf 89' lang='lat' dir='ltr'><strong><em>datam</em></strong></span> <span class='ocrx_word' id='word_1_514' title='bbox 731 2197 808 2229; x_wconf 89' lang='lat' dir='ltr'><strong><em>putat</em></strong></span> <span class='ocrx_word' id='word_1_515' title='bbox 821 2193 961 2230; x_wconf 86' lang='lat' dir='ltr'><strong><em>epistolam</em></strong></span> <span class='ocrx_word' id='word_1_516' title='bbox 975 2191 1156 2227; x_wconf 62' lang='lat' dir='ltr'><strong><em>Alexandria,</em></strong></span> <span class='ocrx_word' id='word_1_517' title='bbox 1167 2201 1250 2229; x_wconf 80' lang='lat' dir='ltr'><strong><em>quam</em></strong></span> <span class='ocrx_word' id='word_1_518' title='bbox 1266 2193 1376 2228; x_wconf 84' lang='lat' dir='ltr'><strong><em>Valesii,</em></strong></span> <span class='ocrx_word' id='word_1_519' title='bbox 1393 2194 1440 2229; x_wconf 83' lang='lat' dir='ltr'><strong><em>qui</em></strong></span> <span class='ocrx_word' id='word_1_520' title='bbox 1455 2195 1583 2230; x_wconf 84' lang='lat' dir='ltr'><strong><em>scriptam</em></strong></span> <span class='ocrx_word' id='word_1_521' title='bbox 1607 2195 1757 2222; x_wconf 88' lang='lat' dir='ltr'><strong><em>arbitratur</em></strong></span> <span class='ocrx_word' id='word_1_522' title='bbox 1773 2195 1831 2223; x_wconf 89' lang='lat' dir='ltr'><strong><em>An-</em></strong></span> 
     </span>
    </p>
   </div>
   <div class='ocr_carea' id='block_1_43' title="bbox 211 2242 566 2275">
    <p class='ocr_par' dir='ltr' id='par_1_43' title="bbox 211 2242 566 2275">
     <span class='ocr_line' id='line_1_43' title="bbox 211 2242 566 2275; baseline 0 -6"><span class='ocrx_word' id='word_1_523' title='bbox 211 2242 326 2275; x_wconf 77' lang='lat' dir='ltr'><strong><em>tiochite,</em></strong></span> <span class='ocrx_word' id='word_1_524' title='bbox 341 2247 412 2270; x_wconf 86' lang='lat' dir='ltr'><strong><em>stare</em></strong></span> <span class='ocrx_word' id='word_1_525' title='bbox 424 2243 566 2270; x_wconf 90' lang='lat' dir='ltr'><strong><em>malumus.</em></strong></span> 
     </span>
    </p>
   </div>
   <div class='ocr_carea' id='block_1_44' title="bbox 245 2285 1833 2326">
    <p class='ocr_par' dir='ltr' id='par_1_44' title="bbox 245 2285 1833 2326">
     <span class='ocr_line' id='line_1_44' title="bbox 245 2285 1833 2326; baseline 0.004 -13"><span class='ocrx_word' id='word_1_526' title='bbox 245 2285 288 2313; x_wconf 86' lang='lat' dir='ltr'><strong><em>IV.</em></strong></span> <span class='ocrx_word' id='word_1_527' title='bbox 301 2285 428 2320; x_wconf 77' lang='lat' dir='ltr'><strong><em>Epistolte</em></strong></span> <span class='ocrx_word' id='word_1_528' title='bbox 436 2286 575 2316; x_wconf 88' lang='lat' dir='ltr'><strong><em>Athanasii</em></strong></span> <span class='ocrx_word' id='word_1_529' title='bbox 588 2288 622 2315; x_wconf 90' lang='lat' dir='ltr'><strong><em>ad</em></strong></span> <span class='ocrx_word' id='word_1_530' title='bbox 631 2287 774 2316; x_wconf 77' lang='lat' dir='ltr'><strong><em>Iovianum</em></strong></span> <span class='ocrx_word' id='word_1_531' title='bbox 785 2288 938 2323; x_wconf 83' lang='lat' dir='ltr'><strong><em>subjicimus</em></strong></span> <span class='ocrx_word' id='word_1_532' title='bbox 951 2292 1066 2324; x_wconf 72' lang='lat' dir='ltr'><strong><em>quatuor</em></strong></span> <span class='ocrx_word' id='word_1_533' title='bbox 1079 2288 1209 2324; x_wconf 78' lang='lat' dir='ltr'><strong><em>supplices</em></strong></span> <span class='ocrx_word' id='word_1_534' title='bbox 1222 2287 1518 2326; x_wconf 80' lang='lat' dir='ltr'><strong><em>LuciiArianorumque</em></strong></span> <span class='ocrx_word' id='word_1_535' title='bbox 1531 2291 1670 2326; x_wconf 85' lang='lat' dir='ltr'><strong><em>petitiones</em></strong></span> <span class='ocrx_word' id='word_1_536' title='bbox 1682 2291 1833 2319; x_wconf 66' lang='lat' dir='ltr'><strong><em>Antiochiae</em></strong></span> 
     </span>
    </p>
   </div>
   <div class='ocr_carea' id='block_1_45' title="bbox 211 2332 1834 2374">
    <p class='ocr_par' dir='ltr' id='par_1_45' title="bbox 211 2332 1834 2374">
     <span class='ocr_line' id='line_1_45' title="bbox 211 2332 1834 2374; baseline 0.004 -14"><span class='ocrx_word' id='word_1_537' title='bbox 211 2333 245 2360; x_wconf 85' lang='lat' dir='ltr'><strong><em>ad</em></strong></span> <span class='ocrx_word' id='word_1_538' title='bbox 257 2332 399 2360; x_wconf 75' lang='lat' dir='ltr'><strong><em>Iovianum</em></strong></span> <span class='ocrx_word' id='word_1_539' title='bbox 412 2334 497 2369; x_wconf 86' lang='lat' dir='ltr'><strong><em>factas</em></strong></span> <span class='ocrx_word' id='word_1_540' title='bbox 508 2343 518 2363; x_wconf 90' lang='lat'><strong><em>:</em></strong></span> <span class='ocrx_word' id='word_1_541' title='bbox 533 2344 592 2371; x_wconf 72' lang='lat' dir='ltr'><strong><em>quia</em></strong></span> <span class='ocrx_word' id='word_1_542' title='bbox 614 2343 751 2371; x_wconf 84' lang='lat' dir='ltr'><strong><em>perperam</em></strong></span> <span class='ocrx_word' id='word_1_543' title='bbox 768 2336 797 2363; x_wconf 89' lang='lat' dir='ltr'><strong><em>in</em></strong></span> <span class='ocrx_word' id='word_1_544' title='bbox 812 2335 890 2363; x_wconf 86' lang='lat' dir='ltr'><strong><em>editis</em></strong></span> <span class='ocrx_word' id='word_1_545' title='bbox 907 2335 1027 2362; x_wconf 84' lang='lat' dir='ltr'><strong><em>omnibus</em></strong></span> <span class='ocrx_word' id='word_1_546' title='bbox 1043 2335 1185 2370; x_wconf 80' lang='lat' dir='ltr'><strong><em>Colloquia</em></strong></span> <span class='ocrx_word' id='word_1_547' title='bbox 1208 2336 1401 2363; x_wconf 83' lang='lat' dir='ltr'><strong><em>inscribuntur.</em></strong></span> <span class='ocrx_word' id='word_1_548' title='bbox 1423 2335 1479 2365; x_wconf 79' lang='lat' dir='ltr'><strong><em>Vox</em></strong></span> <span class='ocrx_word' id='word_1_549' title='bbox 1494 2338 1563 2365; x_wconf 90' lang='lat' dir='ltr'><strong><em>enim</em></strong></span> <span class='ocrx_word' id='word_1_550' title='bbox 1578 2338 1697 2374; x_wconf 77' lang='grc' dir='ltr'><strong><em>ἐντυχια,</em></strong></span> <span class='ocrx_word' id='word_1_551' title='bbox 1713 2346 1765 2366; x_wconf 83' lang='lat' dir='ltr'><strong><em>non</em></strong></span> <span class='ocrx_word' id='word_1_552' title='bbox 1775 2339 1834 2366; x_wconf 68' lang='lat' dir='ltr'><strong><em>col—</em></strong></span> 
     </span>
    </p>
   </div>
   <div class='ocr_carea' id='block_1_46' title="bbox 211 2379 1834 2419">
    <p class='ocr_par' dir='ltr' id='par_1_46' title="bbox 211 2379 1834 2419">
     <span class='ocr_line' id='line_1_46' title="bbox 211 2379 1834 2419; baseline 0.003 -12"><span class='ocrx_word' id='word_1_553' title='bbox 211 2379 328 2415; x_wconf 86' lang='lat' dir='ltr'><strong><em>loquium</em></strong></span> <span class='ocrx_word' id='word_1_554' title='bbox 341 2381 384 2409; x_wconf 86' lang='lat' dir='ltr'><strong><em>hic</em></strong></span> <span class='ocrx_word' id='word_1_555' title='bbox 395 2382 538 2418; x_wconf 88' lang='lat' dir='ltr'><strong><em>signiﬁcat,</em></strong></span> <span class='ocrx_word' id='word_1_556' title='bbox 551 2384 596 2411; x_wconf 86' lang='lat' dir='ltr'><strong><em>sed</em></strong></span> <span class='ocrx_word' id='word_1_557' title='bbox 612 2383 753 2419; x_wconf 84' lang='lat' dir='ltr'><strong><em>supplicem</em></strong></span> <span class='ocrx_word' id='word_1_558' title='bbox 767 2383 929 2418; x_wconf 86' lang='lat' dir='ltr'><strong><em>petitionem,</em></strong></span> <span class='ocrx_word' id='word_1_559' title='bbox 945 2391 991 2411; x_wconf 88' lang='lat' dir='ltr'><strong><em>seu</em></strong></span> <span class='ocrx_word' id='word_1_560' title='bbox 1002 2391 1062 2411; x_wconf 80' lang='lat' dir='ltr'><strong><em>voce</em></strong></span> <span class='ocrx_word' id='word_1_561' title='bbox 1072 2391 1117 2410; x_wconf 89' lang='lat' dir='ltr'><strong><em>seu</em></strong></span> <span class='ocrx_word' id='word_1_562' title='bbox 1133 2383 1242 2418; x_wconf 87' lang='lat' dir='ltr'><strong><em>scripto,</em></strong></span> <span class='ocrx_word' id='word_1_563' title='bbox 1256 2383 1369 2419; x_wconf 80' lang='lat' dir='ltr'><strong><em>principi</em></strong></span> <span class='ocrx_word' id='word_1_564' title='bbox 1388 2383 1427 2411; x_wconf 88' lang='lat' dir='ltr'><strong><em>vel</em></strong></span> <span class='ocrx_word' id='word_1_565' title='bbox 1447 2384 1625 2419; x_wconf 86' lang='lat' dir='ltr'><strong><em>magistratui,</em></strong></span> <span class='ocrx_word' id='word_1_566' title='bbox 1639 2384 1764 2411; x_wconf 88' lang='lat' dir='ltr'><strong><em>adversus</em></strong></span> <span class='ocrx_word' id='word_1_567' title='bbox 1777 2384 1834 2412; x_wconf 87' lang='lat' dir='ltr'><strong><em>ali-</em></strong></span> 
     </span>
    </p>
   </div>
   <div class='ocr_carea' id='block_1_47' title="bbox 210 2427 990 2466">
    <p class='ocr_par' dir='ltr' id='par_1_47' title="bbox 210 2427 969 2465">
     <span class='ocr_line' id='line_1_47' title="bbox 210 2427 969 2465; baseline 0.008 -12"><span class='ocrx_word' id='word_1_568' title='bbox 210 2434 285 2462; x_wconf 87' lang='lat' dir='ltr'><strong><em>quem</em></strong></span> <span class='ocrx_word' id='word_1_569' title='bbox 301 2427 416 2455; x_wconf 88' lang='lat' dir='ltr'><strong><em>oblatam</em></strong></span> <span class='ocrx_word' id='word_1_570' title='bbox 428 2436 437 2455; x_wconf 95' lang='lat'><em>:</em></span> <span class='ocrx_word' id='word_1_571' title='bbox 448 2437 500 2465; x_wconf 91' lang='lat' dir='ltr'><strong><em>qua</em></strong></span> <span class='ocrx_word' id='word_1_572' title='bbox 517 2431 645 2458; x_wconf 88' lang='lat' dir='ltr'><strong><em>sententia</em></strong></span> <span class='ocrx_word' id='word_1_573' title='bbox 660 2439 710 2458; x_wconf 88' lang='lat' dir='ltr'><strong><em>usu</em></strong></span> <span class='ocrx_word' id='word_1_574' title='bbox 727 2431 797 2458; x_wconf 85' lang='lat' dir='ltr'><strong><em>venit</em></strong></span> <span class='ocrx_word' id='word_1_575' title='bbox 826 2431 889 2459; x_wconf 83' lang='lat' dir='ltr'><strong><em>item</em></strong></span> <span class='ocrx_word' id='word_1_576' title='bbox 909 2438 969 2465; x_wconf 75' lang='lat' dir='ltr'><strong><em>vox,</em></strong></span> 
     </span>
    </p>
   </div>
   <div class='ocr_carea' id='block_1_48' title="bbox 1052 2427 1832 2466">
    <p class='ocr_par' dir='ltr' id='par_1_48' title="bbox 1055 2430 1832 2466">
     <span class='ocr_line' id='line_1_48' title="bbox 1055 2430 1832 2466; baseline 0.003 -9"><span class='ocrx_word' id='word_1_577' title='bbox 1055 2431 1174 2466; x_wconf 74' lang='grc' dir='ltr'><strong>γχάνειν.</strong></span> <span class='ocrx_word' id='word_1_578' title='bbox 1189 2430 1234 2458; x_wconf 90' lang='lat' dir='ltr'><strong><em>Sic</em></strong></span> <span class='ocrx_word' id='word_1_579' title='bbox 1254 2430 1269 2458; x_wconf 93' lang='lat' dir='ltr'><strong><em>I</em></strong></span> <span class='ocrx_word' id='word_1_580' title='bbox 1286 2431 1408 2460; x_wconf 72' lang='lat' dir='ltr'><strong><em>Machab.</em></strong></span> <span class='ocrx_word' id='word_1_581' title='bbox 1424 2439 1452 2464; x_wconf 69' lang='grc' dir='ltr'><strong><em>ς,</em></strong></span> <span class='ocrx_word' id='word_1_582' title='bbox 1471 2432 1516 2463; x_wconf 77' lang='grc'><strong><em>65,</em></strong></span> <span class='ocrx_word' id='word_1_583' title='bbox 1528 2432 1560 2459; x_wconf 88' lang='lat' dir='ltr'><strong><em>de</em></strong></span> <span class='ocrx_word' id='word_1_584' title='bbox 1575 2431 1694 2459; x_wconf 84' lang='lat' dir='ltr'><strong><em>Jonatha</em></strong></span> <span class='ocrx_word' id='word_1_585' title='bbox 1712 2432 1832 2466; x_wconf 74' lang='lat' dir='ltr'><strong><em>dicitur;</em></strong></span> 
     </span>
    </p>
   </div>
   <div class='ocr_carea' id='block_1_49' title="bbox 209 2473 1836 2514">
    <p class='ocr_par' dir='ltr' id='par_1_49' title="bbox 209 2473 1836 2514">
     <span class='ocr_line' id='line_1_49' title="bbox 209 2473 1836 2514; baseline 0.001 -10"><span class='ocrx_word' id='word_1_586' title='bbox 209 2473 266 2504; x_wconf 64' lang='grc' dir='ltr'><strong><em>Καὶ</em></strong></span> <span class='ocrx_word' id='word_1_587' title='bbox 281 2474 406 2507; x_wconf 67' lang='grc' dir='ltr'><strong><em>ἐκάθισεν</em></strong></span> <span class='ocrx_word' id='word_1_588' title='bbox 418 2476 500 2504; x_wconf 80' lang='grc' dir='ltr'><strong>αὐτὸν</strong></span> <span class='ocrx_word' id='word_1_589' title='bbox 512 2477 527 2505; x_wconf 82' lang='grc'>6</span> <span class='ocrx_word' id='word_1_590' title='bbox 539 2477 664 2514; x_wconf 65' lang='grc' dir='ltr'><strong><em>βασιλεὺς</em></strong></span> <span class='ocrx_word' id='word_1_591' title='bbox 681 2479 738 2514; x_wconf 81' lang='grc' dir='ltr'><strong><em>μετ’</em></strong></span> <span class='ocrx_word' id='word_1_592' title='bbox 746 2477 839 2511; x_wconf 80' lang='grc' dir='ltr'><strong><em>αὐτοῦ,</em></strong></span> <span class='ocrx_word' id='word_1_593' title='bbox 854 2478 901 2505; x_wconf 75' lang='grc' dir='ltr'><strong><em>καὶ</em></strong></span> <span class='ocrx_word' id='word_1_594' title='bbox 917 2475 978 2504; x_wconf 76' lang='grc' dir='ltr'>εἷπε</span> <span class='ocrx_word' id='word_1_595' title='bbox 999 2479 1056 2509; x_wconf 80' lang='grc' dir='ltr'><strong><em>τοῖς</em></strong></span> <span class='ocrx_word' id='word_1_596' title='bbox 1071 2477 1200 2513; x_wconf 74' lang='grc' dir='ltr'><strong><em>ἄρχουσιν</em></strong></span> <span class='ocrx_word' id='word_1_597' title='bbox 1208 2477 1301 2505; x_wconf 81' lang='grc' dir='ltr'><strong><em>αὑτοῦ·</em></strong></span> <span class='ocrx_word' id='word_1_598' title='bbox 1316 2478 1452 2510; x_wconf 77' lang='grc' dir='ltr'><strong><em>Ἐξέλθετε</em></strong></span> <span class='ocrx_word' id='word_1_599' title='bbox 1466 2478 1525 2513; x_wconf 85' lang='grc' dir='ltr'><strong><em>μετ’</em></strong></span> <span class='ocrx_word' id='word_1_600' title='bbox 1536 2477 1618 2504; x_wconf 73' lang='grc' dir='ltr'><strong><em>αὐταῦ</em></strong></span> <span class='ocrx_word' id='word_1_601' title='bbox 1630 2479 1670 2510; x_wconf 82' lang='grc' dir='ltr'><strong><em>εἰς</em></strong></span> <span class='ocrx_word' id='word_1_602' title='bbox 1684 2478 1766 2514; x_wconf 80' lang='grc' dir='ltr'><strong><em>μέσον</em></strong></span> <span class='ocrx_word' id='word_1_603' title='bbox 1782 2479 1836 2514; x_wconf 82' lang='grc' dir='ltr'><strong><em>τῆς</em></strong></span> 
     </span>
    </p>
   </div>
   <div class='ocr_carea' id='block_1_50' title="bbox 205 2517 985 2560">
    <p class='ocr_par' dir='ltr' id='par_1_50' title="bbox 205 2517 978 2560">
     <span class='ocr_line' id='line_1_50' title="bbox 205 2517 978 2560; baseline 0.006 -16"><span class='ocrx_word' id='word_1_604' title='bbox 205 2517 322 2551; x_wconf 56' lang='lat' dir='ltr'><strong><em>adhuc,</em></strong></span> <span class='ocrx_word' id='word_1_605' title='bbox 336 2519 384 2548; x_wconf 72' lang='grc' dir='ltr'><strong><em>καὶ</em></strong></span> <span class='ocrx_word' id='word_1_606' title='bbox 398 2521 534 2558; x_wconf 74' lang='grc' dir='ltr'><strong><em>κηρύξατε</em></strong></span> <span class='ocrx_word' id='word_1_607' title='bbox 549 2523 595 2551; x_wconf 82' lang='grc' dir='ltr'><strong><em>τοῦ</em></strong></span> <span class='ocrx_word' id='word_1_608' title='bbox 613 2523 713 2560; x_wconf 74' lang='grc' dir='ltr'><strong><em>μηδένα.</em></strong></span> <span class='ocrx_word' id='word_1_609' title='bbox 727 2523 901 2559; x_wconf 73' lang='grc' dir='ltr'><strong><em>ἐντυγχάνειν</em></strong></span> <span class='ocrx_word' id='word_1_610' title='bbox 917 2523 978 2550; x_wconf 82' lang='grc' dir='ltr'><strong><em>κατ’</em></strong></span> 
     </span>
    </p>
   </div>
   <div class='ocr_carea' id='block_1_51' title="bbox 1054 2517 1834 2560">
    <p class='ocr_par' dir='ltr' id='par_1_51' title="bbox 1055 2522 1834 2559">
     <span class='ocr_line' id='line_1_51' title="bbox 1055 2522 1834 2559; baseline 0.001 -10"><span class='ocrx_word' id='word_1_611' title='bbox 1055 2523 1081 2556; x_wconf 86' lang='grc' dir='ltr'><strong><em>ὗ,</em></strong></span> <span class='ocrx_word' id='word_1_612' title='bbox 1097 2523 1161 2559; x_wconf 77' lang='grc' dir='ltr'>περὶ</span> <span class='ocrx_word' id='word_1_613' title='bbox 1175 2523 1287 2559; x_wconf 75' lang='grc' dir='ltr'><strong><em>μηδενὸς</em></strong></span> <span class='ocrx_word' id='word_1_614' title='bbox 1303 2523 1474 2559; x_wconf 69' lang='grc' dir='ltr'><strong><em>πράγματος.</em></strong></span> <span class='ocrx_word' id='word_1_615' title='bbox 1495 2522 1545 2550; x_wconf 86' lang='lat' dir='ltr'><strong><em>Ubi</em></strong></span> <span class='ocrx_word' id='word_1_616' title='bbox 1555 2523 1593 2550; x_wconf 81' lang='lat' dir='ltr'><strong><em>sic</em></strong></span> <span class='ocrx_word' id='word_1_617' title='bbox 1604 2523 1680 2550; x_wconf 86' lang='lat' dir='ltr'><strong><em>habet</em></strong></span> <span class='ocrx_word' id='word_1_618' title='bbox 1699 2522 1834 2558; x_wconf 80' lang='lat' dir='ltr'><strong><em>Vulgata:</em></strong></span> 
     </span>
    </p>
   </div>
   <div class='ocr_carea' id='block_1_52' title="bbox 203 2561 1836 2604">
    <p class='ocr_par' dir='ltr' id='par_1_52' title="bbox 203 2561 1836 2604">
     <span class='ocr_line' id='line_1_52' title="bbox 203 2561 1836 2604; baseline 0.004 -15"><span class='ocrx_word' id='word_1_619' title='bbox 203 2561 243 2589; x_wconf 79' lang='lat' dir='ltr'><strong><em>.Et</em></strong></span> <span class='ocrx_word' id='word_1_620' title='bbox 257 2562 400 2592; x_wconf 79' lang='lat' dir='ltr'><strong><em>collocavit</em></strong></span> <span class='ocrx_word' id='word_1_621' title='bbox 414 2572 477 2592; x_wconf 71' lang='lat' dir='ltr'><strong><em>eunt</em></strong></span> <span class='ocrx_word' id='word_1_622' title='bbox 495 2573 541 2593; x_wconf 79' lang='lat' dir='ltr'><strong><em>rex</em></strong></span> <span class='ocrx_word' id='word_1_623' title='bbox 562 2567 656 2596; x_wconf 81' lang='lat' dir='ltr'><strong><em>sedere</em></strong></span> <span class='ocrx_word' id='word_1_624' title='bbox 665 2575 768 2595; x_wconf 80' lang='lat' dir='ltr'><strong><em>secum.</em></strong></span> <span class='ocrx_word' id='word_1_625' title='bbox 785 2566 911 2603; x_wconf 73' lang='lat' dir='ltr'><strong><em>Dixitque</em></strong></span> <span class='ocrx_word' id='word_1_626' title='bbox 923 2567 1091 2602; x_wconf 82' lang='lat' dir='ltr'><strong><em>principibus</em></strong></span> <span class='ocrx_word' id='word_1_627' title='bbox 1105 2568 1163 2595; x_wconf 87' lang='lat' dir='ltr'><strong><em>suis</em></strong></span> <span class='ocrx_word' id='word_1_628' title='bbox 1176 2575 1183 2594; x_wconf 92' lang='lat'><strong>:</strong></span> <span class='ocrx_word' id='word_1_629' title='bbox 1195 2567 1273 2595; x_wconf 85' lang='lat' dir='ltr'><strong><em>Exite</em></strong></span> <span class='ocrx_word' id='word_1_630' title='bbox 1283 2575 1346 2595; x_wconf 90' lang='lat' dir='ltr'><strong><em>cum</em></strong></span> <span class='ocrx_word' id='word_1_631' title='bbox 1363 2575 1396 2596; x_wconf 88' lang='lat' dir='ltr'><strong><em>eo</em></strong></span> <span class='ocrx_word' id='word_1_632' title='bbox 1410 2569 1438 2596; x_wconf 91' lang='lat' dir='ltr'><strong><em>in</em></strong></span> <span class='ocrx_word' id='word_1_633' title='bbox 1454 2568 1572 2596; x_wconf 86' lang='lat' dir='ltr'><strong><em>medium</em></strong></span> <span class='ocrx_word' id='word_1_634' title='bbox 1584 2568 1713 2601; x_wconf 83' lang='lat' dir='ltr'><strong><em>civitatis,</em></strong></span> <span class='ocrx_word' id='word_1_635' title='bbox 1724 2573 1752 2596; x_wconf 84' lang='lat' dir='ltr'><strong><em>et</em></strong></span> <span class='ocrx_word' id='word_1_636' title='bbox 1763 2576 1836 2604; x_wconf 70' lang='lat' dir='ltr'><strong><em>pra:-</em></strong></span> 
     </span>
    </p>
   </div>
   <div class='ocr_carea' id='block_1_53' title="bbox 207 2608 1834 2650">
    <p class='ocr_par' dir='ltr' id='par_1_53' title="bbox 207 2608 1834 2650">
     <span class='ocr_line' id='line_1_53' title="bbox 207 2608 1834 2650; baseline 0.004 -14"><span class='ocrx_word' id='word_1_637' title='bbox 207 2608 306 2643; x_wconf 87' lang='lat' dir='ltr'><strong><em>dicate,</em></strong></span> <span class='ocrx_word' id='word_1_638' title='bbox 319 2615 350 2639; x_wconf 85' lang='lat' dir='ltr'><strong><em>ut</em></strong></span> <span class='ocrx_word' id='word_1_639' title='bbox 365 2619 447 2641; x_wconf 85' lang='lat' dir='ltr'><strong><em>nemo</em></strong></span> <span class='ocrx_word' id='word_1_640' title='bbox 461 2613 592 2642; x_wconf 65' lang='lat' dir='ltr'><strong><em>adversus</em></strong></span> <span class='ocrx_word' id='word_1_641' title='bbox 604 2622 666 2642; x_wconf 84' lang='lat' dir='ltr'><strong><em>eum</em></strong></span> <span class='ocrx_word' id='word_1_642' title='bbox 680 2614 832 2650; x_wconf 74' lang='lat' dir='ltr'><strong><em>interpellet</em></strong></span> <span class='ocrx_word' id='word_1_643' title='bbox 845 2614 878 2642; x_wconf 84' lang='lat' dir='ltr'><strong><em>de</em></strong></span> <span class='ocrx_word' id='word_1_644' title='bbox 890 2614 945 2642; x_wconf 91' lang='lat' dir='ltr'><strong><em>ullo</em></strong></span> <span class='ocrx_word' id='word_1_645' title='bbox 962 2614 1082 2649; x_wconf 79' lang='lat' dir='ltr'><strong><em>negotio.</em></strong></span> <span class='ocrx_word' id='word_1_646' title='bbox 1101 2613 1166 2649; x_wconf 80' lang='lat' dir='ltr'><strong><em>Vox,</em></strong></span> <span class='ocrx_word' id='word_1_647' title='bbox 1179 2614 1362 2650; x_wconf 73' lang='grc' dir='ltr'><strong>ἐντυγχάνειν.</strong></span> <span class='ocrx_word' id='word_1_648' title='bbox 1373 2615 1465 2643; x_wconf 86' lang='lat' dir='ltr'><strong><em>eadem</em></strong></span> <span class='ocrx_word' id='word_1_649' title='bbox 1488 2615 1617 2642; x_wconf 87' lang='lat' dir='ltr'><strong><em>sententia</em></strong></span> <span class='ocrx_word' id='word_1_650' title='bbox 1627 2615 1664 2642; x_wconf 82' lang='lat' dir='ltr'><strong><em>ibi</em></strong></span> <span class='ocrx_word' id='word_1_651' title='bbox 1677 2622 1746 2650; x_wconf 71' lang='lat' dir='ltr'><strong><em>sape</em></strong></span> <span class='ocrx_word' id='word_1_652' title='bbox 1757 2623 1834 2650; x_wconf 85' lang='lat' dir='ltr'><strong><em>repe-</em></strong></span> 
     </span>
    </p>
   </div>
   <div class='ocr_carea' id='block_1_54' title="bbox 207 2655 1833 2697">
    <p class='ocr_par' dir='ltr' id='par_1_54' title="bbox 207 2655 1833 2697">
     <span class='ocr_line' id='line_1_54' title="bbox 207 2655 1833 2697; baseline 0.005 -16"><span class='ocrx_word' id='word_1_653' title='bbox 207 2655 283 2683; x_wconf 87' lang='lat' dir='ltr'><strong><em>titur.</em></strong></span> <span class='ocrx_word' id='word_1_654' title='bbox 300 2656 420 2685; x_wconf 87' lang='lat' dir='ltr'><strong><em>Similem</em></strong></span> <span class='ocrx_word' id='word_1_655' title='bbox 434 2667 511 2687; x_wconf 85' lang='lat' dir='ltr'><strong><em>usum</em></strong></span> <span class='ocrx_word' id='word_1_656' title='bbox 523 2661 603 2694; x_wconf 72' lang='lat' dir='ltr'><strong><em>vocis,</em></strong></span> <span class='ocrx_word' id='word_1_657' title='bbox 614 2661 733 2697; x_wconf 75' lang='grc' dir='ltr'><strong><em>ἑντυχία,</em></strong></span> <span class='ocrx_word' id='word_1_658' title='bbox 748 2659 892 2688; x_wconf 81' lang='lat' dir='ltr'><strong><em>observavit</em></strong></span> <span class='ocrx_word' id='word_1_659' title='bbox 904 2660 945 2688; x_wconf 85' lang='lat' dir='ltr'><strong><em>vir</em></strong></span> <span class='ocrx_word' id='word_1_660' title='bbox 960 2660 1036 2688; x_wconf 87' lang='lat' dir='ltr'><strong><em>erud.</em></strong></span> <span class='ocrx_word' id='word_1_661' title='bbox 1054 2660 1173 2688; x_wconf 86' lang='lat' dir='ltr'><strong><em>Valesius</em></strong></span> <span class='ocrx_word' id='word_1_662' title='bbox 1186 2661 1213 2688; x_wconf 91' lang='lat' dir='ltr'><strong><em>in</em></strong></span> <span class='ocrx_word' id='word_1_663' title='bbox 1229 2662 1298 2688; x_wconf 87' lang='lat' dir='ltr'><strong><em>notis</em></strong></span> <span class='ocrx_word' id='word_1_664' title='bbox 1313 2661 1348 2688; x_wconf 91' lang='lat' dir='ltr'><strong><em>ad</em></strong></span> <span class='ocrx_word' id='word_1_665' title='bbox 1358 2660 1513 2689; x_wconf 88' lang='lat' dir='ltr'><strong><em>Theodoreti</em></strong></span> <span class='ocrx_word' id='word_1_666' title='bbox 1529 2660 1678 2689; x_wconf 77' lang='lat' dir='ltr'><strong><em>Historiam</em></strong></span> <span class='ocrx_word' id='word_1_667' title='bbox 1686 2661 1753 2689; x_wconf 82' lang='lat' dir='ltr'><strong><em>eccl.</em></strong></span> <span class='ocrx_word' id='word_1_668' title='bbox 1764 2669 1792 2696; x_wconf 81' lang='grc' dir='ltr'><strong><em>ρ.</em></strong></span> <span class='ocrx_word' id='word_1_669' title='bbox 1803 2661 1833 2690; x_wconf 85' lang='lat'><strong><em>5.</em></strong></span> 
     </span>
    </p>
   </div>
   <div class='ocr_carea' id='block_1_55' title="bbox 208 2699 1834 2744">
    <p class='ocr_par' dir='ltr' id='par_1_55' title="bbox 208 2699 1834 2744">
     <span class='ocr_line' id='line_1_55' title="bbox 208 2699 1834 2744; baseline 0.006 -17"><span class='ocrx_word' id='word_1_670' title='bbox 208 2699 260 2728; x_wconf 76' lang='lat' dir='ltr'><strong><em>lla:</em></strong></span> <span class='ocrx_word' id='word_1_671' title='bbox 272 2708 331 2730; x_wconf 83' lang='lat' dir='ltr'><strong><em>sunt</em></strong></span> <span class='ocrx_word' id='word_1_672' title='bbox 346 2703 428 2738; x_wconf 88' lang='lat' dir='ltr'><strong><em>igitur</em></strong></span> <span class='ocrx_word' id='word_1_673' title='bbox 443 2706 570 2741; x_wconf 83' lang='lat' dir='ltr'><strong><em>supplices</em></strong></span> <span class='ocrx_word' id='word_1_674' title='bbox 583 2706 721 2741; x_wconf 79' lang='lat' dir='ltr'><strong><em>petitiones</em></strong></span> <span class='ocrx_word' id='word_1_675' title='bbox 733 2705 809 2735; x_wconf 76' lang='lat' dir='ltr'><strong><em>Lucii</em></strong></span> <span class='ocrx_word' id='word_1_676' title='bbox 829 2711 853 2733; x_wconf 90' lang='lat' dir='ltr'><strong><em>et</em></strong></span> <span class='ocrx_word' id='word_1_677' title='bbox 868 2706 1029 2733; x_wconf 80' lang='lat' dir='ltr'><strong><em>Arianorum</em></strong></span> <span class='ocrx_word' id='word_1_678' title='bbox 1049 2707 1173 2735; x_wconf 87' lang='lat' dir='ltr'><strong><em>adversus</em></strong></span> <span class='ocrx_word' id='word_1_679' title='bbox 1186 2707 1363 2735; x_wconf 90' lang='lat' dir='ltr'><strong><em>Athanasium</em></strong></span> <span class='ocrx_word' id='word_1_680' title='bbox 1386 2709 1432 2744; x_wconf 89' lang='lat' dir='ltr'><strong><em>qui</em></strong></span> <span class='ocrx_word' id='word_1_681' title='bbox 1447 2713 1503 2736; x_wconf 88' lang='lat' dir='ltr'><strong><em>tum</em></strong></span> <span class='ocrx_word' id='word_1_682' title='bbox 1517 2709 1664 2736; x_wconf 65' lang='lat' dir='ltr'><strong><em>Antiochia</em></strong></span> <span class='ocrx_word' id='word_1_683' title='bbox 1684 2708 1789 2741; x_wconf 85' lang='lat' dir='ltr'><strong><em>aderat,</em></strong></span> <span class='ocrx_word' id='word_1_684' title='bbox 1803 2709 1834 2736; x_wconf 86' lang='lat' dir='ltr'><strong><em>in</em></strong></span> 
     </span>
    </p>
   </div>
   <div class='ocr_carea' id='block_1_56' title="bbox 208 2745 1834 2790">
    <p class='ocr_par' dir='ltr' id='par_1_56' title="bbox 208 2745 1834 2790">
     <span class='ocr_line' id='line_1_56' title="bbox 208 2745 1834 2790; baseline 0.001 -10"><span class='ocrx_word' id='word_1_685' title='bbox 208 2745 334 2782; x_wconf 61' lang='lat' dir='ltr'><strong><em>“imque</em></strong></span> <span class='ocrx_word' id='word_1_686' title='bbox 343 2748 429 2776; x_wconf 90' lang='lat' dir='ltr'><strong><em>locum</em></strong></span> <span class='ocrx_word' id='word_1_687' title='bbox 439 2751 587 2787; x_wconf 84' lang='lat' dir='ltr'><strong><em>episcopum</em></strong></span> <span class='ocrx_word' id='word_1_688' title='bbox 599 2752 682 2780; x_wconf 85' lang='lat' dir='ltr'><strong><em>alium</em></strong></span> <span class='ocrx_word' id='word_1_689' title='bbox 693 2751 847 2788; x_wconf 83' lang='lat' dir='ltr'><strong><em>postulant;</em></strong></span> <span class='ocrx_word' id='word_1_690' title='bbox 862 2750 974 2779; x_wconf 88' lang='lat' dir='ltr'><strong><em>Lucium</em></strong></span> <span class='ocrx_word' id='word_1_691' title='bbox 985 2752 1087 2781; x_wconf 87' lang='lat' dir='ltr'><strong><em>scilicet</em></strong></span> <span class='ocrx_word' id='word_1_692' title='bbox 1101 2753 1221 2781; x_wconf 88' lang='lat' dir='ltr'><strong><em>ordinari</em></strong></span> <span class='ocrx_word' id='word_1_693' title='bbox 1236 2754 1421 2789; x_wconf 77' lang='lat' dir='ltr'><strong><em>peroptabant,</em></strong></span> <span class='ocrx_word' id='word_1_694' title='bbox 1439 2763 1515 2790; x_wconf 86' lang='lat' dir='ltr'><strong><em>quem</em></strong></span> <span class='ocrx_word' id='word_1_695' title='bbox 1532 2748 1665 2790; x_wconf 67' lang='lat' dir='ltr'><strong><em>Georgius</em></strong></span> <span class='ocrx_word' id='word_1_696' title='bbox 1676 2754 1834 2790; x_wconf 86' lang='lat' dir='ltr'><strong><em>pseudoepi-</em></strong></span> 
     </span>
    </p>
   </div>
   <div class='ocr_carea' id='block_1_57' title="bbox 202 2793 1831 2840">
    <p class='ocr_par' dir='ltr' id='par_1_57' title="bbox 202 2793 1831 2840">
     <span class='ocr_line' id='line_1_57' title="bbox 202 2793 1831 2840; baseline 0.002 -14"><span class='ocrx_word' id='word_1_697' title='bbox 202 2799 300 2826; x_wconf 61' lang='grc'><strong><em>³⁸01⁷1⁸³</em></strong></span> <span class='ocrx_word' id='word_1_698' title='bbox 319 2793 515 2825; x_wconf 59' lang='lat' dir='ltr'><strong><em>Alexandrinus</em></strong></span> <span class='ocrx_word' id='word_1_699' title='bbox 533 2800 710 2835; x_wconf 66' lang='lat' dir='ltr'><strong><em>presbyterum</em></strong></span> <span class='ocrx_word' id='word_1_700' title='bbox 720 2801 906 2830; x_wconf 80' lang='lat' dir='ltr'><strong><em>constituerat.</em></strong></span> <span class='ocrx_word' id='word_1_701' title='bbox 930 2799 1026 2829; x_wconf 87' lang='lat' dir='ltr'><strong><em>Palam</em></strong></span> <span class='ocrx_word' id='word_1_702' title='bbox 1040 2802 1108 2830; x_wconf 84' lang='lat' dir='ltr'><strong><em>enim</em></strong></span> <span class='ocrx_word' id='word_1_703' title='bbox 1126 2801 1194 2830; x_wconf 91' lang='lat' dir='ltr'><strong><em>illud</em></strong></span> <span class='ocrx_word' id='word_1_704' title='bbox 1216 2805 1255 2830; x_wconf 89' lang='lat' dir='ltr'><strong><em>est</em></strong></span> <span class='ocrx_word' id='word_1_705' title='bbox 1268 2809 1301 2830; x_wconf 82' lang='lat' dir='ltr'><strong><em>ex</em></strong></span> <span class='ocrx_word' id='word_1_706' title='bbox 1312 2802 1346 2831; x_wconf 88' lang='lat' dir='ltr'><strong><em>iis</em></strong></span> <span class='ocrx_word' id='word_1_707' title='bbox 1359 2810 1418 2837; x_wconf 68' lang='lat' dir='ltr'><strong><em>qua</em></strong></span> <span class='ocrx_word' id='word_1_708' title='bbox 1434 2802 1484 2830; x_wconf 88' lang='lat' dir='ltr'><strong><em>sub</em></strong></span> <span class='ocrx_word' id='word_1_709' title='bbox 1497 2803 1577 2840; x_wconf 74' lang='lat' dir='ltr'><strong><em>ﬁnem</em></strong></span> <span class='ocrx_word' id='word_1_710' title='bbox 1593 2802 1679 2832; x_wconf 79' lang='lat' dir='ltr'><strong><em>tertite</em></strong></span> <span class='ocrx_word' id='word_1_711' title='bbox 1694 2794 1831 2838; x_wconf 65' lang='lat' dir='ltr'><strong><em>petitionis</em></strong></span> 
     </span>
    </p>
   </div>
  </div>
