1977 3039
133 163 186 192 817

716 162 883 191 ωσι-οιΑ
901 162 947 190 ΔΙ)
964 162 1148 192 ιονιΑΝωι.

1695 167 1749 194 818

134 223 185 258 χὴν
199 223 299 256 πᾶσαν,
321 219 540 259 καΥΣαρδανίαν,
563 223 609 250 καὶ
625 222 738 259 Κύπρον
751 243 759 256 ,
773 223 820 250 καὶ
842 222 917 259 Κρή-

968 222 1025 256 ῖίίο,
1043 222 1162 258 Egypti,
1180 221 1271 258 Libya
1285 242 1292 254 ,
1307 221 1406 255 Ponti,
1427 221 1605 258 Cappadocia
1616 244 1624 255 .
1646 223 1750 252 vicinas

133 277 195 304 την,
209 269 371 304 Παμφυλίαν
384 277 425 301 τε,
443 268 491 296 καὶ
504 269 619 303 Λυκίαν,
632 270 680 297 καὶ
700 269 834 305 ἰσαυρίαν
848 269 916 304 (90),

134 315 183 343 καὶ
201 315 230 342 αι
258 314 318 342 κατ⁹
333 315 471 349 Αιγυπτον
487 314 534 342 καὶ
558 314 608 347 τὰς
632 314 734 347 Λιϐύας
749 315 796 342 καὶ
818 314 918 341 Πόντον

134 361 181 389 καὶ
206 360 415 393 Καππαδοκίαν,
439 361 486 387 καὶ
505 361 531 388 αἱ
549 360 663 396 πλησίον
687 360 766 395 ἡμῶν
787 359 852 396 (91),
871 359 918 386 καὶ

133 408 161 434 αἱ
177 405 246 433 κατὰ
259 406 392 438 ἀνατολὰς
411 407 578 442 Ἑκκλησίαι,
592 406 679 442 παρὲξ
695 406 792 441 ὀλίγων
809 405 863 432 τῶν
883 404 918 432 τὰ

139 450 244 485 Ἀρείου
265 450 446 486 φρονούντων.
469 450 609 477 'A‘ndvmv
633 450 687 486 γὰρ
711 450 765 477 τῶν
790 458 918 486 προειρη-

134 495 222 530 μένων
238 494 285 522 καὶ
302 494 385 531 πείρᾳ
398 494 557 531 ἐγνώκαμεν
569 495 617 531 τὴν
631 494 753 531 γνώμην,
764 495 813 522 καὶ
826 494 917 531 γράμ-

134 550 206 576 ματα
228 539 336 576 ἔχομεν,
362 541 416 568 Καὶ
438 539 512 573 οἶδας
525 561 532 573 ,
558 538 581 568 ὗ
597 541 785 576 θεοφιλέστατε
816 540 919 575 Αὐγου-

131 595 180 613 στε
198 585 264 622 (92),
285 587 338 618 δτι,
359 586 411 613 κᾶν
423 586 508 620 ὀλίγοι
521 587 594 619 τινὲς
609 587 770 621 ἀντιλέγωσί
784 586 871 623 ταύτῃ
883 587 917 622 τῇ

132 633 232 665 πίστει,
253 633 282 660 οὐ
297 633 423 660 δύνανται
441 633 582 669 πρόκριμα
601 634 698 665 ποιεῖν,
712 633 802 668 πάσης
813 633 863 667 τῆς
877 633 917 659 ol-

131 678 268 715 κουμένης
284 679 334 715 τὴν
350 678 530 715 ἀποστολικὴν
547 679 638 706 πίστιν
653 677 816 714 κρατούσης.
831 677 918 704 Ἐκετ-

129 733 171 750 νοι
188 723 252 759 γὰρ,
268 724 357 760 πολλῴ
371 725 460 760 χρόνῳ
475 724 618 760 βλαϐέντες
632 724 689 751 ἀπὸ
705 724 755 759 τῆς
777 723 918 759 ’Δρειανῆς

128 770 274 805 αἱρέσεως,
291 770 504 806 φιλονεικότερον
520 770 694 797 ἀνθίστανται
714 769 762 796 νῦν
783 771 817 805 τῇ
838 769 917 796 εὐσε-

130 816 202 853 ὄείᾳ.
212 817 265 843 Καὶ
275 817 344 852 ὑπὲρ
352 816 398 843 τοῦ
413 816 556 851 γινώσκειν
569 816 618 852 τὴν
631 815 685 852 (95)
701 815 751 852 σὴν
767 815 916 848 εὐσέῦειαν,

130 862 221 890 καίτοι
246 862 442 896 γινώσκουσαν,
471 863 546 898 ὅμως
581 861 787 897 ἔσπονδάσαμεν
811 861 861 897 τὴν
887 861 917 888 ὲν

966 275 1076 303 quoque
1090 267 1169 295 nobis
1185 275 1235 295 nec
1258 275 1312 296 non
1331 266 1450 295 Orientis
1477 267 1612 296 Ecclesias
1624 288 1632 300 ,
1657 271 1750 304 paucis

967 312 1090 347 exceptis
1104 311 1151 347 qui
1170 311 1227 339 Arii
1251 311 1366 339 heresin
1394 316 1556 347 sequuntur.
1586 312 1653 346 Qua:
1675 315 1748 341 enini

969 357 1007 385 sit
1018 357 1140 385 omnium
1156 357 1264 385 illarum
1275 356 1456 386 Eccleslarum
1473 360 1654 392 sententia,et
1668 368 1749 396 expe-

968 403 1066 431 rientia
1086 403 1224 436 n0vimus,
1247 407 1275 431 et
1294 411 1388 431 earum
1411 403 1545 433 habemus
1565 405 1679 433 litteras.
1695 405 1750 434 Nec

967 457 1032 477 vero
1044 454 1070 477 te
1082 448 1161 485 fugit,
1178 449 1302 485 piissime
1317 449 1449 485 Auguste,
1461 451 1569 479 tametsi
1585 453 1666 487 pauci
1686 453 1749 488 qui-

967 493 1031 522 dam
1048 493 1112 522 huic
1141 494 1202 522 fidei
1231 493 1421 528 adversantur,
1445 496 1632 532 praeiudicium
1657 503 1748 526 tamen

968 539 1057 568 facere
1081 547 1135 567 non
1159 547 1262 575 posse,
1288 541 1388 576 quippe
1411 549 1475 568 cum
1500 541 1576 570 orbis
1602 543 1750 572 universus

966 585 1142 620 apostolicam
1158 585 1238 614 ﬁdem
1263 586 1388 614 retineat.
1405 585 1446 615 illi
1473 588 1546 615 enim
1572 589 1674 617 Ariana
1692 589 1748 617 hae-

966 631 1022 660 resi
1038 631 1134 667 perdiu
1146 631 1203 664 iam
1226 631 1330 665 infecti,
1356 640 1427 661 verte
1448 633 1541 669 pietati
1565 634 1646 662 hodie
1665 636 1750 670 perti-

968 676 1064 705 nacius
1076 676 1266 705 adversantur.
1287 676 1422 711 Quocirca
1438 683 1469 706 ut
1488 686 1519 706 ea
1536 679 1570 707 de
1592 687 1623 707 re
1647 681 1749 708 certior

967 722 1055 758 possit
1069 730 1131 751 esse
1144 727 1192 751 tua
1208 723 1305 758 pietas,
1322 723 1385 751 licet
1399 723 1425 752 ei
1441 724 1554 753 minime
1564 725 1656 758 lateat,
1668 726 1748 754 [idem

966 776 1050 804 quam
1066 769 1189 805 episcopi
1207 768 1302 797 Nicaeae
1314 769 1433 798 confessi
1452 775 1534 804 sunt,
1550 771 1685 807 subjicere
1698 780 1749 800 no-

966 814 1010 842 bis
1026 815 1118 844 studio
1142 815 1203 844 fuit.
1228 815 1321 851 Itaque
1343 816 1411 844 ﬁdes
1431 824 1512 852 quam
1537 817 1631 846 Patres
1652 817 1749 847 Νίσαια

968 859 1088 889 confessi
1102 865 1177 895 sunt,
1193 861 1250 889 haec
1263 866 1321 889 cst-

130 908 232 945 Νικαίᾳ
249 908 340 935 πίστιν
364 907 573 944 ὁμολογηθεῖσαν
600 907 651 935 ὐπδ
674 907 728 934 τῶν
749 905 904 934 ἐπισκόπων
921 905 1061 939 ὑποτάξαι.
1079 906 1158 933 Ἔστι
1176 906 1226 942 μὲν
1253 904 1299 933 οὖν
1321 907 1338 942 ἠ
1359 907 1435 944 παρὰ
1452 908 1507 935 τῶν
1534 908 1661 945 Πατέρων
1686 911 1752 946 ὀμο-

129 956 275 992 λογηθεῖσα
286 956 377 988 πίστις
391 956 420 982 ὲν
435 955 538 991 Νικαίᾳ
552 955 632 992 αῦτη·

166 1002 193 1030 3.
217 1002 384 1044 Πιστεύομεν
405 1003 445 1034 είς
467 1002 515 1030 ἕνα
530 1002 613 1035 Θεὸν,
630 1002 741 1039 Πατέρα
764 1000 916 1037 παντοκρά-

1002 998 1029 1025 3.
1046 996 1243 1044 Credimua'in
1266 1005 1351 1044 unum
1372 998 1467 1032 Deum,
1495 998 1602 1027 Patrem
1625 1000 1751 1035 omnipo-

129 1056 209 1084 τορα,
223 1048 332 1075 πάντων
349 1048 454 1084 ὁρατῶν
471 1057 500 1076 τε
516 1048 562 1076 καὶ
576 1048 700 1084 ἀοράτων
719 1048 833 1083 ποιητήν
843 1055 850 1063 ⁸
871 1047 918 1074 καὶ

129 1095 172 1126 είς
187 1094 232 1121 τὸν
247 1094 302 1130 (94)
317 1094 365 1120 ἕνα
388 1093 491 1130 Κύριον
508 1093 611 1129 Ἰησοῦν
633 1092 760 1130 Χριστὸν,
785 1093 832 1120 τὸν
854 1092 918 1120 Yth

129 1139 180 1167 τοῦ
192 1139 271 1172 Θεοῦ,
289 1139 453 1176 γεννηθέντα
469 1140 501 1167 ὲκ
514 1139 560 1166 τοῦ
571 1139 677 1175 Πατρός
695 1139 918 1176 μονογενῆ,τουτ-

129 1184 206 1211 ἐστιν
236 1185 268 1211 ἐκ
283 1184 333 1220 τῆς
346 1185 440 1216 οὐσίας
454 1184 501 1212 τοῦ
514 1185 631 1220 Πατρδς,
642 1184 707 1211 Θεὸν
723 1186 755 1211 ὲκ
770 1184 849 1217 Θεοῦ,
860 1183 918 1219 φῶς

130 1231 164 1256 ἐκ
184 1229 282 1265 φωτὸς,
300 1230 366 1257 Θεδν
382 1229 507 1265 ἀληθινὸν
529 1231 561 1258 ὲκ
580 1229 647 1257 Θεοῦ
667 1229 805 1266 ἀληθινοῦ,
823 1238 918 1265 γεννη-

128 1276 224 1307 θέντα,
246 1276 276 1303 οὐ
299 1275 455 1311 ποιηθέντα,
469 1276 611 1312 όμοούσιον
623 1276 663 1312 τῷ
676 1276 773 1313 Πατρὶ,
791 1276 824 1302 δι’
836 1273 867 1303 οὗ
884 1275 918 1303 τὰ

132 1322 223 1348 πάντα
237 1321 355 1356 ἐγένετο,
370 1321 404 1348 τά
427 1330 456 1348 τε
468 1323 497 1348 ὲν
511 1322 550 1358 τῷ
563 1322 669 1359 οὐρανῷ
691 1322 738 1349 καὶ
757 1321 792 1349 τὰ
809 1322 856 1349 ἐπὶ
869 1322 918 1358 τῆς

132 1367 202 1403 γῆς·
219 1367 263 1394 τὸν
276 1368 309 1394 δι’
327 1369 401 1403 ἡμᾶς
416 1368 480 1400 τοὺς
493 1368 654 1405 ἀνθρώπους
669 1369 715 1396 καὶ
730 1368 775 1396 διὰ
790 1367 840 1404 τὴν
851 1369 920 1404 iuss-

132 1412 217 1448 τέραν
231 1413 368 1449 σωτηρίαν
388 1414 562 1447 κατελθόντα,
580 1415 629 1441 καὶ
653 1414 709 1451 (95)
730 1413 918 1450 σαρκωθέντα,

131 1458 390 1496 ὲνανθρωπήσαντα,
408 1459 536 1493 παθόντα,
553 1461 601 1487 καὶ
619 1460 773 1488 ἀναστάντα
790 1461 823 1496 τῇ
839 1460 919 1496 τρίτῃ

132 1506 233 1542 ἡμέρᾳ,
254 1507 302 1534 καὶ
315 1507 461 1534 ἀνελθόντα
475 1507 515 1539 είς
532 1507 596 1540 τοὺς
611 1506 753 1543 οὐρανοὺς,
772 1506 918 1542 ἐρχόμενον

132 1552 224 1587 κρίναι
241 1551 343 1583 ζῶντας
364 1551 411 1578 καὶ
427 1551 554 1587 νεκρούς·
570 1552 618 1578 καὶ
636 1552 676 1584 εἰς
694 1552 724 1578 τὺ
737 1551 849 1587 Πνεῦμα
862 1551 918 1587 (96)

131 1596 163 1622 τὺ
179 1596 265 1631 ἅγιον.
284 1597 354 1628 Τοὺς
369 1597 397 1624 δὲ
413 1596 557 1632 λέγοντας,
575 1595 629 1624 ἾΙν
652 1606 727 1629 ποτε,
747 1598 791 1625 ὅτε
807 1598 857 1625 οὐκ
872 1595 918 1633 ἦν,

129 1641 191 1674 καὶ,
203 1642 272 1678 Πρὶν
287 1643 442 1679 γενηθῆναι,
462 1644 512 1670 οὐκ
528 1641 572 1679 ἦν,
592 1643 640 1670 καὶ
653 1644 693 1670 ὅτι
713 1643 758 1676 Ἐξ
771 1644 821 1671 οὐκ
833 1643 918 1671 ὅντων

131 1687 251 1721 ἐγένετο,
271 1688 288 1724 ἢ
309 1687 338 1721 ἐξ
352 1689 447 1725 ἐτέρας
462 1689 638 1722 ὑποστάσεως
654 1689 670 1725 ἢ
691 1690 786 1721 οὐσίας
801 1689 918 1725 φάσκον-

129 1741 182 1765 τας
205 1730 285 1766 είναι,
309 1733 325 1770 ἦ
353 1734 471 1768 κτιστόν,
486 1734 503 1770 ἢ
520 1735 636 1771 τρεπτδν
646 1755 653 1767 ,
670 1735 687 1770 ἢ
704 1735 848 1762 ἀλλοιωτὸν
871 1735 918 1762 τδν

131 1777 197 1805 Υίδν
211 1778 260 1805 τοῦ
277 1779 356 1811 Θεοῦ,
368 1780 478 1812 τούτους
492 1780 684 1817 ἀναθεματίζει
696 1781 713 1816 ἡ
731 1780 860 1817 καθολικὴ
871 1781 918 1808 καὶ

130 1824 295 1861 ἁποστολικὴ
313 1825 458 1861 Ἐκκλησία
471 1826 538 1862 (97).

167 1869 193 1897 4.
206 1870 300 1907 Ταύτῃ
316 1872 349 1906 τῇ
369 1871 470 1905 πίστει,
490 1871 638 1907 Αὖγουστε,
654 1872 757 1903 πάντας
777 1871 917 1907 ἐπιμένειν

130 1914 288 1950 ἀναγκαῖον,
303 1916 340 1948 ὼς
356 1916 417 1952 θείᾳ
437 1917 484 1944 καὶ
502 1918 677 1954 ἀποστολικῇ,
697 1918 743 1945 καὶ
758 1917 860 1953 μηδένα
873 1927 917 1953 με·

130 1963 252 1990 τακινεϊν
264 1961 349 1998 αὐτὴν
365 1962 566 1998 πιθανολογίαις
577 1963 624 1991 καὶ
643 1963 832 2000 λογομαχίαις,
848 1964 917 2000 ὅπερ

130 2008 312 2044 πεποιήκασιν
321 2008 347 2034 oi
369 2008 570 2044 ’Δρειομανῖται
583 2009 650 2045 (98),
668 2009 698 2042 ἐξ
709 2010 758 2037 οὐκ
774 2009 859 2037 ὄντων
871 2011 917 2037 τδν

132 2053 197 2081 Υίδν
212 2054 259 2081 τοῦ
275 2054 343 2081 Θεοῦ
357 2054 490 2090 λέγοντες,
504 2055 552 2082 κα).
565 2056 606 2083 ὅτι
620 2053 654 2092 ἦν
671 2065 736 2083 ποτε
752 2057 796 2083 ὅτε
811 2057 861 2084 οὐκ
871 2055 916 2093 ἦν,

132 2099 180 2126 καὶ
191 2100 307 2132 κτιστὸς,
322 2100 369 2127 καὶ
379 2101 499 2136 ποιητὸς,
513 2102 559 2128 καὶ
571 2102 686 2138 τρετιτός
696 2103 764 2129 ἐστι.
779 2103 828 2130 Διὰ
838 2102 917 2130 τοῦτο

131 2149 196 2182 γάρ,
212 2145 283 2173 καθὰ
310 2146 497 2183 προείπομεν,
520 2147 567 2175 καὶ
590 2149 608 2183 ὴ
632 2148 662 2174 έν
682 2147 784 2184 Νικαίᾳ
807 2149 917 2181 σύνοδος

129 2191 310 2228 ἁνεθεμάτισε
325 2192 375 2228 τὴν
389 2193 516 2228 τοιαύτην
537 2194 652 2230 αἵρεσιν,
672 2193 722 2229 τὴν
737 2194 765 2221 δὲ
785 2195 835 2230 τῆς
855 2195 918 2231 ἁλη-

131 2238 209 2270 θείας
220 2237 312 2265 πίστιν
323 2237 508 2274 ὡμολόγησεν.
521 2239 558 2265 Οὐ
572 2239 625 2275 γὰρ
633 2238 726 2271 ἁπλῶς
737 2240 830 2275 ὅμοιον
842 2241 917 2276 είρή-

127 2292 196 2312 tam
205 2282 251 2310 τδν
257 2281 321 2310 Υίδν
330 2283 370 2319 τῷ
377 2283 476 2319 Πατρὶ,
485 2282 528 2310 ίνα
537 2284 574 2319 μὴ
584 2283 677 2317 ἁπλῶς
683 2284 775 2319 ὅμοιος
786 2283 917 2320 Θιῷ,ὰλλ’

169 2371 224 2407 (90)
244 2371 356 2407 Regius.
370 2371 517 2408 Παμφιρςία
530 2381 559 2400 τε
571 2372 618 2400 καὶ
627 2372 715 2400 Λυκία
724 2373 771 2400 καὶ
787 2372 914 2408 ’Ῑσαυρία.

169 2383 224 2407 (πυ)
245 2383 356 2407 neglus.
371 2383 517 2408 ιιαμφυλια
530 2383 559 2400 τε
571 2383 618 2400 και
627 2383 715 2400 Λυκια
724 2383 771 2400 και
795 2383 914 2436 nauita.

133 2407 200 2443 Ibid.
218 2412 279 2442 post
299 2407 446 2443 'Ioauplav,
464 2407 614 2441 Theodor.,
631 2407 679 2434 καὶ
692 2409 721 2435 at
737 2408 810 2435 κατὰ
827 2418 848 2435 π
868 2418 917 2436 σαν

133 2442 270 2476 Αἴγυπτον
284 2442 331 2469 καὶ
345 2442 459 2477 Διϐύην.

170 2477 226 2512 (91)
246 2477 398 2513 Theodor..
410 2478 458 2513 κα).
470 2477 505 2504 τὰ
521 2477 633 2513 πλησίον
651 2477 733 2513 μέρη.
748 2477 820 2505 ldem
836 2478 916 2510 ihid..

170 2486 226 2512 (νη
252 2486 398 2509 tneouor..
410 2486 458 2504 και
470 2486 505 2504 τα
521 2486 633 2513 πλησίον
651 2486 733 2539 μῗρη.
751 2486 820 2505 Iaem
836 2486 916 2510 ιωα..

134 2513 180 2549 καὶ
203 2513 232 2538 αί
253 2512 324 2549 κατα
344 2512 475 2549 άνατολᾲς
487 2512 654 2549 Ἐκκλησίαι.
695 2513 852 2549 βεῑυςπιι,
871 2515 918 2541 καὶ

134 2547 185 2584 τὴν
205 2547 275 2584 κατὰ
287 2547 336 2584 τὴν
347 2547 480 2584 ᾁνατολὴν
498 2547 671 2584 Ἐκκλησίαν.
688 2547 790 2584 genteri
801 2552 828 2576 et
840 2549 917 2583 editi,

135 2581 180 2609 καὶ
197 2581 246 2614 τὰς
261 2581 332 2609 κατᾶ
347 2581 479 2619 ἀνατολήν
497 2581 667 2619 Ἐκκλησίας.
687 2583 751 2611 Mox
769 2581 918 2619 Theodor.,

135 2618 247 2644 Πάντων
263 2617 327 2644 γάο.
342 2623 395 2644 etc.

179 2625 247 2644 ντων
263 2623 327 2650 γαρ,
342 2623 395 2646 etc.

171 2625 247 2644 ιντων
263 2625 327 2654 γαρ,
342 2625 395 2646 etc.

171 2652 228 2687 (92)
237 2651 284 2680 Sic
300 2661 438 2681 manuscr.
450 2657 478 2681 et
491 2653 556 2682 edit.
569 2652 715 2681 Commel..
730 2652 847 2686 Theod.,
862 2654 919 2681 Kal.

136 2687 255 2722 οἴδαμεν,
267 2687 456 2730 θερφιλέστατξ
467 2688 616 2730 Αὐγουστε,
631 2688 757 2730 effigi-or
767 2689 849 2730 idem,
857 2688 920 2730 πρό-

137 2723 629 2786 :.nssssémttzsst‘ths
749 2724 804 2759 γάρ

154 2793 166 2798 _
220 2793 227 2799 _
350 2798 353 2799 ν
394 2779 442 2799 Μ.
497 2759 920 2799 giusti'._pos}__¢rde_qq,addtt

137 2793 186 2830 τῆς
197 2793 238 2830 ab
253 2793 362 2830 οιίὶε-θιΑ
370 2793 450 2830 editis
465 2793 690 2830 omissudeém
700 2793 848 2828 Theodor.,
866 2802 917 2830 pro

138 2828 305 2863 ἁντιλέγωσι,
311 2862 314 2863 ν
321 2828 400 2856 habet
411 2829 550 2863 ἁντιλέγου
554 2838 589 2856 σι.

171 2863 227 2900 (93)
247 2863 287 2891 Ex
302 2862 437 2893 Theodor.
456 2862 653 2894 aﬁv'addimus.
671 2869 701 2893 ut
714 2869 741 2894 et
751 2865 831 2893 vertit
843 2863 914 2893 Nan-

969 1044 1083 1074 tentem,
1098 1040 1223 1068 omnium
1238 1041 1389 1070 visibilium
1403 1047 1430 1069 et
1447 1043 1624 1071 invisibilium
1640 1043 1751 1072 ellecto-

968 1093 1026 1113 rem
1043 1094 1050 1113 :
1064 1088 1092 1112 et
1108 1084 1136 1112 in
1152 1092 1237 1113 unum
1258 1085 1405 1114 Dominum
1419 1086 1512 1115 Jesum
1534 1087 1685 1120 Christum,
1704 1087 1751 1115 Fi-

968 1131 1035 1159 lium
1050 1130 1099 1159 Dei
1115 1130 1236 1166 genitum
1251 1139 1285 1159 ex
1299 1131 1380 1160 Patre
1399 1131 1580 1167 unigenitum,
1599 1132 1624 1160 id
1655 1137 1696 1161 est
1716 1141 1750 1162 ex

968 1175 1121 1203 substantia
1134 1174 1233 1208 Patris,
1251 1175 1336 1203 Deum
1353 1184 1385 1204 ex
1402 1175 1467 1210 Deo,
1482 1176 1574 1204 lumen
1588 1184 1621 1204 ex
1634 1175 1750 1211 lumine,

969 1219 1055 1249 Deum
1070 1229 1165 1249 verum
1179 1228 1213 1249 ex
1229 1221 1285 1250 Deo
1300 1229 1375 1255 vero,
1398 1222 1518 1258 genitum
1534 1243 1542 1255 ,
1559 1230 1613 1250 non
1635 1222 1749 1255 factum.

968 1267 1229 1295 consubstantialem
1257 1267 1350 1301 Patri,
1375 1275 1423 1303 per
1450 1275 1531 1301 quem
1560 1268 1651 1296 omnia
1679 1268 1750 1297 facta

968 1317 1042 1347 sunt,
1057 1313 1115 1341 sive
1126 1320 1187 1348 quae
1202 1313 1229 1340 in
1244 1313 1324 1347 coelo,
1335 1313 1392 1342 sive
1406 1321 1468 1348 qua
1482 1313 1509 1340 in
1525 1319 1597 1341 terra
1605 1318 1687 1348 sunt;
1700 1314 1748 1350 qui

968 1364 1080 1395 propter
1090 1366 1142 1386 nos
1155 1358 1281 1387 homines
1292 1364 1320 1387 ct
1333 1363 1444 1394 propter
1457 1358 1541 1395 εει
1559 1364 1682 1387 nostram
1703 1367 1749 1388 sa-

969 1404 1053 1432 lutem
1065 1404 1206 1433 descendit
1218 1424 1225 1437 ,
1247 1408 1274 1432 et
1290 1404 1447 1433 incarnatus
1461 1409 1519 1437 est.
1532 1409 1558 1432 et
1568 1404 1650 1433 homo
1663 1405 1750 1434 factus

969 1453 1022 1482 est,
1044 1456 1142 1484 passus
1157 1452 1209 1481 est,
1222 1453 1249 1476 et
1260 1449 1410 1477 resurrexit
1420 1449 1499 1476 tertia
1512 1449 1567 1481 die,
1588 1453 1615 1477 et
1628 1450 1751 1478 ascendit

970 1494 998 1522 in
1020 1494 1115 1526 caelos.
1137 1501 1170 1522 ac
1179 1498 1312 1522 venturus
1327 1498 1370 1521 est
1384 1494 1417 1521 ad
1432 1493 1609 1529 iudicandum
1624 1494 1701 1522 vivos
1724 1499 1753 1522 et

969 1545 1103 1568 mortuos.
1123 1539 1157 1568 Et
1167 1539 1195 1567 ln
1210 1539 1344 1575 Spiritum
1361 1544 1497 1568 sanctum.
1512 1539 1574 1567 lllos
1587 1544 1676 1568 autem
1700 1541 1757 1576 qui

969 1584 1076 1617 dicant,
1102 1583 1165 1612 Fuit
1187 1584 1335 1620 aliquando
1346 1591 1409 1612 cum
1426 1592 1481 1613 non
1496 1589 1579 1617 esset,
1602 1589 1639 1618 et,
1653 1585 1762 1614 Priusm

975 1637 1057 1666 quam
1078 1631 1155 1658 lleret
1164 1637 1220 1658 non
1237 1634 1307 1663 erat,
1325 1633 1363 1664 et,
1379 1630 1418 1657 Ex
1434 1629 1521 1657 nihilo
1541 1629 1630 1658 factus
1643 1635 1695 1665 est,
1708 1631 1752 1659 vel

932 1670 953 1699 C
970 1675 1018 1710 qui
1041 1682 1074 1703 ea
1097 1675 1150 1702 alia
1177 1675 1321 1711 hypostasi
1351 1679 1400 1702 aut
1422 1675 1575 1704 substantia
1598 1683 1659 1704 esse
1673 1696 1682 1710 ,
1707 1677 1751 1705 vel

970 1723 1094 1750 creatum
1109 1726 1170 1748 esse
1189 1725 1238 1748 aut
1252 1721 1352 1748 mutari
1368 1724 1416 1748 aut
1435 1721 1557 1750 converti
1572 1730 1652 1757 posse
1673 1723 1753 1751 aiunt

967 1764 1066 1792 Filium
1089 1764 1148 1799 Dei,
1173 1766 1349 1794 anathemate
1363 1765 1426 1794 fen't
1444 1767 1579 1795 catholica
1598 1771 1627 1795 et
1640 1772 1750 1803 aposto-

967 1811 1019 1839 lica
1034 1810 1166 1839 Ecclesia.

1003 1866 1029 1894 ι.
1045 1866 1075 1894 ln
1089 1866 1140 1894 hac
1153 1866 1219 1900 ﬁde,
1237 1865 1368 1903 Auguste,
1381 1871 1513 1903 tanquam
1528 1868 1619 1896 divina
1635 1874 1664 1897 et
1682 1877 1748 1905 apo—

967 1914 1074 1947 stolica,
1096 1922 1192 1943 omnes
1219 1922 1331 1942 necesse
1353 1918 1394 1943 est
1417 1923 1588 1950 permanere,
1610 1924 1661 1944 nec
1677 1917 1749 1945 ullus

967 1969 1027 1988 cam
1045 1960 1191 1988 subtilibus
1217 1960 1390 1989 sermonibus
1409 1965 1437 1989 et
1460 1962 1682 1990 contentionibus
1697 1963 1749 1990 im-

967 2012 1075 2035 mutare
1088 2007 1177 2041 debet,
1195 2007 1233 2035 uti
1250 2007 1339 2035 fecere
1357 2007 1461 2040 Ariani,
1476 2007 1522 2043 qui
1537 2007 1636 2036 Filium
1651 2008 1699 2036 Dei
1715 2017 1749 2037 ex

968 2053 1054 2081 nihilo
1069 2060 1131 2081 esse
1145 2053 1232 2086 aiunt,
1247 2051 1388 2088 fuisseque
1404 2052 1550 2087 aliquando
1564 2060 1626 2080 cum
1641 2061 1695 2082 non
1709 2061 1750 2082 es-

968 2104 1021 2132 set.
1033 2104 1212 2134 creatumque
1227 2103 1254 2126 et
1275 2098 1378 2126 factum
1393 2106 1426 2126 ac
1441 2098 1599 2126 mutabilem
1614 2107 1684 2128 esse.
1703 2099 1750 2127 Si.

967 2145 1078 2181 quidem
1098 2145 1210 2179 idcirco,
1234 2145 1274 2172 uti
1297 2153 1380 2179 supra
1397 2145 1624 2180 commonuimus,
1641 2145 1752 2174 Nicaena

967 2192 1090 2227 synodus
1117 2190 1275 2226 hujusmodi
1304 2190 1421 2218 lueresin
1452 2190 1625 2219 anathemate
1652 2191 1754 2219 multas

967 2232 1016 2271 vit,
1029 2241 1057 2265 et
1080 2237 1160 2265 ﬁdem
1180 2237 1303 2264 veritatis
1320 2236 1446 2265 confessa
1462 2241 1513 2264 est.
1537 2236 1593 2265 Nec
1608 2237 1679 2265 enim
1703 2237 1750 2265 Fi-

966 2284 1033 2311 liurn
1060 2282 1134 2311 Patri
1154 2290 1216 2311 esse
1243 2283 1360 2312 similem
1378 2283 1566 2311 tantummodo
1581 2283 1686 2317 dixere,
1713 2292 1749 2312 ne

969 2375 1042 2407 nius.
1057 2379 1138 2418 atque
1151 2374 1188 2402 ita
1200 2374 1420 2418 legendumleslse
1431 2378 1504 2418 patet
1519 2373 1689 2418 exnsequenti
1703 2380 1759 2418 νρι

968 2408 1762 2485 ἓξξητῗῖεᾜὲξαέαῗίἕὲῗυιέἓῗθέὲφῗξξιῗᾷεὶτέῗοιῗιῗί¹¹ῆ-

969 2480 1051 2507 habet
1069 2479 1258 2514 γινώσκουσιν.
1276 2480 1413 2513 Attamen,
1430 2479 1480 2514 σήν
1500 2479 1577 2506 deest
1591 2484 1618 2514 et
1633 2479 1660 2506 in
1682 2487 1748 2506 mss.

969 2519 997 2542 et
1012 2515 1042 2550 in
1056 2513 1146 2550 editis:
1163 2514 1248 2542 Paulo
1262 2518 1324 2550 post
1344 2514 1398 2541 τῶν
1421 2513 1484 2541 ante
1505 2513 1662 2550 ἐπισκόταυν
1675 2514 1763 2541 δείξει.-

968 2550 996 2576 ἰη
1011 2549 1105 2579 Regio.
1124 2548 1270 2578 Theodor.‘
1280 2549 1362 2577 habet
1378 2549 1430 2576 ὑπὸ
1440 2548 1606 2576 τριακοσίων
1623 2549 1691 2579 δέκα
1704 2550 1759 2576 καὶτ

967 2584 1041 2612 ὀκτὼ
1056 2584 1223 2612 ἐπισκόπων.

1003 2619 1135 2655 (94ΜΤόν
1146 2620 1223 2648 abest
1236 2628 1250 2647 a
1263 2619 1347 2655 Regio
1360 2624 1388 2647 et
1402 2619 1538 2647 Theodor.

1016 2654 1137 2685 95H“!
1151 2655 1226 2683 deest
1241 2655 1268 2682 in
1281 2654 1416 2682 Theodor.

1016 2656 1062 2685 95)
1081 2656 1137 2682 Καί
1151 2656 1226 2683 deest
1241 2656 1268 2682 in
1281 2656 1416 2682 Theodor.

1005 2656 1061 2725 (96)
1080 2683 1229 2725 Theodor.,
1244 2691 1285 2722 είς
1295 2689 1326 2716 τὸ
1339 2689 1416 2725 ἅγιον
1433 2689 1553 2725 Πνεῦμα.

1008 2724 1072 2761 (97)
1085 2724 1233 2761 Theodor.,
1247 2726 1264 2760 ἠ
1281 2724 1346 2761 ἁγία
1361 2724 1408 2752 καὶ
1426 2724 1555 2761 καθολικὴ
1573 2724 1630 2761 καί,
1643 2728 1708 2756 etc.,
1725 2729 1762 2752 et.

973 2759 1417 2796 ιποι,θεοφιλέστατελύγουστε.
1433 2759 1514 2788 Deest
1529 2759 1556 2787 in
1576 2759 1670 2788 eodem
1689 2760 1751 2788 πάν,

971 2804 1030 2822 τας.

1006 2804 1062 2866 ῗθὸ)
1083 2829 1166 2865 Idem,
1176 2831 1244 2867 ὅπερ
1260 2830 1390 2869 ἐποίησαν
1405 2830 1434 2865 te
1448 2831 1533 2868 ἀρχῆς
1545 2830 1580 2864 οἱ,
1594 2834 1652 2859 etes
