1977 3039
129 138 181 170 821

708 141 878 172 EPISTOLA
897 143 944 171 AD
960 142 1144 172 JOVIANUM.

1693 143 1744 171 822

129 200 159 227 ἰν
170 200 232 232 ταῖς
245 198 339 227 πόλεσι
356 199 501 237 βουλευτὴν
519 201 557 237 μὴ
572 200 610 238 (9)
637 201 767 235 ἐάσαντες
789 202 908 238 οἰκῆσαι.

963 202 1053 231 Ariani
1070 203 1196 231 dixerunt
1211 211 1219 230 :
1239 201 1377 236 Rogamus
1398 206 1435 236 te,
1447 209 1637 237 quemcunque
1652 202 1745 230 volue-

129 246 162 272 Θί
182 246 314 282 ’Δρειανοί
327 243 405 274 εἶπαν
419 255 426 262 ’
447 247 570 283 Δεόμεθά
586 256 644 281 σου,
660 247 687 274 εί
706 256 767 275 τινα
785 247 819 275 ἂν
833 248 913 284 θέλῃς

128 292 213 328 χωρὶς
233 291 400 319 ’Δθανασίου.
425 292 456 320 '0
477 292 602 328 βασιλεὺς
622 291 715 319 εἶπεν·
733 291 816 319 Εἶπον
837 292 911 328 ὑμῖν,

128 338 171 365 δτι
185 337 220 365 τὰ
233 338 297 374 περὶ
319 337 477 365 ’Δθανασίου
490 338 541 374 ήδη
557 338 690 374 διοίκησιν
705 338 767 374 ἔσχε
785 346 794 354 ·
805 337 853 365 καὶ
865 338 912 374 ορ-

128 384 232 419 γισθεὶς
247 381 325 411 εἷπε·
342 383 407 420 Φέρι
433 383 496 420 φέρι
517 383 584 419 (10).
607 385 640 411 οι
661 384 794 420 ’Δρειανοὶ
812 381 891 411 εἶπαν
903 392 910 400 ·

128 429 250 465 Δεόμεθά
263 437 320 462 σου,
335 429 383 456 ἑὰν
400 428 512 466 πέμψῃς
531 429 698 462 Ἀθανάσιον,
720 428 880 464 λυμαίνεται
894 429 912 464 ἡ

127 474 206 508 πόλις
220 474 300 511 ἡμῶν
311 495 319 509 ,
335 475 383 503 καὶ
402 474 489 507 οὐδεὶς
508 474 583 510 αὐτῷ
599 475 768 511 συνέρχεται.
789 474 819 501 ‘U
835 473 911 509 βασι-

127 521 190 554 λεὺς
217 519 295 549 εἶπε·
309 521 406 549 Καίτοι
421 521 671 557 περιεργασάμενος
690 521 786 556 ῑγνων,
803 521 843 548 ὅτι
862 529 912 547 κα-

127 567 181 600 λῶς
197 569 299 604 φρονεῖ,
314 567 361 594 καὶ
376 566 517 603 ὁρθόδοξός
528 567 597 599 ἐστι,
612 567 660 594 κα).
673 566 763 599 καλῶς
779 566 910 594 διδάσκει.

125 612 160 640 Di
179 612 313 646 ’Δρειανοὶ
337 609 413 639 εἶπον
437 611 492 647 (Η)
510 619 517 626 ·
539 610 584 647 Τῷ
607 611 657 647 μὲν
683 612 798 647 στόματι
821 611 912 643 καλῶς

126 658 286 693 φθέγγεται,
301 659 333 694 τῇ
355 657 384 685 δι
405 657 479 693 ψυχῇ
494 657 589 689 δολίως
610 658 714 693 φρονεῖ·
739 657 769 684 '0
785 657 911 692 βασιλεὺς

126 701 189 731 εἶπε
202 712 210 720 ο
225 703 312 731 Τοῦτο
325 703 441 740 ἀρκετόν
452 704 536 736 ἐστιν,
553 703 594 730 ὃτι
609 703 688 739 ὑμεῖς
701 703 910 739 ἐμαρτυρήσατε

124 750 192 786 περὶ
202 749 295 782 αὐτοῦ,
304 750 345 776 δτι
358 749 449 782 καλῶς
463 749 609 784 φθέγγεται
620 749 667 776 καὶ
678 749 769 782 καλῶς
779 749 909 778 διδάσκει.

126 796 158 823 Et
180 796 210 823 δὲ
225 797 260 832 τῇ
277 794 387 830 γλώσσῃ
407 795 498 827 καλῶς
516 795 637 822 διδάσκει
652 796 700 822 καὶ
715 795 798 830 λέγει,
821 796 854 831 τῇ
881 795 910 822 δι

123 842 196 878 ψυχῇ
214 842 307 874 κακῶς
324 843 427 878 φρονεῖ,
446 841 514 877 πρὸς
529 841 575 868 τὸν
589 841 655 869 Θεὸν
669 841 736 878 ἔχει.
754 840 909 878 Ἄνθρωποι

125 889 179 924 γὰρ
193 888 269 920 ὅντες
289 888 334 915 τὸν
357 887 436 922 λόγον
461 887 596 923 ἀκούομεν
609 895 617 903 ”
642 887 678 914 τὰ
698 887 728 914 δὲ
750 887 881 924 mopso:
895 888 910 916 ὁ
925 880 946 909 Β

123 934 190 966 Θεὸς
204 931 282 961 οἶδεν.
292 934 324 961 οι
343 933 475 969 Ἀρειανοὶ
488 931 564 960 εἶπον
577 941 584 949 ·
602 933 737 960 Κέλευσον
751 933 826 969 ἡμᾶς
846 941 909 960 συν-

124 979 249 1013 άγεσθαι.
270 979 300 1006 '0
326 978 455 1015 βασιλεὺς
477 975 536 1005 εἷπε
550 986 558 994 ·
580 978 628 1011 Τις
643 979 697 1015 γὰρ
707 978 805 1006 κωλύει
820 979 908 1015 suae;

123 1025 155 1052 Οἱ
182 1024 317 1061 ’Δρειανοὶ
339 1022 415 1051 ιῐπον
428 1032 436 1040 ⁸
461 1024 584 1060 Δεύμεθά
605 1033 652 1052 σου
665 1045 673 1057 ,
689 1024 849 1061 αίρεσιώτας
863 1025 911 1053 καὶ

121 1070 305 1107 δογματιστὰς
324 1071 400 1106 ἡμᾶς
420 1070 596 1105 ἀπαγγέλλει.
617 1070 647 1097 '0
672 1070 797 1106 βασιλεὺς
812 1069 908 1098 εἰπενο

124 1115 225 1152 Ἔργον
236 1115 319 1143 αὐτοῦ
336 1116 412 1148 ἐστι,
434 1116 482 1143 καὶ
496 1117 551 1143 τῶν
567 1116 658 1148 καλῶς
673 1116 861 1144 διδασκόντων.
879 1117 910 1144 οι

128 1162 264 1198 Ἀρειανοὶ
279 1159 355 1189 εἶπον
367 1171 374 1179 ·
394 1161 517 1198 Διόμεθά
531 1171 579 1189 σου
598 1161 647 1189 τοῦ
662 1163 781 1199 κράτους
792 1171 799 1178 ·
816 1162 911 1191 τοῦτον

123 1207 257 1244 βαστάσαι
280 1208 310 1235 οὐ
331 1208 480 1244 δυνάμεθα,
501 1208 600 1236 καὶτὰ
616 1208 719 1245 τεμένη
738 1208 793 1235 τῶν
812 1208 910 1244 ικκλη-

123 1253 189 1280 σιῶν
201 1255 342 1290 περιηρεν.
362 1254 392 1281 '0
409 1254 534 1290 βασιλεὺς
548 1252 624 1281 εἷπεν
636 1254 692 1291 (12)
702 1263 709 1270 ·
726 1254 831 1282 οὐκοῦν
851 1254 910 1282 Ive-

123 1307 171 1327 κεν
181 1300 331 1336 χρημάτων
344 1300 440 1336 ἤλθετε
457 1296 519 1334 ὦδε,
532 1300 580 1328 καὶ
595 1301 646 1336 οὐχ
660 1300 753 1327 ἕνεκεν
769 1300 888 1332 πίστεως
900 1309 908 1334 ;

122 1345 179 1372 Καὶ
191 1345 272 1372 πάλιν
287 1343 364 1372 εἶπεν
382 1354 389 1360 ·
414 1345 576 1378 Ἀπέλθετε,
599 1345 647 1372 καὶ
667 1344 832 1381 εἰρηνεύετε.
849 1345 910 1372 Ἔτι

122 1391 251 1428 προσθεὶς
264 1389 325 1418 εἷπε
347 1391 416 1427 πρὸς
432 1392 496 1424 τοὺς
511 1391 667 1428 ’Δρειανούς
678 1400 685 1407 ·
710 1391 853 1418 Ἀπέλθετε
870 1391 910 1423 ιίς

121 1437 173 1473 τὴν
196 1438 354 1473 ἐκκλησίαν,
371 1437 464 1474 αὔριον
486 1437 596 1471 σύναξις
609 1437 673 1473 ὑμῖν
686 1438 760 1465 ἔστι.
776 1437 830 1464 Καὶ
841 1436 911 1473 μετὰ

121 1483 172 1518 τὴν
188 1483 327 1517 ἀπόλυσιν,
348 1484 417 1511 εἰσὶν
442 1480 494 1511 ὦδε
519 1483 675 1516 ἐπίσκοποι,
697 1483 743 1511 καὶ
762 1483 911 1519 Νεμεσῖνος

122 1523 175 1555 ὧδέ
187 1529 260 1556 ἔστιν
271 1537 278 1544 ·
293 1528 408 1561 ἕκαστος
428 1529 518 1565 ὑμῶν,
540 1528 631 1561 καθὼς
643 1528 775 1563 πιστεύει,
787 1528 910 1564 ὑπογρά-

963 249 1012 281 ris,
1026 253 1123 285 prater
1137 248 1325 276 Athanasium.
1342 247 1491 284 imperator
1511 248 1549 275 ait
1563 257 1570 275 :
1585 247 1644 275 Dixi
1656 247 1744 280 vobis.

962 302 1023 330 qua:
1033 295 1211 323 Athanasium
1228 298 1351 330 spectant
1364 293 1421 329 jam
1436 294 1585 322 constituta
1595 301 1656 322 esse
1670 302 1676 321 :
1690 293 1745 322 ira-

961 343 1061 375 tusque
1082 339 1138 367 ait:
1156 338 1228 372 Feri,
1249 338 1310 367 feri.
1333 338 1428 366 Ariani
1440 338 1588 367 dixerunt:
1605 337 1744 374 Rogamus

962 389 998 418 te,
1013 385 1036 413 si
1052 385 1145 414 mittas
1163 384 1354 417 Athanasium,
1367 385 1437 420 perit
1451 384 1548 413 civitas
1566 388 1670 416 nostra,
1682 384 1744 411 nul-

961 430 1059 466 lusque
1072 438 1134 458 cum
1145 437 1178 458 eo
1193 434 1343 458 conventus
1355 430 1419 464 agit.
1434 428 1581 465 imperator
1595 429 1664 457 dixit
1676 437 1683 456 :
1695 428 1744 456 At-

961 477 1008 512 qui
1019 476 1160 512 diligenter
1174 475 1328 504 sciscitatus
1347 475 1408 504 novi
1426 482 1488 503 eum
1500 480 1574 504 recte
1589 475 1700 509 sentire,
1715 481 1744 503 et

961 522 1143 550 orthodoxum
1157 528 1228 554 esse,
1243 525 1323 556 atque
1343 524 1415 549 recte
1432 521 1540 549 docere.
1556 520 1649 548 Ariani
1665 520 1743 548 dixe-

961 572 1025 596 runt
1035 566 1103 595 :Ore
1111 567 1219 603 quidem
1229 571 1301 594 recte
1309 566 1439 601 loquitur,
1447 567 1538 595 animo
1548 571 1639 595 autem
1648 566 1743 594 dolose

960 614 1052 643 sentit.
1067 613 1214 648 Imperator
1227 613 1314 641 dixit:
1330 612 1402 640 Satis
1418 612 1469 640 hoc
1487 617 1538 645 est,
1554 612 1626 647 quod
1645 619 1694 640 vos
1708 613 1743 640 de

960 660 1007 688 illo
1020 659 1157 688 testiﬁcati
1167 659 1244 693 estis,
1255 666 1317 687 eum
1331 662 1404 687 recte
1414 658 1489 693 loqui
1503 665 1535 686 ac
1543 657 1651 686 docere.
1662 657 1741 691 Quod

960 705 983 734 si
1004 706 1095 742 lingua
1116 705 1226 741 quidem
1252 709 1325 733 recte
1345 704 1426 732 docet
1449 704 1635 739 loquiturque,
1649 703 1742 731 animo

959 756 1050 779 autem
1069 759 1151 786 prave
1171 751 1264 784 sentit,
1286 758 1330 778 res
1341 750 1379 778 illi
1396 757 1459 779 cum
1476 749 1531 778 Deo
1546 753 1604 777 est:
1618 748 1743 777 homines

959 797 1031 824 enim
1048 804 1109 825 cum
1126 796 1222 830 simus,
1234 803 1388 824 sermonem
1404 795 1549 823 audimus:
1564 802 1626 830 qua:
1635 802 1700 822 vero
1713 794 1744 822 in

960 842 1040 870 corde
1055 842 1148 876 latent,
1163 842 1239 870 novit
1250 841 1331 870 Deus.
1343 841 1438 870 Ariani
1450 841 1594 869 dixerunt:
1609 840 1678 869 lube
1691 849 1742 869 nos

959 892 1108 916 conventus
1120 895 1209 924 agere.
1228 887 1377 923 imperator
1387 887 1457 916 dixit
1472 896 1479 916 :
1494 887 1562 921 Quis
1581 895 1631 916 vos
1650 887 1744 923 prohi-

959 931 1026 960 bet?
1047 932 1142 960 Ariani
1159 932 1288 960 dixerunt
1305 941 1312 960 :
1327 932 1464 968 Rogamus
1490 937 1526 966 te,
1547 932 1690 961 haereticos
1715 937 1743 961 et

959 977 1136 1014 dogmatistas
1150 986 1201 1006 nos
1214 977 1344 1006 declarat.
1354 978 1504 1014 Imperator
1514 978 1597 1007 dixit:
1616 977 1672 1007 Hoc
1682 978 1744 1014 eius

959 1024 1076 1053 oliicium
1088 1029 1140 1057 est.
1156 1029 1238 1060 atque
1253 1032 1349 1053 eorum
1363 1025 1409 1061 qui
1427 1029 1500 1053 recte
1520 1025 1629 1053 docent.
1648 1024 1743 1053 Ariani

959 1069 1087 1098 dixerunt
1103 1079 1110 1098 :
1127 1069 1310 1098 Obsecramus
1322 1069 1465 1104 imperium
1479 1073 1568 1103 tuum,
1583 1070 1655 1098 hunc
1673 1069 1745 1098 ferre

959 1123 1014 1144 nou
1030 1123 1186 1151 possumus,
1195 1120 1222 1144 et
1234 1123 1313 1152 agros
1327 1115 1508 1144 Ecclesiarum
1521 1115 1642 1144 abstulit.
1657 1114 1744 1150 Impe-

959 1165 1035 1189 rator
1043 1161 1133 1189 dixit:
1148 1160 1328 1189 Peeuniarum
1341 1161 1424 1197 igitur
1442 1161 1529 1197 gratia
1546 1161 1600 1189 huc
1611 1161 1744 1194 accessis-

960 1206 1005 1241 tis,
1019 1210 1047 1235 et
1061 1214 1116 1235 non
1130 1206 1191 1234 ildel
1213 1214 1294 1235 causa
1307 1207 1319 1235 τ
1338 1206 1513 1243 Rursumque
1524 1207 1582 1236 ait:
1596 1206 1743 1240 Discedite,

958 1257 987 1280 et
998 1252 1142 1288 quiescite.
1156 1252 1289 1281 Praeterea
1307 1252 1342 1283 ad
1355 1253 1470 1281 Arianos
1480 1253 1549 1281 dixit
1566 1262 1572 1280 :
1591 1252 1630 1281 ite
1651 1253 1685 1281 ad
1699 1260 1744 1282 ec-

959 1297 1082 1330 clesiam,
1098 1305 1160 1326 cras
1177 1302 1328 1326 conventus
1348 1297 1427 1326 vobis
1446 1301 1507 1332 est;
1521 1301 1550 1325 et
1571 1301 1634 1333 post
1649 1295 1746 1326 dimis-

959 1344 1064 1372 sionem
1072 1343 1171 1372 adsunt
1181 1344 1226 1372 hic
1236 1343 1355 1379 episcopi
1366 1352 1374 1377 ;
1384 1343 1546 1372 Nemesinus
1556 1343 1620 1371 item
1632 1343 1677 1371 hic
1686 1348 1745 1372 est:

960 1389 1150 1425 unusquisque
1168 1394 1301 1423 vestrum,
1318 1389 1468 1418 secundum
1495 1389 1523 1417 id
1547 1389 1621 1424 quod
1646 1389 1744 1424 credit,

959 1435 1123 1464 aubscribet.
1136 1435 1303 1464 Athanasius
1316 1435 1399 1463 etiam
1414 1435 1459 1463 bic
1467 1440 1522 1463 est.
1534 1434 1585 1468 Qui
1599 1435 1661 1463 ﬁdei
1683 1443 1744 1463 ver-

960 1481 1025 1510 hum
1042 1481 1139 1513 nescit.
1154 1481 1241 1509 discat
1252 1481 1287 1508 ab
1296 1480 1459 1508 Athanasio.
1471 1480 1583 1508 Habetis
1593 1481 1743 1510 crastinum

960 1532 988 1556 et
1000 1526 1188 1562 perendinum.
1202 1525 1331 1562 Egredior
1343 1526 1416 1554 enim
1432 1526 1459 1553 in
1473 1533 1611 1561 earupum.

122 1575 178 1610 ψει.
196 1575 251 1602 Καὶ
271 1575 428 1607 Ἀθανάσιος
442 1572 493 1603 ὧδέ
509 1575 584 1602 ἐστιν
595 1583 602 1590 ·
617 1576 631 1603 ό
657 1575 694 1612 μὴ
709 1575 786 1607 εἰδὼς
802 1575 847 1602 τὸν
865 1575 914 1611 τῆς
936 1573 1055 1606 πίστεως
1077 1573 1166 1608 λόγον,
1191 1572 1265 1608 μάθῃ
1289 1571 1364 1608 παρὰ
1389 1572 1564 1602 ’Δθανασίουι
1573 1573 1669 1608 Ἔχετε
1696 1570 1746 1608 τὴ)Ι

123 1621 217 1657 αὔριον
227 1622 274 1649 καὶ
281 1623 330 1658 τὴν
348 1622 632 1659 ὲπαύριον.Ἐκ6αίνω
646 1622 701 1658 γὰρ
713 1622 769 1659 ὶγὼ
783 1623 824 1655 εἰς
843 1622 965 1658 κάμπον.

160 1670 215 1697 Καί
233 1679 276 1703 τις
290 1671 467 1706 σχολαστικὺς
481 1670 536 1698 τῶν
549 1671 667 1698 κυνικῶν
681 1671 791 1706 ὲνέτυχε
807 1671 846 1707 τῷ
861 1670 909 1705 βα-

995 1669 1112 1704 Quidam
1135 1668 1219 1697 etiam
1238 1668 1417 1698 scholasticus
1428 1676 1461 1697 ex
1475 1668 1585 1706 Cynicis
1599 1668 1745 1704 imperato—

124 1716 203 1743 σιλεϊ.
217 1716 317 1752 Δέομαι
338 1717 385 1744 τοῦ
410 1716 542 1753 βασιλείου
565 1725 624 1750 σου,
639 1717 774 1754 προφάσει
797 1717 910 1744 Ἀθανα-

125 1761 183 1789 σίου
197 1762 346 1789 ἐπισκόπου
360 1763 375 1790 6
390 1762 533 1794 καθολικδς
546 1762 699 1794 τὰςλοίκίας
715 1771 767 1798 μου
781 1759 858 1798 ἧριν.
880 1762 910 1790 '0

125 1807 252 1843 βασιλεὺς
264 1805 356 1835 εἷπεν·
375 1808 407 1835 Ei
425 1809 440 1835 ὸ
457 1807 599 1840 καθολικδς
613 1807 664 1840 τὰς
677 1808 765 1840 οἰκίας
781 1817 828 1835 σου
846 1805 909 1844 ἦρε,

123 1853 151 1881 τί
165 1853 256 1880 κοινὸν
274 1853 423 1889 ’Δθανασίῳ
432 1862 440 1888 ;

161 1899 273 1935 Ἕτερός
292 1908 333 1932 τις
349 1899 525 1936 σχολαστικὸς
542 1899 669 1932 Παταλᾶς
689 1896 750 1927 εἷπε
762 1909 769 1916 ·
783 1900 911 1936 Κατηγο-

125 1944 188 1981 pinv
203 1945 258 1981 ἔχω
277 1945 349 1972 κατὰ
366 1945 536 1973 Ἀθανασίου.
556 1946 586 1973 '0
610 1945 736 1981 βασιλεὺς
758 1943 835 1972 stur
856 1946 912 1973 Καὶ

125 1989 159 2017 σὺ
170 1989 196 2017 τί
211 1990 300 2018 κοινὸν
317 1990 390 2026 ἔχεις
406 1991 474 2027 πρὸς
488 1991 680 2028 Χριστιανοὺς,
697 1991 797 2027 Ἕλλην
815 1991 853 2018 ὢν
866 1999 877 2025 ;

159 2035 239 2068 Τινὲς
259 2035 288 2063 δὲ
307 2036 355 2064 τοῦ
378 2036 497 2073 πλήθους
517 2036 572 2064 τῶν
603 2037 762 2072 Ἀντιοχέων
781 2037 912 2073 κατέσχον

124 2080 259 2115 Λούκιον,
287 2082 335 2109 καὶ
358 2084 549 2119 προσήνεγκαν
575 2082 615 2118 τῷ
637 2082 742 2119 βασιλεῖ
767 2082 909 2118 λέγοντες·

125 2126 246 2163 ὰόμεθα
258 2127 307 2155 τοῦ
325 2127 442 2164 κράτους
459 2136 506 2155 σου
525 2128 574 2155 καὶ
587 2128 634 2155 τοῦ
650 2128 786 2164 βασιλείου
801 2137 860 2163 σου,
873 2129 912 2157 ῐδιε

125 2172 186 2200 τίνα
199 2173 334 2210 ἠθέλησαν
345 2174 457 2209 ποιῆσαι
470 2174 629 2202 ἐπίσκοπον.

130 2230 235 2266 Ἑτέρα
248 2231 373 2267 ὲντυχία
388 2231 444 2268 (l3)
459 2231 535 2267 πρὸς
551 2233 591 2266 τῷ
608 2232 724 2260 πυλῶνι
742 2232 797 2260 τοῦ
816 2233 913 2260 παλα-

274 2267 341 2294 τιου
362 2267 506 2303 γενομένη
522 2268 603 2303 παρὰ
618 2268 757 2296 Λουκίου.

159 2311 260 2348 Δέομαί
278 2321 325 2341 σου
345 2313 393 2340 τοῦ
417 2313 553 2349 κράτους,
570 2313 686 2341 ἄκουσόν
703 2322 763 2349 μου.
786 2313 817 2340 '0
836 2312 913 2348 βασι-

125 2357 188 2390 λιῦς
200 2358 300 2394 ἐστάθη
316 2359 363 2386 καὶ
379 2357 456 2386 εῐπε·
475 2360 520 2386 Σοὶ
534 2359 590 2395 (tt)
607 2359 683 2395 αὐτῷ
699 2359 807 2396 Λουκίῳ
818 2359 910 2394 λέγω,
927 2349 950 2378 D

127 2404 186 2436 πῶς
201 2402 283 2440 ἦλθες
296 2401 358 2437 ὧδε,
378 2403 441 2432 πλοῖ
456 2405 473 2440 ἢ
489 2405 576 2441 πεζής
597 2405 653 2442 (15)
666 2414 674 2438 ;
697 2405 811 2439 Λούκιος
825 2403 887 2432 εἶπε
903 2414 910 2421 ·

125 2450 226 2487 Audiui
236 2459 295 2484 σου,
310 2451 382 2479 πλοῖ.
406 2451 436 2479 '0
452 2451 578 2486 βασιλεὺς
597 2449 658 2479 εἷπε
668 2460 675 2467 '
691 2452 762 2488 Πρὸς
775 2452 806 2478 σὲ
829 2451 911 2486 λέγω,

162 2570 201 2608 (9)
219 2570 259 2598 Ita
275 2570 387 2608 Regius.
408 2570 480 2608 Editi
495 2575 522 2598 et
537 2570 632 2606 μυξη,
646 2570 705 2607 μέν.
722 2570 801 2602 ibid,
813 2569 911 2597 ἐάσαν-

128 2613 182 2637 τες,
194 2606 338 2641 legendum
353 2606 434 2639 forte,
445 2606 587 2638 ὲάσαντος.

163 2641 220 2678 (Ψ)
237 2641 351 2678 ﬁegius,
366 2650 440 2678 φερι,
454 2650 528 2678 φερι,
546 2642 650 2678 absque
662 2645 787 2669 accentu.

164 2674 222 2712 (11)
240 2674 342 2717 [tegi-us
352 2674 450 2717 podex,
460 2674 558 2710 εἶπαν,
573 2674 651 2704 et'ita
663 2683 771 2711 semper
781 2674 814 2702 ad
831 2675 911 2702 ﬁnem

183 2709 225 2738 ue.
242 2709 324 2744 Editi,
338 2709 426 2739 εἷπον,

164 2743 220 2782 (ii)
239 2744 311 2782 Haac,
319 2747 349 2774 '0
367 2746 491 2782 βασιλεὺς
505 2744 599 2782 εἶπεν,
609 2745 710 2782 desunt
724 2743 914 2782 in_Reg._Mox

130 2779 242 2821 Ettigius,
263 2779 377 2821 ᾖλθετεί
387 2780 474 2809 Editio
495 2781 629 2821 Gommel:
643 2785 671 2808 et
694 2780 788 2821 Basilq
801 2779 909 2821 ῆλϐατε.

129 2815 201 2852 Edit.
215 2815 436 2852 Ροτῑεηήλθετο,
450 2815 679 2852 πηοηάοεεᾎΜοιε
690 2815 815 2852 καί-ωηο
832 2815 912 2852 πάλιν

129 2851 206 2880 deest
218 2851 247 2880 iu
261 2849 351 2886 editis,
362 2852 409 2881 sed
420 2849 570 2889 habeturin
585 2850 651 2887 Reg.
661 2849 728 2880 ibid.
738 2849 818 2887 lieg.,
827 2850 912 2886 ἀπέλ-

961 1722 1019 1743 rem
1032 1714 1149 1751 rogavit.
1171 1714 1249 1750 Rogo
1263 1714 1410 1750 imperium
1429 1719 1517 1747 tuum,
1535 1713 1678 1742 Athanasii
1689 1713 1747 1749 epi-

959 1761 1036 1797 seopi
1049 1768 1134 1789 causa
1149 1760 1299 1790 catholicus
1308 1761 1376 1789 mihi
1389 1760 1460 1789 aades
1475 1760 1583 1796 eripuit.
1598 1759 1745 1796 imperator

960 1807 1050 1836 dixit:
1067 1806 1096 1835 Si
1111 1807 1267 1836 catholicus.
1276 1811 1337 1836 tuas
1351 1807 1423 1836 aedes
1436 1807 1546 1843 eripuit,
1560 1806 1626 1843 quid
1643 1807 1696 1835 hoc
1710 1807 1745 1835 ad

960 1848 1160 1882 Athanasium?

995 1899 1072 1926 Alius
1085 1898 1195 1934 quidam
1218 1897 1329 1927 Patalas
1348 1897 1528 1927 scholasticus
1552 1897 1643 1927 dixit:
1658 1898 1746 1927 Accu-

961 1945 1095 1974 sationem
1106 1945 1293 1973 habeoeontra
1301 1944 1491 1974 Athanasium.
1500 1946 1650 1980 Imperator
1657 1945 1726 1973 dixit
1736 1954 1750 1973 ι

961 1991 1065 2027 Ecquid
1081 1991 1128 2020 tibi
1139 1999 1200 2020 cum
1214 1990 1390 2023 Christianis.
1400 1998 1462 2020 cum
1479 1990 1518 2019 sis
1535 1990 1664 2026 gentilis?

997 2037 1113 2071 Quidam
1130 2041 1220 2065 autem
1243 2044 1259 2065 e
1279 2036 1358 2072 plebe
1380 2035 1611 2064 Antiochenorum
1631 2035 1743 2064 Lucium

961 2084 1230 2120 comprehenderunt,
1243 2087 1272 2111 et
1293 2083 1454 2119 imperatori
1469 2082 1635 2115 obtulerunt.
1649 2083 1743 2111 dicen-

962 2133 1002 2157 tes
1013 2138 1022 2160 ;
1035 2128 1174 2165 Rogamus
1188 2128 1339 2165 potentiam
1357 2132 1433 2156 tuam
1450 2132 1478 2156 et
1495 2129 1641 2164 imperium
1654 2131 1745 2162 tuum,

962 2175 1024 2204 vide
1036 2183 1116 2210 quem
1134 2175 1281 2203 voluerunt
1291 2174 1448 2210 episcopum
1461 2175 1637 2203 constituere.

1015 2231 1078 2259 Alia
1092 2231 1233 2267 petitioad
1246 2232 1346 2260 atrium
1358 2231 1458 2259 ualotii
1475 2239 1492 2258 α
1503 2230 1684 2266 ιιιιείο..ι”αειιι.

998 2318 1116 2347 Obsecro
1128 2319 1275 2354 potentiam
1288 2323 1374 2352 tuam,
1383 2319 1447 2348 audi
1457 2326 1510 2347 me.
1521 2319 1671 2354 imperator
1681 2319 1746 2348 sub-

962 2366 1032 2394 stitit
1049 2370 1076 2392 et
1098 2365 1136 2393 ait
1154 2373 1161 2392 :
1177 2365 1237 2393 Tibi
1259 2365 1309 2401 ipsi
1327 2365 1414 2394 Lucio
1434 2365 1496 2393 dico
1511 2374 1517 2392 :
1535 2364 1675 2400 quomodo
1692 2365 1745 2394 huc

963 2411 1074 2444 venisti,
1091 2410 1153 2438 navi
1170 2418 1204 2439 ne
1221 2418 1255 2438 an
1271 2410 1372 2446 pedes?
1387 2409 1490 2438 Lucius
1505 2409 1573 2437 dixit
1591 2419 1598 2437 :
1614 2409 1690 2445 Rogo
1708 2413 1748 2443 te,

963 2457 1037 2485 navi.
1052 2456 1201 2493 Imperator
1214 2457 1253 2484 ait
1266 2465 1272 2483 :
1289 2456 1361 2484 Deus
1375 2456 1469 2484 mundi
1482 2460 1511 2484 et
1524 2459 1644 2483 cometes
1655 2455 1707 2489 sol,
1719 2460 1747 2483 et

963 2570 1038 2598 Oct-re.
1055 2569 1140 2598 Paulo
1166 2573 1229 2605 post
1242 2569 1328 2603 idem,
1344 2568 1388 2601 δὸς
1408 2568 1470 2603 (sic)
1486 2567 1549 2599 τοὺς
1571 2565 1743 2602 “Αρειανούς.·

963 2605 1288 2676 ﬁ“(illisarisitgiuscodex.
1304 2639 1438 2676 ὲντυχεια.
1462 2637 1523 2676 Μοι
1538 2635 1702 2676 Reg._liasil.
1717 2640 1745 2662 et

963 2672 1051 2703 edi'tio'
1068 2672 1294 2707 Comnicliniana,
1320 2672 1396 2709 παρὰ
1410 2672 1557 2709 Ῠᾼουκίου.-
1568 2672 1657 2699 Editio
1679 2678 1746 2709 χει-θ

963 2710 1062 2751 tiaris"
1077 2704 1293 2751 παρὰιᾼούκιονλ
1308 2704 1388 2736 male.
1409 2707 1472 2736 Haec
1492 2706 1586 2735 confer
1601 2704 1743 2734 cum.Soz.

964 2746 1012 2773 lib.
1030 2753 1068 2779 vt,
1085 2753 1144 2780 cap.
1161 2745 1187 2772 5.

1001 2780 1057 2820 (tt)
1076 2778 1504 2820 βεδὲυε.οοάεξιρύφετνετξιηι
1535 2811 1559 2820 ..
1582 2810 1619 2820 π.
1644 2809 1704 2820 ..ηε

1014 2780 1057 2815 lt)
1078 2780 1290 2842 Regiuscodex,
1303 2780 1337 2820 σύ
1350 2785 1504 2820 perperam.
1553 2812 1559 2819 '
1698 2809 1704 2815 _

999 2780 1056 2886 ἐξ)
1076 2814 1113 2843 lla
1132 2813 1329 2850 iegius.Ediuo
1338 2813 1482 2848 Lommel;,
1498 2811 1569 2844 πεξι.
1582 2810 1630 2839 Ed.
1644 2809 1748 2843 Parim,

964 2859 998 2878 πε
