1977 3039
162 93 175 97 ’”
204 111 258 142 823
490 114 519 143 s.
538 104 727 145 A'iitAMsn
743 105 818 146 opp.
834 117 923 146 rans
943 117 964 145 ι.

1039 110 1222 165 ΠῘεΤΟΒΙΩᾼ
1241 121 1286 150 ET
1303 123 1512 155 DOGMA'I'ICA.
1766 129 1820 160 est

203 171 267 199 luna
276 171 309 200 iis
320 172 386 208 ipsis
396 179 556 202 succenseat
565 175 612 210 qui
627 179 716 203 tecum
731 176 906 212 navigarunt,
913 176 984 212 quod

1039 178 1144 212 Λοῦκιε,
1162 181 1177 208 ὁ
1192 181 1260 214 Θεὸς
1273 182 1320 211 τοῦ
1337 183 1450 221 κόσμου,
1471 187 1520 214 καὶ
1536 186 1664 224 κομεήτης-
1672 187 1729 224 (16)
1743 189 1820 225 ἥλιος

203 225 258 245 non
278 222 305 245 te
318 219 343 245 in
352 219 434 254 626
445 227 520 247 mare
533 219 709 255 abiecerunt:
725 227 752 250 et
767 223 844 250 navis
858 223 902 250 illa
915 231 987 250 nun-

202 271 284 298 quam
309 263 336 291 in
361 269 498 299 posterum
521 267 648 295 secundis
671 267 778 296 fruatur
799 268 888 297 ventis
908 276 916 295 :
936 275 986 296 nec

201 317 264 337 cum
285 309 386 344 jactata
404 310 535 339 ﬂuctibus
558 313 632 347 erit,
652 322 715 342 cum
734 314 925 350 navigantibus
951 314 985 342 ad

200 360 310 391 portum
325 356 452 392 appellat.

234 442 274 470 Ac
288 450 337 478 per
350 442 481 472 Euzoium
499 445 675 480 postularunt
688 454 704 474 a
716 445 844 476 Probatio
856 453 883 476 et
890 448 984 484 sociis,

160 495 164 498 '
199 487 247 523 qui
265 488 373 516 Eusebii
394 493 422 517 et
435 489 577 518 Bardionis
595 499 767 523 successores
786 498 874 525 erant,
896 501 984 522 eunu-

200 534 271 566 chis,
280 539 311 562 ut
321 535 583 565 commendationem
599 538 731 566 baberent
745 539 866 568 inﬁdeles
878 540 983 568 Ariani.

199 579 240 609 Re
259 581 386 617 cognita,
408 582 554 618 imperator
577 585 717 613 eunuchos
740 587 882 614 tormentis
900 587 985 622 appli-

198 634 265 655 cans
278 627 366 656 dixit:
380 627 442 657 Iizec
456 630 575 665 patiatur
585 631 711 666 quisquis
726 631 840 660 voluerit
850 632 984 661 Christia-

198 681 250 702 nos
266 673 382 702 deferre.
400 674 434 703 Et
448 676 488 704 sic
498 676 602 705 dimisit
616 685 663 705 eos
682 678 839 707 imperator.

1037 227 1083 254 καὶ
1100 227 1207 264 σελήνη,
1217 229 1356 268 ὀργισθείη
1373 232 1465 265 αὐτοῖς
1480 233 1594 267 ἐκείνοις
1612 235 1668 267 τοῖς
1685 235 1819 271 ἐμπλέου-

1037 282 1079 300 σιν
1164 283 1214 308 σοι,
1231 276 1271 304 ὅτι
1287 277 1338 304 οὐκ
1357 277 1473 315 ἐρῤιψάν
1489 287 1517 307 σε
1532 280 1573 312 είς
1590 280 1640 316 τὴν
1659 281 1796 310 θάλασσαν
1809 291 1818 299 ·

1036 320 1084 347 καὶ
1096 321 1113 357 ἡ
1126 320 1191 353 ναῦς
1205 321 1233 349 δὲ
1252 322 1342 358 ἐκείνη
1361 324 1398 360 μὴ
1419 324 1482 361 tam
1492 325 1533 358 εἰς
1545 325 1590 353 τὸν
1605 326 1713 354 ἅπαντα
1725 327 1819 364 χρόνον

1036 366 1184 402 εὐδρόμους
1199 368 1292 401 πνοὰς,
1310 370 1379 405 μήτε
1401 370 1584 407 χειμαζομένη
1604 372 1673 407 μετὰ
1692 373 1746 401 τῶν
1767 375 1819 410 ἐμι-

1035 412 1170 441 σιλεόντων
1184 414 1291 450 λιμένος
1308 416 1364 452 (17)
1380 416 1466 452 τύχοι.

1071 459 1126 487 Καὶ
1145 461 1180 488 δι’
1196 461 1317 494 Εὑζωῖου
1341 462 1460 498 ἠξίωσαν
1483 465 1546 497 τοὺς
1571 465 1636 501 περὶ
1658 465 1819 502 Προεάτιον,

1035 506 1098 539 τοὺς
1114 506 1252 542 διαδόχους
1266 508 1396 536 Εὐσεϐίου
1411 509 1458 537 καὶ
1475 510 1636 546 Βαρδῖωνος,
1652 512 1715 543 τοὺς
1728 511 1820 538 εὐνού-

1035 561 1111 588 χους,
1124 552 1162 585 ὡς
1184 553 1227 580 ἵνα
1243 554 1397 587 συστάσεως
1415 554 1533 590 τύχωσιν
1547 556 1572 583 oi
1586 555 1694 583 ἄπιστοι
1713 557 1820 593 ’Δρεια-

1036 597 1086 626 νοί.
1104 597 1161 625 Καὶ
1181 599 1262 633 γνοὺς
1276 599 1356 626 τοῦτο
1371 599 1508 635 βασιλεὺς,
1532 601 1579 629 καὶ
1600 602 1663 634 τοὺς
1676 602 1820 638 εὐνούχους

1036 643 1186 679 βασανίσας
1199 663 1206 677 ,
1229 642 1321 672 εἶπεν·
1346 646 1381 673 El
1395 655 1439 678 τις
1459 646 1580 683 ἐντυχεῖν
1602 647 1725 683 βούλεται
1748 648 1820 675 κατὰ

1035 689 1220 726 Χριστιανῶν,
1247 691 1360 719 τοιαῦτα
1384 691 1476 723 πάθοι.
1494 693 1550 725 Καὶ
1571 693 1657 726 οὕτως
1678 694 1783 730 ἀφῆκεν
1803 695 1821 722 ἁ

1034 736 1170 772 βασιλεύς.
1755 755 1758 758 ~

307 837 440 884 Eichﬂeg.
453 839 537 884 Basil.
552 845 592 884 (ιιι¹
601 840 684 884 editio
693 841 810 884 “Comm.
827 841 898 884 ﬁdit.
915 850 979 884 Verg
1032 850 1137 884 omnes,
1144 842 1267 884 εελῂνη.

196 873 283 902 Paris.
307 873 386 907 male,
402 876 555 911 κοσμήτης..
573 875 673 904 Ibidem
691 875 802 913 Regius,
818 878 907 913 μήνη..
926 878 980 908 Alii

1068 873 1136 914 (17)’
1144 873 1250 914 Begius'
1260 877 1356 912 codex,
1370 877 1451 915 τύχῃ.

523 1057 586 1101 ΙΝ
629 1055 891 1102 ΑΝΤΟΝἸΙ
931 1056 1121 1103 νΙΤΑΜ
1159 1056 1477 1105 ΜΟΝΙΤΗΜ.

994 1167 1025 1176 η.

227 1244 249 1272 I.
261 1243 371 1271 Antonii
391 1242 490 1274 Vitam,
503 1242 630 1270 eximium
641 1242 783 1270 Athanasii
794 1250 870 1278 opus,
887 1243 958 1270 haud
972 1243 1020 1270 diu
1034 1247 1094 1279 post
1107 1241 1342 1277 Ioviani-tempore
1354 1242 1453 1269 editam
1465 1241 1616 1277 opinamur,
1628 1251 1699 1270 anno
1710 1244 1818 1274 circiter-

190 1290 255 1323 365,
266 1297 317 1325 quo
329 1288 421 1316 sedata
433 1288 623 1323 persecutione,
638 1288 751 1315 inuictus
764 1287 828 1323 fidei
843 1288 976 1323 defensor,
987 1288 1015 1316 in
1028 1297 1092 1325 pace
1106 1288 1212 1316 demum
1223 1288 1395 1316 Alexandriw
1407 1289 1572 1317 morabatur.
1589 1289 1749 1326 Rogantibus
1763 1299 1814 1318 au-

191 1341 241 1364 tem
259 1334 443 1363 trammarinis
456 1333 603 1365 monac/tis,
620 1337 656 1364 et,
669 1338 697 1359 ut
710 1340 768 1360 vere
781 1333 885 1368 quidem
897 1333 1010 1366 videtur,
1030 1333 1253 1365 Occidentalibus.
1267 1341 1327 1361 eam
1340 1335 1506 1369 conscripsit,
1521 1340 1551 1362 ut
1567 1341 1680 1364 testatur
1695 1337 1750 1372 ipse
1765 1337 1818 1367 sub

189 1384 309 1412 initium.
325 1382 505 1418 Neque-porro
516 1381 676 1408 assentimur
689 1380 724 1408 iis
737 1380 793 1415 qui,
809 1380 890 1416 quod,
905 1380 978 1417 Πρὸς

1042 1389 1056 1413 ς
1072 1382 1102 1408 ὲν
1117 1382 1151 1417 τῇ
1170 1379 1233 1417 ξένῃ
1249 1381 1391 1417 μοναχούς,
1408 1387 1581 1418 nuncupatur,
1595 1384 1703 1411 missam
1718 1389 1815 1420 putant

190 1430 226 1457 ad
241 1429 382 1456 monachos
399 1427 553 1455 monasterii
566 1425 715 1462 cujusdam,
728 1426 771 1454 cui
787 1434 882 1454 nomen
904 1426 978 1454 Xene
993 1426 1087 1461 fuerit,
1105 1431 1153 1454 aut
1167 1427 1283 1462 regionis
1297 1427 1353 1462 ejus
1366 1428 1479 1455 nominis
1493 1429 1565 1456 circa
1579 1428 1689 1457 Scethen
1704 1438 1714 1458 :
1733 1438 1814 1466 quam

191 1484 243 1512 quo
260 1480 338 1512 pacto
351 1474 558 1502 transmarinam
572 1473 721 1500 existiment
736 1473 878 1502 nescimus.
895 1472 967 1500 Nam
983 1481 1135 1508 eoprorsus
1153 1473 1231 1501 modo
1250 1474 1292 1500 hic
1308 1474 1509 1510 intelligendum
1523 1476 1627 1504 videtur
1642 1477 1672 1504 ὲν
1685 1475 1748 1514 ξένῃ
1761 1485 1813 1512 quo

189 1533 283 1560 supra,
297 1533 324 1560 p.
335 1523 379 1556 99,
402 1523 472 1559 μετὰ
481 1522 532 1558 τὴν
544 1521 591 1548 ἐπὶ
605 1521 694 1557 ξένης.
708 1521 769 1548 ἀντὶ
781 1522 832 1558 τῆς
844 1521 957 1555 οἰκείας,
977 1530 984 1549 ι

1041 1521 1202 1559 Μρῤοτάτω
1221 1522 1373 1559 διατριϐήν.
1388 1522 1455 1552 Post
1473 1523 1568 1556 vitam,
1585 1523 1697 1556 scilicet,
1718 1523 1817 1556 relicta.

190 1571 290 1607 patria,
302 1571 330 1598 in
345 1574 474 1598 extranea
485 1568 598 1604 regione
616 1569 660 1605 (in
672 1568 770 1605 Gallia)
782 1576 894 1605 peregre
913 1574 984 1598 aetat

1039 1569 1074 1597 Et
1091 1578 1119 1605 p.
1133 1570 1195 1604 156,
1208 1571 1264 1599 Καὶ
1279 1571 1334 1607 γὰρ
1349 1571 1399 1607 τῆς
1414 1572 1461 1599 ἐπὶ
1478 1572 1558 1608 ξένης
1578 1572 1661 1599 αὐτοῦ
1673 1571 1817 1607 διατριϐῆς

187 1620 268 1656 ὑμεῖς
284 1618 445 1655 παραμυθία
455 1618 595 1653 γεγόνατε.
615 1616 672 1645 Vos
684 1617 757 1645 enim
773 1617 816 1645 illi
829 1618 857 1645 in
873 1622 984 1646 extrane

1039 1619 1126 1655 rgiono
1141 1619 1187 1654 (in
1202 1619 1290 1656 Italia)
1307 1618 1489 1648 commoranti
1508 1617 1689 1646 consolationi
1708 1616 1812 1644 fuistis.

186 1666 272 1702 Atque
285 1673 318 1693 ea:
329 1665 370 1692 Itis
387 1665 501 1700 fortasse
513 1663 578 1691 locis
591 1663 722 1699 suspicari
736 1663 829 1696 liceat,
836 1664 940 1691 nomine
953 1663 1044 1700 ξένης,
1055 1664 1170 1691 indicari
1183 1672 1369 1700 nonnunquam
1379 1664 1485 1700 proprie
1496 1663 1671 1692 occidentales
1683 1662 1811 1697 regiones,

186 1720 244 1742 tum
256 1717 325 1749 quod
339 1712 431 1748 procul
444 1715 552 1740 remoto:
562 1716 588 1739 et
600 1711 788 1739 transmarini:
799 1716 897 1743 essent.
909 1717 964 1739 tum
978 1712 1059 1739 etiam
1075 1712 1145 1747 quod
1158 1712 1262 1740 diversa
1273 1713 1309 1740 ibi
1322 1712 1412 1749 lingua
1424 1712 1560 1740 obtineret.
1572 1712 1649 1740 Certe
1659 1712 1687 1738 in
1699 1710 1812 1738 Italiam

185 1759 478 1790 Greece‘transmissam
489 1759 615 1794 oportuit,
627 1766 686 1786 cum
702 1758 739 1786 ibi
753 1766 812 1786 eam
825 1757 955 1794 Euagrius
962 1758 1056 1786 Latine
1073 1759 1252 1792 transtulerit,
1271 1764 1300 1786 ut
1316 1760 1387 1795 infra
1403 1760 1516 1787 dicimus
1527 1767 1537 1786 :
1550 1767 1596 1786 nec
1610 1758 1708 1786 mirum
1722 1755 1812 1785 Grtece

183 1810 312 1844 scriptam
333 1808 405 1836 mitti
423 1808 459 1835 ad
479 1807 600 1839 Latinos,
623 1806 669 1832 ubi
695 1806 729 1833 iis
750 1806 908 1841 temporibus
931 1806 1021 1834 Grece
1037 1807 1217 1842 intelligebant
1236 1807 1356 1843 plurimi.
1376 1807 1454 1836 Certe
1467 1807 1650 1836 Occidentales
1666 1805 1813 1841 intelligere

184 1856 290 1883 omnino
304 1855 408 1882 videtur
423 1853 597 1884 Athanasius,
611 1859 671 1878 cum
684 1852 837 1887 gratulatur
853 1851 886 1879 de
903 1852 1093 1888 propagatione
1109 1853 1332 1880 monasteriorum
1345 1858 1370 1881 et
1387 1854 1576 1882 monachorum
1593 1861 1603 1880 :
1620 1853 1677 1880 Καὶ
1694 1852 1748 1887 γὰρ
1764 1852 1811 1878 καὶ

184 1902 251 1938 παρ’
263 1902 327 1937 ὑμῖν
341 1901 434 1928 λοιπὺν
448 1901 625 1937 μοναστήρια,
643 1899 693 1926 καὶ
702 1899 734 1927 τὸ
748 1900 802 1927 τῶν
816 1900 940 1936 μοναχῶν
951 1900 984 1928 liv

1058 1900 1237 1928 πολιτεύεται.
1252 1900 1321 1929 Nam
1343 1901 1413 1936 apud
1429 1909 1479 1930 vos
1498 1909 1607 1937 quoque
1626 1901 1683 1937 jam
1699 1901 1811 1928 demum

184 1953 248 1976 sunt
265 1947 442 1979 monasteria,
460 1951 488 1974 et
507 1946 705 1973 monachorum
727 1952 826 1972 nomen
850 1945 1014 1973 celebratur.
1029 1945 1107 1979 Quod
1128 1947 1173 1975 vix
1191 1946 1225 1973 ad
1241 1945 1333 1982 Syros,
1349 1946 1461 1980 Cilicas,
1471 1944 1518 1975 ’πει
1536 1939 1604 1975 alios
1617 1947 1810 1975 transmarinos

182 2003 263 2023 auum
275 1994 458 2023 Occidentales
475 1994 576 2021 dictum
588 1993 721 2020 credatur.
738 1992 867 2021 Nostram
885 1998 976 2021 tamen.
994 1994 1172 2028 conjecturam
1185 1995 1323 2029 prudentis
1339 1995 1444 2023 lectoris
1458 1994 1560 2030 judicio
1570 1993 1758 2028 permittimus.

218 2041 252 2069 ll.
268 2041 333 2069 Haec
348 2039 437 2069 Graece
451 2042 567 2076 primum
590 2040 698 2076 vulgata
722 2041 773 2076 fuit
795 2049 869 2068 anno,
886 2041 966 2074 1611,
984 2047 1094 2069 curante
1110 2041 1209 2069 Davide
1233 2041 1393 2075 Haschelio,
1407 2043 1572 2078 Augustam),
1583 2041 1629 2077 qui
1641 2048 1699 2067 eam
1713 2039 1810 2070 Latine

183 2088 298 2116 reddidit
308 2092 334 2115 et
346 2088 416 2114 notis
429 2087 589 2119 illustravit,
599 2086 669 2113 unde
686 2094 744 2113 eam
758 2087 874 2114 mutuati
887 2092 949 2115 sunt
961 2085 1125 2115 Parisiensei
1139 2088 1261 2116 editores.
1274 2088 1307 2116 At
1321 2097 1380 2117 cum
1395 2089 1496 2117 codices
1510 2089 1604 2123 quibus
1617 2092 1654 2115 est
1669 2094 1733 2114 usus
1747 2085 1812 2113 Ηωη

183 2136 297 2165 scltelius
313 2136 415 2163 mendis
428 2143 492 2171 pene
504 2135 617 2169 inﬁnitis
629 2136 751 2169 respersi,
764 2140 789 2162 et
800 2143 987 2171 nonnunquam
999 2136 1087 2165 mutili
1102 2136 1212 2171 fuerint,
1223 2137 1405 2172 imperfectam
1419 2138 1525 2165 Omnino
1537 2127 1619 2165 Edidit
1630 2145 1639 2164 :
1651 2137 1697 2172 qui
1707 2135 1810 2164 si.Eua-~

181 2184 236 2219 grii
250 2184 394 2210 versionem
409 2182 593 2215 consuluisset,
607 2181 692 2209 multa
707 2182 766 2209 loca
783 2183 920 2210 restituere
934 2183 1073 2218 potuisset,
1085 2183 1172 2210 multa
1188 2191 1358 2219 perpurgare.
1376 2183 1464 2212 Licuit
1482 2189 1549 2211 certe
1562 2183 1637 2211 nobis
1653 2190 1699 2218 per
1712 2189 1809 2208 manu.-

181 2230 341 2265 scriptorum
353 2229 457 2264 copiam
468 2234 494 2256 et
508 2230 701 2264 prastantiam,
715 2230 894 2258 emaculatam
913 2231 1029 2267 vulgare.
1051 2231 1135 2266 Atque
1154 2231 1264 2268 Evagrii
1273 2233 1417 2260 versionem
1436 2241 1490 2260 una
1510 2231 1656 2259 cudendam
1670 2230 1807 2258 duximus.

181 2286 244 2314 qua!
256 2278 356 2305 scilicet
367 2282 456 2313 utpote
470 2277 570 2306 Grecis
581 2279 728 2306 Athanasii
738 2284 816 2307 (etate
834 2288 942 2316 suppar,
961 2280 1098 2316 permagni
1115 2285 1155 2308 est
1176 2281 1211 2308 ad
1233 2280 1328 2308 Graeca
1344 2278 1520 2307 restauranda
1540 2277 1730 2313 asserendaque
1751 2284 1809 2303 nio-

180 2325 274 2352 menti.
286 2324 353 2351 Eam
368 2324 459 2351 itidem
473 2333 533 2352 cum
549 2326 790 2361 manuscriptorum
802 2331 828 2354 et
838 2327 943 2362 quidem
956 2328 1209 2363 antiquissimorum,
1222 2334 1276 2355 tum
1288 2332 1403 2355 veterum
1415 2327 1546 2354 editorum
1556 2335 1603 2362 ope
1613 2327 1676 2361 ﬁdei
1686 2327 1808 2362 pristina

155 2382 157 2386 τ
181 2371 321 2398 restituere
336 2370 425 2397 conati
439 2378 539 2398 sumus.
559 2369 640 2398 Edita
650 2371 699 2398 illa
714 2372 767 2406 fuit
789 2373 836 2399 sub
851 2373 916 2408 ipsis
934 2372 1113 2408 typograp/tite
1134 2373 1302 2403 incunabulis
1319 2382 1335 2400 a
1350 2372 1512 2405 Mombritio,
1528 2380 1559 2399 ac
1576 2373 1670 2400 deinde
1686 2371 1808 2399 omnibus

155 2445 158 2448 _
180 2424 244 2452 pene
259 2416 329 2443 cusis
348 2415 413 2443 Vitae
432 2419 589 2444 sanctorum
603 2416 802 2445 collectionibus
823 2418 934 2452 inserta,
949 2420 1099 2447 accuratius
1118 2419 1224 2446 demum
1242 2427 1258 2446 a
1277 2418 1423 2459 Rosweido,
1438 2422 1462 2445 et
1476 2422 1565 2454 postea
1580 2426 1596 2445 a
1611 2417 1741 2445 Bollando
1758 2426 1809 2453 pu-

182 2463 282 2491 blicata
298 2467 349 2490 est.
788 2462 791 2466 ’
1623 2495 1635 2505 ν

216 2511 258 2539 Ill.
271 2511 337 2539 Esse
352 2515 441 2538 autem
458 2519 612 2547 germanum
630 2511 772 2539 Athanasii
793 2512 875 2546 fetum
891 2511 966 2539 nulla
984 2516 1026 2539 est
1039 2511 1179 2539 dubitandi
1197 2520 1288 2545 causa,
1300 2520 1346 2540 nec
1357 2516 1424 2539 esset
1439 2511 1508 2546 quod
1519 2511 1546 2538 in
1558 2519 1588 2537 eo
1600 2510 1735 2545 probando
1747 2509 1807 2537 diu-

181 2558 233 2585 tius
245 2558 458 2589 immoraremur,
470 2557 523 2584 nisi
536 2561 698 2584 novatorunv
708 2557 845 2584 conatibus
860 2556 1039 2584 obsistendum
1054 2557 1132 2592 foret,
1150 2557 1196 2592 qui
1213 2558 1241 2584 id
1259 2557 1428 2590 contendunt,
1444 2557 1471 2584 id
1487 2562 1618 2592 pugnant,
1629 2563 1658 2585 ut
1677 2566 1742 2593 opus
1759 2558 1807 2584 Imc

179 2607 312 2641 egregium
325 2606 471 2633 Athanasio
481 2605 631 2640 abjudicent
643 2612 653 2631 :
666 2605 721 2632 imo
736 2605 764 2631 in
775 2605 833 2639 ejus
855 2609 990 2632 auctorem
1001 2605 1092 2641 gravia
1105 2605 1242 2640 proferunt
1255 2605 1407 2637 maledicta,
1420 2603 1551 2631 insulsum
1562 2603 1663 2631 scilicet
1676 2603 1806 2630 hominem

179 2657 312 2686 vocantes,
329 2652 440 2687 insignis
455 2652 595 2683 mendacii,
613 2652 727 2687 insignis
754 2651 834 2678 scorti
851 2654 996 2678 auctorem.
1010 2650 1155 2684 Nimirum,
1165 2651 1273 2686 facilius
1282 2651 1365 2678 multo
1381 2651 1446 2686 ipsis
1460 2655 1499 2677 est
1514 2651 1638 2678 conuiciis
1655 2658 1806 2685 oppugnare

179 2704 259 2730 quant
270 2697 441 2732 argumentis.
454 2696 479 2724 F
481 2697 559 2724 utilia
571 2705 681 2733 prorsus
694 2702 754 2725 sunt
769 2704 827 2732 quae
838 2696 963 2724 hactenus
981 2697 1112 2725 immisere
1125 2697 1188 2730 tela,
1206 2705 1237 2723 ac
1252 2696 1312 2723 licet
1327 2696 1434 2731 jamdiu
1450 2696 1547 2731 fracta,
1559 2696 1666 2731 jamdiu
1678 2701 1805 2731 quassata

180 2742 290 2775 fuerint,
305 2751 358 2770 non
370 2749 471 2771 cessant
489 2745 518 2771 in
532 2745 587 2772 dies
602 2754 634 2773 ra
648 2747 705 2782 ipsa
718 2751 893 2780 contorquere.
912 2743 978 2776 Quae
988 2744 1071 2772 denuo
1084 2742 1210 2779 depellere
1222 2750 1272 2769 non
1283 2742 1393 2777 pigebit,
1404 2749 1463 2768 cum
1478 2745 1592 2768 veterum
1606 2740 1719 2768 Patrum
1731 2741 1804 2767 testi-

180 2790 270 2816 monia
288 2789 466 2818 attulerimus.

192 2835 242 2862 ’κίε
255 2836 339 2867 Amne
353 2840 381 2862 ιιι
393 2836 497 2863 Milium
520 2839 552 2866 ab
573 2839 636 2875 ipso
646 2840 794 2868 Athanasio
813 2840 938 2874 ducatur,
952 2840 984 2867 ait

1039 2843 1120 2867 [nctus
1137 2839 1230 2866 doctor
1242 2837 1378 2872 infra,6u
1399 2836 1428 2864 δὲ
1441 2836 1585 2873 ἀπεδήμει,
1602 2836 1649 2863 καὶ
1665 2833 1803 2871 προεπέμ-
