  <div class='ocr_page' id='page_1' title='image "/cluster/home/n/w/nwhite01/storage/ocr_20150623/26/njp.32101077772521/418.png"; bbox 0 0 1977 3039; ppageno 0'>
   <div class='ocr_carea' id='block_1_1' title="bbox 125 108 1742 163">
    <p class='ocr_par' dir='ltr' id='par_1_1' title="bbox 125 108 1742 163">
     <span class='ocr_line' id='line_1_1' title="bbox 125 108 1742 163; baseline 0.001 -7"><span class='ocrx_word' id='word_1_1' title='bbox 125 132 179 163; x_wconf 62' lang='lat'><strong>3:5</strong></span> <span class='ocrx_word' id='word_1_2' title='bbox 657 128 738 157; x_wconf 80' lang='lat' dir='ltr'><strong>VITA</strong></span> <span class='ocrx_word' id='word_1_3' title='bbox 759 129 788 158; x_wconf 86' lang='lat' dir='ltr'><strong>S.</strong></span> <span class='ocrx_word' id='word_1_4' title='bbox 809 128 959 158; x_wconf 74' lang='lat' dir='ltr'><strong>ANTONII.</strong></span> <span class='ocrx_word' id='word_1_5' title='bbox 971 145 1006 149; x_wconf 94' lang='lat'><strong><em>—</em></strong></span> <span class='ocrx_word' id='word_1_6' title='bbox 1017 128 1189 159; x_wconf 76' lang='lat' dir='ltr'><strong>MONITUM.</strong></span> <span class='ocrx_word' id='word_1_7' title='bbox 1338 108 1368 116; x_wconf 31' lang='grc' dir='ltr'><strong>ἢ.</strong></span> <span class='ocrx_word' id='word_1_8' title='bbox 1689 129 1742 158; x_wconf 63' lang='grc'><strong>886</strong></span> 
     </span>
    </p>
   </div>
   <div class='ocr_carea' id='block_1_2' title="bbox 126 186 1744 229">
    <p class='ocr_par' dir='ltr' id='par_1_2' title="bbox 126 186 1744 229">
     <span class='ocr_line' id='line_1_2' title="bbox 126 186 1744 229; baseline -0.002 -10"><span class='ocrx_word' id='word_1_9' title='bbox 126 201 213 229; x_wconf 78' lang='grc' dir='ltr'>πομεν</span> <span class='ocrx_word' id='word_1_10' title='bbox 224 190 316 223; x_wconf 73' lang='grc' dir='ltr'>αὑτὸν,</span> <span class='ocrx_word' id='word_1_11' title='bbox 326 190 363 222; x_wconf 78' lang='grc' dir='ltr'><strong>ὡς</strong></span> <span class='ocrx_word' id='word_1_12' title='bbox 376 188 534 224; x_wconf 73' lang='grc' dir='ltr'><strong>ἐφθάσαμεν</strong></span> <span class='ocrx_word' id='word_1_13' title='bbox 548 188 588 221; x_wconf 76' lang='grc' dir='ltr'><strong>εἰς</strong></span> <span class='ocrx_word' id='word_1_14' title='bbox 598 188 647 225; x_wconf 83' lang='grc' dir='ltr'><strong>τὴν</strong></span> <span class='ocrx_word' id='word_1_15' title='bbox 654 188 751 224; x_wconf 86' lang='grc' dir='ltr'><strong>πύλην,</strong></span> <span class='ocrx_word' id='word_1_16' title='bbox 767 188 878 215; x_wconf 77' lang='grc' dir='ltr'>ὁπισθέν</span> <span class='ocrx_word' id='word_1_17' title='bbox 892 197 932 221; x_wconf 83' lang='grc' dir='ltr'>τις</span> <span class='ocrx_word' id='word_1_18' title='bbox 943 188 1008 216; x_wconf 71' lang='grc' dir='ltr'>ισάα</span> <span class='ocrx_word' id='word_1_19' title='bbox 1021 189 1099 225; x_wconf 84' lang='grc' dir='ltr'>γυνή·</span> <span class='ocrx_word' id='word_1_20' title='bbox 1111 198 1120 215; x_wconf 74' lang='grc' dir='ltr'><strong>ι</strong></span> <span class='ocrx_word' id='word_1_21' title='bbox 1131 189 1241 222; x_wconf 79' lang='grc' dir='ltr'><strong>Μεῖνον,</strong></span> <span class='ocrx_word' id='word_1_22' title='bbox 1249 187 1375 224; x_wconf 77' lang='grc' dir='ltr'><strong>ἄνθρωπε</strong></span> <span class='ocrx_word' id='word_1_23' title='bbox 1386 187 1433 214; x_wconf 83' lang='grc' dir='ltr'>τοῦ</span> <span class='ocrx_word' id='word_1_24' title='bbox 1442 186 1520 221; x_wconf 74' lang='grc' dir='ltr'>Θεοῦ,</span> <span class='ocrx_word' id='word_1_25' title='bbox 1531 186 1678 224; x_wconf 80' lang='grc' dir='ltr'><strong>ήθυγάτηρ</strong></span> <span class='ocrx_word' id='word_1_26' title='bbox 1690 196 1744 224; x_wconf 84' lang='grc' dir='ltr'><strong>μου</strong></span> 
     </span>
    </p>
   </div>
   <div class='ocr_carea' id='block_1_3' title="bbox 125 233 1744 272">
    <p class='ocr_par' dir='ltr' id='par_1_3' title="bbox 125 233 1744 272">
     <span class='ocr_line' id='line_1_3' title="bbox 125 233 1744 272; baseline -0.002 -6"><span class='ocrx_word' id='word_1_27' title='bbox 125 239 220 271; x_wconf 81' lang='grc' dir='ltr'>δεινῶς</span> <span class='ocrx_word' id='word_1_28' title='bbox 232 238 284 265; x_wconf 72' lang='grc' dir='ltr'><strong>ὑπὸ</strong></span> <span class='ocrx_word' id='word_1_29' title='bbox 298 236 344 264; x_wconf 76' lang='grc' dir='ltr'><strong>τοῦ</strong></span> <span class='ocrx_word' id='word_1_30' title='bbox 359 236 484 270; x_wconf 78' lang='grc' dir='ltr'>δαίμονος</span> <span class='ocrx_word' id='word_1_31' title='bbox 498 235 645 272; x_wconf 79' lang='grc' dir='ltr'><strong>ἐνοχλεῖται</strong></span> <span class='ocrx_word' id='word_1_32' title='bbox 658 244 665 251; x_wconf 88' lang='grc'>·</span> <span class='ocrx_word' id='word_1_33' title='bbox 685 237 786 272; x_wconf 83' lang='grc' dir='ltr'><strong>μεῖνον,</strong></span> <span class='ocrx_word' id='word_1_34' title='bbox 811 235 970 271; x_wconf 79' lang='grc' dir='ltr'>παρακαλῶ,</span> <span class='ocrx_word' id='word_1_35' title='bbox 984 236 1021 272; x_wconf 82' lang='grc' dir='ltr'>μὴ</span> <span class='ocrx_word' id='word_1_36' title='bbox 1040 235 1117 271; x_wconf 74' lang='grc' dir='ltr'>κάγὼ</span> <span class='ocrx_word' id='word_1_37' title='bbox 1131 236 1293 264; x_wconf 79' lang='grc' dir='ltr'><strong>κινδυνεύσω</strong></span> <span class='ocrx_word' id='word_1_38' title='bbox 1313 235 1458 272; x_wconf 70' lang='grc' dir='ltr'>νρέχουσα.</span> <span class='ocrx_word' id='word_1_39' title='bbox 1475 246 1485 262; x_wconf 78' lang='grc' dir='ltr'><strong>ι</strong></span> <span class='ocrx_word' id='word_1_40' title='bbox 1509 233 1576 264; x_wconf 82' lang='grc' dir='ltr'><strong>Εἶτα.</strong></span> <span class='ocrx_word' id='word_1_41' title='bbox 1593 235 1714 268; x_wconf 80' lang='grc' dir='ltr'>ἀκούσας</span> <span class='ocrx_word' id='word_1_42' title='bbox 1729 237 1744 263; x_wconf 83' lang='grc'>6</span> 
     </span>
    </p>
   </div>
   <div class='ocr_carea' id='block_1_4' title="bbox 125 277 905 321">
    <p class='ocr_par' dir='ltr' id='par_1_4' title="bbox 125 281 905 321">
     <span class='ocr_line' id='line_1_4' title="bbox 125 281 905 321; baseline -0.001 -10"><span class='ocrx_word' id='word_1_43' title='bbox 125 285 226 321; x_wconf 75' lang='grc' dir='ltr'>γέρων,</span> <span class='ocrx_word' id='word_1_44' title='bbox 243 284 288 310; x_wconf 78' lang='grc' dir='ltr'>καὶ</span> <span class='ocrx_word' id='word_1_45' title='bbox 302 281 427 315; x_wconf 73' lang='grc' dir='ltr'>ἀξιωθεὶς</span> <span class='ocrx_word' id='word_1_46' title='bbox 440 281 505 318; x_wconf 71' lang='grc' dir='ltr'>παρ’</span> <span class='ocrx_word' id='word_1_47' title='bbox 519 281 606 317; x_wconf 78' lang='grc' dir='ltr'>ἡμῶν,</span> <span class='ocrx_word' id='word_1_48' title='bbox 623 281 707 308; x_wconf 84' lang='grc' dir='ltr'>θέλων</span> <span class='ocrx_word' id='word_1_49' title='bbox 721 281 836 317; x_wconf 75' lang='grc' dir='ltr'><strong>ἔμεινεν,</strong></span> <span class='ocrx_word' id='word_1_50' title='bbox 854 287 905 310; x_wconf 90' lang='lat' dir='ltr'><strong>etc.</strong></span> 
     </span>
    </p>
   </div>
   <div class='ocr_carea' id='block_1_5' title="bbox 963 277 1743 321">
    <p class='ocr_par' dir='ltr' id='par_1_5' title="bbox 963 277 1743 318">
     <span class='ocr_line' id='line_1_5' title="bbox 963 277 1743 318; baseline 0.003 -9"><span class='ocrx_word' id='word_1_51' title='bbox 963 290 988 309; x_wconf 95' lang='lat' dir='ltr'><strong>m</strong></span> <span class='ocrx_word' id='word_1_52' title='bbox 999 286 1090 310; x_wconf 81' lang='lat' dir='ltr'><strong>autem</strong></span> <span class='ocrx_word' id='word_1_53' title='bbox 1104 281 1255 311; x_wconf 84' lang='lat' dir='ltr'><strong>discederet</strong></span> <span class='ocrx_word' id='word_1_54' title='bbox 1273 281 1457 318; x_wconf 79' lang='lat' dir='ltr'><strong>(Alexandria)</strong></span> <span class='ocrx_word' id='word_1_55' title='bbox 1473 277 1578 317; x_wconf 84' lang='lat' dir='ltr'><strong>nosque</strong></span> <span class='ocrx_word' id='word_1_56' title='bbox 1601 282 1677 310; x_wconf 93' lang='lat' dir='ltr'><strong>illum</strong></span> <span class='ocrx_word' id='word_1_57' title='bbox 1693 283 1743 311; x_wconf 91' lang='lat' dir='ltr'><strong>ho-</strong></span> 
     </span>
    </p>
   </div>
   <div class='ocr_carea' id='block_1_6' title="bbox 126 328 1744 364">
    <p class='ocr_par' dir='ltr' id='par_1_6' title="bbox 126 328 1744 364">
     <span class='ocr_line' id='line_1_6' title="bbox 126 328 1744 364; baseline -0.002 -5"><span class='ocrx_word' id='word_1_58' title='bbox 126 332 203 360; x_wconf 86' lang='lat' dir='ltr'><strong>noris</strong></span> <span class='ocrx_word' id='word_1_59' title='bbox 213 338 295 359; x_wconf 86' lang='lat' dir='ltr'><strong>causa</strong></span> <span class='ocrx_word' id='word_1_60' title='bbox 310 330 514 362; x_wconf 83' lang='lat' dir='ltr'><strong>comitaremur,</strong></span> <span class='ocrx_word' id='word_1_61' title='bbox 532 329 576 356; x_wconf 91' lang='lat' dir='ltr'><strong>ubi</strong></span> <span class='ocrx_word' id='word_1_62' title='bbox 588 328 622 356; x_wconf 89' lang='lat' dir='ltr'><strong>ad</strong></span> <span class='ocrx_word' id='word_1_63' title='bbox 635 334 742 364; x_wconf 87' lang='lat' dir='ltr'><strong>portam</strong></span> <span class='ocrx_word' id='word_1_64' title='bbox 760 329 945 364; x_wconf 85' lang='lat' dir='ltr'><strong>pervenimus,</strong></span> <span class='ocrx_word' id='word_1_65' title='bbox 963 335 1036 357; x_wconf 89' lang='lat' dir='ltr'><strong>retro</strong></span> <span class='ocrx_word' id='word_1_66' title='bbox 1056 329 1153 357; x_wconf 85' lang='lat' dir='ltr'><strong>mulier</strong></span> <span class='ocrx_word' id='word_1_67' title='bbox 1176 329 1334 357; x_wconf 85' lang='lat' dir='ltr'><strong>clamabat:</strong></span> <span class='ocrx_word' id='word_1_68' title='bbox 1353 339 1362 355; x_wconf 78' lang='grc' dir='ltr'><strong>ι</strong></span> <span class='ocrx_word' id='word_1_69' title='bbox 1378 328 1496 362; x_wconf 85' lang='lat' dir='ltr'><strong>Maneto,</strong></span> <span class='ocrx_word' id='word_1_70' title='bbox 1519 328 1601 356; x_wconf 88' lang='lat' dir='ltr'><strong>homo</strong></span> <span class='ocrx_word' id='word_1_71' title='bbox 1614 328 1672 364; x_wconf 89' lang='lat' dir='ltr'><strong>Dei,</strong></span> <span class='ocrx_word' id='word_1_72' title='bbox 1689 329 1744 357; x_wconf 81' lang='lat' dir='ltr'><strong>ﬁlia</strong></span> 
     </span>
    </p>
   </div>
   <div class='ocr_carea' id='block_1_7' title="bbox 125 373 1744 412">
    <p class='ocr_par' dir='ltr' id='par_1_7' title="bbox 125 373 1744 412">
     <span class='ocr_line' id='line_1_7' title="bbox 125 373 1744 412; baseline -0.001 -7"><span class='ocrx_word' id='word_1_73' title='bbox 125 385 187 405; x_wconf 86' lang='lat' dir='ltr'><strong>mea</strong></span> <span class='ocrx_word' id='word_1_74' title='bbox 200 376 317 412; x_wconf 86' lang='lat' dir='ltr'><strong>graviter</strong></span> <span class='ocrx_word' id='word_1_75' title='bbox 328 383 344 403; x_wconf 86' lang='lat' dir='ltr'><strong>a</strong></span> <span class='ocrx_word' id='word_1_76' title='bbox 355 375 476 402; x_wconf 69' lang='lat' dir='ltr'><strong>daemone</strong></span> <span class='ocrx_word' id='word_1_77' title='bbox 491 380 621 401; x_wconf 84' lang='lat' dir='ltr'><strong>vexatur:</strong></span> <span class='ocrx_word' id='word_1_78' title='bbox 636 378 754 406; x_wconf 86' lang='lat' dir='ltr'><strong>maneto,</strong></span> <span class='ocrx_word' id='word_1_79' title='bbox 772 380 874 409; x_wconf 62' lang='lat' dir='ltr'><strong>quaeso,</strong></span> <span class='ocrx_word' id='word_1_80' title='bbox 890 381 924 402; x_wconf 89' lang='lat' dir='ltr'><strong>ne</strong></span> <span class='ocrx_word' id='word_1_81' title='bbox 936 373 1001 400; x_wconf 91' lang='lat' dir='ltr'><strong>mihi</strong></span> <span class='ocrx_word' id='word_1_82' title='bbox 1013 381 1121 409; x_wconf 87' lang='lat' dir='ltr'><strong>quoque</strong></span> <span class='ocrx_word' id='word_1_83' title='bbox 1128 373 1246 401; x_wconf 87' lang='lat' dir='ltr'><strong>currenti</strong></span> <span class='ocrx_word' id='word_1_84' title='bbox 1258 373 1293 401; x_wconf 91' lang='lat' dir='ltr'><strong>sit</strong></span> <span class='ocrx_word' id='word_1_85' title='bbox 1307 374 1467 409; x_wconf 86' lang='lat' dir='ltr'><strong>periculum.</strong></span> <span class='ocrx_word' id='word_1_86' title='bbox 1485 384 1495 400; x_wconf 71' lang='grc' dir='ltr'><strong>ι</strong></span> <span class='ocrx_word' id='word_1_87' title='bbox 1515 374 1585 402; x_wconf 87' lang='lat' dir='ltr'><strong>Tum</strong></span> <span class='ocrx_word' id='word_1_88' title='bbox 1603 375 1647 402; x_wconf 85' lang='lat' dir='ltr'><strong>his</strong></span> <span class='ocrx_word' id='word_1_89' title='bbox 1660 383 1744 403; x_wconf 90' lang='lat' dir='ltr'><strong>senex</strong></span> 
     </span>
    </p>
   </div>
   <div class='ocr_carea' id='block_1_8' title="bbox 125 420 1747 458">
    <p class='ocr_par' dir='ltr' id='par_1_8' title="bbox 125 420 1747 458">
     <span class='ocr_line' id='line_1_8' title="bbox 125 420 1747 458; baseline -0.002 -6"><span class='ocrx_word' id='word_1_90' title='bbox 125 424 235 456; x_wconf 83' lang='lat' dir='ltr'><strong>auditis.</strong></span> <span class='ocrx_word' id='word_1_91' title='bbox 253 423 386 458; x_wconf 85' lang='lat' dir='ltr'><strong>nobisque</strong></span> <span class='ocrx_word' id='word_1_92' title='bbox 405 421 564 457; x_wconf 68' lang='lat' dir='ltr'><strong>rogantibus</strong></span> <span class='ocrx_word' id='word_1_93' title='bbox 579 421 666 449; x_wconf 88' lang='lat' dir='ltr'><strong>libens</strong></span> <span class='ocrx_word' id='word_1_94' title='bbox 676 421 808 449; x_wconf 85' lang='lat' dir='ltr'><strong>substitit.</strong></span> <span class='ocrx_word' id='word_1_95' title='bbox 824 420 874 449; x_wconf 87' lang='lat' dir='ltr'><strong>Ubi</strong></span> <span class='ocrx_word' id='word_1_96' title='bbox 888 421 997 455; x_wconf 86' lang='lat' dir='ltr'><strong>planum</strong></span> <span class='ocrx_word' id='word_1_97' title='bbox 1015 426 1053 448; x_wconf 87' lang='lat' dir='ltr'><strong>est</strong></span> <span class='ocrx_word' id='word_1_98' title='bbox 1070 422 1157 455; x_wconf 89' lang='lat' dir='ltr'><strong>ipsum</strong></span> <span class='ocrx_word' id='word_1_99' title='bbox 1170 420 1343 448; x_wconf 72' lang='lat' dir='ltr'><strong>Athanasium</strong></span> <span class='ocrx_word' id='word_1_100' title='bbox 1363 420 1442 456; x_wconf 88' lang='lat' dir='ltr'><strong>hujus</strong></span> <span class='ocrx_word' id='word_1_101' title='bbox 1458 421 1527 449; x_wconf 59' lang='lat' dir='ltr'><strong>Vitae</strong></span> <span class='ocrx_word' id='word_1_102' title='bbox 1545 421 1700 454; x_wconf 85' lang='lat' dir='ltr'><strong>scriptorem</strong></span> <span class='ocrx_word' id='word_1_103' title='bbox 1713 422 1747 449; x_wconf 87' lang='lat' dir='ltr'><strong>de</strong></span> 
     </span>
    </p>
   </div>
   <div class='ocr_carea' id='block_1_9' title="bbox 124 466 1772 505">
    <p class='ocr_par' dir='ltr' id='par_1_9' title="bbox 124 466 1772 505">
     <span class='ocr_line' id='line_1_9' title="bbox 124 466 1772 505; baseline -0.001 -8"><span class='ocrx_word' id='word_1_104' title='bbox 124 479 152 497; x_wconf 89' lang='lat' dir='ltr'><strong>se</strong></span> <span class='ocrx_word' id='word_1_105' title='bbox 167 470 249 505; x_wconf 90' lang='lat' dir='ltr'><strong>loqui.</strong></span> <span class='ocrx_word' id='word_1_106' title='bbox 267 468 357 504; x_wconf 82' lang='lat' dir='ltr'><strong>Neque</strong></span> <span class='ocrx_word' id='word_1_107' title='bbox 373 476 432 495; x_wconf 85' lang='lat' dir='ltr'><strong>vero</strong></span> <span class='ocrx_word' id='word_1_108' title='bbox 445 472 484 495; x_wconf 87' lang='lat' dir='ltr'><strong>est</strong></span> <span class='ocrx_word' id='word_1_109' title='bbox 497 467 566 502; x_wconf 89' lang='lat' dir='ltr'><strong>quod</strong></span> <span class='ocrx_word' id='word_1_110' title='bbox 577 467 693 499; x_wconf 76' lang='lat' dir='ltr'><strong>dicatur,</strong></span> <span class='ocrx_word' id='word_1_111' title='bbox 705 466 789 493; x_wconf 87' lang='lat' dir='ltr'><strong>alium</strong></span> <span class='ocrx_word' id='word_1_112' title='bbox 802 474 856 494; x_wconf 85' lang='lat' dir='ltr'><strong>esse</strong></span> <span class='ocrx_word' id='word_1_113' title='bbox 873 466 918 501; x_wconf 88' lang='lat' dir='ltr'><strong>qui</strong></span> <span class='ocrx_word' id='word_1_114' title='bbox 931 466 1025 501; x_wconf 77' lang='lat' dir='ltr'><strong>fraude</strong></span> <span class='ocrx_word' id='word_1_115' title='bbox 1040 466 1168 502; x_wconf 87' lang='lat' dir='ltr'><strong>quadam,</strong></span> <span class='ocrx_word' id='word_1_116' title='bbox 1179 466 1318 493; x_wconf 71' lang='lat' dir='ltr'><strong>Athanasii</strong></span> <span class='ocrx_word' id='word_1_117' title='bbox 1328 475 1467 502; x_wconf 73' lang='lat' dir='ltr'><strong>personam</strong></span> <span class='ocrx_word' id='word_1_118' title='bbox 1475 475 1530 502; x_wconf 69' lang='lat' dir='ltr'><strong>prie</strong></span> <span class='ocrx_word' id='word_1_119' title='bbox 1542 477 1570 495; x_wconf 88' lang='lat' dir='ltr'><strong>se</strong></span> <span class='ocrx_word' id='word_1_120' title='bbox 1580 468 1658 503; x_wconf 84' lang='lat' dir='ltr'><strong>ferat.</strong></span> <span class='ocrx_word' id='word_1_121' title='bbox 1672 467 1744 496; x_wconf 87' lang='lat' dir='ltr'><strong>Nam</strong></span> <span class='ocrx_word' id='word_1_122' title='bbox 1764 478 1772 486; x_wconf 89' lang='grc'><strong>·</strong></span> 
     </span>
    </p>
   </div>
   <div class='ocr_carea' id='block_1_10' title="bbox 125 507 1746 552">
    <p class='ocr_par' dir='ltr' id='par_1_10' title="bbox 125 507 1746 552">
     <span class='ocr_line' id='line_1_10' title="bbox 125 507 1746 552; baseline 0 -9"><span class='ocrx_word' id='word_1_123' title='bbox 125 516 181 543; x_wconf 75' lang='lat' dir='ltr'><strong>hac</strong></span> <span class='ocrx_word' id='word_1_124' title='bbox 196 516 256 550; x_wconf 84' lang='lat' dir='ltr'><strong>ipsa</strong></span> <span class='ocrx_word' id='word_1_125' title='bbox 269 514 347 542; x_wconf 82' lang='lat' dir='ltr'><strong>verba</strong></span> <span class='ocrx_word' id='word_1_126' title='bbox 360 507 386 540; x_wconf 78' lang='lat' dir='ltr'><strong>in</strong></span> <span class='ocrx_word' id='word_1_127' title='bbox 402 512 510 547; x_wconf 78' lang='lat' dir='ltr'><strong>Evagrii</strong></span> <span class='ocrx_word' id='word_1_128' title='bbox 523 511 639 539; x_wconf 73' lang='lat' dir='ltr'><strong>versione</strong></span> <span class='ocrx_word' id='word_1_129' title='bbox 655 511 833 546; x_wconf 87' lang='lat' dir='ltr'><strong>reperiuntur,</strong></span> <span class='ocrx_word' id='word_1_130' title='bbox 846 518 905 546; x_wconf 70' lang='lat' dir='ltr'><strong>quae</strong></span> <span class='ocrx_word' id='word_1_131' title='bbox 918 510 958 537; x_wconf 78' lang='lat' dir='ltr'><strong>vel</strong></span> <span class='ocrx_word' id='word_1_132' title='bbox 971 511 1026 545; x_wconf 83' lang='lat' dir='ltr'><strong>ipso</strong></span> <span class='ocrx_word' id='word_1_133' title='bbox 1039 510 1181 538; x_wconf 71' lang='lat' dir='ltr'><strong>Athanasii</strong></span> <span class='ocrx_word' id='word_1_134' title='bbox 1191 515 1320 552; x_wconf 70' lang='lat' dir='ltr'><strong>tempore,</strong></span> <span class='ocrx_word' id='word_1_135' title='bbox 1336 513 1374 540; x_wconf 86' lang='lat' dir='ltr'><strong>vel</strong></span> <span class='ocrx_word' id='word_1_136' title='bbox 1386 522 1437 542; x_wconf 87' lang='lat' dir='ltr'><strong>non</strong></span> <span class='ocrx_word' id='word_1_137' title='bbox 1451 515 1542 542; x_wconf 84' lang='lat' dir='ltr'><strong>multis</strong></span> <span class='ocrx_word' id='word_1_138' title='bbox 1551 521 1609 550; x_wconf 89' lang='lat' dir='ltr'><strong>post</strong></span> <span class='ocrx_word' id='word_1_139' title='bbox 1621 515 1678 551; x_wconf 90' lang='lat' dir='ltr'><strong>ejus</strong></span> <span class='ocrx_word' id='word_1_140' title='bbox 1687 515 1746 543; x_wconf 88' lang='lat' dir='ltr'><strong>obi-</strong></span> 
     </span>
    </p>
   </div>
   <div class='ocr_carea' id='block_1_11' title="bbox 126 557 1745 595">
    <p class='ocr_par' dir='ltr' id='par_1_11' title="bbox 126 557 1745 595">
     <span class='ocr_line' id='line_1_11' title="bbox 126 557 1745 595; baseline -0.001 -4"><span class='ocrx_word' id='word_1_141' title='bbox 126 569 183 591; x_wconf 86' lang='lat' dir='ltr'><strong>tum</strong></span> <span class='ocrx_word' id='word_1_142' title='bbox 198 563 274 590; x_wconf 90' lang='lat' dir='ltr'><strong>annis</strong></span> <span class='ocrx_word' id='word_1_143' title='bbox 289 562 446 589; x_wconf 88' lang='lat' dir='ltr'><strong>concinnata</strong></span> <span class='ocrx_word' id='word_1_144' title='bbox 457 560 518 595; x_wconf 88' lang='lat' dir='ltr'><strong>fuit.</strong></span> <span class='ocrx_word' id='word_1_145' title='bbox 534 558 625 595; x_wconf 80' lang='lat' dir='ltr'><strong>Neque</strong></span> <span class='ocrx_word' id='word_1_146' title='bbox 638 567 697 586; x_wconf 82' lang='lat' dir='ltr'><strong>vero</strong></span> <span class='ocrx_word' id='word_1_147' title='bbox 714 564 778 593; x_wconf 85' lang='lat' dir='ltr'><strong>puto</strong></span> <span class='ocrx_word' id='word_1_148' title='bbox 792 566 904 586; x_wconf 89' lang='lat' dir='ltr'><strong>ausuros</strong></span> <span class='ocrx_word' id='word_1_149' title='bbox 920 563 1068 589; x_wconf 84' lang='lat' dir='ltr'><strong>novatores.</strong></span> <span class='ocrx_word' id='word_1_150' title='bbox 1082 557 1243 591; x_wconf 82' lang='lat' dir='ltr'><strong>quantalibet</strong></span> <span class='ocrx_word' id='word_1_151' title='bbox 1258 566 1323 585; x_wconf 89' lang='lat' dir='ltr'><strong>cura</strong></span> <span class='ocrx_word' id='word_1_152' title='bbox 1335 558 1396 586; x_wconf 86' lang='lat' dir='ltr'><strong>huic</strong></span> <span class='ocrx_word' id='word_1_153' title='bbox 1411 561 1482 595; x_wconf 86' lang='lat' dir='ltr'><strong>operi</strong></span> <span class='ocrx_word' id='word_1_154' title='bbox 1494 560 1598 593; x_wconf 84' lang='grc' dir='ltr'>νοθείας</span> <span class='ocrx_word' id='word_1_155' title='bbox 1612 562 1745 590; x_wconf 82' lang='lat' dir='ltr'><strong>maculam</strong></span> 
     </span>
    </p>
   </div>
   <div class='ocr_carea' id='block_1_12' title="bbox 124 603 1747 645">
    <p class='ocr_par' dir='ltr' id='par_1_12' title="bbox 124 603 1747 645">
     <span class='ocr_line' id='line_1_12' title="bbox 124 603 1747 645; baseline -0.002 -8"><span class='ocrx_word' id='word_1_156' title='bbox 124 617 259 645; x_wconf 85' lang='lat' dir='ltr'><strong>aspergere</strong></span> <span class='ocrx_word' id='word_1_157' title='bbox 273 612 408 639; x_wconf 83' lang='lat' dir='ltr'><strong>conentur,</strong></span> <span class='ocrx_word' id='word_1_158' title='bbox 419 606 504 633; x_wconf 81' lang='lat' dir='ltr'><strong>dicere</strong></span> <span class='ocrx_word' id='word_1_159' title='bbox 520 605 584 640; x_wconf 81' lang='lat' dir='ltr'><strong>ipsis</strong></span> <span class='ocrx_word' id='word_1_160' title='bbox 597 604 739 632; x_wconf 70' lang='lat' dir='ltr'><strong>Athanasii</strong></span> <span class='ocrx_word' id='word_1_161' title='bbox 751 604 918 638; x_wconf 81' lang='lat' dir='ltr'><strong>temporibus,</strong></span> <span class='ocrx_word' id='word_1_162' title='bbox 933 603 973 632; x_wconf 86' lang='lat' dir='ltr'><strong>vel</strong></span> <span class='ocrx_word' id='word_1_163' title='bbox 983 604 1054 631; x_wconf 84' lang='lat' dir='ltr'><strong>haud</strong></span> <span class='ocrx_word' id='word_1_164' title='bbox 1067 604 1113 630; x_wconf 91' lang='lat' dir='ltr'><strong>diu</strong></span> <span class='ocrx_word' id='word_1_165' title='bbox 1127 608 1184 638; x_wconf 88' lang='lat' dir='ltr'><strong>post</strong></span> <span class='ocrx_word' id='word_1_166' title='bbox 1194 604 1251 639; x_wconf 87' lang='lat' dir='ltr'><strong>ejus</strong></span> <span class='ocrx_word' id='word_1_167' title='bbox 1261 605 1370 638; x_wconf 82' lang='lat' dir='ltr'><strong>obitum,</strong></span> <span class='ocrx_word' id='word_1_168' title='bbox 1381 605 1479 640; x_wconf 87' lang='lat' dir='ltr'><strong>falsum</strong></span> <span class='ocrx_word' id='word_1_169' title='bbox 1491 607 1663 634; x_wconf 79' lang='lat' dir='ltr'><strong>Athanasium</strong></span> <span class='ocrx_word' id='word_1_170' title='bbox 1679 607 1747 637; x_wconf 76' lang='lat' dir='ltr'><strong>Viue</strong></span> 
     </span>
    </p>
   </div>
   <div class='ocr_carea' id='block_1_13' title="bbox 124 648 1748 690">
    <p class='ocr_par' dir='ltr' id='par_1_13' title="bbox 124 648 1748 690">
     <span class='ocr_line' id='line_1_13' title="bbox 124 648 1748 690; baseline -0.002 -7"><span class='ocrx_word' id='word_1_171' title='bbox 124 656 233 682; x_wconf 86' lang='lat' dir='ltr'><strong>Antonii</strong></span> <span class='ocrx_word' id='word_1_172' title='bbox 252 655 406 690; x_wconf 79' lang='lat' dir='ltr'><strong>scriptorem</strong></span> <span class='ocrx_word' id='word_1_173' title='bbox 417 656 536 680; x_wconf 73' lang='lat' dir='ltr'><strong>exortum</strong></span> <span class='ocrx_word' id='word_1_174' title='bbox 550 658 625 683; x_wconf 85' lang='lat' dir='ltr'><strong>esse;</strong></span> <span class='ocrx_word' id='word_1_175' title='bbox 639 650 714 685; x_wconf 81' lang='lat' dir='ltr'><strong>cujus</strong></span> <span class='ocrx_word' id='word_1_176' title='bbox 729 658 804 685; x_wconf 88' lang='lat' dir='ltr'><strong>opus,</strong></span> <span class='ocrx_word' id='word_1_177' title='bbox 818 648 906 677; x_wconf 84' lang='lat' dir='ltr'><strong>Vitam</strong></span> <span class='ocrx_word' id='word_1_178' title='bbox 922 658 938 676; x_wconf 90' lang='lat' dir='ltr'><strong>a</strong></span> <span class='ocrx_word' id='word_1_179' title='bbox 953 658 1012 678; x_wconf 84' lang='lat' dir='ltr'><strong>vero</strong></span> <span class='ocrx_word' id='word_1_180' title='bbox 1022 650 1168 677; x_wconf 83' lang='lat' dir='ltr'><strong>Athanasio</strong></span> <span class='ocrx_word' id='word_1_181' title='bbox 1181 650 1307 685; x_wconf 86' lang='lat' dir='ltr'><strong>scriptam</strong></span> <span class='ocrx_word' id='word_1_182' title='bbox 1322 651 1362 678; x_wconf 86' lang='lat' dir='ltr'><strong>ita</strong></span> <span class='ocrx_word' id='word_1_183' title='bbox 1377 651 1536 682; x_wconf 82' lang='lat' dir='ltr'><strong>obscurarit.</strong></span> <span class='ocrx_word' id='word_1_184' title='bbox 1549 657 1576 679; x_wconf 91' lang='lat' dir='ltr'><strong>ut</strong></span> <span class='ocrx_word' id='word_1_185' title='bbox 1588 653 1688 680; x_wconf 84' lang='lat' dir='ltr'><strong>nemine</strong></span> <span class='ocrx_word' id='word_1_186' title='bbox 1699 653 1748 680; x_wconf 84' lang='lat' dir='ltr'><strong>ob-</strong></span> 
     </span>
    </p>
   </div>
   <div class='ocr_carea' id='block_1_14' title="bbox 124 697 1465 732">
    <p class='ocr_par' dir='ltr' id='par_1_14' title="bbox 124 697 1465 732">
     <span class='ocr_line' id='line_1_14' title="bbox 124 697 1465 732; baseline -0.003 -2"><span class='ocrx_word' id='word_1_187' title='bbox 124 702 233 730; x_wconf 85' lang='lat' dir='ltr'><strong>sistente</strong></span> <span class='ocrx_word' id='word_1_188' title='bbox 245 702 300 729; x_wconf 70' lang='lat' dir='ltr'><strong>hac</strong></span> <span class='ocrx_word' id='word_1_189' title='bbox 314 701 432 728; x_wconf 88' lang='lat' dir='ltr'><strong>admissa</strong></span> <span class='ocrx_word' id='word_1_190' title='bbox 445 699 479 726; x_wconf 87' lang='lat' dir='ltr'><strong>sit</strong></span> <span class='ocrx_word' id='word_1_191' title='bbox 493 698 525 725; x_wconf 85' lang='lat' dir='ltr'><strong>ab</strong></span> <span class='ocrx_word' id='word_1_192' title='bbox 538 697 668 729; x_wconf 82' lang='lat' dir='ltr'><strong>omnibus,</strong></span> <span class='ocrx_word' id='word_1_193' title='bbox 679 697 864 724; x_wconf 85' lang='lat' dir='ltr'><strong>Athanasiana</strong></span> <span class='ocrx_word' id='word_1_194' title='bbox 878 704 937 724; x_wconf 90' lang='lat' dir='ltr'><strong>vero</strong></span> <span class='ocrx_word' id='word_1_195' title='bbox 949 697 1066 732; x_wconf 86' lang='lat' dir='ltr'><strong>neglecta</strong></span> <span class='ocrx_word' id='word_1_196' title='bbox 1076 697 1147 724; x_wconf 86' lang='lat' dir='ltr'><strong>haud</strong></span> <span class='ocrx_word' id='word_1_197' title='bbox 1160 697 1206 724; x_wconf 90' lang='lat' dir='ltr'><strong>diu</strong></span> <span class='ocrx_word' id='word_1_198' title='bbox 1223 703 1313 731; x_wconf 86' lang='lat' dir='ltr'><strong>postea</strong></span> <span class='ocrx_word' id='word_1_199' title='bbox 1324 698 1465 726; x_wconf 82' lang='lat' dir='ltr'><strong>interierit.</strong></span> 
     </span>
    </p>
   </div>
   <div class='ocr_carea' id='block_1_15' title="bbox 160 742 940 783">
    <p class='ocr_par' dir='ltr' id='par_1_15' title="bbox 160 743 924 783">
     <span class='ocr_line' id='line_1_15' title="bbox 160 743 924 783; baseline -0.007 -8"><span class='ocrx_word' id='word_1_200' title='bbox 160 748 188 775; x_wconf 81' lang='grc'><strong>2.</strong></span> <span class='ocrx_word' id='word_1_201' title='bbox 203 747 344 783; x_wconf 78' lang='lat' dir='ltr'><strong>Gregorius</strong></span> <span class='ocrx_word' id='word_1_202' title='bbox 362 746 561 778; x_wconf 72' lang='lat' dir='ltr'><strong>Nazianzenus,</strong></span> <span class='ocrx_word' id='word_1_203' title='bbox 577 749 647 772; x_wconf 87' lang='lat' dir='ltr'><strong>orat.</strong></span> <span class='ocrx_word' id='word_1_204' title='bbox 660 744 706 777; x_wconf 75' lang='grc'><strong>21,</strong></span> <span class='ocrx_word' id='word_1_205' title='bbox 720 744 791 771; x_wconf 82' lang='lat' dir='ltr'><strong>haud</strong></span> <span class='ocrx_word' id='word_1_206' title='bbox 802 744 877 779; x_wconf 83' lang='lat' dir='ltr'><strong>longe</strong></span> <span class='ocrx_word' id='word_1_207' title='bbox 892 743 924 771; x_wconf 87' lang='lat' dir='ltr'><strong>ab</strong></span> 
     </span>
    </p>
   </div>
   <div class='ocr_carea' id='block_1_16' title="bbox 964 742 1744 783">
    <p class='ocr_par' dir='ltr' id='par_1_16' title="bbox 964 742 1744 782">
     <span class='ocr_line' id='line_1_16' title="bbox 964 742 1744 782; baseline 0.003 -12"><span class='ocrx_word' id='word_1_208' title='bbox 964 744 1017 771; x_wconf 76' lang='lat' dir='ltr'><strong>iitio</strong></span> <span class='ocrx_word' id='word_1_209' title='bbox 1035 744 1149 772; x_wconf 69' lang='lat' dir='ltr'><strong>:Ilév‘ta</strong></span> <span class='ocrx_word' id='word_1_210' title='bbox 1167 744 1258 780; x_wconf 82' lang='grc' dir='ltr'>μέντοι</span> <span class='ocrx_word' id='word_1_211' title='bbox 1271 744 1305 772; x_wconf 78' lang='grc' dir='ltr'><strong>τὰ</strong></span> <span class='ocrx_word' id='word_1_212' title='bbox 1321 745 1426 772; x_wconf 74' lang='grc' dir='ltr'>ἐκείνου</span> <span class='ocrx_word' id='word_1_213' title='bbox 1444 745 1501 782; x_wconf 82' lang='grc' dir='ltr'><strong>(τοῦ</strong></span> <span class='ocrx_word' id='word_1_214' title='bbox 1509 745 1679 781; x_wconf 67' lang='grc' dir='ltr'>’Δθανασίοιὴ</span> <span class='ocrx_word' id='word_1_215' title='bbox 1700 742 1744 772; x_wconf 72' lang='grc' dir='ltr'><strong>λέ-</strong></span> 
     </span>
    </p>
   </div>
   <div class='ocr_carea' id='block_1_17' title="bbox 125 792 1746 831">
    <p class='ocr_par' dir='ltr' id='par_1_17' title="bbox 125 792 1746 831">
     <span class='ocr_line' id='line_1_17' title="bbox 125 792 1746 831; baseline -0.002 -8"><span class='ocrx_word' id='word_1_216' title='bbox 125 805 184 831; x_wconf 89' lang='grc' dir='ltr'>γειν</span> <span class='ocrx_word' id='word_1_217' title='bbox 196 805 226 823; x_wconf 87' lang='grc' dir='ltr'>τε</span> <span class='ocrx_word' id='word_1_218' title='bbox 239 795 286 823; x_wconf 73' lang='grc' dir='ltr'><strong>καὶ</strong></span> <span class='ocrx_word' id='word_1_219' title='bbox 303 795 462 831; x_wconf 77' lang='grc' dir='ltr'><strong>θαυμάζειν,</strong></span> <span class='ocrx_word' id='word_1_220' title='bbox 477 794 644 830; x_wconf 79' lang='grc' dir='ltr'>μακρότερον</span> <span class='ocrx_word' id='word_1_221' title='bbox 657 793 690 820; x_wconf 82' lang='grc' dir='ltr'>ἂν</span> <span class='ocrx_word' id='word_1_222' title='bbox 704 793 746 828; x_wconf 76' lang='grc' dir='ltr'><strong>εἴη</strong></span> <span class='ocrx_word' id='word_1_223' title='bbox 759 792 879 828; x_wconf 75' lang='grc' dir='ltr'><strong>τυχὸν,ῆ</strong></span> <span class='ocrx_word' id='word_1_224' title='bbox 894 792 965 820; x_wconf 76' lang='grc' dir='ltr'>κατὰ</span> <span class='ocrx_word' id='word_1_225' title='bbox 973 792 1023 829; x_wconf 78' lang='grc' dir='ltr'><strong>τὴν</strong></span> <span class='ocrx_word' id='word_1_226' title='bbox 1036 793 1175 829; x_wconf 82' lang='grc' dir='ltr'>παροῦσαν</span> <span class='ocrx_word' id='word_1_227' title='bbox 1189 792 1276 829; x_wconf 81' lang='grc' dir='ltr'>ὁρμὴν</span> <span class='ocrx_word' id='word_1_228' title='bbox 1287 793 1333 820; x_wconf 82' lang='grc' dir='ltr'><strong>τοῦ</strong></span> <span class='ocrx_word' id='word_1_229' title='bbox 1346 793 1435 827; x_wconf 85' lang='grc' dir='ltr'><strong>λόγου,</strong></span> <span class='ocrx_word' id='word_1_230' title='bbox 1449 792 1496 820; x_wconf 76' lang='grc' dir='ltr'><strong>καὶ</strong></span> <span class='ocrx_word' id='word_1_231' title='bbox 1507 792 1628 828; x_wconf 79' lang='grc' dir='ltr'>ἱστορίας</span> <span class='ocrx_word' id='word_1_232' title='bbox 1654 792 1746 827; x_wconf 76' lang='grc' dir='ltr'>ἔργον.</span> 
     </span>
    </p>
   </div>
   <div class='ocr_carea' id='block_1_18' title="bbox 125 839 1749 878">
    <p class='ocr_par' dir='ltr' id='par_1_18' title="bbox 125 839 1749 878">
     <span class='ocr_line' id='line_1_18' title="bbox 125 839 1749 878; baseline -0.001 -10"><span class='ocrx_word' id='word_1_233' title='bbox 125 841 176 869; x_wconf 74' lang='grc' dir='ltr'><strong>οὐκ</strong></span> <span class='ocrx_word' id='word_1_234' title='bbox 191 841 344 877; x_wconf 80' lang='grc' dir='ltr'>εὐφημίας·</span> <span class='ocrx_word' id='word_1_235' title='bbox 359 841 377 868; x_wconf 76' lang='grc' dir='ltr'>θ.</span> <span class='ocrx_word' id='word_1_236' title='bbox 390 842 436 868; x_wconf 74' lang='grc' dir='ltr'>καὶ</span> <span class='ocrx_word' id='word_1_237' title='bbox 450 841 503 878; x_wconf 78' lang='grc' dir='ltr'>ἰδίᾳ</span> <span class='ocrx_word' id='word_1_238' title='bbox 517 841 683 877; x_wconf 77' lang='grc' dir='ltr'>παραδοῦναι</span> <span class='ocrx_word' id='word_1_239' title='bbox 697 841 790 877; x_wconf 85' lang='grc' dir='ltr'>γραφῇ</span> <span class='ocrx_word' id='word_1_240' title='bbox 807 840 943 876; x_wconf 76' lang='grc' dir='ltr'>παίδευμα</span> <span class='ocrx_word' id='word_1_241' title='bbox 957 848 987 867; x_wconf 75' lang='grc' dir='ltr'>τε</span> <span class='ocrx_word' id='word_1_242' title='bbox 1005 841 1053 868; x_wconf 83' lang='grc' dir='ltr'><strong>καὶ</strong></span> <span class='ocrx_word' id='word_1_243' title='bbox 1065 841 1173 876; x_wconf 76' lang='grc' dir='ltr'>ἥδυσμα</span> <span class='ocrx_word' id='word_1_244' title='bbox 1183 842 1239 873; x_wconf 81' lang='grc' dir='ltr'>τοῖς</span> <span class='ocrx_word' id='word_1_245' title='bbox 1251 841 1292 873; x_wconf 80' lang='grc' dir='ltr'><strong>εις</strong></span> <span class='ocrx_word' id='word_1_246' title='bbox 1305 840 1417 877; x_wconf 76' lang='grc' dir='ltr'>ὕστερον</span> <span class='ocrx_word' id='word_1_247' title='bbox 1433 841 1516 877; x_wconf 73' lang='grc' dir='ltr'>εὐχῆς</span> <span class='ocrx_word' id='word_1_248' title='bbox 1528 841 1607 876; x_wconf 79' lang='grc' dir='ltr'>ἔργον</span> <span class='ocrx_word' id='word_1_249' title='bbox 1620 840 1682 875; x_wconf 76' lang='grc' dir='ltr'>ἐμοὶ</span> <span class='ocrx_word' id='word_1_250' title='bbox 1693 839 1749 866; x_wconf 86' lang='grc' dir='ltr'><strong>ὥσ-</strong></span> 
     </span>
    </p>
   </div>
   <div class='ocr_carea' id='block_1_19' title="bbox 125 886 1748 925">
    <p class='ocr_par' dir='ltr' id='par_1_19' title="bbox 125 886 1748 925">
     <span class='ocr_line' id='line_1_19' title="bbox 125 886 1748 925; baseline -0.002 -9"><span class='ocrx_word' id='word_1_251' title='bbox 125 897 180 925; x_wconf 79' lang='grc' dir='ltr'><strong>περ</strong></span> <span class='ocrx_word' id='word_1_252' title='bbox 192 889 222 916; x_wconf 85' lang='grc' dir='ltr'>ὃν</span> <span class='ocrx_word' id='word_1_253' title='bbox 233 890 335 922; x_wconf 74' lang='grc' dir='ltr'>ἐκεῖνος</span> <span class='ocrx_word' id='word_1_254' title='bbox 342 889 482 917; x_wconf 77' lang='grc' dir='ltr'><strong>Ἀντωνίου</strong></span> <span class='ocrx_word' id='word_1_255' title='bbox 499 888 545 916; x_wconf 78' lang='grc' dir='ltr'><strong>τοῦ</strong></span> <span class='ocrx_word' id='word_1_256' title='bbox 558 888 629 916; x_wconf 84' lang='grc' dir='ltr'>θείου</span> <span class='ocrx_word' id='word_1_257' title='bbox 638 888 712 921; x_wconf 79' lang='grc' dir='ltr'>,βίον</span> <span class='ocrx_word' id='word_1_258' title='bbox 733 888 894 924; x_wconf 81' lang='grc' dir='ltr'>συνέγραψε,</span> <span class='ocrx_word' id='word_1_259' title='bbox 906 887 953 915; x_wconf 79' lang='grc' dir='ltr'>τοῦ</span> <span class='ocrx_word' id='word_1_260' title='bbox 971 888 1113 924; x_wconf 80' lang='grc' dir='ltr'>μοναδικοῦ</span> <span class='ocrx_word' id='word_1_261' title='bbox 1135 887 1193 924; x_wconf 80' lang='grc' dir='ltr'><strong>βίου</strong></span> <span class='ocrx_word' id='word_1_262' title='bbox 1208 888 1367 924; x_wconf 78' lang='grc' dir='ltr'>νομοθεσίαν</span> <span class='ocrx_word' id='word_1_263' title='bbox 1386 889 1415 915; x_wconf 82' lang='grc' dir='ltr'>ὲν</span> <span class='ocrx_word' id='word_1_264' title='bbox 1432 888 1570 924; x_wconf 79' lang='grc' dir='ltr'><strong>πλάσματι</strong></span> <span class='ocrx_word' id='word_1_265' title='bbox 1585 886 1748 923; x_wconf 79' lang='grc' dir='ltr'>διηγήσεως.</span> 
     </span>
    </p>
   </div>
   <div class='ocr_carea' id='block_1_20' title="bbox 125 934 1746 974">
    <p class='ocr_par' dir='ltr' id='par_1_20' title="bbox 125 934 1746 974">
     <span class='ocr_line' id='line_1_20' title="bbox 125 934 1746 974; baseline -0.002 -10"><span class='ocrx_word' id='word_1_266' title='bbox 125 937 215 972; x_wconf 84' lang='lat' dir='ltr'><strong>Atque</strong></span> <span class='ocrx_word' id='word_1_267' title='bbox 230 941 315 965; x_wconf 86' lang='lat' dir='ltr'><strong>totam</strong></span> <span class='ocrx_word' id='word_1_268' title='bbox 332 937 442 972; x_wconf 87' lang='lat' dir='ltr'><strong>quidem</strong></span> <span class='ocrx_word' id='word_1_269' title='bbox 464 936 629 974; x_wconf 83' lang='lat' dir='ltr'><strong>(Athanasii)</strong></span> <span class='ocrx_word' id='word_1_270' title='bbox 645 936 729 964; x_wconf 83' lang='lat' dir='ltr'><strong>vitam</strong></span> <span class='ocrx_word' id='word_1_271' title='bbox 747 943 874 964; x_wconf 79' lang='lat' dir='ltr'><strong>sermone</strong></span> <span class='ocrx_word' id='word_1_272' title='bbox 891 939 918 964; x_wconf 89' lang='lat' dir='ltr'><strong>et</strong></span> <span class='ocrx_word' id='word_1_273' title='bbox 935 936 1117 964; x_wconf 84' lang='lat' dir='ltr'><strong>admiratione</strong></span> <span class='ocrx_word' id='word_1_274' title='bbox 1136 937 1263 972; x_wconf 83' lang='lat' dir='ltr'><strong>prosequi</strong></span> <span class='ocrx_word' id='word_1_275' title='bbox 1283 936 1393 972; x_wconf 87' lang='lat' dir='ltr'><strong>longius</strong></span> <span class='ocrx_word' id='word_1_276' title='bbox 1414 935 1531 964; x_wconf 78' lang='lat' dir='ltr'><strong>fortasse</strong></span> <span class='ocrx_word' id='word_1_277' title='bbox 1554 934 1647 966; x_wconf 82' lang='lat' dir='ltr'><strong>fuerit,</strong></span> <span class='ocrx_word' id='word_1_278' title='bbox 1662 940 1746 968; x_wconf 83' lang='lat' dir='ltr'><strong>quam</strong></span> 
     </span>
    </p>
   </div>
   <div class='ocr_carea' id='block_1_21' title="bbox 126 981 1747 1021">
    <p class='ocr_par' dir='ltr' id='par_1_21' title="bbox 126 981 1747 1021">
     <span class='ocr_line' id='line_1_21' title="bbox 126 981 1747 1021; baseline 0 -13"><span class='ocrx_word' id='word_1_279' title='bbox 126 981 259 1010; x_wconf 88' lang='lat' dir='ltr'><strong>orationis</strong></span> <span class='ocrx_word' id='word_1_280' title='bbox 273 982 388 1018; x_wconf 86' lang='lat' dir='ltr'><strong>hujusce</strong></span> <span class='ocrx_word' id='word_1_281' title='bbox 402 981 557 1012; x_wconf 79' lang='lat' dir='ltr'><strong>institutum</strong></span> <span class='ocrx_word' id='word_1_282' title='bbox 572 985 641 1012; x_wconf 81' lang='lat' dir='ltr'><strong>ferat</strong></span> <span class='ocrx_word' id='word_1_283' title='bbox 654 993 660 1018; x_wconf 86' lang='lat'><strong>;</strong></span> <span class='ocrx_word' id='word_1_284' title='bbox 677 988 759 1019; x_wconf 87' lang='lat' dir='ltr'><strong>atque</strong></span> <span class='ocrx_word' id='word_1_285' title='bbox 774 984 897 1012; x_wconf 67' lang='lat' dir='ltr'><strong>historias</strong></span> <span class='ocrx_word' id='word_1_286' title='bbox 911 992 980 1020; x_wconf 85' lang='lat' dir='ltr'><strong>opus</strong></span> <span class='ocrx_word' id='word_1_287' title='bbox 991 983 1083 1018; x_wconf 81' lang='lat' dir='ltr'><strong>fuerit,</strong></span> <span class='ocrx_word' id='word_1_288' title='bbox 1098 991 1152 1012; x_wconf 92' lang='lat' dir='ltr'><strong>non</strong></span> <span class='ocrx_word' id='word_1_289' title='bbox 1166 985 1282 1013; x_wconf 91' lang='lat' dir='ltr'><strong>encomii</strong></span> <span class='ocrx_word' id='word_1_290' title='bbox 1297 994 1303 1012; x_wconf 89' lang='lat'><strong>:</strong></span> <span class='ocrx_word' id='word_1_291' title='bbox 1321 993 1402 1020; x_wconf 88' lang='lat' dir='ltr'><strong>quam</strong></span> <span class='ocrx_word' id='word_1_292' title='bbox 1413 985 1495 1021; x_wconf 74' lang='grc'><strong>627</strong></span> <span class='ocrx_word' id='word_1_293' title='bbox 1508 985 1602 1016; x_wconf 86' lang='lat' dir='ltr'><strong>etiam,</strong></span> <span class='ocrx_word' id='word_1_294' title='bbox 1614 986 1645 1010; x_wconf 88' lang='lat' dir='ltr'><strong>ut</strong></span> <span class='ocrx_word' id='word_1_295' title='bbox 1655 986 1747 1017; x_wconf 80' lang='lat' dir='ltr'><strong>poste—</strong></span> 
     </span>
    </p>
   </div>
   <div class='ocr_carea' id='block_1_22' title="bbox 127 1025 1748 1067">
    <p class='ocr_par' dir='ltr' id='par_1_22' title="bbox 127 1025 1748 1067">
     <span class='ocr_line' id='line_1_22' title="bbox 127 1025 1748 1067; baseline 0.001 -11"><span class='ocrx_word' id='word_1_296' title='bbox 127 1028 167 1056; x_wconf 87' lang='lat' dir='ltr'><strong>ris</strong></span> <span class='ocrx_word' id='word_1_297' title='bbox 182 1029 347 1059; x_wconf 82' lang='lat' dir='ltr'><strong>documento</strong></span> <span class='ocrx_word' id='word_1_298' title='bbox 359 1035 440 1067; x_wconf 86' lang='lat' dir='ltr'><strong>atque</strong></span> <span class='ocrx_word' id='word_1_299' title='bbox 452 1032 628 1060; x_wconf 80' lang='lat' dir='ltr'><strong>oblectationi</strong></span> <span class='ocrx_word' id='word_1_300' title='bbox 643 1031 774 1064; x_wconf 71' lang='lat' dir='ltr'><strong>futuram,</strong></span> <span class='ocrx_word' id='word_1_301' title='bbox 787 1032 896 1066; x_wconf 89' lang='lat' dir='ltr'><strong>proprio</strong></span> <span class='ocrx_word' id='word_1_302' title='bbox 912 1031 1014 1067; x_wconf 88' lang='lat' dir='ltr'><strong>scripto</strong></span> <span class='ocrx_word' id='word_1_303' title='bbox 1027 1031 1157 1059; x_wconf 88' lang='lat' dir='ltr'><strong>mandare</strong></span> <span class='ocrx_word' id='word_1_304' title='bbox 1169 1039 1232 1059; x_wconf 89' lang='lat' dir='ltr'><strong>cum</strong></span> <span class='ocrx_word' id='word_1_305' title='bbox 1249 1032 1345 1067; x_wconf 89' lang='lat' dir='ltr'><strong>primis</strong></span> <span class='ocrx_word' id='word_1_306' title='bbox 1357 1036 1478 1067; x_wconf 84' lang='lat' dir='ltr'><strong>optarem</strong></span> <span class='ocrx_word' id='word_1_307' title='bbox 1491 1038 1498 1057; x_wconf 91' lang='lat'><strong>:</strong></span> <span class='ocrx_word' id='word_1_308' title='bbox 1516 1025 1748 1064; x_wconf 79' lang='lat' dir='ltr'><strong>quemadmodum</strong></span> 
     </span>
    </p>
   </div>
   <div class='ocr_carea' id='block_1_23' title="bbox 127 1074 1747 1116">
    <p class='ocr_par' dir='ltr' id='par_1_23' title="bbox 127 1074 1747 1116">
     <span class='ocr_line' id='line_1_23' title="bbox 127 1074 1747 1116; baseline 0 -14"><span class='ocrx_word' id='word_1_309' title='bbox 127 1074 186 1109; x_wconf 86' lang='lat' dir='ltr'><strong>ipse</strong></span> <span class='ocrx_word' id='word_1_310' title='bbox 200 1075 265 1103; x_wconf 87' lang='lat' dir='ltr'><strong>dicti</strong></span> <span class='ocrx_word' id='word_1_311' title='bbox 275 1077 386 1105; x_wconf 87' lang='lat' dir='ltr'><strong>Antonii</strong></span> <span class='ocrx_word' id='word_1_312' title='bbox 407 1078 494 1106; x_wconf 87' lang='lat' dir='ltr'><strong>Vitam</strong></span> <span class='ocrx_word' id='word_1_313' title='bbox 505 1080 678 1116; x_wconf 81' lang='lat' dir='ltr'><strong>conscripsit,</strong></span> <span class='ocrx_word' id='word_1_314' title='bbox 690 1085 717 1108; x_wconf 91' lang='lat' dir='ltr'><strong>et</strong></span> <span class='ocrx_word' id='word_1_315' title='bbox 729 1081 791 1108; x_wconf 65' lang='lat' dir='ltr'><strong>vitae</strong></span> <span class='ocrx_word' id='word_1_316' title='bbox 804 1081 962 1109; x_wconf 74' lang='lat' dir='ltr'><strong>monasticae</strong></span> <span class='ocrx_word' id='word_1_317' title='bbox 980 1081 1052 1116; x_wconf 84' lang='lat' dir='ltr'><strong>leges</strong></span> <span class='ocrx_word' id='word_1_318' title='bbox 1067 1081 1233 1109; x_wconf 79' lang='lat' dir='ltr'><strong>narrationis</strong></span> <span class='ocrx_word' id='word_1_319' title='bbox 1246 1081 1335 1116; x_wconf 83' lang='lat' dir='ltr'><strong>specie</strong></span> <span class='ocrx_word' id='word_1_320' title='bbox 1351 1080 1472 1109; x_wconf 81' lang='lat' dir='ltr'><strong>tradidit.</strong></span> <span class='ocrx_word' id='word_1_321' title='bbox 1486 1079 1576 1107; x_wconf 85' lang='lat' dir='ltr'><strong>Vitam</strong></span> <span class='ocrx_word' id='word_1_322' title='bbox 1597 1077 1680 1112; x_wconf 86' lang='lat' dir='ltr'><strong>igitur</strong></span> <span class='ocrx_word' id='word_1_323' title='bbox 1690 1074 1747 1103; x_wconf 83' lang='lat' dir='ltr'><strong>An-</strong></span> 
     </span>
    </p>
   </div>
   <div class='ocr_carea' id='block_1_24' title="bbox 125 1120 1439 1162">
    <p class='ocr_par' dir='ltr' id='par_1_24' title="bbox 125 1120 1439 1162">
     <span class='ocr_line' id='line_1_24' title="bbox 125 1120 1439 1162; baseline 0.006 -16"><span class='ocrx_word' id='word_1_324' title='bbox 125 1120 195 1147; x_wconf 85' lang='lat' dir='ltr'><strong>tonii</strong></span> <span class='ocrx_word' id='word_1_325' title='bbox 211 1121 316 1157; x_wconf 78' lang='lat' dir='ltr'><strong>scripsit</strong></span> <span class='ocrx_word' id='word_1_326' title='bbox 331 1123 505 1158; x_wconf 82' lang='lat' dir='ltr'><strong>Athanasius,</strong></span> <span class='ocrx_word' id='word_1_327' title='bbox 520 1134 579 1161; x_wconf 67' lang='lat' dir='ltr'><strong>quae</strong></span> <span class='ocrx_word' id='word_1_328' title='bbox 592 1127 653 1154; x_wconf 68' lang='lat' dir='ltr'><strong>vita:</strong></span> <span class='ocrx_word' id='word_1_329' title='bbox 669 1127 823 1154; x_wconf 77' lang='lat' dir='ltr'><strong>monastica:</strong></span> <span class='ocrx_word' id='word_1_330' title='bbox 836 1135 929 1154; x_wconf 87' lang='lat' dir='ltr'><strong>norma</strong></span> <span class='ocrx_word' id='word_1_331' title='bbox 944 1133 1017 1154; x_wconf 89' lang='lat' dir='ltr'><strong>erat:</strong></span> <span class='ocrx_word' id='word_1_332' title='bbox 1030 1127 1098 1162; x_wconf 84' lang='lat' dir='ltr'><strong>quod</strong></span> <span class='ocrx_word' id='word_1_333' title='bbox 1110 1127 1171 1154; x_wconf 82' lang='lat' dir='ltr'><strong>huic</strong></span> <span class='ocrx_word' id='word_1_334' title='bbox 1185 1127 1302 1162; x_wconf 87' lang='lat' dir='ltr'><strong>apprime</strong></span> <span class='ocrx_word' id='word_1_335' title='bbox 1312 1127 1439 1154; x_wconf 88' lang='lat' dir='ltr'><strong>convenit.</strong></span> 
     </span>
    </p>
   </div>
   <div class='ocr_carea' id='block_1_25' title="bbox 162 1168 1746 1210">
    <p class='ocr_par' dir='ltr' id='par_1_25' title="bbox 162 1168 1746 1210">
     <span class='ocr_line' id='line_1_25' title="bbox 162 1168 1746 1210; baseline -0.001 -13"><span class='ocrx_word' id='word_1_336' title='bbox 162 1169 190 1197; x_wconf 82' lang='lat'><strong>3.</strong></span> <span class='ocrx_word' id='word_1_337' title='bbox 207 1169 394 1207; x_wconf 80' lang='lat' dir='ltr'><strong>Hieronymus,</strong></span> <span class='ocrx_word' id='word_1_338' title='bbox 404 1172 441 1201; x_wconf 87' lang='lat' dir='ltr'><strong>De</strong></span> <span class='ocrx_word' id='word_1_339' title='bbox 454 1174 635 1210; x_wconf 85' lang='lat' dir='ltr'><strong>scriptoribus</strong></span> <span class='ocrx_word' id='word_1_340' title='bbox 652 1175 856 1208; x_wconf 85' lang='lat' dir='ltr'><strong>ecclesiasticis,</strong></span> <span class='ocrx_word' id='word_1_341' title='bbox 869 1183 929 1210; x_wconf 85' lang='lat' dir='ltr'><strong>cap.</strong></span> <span class='ocrx_word' id='word_1_342' title='bbox 943 1175 1013 1203; x_wconf 67' lang='grc' dir='ltr'><strong>ηδε</strong></span> <span class='ocrx_word' id='word_1_343' title='bbox 1028 1175 1158 1210; x_wconf 82' lang='lat' dir='ltr'><strong>Evagrius</strong></span> <span class='ocrx_word' id='word_1_344' title='bbox 1171 1174 1323 1203; x_wconf 67' lang='lat' dir='ltr'><strong>Antiochia:</strong></span> <span class='ocrx_word' id='word_1_345' title='bbox 1341 1175 1496 1210; x_wconf 88' lang='lat' dir='ltr'><strong>episcopus,</strong></span> <span class='ocrx_word' id='word_1_346' title='bbox 1509 1170 1580 1199; x_wconf 89' lang='lat' dir='ltr'><strong>acris</strong></span> <span class='ocrx_word' id='word_1_347' title='bbox 1592 1177 1625 1198; x_wconf 82' lang='lat' dir='ltr'><strong>ac</strong></span> <span class='ocrx_word' id='word_1_348' title='bbox 1639 1168 1746 1196; x_wconf 80' lang='lat' dir='ltr'><strong>ferven-</strong></span> 
     </span>
    </p>
   </div>
   <div class='ocr_carea' id='block_1_26' title="bbox 126 1214 1745 1259">
    <p class='ocr_par' dir='ltr' id='par_1_26' title="bbox 126 1214 1745 1259">
     <span class='ocr_line' id='line_1_26' title="bbox 126 1214 1745 1259; baseline 0.002 -14"><span class='ocrx_word' id='word_1_349' title='bbox 126 1217 164 1244; x_wconf 86' lang='lat' dir='ltr'><strong>tis</strong></span> <span class='ocrx_word' id='word_1_350' title='bbox 178 1217 290 1253; x_wconf 84' lang='lat' dir='ltr'><strong>ingenii,</strong></span> <span class='ocrx_word' id='word_1_351' title='bbox 308 1227 369 1247; x_wconf 90' lang='lat' dir='ltr'><strong>cum</strong></span> <span class='ocrx_word' id='word_1_352' title='bbox 381 1220 472 1249; x_wconf 89' lang='lat' dir='ltr'><strong>adhuc</strong></span> <span class='ocrx_word' id='word_1_353' title='bbox 483 1225 555 1250; x_wconf 85' lang='lat' dir='ltr'><strong>esset</strong></span> <span class='ocrx_word' id='word_1_354' title='bbox 568 1222 719 1259; x_wconf 84' lang='lat' dir='ltr'><strong>presbyter,</strong></span> <span class='ocrx_word' id='word_1_355' title='bbox 732 1222 902 1250; x_wconf 86' lang='lat' dir='ltr'><strong>diversarum</strong></span> <span class='ocrx_word' id='word_1_356' title='bbox 919 1222 1084 1258; x_wconf 87' lang='lat' dir='ltr'><strong>bypoteseon</strong></span> <span class='ocrx_word' id='word_1_357' title='bbox 1102 1226 1233 1250; x_wconf 86' lang='lat' dir='ltr'><strong>tractatus</strong></span> <span class='ocrx_word' id='word_1_358' title='bbox 1255 1222 1322 1250; x_wconf 89' lang='lat' dir='ltr'><strong>mihi</strong></span> <span class='ocrx_word' id='word_1_359' title='bbox 1342 1219 1418 1257; x_wconf 78' lang='lat' dir='ltr'><strong>legit,</strong></span> <span class='ocrx_word' id='word_1_360' title='bbox 1434 1225 1504 1253; x_wconf 79' lang='lat' dir='ltr'><strong>quos</strong></span> <span class='ocrx_word' id='word_1_361' title='bbox 1520 1216 1635 1244; x_wconf 68' lang='lat' dir='ltr'><strong>needum</strong></span> <span class='ocrx_word' id='word_1_362' title='bbox 1652 1214 1745 1242; x_wconf 70' lang='grc' dir='ltr'><strong>εάίάίι·</strong></span> 
     </span>
    </p>
   </div>
   <div class='ocr_carea' id='block_1_27' title="bbox 132 1262 1746 1303">
    <p class='ocr_par' dir='ltr' id='par_1_27' title="bbox 132 1262 1746 1303">
     <span class='ocr_line' id='line_1_27' title="bbox 132 1262 1746 1303; baseline 0 -14"><span class='ocrx_word' id='word_1_363' title='bbox 132 1262 220 1290; x_wconf 83' lang='lat' dir='ltr'><strong>Vitam</strong></span> <span class='ocrx_word' id='word_1_364' title='bbox 234 1272 344 1301; x_wconf 88' lang='lat' dir='ltr'><strong>qu0que</strong></span> <span class='ocrx_word' id='word_1_365' title='bbox 359 1267 427 1295; x_wconf 85' lang='lat' dir='ltr'><strong>beati</strong></span> <span class='ocrx_word' id='word_1_366' title='bbox 443 1269 551 1295; x_wconf 83' lang='lat' dir='ltr'><strong>Antonii</strong></span> <span class='ocrx_word' id='word_1_367' title='bbox 561 1268 594 1296; x_wconf 84' lang='lat' dir='ltr'><strong>de</strong></span> <span class='ocrx_word' id='word_1_368' title='bbox 608 1269 702 1298; x_wconf 59' lang='lat' dir='ltr'><strong>Graeco</strong></span> <span class='ocrx_word' id='word_1_369' title='bbox 712 1269 854 1296; x_wconf 88' lang='lat' dir='ltr'><strong>Athanasii</strong></span> <span class='ocrx_word' id='word_1_370' title='bbox 871 1270 898 1296; x_wconf 92' lang='lat' dir='ltr'><strong>in</strong></span> <span class='ocrx_word' id='word_1_371' title='bbox 911 1277 1065 1297; x_wconf 90' lang='lat' dir='ltr'><strong>sermonem</strong></span> <span class='ocrx_word' id='word_1_372' title='bbox 1078 1274 1201 1297; x_wconf 88' lang='lat' dir='ltr'><strong>nostrum</strong></span> <span class='ocrx_word' id='word_1_373' title='bbox 1215 1269 1364 1298; x_wconf 82' lang='lat' dir='ltr'><strong>transtulit.</strong></span> <span class='ocrx_word' id='word_1_374' title='bbox 1380 1267 1468 1303; x_wconf 82' lang='lat' dir='ltr'><strong>Hujus</strong></span> <span class='ocrx_word' id='word_1_375' title='bbox 1480 1265 1588 1300; x_wconf 78' lang='lat' dir='ltr'><strong>Evagrii</strong></span> <span class='ocrx_word' id='word_1_376' title='bbox 1603 1263 1685 1292; x_wconf 87' lang='lat' dir='ltr'><strong>versio</strong></span> <span class='ocrx_word' id='word_1_377' title='bbox 1694 1270 1746 1290; x_wconf 72' lang='lat' dir='ltr'><strong>ste-</strong></span> 
     </span>
    </p>
   </div>
   <div class='ocr_carea' id='block_1_28' title="bbox 126 1308 1750 1351">
    <p class='ocr_par' dir='ltr' id='par_1_28' title="bbox 126 1308 1750 1351">
     <span class='ocr_line' id='line_1_28' title="bbox 126 1308 1750 1351; baseline 0.005 -16"><span class='ocrx_word' id='word_1_378' title='bbox 126 1309 236 1344; x_wconf 82' lang='lat' dir='ltr'><strong>pissime</strong></span> <span class='ocrx_word' id='word_1_379' title='bbox 257 1319 321 1339; x_wconf 88' lang='lat' dir='ltr'><strong>cusa</strong></span> <span class='ocrx_word' id='word_1_380' title='bbox 339 1312 401 1347; x_wconf 88' lang='lat' dir='ltr'><strong>fuit.</strong></span> <span class='ocrx_word' id='word_1_381' title='bbox 421 1313 589 1350; x_wconf 87' lang='lat' dir='ltr'><strong>Habeturque</strong></span> <span class='ocrx_word' id='word_1_382' title='bbox 607 1314 716 1350; x_wconf 80' lang='lat' dir='ltr'><strong>Evagrii</strong></span> <span class='ocrx_word' id='word_1_383' title='bbox 729 1316 834 1342; x_wconf 81' lang='lat' dir='ltr'><strong>nomine</strong></span> <span class='ocrx_word' id='word_1_384' title='bbox 847 1315 874 1342; x_wconf 88' lang='lat' dir='ltr'><strong>in</strong></span> <span class='ocrx_word' id='word_1_385' title='bbox 893 1315 1026 1343; x_wconf 82' lang='lat' dir='ltr'><strong>codicibus</strong></span> <span class='ocrx_word' id='word_1_386' title='bbox 1046 1315 1178 1343; x_wconf 88' lang='lat' dir='ltr'><strong>omnibus.</strong></span> <span class='ocrx_word' id='word_1_387' title='bbox 1194 1315 1306 1351; x_wconf 85' lang='lat' dir='ltr'><strong>Ipseque</strong></span> <span class='ocrx_word' id='word_1_388' title='bbox 1322 1315 1498 1350; x_wconf 80' lang='lat' dir='ltr'><strong>Hieronymus</strong></span> <span class='ocrx_word' id='word_1_389' title='bbox 1518 1311 1656 1348; x_wconf 80' lang='lat' dir='ltr'><strong>prologum</strong></span> <span class='ocrx_word' id='word_1_390' title='bbox 1678 1308 1750 1344; x_wconf 71' lang='lat' dir='ltr'><strong>ejulr</strong></span> 
     </span>
    </p>
   </div>
   <div class='ocr_carea' id='block_1_29' title="bbox 128 1357 1748 1398">
    <p class='ocr_par' dir='ltr' id='par_1_29' title="bbox 128 1357 1748 1398">
     <span class='ocr_line' id='line_1_29' title="bbox 128 1357 1748 1398; baseline 0.001 -16"><span class='ocrx_word' id='word_1_391' title='bbox 128 1357 211 1383; x_wconf 86' lang='lat' dir='ltr'><strong>tacito</strong></span> <span class='ocrx_word' id='word_1_392' title='bbox 226 1357 334 1394; x_wconf 81' lang='lat' dir='ltr'><strong>Evagrii</strong></span> <span class='ocrx_word' id='word_1_393' title='bbox 348 1361 462 1395; x_wconf 85' lang='lat' dir='ltr'><strong>nomine,</strong></span> <span class='ocrx_word' id='word_1_394' title='bbox 475 1362 593 1397; x_wconf 73' lang='lat' dir='ltr'><strong>epistola!</strong></span> <span class='ocrx_word' id='word_1_395' title='bbox 611 1362 646 1389; x_wconf 88' lang='lat' dir='ltr'><strong>ad</strong></span> <span class='ocrx_word' id='word_1_396' title='bbox 665 1362 868 1390; x_wconf 85' lang='lat' dir='ltr'><strong>Pammachium</strong></span> <span class='ocrx_word' id='word_1_397' title='bbox 882 1363 1006 1391; x_wconf 79' lang='lat' dir='ltr'><strong>inseruit.</strong></span> <span class='ocrx_word' id='word_1_398' title='bbox 1021 1363 1088 1390; x_wconf 87' lang='lat' dir='ltr'><strong>Cum</strong></span> <span class='ocrx_word' id='word_1_399' title='bbox 1103 1367 1192 1390; x_wconf 86' lang='lat' dir='ltr'><strong>autem</strong></span> <span class='ocrx_word' id='word_1_400' title='bbox 1205 1363 1334 1398; x_wconf 77' lang='lat' dir='ltr'><strong>Euagrius</strong></span> <span class='ocrx_word' id='word_1_401' title='bbox 1349 1364 1377 1390; x_wconf 91' lang='lat' dir='ltr'><strong>in</strong></span> <span class='ocrx_word' id='word_1_402' title='bbox 1396 1362 1529 1390; x_wconf 74' lang='lat' dir='ltr'><strong>codicibus</strong></span> <span class='ocrx_word' id='word_1_403' title='bbox 1544 1359 1673 1394; x_wconf 83' lang='lat' dir='ltr'><strong>editisque</strong></span> <span class='ocrx_word' id='word_1_404' title='bbox 1688 1365 1748 1393; x_wconf 90' lang='lat' dir='ltr'><strong>pre-</strong></span> 
     </span>
    </p>
   </div>
   <div class='ocr_carea' id='block_1_30' title="bbox 127 1401 1747 1447">
    <p class='ocr_par' dir='ltr' id='par_1_30' title="bbox 127 1401 1747 1447">
     <span class='ocr_line' id='line_1_30' title="bbox 127 1401 1747 1447; baseline -0.001 -16"><span class='ocrx_word' id='word_1_405' title='bbox 127 1404 217 1439; x_wconf 82' lang='lat' dir='ltr'><strong>sbyter</strong></span> <span class='ocrx_word' id='word_1_406' title='bbox 229 1406 346 1441; x_wconf 87' lang='lat' dir='ltr'><strong>dicatur,</strong></span> <span class='ocrx_word' id='word_1_407' title='bbox 358 1416 460 1436; x_wconf 85' lang='lat' dir='ltr'><strong>necesse</strong></span> <span class='ocrx_word' id='word_1_408' title='bbox 473 1414 511 1437; x_wconf 89' lang='lat' dir='ltr'><strong>est</strong></span> <span class='ocrx_word' id='word_1_409' title='bbox 520 1401 592 1437; x_wconf 85' lang='lat' dir='ltr'><strong>hanc</strong></span> <span class='ocrx_word' id='word_1_410' title='bbox 608 1411 741 1446; x_wconf 84' lang='lat' dir='ltr'><strong>scripserit</strong></span> <span class='ocrx_word' id='word_1_411' title='bbox 763 1416 902 1447; x_wconf 85' lang='lat' dir='ltr'><strong>antequam</strong></span> <span class='ocrx_word' id='word_1_412' title='bbox 914 1415 1047 1439; x_wconf 84' lang='lat' dir='ltr'><strong>crearetur</strong></span> <span class='ocrx_word' id='word_1_413' title='bbox 1066 1411 1212 1446; x_wconf 83' lang='lat' dir='ltr'><strong>episcopus,</strong></span> <span class='ocrx_word' id='word_1_414' title='bbox 1229 1412 1257 1438; x_wconf 88' lang='lat' dir='ltr'><strong>id</strong></span> <span class='ocrx_word' id='word_1_415' title='bbox 1276 1416 1314 1439; x_wconf 89' lang='lat' dir='ltr'><strong>est</strong></span> <span class='ocrx_word' id='word_1_416' title='bbox 1329 1416 1392 1439; x_wconf 74' lang='lat' dir='ltr'><strong>ante</strong></span> <span class='ocrx_word' id='word_1_417' title='bbox 1402 1416 1502 1438; x_wconf 82' lang='lat' dir='ltr'><strong>annum</strong></span> <span class='ocrx_word' id='word_1_418' title='bbox 1515 1406 1585 1438; x_wconf 77' lang='lat'><strong>368;</strong></span> <span class='ocrx_word' id='word_1_419' title='bbox 1600 1412 1662 1432; x_wconf 88' lang='lat' dir='ltr'><strong>nam</strong></span> <span class='ocrx_word' id='word_1_420' title='bbox 1676 1411 1747 1431; x_wconf 87' lang='lat' dir='ltr'><strong>anno</strong></span> 
     </span>
    </p>
   </div>
   <div class='ocr_carea' id='block_1_31' title="bbox 126 1450 1752 1493">
    <p class='ocr_par' dir='ltr' id='par_1_31' title="bbox 126 1450 1752 1493">
     <span class='ocr_line' id='line_1_31' title="bbox 126 1450 1752 1493; baseline -0.001 -14"><span class='ocrx_word' id='word_1_421' title='bbox 126 1451 180 1480; x_wconf 83' lang='lat'><strong>368</strong></span> <span class='ocrx_word' id='word_1_422' title='bbox 197 1454 225 1481; x_wconf 89' lang='lat' dir='ltr'><strong>in</strong></span> <span class='ocrx_word' id='word_1_423' title='bbox 236 1456 415 1491; x_wconf 85' lang='lat' dir='ltr'><strong>episcopatum</strong></span> <span class='ocrx_word' id='word_1_424' title='bbox 428 1457 619 1485; x_wconf 86' lang='lat' dir='ltr'><strong>Antiochenum</strong></span> <span class='ocrx_word' id='word_1_425' title='bbox 631 1462 766 1493; x_wconf 86' lang='lat' dir='ltr'><strong>promotus</strong></span> <span class='ocrx_word' id='word_1_426' title='bbox 777 1458 840 1493; x_wconf 88' lang='lat' dir='ltr'><strong>fuit.</strong></span> <span class='ocrx_word' id='word_1_427' title='bbox 857 1458 933 1492; x_wconf 84' lang='lat' dir='ltr'><strong>Quod</strong></span> <span class='ocrx_word' id='word_1_428' title='bbox 948 1459 973 1486; x_wconf 90' lang='lat' dir='ltr'><strong>si</strong></span> <span class='ocrx_word' id='word_1_429' title='bbox 986 1457 1169 1490; x_wconf 83' lang='lat' dir='ltr'><strong>Innocentius,</strong></span> <span class='ocrx_word' id='word_1_430' title='bbox 1189 1458 1224 1485; x_wconf 87' lang='lat' dir='ltr'><strong>ad</strong></span> <span class='ocrx_word' id='word_1_431' title='bbox 1236 1466 1311 1493; x_wconf 84' lang='lat' dir='ltr'><strong>quem</strong></span> <span class='ocrx_word' id='word_1_432' title='bbox 1324 1457 1460 1492; x_wconf 81' lang='lat' dir='ltr'><strong>prologum</strong></span> <span class='ocrx_word' id='word_1_433' title='bbox 1477 1461 1555 1482; x_wconf 85' lang='lat' dir='ltr'><strong>suum</strong></span> <span class='ocrx_word' id='word_1_434' title='bbox 1568 1455 1710 1486; x_wconf 83' lang='lat' dir='ltr'><strong>nuncupat,</strong></span> <span class='ocrx_word' id='word_1_435' title='bbox 1724 1450 1752 1476; x_wconf 72' lang='lat' dir='ltr'><strong>is</strong></span> 
     </span>
    </p>
   </div>
   <div class='ocr_carea' id='block_1_32' title="bbox 127 1496 1753 1542">
    <p class='ocr_par' dir='ltr' id='par_1_32' title="bbox 127 1496 1753 1542">
     <span class='ocr_line' id='line_1_32' title="bbox 127 1496 1753 1542; baseline -0.004 -14"><span class='ocrx_word' id='word_1_436' title='bbox 127 1501 184 1536; x_wconf 79' lang='lat' dir='ltr'><strong>ipse</strong></span> <span class='ocrx_word' id='word_1_437' title='bbox 197 1503 231 1530; x_wconf 86' lang='lat' dir='ltr'><strong>sit</strong></span> <span class='ocrx_word' id='word_1_438' title='bbox 244 1504 288 1538; x_wconf 90' lang='lat' dir='ltr'><strong>qui</strong></span> <span class='ocrx_word' id='word_1_439' title='bbox 302 1512 370 1531; x_wconf 87' lang='lat' dir='ltr'><strong>anno</strong></span> <span class='ocrx_word' id='word_1_440' title='bbox 384 1506 490 1533; x_wconf 88' lang='lat' dir='ltr'><strong>circiter</strong></span> <span class='ocrx_word' id='word_1_441' title='bbox 499 1505 553 1533; x_wconf 77' lang='lat'><strong>369</strong></span> <span class='ocrx_word' id='word_1_442' title='bbox 567 1505 642 1540; x_wconf 88' lang='lat' dir='ltr'><strong>obiit,</strong></span> <span class='ocrx_word' id='word_1_443' title='bbox 657 1506 726 1542; x_wconf 91' lang='lat' dir='ltr'><strong>quod</strong></span> <span class='ocrx_word' id='word_1_444' title='bbox 745 1514 802 1534; x_wconf 90' lang='lat' dir='ltr'><strong>vere</strong></span> <span class='ocrx_word' id='word_1_445' title='bbox 818 1505 905 1534; x_wconf 84' lang='lat' dir='ltr'><strong>simile</strong></span> <span class='ocrx_word' id='word_1_446' title='bbox 919 1506 993 1533; x_wconf 85' lang='lat' dir='ltr'><strong>nobis</strong></span> <span class='ocrx_word' id='word_1_447' title='bbox 1012 1506 1126 1538; x_wconf 87' lang='lat' dir='ltr'><strong>videtur,</strong></span> <span class='ocrx_word' id='word_1_448' title='bbox 1140 1505 1242 1540; x_wconf 87' lang='lat' dir='ltr'><strong>aliquot</strong></span> <span class='ocrx_word' id='word_1_449' title='bbox 1252 1509 1312 1532; x_wconf 90' lang='lat' dir='ltr'><strong>ante</strong></span> <span class='ocrx_word' id='word_1_450' title='bbox 1322 1505 1422 1532; x_wconf 88' lang='lat' dir='ltr'><strong>obitum</strong></span> <span class='ocrx_word' id='word_1_451' title='bbox 1440 1500 1581 1530; x_wconf 86' lang='lat' dir='ltr'><strong>Athanasii</strong></span> <span class='ocrx_word' id='word_1_452' title='bbox 1595 1498 1671 1526; x_wconf 86' lang='lat' dir='ltr'><strong>annis</strong></span> <span class='ocrx_word' id='word_1_453' title='bbox 1692 1496 1753 1523; x_wconf 76' lang='lat' dir='ltr'><strong>luet:</strong></span> 
     </span>
    </p>
   </div>
   <div class='ocr_carea' id='block_1_33' title="bbox 127 1545 1746 1589">
    <p class='ocr_par' dir='ltr' id='par_1_33' title="bbox 127 1545 1746 1589">
     <span class='ocr_line' id='line_1_33' title="bbox 127 1545 1746 1589; baseline -0.001 -15"><span class='ocrx_word' id='word_1_454' title='bbox 127 1548 310 1583; x_wconf 87' lang='lat' dir='ltr'><strong>interpretatio</strong></span> <span class='ocrx_word' id='word_1_455' title='bbox 322 1550 419 1579; x_wconf 89' lang='lat' dir='ltr'><strong>Latina</strong></span> <span class='ocrx_word' id='word_1_456' title='bbox 433 1552 465 1580; x_wconf 88' lang='lat' dir='ltr'><strong>ab</strong></span> <span class='ocrx_word' id='word_1_457' title='bbox 480 1552 594 1589; x_wconf 84' lang='lat' dir='ltr'><strong>Evagrio</strong></span> <span class='ocrx_word' id='word_1_458' title='bbox 610 1553 682 1582; x_wconf 85' lang='lat' dir='ltr'><strong>edita</strong></span> <span class='ocrx_word' id='word_1_459' title='bbox 698 1553 789 1589; x_wconf 86' lang='lat' dir='ltr'><strong>fuerit.</strong></span> <span class='ocrx_word' id='word_1_460' title='bbox 808 1553 985 1587; x_wconf 84' lang='lat' dir='ltr'><strong>Quamobrem</strong></span> <span class='ocrx_word' id='word_1_461' title='bbox 1009 1561 1068 1581; x_wconf 87' lang='lat' dir='ltr'><strong>cum</strong></span> <span class='ocrx_word' id='word_1_462' title='bbox 1091 1554 1130 1582; x_wconf 88' lang='lat' dir='ltr'><strong>vel</strong></span> <span class='ocrx_word' id='word_1_463' title='bbox 1152 1554 1251 1582; x_wconf 79' lang='lat' dir='ltr'><strong>vivente</strong></span> <span class='ocrx_word' id='word_1_464' title='bbox 1265 1553 1421 1585; x_wconf 84' lang='lat' dir='ltr'><strong>Athanasio,</strong></span> <span class='ocrx_word' id='word_1_465' title='bbox 1436 1550 1476 1578; x_wconf 84' lang='lat' dir='ltr'><strong>vel</strong></span> <span class='ocrx_word' id='word_1_466' title='bbox 1498 1548 1618 1585; x_wconf 87' lang='lat' dir='ltr'><strong>pauculis</strong></span> <span class='ocrx_word' id='word_1_467' title='bbox 1636 1546 1669 1574; x_wconf 89' lang='lat' dir='ltr'><strong>ab</strong></span> <span class='ocrx_word' id='word_1_468' title='bbox 1689 1545 1746 1580; x_wconf 85' lang='lat' dir='ltr'><strong>ejus</strong></span> 
     </span>
    </p>
   </div>
   <div class='ocr_carea' id='block_1_34' title="bbox 127 1592 1746 1637">
    <p class='ocr_par' dir='ltr' id='par_1_34' title="bbox 127 1592 1746 1637">
     <span class='ocr_line' id='line_1_34' title="bbox 127 1592 1746 1637; baseline -0.001 -15"><span class='ocrx_word' id='word_1_469' title='bbox 127 1601 212 1624; x_wconf 85' lang='lat' dir='ltr'><strong>morte</strong></span> <span class='ocrx_word' id='word_1_470' title='bbox 222 1599 299 1626; x_wconf 81' lang='lat' dir='ltr'><strong>annis</strong></span> <span class='ocrx_word' id='word_1_471' title='bbox 311 1607 387 1626; x_wconf 87' lang='lat' dir='ltr'><strong>suam</strong></span> <span class='ocrx_word' id='word_1_472' title='bbox 401 1602 545 1629; x_wconf 79' lang='lat' dir='ltr'><strong>versionem</strong></span> <span class='ocrx_word' id='word_1_473' title='bbox 560 1602 722 1629; x_wconf 87' lang='lat' dir='ltr'><strong>concinnarit</strong></span> <span class='ocrx_word' id='word_1_474' title='bbox 735 1601 877 1637; x_wconf 89' lang='lat' dir='ltr'><strong>Evagrius,</strong></span> <span class='ocrx_word' id='word_1_475' title='bbox 890 1601 949 1636; x_wconf 82' lang='lat' dir='ltr'><strong>ipsa</strong></span> <span class='ocrx_word' id='word_1_476' title='bbox 962 1609 1025 1628; x_wconf 86' lang='lat' dir='ltr'><strong>sane</strong></span> <span class='ocrx_word' id='word_1_477' title='bbox 1037 1600 1095 1628; x_wconf 87' lang='lat' dir='ltr'><strong>luce</strong></span> <span class='ocrx_word' id='word_1_478' title='bbox 1107 1601 1223 1628; x_wconf 87' lang='lat' dir='ltr'><strong>lucidius</strong></span> <span class='ocrx_word' id='word_1_479' title='bbox 1234 1600 1327 1635; x_wconf 78' lang='lat' dir='ltr'><strong>fuerit,</strong></span> <span class='ocrx_word' id='word_1_480' title='bbox 1338 1603 1367 1626; x_wconf 91' lang='lat' dir='ltr'><strong>ut</strong></span> <span class='ocrx_word' id='word_1_481' title='bbox 1377 1605 1529 1635; x_wconf 87' lang='lat' dir='ltr'><strong>germanam</strong></span> <span class='ocrx_word' id='word_1_482' title='bbox 1540 1595 1662 1623; x_wconf 84' lang='lat' dir='ltr'><strong>habemus</strong></span> <span class='ocrx_word' id='word_1_483' title='bbox 1678 1592 1746 1620; x_wconf 57' lang='lat' dir='ltr'><strong>Evar</strong></span> 
     </span>
    </p>
   </div>
   <div class='ocr_carea' id='block_1_35' title="bbox 126 1642 1749 1685">
    <p class='ocr_par' dir='ltr' id='par_1_35' title="bbox 126 1642 1749 1685">
     <span class='ocr_line' id='line_1_35' title="bbox 126 1642 1749 1685; baseline 0.001 -17"><span class='ocrx_word' id='word_1_484' title='bbox 126 1642 180 1676; x_wconf 81' lang='lat' dir='ltr'><strong>grii</strong></span> <span class='ocrx_word' id='word_1_485' title='bbox 192 1644 334 1672; x_wconf 78' lang='lat' dir='ltr'><strong>versionem</strong></span> <span class='ocrx_word' id='word_1_486' title='bbox 344 1654 376 1673; x_wconf 78' lang='lat' dir='ltr'><strong>ea:</strong></span> <span class='ocrx_word' id='word_1_487' title='bbox 386 1646 478 1675; x_wconf 69' lang='lat' dir='ltr'><strong>Graeco</strong></span> <span class='ocrx_word' id='word_1_488' title='bbox 492 1649 635 1677; x_wconf 86' lang='lat' dir='ltr'><strong>Athanasii</strong></span> <span class='ocrx_word' id='word_1_489' title='bbox 649 1649 816 1684; x_wconf 85' lang='lat' dir='ltr'><strong>adornatam,</strong></span> <span class='ocrx_word' id='word_1_490' title='bbox 830 1651 870 1677; x_wconf 87' lang='lat' dir='ltr'><strong>ita</strong></span> <span class='ocrx_word' id='word_1_491' title='bbox 888 1649 983 1677; x_wconf 85' lang='lat' dir='ltr'><strong>habere</strong></span> <span class='ocrx_word' id='word_1_492' title='bbox 999 1650 1085 1685; x_wconf 87' lang='lat' dir='ltr'><strong>ipsam</strong></span> <span class='ocrx_word' id='word_1_493' title='bbox 1101 1650 1244 1677; x_wconf 86' lang='lat' dir='ltr'><strong>Athanasii</strong></span> <span class='ocrx_word' id='word_1_494' title='bbox 1259 1648 1390 1679; x_wconf 67' lang='lat' dir='ltr'><strong>Grecam,</strong></span> <span class='ocrx_word' id='word_1_495' title='bbox 1403 1655 1462 1684; x_wconf 78' lang='lat' dir='ltr'><strong>quo:</strong></span> <span class='ocrx_word' id='word_1_496' title='bbox 1478 1646 1539 1673; x_wconf 85' lang='lat' dir='ltr'><strong>huic</strong></span> <span class='ocrx_word' id='word_1_497' title='bbox 1560 1645 1598 1671; x_wconf 89' lang='lat' dir='ltr'><strong>ita</strong></span> <span class='ocrx_word' id='word_1_498' title='bbox 1616 1642 1749 1675; x_wconf 77' lang='lat' dir='ltr'><strong>convenit,</strong></span> 
     </span>
    </p>
   </div>
   <div class='ocr_carea' id='block_1_36' title="bbox 126 1689 1749 1732">
    <p class='ocr_par' dir='ltr' id='par_1_36' title="bbox 126 1689 1749 1732">
     <span class='ocr_line' id='line_1_36' title="bbox 126 1689 1749 1732; baseline 0 -18"><span class='ocrx_word' id='word_1_499' title='bbox 126 1692 157 1714; x_wconf 78' lang='lat' dir='ltr'><strong>ut</strong></span> <span class='ocrx_word' id='word_1_500' title='bbox 172 1696 203 1715; x_wconf 90' lang='lat' dir='ltr'><strong>ne</strong></span> <span class='ocrx_word' id='word_1_501' title='bbox 214 1689 398 1725; x_wconf 83' lang='lat' dir='ltr'><strong>interpolatum</strong></span> <span class='ocrx_word' id='word_1_502' title='bbox 411 1694 517 1726; x_wconf 88' lang='lat' dir='ltr'><strong>quidem</strong></span> <span class='ocrx_word' id='word_1_503' title='bbox 532 1695 686 1723; x_wconf 77' lang='lat' dir='ltr'><strong>utramlibet</strong></span> <span class='ocrx_word' id='word_1_504' title='bbox 699 1697 832 1732; x_wconf 87' lang='lat' dir='ltr'><strong>suspicari</strong></span> <span class='ocrx_word' id='word_1_505' title='bbox 844 1697 932 1724; x_wconf 83' lang='lat' dir='ltr'><strong>liceat.</strong></span> <span class='ocrx_word' id='word_1_506' title='bbox 948 1697 1019 1724; x_wconf 86' lang='lat' dir='ltr'><strong>Huic</strong></span> <span class='ocrx_word' id='word_1_507' title='bbox 1033 1700 1187 1731; x_wconf 80' lang='lat' dir='ltr'><strong>argumento</strong></span> <span class='ocrx_word' id='word_1_508' title='bbox 1202 1703 1254 1730; x_wconf 89' lang='lat' dir='ltr'><strong>qua</strong></span> <span class='ocrx_word' id='word_1_509' title='bbox 1270 1695 1373 1722; x_wconf 71' lang='lat' dir='ltr'><strong>ratione</strong></span> <span class='ocrx_word' id='word_1_510' title='bbox 1389 1699 1523 1720; x_wconf 88' lang='lat' dir='ltr'><strong>occurrere</strong></span> <span class='ocrx_word' id='word_1_511' title='bbox 1541 1689 1641 1725; x_wconf 84' lang='lat' dir='ltr'><strong>possint</strong></span> <span class='ocrx_word' id='word_1_512' title='bbox 1658 1692 1749 1715; x_wconf 70' lang='grc' dir='ltr'>πεοισ-</span> 
     </span>
    </p>
   </div>
   <div class='ocr_carea' id='block_1_37' title="bbox 126 1734 1748 1785">
    <p class='ocr_par' dir='ltr' id='par_1_37' title="bbox 126 1734 1748 1785">
     <span class='ocr_line' id='line_1_37' title="bbox 126 1734 1748 1785; baseline 0.001 -26"><span class='ocrx_word' id='word_1_513' title='bbox 126 1734 187 1785; x_wconf 75' lang='lat' dir='ltr'><strong>risi,</strong></span> <span class='ocrx_word' id='word_1_514' title='bbox 202 1735 346 1772; x_wconf 85' lang='lat' dir='ltr'><strong>intelligere</strong></span> <span class='ocrx_word' id='word_1_515' title='bbox 359 1741 494 1774; x_wconf 83' lang='lat' dir='ltr'><strong>nequimus</strong></span> <span class='ocrx_word' id='word_1_516' title='bbox 505 1749 515 1769; x_wconf 91' lang='lat'><strong>:</strong></span> <span class='ocrx_word' id='word_1_517' title='bbox 529 1742 581 1770; x_wconf 88' lang='lat' dir='ltr'><strong>nisi</strong></span> <span class='ocrx_word' id='word_1_518' title='bbox 593 1743 662 1785; x_wconf 68' lang='lat' dir='ltr'><strong>forte</strong></span> <span class='ocrx_word' id='word_1_519' title='bbox 681 1742 773 1770; x_wconf 87' lang='lat' dir='ltr'><strong>dicant</strong></span> <span class='ocrx_word' id='word_1_520' title='bbox 794 1743 915 1771; x_wconf 72' lang='lat' dir='ltr'><strong>Gracum</strong></span> <span class='ocrx_word' id='word_1_521' title='bbox 929 1744 1073 1779; x_wconf 75' lang='lat' dir='ltr'><strong>falsificum</strong></span> <span class='ocrx_word' id='word_1_522' title='bbox 1092 1750 1152 1770; x_wconf 89' lang='lat' dir='ltr'><strong>cum</strong></span> <span class='ocrx_word' id='word_1_523' title='bbox 1174 1741 1271 1769; x_wconf 85' lang='lat' dir='ltr'><strong>Latino</strong></span> <span class='ocrx_word' id='word_1_524' title='bbox 1289 1740 1464 1771; x_wconf 74' lang='lat' dir='ltr'><strong>conspirasse,</strong></span> <span class='ocrx_word' id='word_1_525' title='bbox 1479 1743 1525 1766; x_wconf 87' lang='lat' dir='ltr'><strong>aut</strong></span> <span class='ocrx_word' id='word_1_526' title='bbox 1543 1737 1639 1765; x_wconf 88' lang='lat' dir='ltr'><strong>saltem</strong></span> <span class='ocrx_word' id='word_1_527' title='bbox 1657 1734 1748 1785; x_wconf 60' lang='lat' dir='ltr'><strong>eodem</strong></span> 
     </span>
    </p>
   </div>
   <div class='ocr_carea' id='block_1_38' title="bbox 126 1780 1750 1822">
    <p class='ocr_par' dir='ltr' id='par_1_38' title="bbox 126 1780 1750 1822">
     <span class='ocr_line' id='line_1_38' title="bbox 126 1780 1750 1822; baseline -0.001 -13"><span class='ocrx_word' id='word_1_528' title='bbox 126 1783 217 1810; x_wconf 78' lang='lat' dir='ltr'><strong>animo</strong></span> <span class='ocrx_word' id='word_1_529' title='bbox 234 1784 262 1811; x_wconf 88' lang='lat' dir='ltr'><strong>id</strong></span> <span class='ocrx_word' id='word_1_530' title='bbox 280 1785 408 1820; x_wconf 81' lang='lat' dir='ltr'><strong>facinoris</strong></span> <span class='ocrx_word' id='word_1_531' title='bbox 422 1788 580 1822; x_wconf 83' lang='lat' dir='ltr'><strong>admisisse;</strong></span> <span class='ocrx_word' id='word_1_532' title='bbox 595 1795 623 1818; x_wconf 91' lang='lat' dir='ltr'><strong>ut</strong></span> <span class='ocrx_word' id='word_1_533' title='bbox 639 1780 684 1818; x_wconf 88' lang='lat' dir='ltr'><strong>ille</strong></span> <span class='ocrx_word' id='word_1_534' title='bbox 698 1792 802 1819; x_wconf 88' lang='lat' dir='ltr'><strong>nomine</strong></span> <span class='ocrx_word' id='word_1_535' title='bbox 815 1792 958 1819; x_wconf 86' lang='lat' dir='ltr'><strong>Athanasii</strong></span> <span class='ocrx_word' id='word_1_536' title='bbox 972 1793 1001 1819; x_wconf 89' lang='lat' dir='ltr'><strong>in</strong></span> <span class='ocrx_word' id='word_1_537' title='bbox 1018 1791 1124 1819; x_wconf 85' lang='lat' dir='ltr'><strong>Oriente</strong></span> <span class='ocrx_word' id='word_1_538' title='bbox 1140 1791 1230 1818; x_wconf 81' lang='lat' dir='ltr'><strong>Vitam</strong></span> <span class='ocrx_word' id='word_1_539' title='bbox 1251 1789 1362 1817; x_wconf 89' lang='lat' dir='ltr'><strong>Antonii</strong></span> <span class='ocrx_word' id='word_1_540' title='bbox 1385 1787 1566 1816; x_wconf 80' lang='lat' dir='ltr'><strong>conscriberet,</strong></span> <span class='ocrx_word' id='word_1_541' title='bbox 1582 1783 1624 1809; x_wconf 87' lang='lat' dir='ltr'><strong>hic</strong></span> <span class='ocrx_word' id='word_1_542' title='bbox 1647 1781 1675 1809; x_wconf 86' lang='lat' dir='ltr'><strong>in</strong></span> <span class='ocrx_word' id='word_1_543' title='bbox 1696 1780 1750 1808; x_wconf 84' lang='lat' dir='ltr'><strong>0c-</strong></span> 
     </span>
    </p>
   </div>
   <div class='ocr_carea' id='block_1_39' title="bbox 127 1829 1749 1875">
    <p class='ocr_par' dir='ltr' id='par_1_39' title="bbox 127 1829 1749 1875">
     <span class='ocr_line' id='line_1_39' title="bbox 127 1829 1749 1875; baseline -0.001 -18"><span class='ocrx_word' id='word_1_544' title='bbox 127 1830 230 1859; x_wconf 89' lang='lat' dir='ltr'><strong>cidente</strong></span> <span class='ocrx_word' id='word_1_545' title='bbox 249 1831 358 1869; x_wconf 85' lang='lat' dir='ltr'><strong>Evagrii</strong></span> <span class='ocrx_word' id='word_1_546' title='bbox 371 1836 474 1864; x_wconf 86' lang='lat' dir='ltr'><strong>nomine</strong></span> <span class='ocrx_word' id='word_1_547' title='bbox 488 1837 544 1872; x_wconf 86' lang='lat' dir='ltr'><strong>ejus</strong></span> <span class='ocrx_word' id='word_1_548' title='bbox 564 1839 709 1866; x_wconf 77' lang='lat' dir='ltr'><strong>versionem</strong></span> <span class='ocrx_word' id='word_1_549' title='bbox 726 1839 868 1867; x_wconf 87' lang='lat' dir='ltr'><strong>adornaret</strong></span> <span class='ocrx_word' id='word_1_550' title='bbox 881 1847 890 1867; x_wconf 82' lang='lat'><strong>.&#39;</strong></span> <span class='ocrx_word' id='word_1_551' title='bbox 904 1839 999 1875; x_wconf 89' lang='lat' dir='ltr'><strong>quibus</strong></span> <span class='ocrx_word' id='word_1_552' title='bbox 1015 1840 1053 1866; x_wconf 89' lang='lat' dir='ltr'><strong>ita</strong></span> <span class='ocrx_word' id='word_1_553' title='bbox 1067 1847 1108 1866; x_wconf 87' lang='lat' dir='ltr'><strong>res</strong></span> <span class='ocrx_word' id='word_1_554' title='bbox 1120 1846 1152 1866; x_wconf 81' lang='lat' dir='ltr'><strong>ea:</strong></span> <span class='ocrx_word' id='word_1_555' title='bbox 1165 1843 1224 1866; x_wconf 87' lang='lat' dir='ltr'><strong>voto</strong></span> <span class='ocrx_word' id='word_1_556' title='bbox 1235 1838 1353 1869; x_wconf 84' lang='lat' dir='ltr'><strong>cesserit,</strong></span> <span class='ocrx_word' id='word_1_557' title='bbox 1369 1843 1398 1864; x_wconf 86' lang='lat' dir='ltr'><strong>ut</strong></span> <span class='ocrx_word' id='word_1_558' title='bbox 1416 1835 1494 1871; x_wconf 81' lang='lat' dir='ltr'><strong>falsis</strong></span> <span class='ocrx_word' id='word_1_559' title='bbox 1509 1832 1614 1867; x_wconf 83' lang='lat' dir='ltr'><strong>scriptis</strong></span> <span class='ocrx_word' id='word_1_560' title='bbox 1631 1838 1691 1858; x_wconf 79' lang='lat' dir='ltr'><strong>vera</strong></span> <span class='ocrx_word' id='word_1_561' title='bbox 1702 1829 1749 1857; x_wconf 85' lang='lat' dir='ltr'><strong>ob—</strong></span> 
     </span>
    </p>
   </div>
   <div class='ocr_carea' id='block_1_40' title="bbox 127 1880 1640 1923">
    <p class='ocr_par' dir='ltr' id='par_1_40' title="bbox 127 1880 1640 1923">
     <span class='ocr_line' id='line_1_40' title="bbox 127 1880 1640 1923; baseline 0 -16"><span class='ocrx_word' id='word_1_562' title='bbox 127 1880 239 1913; x_wconf 75' lang='lat' dir='ltr'><strong>ruerint,</strong></span> <span class='ocrx_word' id='word_1_563' title='bbox 254 1886 278 1908; x_wconf 88' lang='lat' dir='ltr'><strong>et</strong></span> <span class='ocrx_word' id='word_1_564' title='bbox 290 1882 477 1912; x_wconf 86' lang='lat' dir='ltr'><strong>oblitterarint.</strong></span> <span class='ocrx_word' id='word_1_565' title='bbox 496 1885 561 1914; x_wconf 75' lang='lat' dir='ltr'><strong>Hac</strong></span> <span class='ocrx_word' id='word_1_566' title='bbox 572 1888 741 1922; x_wconf 85' lang='lat' dir='ltr'><strong>quantumvis</strong></span> <span class='ocrx_word' id='word_1_567' title='bbox 756 1887 872 1915; x_wconf 87' lang='lat' dir='ltr'><strong>absurda</strong></span> <span class='ocrx_word' id='word_1_568' title='bbox 887 1888 1010 1923; x_wconf 78' lang='lat' dir='ltr'><strong>fortassis</strong></span> <span class='ocrx_word' id='word_1_569' title='bbox 1022 1887 1199 1923; x_wconf 87' lang='lat' dir='ltr'><strong>usurpabunt,</strong></span> <span class='ocrx_word' id='word_1_570' title='bbox 1213 1887 1258 1922; x_wconf 85' lang='lat' dir='ltr'><strong>qui</strong></span> <span class='ocrx_word' id='word_1_571' title='bbox 1281 1886 1364 1913; x_wconf 84' lang='lat' dir='ltr'><strong>multo</strong></span> <span class='ocrx_word' id='word_1_572' title='bbox 1379 1885 1501 1920; x_wconf 83' lang='lat' dir='ltr'><strong>[utiliora</strong></span> <span class='ocrx_word' id='word_1_573' title='bbox 1516 1882 1640 1916; x_wconf 76' lang='lat' dir='ltr'><strong>obiecere.</strong></span> 
     </span>
    </p>
   </div>
   <div class='ocr_carea' id='block_1_41' title="bbox 164 1924 1746 1966">
    <p class='ocr_par' dir='ltr' id='par_1_41' title="bbox 164 1924 1746 1966">
     <span class='ocr_line' id='line_1_41' title="bbox 164 1924 1746 1966; baseline -0.001 -14"><span class='ocrx_word' id='word_1_574' title='bbox 164 1925 191 1953; x_wconf 75' lang='grc'><strong>4.</strong></span> <span class='ocrx_word' id='word_1_575' title='bbox 208 1925 304 1954; x_wconf 88' lang='lat' dir='ltr'><strong>Eodem</strong></span> <span class='ocrx_word' id='word_1_576' title='bbox 320 1928 365 1955; x_wconf 90' lang='lat' dir='ltr'><strong>ille</strong></span> <span class='ocrx_word' id='word_1_577' title='bbox 377 1929 455 1962; x_wconf 88' lang='lat' dir='ltr'><strong>libro,</strong></span> <span class='ocrx_word' id='word_1_578' title='bbox 467 1938 526 1965; x_wconf 85' lang='lat' dir='ltr'><strong>cap.</strong></span> <span class='ocrx_word' id='word_1_579' title='bbox 538 1931 590 1959; x_wconf 86' lang='lat'><strong>87:</strong></span> <span class='ocrx_word' id='word_1_580' title='bbox 603 1931 710 1966; x_wconf 83' lang='lat' dir='ltr'><strong>Fertur,</strong></span> <span class='ocrx_word' id='word_1_581' title='bbox 725 1933 775 1966; x_wconf 89' lang='lat' dir='ltr'><strong>ait,</strong></span> <span class='ocrx_word' id='word_1_582' title='bbox 794 1933 935 1961; x_wconf 81' lang='lat' dir='ltr'><strong>Athanasii</strong></span> <span class='ocrx_word' id='word_1_583' title='bbox 957 1933 1083 1965; x_wconf 85' lang='lat' dir='ltr'><strong>historia,</strong></span> <span class='ocrx_word' id='word_1_584' title='bbox 1099 1932 1207 1959; x_wconf 88' lang='lat' dir='ltr'><strong>Antonii</strong></span> <span class='ocrx_word' id='word_1_585' title='bbox 1228 1931 1349 1958; x_wconf 87' lang='lat' dir='ltr'><strong>monachi</strong></span> <span class='ocrx_word' id='word_1_586' title='bbox 1367 1930 1453 1958; x_wconf 84' lang='lat' dir='ltr'><strong>Vitam</strong></span> <span class='ocrx_word' id='word_1_587' title='bbox 1469 1929 1621 1957; x_wconf 88' lang='lat' dir='ltr'><strong>continens.</strong></span> <span class='ocrx_word' id='word_1_588' title='bbox 1637 1924 1672 1952; x_wconf 87' lang='lat' dir='ltr'><strong>Et</strong></span> <span class='ocrx_word' id='word_1_589' title='bbox 1686 1932 1746 1958; x_wconf 82' lang='lat' dir='ltr'><strong>cap.</strong></span> 
     </span>
    </p>
   </div>
   <div class='ocr_carea' id='block_1_42' title="bbox 127 1970 1747 2015">
    <p class='ocr_par' dir='ltr' id='par_1_42' title="bbox 127 1970 1747 2015">
     <span class='ocr_line' id='line_1_42' title="bbox 127 1970 1747 2015; baseline 0.001 -17"><span class='ocrx_word' id='word_1_590' title='bbox 127 1970 163 1999; x_wconf 79' lang='lat'><strong>88</strong></span> <span class='ocrx_word' id='word_1_591' title='bbox 173 1981 179 1999; x_wconf 91' lang='lat'><strong>:</strong></span> <span class='ocrx_word' id='word_1_592' title='bbox 189 1972 324 2002; x_wconf 87' lang='lat' dir='ltr'><strong>Antonius</strong></span> <span class='ocrx_word' id='word_1_593' title='bbox 335 1977 498 2010; x_wconf 86' lang='lat' dir='ltr'><strong>monachus,</strong></span> <span class='ocrx_word' id='word_1_594' title='bbox 509 1977 588 2014; x_wconf 84' lang='lat' dir='ltr'><strong>cujus</strong></span> <span class='ocrx_word' id='word_1_595' title='bbox 601 1978 690 2006; x_wconf 84' lang='lat' dir='ltr'><strong>Vitam</strong></span> <span class='ocrx_word' id='word_1_596' title='bbox 700 1979 867 2008; x_wconf 81' lang='lat' dir='ltr'><strong>Athanasius</strong></span> <span class='ocrx_word' id='word_1_597' title='bbox 877 1979 1069 2008; x_wconf 65' lang='lat' dir='ltr'><strong>Alexandrinas</strong></span> <span class='ocrx_word' id='word_1_598' title='bbox 1084 1980 1161 2008; x_wconf 86' lang='lat' dir='ltr'><strong>urbis</strong></span> <span class='ocrx_word' id='word_1_599' title='bbox 1177 1979 1333 2015; x_wconf 85' lang='lat' dir='ltr'><strong>episcopus,</strong></span> <span class='ocrx_word' id='word_1_600' title='bbox 1349 1977 1449 2014; x_wconf 87' lang='lat' dir='ltr'><strong>insigni</strong></span> <span class='ocrx_word' id='word_1_601' title='bbox 1462 1975 1601 2005; x_wconf 85' lang='lat' dir='ltr'><strong>volumine</strong></span> <span class='ocrx_word' id='word_1_602' title='bbox 1616 1980 1747 2010; x_wconf 87' lang='lat' dir='ltr'><strong>prosecu-</strong></span> 
     </span>
    </p>
   </div>
   <div class='ocr_carea' id='block_1_43' title="bbox 128 2019 1707 2046">
    <p class='ocr_par' dir='ltr' id='par_1_43' title="bbox 128 2019 1707 2046">
     <span class='ocr_line' id='line_1_43' title="bbox 128 2019 1707 2046; baseline 0.001 -1"><span class='ocrx_word' id='word_1_603' title='bbox 128 2021 174 2045; x_wconf 75' lang='lat' dir='ltr'><strong>tus</strong></span> <span class='ocrx_word' id='word_1_604' title='bbox 187 2022 238 2046; x_wconf 88' lang='lat' dir='ltr'><strong>est.</strong></span> <span class='ocrx_word' id='word_1_605' title='bbox 1695 2019 1707 2023; x_wconf 85' lang='grc'><strong>’</strong></span> 
     </span>
    </p>
   </div>
   <div class='ocr_carea' id='block_1_44' title="bbox 165 2066 1757 2110">
    <p class='ocr_par' dir='ltr' id='par_1_44' title="bbox 165 2066 1757 2110">
     <span class='ocr_line' id='line_1_44' title="bbox 165 2066 1757 2110; baseline 0.001 -14"><span class='ocrx_word' id='word_1_606' title='bbox 165 2066 192 2093; x_wconf 83' lang='grc'><strong>5-</strong></span> <span class='ocrx_word' id='word_1_607' title='bbox 206 2066 301 2094; x_wconf 87' lang='lat' dir='ltr'><strong>Sancti</strong></span> <span class='ocrx_word' id='word_1_608' title='bbox 313 2067 438 2104; x_wconf 85' lang='lat' dir='ltr'><strong>Ephremi</strong></span> <span class='ocrx_word' id='word_1_609' title='bbox 457 2071 569 2107; x_wconf 73' lang='lat' dir='ltr'><strong>insignis</strong></span> <span class='ocrx_word' id='word_1_610' title='bbox 583 2077 671 2101; x_wconf 70' lang='lat' dir='ltr'><strong>exstat</strong></span> <span class='ocrx_word' id='word_1_611' title='bbox 683 2073 769 2107; x_wconf 89' lang='lat' dir='ltr'><strong>locus,</strong></span> <span class='ocrx_word' id='word_1_612' title='bbox 781 2074 809 2101; x_wconf 88' lang='lat' dir='ltr'><strong>in</strong></span> <span class='ocrx_word' id='word_1_613' title='bbox 828 2074 908 2108; x_wconf 86' lang='lat' dir='ltr'><strong>illud,</strong></span> <span class='ocrx_word' id='word_1_614' title='bbox 926 2075 1042 2104; x_wconf 82' lang='lat' dir='ltr'><strong>Attende</strong></span> <span class='ocrx_word' id='word_1_615' title='bbox 1061 2074 1110 2102; x_wconf 84' lang='lat' dir='ltr'><strong>tibi</strong></span> <span class='ocrx_word' id='word_1_616' title='bbox 1126 2074 1178 2110; x_wconf 89' lang='lat' dir='ltr'><strong>ipsi</strong></span> <span class='ocrx_word' id='word_1_617' title='bbox 1191 2083 1198 2102; x_wconf 89' lang='lat'><strong>:</strong></span> <span class='ocrx_word' id='word_1_618' title='bbox 1214 2082 1290 2110; x_wconf 83' lang='lat' dir='ltr'><strong>quem</strong></span> <span class='ocrx_word' id='word_1_619' title='bbox 1315 2073 1506 2109; x_wconf 82' lang='lat' dir='ltr'><strong>tongiusculum</strong></span> <span class='ocrx_word' id='word_1_620' title='bbox 1520 2072 1581 2100; x_wconf 87' lang='lat' dir='ltr'><strong>licet</strong></span> <span class='ocrx_word' id='word_1_621' title='bbox 1592 2071 1642 2099; x_wconf 88' lang='lat' dir='ltr'><strong>huc</strong></span> <span class='ocrx_word' id='word_1_622' title='bbox 1652 2070 1757 2106; x_wconf 76' lang='lat' dir='ltr'><strong>referre-</strong></span> 
     </span>
    </p>
   </div>
   <div class='ocr_carea' id='block_1_45' title="bbox 127 2113 1756 2156">
    <p class='ocr_par' dir='ltr' id='par_1_45' title="bbox 127 2113 1756 2156">
     <span class='ocr_line' id='line_1_45' title="bbox 127 2113 1756 2156; baseline 0.001 -17"><span class='ocrx_word' id='word_1_623' title='bbox 127 2113 214 2139; x_wconf 84' lang='lat' dir='ltr'><strong>visum</strong></span> <span class='ocrx_word' id='word_1_624' title='bbox 225 2119 274 2141; x_wconf 90' lang='lat' dir='ltr'><strong>est.</strong></span> <span class='ocrx_word' id='word_1_625' title='bbox 292 2114 451 2150; x_wconf 84' lang='lat' dir='ltr'><strong>Cujusmodi</strong></span> <span class='ocrx_word' id='word_1_626' title='bbox 468 2122 580 2146; x_wconf 84' lang='lat' dir='ltr'><strong>sanctus</strong></span> <span class='ocrx_word' id='word_1_627' title='bbox 592 2119 729 2148; x_wconf 86' lang='lat' dir='ltr'><strong>Antonius</strong></span> <span class='ocrx_word' id='word_1_628' title='bbox 742 2120 857 2154; x_wconf 81' lang='lat' dir='ltr'><strong>exstitit,</strong></span> <span class='ocrx_word' id='word_1_629' title='bbox 870 2121 1100 2156; x_wconf 85' lang='lat' dir='ltr'><strong>quemadmodum</strong></span> <span class='ocrx_word' id='word_1_630' title='bbox 1112 2124 1140 2148; x_wconf 88' lang='lat' dir='ltr'><strong>et</strong></span> <span class='ocrx_word' id='word_1_631' title='bbox 1151 2125 1265 2148; x_wconf 80' lang='lat' dir='ltr'><strong>sanctus</strong></span> <span class='ocrx_word' id='word_1_632' title='bbox 1276 2119 1444 2147; x_wconf 83' lang='lat' dir='ltr'><strong>Athanasius</strong></span> <span class='ocrx_word' id='word_1_633' title='bbox 1460 2117 1605 2153; x_wconf 89' lang='lat' dir='ltr'><strong>episcopus</strong></span> <span class='ocrx_word' id='word_1_634' title='bbox 1623 2114 1756 2146; x_wconf 60' lang='lat' dir='ltr'><strong>meminiv,</strong></span> 
     </span>
    </p>
   </div>
   <div class='ocr_carea' id='block_1_46' title="bbox 130 2160 1755 2203">
    <p class='ocr_par' dir='ltr' id='par_1_46' title="bbox 130 2160 1755 2203">
     <span class='ocr_line' id='line_1_46' title="bbox 130 2160 1755 2203; baseline 0.002 -16"><span class='ocrx_word' id='word_1_635' title='bbox 130 2161 161 2187; x_wconf 91' lang='lat' dir='ltr'><strong>in</strong></span> <span class='ocrx_word' id='word_1_636' title='bbox 183 2160 247 2189; x_wconf 86' lang='lat' dir='ltr'><strong>Vita</strong></span> <span class='ocrx_word' id='word_1_637' title='bbox 261 2170 342 2198; x_wconf 90' lang='lat' dir='ltr'><strong>quam</strong></span> <span class='ocrx_word' id='word_1_638' title='bbox 355 2164 389 2192; x_wconf 91' lang='lat' dir='ltr'><strong>de</strong></span> <span class='ocrx_word' id='word_1_639' title='bbox 404 2171 437 2193; x_wconf 90' lang='lat' dir='ltr'><strong>eo</strong></span> <span class='ocrx_word' id='word_1_640' title='bbox 457 2165 632 2200; x_wconf 87' lang='lat' dir='ltr'><strong>conscripsit.</strong></span> <span class='ocrx_word' id='word_1_641' title='bbox 650 2165 718 2194; x_wconf 84' lang='lat' dir='ltr'><strong>Nam</strong></span> <span class='ocrx_word' id='word_1_642' title='bbox 732 2167 817 2195; x_wconf 84' lang='lat' dir='ltr'><strong>multa</strong></span> <span class='ocrx_word' id='word_1_643' title='bbox 839 2168 1042 2201; x_wconf 83' lang='lat' dir='ltr'><strong>exercitatione,</strong></span> <span class='ocrx_word' id='word_1_644' title='bbox 1057 2174 1144 2203; x_wconf 90' lang='lat' dir='ltr'><strong>eaque</strong></span> <span class='ocrx_word' id='word_1_645' title='bbox 1165 2167 1318 2195; x_wconf 81' lang='lat' dir='ltr'><strong>incitatiore</strong></span> <span class='ocrx_word' id='word_1_646' title='bbox 1332 2173 1365 2194; x_wconf 86' lang='lat' dir='ltr'><strong>ac</strong></span> <span class='ocrx_word' id='word_1_647' title='bbox 1385 2164 1588 2193; x_wconf 86' lang='lat' dir='ltr'><strong>vehementiore</strong></span> <span class='ocrx_word' id='word_1_648' title='bbox 1607 2168 1649 2191; x_wconf 87' lang='lat' dir='ltr'><strong>est</strong></span> <span class='ocrx_word' id='word_1_649' title='bbox 1670 2170 1755 2191; x_wconf 74' lang='lat' dir='ltr'><strong>usus..</strong></span> 
     </span>
    </p>
   </div>
   <div class='ocr_carea' id='block_1_47' title="bbox 127 2204 1747 2248">
    <p class='ocr_par' dir='ltr' id='par_1_47' title="bbox 127 2204 1747 2248">
     <span class='ocr_line' id='line_1_47' title="bbox 127 2204 1747 2248; baseline 0.002 -16"><span class='ocrx_word' id='word_1_650' title='bbox 127 2204 273 2241; x_wconf 78' lang='lat' dir='ltr'><strong>Jejunabat</strong></span> <span class='ocrx_word' id='word_1_651' title='bbox 283 2209 355 2237; x_wconf 91' lang='lat' dir='ltr'><strong>enim</strong></span> <span class='ocrx_word' id='word_1_652' title='bbox 373 2218 490 2246; x_wconf 87' lang='lat' dir='ltr'><strong>semper,</strong></span> <span class='ocrx_word' id='word_1_653' title='bbox 503 2210 745 2247; x_wconf 88' lang='lat' dir='ltr'><strong>indumentumque</strong></span> <span class='ocrx_word' id='word_1_654' title='bbox 758 2212 878 2248; x_wconf 79' lang='lat' dir='ltr'><strong>gerebat,</strong></span> <span class='ocrx_word' id='word_1_655' title='bbox 894 2212 1007 2240; x_wconf 90' lang='lat' dir='ltr'><strong>interius</strong></span> <span class='ocrx_word' id='word_1_656' title='bbox 1021 2212 1130 2248; x_wconf 90' lang='lat' dir='ltr'><strong>quidem</strong></span> <span class='ocrx_word' id='word_1_657' title='bbox 1146 2212 1277 2243; x_wconf 88' lang='lat' dir='ltr'><strong>cilicium,</strong></span> <span class='ocrx_word' id='word_1_658' title='bbox 1301 2210 1421 2238; x_wconf 85' lang='lat' dir='ltr'><strong>exterius</strong></span> <span class='ocrx_word' id='word_1_659' title='bbox 1441 2214 1530 2238; x_wconf 85' lang='lat' dir='ltr'><strong>autem</strong></span> <span class='ocrx_word' id='word_1_660' title='bbox 1540 2208 1693 2245; x_wconf 88' lang='lat' dir='ltr'><strong>pelliceum,</strong></span> <span class='ocrx_word' id='word_1_661' title='bbox 1706 2207 1747 2234; x_wconf 93' lang='lat' dir='ltr'><strong>id-</strong></span> 
     </span>
    </p>
   </div>
   <div class='ocr_carea' id='block_1_48' title="bbox 129 2255 1752 2295">
    <p class='ocr_par' dir='ltr' id='par_1_48' title="bbox 129 2255 1752 2295">
     <span class='ocr_line' id='line_1_48' title="bbox 129 2255 1752 2295; baseline 0.002 -15"><span class='ocrx_word' id='word_1_662' title='bbox 129 2259 185 2287; x_wconf 86' lang='lat' dir='ltr'><strong>que</strong></span> <span class='ocrx_word' id='word_1_663' title='bbox 199 2255 232 2281; x_wconf 90' lang='lat' dir='ltr'><strong>ad</strong></span> <span class='ocrx_word' id='word_1_664' title='bbox 244 2260 357 2283; x_wconf 83' lang='lat' dir='ltr'><strong>mm-tem</strong></span> <span class='ocrx_word' id='word_1_665' title='bbox 373 2264 459 2292; x_wconf 88' lang='lat' dir='ltr'><strong>usque</strong></span> <span class='ocrx_word' id='word_1_666' title='bbox 475 2257 614 2292; x_wconf 86' lang='lat' dir='ltr'><strong>servavit;</strong></span> <span class='ocrx_word' id='word_1_667' title='bbox 630 2257 667 2285; x_wconf 89' lang='lat' dir='ltr'><strong>ita</strong></span> <span class='ocrx_word' id='word_1_668' title='bbox 682 2263 712 2285; x_wconf 89' lang='lat' dir='ltr'><strong>ut</strong></span> <span class='ocrx_word' id='word_1_669' title='bbox 725 2265 812 2293; x_wconf 86' lang='lat' dir='ltr'><strong>neque</strong></span> <span class='ocrx_word' id='word_1_670' title='bbox 832 2265 933 2294; x_wconf 87' lang='lat' dir='ltr'><strong>corpus</strong></span> <span class='ocrx_word' id='word_1_671' title='bbox 959 2259 1079 2286; x_wconf 88' lang='lat' dir='ltr'><strong>sordium</strong></span> <span class='ocrx_word' id='word_1_672' title='bbox 1100 2267 1184 2287; x_wconf 87' lang='lat' dir='ltr'><strong>causa</strong></span> <span class='ocrx_word' id='word_1_673' title='bbox 1200 2259 1279 2295; x_wconf 88' lang='lat' dir='ltr'><strong>aquis</strong></span> <span class='ocrx_word' id='word_1_674' title='bbox 1303 2259 1435 2293; x_wconf 85' lang='lat' dir='ltr'><strong>ablueret,</strong></span> <span class='ocrx_word' id='word_1_675' title='bbox 1446 2267 1533 2295; x_wconf 88' lang='lat' dir='ltr'><strong>neque</strong></span> <span class='ocrx_word' id='word_1_676' title='bbox 1553 2257 1661 2294; x_wconf 85' lang='lat' dir='ltr'><strong>penitus</strong></span> <span class='ocrx_word' id='word_1_677' title='bbox 1680 2264 1752 2285; x_wconf 68' lang='lat' dir='ltr'><strong>suos</strong></span> 
     </span>
    </p>
   </div>
   <div class='ocr_carea' id='block_1_49' title="bbox 129 2301 1756 2343">
    <p class='ocr_par' dir='ltr' id='par_1_49' title="bbox 129 2301 1756 2343">
     <span class='ocr_line' id='line_1_49' title="bbox 129 2301 1756 2343; baseline 0.002 -15"><span class='ocrx_word' id='word_1_678' title='bbox 129 2301 213 2336; x_wconf 89' lang='lat' dir='ltr'><strong>pedes</strong></span> <span class='ocrx_word' id='word_1_679' title='bbox 227 2302 341 2336; x_wconf 87' lang='lat' dir='ltr'><strong>lavaret,</strong></span> <span class='ocrx_word' id='word_1_680' title='bbox 355 2311 442 2340; x_wconf 89' lang='lat' dir='ltr'><strong>neque</strong></span> <span class='ocrx_word' id='word_1_681' title='bbox 456 2304 518 2333; x_wconf 87' lang='lat' dir='ltr'><strong>illos</strong></span> <span class='ocrx_word' id='word_1_682' title='bbox 534 2312 654 2340; x_wconf 83' lang='lat' dir='ltr'><strong>unquam</strong></span> <span class='ocrx_word' id='word_1_683' title='bbox 669 2305 793 2338; x_wconf 88' lang='lat' dir='ltr'><strong>omnino,</strong></span> <span class='ocrx_word' id='word_1_684' title='bbox 810 2305 850 2333; x_wconf 86' lang='lat' dir='ltr'><strong>vel</strong></span> <span class='ocrx_word' id='word_1_685' title='bbox 873 2313 945 2340; x_wconf 88' lang='lat' dir='ltr'><strong>aqua</strong></span> <span class='ocrx_word' id='word_1_686' title='bbox 967 2305 1094 2341; x_wconf 87' lang='lat' dir='ltr'><strong>tingeret,</strong></span> <span class='ocrx_word' id='word_1_687' title='bbox 1111 2306 1164 2334; x_wconf 90' lang='lat' dir='ltr'><strong>nisi</strong></span> <span class='ocrx_word' id='word_1_688' title='bbox 1191 2307 1355 2334; x_wconf 87' lang='lat' dir='ltr'><strong>necessitate</strong></span> <span class='ocrx_word' id='word_1_689' title='bbox 1372 2312 1494 2343; x_wconf 81' lang='lat' dir='ltr'><strong>cogente.</strong></span> <span class='ocrx_word' id='word_1_690' title='bbox 1513 2305 1565 2333; x_wconf 88' lang='lat' dir='ltr'><strong>Sed</strong></span> <span class='ocrx_word' id='word_1_691' title='bbox 1582 2312 1670 2340; x_wconf 80' lang='lat' dir='ltr'><strong>neque</strong></span> <span class='ocrx_word' id='word_1_692' title='bbox 1685 2305 1756 2339; x_wconf 79' lang='lat' dir='ltr'><strong>quis.</strong></span> 
     </span>
    </p>
   </div>
   <div class='ocr_carea' id='block_1_50' title="bbox 129 2350 1749 2391">
    <p class='ocr_par' dir='ltr' id='par_1_50' title="bbox 129 2350 1749 2391">
     <span class='ocr_line' id='line_1_50' title="bbox 129 2350 1749 2391; baseline 0.001 -15"><span class='ocrx_word' id='word_1_693' title='bbox 129 2357 195 2377; x_wconf 88' lang='lat' dir='ltr'><strong>eum</strong></span> <span class='ocrx_word' id='word_1_694' title='bbox 209 2350 376 2379; x_wconf 87' lang='lat' dir='ltr'><strong>denudatum</strong></span> <span class='ocrx_word' id='word_1_695' title='bbox 401 2361 522 2388; x_wconf 89' lang='lat' dir='ltr'><strong>unquam</strong></span> <span class='ocrx_word' id='word_1_696' title='bbox 535 2353 686 2389; x_wconf 82' lang='lat' dir='ltr'><strong>conspexit,</strong></span> <span class='ocrx_word' id='word_1_697' title='bbox 698 2361 748 2382; x_wconf 92' lang='lat' dir='ltr'><strong>nec</strong></span> <span class='ocrx_word' id='word_1_698' title='bbox 760 2362 872 2389; x_wconf 89' lang='lat' dir='ltr'><strong>prorsus</strong></span> <span class='ocrx_word' id='word_1_699' title='bbox 883 2354 995 2382; x_wconf 87' lang='lat' dir='ltr'><strong>Antonii</strong></span> <span class='ocrx_word' id='word_1_700' title='bbox 1007 2355 1197 2390; x_wconf 88' lang='lat' dir='ltr'><strong>corpusculum</strong></span> <span class='ocrx_word' id='word_1_701' title='bbox 1210 2355 1325 2388; x_wconf 87' lang='lat' dir='ltr'><strong>nudum,</strong></span> <span class='ocrx_word' id='word_1_702' title='bbox 1337 2358 1515 2391; x_wconf 63' lang='lat' dir='ltr'><strong>praeterquam</strong></span> <span class='ocrx_word' id='word_1_703' title='bbox 1528 2359 1590 2381; x_wconf 91' lang='lat' dir='ltr'><strong>cum</strong></span> <span class='ocrx_word' id='word_1_704' title='bbox 1601 2355 1664 2387; x_wconf 82' lang='lat' dir='ltr'><strong>post.</strong></span> <span class='ocrx_word' id='word_1_705' title='bbox 1674 2358 1749 2378; x_wconf 88' lang='lat' dir='ltr'><strong>mor-</strong></span> 
     </span>
    </p>
   </div>
   <div class='ocr_carea' id='block_1_51' title="bbox 130 2398 1751 2438">
    <p class='ocr_par' dir='ltr' id='par_1_51' title="bbox 130 2398 1751 2438">
     <span class='ocr_line' id='line_1_51' title="bbox 130 2398 1751 2438; baseline 0.001 -14"><span class='ocrx_word' id='word_1_706' title='bbox 130 2401 185 2425; x_wconf 84' lang='lat' dir='ltr'><strong>tem</strong></span> <span class='ocrx_word' id='word_1_707' title='bbox 207 2398 379 2433; x_wconf 86' lang='lat' dir='ltr'><strong>sepeliretur,</strong></span> <span class='ocrx_word' id='word_1_708' title='bbox 395 2400 523 2435; x_wconf 86' lang='lat' dir='ltr'><strong>cuiquam</strong></span> <span class='ocrx_word' id='word_1_709' title='bbox 542 2401 639 2436; x_wconf 85' lang='lat' dir='ltr'><strong>patuit.</strong></span> <span class='ocrx_word' id='word_1_710' title='bbox 661 2401 811 2436; x_wconf 87' lang='lat' dir='ltr'><strong>Rursusque</strong></span> <span class='ocrx_word' id='word_1_711' title='bbox 833 2401 890 2428; x_wconf 88' lang='lat' dir='ltr'><strong>ait:</strong></span> <span class='ocrx_word' id='word_1_712' title='bbox 906 2401 964 2429; x_wconf 83' lang='lat' dir='ltr'><strong>Etsi</strong></span> <span class='ocrx_word' id='word_1_713' title='bbox 981 2402 1033 2429; x_wconf 86' lang='lat' dir='ltr'><strong>ista</strong></span> <span class='ocrx_word' id='word_1_714' title='bbox 1052 2401 1087 2429; x_wconf 88' lang='lat' dir='ltr'><strong>ad</strong></span> <span class='ocrx_word' id='word_1_715' title='bbox 1105 2402 1177 2430; x_wconf 88' lang='lat' dir='ltr'><strong>illius</strong></span> <span class='ocrx_word' id='word_1_716' title='bbox 1192 2402 1319 2430; x_wconf 87' lang='lat' dir='ltr'><strong>virtutem</strong></span> <span class='ocrx_word' id='word_1_717' title='bbox 1336 2410 1418 2438; x_wconf 87' lang='lat' dir='ltr'><strong>parva</strong></span> <span class='ocrx_word' id='word_1_718' title='bbox 1429 2424 1436 2435; x_wconf 92' lang='lat'><strong>,</strong></span> <span class='ocrx_word' id='word_1_719' title='bbox 1452 2409 1486 2429; x_wconf 89' lang='lat' dir='ltr'><strong>ex</strong></span> <span class='ocrx_word' id='word_1_720' title='bbox 1502 2400 1535 2428; x_wconf 90' lang='lat' dir='ltr'><strong>iis</strong></span> <span class='ocrx_word' id='word_1_721' title='bbox 1554 2405 1648 2428; x_wconf 83' lang='lat' dir='ltr'><strong>tamen.</strong></span> <span class='ocrx_word' id='word_1_722' title='bbox 1657 2399 1751 2434; x_wconf 74' lang='lat' dir='ltr'><strong>qualis</strong></span> 
     </span>
    </p>
   </div>
   <div class='ocr_carea' id='block_1_52' title="bbox 130 2444 1752 2487">
    <p class='ocr_par' dir='ltr' id='par_1_52' title="bbox 130 2444 1752 2487">
     <span class='ocr_line' id='line_1_52' title="bbox 130 2444 1752 2487; baseline -0.001 -13"><span class='ocrx_word' id='word_1_723' title='bbox 130 2447 178 2475; x_wconf 81' lang='lat' dir='ltr'><strong>Dei</strong></span> <span class='ocrx_word' id='word_1_724' title='bbox 190 2455 286 2476; x_wconf 84' lang='lat' dir='ltr'><strong>servus</strong></span> <span class='ocrx_word' id='word_1_725' title='bbox 302 2448 384 2477; x_wconf 84' lang='lat' dir='ltr'><strong>fuerit</strong></span> <span class='ocrx_word' id='word_1_726' title='bbox 394 2450 540 2483; x_wconf 90' lang='lat' dir='ltr'><strong>Antonius,</strong></span> <span class='ocrx_word' id='word_1_727' title='bbox 554 2444 730 2479; x_wconf 84' lang='lat' dir='ltr'><strong>considerare</strong></span> <span class='ocrx_word' id='word_1_728' title='bbox 744 2455 772 2478; x_wconf 85' lang='lat' dir='ltr'><strong>et</strong></span> <span class='ocrx_word' id='word_1_729' title='bbox 781 2451 918 2479; x_wconf 74' lang='lat' dir='ltr'><strong>aestimare</strong></span> <span class='ocrx_word' id='word_1_730' title='bbox 933 2450 1011 2484; x_wconf 88' lang='lat' dir='ltr'><strong>licet;</strong></span> <span class='ocrx_word' id='word_1_731' title='bbox 1026 2450 1127 2485; x_wconf 89' lang='lat' dir='ltr'><strong>quippe</strong></span> <span class='ocrx_word' id='word_1_732' title='bbox 1138 2450 1184 2485; x_wconf 88' lang='lat' dir='ltr'><strong>qui</strong></span> <span class='ocrx_word' id='word_1_733' title='bbox 1198 2457 1213 2477; x_wconf 90' lang='lat' dir='ltr'><strong>a</strong></span> <span class='ocrx_word' id='word_1_734' title='bbox 1225 2450 1368 2485; x_wconf 89' lang='lat' dir='ltr'><strong>juventute</strong></span> <span class='ocrx_word' id='word_1_735' title='bbox 1380 2449 1413 2477; x_wconf 90' lang='lat' dir='ltr'><strong>ad</strong></span> <span class='ocrx_word' id='word_1_736' title='bbox 1425 2452 1527 2476; x_wconf 86' lang='lat' dir='ltr'><strong>tantam</strong></span> <span class='ocrx_word' id='word_1_737' title='bbox 1542 2455 1628 2487; x_wconf 79' lang='lat' dir='ltr'><strong>usque</strong></span> <span class='ocrx_word' id='word_1_738' title='bbox 1640 2451 1752 2474; x_wconf 75' lang='lat' dir='ltr'><strong>:etatcm</strong></span> 
     </span>
    </p>
   </div>
   <div class='ocr_carea' id='block_1_53' title="bbox 131 2494 1748 2533">
    <p class='ocr_par' dir='ltr' id='par_1_53' title="bbox 131 2494 1748 2533">
     <span class='ocr_line' id='line_1_53' title="bbox 131 2494 1748 2533; baseline -0.001 -11"><span class='ocrx_word' id='word_1_739' title='bbox 131 2495 263 2531; x_wconf 66' lang='lat' dir='ltr'><strong>aqualem</strong></span> <span class='ocrx_word' id='word_1_740' title='bbox 280 2496 388 2531; x_wconf 84' lang='lat' dir='ltr'><strong>semper</strong></span> <span class='ocrx_word' id='word_1_741' title='bbox 400 2497 527 2525; x_wconf 86' lang='lat' dir='ltr'><strong>servabat</strong></span> <span class='ocrx_word' id='word_1_742' title='bbox 541 2498 569 2526; x_wconf 95' lang='lat' dir='ltr'><strong>in</strong></span> <span class='ocrx_word' id='word_1_743' title='bbox 583 2499 779 2527; x_wconf 85' lang='lat' dir='ltr'><strong>exercitatione</strong></span> <span class='ocrx_word' id='word_1_744' title='bbox 792 2499 960 2527; x_wconf 86' lang='lat' dir='ltr'><strong>alacritatem</strong></span> <span class='ocrx_word' id='word_1_745' title='bbox 974 2508 981 2526; x_wconf 94' lang='lat'><strong>:</strong></span> <span class='ocrx_word' id='word_1_746' title='bbox 994 2503 1022 2526; x_wconf 84' lang='lat' dir='ltr'><strong>et</strong></span> <span class='ocrx_word' id='word_1_747' title='bbox 1035 2506 1124 2533; x_wconf 85' lang='lat' dir='ltr'><strong>neque</strong></span> <span class='ocrx_word' id='word_1_748' title='bbox 1138 2502 1279 2526; x_wconf 80' lang='lat' dir='ltr'><strong>senectute</strong></span> <span class='ocrx_word' id='word_1_749' title='bbox 1301 2498 1416 2530; x_wconf 80' lang='lat' dir='ltr'><strong>fractus,</strong></span> <span class='ocrx_word' id='word_1_750' title='bbox 1431 2496 1636 2525; x_wconf 84' lang='lat' dir='ltr'><strong>delicatioribus</strong></span> <span class='ocrx_word' id='word_1_751' title='bbox 1652 2494 1748 2522; x_wconf 87' lang='lat' dir='ltr'><strong>uteba-</strong></span> 
     </span>
    </p>
   </div>
   <div class='ocr_carea' id='block_1_54' title="bbox 132 2541 1750 2581">
    <p class='ocr_par' dir='ltr' id='par_1_54' title="bbox 132 2541 1750 2581">
     <span class='ocr_line' id='line_1_54' title="bbox 132 2541 1750 2581; baseline -0.001 -13"><span class='ocrx_word' id='word_1_752' title='bbox 132 2546 177 2569; x_wconf 88' lang='lat' dir='ltr'><strong>tur</strong></span> <span class='ocrx_word' id='word_1_753' title='bbox 192 2542 275 2576; x_wconf 91' lang='lat' dir='ltr'><strong>cibis;</strong></span> <span class='ocrx_word' id='word_1_754' title='bbox 292 2550 380 2578; x_wconf 89' lang='lat' dir='ltr'><strong>neque</strong></span> <span class='ocrx_word' id='word_1_755' title='bbox 391 2547 500 2578; x_wconf 88' lang='lat' dir='ltr'><strong>propter</strong></span> <span class='ocrx_word' id='word_1_756' title='bbox 512 2544 678 2573; x_wconf 79' lang='lat' dir='ltr'><strong>debilitatem</strong></span> <span class='ocrx_word' id='word_1_757' title='bbox 694 2546 817 2581; x_wconf 91' lang='lat' dir='ltr'><strong>corporis</strong></span> <span class='ocrx_word' id='word_1_758' title='bbox 833 2546 996 2574; x_wconf 86' lang='lat' dir='ltr'><strong>immutabat</strong></span> <span class='ocrx_word' id='word_1_759' title='bbox 1011 2546 1054 2574; x_wconf 92' lang='lat' dir='ltr'><strong>sui</strong></span> <span class='ocrx_word' id='word_1_760' title='bbox 1069 2545 1221 2572; x_wconf 89' lang='lat' dir='ltr'><strong>indumenti</strong></span> <span class='ocrx_word' id='word_1_761' title='bbox 1235 2545 1369 2572; x_wconf 86' lang='lat' dir='ltr'><strong>habitum.</strong></span> <span class='ocrx_word' id='word_1_762' title='bbox 1384 2543 1440 2571; x_wconf 89' lang='lat' dir='ltr'><strong>Aut</strong></span> <span class='ocrx_word' id='word_1_763' title='bbox 1455 2543 1478 2571; x_wconf 88' lang='lat' dir='ltr'><strong>si</strong></span> <span class='ocrx_word' id='word_1_764' title='bbox 1492 2542 1562 2570; x_wconf 82' lang='lat' dir='ltr'><strong>forte</strong></span> <span class='ocrx_word' id='word_1_765' title='bbox 1582 2541 1664 2577; x_wconf 88' lang='lat' dir='ltr'><strong>pedes</strong></span> <span class='ocrx_word' id='word_1_766' title='bbox 1676 2547 1750 2575; x_wconf 79' lang='lat' dir='ltr'><strong>aqua</strong></span> 
     </span>
    </p>
   </div>
   <div class='ocr_carea' id='block_1_55' title="bbox 132 2589 1747 2631">
    <p class='ocr_par' dir='ltr' id='par_1_55' title="bbox 132 2589 1747 2631">
     <span class='ocr_line' id='line_1_55' title="bbox 132 2589 1747 2631; baseline -0.002 -12"><span class='ocrx_word' id='word_1_767' title='bbox 132 2591 257 2627; x_wconf 82' lang='lat' dir='ltr'><strong>tingeret,</strong></span> <span class='ocrx_word' id='word_1_768' title='bbox 271 2596 298 2620; x_wconf 86' lang='lat' dir='ltr'><strong>et</strong></span> <span class='ocrx_word' id='word_1_769' title='bbox 310 2597 398 2621; x_wconf 84' lang='lat' dir='ltr'><strong>tamen</strong></span> <span class='ocrx_word' id='word_1_770' title='bbox 418 2593 445 2620; x_wconf 94' lang='lat' dir='ltr'><strong>in</strong></span> <span class='ocrx_word' id='word_1_771' title='bbox 462 2595 589 2623; x_wconf 88' lang='lat' dir='ltr'><strong>omnibus</strong></span> <span class='ocrx_word' id='word_1_772' title='bbox 608 2595 709 2623; x_wconf 80' lang='lat' dir='ltr'><strong>illaesos</strong></span> <span class='ocrx_word' id='word_1_773' title='bbox 734 2596 929 2631; x_wconf 88' lang='lat' dir='ltr'><strong>permanebat:</strong></span> <span class='ocrx_word' id='word_1_774' title='bbox 946 2604 1009 2624; x_wconf 89' lang='lat' dir='ltr'><strong>nam</strong></span> <span class='ocrx_word' id='word_1_775' title='bbox 1034 2595 1115 2624; x_wconf 91' lang='lat' dir='ltr'><strong>etiam</strong></span> <span class='ocrx_word' id='word_1_776' title='bbox 1131 2596 1228 2623; x_wconf 88' lang='lat' dir='ltr'><strong>oculos</strong></span> <span class='ocrx_word' id='word_1_777' title='bbox 1243 2595 1342 2623; x_wconf 66' lang='lat' dir='ltr'><strong>illaesos</strong></span> <span class='ocrx_word' id='word_1_778' title='bbox 1364 2595 1539 2628; x_wconf 80' lang='lat' dir='ltr'><strong>integrosque</strong></span> <span class='ocrx_word' id='word_1_779' title='bbox 1552 2589 1688 2620; x_wconf 86' lang='lat' dir='ltr'><strong>servabat.</strong></span> <span class='ocrx_word' id='word_1_780' title='bbox 1702 2596 1747 2615; x_wconf 88' lang='lat' dir='ltr'><strong>rc-</strong></span> 
     </span>
    </p>
   </div>
   <div class='ocr_carea' id='block_1_56' title="bbox 130 2633 1751 2676">
    <p class='ocr_par' dir='ltr' id='par_1_56' title="bbox 130 2633 1751 2676">
     <span class='ocr_line' id='line_1_56' title="bbox 130 2633 1751 2676; baseline -0.004 -11"><span class='ocrx_word' id='word_1_781' title='bbox 130 2643 228 2673; x_wconf 88' lang='lat' dir='ltr'><strong>cteque</strong></span> <span class='ocrx_word' id='word_1_782' title='bbox 241 2644 393 2668; x_wconf 85' lang='lat' dir='ltr'><strong>cernentes.</strong></span> <span class='ocrx_word' id='word_1_783' title='bbox 409 2640 442 2668; x_wconf 85' lang='lat' dir='ltr'><strong>Et</strong></span> <span class='ocrx_word' id='word_1_784' title='bbox 456 2648 490 2668; x_wconf 90' lang='lat' dir='ltr'><strong>ne</strong></span> <span class='ocrx_word' id='word_1_785' title='bbox 502 2640 608 2675; x_wconf 82' lang='lat' dir='ltr'><strong>singula</strong></span> <span class='ocrx_word' id='word_1_786' title='bbox 624 2644 831 2673; x_wconf 84' lang='lat' dir='ltr'><strong>consectemur;</strong></span> <span class='ocrx_word' id='word_1_787' title='bbox 848 2640 953 2669; x_wconf 87' lang='lat' dir='ltr'><strong>cunctis</strong></span> <span class='ocrx_word' id='word_1_788' title='bbox 970 2641 1017 2676; x_wconf 92' lang='lat' dir='ltr'><strong>qui</strong></span> <span class='ocrx_word' id='word_1_789' title='bbox 1031 2640 1100 2668; x_wconf 88' lang='lat' dir='ltr'><strong>cibis</strong></span> <span class='ocrx_word' id='word_1_790' title='bbox 1115 2640 1212 2673; x_wconf 75' lang='lat' dir='ltr'><strong>variis,</strong></span> <span class='ocrx_word' id='word_1_791' title='bbox 1223 2644 1250 2667; x_wconf 92' lang='lat' dir='ltr'><strong>et</strong></span> <span class='ocrx_word' id='word_1_792' title='bbox 1261 2639 1377 2666; x_wconf 86' lang='lat' dir='ltr'><strong>lavacris</strong></span> <span class='ocrx_word' id='word_1_793' title='bbox 1392 2637 1561 2671; x_wconf 85' lang='lat' dir='ltr'><strong>diversisque</strong></span> <span class='ocrx_word' id='word_1_794' title='bbox 1578 2633 1751 2662; x_wconf 81' lang='lat' dir='ltr'><strong>vestimentis</strong></span> 
     </span>
    </p>
   </div>
   <div class='ocr_carea' id='block_1_57' title="bbox 130 2678 1753 2720">
    <p class='ocr_par' dir='ltr' id='par_1_57' title="bbox 130 2678 1753 2720">
     <span class='ocr_line' id='line_1_57' title="bbox 130 2678 1753 2720; baseline -0.002 -11"><span class='ocrx_word' id='word_1_795' title='bbox 130 2689 252 2718; x_wconf 85' lang='lat' dir='ltr'><strong>utuntur,</strong></span> <span class='ocrx_word' id='word_1_796' title='bbox 267 2686 324 2720; x_wconf 89' lang='lat' dir='ltr'><strong>ipse</strong></span> <span class='ocrx_word' id='word_1_797' title='bbox 341 2687 426 2714; x_wconf 88' lang='lat' dir='ltr'><strong>multo</strong></span> <span class='ocrx_word' id='word_1_798' title='bbox 441 2686 572 2713; x_wconf 88' lang='lat' dir='ltr'><strong>illustrior</strong></span> <span class='ocrx_word' id='word_1_799' title='bbox 582 2686 738 2720; x_wconf 87' lang='lat' dir='ltr'><strong>apparebat,</strong></span> <span class='ocrx_word' id='word_1_800' title='bbox 752 2693 784 2714; x_wconf 85' lang='lat' dir='ltr'><strong>ac</strong></span> <span class='ocrx_word' id='word_1_801' title='bbox 797 2686 897 2713; x_wconf 85' lang='lat' dir='ltr'><strong>clarior</strong></span> <span class='ocrx_word' id='word_1_802' title='bbox 908 2691 935 2714; x_wconf 89' lang='lat' dir='ltr'><strong>et</strong></span> <span class='ocrx_word' id='word_1_803' title='bbox 947 2686 981 2714; x_wconf 84' lang='lat' dir='ltr'><strong>ad</strong></span> <span class='ocrx_word' id='word_1_804' title='bbox 995 2685 1180 2714; x_wconf 81' lang='lat' dir='ltr'><strong>fortitudinem</strong></span> <span class='ocrx_word' id='word_1_805' title='bbox 1198 2685 1322 2713; x_wconf 87' lang='lat' dir='ltr'><strong>alacrior.</strong></span> <span class='ocrx_word' id='word_1_806' title='bbox 1336 2684 1400 2715; x_wconf 58' lang='lat' dir='ltr'><strong>Haec</strong></span> <span class='ocrx_word' id='word_1_807' title='bbox 1413 2683 1442 2711; x_wconf 90' lang='lat' dir='ltr'><strong>S.</strong></span> <span class='ocrx_word' id='word_1_808' title='bbox 1456 2681 1581 2716; x_wconf 89' lang='lat' dir='ltr'><strong>Ephremi</strong></span> <span class='ocrx_word' id='word_1_809' title='bbox 1600 2678 1753 2708; x_wconf 76' lang='lat' dir='ltr'><strong>Athanasio</strong></span> 
     </span>
    </p>
   </div>
   <div class='ocr_carea' id='block_1_58' title="bbox 130 2728 1752 2768">
    <p class='ocr_par' dir='ltr' id='par_1_58' title="bbox 130 2728 1752 2768">
     <span class='ocr_line' id='line_1_58' title="bbox 130 2728 1752 2768; baseline -0.006 -7"><span class='ocrx_word' id='word_1_810' title='bbox 130 2730 241 2763; x_wconf 65' lang='lat' dir='ltr'><strong>wqualis</strong></span> <span class='ocrx_word' id='word_1_811' title='bbox 253 2732 329 2757; x_wconf 84' lang='lat' dir='ltr'><strong>verba</strong></span> <span class='ocrx_word' id='word_1_812' title='bbox 341 2740 371 2758; x_wconf 88' lang='lat' dir='ltr'><strong>eo</strong></span> <span class='ocrx_word' id='word_1_813' title='bbox 384 2733 520 2761; x_wconf 81' lang='lat' dir='ltr'><strong>retulimus</strong></span> <span class='ocrx_word' id='word_1_814' title='bbox 529 2741 561 2760; x_wconf 77' lang='lat' dir='ltr'><strong>ea:</strong></span> <span class='ocrx_word' id='word_1_815' title='bbox 575 2733 686 2768; x_wconf 85' lang='lat' dir='ltr'><strong>integro,</strong></span> <span class='ocrx_word' id='word_1_816' title='bbox 695 2733 765 2768; x_wconf 88' lang='lat' dir='ltr'><strong>quod</strong></span> <span class='ocrx_word' id='word_1_817' title='bbox 779 2734 832 2761; x_wconf 92' lang='lat' dir='ltr'><strong>sint</strong></span> <span class='ocrx_word' id='word_1_818' title='bbox 846 2733 913 2761; x_wconf 69' lang='lat' dir='ltr'><strong>Vitas</strong></span> <span class='ocrx_word' id='word_1_819' title='bbox 920 2733 1030 2762; x_wconf 86' lang='lat' dir='ltr'><strong>Antonii</strong></span> <span class='ocrx_word' id='word_1_820' title='bbox 1042 2733 1240 2765; x_wconf 78' lang='lat' dir='ltr'><strong>Athanasiante,</strong></span> <span class='ocrx_word' id='word_1_821' title='bbox 1252 2737 1281 2759; x_wconf 83' lang='lat' dir='ltr'><strong>ut</strong></span> <span class='ocrx_word' id='word_1_822' title='bbox 1291 2732 1351 2766; x_wconf 86' lang='lat' dir='ltr'><strong>jam</strong></span> <span class='ocrx_word' id='word_1_823' title='bbox 1366 2734 1509 2765; x_wconf 88' lang='lat' dir='ltr'><strong>comparet,</strong></span> <span class='ocrx_word' id='word_1_824' title='bbox 1520 2728 1603 2756; x_wconf 83' lang='lat' dir='ltr'><strong>veluti</strong></span> <span class='ocrx_word' id='word_1_825' title='bbox 1626 2733 1752 2761; x_wconf 51' lang='lat' dir='ltr'><strong>comperta</strong></span> 
     </span>
    </p>
   </div>
   <div class='ocr_carea' id='block_1_59' title="bbox 131 2774 1753 2814">
    <p class='ocr_par' dir='ltr' id='par_1_59' title="bbox 131 2774 1753 2814">
     <span class='ocr_line' id='line_1_59' title="bbox 131 2774 1753 2814; baseline -0.001 -12"><span class='ocrx_word' id='word_1_826' title='bbox 131 2775 223 2807; x_wconf 84' lang='lat' dir='ltr'><strong>dium;</strong></span> <span class='ocrx_word' id='word_1_827' title='bbox 239 2783 267 2803; x_wconf 88' lang='lat' dir='ltr'><strong>ut</strong></span> <span class='ocrx_word' id='word_1_828' title='bbox 284 2785 359 2804; x_wconf 87' lang='lat' dir='ltr'><strong>nemo</strong></span> <span class='ocrx_word' id='word_1_829' title='bbox 373 2786 453 2806; x_wconf 86' lang='lat' dir='ltr'><strong>sanus</strong></span> <span class='ocrx_word' id='word_1_830' title='bbox 471 2788 522 2806; x_wconf 91' lang='lat' dir='ltr'><strong>non</strong></span> <span class='ocrx_word' id='word_1_831' title='bbox 535 2780 621 2806; x_wconf 82' lang='lat' dir='ltr'><strong>videat</strong></span> <span class='ocrx_word' id='word_1_832' title='bbox 632 2779 713 2814; x_wconf 83' lang='lat' dir='ltr'><strong>fuisse</strong></span> <span class='ocrx_word' id='word_1_833' title='bbox 725 2778 772 2806; x_wconf 90' lang='lat' dir='ltr'><strong>illa</strong></span> <span class='ocrx_word' id='word_1_834' title='bbox 783 2787 816 2806; x_wconf 75' lang='lat' dir='ltr'><strong>ea:</strong></span> <span class='ocrx_word' id='word_1_835' title='bbox 828 2779 860 2806; x_wconf 88' lang='lat' dir='ltr'><strong>iis</strong></span> <span class='ocrx_word' id='word_1_836' title='bbox 876 2787 1010 2814; x_wconf 68' lang='lat' dir='ltr'><strong>expressa.</strong></span> <span class='ocrx_word' id='word_1_837' title='bbox 1032 2779 1108 2812; x_wconf 81' lang='lat' dir='ltr'><strong>Quod</strong></span> <span class='ocrx_word' id='word_1_838' title='bbox 1128 2780 1198 2806; x_wconf 86' lang='lat' dir='ltr'><strong>enim</strong></span> <span class='ocrx_word' id='word_1_839' title='bbox 1215 2778 1293 2805; x_wconf 88' lang='lat' dir='ltr'><strong>habet</strong></span> <span class='ocrx_word' id='word_1_840' title='bbox 1311 2777 1426 2813; x_wconf 87' lang='lat' dir='ltr'><strong>Ephrem</strong></span> <span class='ocrx_word' id='word_1_841' title='bbox 1450 2777 1482 2804; x_wconf 85' lang='lat' dir='ltr'><strong>de</strong></span> <span class='ocrx_word' id='word_1_842' title='bbox 1496 2776 1565 2804; x_wconf 80' lang='lat' dir='ltr'><strong>victu</strong></span> <span class='ocrx_word' id='word_1_843' title='bbox 1583 2774 1614 2802; x_wconf 84' lang='lat' dir='ltr'><strong>S.</strong></span> <span class='ocrx_word' id='word_1_844' title='bbox 1628 2774 1753 2806; x_wconf 26' lang='lat' dir='ltr'><strong>Antoniis,</strong></span> 
     </span>
    </p>
   </div>
   <div class='ocr_carea' id='block_1_60' title="bbox 132 2822 1712 2863">
    <p class='ocr_par' dir='ltr' id='par_1_60' title="bbox 132 2822 1712 2863">
     <span class='ocr_line' id='line_1_60' title="bbox 132 2822 1712 2863; baseline -0.002 -11"><span class='ocrx_word' id='word_1_845' title='bbox 132 2824 164 2852; x_wconf 80' lang='lat' dir='ltr'><strong>de</strong></span> <span class='ocrx_word' id='word_1_846' title='bbox 176 2825 293 2860; x_wconf 77' lang='lat' dir='ltr'><strong>corporis</strong></span> <span class='ocrx_word' id='word_1_847' title='bbox 305 2825 422 2861; x_wconf 85' lang='lat' dir='ltr'><strong>neglectu</strong></span> <span class='ocrx_word' id='word_1_848' title='bbox 437 2831 462 2854; x_wconf 88' lang='lat' dir='ltr'><strong>et</strong></span> <span class='ocrx_word' id='word_1_849' title='bbox 478 2828 652 2857; x_wconf 78' lang='lat' dir='ltr'><strong>maceratione</strong></span> <span class='ocrx_word' id='word_1_850' title='bbox 661 2836 671 2861; x_wconf 87' lang='lat'><em>;</em></span> <span class='ocrx_word' id='word_1_851' title='bbox 686 2827 727 2855; x_wconf 88' lang='lat' dir='ltr'><strong>hic</strong></span> <span class='ocrx_word' id='word_1_852' title='bbox 740 2827 828 2856; x_wconf 86' lang='lat' dir='ltr'><strong>omnia</strong></span> <span class='ocrx_word' id='word_1_853' title='bbox 846 2828 983 2861; x_wconf 89' lang='lat' dir='ltr'><strong>habentur,</strong></span> <span class='ocrx_word' id='word_1_854' title='bbox 998 2832 1023 2855; x_wconf 89' lang='lat' dir='ltr'><strong>et</strong></span> <span class='ocrx_word' id='word_1_855' title='bbox 1036 2835 1094 2863; x_wconf 63' lang='lat' dir='ltr'><strong>qua</strong></span> <span class='ocrx_word' id='word_1_856' title='bbox 1109 2827 1186 2855; x_wconf 83' lang='lat' dir='ltr'><strong>initio</strong></span> <span class='ocrx_word' id='word_1_857' title='bbox 1201 2827 1353 2861; x_wconf 86' lang='lat' dir='ltr'><strong>attulimus,</strong></span> <span class='ocrx_word' id='word_1_858' title='bbox 1368 2826 1462 2854; x_wconf 77' lang='lat' dir='ltr'><strong>iisdem</strong></span> <span class='ocrx_word' id='word_1_859' title='bbox 1478 2825 1561 2853; x_wconf 88' lang='lat' dir='ltr'><strong>verbis</strong></span> <span class='ocrx_word' id='word_1_860' title='bbox 1576 2831 1649 2852; x_wconf 88' lang='lat' dir='ltr'><strong>num.</strong></span> <span class='ocrx_word' id='word_1_861' title='bbox 1666 2822 1712 2850; x_wconf 79' lang='grc'><strong>47.</strong></span> 
     </span>
    </p>
   </div>
  </div>
