1977 3039
231 154 286 184 est
512 146 748 185 summas"
768 155 843 184 oar.
866 156 957 185 mus
976 158 997 185 ι.
1015 171 1052 179 -
1068 147 1254 185 HISTORICA
1273 155 1317 184 ET
1338 154 1540 194 DOGMATICA
1800 153 1852 182 sas

268 212 296 241 ϐ.
315 212 527 248 Chrysostomus,
539 213 650 241 homilia
665 213 682 241 8
696 214 723 241 in
735 214 846 248 Matth,
863 215 910 242 sub
922 215 1018 250 ﬁnem:
1033 215 1048 242 Ε

1076 214 1105 241 δέ
1116 223 1157 246 τις
1168 213 1295 241 οὐδέποτε
1310 213 1396 248 ἐπέϐη
1405 213 1460 240 τῶν
1471 212 1578 248 σκηνῶν
1592 211 1714 243 ἐκείνων,
1730 210 1853 238 ἐννοείτω

231 259 279 287 τὸν
294 259 373 295 μέχρι
385 258 433 285 νῦν
449 259 478 285 ἐν
490 259 546 291 τοῖς
557 258 685 286 ἁπάντων
698 259 828 295 πόμασιν
843 259 919 293 ὄντα,
932 259 961 286 ὃν
980 259 1048 295 μετὰ
1057 260 1120 291 τοὺς
1128 259 1292 290 ἀποστόλους
1305 260 1322 294 ἠ
1333 258 1471 293 Αἴγυπτος
1479 259 1589 294 ἤνεγκε,
1601 257 1646 284 τὸν
1658 257 1791 293 μακάριον
1808 257 1855 284 καὶ

235 308 486 345 μέγανᾊντώνιονζ·
500 307 548 335 καὶ
559 305 717 342 λογιζέσθω,
730 307 771 334 ὅτι
786 307 833 334 καὶ
845 303 923 340 οὗτος
939 308 967 334 ὲν
981 307 1074 344 ἐκείνῃ
1087 308 1120 343 τῇ
1136 306 1212 342 χώρᾳ
1225 306 1345 341 γέγονεν,
1353 306 1382 333 ὲν
1398 302 1416 343 ᾖ
1431 306 1479 332 καὶ
1492 304 1591 341 Φαραώ
1602 313 1610 320 ·
1622 305 1680 332 axx
1692 305 1766 339 ὅμως
1780 304 1855 332 οὐδὲν

233 353 405 390 παρεϐλάδη,
421 353 490 381 ἀλλὰ
501 353 549 380 καὶ
560 353 635 384 θείας
647 352 736 388 ὄψεως
750 352 907 389 κατηξιώθη
918 361 925 368 ⁸
939 353 985 380 καὶ
995 352 1115 380 τοιοῦτον
1129 351 1284 386 ὶπεδείξατο
1297 351 1364 387 βίον,
1378 348 1433 378 οἷον
1446 351 1471 378 oi
1483 350 1529 377 τοῦ
1544 350 1662 386 Χριστοῦ
1675 349 1751 385 νόμοι
1760 349 1856 386 ζητοῦ-

232 409 286 428 σιν.
300 401 355 428 Καὶ
373 400 452 427 τοῦτο
470 399 575 427 εἴσεταί
587 409 629 432 τις
648 400 717 436 μετὰ
733 400 887 437 ἀκριϐείας,
898 399 1016 435 ἐντυχὼν
1027 399 1065 434 τῷ
1082 399 1177 435 βιϐλίῳ
1190 399 1228 435 τῷ
1249 399 1298 435 τὴν
1317 398 1438 436 ἱστορίαν
1453 398 1542 433 ἔχοντι
1553 397 1601 434 τῆς
1614 398 1717 425 ἐκείνου
1731 398 1813 433 ζωῆς,
1826 399 1857 425 ἐν

232 444 255 481 ᾧ
271 447 318 474 καὶ
332 446 433 483 πολλὴν
442 446 537 482 ὕψεται
552 446 601 482 τὴν
618 447 797 483 προφητείαν,
814 448 862 474 καὶ
877 447 932 483 γὰρ
948 447 1012 482 περὶ

1071 455 1084 474 ν
1096 446 1242 483 τὰἎρείου
1258 446 1417 474 νοσούντων.
1447 445 1476 474 Si
1498 444 1561 480 quis
1583 452 1648 473 vero
1668 445 1788 473 nondum
1807 445 1851 474 illa

231 493 301 521 adiit
325 493 511 525 tabernacula,
541 491 565 520 is
589 491 678 520 virum
703 493 802 528 cogitet
824 493 871 529 qui
900 492 1031 520 hactenus
1053 492 1080 520 in
1098 491 1221 519 omnium
1244 499 1293 520 ore
1313 496 1447 524 versatur,
1463 499 1544 527 quem
1561 497 1623 528 post
1638 493 1776 528 apostolos
1791 492 1856 520 tulit

233 541 378 578 Egyptus,
395 541 504 569 beatum
521 541 626 569 scilicet
638 545 666 569 et
679 548 809 576 magnum
820 540 969 568 Antonium
982 549 989 568 :
1007 540 1216 576 memineritque
1226 540 1254 568 in
1266 539 1360 568 eadem
1375 540 1451 568 illum
1469 547 1522 576 qua
1535 539 1641 569 Pharao
1652 542 1761 578 regione
1770 540 1856 569 exsti—

231 588 314 622 tisse;
325 587 445 623 nihilque
461 591 550 614 tamen
563 586 628 615 hinc
643 588 747 622 accepit
764 586 930 619 detrimenti,
947 586 1002 614 imo
1017 586 1108 614 divina
1130 585 1246 614 donatus
1268 590 1310 614 est
1320 585 1434 613 visione.
1453 586 1541 620 Atque
1555 586 1609 614 tale
1628 587 1689 614 vita:
1703 594 1787 622 genus
1807 594 1857 614 co-

233 635 285 663 luit
298 634 406 670 qualem
420 634 561 670 postulant
576 633 676 660 Christi
694 633 776 668 leges.
799 631 905 667 Cuique
920 635 1011 659 autem
1028 631 1054 659 id
1072 635 1199 660 accurate
1216 631 1336 659 ediscere
1356 630 1384 658 in
1398 636 1523 665 promptu
1548 635 1600 665 est,
1614 631 1727 666 legendo
1751 632 1856 660 scilicet

232 682 336 711 librum
360 683 387 709 in
412 689 468 718 quo
489 682 551 710 vitae
572 681 644 709 illius
660 680 773 708 historia
787 680 951 708 continetur.
977 679 1060 707 Multa
1083 679 1182 715 quippe
1198 678 1357 714 prophetico
1370 678 1438 706 vidit
1452 677 1560 713 spiritu,
1581 677 1609 704 in
1625 677 1724 712 quibus
1742 685 1774 705 ea
1791 683 1857 705 sunt

237 736 299 764 qua:
308 729 342 756 de
358 727 476 760 Arianis,
492 732 544 755 etc.
555 726 621 760 Qua:
636 725 722 761 fusius
733 725 770 752 ibi
780 725 825 752 ille
839 725 1025 760 prosequitur:
1039 724 1128 760 aitque
1140 723 1243 751 nullum
1256 732 1373 759 unquam
1385 724 1517 751 exstitisse
1533 723 1604 757 apud
1618 722 1753 750 hwreticos
1763 723 1858 757 huius—

233 774 305 801 modi
323 773 417 801 uirum.
435 773 518 806 Quem
530 777 617 799 autem
630 771 672 798 hic
686 775 814 798 memorat
829 771 938 802 librum,
954 778 1009 798 esse
1023 770 1164 798 Athanasii
1178 778 1229 797 non
1244 775 1285 798 est
1296 770 1425 802 dubium;
1439 778 1499 797 nam
1512 771 1630 806 fatentur
1644 771 1762 804 tectorii,
1775 772 1857 799 etiam

232 818 392 846 Dantasceni
409 823 521 853 tempore
534 817 666 845 exstitisse
678 824 766 844 verum
780 816 919 843 Athanasii
939 815 976 843 De
991 815 1101 843 Antonii
1112 815 1172 843 Vita
1189 815 1296 849 librum,
1309 824 1356 843 nec
1371 816 1411 843 vel
1425 816 1495 851 ipsos
1508 821 1571 852 puto
1585 817 1712 850 dicturos,
1724 817 1783 852 jam
1802 817 1857 852 (at.

232 865 340 900 silicum
353 864 437 892 alium
448 865 562 892 edidisse
574 872 583 896 ;
596 863 642 899 qui
655 864 725 891 enim
742 868 797 890 tam
812 863 916 891 modico
930 867 990 898 post
1002 863 1178 890 Athanasium
1195 868 1309 898 tempore
1323 863 1370 890 hoc
1385 864 1490 898 facinus
1505 871 1642 899 aggressus
1651 863 1696 891 ille
1708 864 1754 898 tit,
1772 864 1811 890 ita
1826 868 1856 890 ut

236 917 303 944 opus
316 910 373 944 ejus
387 911 466 937 etiam
476 918 585 946 magnos
599 911 842 947 eruditissimoqu
853 912 922 939 viros
932 932 940 945 ,
954 911 1090 946 ipsumque
1105 910 1320 946 Chrysostomum
1342 911 1369 938 in
1388 919 1502 939 errorem
1523 911 1669 938 deduceret.
1687 910 1772 938 Porro
1792 911 1857 938 visio

232 956 284 984 illa
307 957 339 985 de
361 958 468 984 Arianis
491 966 570 993 quant
594 963 732 992 memorat,
753 958 800 985 hoc
812 959 841 985 in
857 967 932 994 opere
949 962 1084 991 narratur,
1103 966 1161 984 cum
1183 957 1245 985 aliis
1260 966 1318 993 qua:
1330 957 1361 985 de
1375 958 1524 993 prophetico
1538 959 1646 987 Antonii
1665 959 1759 994 spiritu
1781 959 1856 986 habet

232 1003 455 1039 Chrysostomus;
469 1013 528 1040 qua
543 1010 630 1033 tamen
642 1006 789 1033 adversarii
802 1007 830 1033 in
843 1006 990 1033 Athanasio
1005 1013 1081 1040 opere
1094 1013 1146 1032 non
1159 1006 1315 1032 admittunt.

269 1049 296 1076 'l.
308 1049 431 1084 Ruﬁnus,
448 1050 466 1077 ί.
485 1058 493 1078 ι
516 1050 586 1080 Hist.
611 1053 679 1081 eccl.
693 1061 752 1088 cap.
766 1052 782 1080 8
798 1062 805 1080 :
822 1051 861 1080 De
877 1052 1025 1081 virtutibus
1041 1052 1163 1085 Antonii,
1186 1053 1236 1084 ait,
1249 1056 1331 1088 atque
1351 1052 1486 1081 institutis
1499 1059 1526 1082 et
1542 1055 1688 1083 sobrietate
1700 1054 1809 1088 mentis,
1825 1058 1858 1082 ut

231 1096 263 1124 in
288 1097 434 1126 solitudine
453 1098 535 1125 vitam
555 1098 667 1134 degens,
692 1105 759 1126 usus
782 1097 955 1125 solummodo
974 1097 1011 1125 sit
1026 1097 1165 1126 consortio
1184 1097 1345 1129 bestiarum,
1362 1101 1390 1125 et
1403 1097 1436 1125 de
1450 1097 1618 1128 daemonibus
1641 1100 1751 1128 crebros
1773 1107 1859 1135 agens

233 1144 400 1180 triumphos,
416 1145 550 1180 placuerit
565 1145 620 1172 Deo
643 1152 725 1180 supra
749 1149 864 1173 cunctos
884 1145 1031 1178 mortales,
1045 1144 1317 1180 utqueinstitutionis
1333 1153 1389 1172 suae
1403 1146 1529 1180 praeclara
1550 1154 1638 1182 usque
1653 1147 1680 1173 in
1694 1146 1858 1174 hodiernum

234 1189 307 1218 diem
328 1191 472 1219 monachis
492 1190 615 1226 exempla
632 1191 783 1226 reliquerit,
802 1191 937 1219 volentem
956 1198 1000 1218 me
1013 1191 1104 1226 aliqua
1119 1198 1266 1227 exponere,
1283 1191 1327 1219 ille
1341 1192 1448 1219 libellus
1459 1194 1586 1227 exclusit,
1599 1193 1646 1229 qui
1659 1194 1694 1221 ab
1705 1192 1858 1220 Athanasio

231 1239 367 1274 scriptus,
384 1239 466 1266 etiam
482 1238 580 1267 Latino
596 1246 723 1267 sermone
736 1238 826 1267 editus
840 1243 893 1267 est.
907 1239 974 1272 Quis
989 1247 1042 1267 non
1063 1238 1132 1267 uidet
1145 1247 1289 1267 memorare
1305 1239 1431 1274 Ruﬁnum
1446 1239 1536 1268 Vitam
1556 1247 1635 1275 quam
1650 1247 1718 1266 nunc
1732 1238 1857 1266 habemus

231 1291 294 1312 cum
308 1284 405 1312 Latina
416 1283 524 1320 Evagrii
536 1285 672 1312 versione?

270 1333 298 1360 8.
319 1332 494 1368 Augustinus,
509 1332 634 1361 Confess.
650 1333 695 1360 lib.
707 1340 767 1366 vni,
784 1340 842 1368 cap.
860 1333 904 1367 15,
918 1333 1049 1368 praetora
1060 1333 1138 1361 habet
1153 1333 1185 1361 de
1199 1333 1327 1367 Antonio,
1340 1334 1462 1370 longiora
1477 1338 1566 1361 autem
1580 1340 1660 1368 quam
1674 1332 1758 1368 628
1772 1336 1801 1360 ut
1812 1341 1854 1360 me

230 1380 401 1415 aferantur:
415 1389 501 1416 pauca
528 1387 719 1416 excerpamus:
736 1380 919 1416 Stupebamus
940 1384 1042 1413 autem,
1065 1381 1114 1413 ait.
1129 1381 1270 1409 audientes
1286 1385 1340 1409 tam
1355 1381 1458 1409 recenti
1482 1380 1613 1408 memoria
1623 1400 1630 1413 ,
1649 1388 1732 1415 prope
1753 1380 1856 1408 nostris

232 1427 403 1463 temporibus
415 1427 591 1456 testatissima
607 1427 741 1454 mirabilia
757 1431 803 1455 tua
819 1427 848 1454 in
865 1426 916 1455 ﬁde
928 1431 1002 1455 recta
1020 1431 1049 1455 et
1066 1428 1199 1456 catholica
1223 1427 1354 1457 Ecclesia.
1374 1427 1475 1456 Omnes
1493 1428 1671 1460 mirabamur,
1686 1433 1712 1456 et
1724 1436 1774 1456 nos
1791 1428 1856 1464 quia

230 1478 290 1501 tam
302 1480 398 1508 magna
412 1477 491 1500 erant
502 1477 529 1501 et
545 1474 589 1501 ille
604 1475 798 1511 (Pontitiauus)
813 1476 877 1511 quia
891 1475 1013 1503 inaudita
1029 1476 1108 1504 nobis
1121 1481 1209 1508 erant,
1226 1480 1278 1504 etc.
1295 1475 1330 1503 Et
1343 1485 1401 1511 cap.
1419 1476 1469 1504 i9:
1483 1476 1604 1512 Surgunt
1618 1476 1719 1504 indocti
1736 1476 1778 1512 (de
1801 1476 1858 1504 Ais-

234 1519 308 1546 tonio
323 1519 440 1555 loquens)
459 1523 486 1547 et
499 1519 598 1548 coelum
613 1521 733 1557 rapiunt,
744 1526 771 1548 et
782 1528 832 1549 nos
847 1529 910 1549 cum
932 1521 1064 1549 doctrinis
1083 1521 1185 1549 nostris
1202 1521 1261 1549 sine
1275 1521 1366 1554 corde,
1381 1529 1445 1550 ecce
1464 1521 1509 1549 ubi
1527 1521 1679 1549 volutamur
1692 1521 1720 1548 in
1732 1528 1814 1549 carne
1829 1524 1857 1548 et

231 1564 376 1600 sanguine.
388 1564 454 1597 Quae
466 1565 502 1593 ibi
518 1565 577 1593 vide
588 1565 656 1593 lecta
666 1574 729 1594 sane
741 1566 908 1602 dignissima.
927 1564 962 1593 Et
979 1573 1037 1600 cap.
1051 1565 1087 1593 28
1101 1573 1108 1593 :
1124 1565 1271 1593 Audieram
1291 1566 1365 1593 enim
1383 1565 1417 1593 de
1428 1564 1556 1600 Antonio,
1570 1567 1641 1602 quod
1655 1573 1688 1594 ex
1702 1565 1857 1600 evangelica

234 1608 350 1638 lectione
362 1610 407 1638 cui
418 1610 487 1638 forte
499 1614 702 1646 supervenerat,
715 1610 870 1638 admonitus
883 1609 974 1643 fuerit,
989 1613 1120 1644 tanquam
1135 1609 1187 1637 sibi
1202 1610 1338 1637 diceretur
1348 1631 1356 1644 ,
1374 1610 1448 1645 quod
1461 1610 1601 1646 legebatur
1614 1620 1621 1638 :
1641 1620 1651 1637 ι
1672 1610 1753 1644 Vade,
1770 1610 1858 1638 vende

231 1658 328 1685 omnia
341 1665 402 1694 quas
416 1659 511 1693 habes,
523 1663 551 1687 et
563 1659 595 1687 da
610 1658 786 1694 pauperibus,
803 1662 831 1687 et
845 1657 958 1686 habebis
973 1657 1134 1685 thesaurum
1150 1657 1177 1685 in
1191 1658 1278 1691 ctelis,
1289 1663 1316 1686 et
1330 1658 1404 1689 veni.
1418 1665 1532 1693 sequere
1543 1665 1597 1692 me,
1613 1667 1622 1684 ι
1643 1662 1670 1686 et
1687 1658 1735 1685 tali
1745 1657 1859 1685 oraculo

233 1703 378 1732 confestim
391 1705 424 1733 ad
438 1709 464 1733 te
479 1713 540 1733 esse
553 1713 725 1734 conversum.
740 1706 806 1739 Qua
819 1706 953 1741 ipsissima
966 1709 1027 1732 sunt
1043 1714 1101 1741 quia
1111 1710 1256 1733 narrantur
1271 1714 1344 1733 nunt.
1356 1705 1384 1733 2.

270 1749 297 1778 9.
310 1749 385 1777 Idem
397 1751 559 1786 Augustinus
571 1752 598 1778 in
611 1751 719 1787 prologo
733 1751 772 1779 De
782 1751 905 1779 doctrina
916 1751 1090 1779 Christiana:
1103 1750 1302 1782 Recordentur.
1315 1752 1365 1791 qit,
1376 1758 1405 1779 se
1417 1755 1508 1779 tamen
1520 1758 1568 1787 per
1579 1751 1703 1780 homines
1717 1751 1857 1785 didicisse,

235 1797 280 1824 vel
296 1797 412 1830 litteras,
425 1806 475 1826 nec
491 1803 633 1834 propterea
653 1799 705 1827 sibi
722 1799 756 1826 ab
767 1798 885 1826 Antonio
902 1802 997 1826 sancto
1009 1797 1166 1833 etperl'ecto
1180 1798 1238 1826 viro
1254 1798 1381 1835 Egyptio
1395 1797 1529 1827 monacho
1546 1797 1671 1824 insultari
1688 1797 1796 1831 debere,
1809 1797 1857 1832 qui

233 1843 295 1871 sine
310 1843 364 1871 ulla
380 1844 492 1872 scientia
511 1845 663 1873 litterarum
679 1846 834 1881 Scripturas
847 1845 965 1878 divinas,
980 1849 1008 1873 et
1022 1846 1179 1873 memoriter
1197 1846 1332 1874 audiendo
1357 1846 1488 1879 tenuisse,
1504 1849 1532 1873 et
1545 1845 1692 1880 prudenter
1712 1845 1857 1880 cogitando

235 1887 403 1916 intellexisse
421 1889 595 1924 praedicatur.
612 1890 651 1918 De
663 1899 714 1926 quo
729 1890 870 1926 Augustini
886 1890 943 1917 loco
956 1890 1067 1924 inferius
1079 1890 1194 1925 agimus.

273 1935 317 1963 i0.
330 1936 472 1971 Paulinus,
480 1938 587 1973 prologo
598 1938 633 1966 ad
644 1937 733 1965 Vitam
745 1937 830 1966 sancti
837 1937 973 1966 Ambrosii
986 1946 993 1965 :
1007 1936 1139 1971 Hortaris,
1153 1938 1202 1972 ait,
1214 1938 1374 1967 venerabilis
1385 1938 1465 1967 Pater
1481 1939 1641 1976 Augustine,
1655 1945 1685 1968 ut
1702 1941 1771 1969 sicut
1783 1941 1855 1970 beati

235 1983 298 2016 viri,
311 1983 477 2013 Athanasius
488 1985 631 2021 episcopus
640 1991 667 2015 et
679 1985 860 2022 Hieronymus
874 1986 1026 2022 presbyter,
1039 1985 1109 2021 stylo
1124 1985 1262 2022 prosecuti
1274 1991 1339 2015 sunt
1357 1986 1445 2016 Vitam
1456 1992 1610 2016 sanctorum
1622 1987 1699 2016 Pauli
1712 1992 1739 2016 et
1745 1988 1855 2016 Antonii

235 2027 264 2055 in
283 2035 375 2056 eretno
391 2029 555 2064 positorum.

270 2089 314 2117 11.
329 2089 472 2119 Palladius
491 2092 520 2119 in
535 2091 654 2120 Historia
667 2091 811 2125 Lattsiaca,
830 2100 854 2119 c.
866 2091 893 2125 8,
909 2091 941 2119 de
953 2091 1048 2119 Ammu

1074 2100 1082 2120 ε
1097 2091 1219 2120 εΤούτου
1237 2091 1330 2128 θαῦμα
1348 2092 1497 2129 διηγήσατο
1512 2093 1527 2120 δ
1546 2093 1680 2130 μακάριος
1699 2093 1854 2127 ’Δθανὰσιος

233 2137 249 2164 ὸ
260 2137 417 2171 ἐπίσκοπος,
434 2138 543 2175 γράψας
559 2140 598 2172 είς
613 2139 659 2166 τὸν
672 2140 736 2176 περὶ
755 2139 897 2166 Ἀντωνίου
915 2139 981 2174 βίον,
995 2140 1047 2173 ὃτι,
1067 2139 1253 2176 παρέρχεσθαι
1268 2147 1335 2167 ποτε
1362 2140 1467 2175 μέλλων
1487 2141 1533 2167 τὸν
1551 2140 1639 2168 Λύκον
1661 2141 1781 2176 ποταμὸν
1798 2141 1856 2176 ἅμα

233 2185 364 2222 Θεοδώρῳ
381 2187 487 2223 μαθητῇ
499 2188 591 2221 αὐτοῦ,
608 2188 747 2215 εὖλαὸεἶτο
759 2187 954 2220 ἀποδύσασθαι,
967 2188 1011 2214 ἵνα
1028 2187 1066 2223 μὴ
1077 2187 1180 2223 γυμνὸν
1194 2187 1291 2215 ἑαυτὸν
1305 2187 1348 2224 ῐδῃ
1356 2187 1437 2214 ποτέ’
1452 2188 1499 2215 καὶ
1512 2189 1541 2215 ὲν
1559 2188 1598 2224 τῷ
1610 2188 1749 2225 διαπορεῖν
1761 2189 1854 2222 αὐτὸν,

234 2232 276 2264 εἰς
286 2232 318 2259 τὺ
331 2233 416 2269 πέραν
430 2235 528 2271 εὐρὲοη
546 2235 593 2262 τοῦ
612 2235 744 2271 ποταμοῦ,
760 2235 798 2267 ὡς
816 2235 845 2262 ἐν
859 2235 987 2262 ἐκστάσει
1002 2235 1126 2271 περάσας
1141 2235 1204 2270 δίχα
1215 2235 1350 2273 πορθμοῦ,
1368 2235 1421 2262 ὑπὸ
1437 2236 1560 2271 ἀγγέλων
1587 2237 1770 2273 μετενεχθείς.
1788 2237 1855 2265 Bell

235 2279 334 2308 tuiram
350 2281 384 2309 de
402 2281 448 2309 illo
471 2283 770 2311 narravitAthanasius
792 2283 948 2317 episcopus,
969 2282 1059 2310 Vitam
1076 2282 1252 2311 conscribens
1274 2282 1396 2317 Antonii,
1412 2283 1485 2319 quod
1503 2292 1565 2312 cum
1593 2284 1758 2313 transiturus
1783 2289 1857 2313 esset

237 2327 341 2365 Lycum
351 2329 464 2357 ﬂuvium
475 2338 536 2358 cum
546 2330 689 2359 Theodoro
699 2331 834 2366 discipulo
847 2338 908 2364 suo,
920 2335 1116 2366 verereturque
1132 2330 1295 2359 vestimenta
1310 2338 1420 2364 exuere,
1429 2338 1463 2359 ne
1472 2338 1533 2359 sese
1548 2331 1651 2359 nudum
1667 2330 1854 2366 conspiceret:

234 2385 297 2405 cum
308 2379 407 2407 anxius
425 2384 508 2412 esset,
523 2386 584 2406 sese
605 2384 681 2407 trans
689 2379 800 2406 ﬂuvium
817 2379 960 2414 reperisse,
977 2379 1057 2414 quasi
1069 2379 1098 2406 in
1113 2378 1216 2407 exstasi
1232 2378 1336 2414 absque
1347 2378 1448 2414 scapha
1468 2379 1631 2414 trajecisset,
1652 2379 1801 2406 translatus
1819 2378 1856 2406 ab

233 2422 347 2457 angelis.
361 2423 447 2455 Quam
461 2423 600 2450 historiam
615 2423 692 2450 habes
706 2424 733 2450 in
748 2423 795 2450 hoc
810 2431 897 2458 opere.

270 2480 313 2508 12.
334 2481 467 2513 Socrates,
481 2482 547 2509 libro
560 2490 579 2515 I,
593 2490 651 2517 cap.
665 2482 696 2509 2i
714 2491 721 2509 ι
736 2482 841 2514 Ὀποῖος
855 2481 883 2508 δὲ
897 2478 931 2517 ἦν
948 2482 995 2508 ἐπὶ
1010 2481 1050 2508 τῶ

1076 2481 1166 2509 αὐτῶν
1180 2482 1283 2518 χρόνων
1296 2482 1342 2509 καὶ
1359 2483 1373 2509 ὁ
1385 2483 1500 2519 μοναχδς
1515 2481 1657 2514 Ἀντώνιος
1667 2481 1696 2508 ὲν
1707 2482 1741 2518 τῇ
1757 2481 1853 2518 ἐρήμῳ

233 2528 284 2563 τῆς
300 2529 449 2563 Αἰγύπτου,
460 2529 497 2561 ὼς
512 2529 636 2564 φανερῶς
650 2530 706 2561 τοῖς
716 2529 840 2564 δαίμοσιν
854 2529 1051 2562 ἀντεπάλαιεν,
1072 2529 1241 2564 ἑφευρίσκων
1261 2538 1290 2556 τε
1311 2529 1404 2561 ἁπλῶς
1427 2530 1477 2562 τὰς
1490 2529 1587 2565 τέχνας
1606 2528 1697 2556 αὐτῶν
1723 2527 1769 2555 καὶ
1790 2528 1854 2560 τοὺς

234 2574 343 2607 ἄθλους,
359 2576 407 2602 καὶ
416 2575 491 2608 ὅπως
503 2576 587 2602 πολλὰ
603 2576 689 2603 ἐποίει
709 2575 854 2612 τεράστια,
874 2576 1001 2612 περιττὸν
1015 2576 1104 2611 λέγειν
1114 2577 1195 2612 ’ἡμᾶς
1205 2585 1212 2592 ·
1226 2576 1327 2611 ἔφθασε
1346 2577 1401 2614 γὰρ
1430 2577 1586 2609 Ἀθανάσιος
1604 2577 1619 2604 ὑ
1650 2575 1854 2611 Ἀλεξανδρείας

235 2620 392 2653 ἐπίσκοπος,
408 2621 565 2656 μονόϐιϐλον
577 2623 617 2654 είς
627 2622 672 2649 τὸν
688 2622 770 2649 αὑτοῦ
788 2622 845 2658 βίον
861 2622 1015 2658 ἐκθέμενος.

1077 2623 1128 2651 alis
1143 2623 1170 2650 in
1182 2623 1329 2652 solitudine
1342 2623 1452 2659 Egypti
1472 2623 1555 2652 fuerit
1574 2623 1670 2651 iisdem
1684 2622 1853 2658 temporibus

234 2667 371 2696 Antonius
385 2670 548 2702 monachus,
567 2670 613 2705 qui
628 2677 689 2698 cum
706 2670 876 2698 daemonibus
891 2670 980 2705 palam
992 2670 1143 2703 dimicavit,
1163 2675 1239 2698 astus
1251 2679 1346 2699 eorum
1364 2676 1446 2707 atque
1461 2671 1576 2699 insidias
1591 2678 1687 2698 omnes
1698 2669 1852 2705 deprehen-

235 2715 320 2746 dens:
340 2719 368 2743 et
382 2720 413 2743 ut
427 2716 511 2744 multa
526 2716 649 2752 prodigia
670 2724 703 2744 ac
723 2717 855 2744 miracula
870 2717 1004 2750 ediderit,
1028 2717 1197 2752 superﬂuum
1224 2717 1292 2745 mihi
1306 2717 1413 2745 videtur
1432 2725 1656 2746 commemorare.
1682 2716 1853 2744 Athanasius

235 2761 336 2796 quippe
353 2761 523 2790 Alexandriae
532 2763 677 2798 episcopus
691 2763 796 2798 jamdiu
810 2763 912 2790 librum
930 2771 1014 2790 unum
1036 2763 1069 2790 de
1082 2763 1135 2790 vita
1153 2763 1227 2791 illius
1243 2763 1416 2799 conscripsit.
1435 2763 1510 2791 Idem
1538 2763 1570 2790 de
1592 2763 1721 2790 Ammune
1743 2761 1852 2796 loquens

235 2804 373 2837 monacho,
388 2805 437 2838 ait,
451 2805 552 2833 Τούτου
567 2806 613 2832 τοῦ
633 2806 754 2842 Ἀμμοῦν
772 2806 820 2842 τὴν
841 2806 930 2841 ψυχὴν
954 2805 1023 2841 μετὰ
1042 2806 1156 2833 θάνατον
1180 2806 1441 2844 ἀναλαμϐανομένην
1456 2809 1508 2836 ὑπὸ
1526 2808 1650 2843 ἀγγέλων
1665 2808 1680 2834 6
1694 2807 1754 2834 κατ’
1769 2805 1853 2832 αὑτὸν

236 2849 336 2888 βιώσας
353 2849 491 2884 ’Δντώνιος
505 2851 643 2887 ἐθεάσατο,
660 2852 698 2883 ὣς
713 2854 831 2889 φησινιέν
845 2852 882 2888 τῷ
898 2853 955 2886 Βίῳ
977 2852 1060 2880 αὐτοῦ
1076 2853 1090 2879 ὸ
1102 2852 1152 2888 τῆς
1172 2853 1373 2890 Ἀλεξανδρείας
1399 2856 1545 2888 ἐπίσκοπος
1570 2854 1736 2886 Ἀθανάσιος.
1764 2851 1854 2888 Hujus
