  <div class='ocr_page' id='page_1' title='image "/cluster/home/n/w/nwhite01/storage/ocr_20150623/26/njp.32101077772521/420.png"; bbox 0 0 1977 3039; ppageno 0'>
   <div class='ocr_carea' id='block_1_1' title="bbox 121 155 1744 187">
    <p class='ocr_par' dir='ltr' id='par_1_1' title="bbox 121 155 1744 187">
     <span class='ocr_line' id='line_1_1' title="bbox 121 155 1744 187; baseline -0.002 0"><span class='ocrx_word' id='word_1_1' title='bbox 121 157 176 187; x_wconf 72' lang='grc'><strong>829</strong></span> <span class='ocrx_word' id='word_1_2' title='bbox 655 156 737 185; x_wconf 70' lang='lat' dir='ltr'><strong>&quot;TA</strong></span> <span class='ocrx_word' id='word_1_3' title='bbox 756 157 786 185; x_wconf 85' lang='lat' dir='ltr'><strong>S.</strong></span> <span class='ocrx_word' id='word_1_4' title='bbox 806 157 960 185; x_wconf 73' lang='lat' dir='ltr'><strong>LNTONII.</strong></span> <span class='ocrx_word' id='word_1_5' title='bbox 981 171 1017 178; x_wconf 75' lang='grc' dir='ltr'><strong>ι-</strong></span> <span class='ocrx_word' id='word_1_6' title='bbox 1036 155 1195 184; x_wconf 71' lang='lat' dir='ltr'><strong>IONITUM</strong></span> <span class='ocrx_word' id='word_1_7' title='bbox 1689 155 1744 184; x_wconf 73' lang='lat'><strong>850</strong></span> 
     </span>
    </p>
   </div>
   <div class='ocr_carea' id='block_1_2' title="bbox 121 213 1746 252">
    <p class='ocr_par' dir='ltr' id='par_1_2' title="bbox 121 213 1746 252">
     <span class='ocr_line' id='line_1_2' title="bbox 121 213 1746 252; baseline -0.002 -7"><span class='ocrx_word' id='word_1_8' title='bbox 121 217 266 247; x_wconf 85' lang='lat' dir='ltr'><strong>Ammunis</strong></span> <span class='ocrx_word' id='word_1_9' title='bbox 280 217 399 246; x_wconf 83' lang='lat' dir='ltr'><strong>animam</strong></span> <span class='ocrx_word' id='word_1_10' title='bbox 415 222 477 252; x_wconf 85' lang='lat' dir='ltr'><strong>post</strong></span> <span class='ocrx_word' id='word_1_11' title='bbox 491 222 596 245; x_wconf 75' lang='lat' dir='ltr'><strong>omium</strong></span> <span class='ocrx_word' id='word_1_12' title='bbox 614 217 767 252; x_wconf 84' lang='lat' dir='ltr'><strong>ab-angelis</strong></span> <span class='ocrx_word' id='word_1_13' title='bbox 780 217 881 249; x_wconf 81' lang='lat' dir='ltr'><strong>eﬂ‘erri,</strong></span> <span class='ocrx_word' id='word_1_14' title='bbox 893 216 1037 250; x_wconf 88' lang='lat' dir='ltr'><strong>Antonius,</strong></span> <span class='ocrx_word' id='word_1_15' title='bbox 1052 216 1100 252; x_wconf 88' lang='lat' dir='ltr'><strong>qui</strong></span> <span class='ocrx_word' id='word_1_16' title='bbox 1124 215 1221 244; x_wconf 77' lang='lat' dir='ltr'><strong>i‘tsdon</strong></span> <span class='ocrx_word' id='word_1_17' title='bbox 1232 213 1341 242; x_wconf 68' lang='lat' dir='ltr'><strong>vivebat</strong></span> <span class='ocrx_word' id='word_1_18' title='bbox 1357 213 1553 250; x_wconf 54' lang='lat' dir='ltr'><strong>ultoribus;</strong></span> <span class='ocrx_word' id='word_1_19' title='bbox 1564 214 1656 249; x_wconf 64' lang='lat' dir='ltr'><strong>vidit;</strong></span> <span class='ocrx_word' id='word_1_20' title='bbox 1673 214 1746 243; x_wconf 84' lang='lat' dir='ltr'><strong>sicut</strong></span> 
     </span>
    </p>
   </div>
   <div class='ocr_carea' id='block_1_3' title="bbox 122 265 986 302">
    <p class='ocr_par' dir='ltr' id='par_1_3' title="bbox 122 265 986 302">
     <span class='ocr_line' id='line_1_3' title="bbox 122 265 986 302; baseline 0 -8"><span class='ocrx_word' id='word_1_21' title='bbox 122 266 151 294; x_wconf 88' lang='lat' dir='ltr'><strong>in</strong></span> <span class='ocrx_word' id='word_1_22' title='bbox 162 265 223 302; x_wconf 77' lang='lat' dir='ltr'><strong>eius</strong></span> <span class='ocrx_word' id='word_1_23' title='bbox 244 266 303 293; x_wconf 73' lang='lat' dir='ltr'><strong>lita</strong></span> <span class='ocrx_word' id='word_1_24' title='bbox 317 270 409 294; x_wconf 87' lang='lat' dir='ltr'><strong>narrat</strong></span> <span class='ocrx_word' id='word_1_25' title='bbox 423 265 589 294; x_wconf 72' lang='lat' dir='ltr'><strong>Athanasius</strong></span> <span class='ocrx_word' id='word_1_26' title='bbox 610 265 813 293; x_wconf 81' lang='lat' dir='ltr'><strong>Alexandrinas</strong></span> <span class='ocrx_word' id='word_1_27' title='bbox 829 265 986 301; x_wconf 81' lang='lat' dir='ltr'><strong>episcopus.</strong></span> 
     </span>
    </p>
   </div>
   <div class='ocr_carea' id='block_1_4' title="bbox 159 321 1747 358">
    <p class='ocr_par' dir='ltr' id='par_1_4' title="bbox 159 321 1747 358">
     <span class='ocr_line' id='line_1_4' title="bbox 159 321 1747 358; baseline -0.001 -6"><span class='ocrx_word' id='word_1_28' title='bbox 159 322 317 352; x_wconf 83' lang='lat' dir='ltr'><strong>Sozomenus</strong></span> <span class='ocrx_word' id='word_1_29' title='bbox 335 322 401 350; x_wconf 88' lang='lat' dir='ltr'><strong>libro</strong></span> <span class='ocrx_word' id='word_1_30' title='bbox 416 331 435 356; x_wconf 89' lang='grc' dir='ltr'><strong>ι,</strong></span> <span class='ocrx_word' id='word_1_31' title='bbox 449 330 508 358; x_wconf 87' lang='lat' dir='ltr'><strong>cap.</strong></span> <span class='ocrx_word' id='word_1_32' title='bbox 523 323 567 356; x_wconf 76' lang='lat' dir='ltr'><strong>i3,</strong></span> <span class='ocrx_word' id='word_1_33' title='bbox 589 322 657 350; x_wconf 69' lang='lat' dir='ltr'><strong>Vita:</strong></span> <span class='ocrx_word' id='word_1_34' title='bbox 670 323 780 351; x_wconf 83' lang='lat' dir='ltr'><strong>Antonii</strong></span> <span class='ocrx_word' id='word_1_35' title='bbox 797 323 979 358; x_wconf 77' lang='lat' dir='ltr'><strong>compendium</strong></span> <span class='ocrx_word' id='word_1_36' title='bbox 991 323 1104 351; x_wconf 88' lang='lat' dir='ltr'><strong>adornat</strong></span> <span class='ocrx_word' id='word_1_37' title='bbox 1118 331 1150 350; x_wconf 78' lang='lat' dir='ltr'><strong>ea:</strong></span> <span class='ocrx_word' id='word_1_38' title='bbox 1179 324 1227 350; x_wconf 88' lang='lat' dir='ltr'><strong>hoc</strong></span> <span class='ocrx_word' id='word_1_39' title='bbox 1255 322 1327 349; x_wconf 86' lang='lat' dir='ltr'><strong>haud</strong></span> <span class='ocrx_word' id='word_1_40' title='bbox 1343 321 1424 349; x_wconf 89' lang='lat' dir='ltr'><strong>dubie</strong></span> <span class='ocrx_word' id='word_1_41' title='bbox 1440 322 1508 349; x_wconf 90' lang='lat' dir='ltr'><strong>libro</strong></span> <span class='ocrx_word' id='word_1_42' title='bbox 1526 326 1686 357; x_wconf 71' lang='lat' dir='ltr'><strong>excerptum,</strong></span> <span class='ocrx_word' id='word_1_43' title='bbox 1702 323 1747 352; x_wconf 82' lang='lat' dir='ltr'><strong>ubi</strong></span> 
     </span>
    </p>
   </div>
   <div class='ocr_carea' id='block_1_5' title="bbox 123 367 1747 404">
    <p class='ocr_par' dir='ltr' id='par_1_5' title="bbox 123 367 1747 404">
     <span class='ocr_line' id='line_1_5' title="bbox 123 367 1747 404; baseline -0.001 -8"><span class='ocrx_word' id='word_1_44' title='bbox 123 376 175 396; x_wconf 88' lang='lat' dir='ltr'><strong>non</strong></span> <span class='ocrx_word' id='word_1_45' title='bbox 193 368 270 395; x_wconf 88' lang='lat' dir='ltr'><strong>modo</strong></span> <span class='ocrx_word' id='word_1_46' title='bbox 282 375 334 400; x_wconf 89' lang='lat' dir='ltr'><strong>res,</strong></span> <span class='ocrx_word' id='word_1_47' title='bbox 347 368 392 395; x_wconf 91' lang='lat' dir='ltr'><strong>sed</strong></span> <span class='ocrx_word' id='word_1_48' title='bbox 404 368 484 394; x_wconf 87' lang='lat' dir='ltr'><strong>etiam</strong></span> <span class='ocrx_word' id='word_1_49' title='bbox 500 368 609 403; x_wconf 66' lang='lat' dir='ltr'><strong>integrat</strong></span> <span class='ocrx_word' id='word_1_50' title='bbox 627 369 762 396; x_wconf 72' lang='lat' dir='ltr'><strong>sententia</strong></span> <span class='ocrx_word' id='word_1_51' title='bbox 783 368 844 395; x_wconf 85' lang='lat' dir='ltr'><strong>hinc</strong></span> <span class='ocrx_word' id='word_1_52' title='bbox 866 369 1066 404; x_wconf 73' lang='lat' dir='ltr'><strong>depromuntur,</strong></span> <span class='ocrx_word' id='word_1_53' title='bbox 1082 373 1111 395; x_wconf 87' lang='lat' dir='ltr'><strong>ut</strong></span> <span class='ocrx_word' id='word_1_54' title='bbox 1130 369 1239 404; x_wconf 80' lang='lat' dir='ltr'><strong>quisque</strong></span> <span class='ocrx_word' id='word_1_55' title='bbox 1255 367 1363 395; x_wconf 75' lang='lat' dir='ltr'><strong>videat:</strong></span> <span class='ocrx_word' id='word_1_56' title='bbox 1382 367 1453 404; x_wconf 86' lang='lat' dir='ltr'><strong>quod</strong></span> <span class='ocrx_word' id='word_1_57' title='bbox 1469 372 1557 395; x_wconf 89' lang='lat' dir='ltr'><strong>autem</strong></span> <span class='ocrx_word' id='word_1_58' title='bbox 1573 367 1694 403; x_wconf 65' lang='lat' dir='ltr'><strong>quedam</strong></span> <span class='ocrx_word' id='word_1_59' title='bbox 1710 367 1747 396; x_wconf 89' lang='lat' dir='ltr'><strong>ibi</strong></span> 
     </span>
    </p>
   </div>
   <div class='ocr_carea' id='block_1_6' title="bbox 120 413 1747 449">
    <p class='ocr_par' dir='ltr' id='par_1_6' title="bbox 120 413 1747 449">
     <span class='ocr_line' id='line_1_6' title="bbox 120 413 1747 449; baseline 0 -9"><span class='ocrx_word' id='word_1_60' title='bbox 120 417 280 440; x_wconf 75' lang='lat' dir='ltr'><strong>enarrantur</strong></span> <span class='ocrx_word' id='word_1_61' title='bbox 290 420 350 448; x_wconf 72' lang='lat' dir='ltr'><strong>qua</strong></span> <span class='ocrx_word' id='word_1_62' title='bbox 360 421 488 448; x_wconf 87' lang='lat' dir='ltr'><strong>nusquam</strong></span> <span class='ocrx_word' id='word_1_63' title='bbox 500 417 650 448; x_wconf 80' lang='lat' dir='ltr'><strong><em>comparent</em></strong></span> <span class='ocrx_word' id='word_1_64' title='bbox 665 414 735 449; x_wconf 85' lang='lat' dir='ltr'><strong>apud</strong></span> <span class='ocrx_word' id='word_1_65' title='bbox 744 413 931 447; x_wconf 67' lang='lat' dir='ltr'><strong>Athanasium,</strong></span> <span class='ocrx_word' id='word_1_66' title='bbox 944 414 1008 449; x_wconf 89' lang='lat' dir='ltr'><strong>quid</strong></span> <span class='ocrx_word' id='word_1_67' title='bbox 1024 414 1131 447; x_wconf 86' lang='lat' dir='ltr'><strong>mirum,</strong></span> <span class='ocrx_word' id='word_1_68' title='bbox 1145 421 1205 440; x_wconf 83' lang='lat' dir='ltr'><strong>cum</strong></span> <span class='ocrx_word' id='word_1_69' title='bbox 1219 418 1343 446; x_wconf 91' lang='lat' dir='ltr'><strong>testatur,</strong></span> <span class='ocrx_word' id='word_1_70' title='bbox 1357 413 1413 448; x_wconf 88' lang='lat' dir='ltr'><strong>ipse</strong></span> <span class='ocrx_word' id='word_1_71' title='bbox 1422 421 1450 440; x_wconf 93' lang='lat' dir='ltr'><strong>se</strong></span> <span class='ocrx_word' id='word_1_72' title='bbox 1464 413 1602 440; x_wconf 88' lang='lat' dir='ltr'><strong>minimam</strong></span> <span class='ocrx_word' id='word_1_73' title='bbox 1614 417 1747 448; x_wconf 89' lang='lat' dir='ltr'><strong>gestorum</strong></span> 
     </span>
    </p>
   </div>
   <div class='ocr_carea' id='block_1_7' title="bbox 123 458 1747 494">
    <p class='ocr_par' dir='ltr' id='par_1_7' title="bbox 123 458 1747 494">
     <span class='ocr_line' id='line_1_7' title="bbox 123 458 1747 494; baseline -0.001 -7"><span class='ocrx_word' id='word_1_74' title='bbox 123 459 231 487; x_wconf 76' lang='lat' dir='ltr'><strong>Antonii</strong></span> <span class='ocrx_word' id='word_1_75' title='bbox 256 463 359 494; x_wconf 90' lang='lat' dir='ltr'><strong>partem</strong></span> <span class='ocrx_word' id='word_1_76' title='bbox 381 464 554 486; x_wconf 70' lang='lat' dir='ltr'><strong><em>narraturum</em></strong></span> <span class='ocrx_word' id='word_1_77' title='bbox 567 465 578 485; x_wconf 89' lang='lat'><strong><em>:</em></strong></span> <span class='ocrx_word' id='word_1_78' title='bbox 594 459 764 494; x_wconf 85' lang='lat' dir='ltr'><strong>horteturque</strong></span> <span class='ocrx_word' id='word_1_79' title='bbox 786 459 928 487; x_wconf 83' lang='lat' dir='ltr'><strong>monachos</strong></span> <span class='ocrx_word' id='word_1_80' title='bbox 954 463 984 486; x_wconf 84' lang='lat' dir='ltr'><strong>ut</strong></span> <span class='ocrx_word' id='word_1_81' title='bbox 1010 459 1179 487; x_wconf 85' lang='lat' dir='ltr'><strong>sciscitentur</strong></span> <span class='ocrx_word' id='word_1_82' title='bbox 1190 467 1207 486; x_wconf 87' lang='lat' dir='ltr'><strong>a</strong></span> <span class='ocrx_word' id='word_1_83' title='bbox 1220 458 1323 492; x_wconf 84' lang='lat' dir='ltr'><strong>multis,</strong></span> <span class='ocrx_word' id='word_1_84' title='bbox 1340 467 1372 486; x_wconf 89' lang='lat' dir='ltr'><strong>ac</strong></span> <span class='ocrx_word' id='word_1_85' title='bbox 1391 462 1462 486; x_wconf 84' lang='lat' dir='ltr'><strong>certo</strong></span> <span class='ocrx_word' id='word_1_86' title='bbox 1475 458 1559 486; x_wconf 88' lang='lat' dir='ltr'><strong>sciant</strong></span> <span class='ocrx_word' id='word_1_87' title='bbox 1571 466 1599 486; x_wconf 89' lang='lat' dir='ltr'><strong>se</strong></span> <span class='ocrx_word' id='word_1_88' title='bbox 1614 466 1747 494; x_wconf 81' lang='lat' dir='ltr'><strong>nunquam</strong></span> 
     </span>
    </p>
   </div>
   <div class='ocr_carea' id='block_1_8' title="bbox 122 503 753 539">
    <p class='ocr_par' dir='ltr' id='par_1_8' title="bbox 122 503 753 539">
     <span class='ocr_line' id='line_1_8' title="bbox 122 503 753 539; baseline 0 -7"><span class='ocrx_word' id='word_1_89' title='bbox 122 505 213 533; x_wconf 90' lang='lat' dir='ltr'><strong>omnia</strong></span> <span class='ocrx_word' id='word_1_90' title='bbox 225 504 298 532; x_wconf 82' lang='lat' dir='ltr'><strong>illius</strong></span> <span class='ocrx_word' id='word_1_91' title='bbox 315 503 486 531; x_wconf 86' lang='lat' dir='ltr'><strong>memoranda</strong></span> <span class='ocrx_word' id='word_1_92' title='bbox 501 507 574 539; x_wconf 84' lang='lat' dir='ltr'><strong>gesta</strong></span> <span class='ocrx_word' id='word_1_93' title='bbox 588 503 728 531; x_wconf 88' lang='lat' dir='ltr'><strong>audituros</strong></span> <span class='ocrx_word' id='word_1_94' title='bbox 739 505 753 532; x_wconf 71' lang='grc'><strong><em>7</em></strong></span> 
     </span>
    </p>
   </div>
   <div class='ocr_carea' id='block_1_9' title="bbox 158 561 938 601">
    <p class='ocr_par' dir='ltr' id='par_1_9' title="bbox 158 563 938 595">
     <span class='ocr_line' id='line_1_9' title="bbox 158 563 938 595; baseline -0.003 -1"><span class='ocrx_word' id='word_1_95' title='bbox 158 567 202 595; x_wconf 79' lang='lat' dir='ltr'><strong>M.</strong></span> <span class='ocrx_word' id='word_1_96' title='bbox 220 567 320 594; x_wconf 78' lang='lat' dir='ltr'><strong><em>Auctor</em></strong></span> <span class='ocrx_word' id='word_1_97' title='bbox 333 563 402 592; x_wconf 69' lang='lat' dir='ltr'><strong>Vitae</strong></span> <span class='ocrx_word' id='word_1_98' title='bbox 413 564 500 592; x_wconf 81' lang='lat' dir='ltr'><strong>sancti</strong></span> <span class='ocrx_word' id='word_1_99' title='bbox 523 563 665 592; x_wconf 83' lang='lat' dir='ltr'><strong>Pachomii</strong></span> <span class='ocrx_word' id='word_1_100' title='bbox 681 564 728 592; x_wconf 84' lang='lat' dir='ltr'><strong>sub</strong></span> <span class='ocrx_word' id='word_1_101' title='bbox 739 564 846 592; x_wconf 85' lang='lat' dir='ltr'><strong>initium</strong></span> <span class='ocrx_word' id='word_1_102' title='bbox 858 571 868 591; x_wconf 93' lang='lat'><strong><em>:</em></strong></span> <span class='ocrx_word' id='word_1_103' title='bbox 890 564 938 592; x_wconf 79' lang='lat' dir='ltr'><strong>Toi.</strong></span> 
     </span>
    </p>
   </div>
   <div class='ocr_carea' id='block_1_10' title="bbox 966 561 1746 601">
    <p class='ocr_par' dir='ltr' id='par_1_10' title="bbox 966 561 1746 601">
     <span class='ocr_line' id='line_1_10' title="bbox 966 561 1746 601; baseline -0.004 -10"><span class='ocrx_word' id='word_1_104' title='bbox 966 564 1018 601; x_wconf 84' lang='grc' dir='ltr'><strong>γὰρ</strong></span> <span class='ocrx_word' id='word_1_105' title='bbox 1039 563 1263 600; x_wconf 83' lang='grc' dir='ltr'><strong>ἀσκητικωτάτου</strong></span> <span class='ocrx_word' id='word_1_106' title='bbox 1289 562 1336 590; x_wconf 79' lang='grc' dir='ltr'>καὶ</span> <span class='ocrx_word' id='word_1_107' title='bbox 1359 561 1467 598; x_wconf 79' lang='grc' dir='ltr'>ἀληθῶς</span> <span class='ocrx_word' id='word_1_108' title='bbox 1489 562 1616 598; x_wconf 67' lang='grc' dir='ltr'><strong>ἐναρέτου</strong></span> <span class='ocrx_word' id='word_1_109' title='bbox 1640 562 1746 598; x_wconf 57' lang='lat' dir='ltr'><strong>“acpbe</strong></span> 
     </span>
    </p>
   </div>
   <div class='ocr_carea' id='block_1_11' title="bbox 122 608 1746 650">
    <p class='ocr_par' dir='ltr' id='par_1_11' title="bbox 122 608 1746 650">
     <span class='ocr_line' id='line_1_11' title="bbox 122 608 1746 650; baseline -0.002 -10"><span class='ocrx_word' id='word_1_110' title='bbox 122 614 201 650; x_wconf 74' lang='grc' dir='ltr'><strong>ἡμῶν</strong></span> <span class='ocrx_word' id='word_1_111' title='bbox 222 612 364 640; x_wconf 71' lang='grc' dir='ltr'><strong>Ἀντωνιου</strong></span> <span class='ocrx_word' id='word_1_112' title='bbox 378 610 497 643; x_wconf 78' lang='grc' dir='ltr'><strong>τοιοῦτος</strong></span> <span class='ocrx_word' id='word_1_113' title='bbox 509 608 543 646; x_wconf 79' lang='grc' dir='ltr'><strong>ἦν</strong></span> <span class='ocrx_word' id='word_1_114' title='bbox 555 611 570 638; x_wconf 82' lang='grc' dir='ltr'><strong><em>ὁ</em></strong></span> <span class='ocrx_word' id='word_1_115' title='bbox 584 611 652 646; x_wconf 82' lang='grc' dir='ltr'><strong>βίος,</strong></span> <span class='ocrx_word' id='word_1_116' title='bbox 671 611 710 644; x_wconf 80' lang='grc' dir='ltr'><strong>ὡς</strong></span> <span class='ocrx_word' id='word_1_117' title='bbox 720 611 735 638; x_wconf 78' lang='grc' dir='ltr'><strong><em>ὁ</em></strong></span> <span class='ocrx_word' id='word_1_118' title='bbox 745 612 792 639; x_wconf 79' lang='grc' dir='ltr'><strong>τοῦ</strong></span> <span class='ocrx_word' id='word_1_119' title='bbox 808 611 926 647; x_wconf 79' lang='grc' dir='ltr'><strong>μεγάλου</strong></span> <span class='ocrx_word' id='word_1_120' title='bbox 949 611 1051 644; x_wconf 76' lang='grc' dir='ltr'><strong>Ἡλίου,</strong></span> <span class='ocrx_word' id='word_1_121' title='bbox 1069 611 1116 639; x_wconf 74' lang='grc' dir='ltr'><strong>καὶ</strong></span> <span class='ocrx_word' id='word_1_122' title='bbox 1136 611 1298 644; x_wconf 77' lang='grc' dir='ltr'><strong>Ἐλισσαίου,</strong></span> <span class='ocrx_word' id='word_1_123' title='bbox 1317 611 1364 638; x_wconf 81' lang='grc' dir='ltr'><strong>καὶ</strong></span> <span class='ocrx_word' id='word_1_124' title='bbox 1380 610 1504 638; x_wconf 71' lang='grc' dir='ltr'><strong>Ἰωάννου</strong></span> <span class='ocrx_word' id='word_1_125' title='bbox 1520 611 1568 638; x_wconf 83' lang='grc' dir='ltr'><strong>τοῦ</strong></span> <span class='ocrx_word' id='word_1_126' title='bbox 1582 610 1746 642; x_wconf 80' lang='grc' dir='ltr'><strong>Βαπτιστοῠ,</strong></span> 
     </span>
    </p>
   </div>
   <div class='ocr_carea' id='block_1_12' title="bbox 123 655 1748 694">
    <p class='ocr_par' dir='ltr' id='par_1_12' title="bbox 123 655 1748 694">
     <span class='ocr_line' id='line_1_12' title="bbox 123 655 1748 694; baseline -0.003 -7"><span class='ocrx_word' id='word_1_127' title='bbox 123 659 214 692; x_wconf 80' lang='grc' dir='ltr'>καθὼς</span> <span class='ocrx_word' id='word_1_128' title='bbox 229 659 276 686; x_wconf 78' lang='grc' dir='ltr'><strong>καὶ</strong></span> <span class='ocrx_word' id='word_1_129' title='bbox 289 657 436 694; x_wconf 73' lang='grc' dir='ltr'><strong>ἐγγράφως</strong></span> <span class='ocrx_word' id='word_1_130' title='bbox 448 657 582 692; x_wconf 75' lang='grc' dir='ltr'><strong>μαρτυρεῖ</strong></span> <span class='ocrx_word' id='word_1_131' title='bbox 596 658 662 692; x_wconf 80' lang='grc' dir='ltr'><strong>περὶ</strong></span> <span class='ocrx_word' id='word_1_132' title='bbox 677 657 760 684; x_wconf 75' lang='grc' dir='ltr'><strong>αὑτοῦ</strong></span> <span class='ocrx_word' id='word_1_133' title='bbox 775 658 845 693; x_wconf 81' lang='grc' dir='ltr'><strong>μετὰ</strong></span> <span class='ocrx_word' id='word_1_134' title='bbox 858 657 908 693; x_wconf 82' lang='grc' dir='ltr'><strong>τὴν</strong></span> <span class='ocrx_word' id='word_1_135' title='bbox 920 657 1048 693; x_wconf 75' lang='grc' dir='ltr'><strong>τελευτὴν</strong></span> <span class='ocrx_word' id='word_1_136' title='bbox 1065 657 1079 683; x_wconf 82' lang='grc' dir='ltr'><strong>ὸ</strong></span> <span class='ocrx_word' id='word_1_137' title='bbox 1097 655 1248 691; x_wconf 77' lang='grc' dir='ltr'><strong>ἁγιώτατος</strong></span> <span class='ocrx_word' id='word_1_138' title='bbox 1272 655 1487 692; x_wconf 79' lang='grc' dir='ltr'><strong>ἀρχιεπίσκοπος</strong></span> <span class='ocrx_word' id='word_1_139' title='bbox 1509 656 1676 688; x_wconf 77' lang='grc' dir='ltr'><strong>Ἀθανάσιος,</strong></span> <span class='ocrx_word' id='word_1_140' title='bbox 1699 657 1748 683; x_wconf 79' lang='grc' dir='ltr'><strong>καὶ</strong></span> 
     </span>
    </p>
   </div>
   <div class='ocr_carea' id='block_1_13' title="bbox 121 700 1747 741">
    <p class='ocr_par' dir='ltr' id='par_1_13' title="bbox 121 700 1747 741">
     <span class='ocr_line' id='line_1_13' title="bbox 121 700 1747 741; baseline -0.002 -9"><span class='ocrx_word' id='word_1_141' title='bbox 121 705 172 741; x_wconf 82' lang='grc' dir='ltr'><strong>τὴν</strong></span> <span class='ocrx_word' id='word_1_142' title='bbox 187 705 272 740; x_wconf 79' lang='grc' dir='ltr'><strong>αὐτὴν</strong></span> <span class='ocrx_word' id='word_1_143' title='bbox 285 702 421 738; x_wconf 83' lang='grc' dir='ltr'><strong>διαγωγὴν</strong></span> <span class='ocrx_word' id='word_1_144' title='bbox 433 700 501 738; x_wconf 67' lang='lat' dir='ltr'><strong>tiqu</strong></span> <span class='ocrx_word' id='word_1_145' title='bbox 513 700 636 737; x_wconf 75' lang='grc' dir='ltr'><strong>δηλώσας</strong></span> <span class='ocrx_word' id='word_1_146' title='bbox 646 701 694 729; x_wconf 77' lang='grc' dir='ltr'><strong>τοῦ</strong></span> <span class='ocrx_word' id='word_1_147' title='bbox 711 701 789 736; x_wconf 77' lang='grc' dir='ltr'><strong>ἁγίου</strong></span> <span class='ocrx_word' id='word_1_148' title='bbox 803 701 911 738; x_wconf 73' lang='grc' dir='ltr'><strong>Πατρὸς</strong></span> <span class='ocrx_word' id='word_1_149' title='bbox 922 701 1034 738; x_wconf 81' lang='grc' dir='ltr'>Ἀμοῦν,</span> <span class='ocrx_word' id='word_1_150' title='bbox 1047 700 1277 737; x_wconf 77' lang='grc' dir='ltr'><strong>ἁρχιμονάζοντος</strong></span> <span class='ocrx_word' id='word_1_151' title='bbox 1290 702 1320 727; x_wconf 78' lang='grc' dir='ltr'><strong>ὲν</strong></span> <span class='ocrx_word' id='word_1_152' title='bbox 1335 701 1375 737; x_wconf 84' lang='grc' dir='ltr'><strong>τῷ</strong></span> <span class='ocrx_word' id='word_1_153' title='bbox 1390 702 1448 739; x_wconf 75' lang='grc' dir='ltr'><strong>ὄρει</strong></span> <span class='ocrx_word' id='word_1_154' title='bbox 1462 703 1515 739; x_wconf 84' lang='grc' dir='ltr'><strong>τῆς</strong></span> <span class='ocrx_word' id='word_1_155' title='bbox 1537 703 1653 739; x_wconf 72' lang='grc' dir='ltr'>Νηρίας</span> <span class='ocrx_word' id='word_1_156' title='bbox 1669 703 1747 730; x_wconf 78' lang='grc' dir='ltr'><strong>ἁδελ-</strong></span> 
     </span>
    </p>
   </div>
   <div class='ocr_carea' id='block_1_14' title="bbox 123 748 903 786">
    <p class='ocr_par' dir='ltr' id='par_1_14' title="bbox 123 749 901 786">
     <span class='ocr_line' id='line_1_14' title="bbox 123 749 901 786; baseline 0 -8"><span class='ocrx_word' id='word_1_157' title='bbox 123 751 192 786; x_wconf 79' lang='grc' dir='ltr'>φῶν,</span> <span class='ocrx_word' id='word_1_158' title='bbox 206 751 253 778; x_wconf 80' lang='grc' dir='ltr'><strong>καὶ</strong></span> <span class='ocrx_word' id='word_1_159' title='bbox 268 750 317 777; x_wconf 78' lang='grc' dir='ltr'><strong>σὺν</strong></span> <span class='ocrx_word' id='word_1_160' title='bbox 333 749 407 785; x_wconf 74' lang='grc' dir='ltr'><strong>αὐτῷ</strong></span> <span class='ocrx_word' id='word_1_161' title='bbox 419 749 569 785; x_wconf 78' lang='grc' dir='ltr'><strong>Θεοδώρου.</strong></span> <span class='ocrx_word' id='word_1_162' title='bbox 585 749 712 778; x_wconf 64' lang='lat' dir='ltr'><strong>Praeclari</strong></span> <span class='ocrx_word' id='word_1_163' title='bbox 725 749 825 778; x_wconf 89' lang='lat' dir='ltr'><strong>etenim</strong></span> <span class='ocrx_word' id='word_1_164' title='bbox 838 757 901 778; x_wconf 85' lang='lat' dir='ltr'><strong>asce</strong></span> 
     </span>
    </p>
   </div>
   <div class='ocr_carea' id='block_1_15' title="bbox 966 748 1746 786">
    <p class='ocr_par' dir='ltr' id='par_1_15' title="bbox 966 748 1746 782">
     <span class='ocr_line' id='line_1_15' title="bbox 966 748 1746 782; baseline 0 -5"><span class='ocrx_word' id='word_1_165' title='bbox 966 754 986 777; x_wconf 68' lang='lat' dir='ltr'><strong>at</strong></span> <span class='ocrx_word' id='word_1_166' title='bbox 999 757 1064 777; x_wconf 85' lang='lat' dir='ltr'><strong><em>vere</em></strong></span> <span class='ocrx_word' id='word_1_167' title='bbox 1076 749 1225 777; x_wconf 78' lang='lat' dir='ltr'><strong>virtutibus</strong></span> <span class='ocrx_word' id='word_1_168' title='bbox 1239 748 1333 777; x_wconf 74' lang='lat' dir='ltr'><strong>eximii</strong></span> <span class='ocrx_word' id='word_1_169' title='bbox 1343 748 1432 778; x_wconf 86' lang='lat' dir='ltr'><strong>Patris</strong></span> <span class='ocrx_word' id='word_1_170' title='bbox 1446 751 1533 778; x_wconf 83' lang='lat' dir='ltr'><strong>nostri</strong></span> <span class='ocrx_word' id='word_1_171' title='bbox 1548 750 1671 782; x_wconf 80' lang='lat' dir='ltr'><strong>Antonii,</strong></span> <span class='ocrx_word' id='word_1_172' title='bbox 1686 750 1746 778; x_wconf 85' lang='lat' dir='ltr'><strong>talis</strong></span> 
     </span>
    </p>
   </div>
   <div class='ocr_carea' id='block_1_16' title="bbox 123 796 1748 834">
    <p class='ocr_par' dir='ltr' id='par_1_16' title="bbox 123 796 1748 834">
     <span class='ocr_line' id='line_1_16' title="bbox 123 796 1748 834; baseline -0.001 -8"><span class='ocrx_word' id='word_1_173' title='bbox 123 798 177 826; x_wconf 83' lang='lat' dir='ltr'><strong>vita</strong></span> <span class='ocrx_word' id='word_1_174' title='bbox 185 797 237 826; x_wconf 82' lang='lat' dir='ltr'><strong>fuit</strong></span> <span class='ocrx_word' id='word_1_175' title='bbox 248 797 338 833; x_wconf 78' lang='lat' dir='ltr'><strong>qualis</strong></span> <span class='ocrx_word' id='word_1_176' title='bbox 344 797 436 832; x_wconf 77' lang='lat' dir='ltr'><strong>magni</strong></span> <span class='ocrx_word' id='word_1_177' title='bbox 444 797 518 830; x_wconf 66' lang='lat' dir='ltr'><strong>Elia,</strong></span> <span class='ocrx_word' id='word_1_178' title='bbox 527 796 616 825; x_wconf 66' lang='lat' dir='ltr'><strong>Elisazi</strong></span> <span class='ocrx_word' id='word_1_179' title='bbox 624 802 652 825; x_wconf 92' lang='lat' dir='ltr'><strong>et</strong></span> <span class='ocrx_word' id='word_1_180' title='bbox 658 797 772 825; x_wconf 81' lang='lat' dir='ltr'><strong>Joannis</strong></span> <span class='ocrx_word' id='word_1_181' title='bbox 786 797 923 833; x_wconf 66' lang='lat' dir='ltr'><strong>Baptistae,</strong></span> <span class='ocrx_word' id='word_1_182' title='bbox 935 801 966 825; x_wconf 91' lang='lat' dir='ltr'><strong>ut</strong></span> <span class='ocrx_word' id='word_1_183' title='bbox 977 797 1004 825; x_wconf 91' lang='lat' dir='ltr'><strong>in</strong></span> <span class='ocrx_word' id='word_1_184' title='bbox 1020 797 1080 833; x_wconf 86' lang='lat' dir='ltr'><strong>ejus</strong></span> <span class='ocrx_word' id='word_1_185' title='bbox 1093 796 1228 832; x_wconf 82' lang='lat' dir='ltr'><strong>Vita&#39;post</strong></span> <span class='ocrx_word' id='word_1_186' title='bbox 1236 801 1350 824; x_wconf 89' lang='lat' dir='ltr'><strong>m0rtem</strong></span> <span class='ocrx_word' id='word_1_187' title='bbox 1360 796 1446 833; x_wconf 85' lang='lat' dir='ltr'><strong>ipsius</strong></span> <span class='ocrx_word' id='word_1_188' title='bbox 1454 798 1554 834; x_wconf 84' lang='lat' dir='ltr'><strong>scripta</strong></span> <span class='ocrx_word' id='word_1_189' title='bbox 1562 802 1675 826; x_wconf 80' lang='lat' dir='ltr'><strong>testatur</strong></span> <span class='ocrx_word' id='word_1_190' title='bbox 1682 805 1748 825; x_wconf 89' lang='lat' dir='ltr'><strong>san-</strong></span> 
     </span>
    </p>
   </div>
   <div class='ocr_carea' id='block_1_17' title="bbox 119 834 1747 881">
    <p class='ocr_par' dir='ltr' id='par_1_17' title="bbox 119 834 1747 881">
     <span class='ocr_line' id='line_1_17' title="bbox 119 834 1747 881; baseline 0 -8"><span class='ocrx_word' id='word_1_191' title='bbox 119 845 261 874; x_wconf 86' lang='lat' dir='ltr'><strong>ctissimus</strong></span> <span class='ocrx_word' id='word_1_192' title='bbox 272 834 496 880; x_wconf 69' lang='lat' dir='ltr'><strong>archiepiscopus</strong></span> <span class='ocrx_word' id='word_1_193' title='bbox 500 844 664 873; x_wconf 85' lang='lat' dir='ltr'><strong>Athanasius</strong></span> <span class='ocrx_word' id='word_1_194' title='bbox 675 853 682 872; x_wconf 92' lang='lat'>:</span> <span class='ocrx_word' id='word_1_195' title='bbox 693 844 739 873; x_wconf 87' lang='lat' dir='ltr'><strong>ubi</strong></span> <span class='ocrx_word' id='word_1_196' title='bbox 750 845 783 873; x_wconf 86' lang='lat' dir='ltr'><strong>de</strong></span> <span class='ocrx_word' id='word_1_197' title='bbox 793 845 848 873; x_wconf 84' lang='lat' dir='ltr'><strong>vita</strong></span> <span class='ocrx_word' id='word_1_198' title='bbox 861 845 925 874; x_wconf 84' lang='lat' dir='ltr'><strong>item</strong></span> <span class='ocrx_word' id='word_1_199' title='bbox 935 844 1079 873; x_wconf 85' lang='lat' dir='ltr'><strong>Ammunis</strong></span> <span class='ocrx_word' id='word_1_200' title='bbox 1090 845 1146 881; x_wconf 89' lang='lat' dir='ltr'><strong>agit</strong></span> <span class='ocrx_word' id='word_1_201' title='bbox 1158 845 1353 873; x_wconf 73' lang='lat' dir='ltr'><strong>monachorum</strong></span> <span class='ocrx_word' id='word_1_202' title='bbox 1365 844 1486 881; x_wconf 67' lang='lat' dir='ltr'><strong>praefecti</strong></span> <span class='ocrx_word' id='word_1_203' title='bbox 1501 845 1529 873; x_wconf 92' lang='lat' dir='ltr'><strong>in</strong></span> <span class='ocrx_word' id='word_1_204' title='bbox 1542 847 1635 872; x_wconf 84' lang='lat' dir='ltr'><strong>monte</strong></span> <span class='ocrx_word' id='word_1_205' title='bbox 1644 843 1747 873; x_wconf 63' lang='lat' dir='ltr'><strong>Nitriae.</strong></span> 
     </span>
    </p>
   </div>
   <div class='ocr_carea' id='block_1_18' title="bbox 124 889 458 918">
    <p class='ocr_par' dir='ltr' id='par_1_18' title="bbox 124 889 458 918">
     <span class='ocr_line' id='line_1_18' title="bbox 124 889 458 918; baseline 0.003 -1"><span class='ocrx_word' id='word_1_206' title='bbox 124 897 178 918; x_wconf 87' lang='lat' dir='ltr'><strong>nec</strong></span> <span class='ocrx_word' id='word_1_207' title='bbox 189 897 243 918; x_wconf 93' lang='lat' dir='ltr'><strong>non</strong></span> <span class='ocrx_word' id='word_1_208' title='bbox 257 889 290 918; x_wconf 86' lang='lat' dir='ltr'><strong>de</strong></span> <span class='ocrx_word' id='word_1_209' title='bbox 303 889 458 918; x_wconf 84' lang='lat' dir='ltr'><strong>Theodoro.</strong></span> 
     </span>
    </p>
   </div>
   <div class='ocr_carea' id='block_1_19' title="bbox 159 946 1747 992">
    <p class='ocr_par' dir='ltr' id='par_1_19' title="bbox 159 946 1747 992">
     <span class='ocr_line' id='line_1_19' title="bbox 159 946 1747 992; baseline 0.002 -19"><span class='ocrx_word' id='word_1_210' title='bbox 159 946 203 974; x_wconf 77' lang='lat' dir='ltr'><strong>l5.</strong></span> <span class='ocrx_word' id='word_1_211' title='bbox 217 946 332 974; x_wconf 81' lang='lat' dir='ltr'><strong>Joannes</strong></span> <span class='ocrx_word' id='word_1_212' title='bbox 357 946 547 992; x_wconf 73' lang='lat' dir='ltr'><strong>Damascenus,</strong></span> <span class='ocrx_word' id='word_1_213' title='bbox 563 952 632 976; x_wconf 88' lang='lat' dir='ltr'><strong>orat.</strong></span> <span class='ocrx_word' id='word_1_214' title='bbox 664 948 676 976; x_wconf 78' lang='grc' dir='ltr'><strong>Ι</strong></span> <span class='ocrx_word' id='word_1_215' title='bbox 700 948 738 977; x_wconf 84' lang='lat' dir='ltr'><strong>De</strong></span> <span class='ocrx_word' id='word_1_216' title='bbox 761 949 926 985; x_wconf 76' lang='lat' dir='ltr'><strong>imaginibus</strong></span> <span class='ocrx_word' id='word_1_217' title='bbox 945 958 952 977; x_wconf 92' lang='lat'>:</span> <span class='ocrx_word' id='word_1_218' title='bbox 971 948 1216 983; x_wconf 85' lang='lat' dir='ltr'><strong>Quemadmodum,</strong></span> <span class='ocrx_word' id='word_1_219' title='bbox 1241 949 1291 980; x_wconf 86' lang='lat' dir='ltr'><strong>ait.</strong></span> <span class='ocrx_word' id='word_1_220' title='bbox 1313 949 1416 978; x_wconf 83' lang='lat' dir='ltr'><strong>scimus</strong></span> <span class='ocrx_word' id='word_1_221' title='bbox 1440 949 1551 978; x_wconf 85' lang='lat' dir='ltr'><strong>beatum</strong></span> <span class='ocrx_word' id='word_1_222' title='bbox 1568 949 1747 978; x_wconf 78' lang='lat' dir='ltr'><strong>Athanasium</strong></span> 
     </span>
    </p>
   </div>
   <div class='ocr_carea' id='block_1_20' title="bbox 125 992 1748 1031">
    <p class='ocr_par' dir='ltr' id='par_1_20' title="bbox 125 992 1748 1031">
     <span class='ocr_line' id='line_1_20' title="bbox 125 992 1748 1031; baseline 0.003 -12"><span class='ocrx_word' id='word_1_223' title='bbox 125 996 283 1020; x_wconf 83' lang='lat' dir='ltr'><strong>sanctorum</strong></span> <span class='ocrx_word' id='word_1_224' title='bbox 309 992 438 1028; x_wconf 84' lang='lat' dir='ltr'><strong>reliquias</strong></span> <span class='ocrx_word' id='word_1_225' title='bbox 459 1002 514 1022; x_wconf 92' lang='lat' dir='ltr'><strong>non</strong></span> <span class='ocrx_word' id='word_1_226' title='bbox 537 995 564 1023; x_wconf 95' lang='lat' dir='ltr'><strong>in</strong></span> <span class='ocrx_word' id='word_1_227' title='bbox 580 996 657 1024; x_wconf 86' lang='lat' dir='ltr'><strong>urnis</strong></span> <span class='ocrx_word' id='word_1_228' title='bbox 672 996 856 1030; x_wconf 90' lang='lat' dir='ltr'><strong>collocandas,</strong></span> <span class='ocrx_word' id='word_1_229' title='bbox 874 996 920 1024; x_wconf 86' lang='lat' dir='ltr'><strong>sed</strong></span> <span class='ocrx_word' id='word_1_230' title='bbox 937 997 1014 1024; x_wconf 91' lang='lat' dir='ltr'><strong>humi</strong></span> <span class='ocrx_word' id='word_1_231' title='bbox 1033 997 1200 1031; x_wconf 88' lang='lat' dir='ltr'><strong>condendas,</strong></span> <span class='ocrx_word' id='word_1_232' title='bbox 1211 1003 1244 1024; x_wconf 94' lang='lat' dir='ltr'><strong>eo</strong></span> <span class='ocrx_word' id='word_1_233' title='bbox 1260 997 1374 1025; x_wconf 89' lang='lat' dir='ltr'><strong>consilio</strong></span> <span class='ocrx_word' id='word_1_234' title='bbox 1388 997 1539 1031; x_wconf 87' lang='lat' dir='ltr'><strong>censuisse,</strong></span> <span class='ocrx_word' id='word_1_235' title='bbox 1551 1001 1582 1024; x_wconf 92' lang='lat' dir='ltr'><strong>ut</strong></span> <span class='ocrx_word' id='word_1_236' title='bbox 1598 996 1748 1025; x_wconf 74' lang='lat' dir='ltr'><strong>absurdum</strong></span> 
     </span>
    </p>
   </div>
   <div class='ocr_carea' id='block_1_21' title="bbox 126 1035 1749 1076">
    <p class='ocr_par' dir='ltr' id='par_1_21' title="bbox 126 1035 1749 1076">
     <span class='ocr_line' id='line_1_21' title="bbox 126 1035 1749 1076; baseline 0.004 -13"><span class='ocrx_word' id='word_1_237' title='bbox 126 1035 315 1072; x_wconf 66' lang='lat' dir='ltr'><strong>Egyptiorum</strong></span> <span class='ocrx_word' id='word_1_238' title='bbox 330 1044 434 1065; x_wconf 88' lang='lat' dir='ltr'><strong>morem</strong></span> <span class='ocrx_word' id='word_1_239' title='bbox 449 1037 603 1074; x_wconf 78' lang='lat' dir='ltr'><strong>abrogaret,</strong></span> <span class='ocrx_word' id='word_1_240' title='bbox 619 1039 666 1074; x_wconf 87' lang='lat' dir='ltr'><strong>qui</strong></span> <span class='ocrx_word' id='word_1_241' title='bbox 682 1044 806 1068; x_wconf 87' lang='lat' dir='ltr'><strong>mortuos</strong></span> <span class='ocrx_word' id='word_1_242' title='bbox 824 1047 891 1068; x_wconf 88' lang='lat' dir='ltr'><strong>suos</strong></span> <span class='ocrx_word' id='word_1_243' title='bbox 909 1048 963 1068; x_wconf 93' lang='lat' dir='ltr'><strong>non</strong></span> <span class='ocrx_word' id='word_1_244' title='bbox 976 1040 1028 1068; x_wconf 90' lang='lat' dir='ltr'><strong>sub</strong></span> <span class='ocrx_word' id='word_1_245' title='bbox 1047 1045 1118 1068; x_wconf 88' lang='lat' dir='ltr'><strong>terra</strong></span> <span class='ocrx_word' id='word_1_246' title='bbox 1138 1041 1302 1074; x_wconf 86' lang='lat' dir='ltr'><strong>condebant,</strong></span> <span class='ocrx_word' id='word_1_247' title='bbox 1315 1042 1361 1070; x_wconf 86' lang='lat' dir='ltr'><strong>sed</strong></span> <span class='ocrx_word' id='word_1_248' title='bbox 1384 1042 1411 1069; x_wconf 93' lang='lat' dir='ltr'><strong>in</strong></span> <span class='ocrx_word' id='word_1_249' title='bbox 1426 1042 1533 1070; x_wconf 85' lang='lat' dir='ltr'><strong>lectulis</strong></span> <span class='ocrx_word' id='word_1_250' title='bbox 1545 1045 1573 1069; x_wconf 91' lang='lat' dir='ltr'><strong>et</strong></span> <span class='ocrx_word' id='word_1_251' title='bbox 1588 1041 1749 1076; x_wconf 83' lang='lat' dir='ltr'><strong>scimpodiis</strong></span> 
     </span>
    </p>
   </div>
   <div class='ocr_carea' id='block_1_22' title="bbox 122 1080 1748 1122">
    <p class='ocr_par' dir='ltr' id='par_1_22' title="bbox 122 1080 1748 1122">
     <span class='ocr_line' id='line_1_22' title="bbox 122 1080 1748 1122; baseline 0.004 -15"><span class='ocrx_word' id='word_1_252' title='bbox 122 1080 303 1108; x_wconf 81' lang='lat' dir='ltr'><strong>collocabant.</strong></span> <span class='ocrx_word' id='word_1_253' title='bbox 316 1080 352 1108; x_wconf 83' lang='lat' dir='ltr'><strong>Et</strong></span> <span class='ocrx_word' id='word_1_254' title='bbox 365 1081 392 1108; x_wconf 90' lang='lat' dir='ltr'><strong>in</strong></span> <span class='ocrx_word' id='word_1_255' title='bbox 411 1080 529 1122; x_wconf 80' lang='lat' dir='ltr'><strong>Historia</strong></span> <span class='ocrx_word' id='word_1_256' title='bbox 552 1082 686 1111; x_wconf 85' lang='lat' dir='ltr'><strong>Barlaami</strong></span> <span class='ocrx_word' id='word_1_257' title='bbox 706 1088 735 1112; x_wconf 88' lang='lat' dir='ltr'><strong>et</strong></span> <span class='ocrx_word' id='word_1_258' title='bbox 757 1083 911 1120; x_wconf 84' lang='lat' dir='ltr'><strong>Josaphati,</strong></span> <span class='ocrx_word' id='word_1_259' title='bbox 927 1092 952 1112; x_wconf 77' lang='grc' dir='ltr'><strong>ε.</strong></span> <span class='ocrx_word' id='word_1_260' title='bbox 970 1085 1025 1113; x_wconf 80' lang='lat'><strong>37:</strong></span> <span class='ocrx_word' id='word_1_261' title='bbox 1042 1085 1081 1113; x_wconf 88' lang='lat' dir='ltr'><strong>Ac</strong></span> <span class='ocrx_word' id='word_1_262' title='bbox 1098 1085 1215 1121; x_wconf 81' lang='lat' dir='ltr'><strong>denique</strong></span> <span class='ocrx_word' id='word_1_263' title='bbox 1230 1086 1365 1121; x_wconf 79' lang='lat' dir='ltr'><strong>ingentem</strong></span> <span class='ocrx_word' id='word_1_264' title='bbox 1380 1087 1407 1114; x_wconf 94' lang='lat' dir='ltr'><strong>in</strong></span> <span class='ocrx_word' id='word_1_265' title='bbox 1425 1087 1511 1122; x_wconf 89' lang='lat' dir='ltr'><strong>ipsius</strong></span> <span class='ocrx_word' id='word_1_266' title='bbox 1525 1086 1629 1120; x_wconf 90' lang='lat' dir='ltr'><strong>animo,</strong></span> <span class='ocrx_word' id='word_1_267' title='bbox 1651 1094 1748 1122; x_wconf 88' lang='lat' dir='ltr'><strong>quem-</strong></span> 
     </span>
    </p>
   </div>
   <div class='ocr_carea' id='block_1_23' title="bbox 123 1125 1746 1167">
    <p class='ocr_par' dir='ltr' id='par_1_23' title="bbox 123 1125 1746 1167">
     <span class='ocr_line' id='line_1_23' title="bbox 123 1125 1746 1167; baseline 0.005 -15"><span class='ocrx_word' id='word_1_268' title='bbox 123 1126 271 1153; x_wconf 86' lang='lat' dir='ltr'><strong>admodum</strong></span> <span class='ocrx_word' id='word_1_269' title='bbox 286 1125 405 1161; x_wconf 84' lang='lat' dir='ltr'><strong>quodam</strong></span> <span class='ocrx_word' id='word_1_270' title='bbox 421 1126 482 1154; x_wconf 89' lang='lat' dir='ltr'><strong>loco</strong></span> <span class='ocrx_word' id='word_1_271' title='bbox 500 1127 534 1155; x_wconf 91' lang='lat' dir='ltr'><strong>de</strong></span> <span class='ocrx_word' id='word_1_272' title='bbox 547 1136 645 1164; x_wconf 86' lang='lat' dir='ltr'><strong>magno</strong></span> <span class='ocrx_word' id='word_1_273' title='bbox 656 1130 775 1158; x_wconf 86' lang='lat' dir='ltr'><strong>Antonio</strong></span> <span class='ocrx_word' id='word_1_274' title='bbox 786 1130 922 1165; x_wconf 87' lang='lat' dir='ltr'><strong>proditum</strong></span> <span class='ocrx_word' id='word_1_275' title='bbox 937 1134 988 1165; x_wconf 86' lang='lat' dir='ltr'><strong>est,</strong></span> <span class='ocrx_word' id='word_1_276' title='bbox 1002 1130 1199 1166; x_wconf 75' lang='lat' dir='ltr'><strong>cogitationum</strong></span> <span class='ocrx_word' id='word_1_277' title='bbox 1212 1132 1352 1167; x_wconf 85' lang='lat' dir='ltr'><strong>pulverem</strong></span> <span class='ocrx_word' id='word_1_278' title='bbox 1362 1133 1562 1161; x_wconf 81' lang='lat' dir='ltr'><strong>commovebat.</strong></span> <span class='ocrx_word' id='word_1_279' title='bbox 1580 1130 1661 1159; x_wconf 86' lang='lat' dir='ltr'><strong>Prior</strong></span> <span class='ocrx_word' id='word_1_280' title='bbox 1672 1132 1746 1160; x_wconf 89' lang='lat' dir='ltr'><strong>locus</strong></span> 
     </span>
    </p>
   </div>
   <div class='ocr_carea' id='block_1_24' title="bbox 123 1173 790 1210">
    <p class='ocr_par' dir='ltr' id='par_1_24' title="bbox 123 1173 790 1210">
     <span class='ocr_line' id='line_1_24' title="bbox 123 1173 790 1210; baseline 0.007 -10"><span class='ocrx_word' id='word_1_281' title='bbox 123 1173 220 1210; x_wconf 78' lang='lat' dir='ltr'><strong>legitur</strong></span> <span class='ocrx_word' id='word_1_282' title='bbox 237 1173 284 1201; x_wconf 90' lang='lat' dir='ltr'><strong>sub</strong></span> <span class='ocrx_word' id='word_1_283' title='bbox 297 1173 386 1210; x_wconf 69' lang='lat' dir='ltr'><strong>linem.</strong></span> <span class='ocrx_word' id='word_1_284' title='bbox 400 1173 474 1202; x_wconf 89' lang='lat' dir='ltr'><strong>Alter</strong></span> <span class='ocrx_word' id='word_1_285' title='bbox 488 1175 553 1210; x_wconf 87' lang='lat' dir='ltr'><strong>ipsis</strong></span> <span class='ocrx_word' id='word_1_286' title='bbox 568 1176 651 1204; x_wconf 80' lang='lat' dir='ltr'><strong>verbis</strong></span> <span class='ocrx_word' id='word_1_287' title='bbox 671 1185 744 1204; x_wconf 90' lang='lat' dir='ltr'><strong>num.</strong></span> <span class='ocrx_word' id='word_1_288' title='bbox 762 1177 790 1205; x_wconf 88' lang='grc'><strong>5.</strong></span> 
     </span>
    </p>
   </div>
   <div class='ocr_carea' id='block_1_25' title="bbox 159 1231 1750 1272">
    <p class='ocr_par' dir='ltr' id='par_1_25' title="bbox 159 1231 1750 1272">
     <span class='ocr_line' id='line_1_25' title="bbox 159 1231 1750 1272; baseline 0.002 -13"><span class='ocrx_word' id='word_1_289' title='bbox 159 1231 204 1260; x_wconf 84' lang='lat' dir='ltr'><strong>IV.</strong></span> <span class='ocrx_word' id='word_1_290' title='bbox 217 1231 301 1259; x_wconf 85' lang='lat' dir='ltr'><strong>Plura</strong></span> <span class='ocrx_word' id='word_1_291' title='bbox 316 1231 429 1267; x_wconf 77' lang='lat' dir='ltr'><strong><em>proferri</em></strong></span> <span class='ocrx_word' id='word_1_292' title='bbox 443 1238 547 1267; x_wconf 84' lang='lat' dir='ltr'><strong>possent</strong></span> <span class='ocrx_word' id='word_1_293' title='bbox 561 1233 676 1262; x_wconf 87' lang='lat' dir='ltr'><strong>Patrum</strong></span> <span class='ocrx_word' id='word_1_294' title='bbox 698 1234 769 1268; x_wconf 87' lang='lat' dir='ltr'><strong>loca,</strong></span> <span class='ocrx_word' id='word_1_295' title='bbox 785 1235 832 1263; x_wconf 87' lang='lat' dir='ltr'><strong>sed</strong></span> <span class='ocrx_word' id='word_1_296' title='bbox 851 1236 992 1272; x_wconf 74' lang='lat' dir='ltr'><strong>plusquam</strong></span> <span class='ocrx_word' id='word_1_297' title='bbox 1006 1236 1074 1264; x_wconf 86' lang='lat' dir='ltr'><strong>satis</strong></span> <span class='ocrx_word' id='word_1_298' title='bbox 1090 1235 1146 1264; x_wconf 70' lang='lat' dir='ltr'><strong>haec</strong></span> <span class='ocrx_word' id='word_1_299' title='bbox 1163 1240 1237 1265; x_wconf 90' lang='lat' dir='ltr'><strong>sunt.</strong></span> <span class='ocrx_word' id='word_1_300' title='bbox 1259 1235 1432 1271; x_wconf 84' lang='lat' dir='ltr'><strong>Ecquodnam</strong></span> <span class='ocrx_word' id='word_1_301' title='bbox 1448 1236 1591 1264; x_wconf 76' lang='lat' dir='ltr'><strong>Athanasii</strong></span> <span class='ocrx_word' id='word_1_302' title='bbox 1609 1243 1675 1271; x_wconf 72' lang='lat' dir='ltr'><strong>opus</strong></span> <span class='ocrx_word' id='word_1_303' title='bbox 1687 1243 1750 1270; x_wconf 79' lang='lat' dir='ltr'><strong>ger-</strong></span> 
     </span>
    </p>
   </div>
   <div class='ocr_carea' id='block_1_26' title="bbox 123 1277 1750 1318">
    <p class='ocr_par' dir='ltr' id='par_1_26' title="bbox 123 1277 1750 1318">
     <span class='ocr_line' id='line_1_26' title="bbox 123 1277 1750 1318; baseline 0.003 -15"><span class='ocrx_word' id='word_1_304' title='bbox 123 1285 232 1305; x_wconf 85' lang='lat' dir='ltr'><strong>manum</strong></span> <span class='ocrx_word' id='word_1_305' title='bbox 247 1277 338 1312; x_wconf 80' lang='lat' dir='ltr'><strong>fuerit,</strong></span> <span class='ocrx_word' id='word_1_306' title='bbox 352 1278 376 1305; x_wconf 91' lang='lat' dir='ltr'><strong>si</strong></span> <span class='ocrx_word' id='word_1_307' title='bbox 387 1279 506 1313; x_wconf 86' lang='lat' dir='ltr'><strong>spurium</strong></span> <span class='ocrx_word' id='word_1_308' title='bbox 523 1280 595 1306; x_wconf 81' lang='lat' dir='ltr'><strong>istud</strong></span> <span class='ocrx_word' id='word_1_309' title='bbox 611 1281 770 1308; x_wconf 85' lang='lat' dir='ltr'><strong>concedatur</strong></span> <span class='ocrx_word' id='word_1_310' title='bbox 781 1289 791 1308; x_wconf 91' lang='lat'><em>:</em></span> <span class='ocrx_word' id='word_1_311' title='bbox 807 1282 883 1316; x_wconf 84' lang='lat' dir='ltr'><strong>cujus</strong></span> <span class='ocrx_word' id='word_1_312' title='bbox 898 1282 1044 1309; x_wconf 81' lang='lat' dir='ltr'><strong>auctoritas</strong></span> <span class='ocrx_word' id='word_1_313' title='bbox 1060 1286 1099 1309; x_wconf 90' lang='lat' dir='ltr'><strong>tot</strong></span> <span class='ocrx_word' id='word_1_314' title='bbox 1120 1281 1247 1315; x_wconf 84' lang='lat' dir='ltr'><strong>Patrum,</strong></span> <span class='ocrx_word' id='word_1_315' title='bbox 1266 1287 1292 1310; x_wconf 88' lang='lat' dir='ltr'><strong>et</strong></span> <span class='ocrx_word' id='word_1_316' title='bbox 1316 1282 1422 1318; x_wconf 83' lang='lat' dir='ltr'><strong>quidem</strong></span> <span class='ocrx_word' id='word_1_317' title='bbox 1444 1282 1588 1310; x_wconf 84' lang='lat' dir='ltr'><strong>multorum</strong></span> <span class='ocrx_word' id='word_1_318' title='bbox 1603 1281 1750 1309; x_wconf 76' lang='lat' dir='ltr'><strong>Athanasio</strong></span> 
     </span>
    </p>
   </div>
   <div class='ocr_carea' id='block_1_27' title="bbox 124 1323 1750 1364">
    <p class='ocr_par' dir='ltr' id='par_1_27' title="bbox 124 1323 1750 1364">
     <span class='ocr_line' id='line_1_27' title="bbox 124 1323 1750 1364; baseline 0.001 -12"><span class='ocrx_word' id='word_1_319' title='bbox 124 1323 267 1359; x_wconf 69' lang='lat' dir='ltr'><strong>aequalium</strong></span> <span class='ocrx_word' id='word_1_320' title='bbox 282 1324 430 1351; x_wconf 87' lang='lat' dir='ltr'><strong>testimonio</strong></span> <span class='ocrx_word' id='word_1_321' title='bbox 445 1323 570 1358; x_wconf 84' lang='lat' dir='ltr'><strong>ﬁrmatur</strong></span> <span class='ocrx_word' id='word_1_322' title='bbox 582 1325 595 1352; x_wconf 71' lang='lat'><strong><em>2</em></strong></span> <span class='ocrx_word' id='word_1_323' title='bbox 607 1325 642 1352; x_wconf 84' lang='lat' dir='ltr'><strong>Et</strong></span> <span class='ocrx_word' id='word_1_324' title='bbox 657 1326 726 1362; x_wconf 89' lang='lat' dir='ltr'><strong>quod</strong></span> <span class='ocrx_word' id='word_1_325' title='bbox 739 1334 840 1354; x_wconf 88' lang='lat' dir='ltr'><strong>omnem</strong></span> <span class='ocrx_word' id='word_1_326' title='bbox 852 1327 984 1354; x_wconf 75' lang='lat' dir='ltr'><strong>dimoveat</strong></span> <span class='ocrx_word' id='word_1_327' title='bbox 997 1327 1174 1363; x_wconf 81' lang='lat' dir='ltr'><strong>suspicionem</strong></span> <span class='ocrx_word' id='word_1_328' title='bbox 1186 1327 1261 1356; x_wconf 89' lang='lat' dir='ltr'><strong>adest</strong></span> <span class='ocrx_word' id='word_1_329' title='bbox 1277 1327 1386 1364; x_wconf 74' lang='lat' dir='ltr'><strong>Evagrii</strong></span> <span class='ocrx_word' id='word_1_330' title='bbox 1402 1328 1497 1359; x_wconf 81' lang='lat' dir='ltr'><strong>versio,</strong></span> <span class='ocrx_word' id='word_1_331' title='bbox 1509 1334 1590 1363; x_wconf 87' lang='lat' dir='ltr'><strong>quam</strong></span> <span class='ocrx_word' id='word_1_332' title='bbox 1604 1327 1644 1354; x_wconf 78' lang='lat' dir='ltr'><strong>vel</strong></span> <span class='ocrx_word' id='word_1_333' title='bbox 1656 1334 1750 1362; x_wconf 80' lang='lat' dir='ltr'><strong>super-</strong></span> 
     </span>
    </p>
   </div>
   <div class='ocr_carea' id='block_1_28' title="bbox 124 1370 1751 1410">
    <p class='ocr_par' dir='ltr' id='par_1_28' title="bbox 124 1370 1751 1410">
     <span class='ocr_line' id='line_1_28' title="bbox 124 1370 1751 1410; baseline 0.002 -13"><span class='ocrx_word' id='word_1_334' title='bbox 124 1372 196 1404; x_wconf 86' lang='lat' dir='ltr'><strong>stite,</strong></span> <span class='ocrx_word' id='word_1_335' title='bbox 208 1370 247 1398; x_wconf 76' lang='lat' dir='ltr'><strong>vel</strong></span> <span class='ocrx_word' id='word_1_336' title='bbox 260 1370 331 1397; x_wconf 82' lang='lat' dir='ltr'><strong>haud</strong></span> <span class='ocrx_word' id='word_1_337' title='bbox 347 1370 394 1397; x_wconf 89' lang='lat' dir='ltr'><strong>diu</strong></span> <span class='ocrx_word' id='word_1_338' title='bbox 407 1374 509 1398; x_wconf 89' lang='lat' dir='ltr'><strong>mortuo</strong></span> <span class='ocrx_word' id='word_1_339' title='bbox 522 1370 680 1405; x_wconf 78' lang='lat' dir='ltr'><strong>Athanasio,</strong></span> <span class='ocrx_word' id='word_1_340' title='bbox 695 1376 798 1400; x_wconf 85' lang='lat' dir='ltr'><strong>constat</strong></span> <span class='ocrx_word' id='word_1_341' title='bbox 811 1380 866 1400; x_wconf 86' lang='lat' dir='ltr'><strong>esse</strong></span> <span class='ocrx_word' id='word_1_342' title='bbox 880 1373 1019 1408; x_wconf 81' lang='lat' dir='ltr'><strong>scriptam.</strong></span> <span class='ocrx_word' id='word_1_343' title='bbox 1037 1373 1259 1402; x_wconf 79' lang='lat' dir='ltr'><strong>Adoersariorum</strong></span> <span class='ocrx_word' id='word_1_344' title='bbox 1269 1374 1433 1410; x_wconf 78' lang='lat' dir='ltr'><strong>argumentis</strong></span> <span class='ocrx_word' id='word_1_345' title='bbox 1448 1374 1527 1409; x_wconf 90' lang='lat' dir='ltr'><strong>plane</strong></span> <span class='ocrx_word' id='word_1_346' title='bbox 1544 1373 1684 1401; x_wconf 80' lang='lat' dir='ltr'><strong>levissimis</strong></span> <span class='ocrx_word' id='word_1_347' title='bbox 1691 1372 1751 1408; x_wconf 84' lang='lat' dir='ltr'><strong>jam</strong></span> 
     </span>
    </p>
   </div>
   <div class='ocr_carea' id='block_1_29' title="bbox 127 1422 310 1443">
    <p class='ocr_par' dir='ltr' id='par_1_29' title="bbox 127 1422 310 1443">
     <span class='ocr_line' id='line_1_29' title="bbox 127 1422 310 1443; baseline -0.011 0"><span class='ocrx_word' id='word_1_348' title='bbox 127 1422 310 1443; x_wconf 73' lang='grc' dir='ltr'><strong>οιειινταηιιιε.</strong></span> 
     </span>
    </p>
   </div>
   <div class='ocr_carea' id='block_1_30' title="bbox 164 1458 1751 1497">
    <p class='ocr_par' dir='ltr' id='par_1_30' title="bbox 164 1458 1751 1497">
     <span class='ocr_line' id='line_1_30' title="bbox 164 1458 1751 1497; baseline -0.001 -9"><span class='ocrx_word' id='word_1_349' title='bbox 164 1461 242 1488; x_wconf 68' lang='lat' dir='ltr'><strong>Aiunt</strong></span> <span class='ocrx_word' id='word_1_350' title='bbox 258 1468 313 1493; x_wconf 81' lang='lat' dir='ltr'><strong>esse</strong></span> <span class='ocrx_word' id='word_1_351' title='bbox 333 1463 506 1487; x_wconf 86' lang='lat' dir='ltr'><strong>commentum</strong></span> <span class='ocrx_word' id='word_1_352' title='bbox 527 1458 623 1487; x_wconf 83' lang='lat' dir='ltr'><strong>insulsi</strong></span> <span class='ocrx_word' id='word_1_353' title='bbox 642 1459 756 1486; x_wconf 83' lang='lat' dir='ltr'><strong>hominis</strong></span> <span class='ocrx_word' id='word_1_354' title='bbox 775 1460 820 1494; x_wconf 89' lang='lat' dir='ltr'><strong>qui</strong></span> <span class='ocrx_word' id='word_1_355' title='bbox 833 1460 934 1496; x_wconf 79' lang='lat' dir='ltr'><strong>insigne</strong></span> <span class='ocrx_word' id='word_1_356' title='bbox 949 1459 1126 1494; x_wconf 84' lang='lat' dir='ltr'><strong>mendacium,</strong></span> <span class='ocrx_word' id='word_1_357' title='bbox 1142 1460 1244 1497; x_wconf 82' lang='lat' dir='ltr'><strong>insigne</strong></span> <span class='ocrx_word' id='word_1_358' title='bbox 1267 1466 1385 1489; x_wconf 87' lang='lat' dir='ltr'><strong>scortum</strong></span> <span class='ocrx_word' id='word_1_359' title='bbox 1398 1462 1510 1490; x_wconf 83' lang='lat' dir='ltr'><strong>ediderit</strong></span> <span class='ocrx_word' id='word_1_360' title='bbox 1524 1470 1533 1489; x_wconf 90' lang='lat'><em>:</em></span> <span class='ocrx_word' id='word_1_361' title='bbox 1548 1461 1583 1489; x_wconf 92' lang='lat' dir='ltr'><strong>ad</strong></span> <span class='ocrx_word' id='word_1_362' title='bbox 1596 1469 1655 1496; x_wconf 71' lang='lat' dir='ltr'><strong>qua</strong></span> <span class='ocrx_word' id='word_1_363' title='bbox 1670 1464 1695 1488; x_wconf 89' lang='lat' dir='ltr'><strong>et</strong></span> <span class='ocrx_word' id='word_1_364' title='bbox 1713 1468 1751 1487; x_wconf 56' lang='grc' dir='ltr'><strong>δι’</strong></span> 
     </span>
    </p>
   </div>
   <div class='ocr_carea' id='block_1_31' title="bbox 124 1505 1752 1545">
    <p class='ocr_par' dir='ltr' id='par_1_31' title="bbox 124 1505 1752 1545">
     <span class='ocr_line' id='line_1_31' title="bbox 124 1505 1752 1545; baseline -0.001 -8"><span class='ocrx_word' id='word_1_365' title='bbox 124 1509 202 1537; x_wconf 88' lang='lat' dir='ltr'><strong>milia</strong></span> <span class='ocrx_word' id='word_1_366' title='bbox 212 1507 322 1536; x_wconf 85' lang='lat' dir='ltr'><strong>Sculteti</strong></span> <span class='ocrx_word' id='word_1_367' title='bbox 333 1511 410 1542; x_wconf 89' lang='lat' dir='ltr'><strong>atque</strong></span> <span class='ocrx_word' id='word_1_368' title='bbox 424 1505 506 1534; x_wconf 83' lang='lat' dir='ltr'><strong>Riveti</strong></span> <span class='ocrx_word' id='word_1_369' title='bbox 518 1506 661 1534; x_wconf 88' lang='lat' dir='ltr'><strong>maledicta</strong></span> <span class='ocrx_word' id='word_1_370' title='bbox 675 1507 722 1534; x_wconf 89' lang='lat' dir='ltr'><strong>hoc</strong></span> <span class='ocrx_word' id='word_1_371' title='bbox 736 1515 817 1534; x_wconf 90' lang='lat' dir='ltr'><strong>unum</strong></span> <span class='ocrx_word' id='word_1_372' title='bbox 831 1515 994 1543; x_wconf 83' lang='lat' dir='ltr'><strong>reponemus.</strong></span> <span class='ocrx_word' id='word_1_373' title='bbox 1006 1507 1094 1543; x_wconf 84' lang='lat' dir='ltr'><strong>Longe</strong></span> <span class='ocrx_word' id='word_1_374' title='bbox 1104 1508 1184 1536; x_wconf 88' lang='lat' dir='ltr'><strong>aliter</strong></span> <span class='ocrx_word' id='word_1_375' title='bbox 1201 1508 1316 1536; x_wconf 81' lang='lat' dir='ltr'><strong>semisse</strong></span> <span class='ocrx_word' id='word_1_376' title='bbox 1327 1516 1416 1537; x_wconf 81' lang='lat' dir='ltr'><strong>omnes</strong></span> <span class='ocrx_word' id='word_1_377' title='bbox 1427 1511 1473 1545; x_wconf 90' lang='lat' dir='ltr'><strong>qui</strong></span> <span class='ocrx_word' id='word_1_378' title='bbox 1487 1510 1519 1537; x_wconf 91' lang='lat' dir='ltr'><strong>ab</strong></span> <span class='ocrx_word' id='word_1_379' title='bbox 1534 1508 1675 1536; x_wconf 83' lang='lat' dir='ltr'><strong>Athanasii</strong></span> <span class='ocrx_word' id='word_1_380' title='bbox 1687 1512 1752 1536; x_wconf 82' lang='lat' dir='ltr'><strong>tent-</strong></span> 
     </span>
    </p>
   </div>
   <div class='ocr_carea' id='block_1_32' title="bbox 125 1555 1751 1595">
    <p class='ocr_par' dir='ltr' id='par_1_32' title="bbox 125 1555 1751 1595">
     <span class='ocr_line' id='line_1_32' title="bbox 125 1555 1751 1595; baseline -0.003 -9"><span class='ocrx_word' id='word_1_381' title='bbox 125 1566 190 1595; x_wconf 89' lang='lat' dir='ltr'><strong>pore</strong></span> <span class='ocrx_word' id='word_1_382' title='bbox 203 1557 326 1586; x_wconf 69' lang='lat' dir='ltr'><strong>exstitere</strong></span> <span class='ocrx_word' id='word_1_383' title='bbox 340 1556 446 1588; x_wconf 87' lang='lat' dir='ltr'><strong>Patres,</strong></span> <span class='ocrx_word' id='word_1_384' title='bbox 462 1560 540 1591; x_wconf 89' lang='lat' dir='ltr'><strong>atque</strong></span> <span class='ocrx_word' id='word_1_385' title='bbox 551 1564 583 1584; x_wconf 89' lang='lat' dir='ltr'><strong>ea</strong></span> <span class='ocrx_word' id='word_1_386' title='bbox 596 1555 639 1583; x_wconf 85' lang='lat' dir='ltr'><strong>hic</strong></span> <span class='ocrx_word' id='word_1_387' title='bbox 653 1556 703 1591; x_wconf 83' lang='lat' dir='ltr'><strong>legi</strong></span> <span class='ocrx_word' id='word_1_388' title='bbox 716 1556 877 1584; x_wconf 69' lang='lat' dir='ltr'><strong>Christiana:</strong></span> <span class='ocrx_word' id='word_1_389' title='bbox 887 1561 913 1584; x_wconf 87' lang='lat' dir='ltr'><strong>et</strong></span> <span class='ocrx_word' id='word_1_390' title='bbox 928 1558 1080 1585; x_wconf 79' lang='lat' dir='ltr'><strong>monastij</strong></span> <span class='ocrx_word' id='word_1_391' title='bbox 1096 1558 1156 1586; x_wconf 69' lang='lat' dir='ltr'><strong>uitta</strong></span> <span class='ocrx_word' id='word_1_392' title='bbox 1171 1558 1330 1586; x_wconf 87' lang='lat' dir='ltr'><strong>documenta</strong></span> <span class='ocrx_word' id='word_1_393' title='bbox 1340 1578 1348 1592; x_wconf 89' lang='lat'><strong>,</strong></span> <span class='ocrx_word' id='word_1_394' title='bbox 1361 1566 1422 1595; x_wconf 78' lang='lat' dir='ltr'><strong>qute</strong></span> <span class='ocrx_word' id='word_1_395' title='bbox 1438 1557 1553 1594; x_wconf 81' lang='lat' dir='ltr'><strong>prudens</strong></span> <span class='ocrx_word' id='word_1_396' title='bbox 1570 1555 1751 1587; x_wconf 83' lang='lat' dir='ltr'><strong>Christianus,</strong></span> 
     </span>
    </p>
   </div>
   <div class='ocr_carea' id='block_1_33' title="bbox 125 1600 1244 1638">
    <p class='ocr_par' dir='ltr' id='par_1_33' title="bbox 125 1600 1244 1638">
     <span class='ocr_line' id='line_1_33' title="bbox 125 1600 1244 1638; baseline -0.002 -6"><span class='ocrx_word' id='word_1_397' title='bbox 125 1604 225 1634; x_wconf 86' lang='lat' dir='ltr'><strong>nedum</strong></span> <span class='ocrx_word' id='word_1_398' title='bbox 244 1606 408 1638; x_wconf 87' lang='lat' dir='ltr'><strong>aspernetur,</strong></span> <span class='ocrx_word' id='word_1_399' title='bbox 424 1606 453 1628; x_wconf 91' lang='lat' dir='ltr'><strong>ut</strong></span> <span class='ocrx_word' id='word_1_400' title='bbox 467 1600 597 1636; x_wconf 70' lang='lat' dir='ltr'><strong>praeclara</strong></span> <span class='ocrx_word' id='word_1_401' title='bbox 613 1601 674 1628; x_wconf 78' lang='lat' dir='ltr'><strong>vita:</strong></span> <span class='ocrx_word' id='word_1_402' title='bbox 688 1600 855 1629; x_wconf 69' lang='lat' dir='ltr'><strong>instituenda</strong></span> <span class='ocrx_word' id='word_1_403' title='bbox 866 1606 995 1636; x_wconf 66' lang='lat' dir='ltr'><strong>pracepta</strong></span> <span class='ocrx_word' id='word_1_404' title='bbox 1007 1602 1129 1637; x_wconf 87' lang='lat' dir='ltr'><strong>amplecti</strong></span> <span class='ocrx_word' id='word_1_405' title='bbox 1141 1602 1244 1631; x_wconf 87' lang='lat' dir='ltr'><strong>debeat.</strong></span> 
     </span>
    </p>
   </div>
   <div class='ocr_carea' id='block_1_34' title="bbox 161 1647 1752 1685">
    <p class='ocr_par' dir='ltr' id='par_1_34' title="bbox 161 1647 1752 1685">
     <span class='ocr_line' id='line_1_34' title="bbox 161 1647 1752 1685; baseline -0.003 -5"><span class='ocrx_word' id='word_1_406' title='bbox 161 1652 223 1680; x_wconf 87' lang='lat' dir='ltr'><strong>Non</strong></span> <span class='ocrx_word' id='word_1_407' title='bbox 233 1651 323 1678; x_wconf 87' lang='lat' dir='ltr'><strong>haberi</strong></span> <span class='ocrx_word' id='word_1_408' title='bbox 335 1650 397 1677; x_wconf 89' lang='lat' dir='ltr'><strong>item</strong></span> <span class='ocrx_word' id='word_1_409' title='bbox 413 1650 505 1676; x_wconf 85' lang='lat' dir='ltr'><strong>dicunt</strong></span> <span class='ocrx_word' id='word_1_410' title='bbox 520 1649 674 1676; x_wconf 78' lang='lat' dir='ltr'><strong>mouastica:</strong></span> <span class='ocrx_word' id='word_1_411' title='bbox 687 1648 747 1676; x_wconf 63' lang='lat' dir='ltr'><strong>vita</strong></span> <span class='ocrx_word' id='word_1_412' title='bbox 763 1648 843 1684; x_wconf 87' lang='lat' dir='ltr'><strong>leges,</strong></span> <span class='ocrx_word' id='word_1_413' title='bbox 859 1657 925 1685; x_wconf 88' lang='lat' dir='ltr'><strong>quas</strong></span> <span class='ocrx_word' id='word_1_414' title='bbox 942 1648 1130 1677; x_wconf 72' lang='lat' dir='ltr'><strong>Nazianzenus</strong></span> <span class='ocrx_word' id='word_1_415' title='bbox 1141 1650 1234 1678; x_wconf 85' lang='lat' dir='ltr'><strong>scribit</strong></span> <span class='ocrx_word' id='word_1_416' title='bbox 1248 1650 1426 1678; x_wconf 79' lang='lat' dir='ltr'><strong>Athanasium</strong></span> <span class='ocrx_word' id='word_1_417' title='bbox 1442 1649 1490 1677; x_wconf 86' lang='lat' dir='ltr'><strong>sub</strong></span> <span class='ocrx_word' id='word_1_418' title='bbox 1502 1647 1665 1676; x_wconf 85' lang='lat' dir='ltr'><strong>narrationis</strong></span> <span class='ocrx_word' id='word_1_419' title='bbox 1681 1653 1752 1681; x_wconf 66' lang='grc' dir='ltr'><strong>ργα-</strong></span> 
     </span>
    </p>
   </div>
   <div class='ocr_carea' id='block_1_35' title="bbox 127 1693 1753 1732">
    <p class='ocr_par' dir='ltr' id='par_1_35' title="bbox 127 1693 1753 1732">
     <span class='ocr_line' id='line_1_35' title="bbox 127 1693 1753 1732; baseline -0.004 -5"><span class='ocrx_word' id='word_1_420' title='bbox 127 1703 201 1727; x_wconf 65' lang='lat' dir='ltr'><strong>testu</strong></span> <span class='ocrx_word' id='word_1_421' title='bbox 211 1697 322 1726; x_wconf 74' lang='lat' dir='ltr'><strong>coluisse</strong></span> <span class='ocrx_word' id='word_1_422' title='bbox 335 1695 513 1732; x_wconf 85' lang='lat' dir='ltr'><strong>promulgare.</strong></span> <span class='ocrx_word' id='word_1_423' title='bbox 534 1693 586 1722; x_wconf 89' lang='lat' dir='ltr'><strong>Sed</strong></span> <span class='ocrx_word' id='word_1_424' title='bbox 601 1693 789 1721; x_wconf 75' lang='lat' dir='ltr'><strong>Nazianzenus</strong></span> <span class='ocrx_word' id='word_1_425' title='bbox 810 1694 868 1722; x_wconf 91' lang='lat' dir='ltr'><strong>loco</strong></span> <span class='ocrx_word' id='word_1_426' title='bbox 890 1694 1010 1729; x_wconf 87' lang='lat' dir='ltr'><strong>superius</strong></span> <span class='ocrx_word' id='word_1_427' title='bbox 1029 1703 1047 1722; x_wconf 91' lang='lat' dir='ltr'><strong>a</strong></span> <span class='ocrx_word' id='word_1_428' title='bbox 1063 1694 1138 1722; x_wconf 85' lang='lat' dir='ltr'><strong>nobis</strong></span> <span class='ocrx_word' id='word_1_429' title='bbox 1153 1695 1239 1723; x_wconf 87' lang='lat' dir='ltr'><strong>allato</strong></span> <span class='ocrx_word' id='word_1_430' title='bbox 1255 1696 1284 1723; x_wconf 87' lang='lat' dir='ltr'><strong>id</strong></span> <span class='ocrx_word' id='word_1_431' title='bbox 1303 1695 1390 1723; x_wconf 89' lang='lat' dir='ltr'><strong>solum</strong></span> <span class='ocrx_word' id='word_1_432' title='bbox 1408 1695 1508 1729; x_wconf 82' lang='lat' dir='ltr'><strong>innuit,</strong></span> <span class='ocrx_word' id='word_1_433' title='bbox 1527 1694 1641 1722; x_wconf 86' lang='lat' dir='ltr'><strong>Antonii</strong></span> <span class='ocrx_word' id='word_1_434' title='bbox 1661 1693 1753 1722; x_wconf 77' lang='lat' dir='ltr'><strong>Vitam</strong></span> 
     </span>
    </p>
   </div>
   <div class='ocr_carea' id='block_1_36' title="bbox 128 1739 1753 1778">
    <p class='ocr_par' dir='ltr' id='par_1_36' title="bbox 128 1739 1753 1778">
     <span class='ocr_line' id='line_1_36' title="bbox 128 1739 1753 1778; baseline -0.004 -4"><span class='ocrx_word' id='word_1_435' title='bbox 128 1747 161 1774; x_wconf 90' lang='lat' dir='ltr'><strong>ab</strong></span> <span class='ocrx_word' id='word_1_436' title='bbox 178 1745 324 1774; x_wconf 81' lang='lat' dir='ltr'><strong>Athanasio</strong></span> <span class='ocrx_word' id='word_1_437' title='bbox 346 1743 474 1778; x_wconf 84' lang='lat' dir='ltr'><strong>scriptam</strong></span> <span class='ocrx_word' id='word_1_438' title='bbox 494 1739 647 1768; x_wconf 78' lang='lat' dir='ltr'><strong>monasticte</strong></span> <span class='ocrx_word' id='word_1_439' title='bbox 671 1740 732 1768; x_wconf 68' lang='lat' dir='ltr'><strong>vitta</strong></span> <span class='ocrx_word' id='word_1_440' title='bbox 747 1748 868 1767; x_wconf 88' lang='lat' dir='ltr'><strong>normam</strong></span> <span class='ocrx_word' id='word_1_441' title='bbox 880 1748 946 1773; x_wconf 88' lang='lat' dir='ltr'><strong>esse,</strong></span> <span class='ocrx_word' id='word_1_442' title='bbox 958 1740 1027 1776; x_wconf 90' lang='lat' dir='ltr'><strong>quod</strong></span> <span class='ocrx_word' id='word_1_443' title='bbox 1051 1749 1115 1768; x_wconf 82' lang='lat' dir='ltr'><strong>sane</strong></span> <span class='ocrx_word' id='word_1_444' title='bbox 1136 1741 1197 1770; x_wconf 86' lang='lat' dir='ltr'><strong>huic</strong></span> <span class='ocrx_word' id='word_1_445' title='bbox 1219 1742 1316 1777; x_wconf 87' lang='lat' dir='ltr'><strong>optime</strong></span> <span class='ocrx_word' id='word_1_446' title='bbox 1341 1742 1478 1770; x_wconf 79' lang='lat' dir='ltr'><strong>convenire</strong></span> <span class='ocrx_word' id='word_1_447' title='bbox 1496 1741 1564 1769; x_wconf 87' lang='lat' dir='ltr'><strong>nulli</strong></span> <span class='ocrx_word' id='word_1_448' title='bbox 1580 1749 1633 1769; x_wconf 89' lang='lat' dir='ltr'><strong>non</strong></span> <span class='ocrx_word' id='word_1_449' title='bbox 1647 1739 1753 1776; x_wconf 86' lang='lat' dir='ltr'><strong>conspi-</strong></span> 
     </span>
    </p>
   </div>
   <div class='ocr_carea' id='block_1_37' title="bbox 128 1795 273 1821">
    <p class='ocr_par' dir='ltr' id='par_1_37' title="bbox 128 1795 273 1821">
     <span class='ocr_line' id='line_1_37' title="bbox 128 1795 273 1821; baseline -0.014 0"><span class='ocrx_word' id='word_1_450' title='bbox 128 1800 208 1821; x_wconf 85' lang='lat' dir='ltr'><strong>cuum</strong></span> <span class='ocrx_word' id='word_1_451' title='bbox 223 1795 273 1819; x_wconf 88' lang='lat' dir='ltr'><strong>est.</strong></span> 
     </span>
    </p>
   </div>
   <div class='ocr_carea' id='block_1_38' title="bbox 164 1832 1756 1871">
    <p class='ocr_par' dir='ltr' id='par_1_38' title="bbox 164 1832 1756 1871">
     <span class='ocr_line' id='line_1_38' title="bbox 164 1832 1756 1871; baseline -0.002 -5"><span class='ocrx_word' id='word_1_452' title='bbox 164 1837 282 1866; x_wconf 80' lang='lat' dir='ltr'><strong>Narrant</strong></span> <span class='ocrx_word' id='word_1_453' title='bbox 294 1835 376 1863; x_wconf 84' lang='lat' dir='ltr'><strong>etiam</strong></span> <span class='ocrx_word' id='word_1_454' title='bbox 391 1833 449 1866; x_wconf 85' lang='lat' dir='ltr'><strong>alii,</strong></span> <span class='ocrx_word' id='word_1_455' title='bbox 464 1833 503 1860; x_wconf 88' lang='lat' dir='ltr'><strong>ait</strong></span> <span class='ocrx_word' id='word_1_456' title='bbox 515 1832 632 1865; x_wconf 84' lang='lat' dir='ltr'><strong>Rivetus,</strong></span> <span class='ocrx_word' id='word_1_457' title='bbox 645 1832 791 1861; x_wconf 86' lang='lat' dir='ltr'><strong>Antonium</strong></span> <span class='ocrx_word' id='word_1_458' title='bbox 806 1836 975 1862; x_wconf 81' lang='lat' dir='ltr'><strong>caustotcum</strong></span> <span class='ocrx_word' id='word_1_459' title='bbox 998 1833 1086 1862; x_wconf 76' lang='lat' dir='ltr'><strong>fuisse</strong></span> <span class='ocrx_word' id='word_1_460' title='bbox 1109 1839 1137 1862; x_wconf 89' lang='lat' dir='ltr'><strong>et</strong></span> <span class='ocrx_word' id='word_1_461' title='bbox 1160 1835 1240 1864; x_wconf 82' lang='lat' dir='ltr'><strong>valde</strong></span> <span class='ocrx_word' id='word_1_462' title='bbox 1260 1835 1381 1864; x_wconf 80' lang='lat' dir='ltr'><strong>doctum.</strong></span> <span class='ocrx_word' id='word_1_463' title='bbox 1397 1840 1433 1864; x_wconf 81' lang='lat' dir='ltr'><strong>At</strong></span> <span class='ocrx_word' id='word_1_464' title='bbox 1454 1835 1658 1865; x_wconf 88' lang='lat' dir='ltr'><strong>commentilius</strong></span> <span class='ocrx_word' id='word_1_465' title='bbox 1671 1833 1756 1871; x_wconf 68' lang='lat'><strong>829</strong></span> 
     </span>
    </p>
   </div>
   <div class='ocr_carea' id='block_1_39' title="bbox 128 1877 1755 1916">
    <p class='ocr_par' dir='ltr' id='par_1_39' title="bbox 128 1877 1755 1916">
     <span class='ocr_line' id='line_1_39' title="bbox 128 1877 1755 1916; baseline -0.004 -3"><span class='ocrx_word' id='word_1_466' title='bbox 128 1889 225 1913; x_wconf 79' lang='lat' dir='ltr'><strong>auctor</strong></span> <span class='ocrx_word' id='word_1_467' title='bbox 237 1883 289 1911; x_wconf 85' lang='lat' dir='ltr'><strong>iste</strong></span> <span class='ocrx_word' id='word_1_468' title='bbox 303 1881 370 1909; x_wconf 85' lang='lat' dir='ltr'><strong>dicit</strong></span> <span class='ocrx_word' id='word_1_469' title='bbox 382 1887 444 1909; x_wconf 91' lang='lat' dir='ltr'><strong>eum</strong></span> <span class='ocrx_word' id='word_1_470' title='bbox 459 1879 600 1907; x_wconf 89' lang='lat' dir='ltr'><strong>indoctum</strong></span> <span class='ocrx_word' id='word_1_471' title='bbox 615 1877 700 1906; x_wconf 81' lang='lat' dir='ltr'><strong>fuisse</strong></span> <span class='ocrx_word' id='word_1_472' title='bbox 716 1882 744 1906; x_wconf 91' lang='lat' dir='ltr'><strong>et</strong></span> <span class='ocrx_word' id='word_1_473' title='bbox 763 1878 916 1906; x_wconf 85' lang='lat' dir='ltr'><strong>litterarum</strong></span> <span class='ocrx_word' id='word_1_474' title='bbox 927 1878 1095 1914; x_wconf 89' lang='lat' dir='ltr'><strong>imperitum.</strong></span> <span class='ocrx_word' id='word_1_475' title='bbox 1112 1880 1140 1908; x_wconf 89' lang='lat' dir='ltr'><strong>id</strong></span> <span class='ocrx_word' id='word_1_476' title='bbox 1158 1880 1268 1916; x_wconf 86' lang='lat' dir='ltr'><strong>quidem</strong></span> <span class='ocrx_word' id='word_1_477' title='bbox 1289 1889 1385 1909; x_wconf 88' lang='lat' dir='ltr'><strong>verum</strong></span> <span class='ocrx_word' id='word_1_478' title='bbox 1409 1885 1452 1909; x_wconf 89' lang='lat' dir='ltr'><strong>est</strong></span> <span class='ocrx_word' id='word_1_479' title='bbox 1467 1880 1613 1916; x_wconf 71' lang='lat' dir='ltr'><strong>Augustini</strong></span> <span class='ocrx_word' id='word_1_480' title='bbox 1633 1884 1755 1915; x_wconf 72' lang='lat' dir='ltr'><strong>tempora</strong></span> 
     </span>
    </p>
   </div>
   <div class='ocr_carea' id='block_1_40' title="bbox 127 1923 1757 1967">
    <p class='ocr_par' dir='ltr' id='par_1_40' title="bbox 127 1923 1757 1967">
     <span class='ocr_line' id='line_1_40' title="bbox 127 1923 1757 1967; baseline -0.005 -8"><span class='ocrx_word' id='word_1_481' title='bbox 127 1932 259 1967; x_wconf 79' lang='lat' dir='ltr'><strong>iactatum</strong></span> <span class='ocrx_word' id='word_1_482' title='bbox 273 1928 367 1956; x_wconf 81' lang='lat' dir='ltr'><strong>fuisse.</strong></span> <span class='ocrx_word' id='word_1_483' title='bbox 380 1925 528 1954; x_wconf 86' lang='lat' dir='ltr'><strong>Antonium</strong></span> <span class='ocrx_word' id='word_1_484' title='bbox 542 1924 618 1952; x_wconf 89' lang='lat' dir='ltr'><strong>illum</strong></span> <span class='ocrx_word' id='word_1_485' title='bbox 632 1924 691 1952; x_wconf 86' lang='lat' dir='ltr'><strong>sine</strong></span> <span class='ocrx_word' id='word_1_486' title='bbox 706 1923 760 1951; x_wconf 90' lang='lat' dir='ltr'><strong>ulla</strong></span> <span class='ocrx_word' id='word_1_487' title='bbox 773 1923 887 1951; x_wconf 86' lang='lat' dir='ltr'><strong>scientia</strong></span> <span class='ocrx_word' id='word_1_488' title='bbox 905 1923 1056 1951; x_wconf 85' lang='lat' dir='ltr'><strong>litterarum</strong></span> <span class='ocrx_word' id='word_1_489' title='bbox 1080 1923 1238 1959; x_wconf 89' lang='lat' dir='ltr'><strong>Scripturas</strong></span> <span class='ocrx_word' id='word_1_490' title='bbox 1252 1925 1359 1954; x_wconf 88' lang='lat' dir='ltr'><strong>divinas</strong></span> <span class='ocrx_word' id='word_1_491' title='bbox 1386 1931 1414 1954; x_wconf 86' lang='lat' dir='ltr'><strong>et</strong></span> <span class='ocrx_word' id='word_1_492' title='bbox 1440 1926 1598 1954; x_wconf 85' lang='lat' dir='ltr'><strong>memoriter</strong></span> <span class='ocrx_word' id='word_1_493' title='bbox 1619 1923 1757 1952; x_wconf 79' lang='lat' dir='ltr'><strong>audiendo</strong></span> 
     </span>
    </p>
   </div>
   <div class='ocr_carea' id='block_1_41' title="bbox 131 1967 1756 2008">
    <p class='ocr_par' dir='ltr' id='par_1_41' title="bbox 131 1967 1756 2008">
     <span class='ocr_line' id='line_1_41' title="bbox 131 1967 1756 2008; baseline -0.005 -4"><span class='ocrx_word' id='word_1_494' title='bbox 131 1976 252 2004; x_wconf 83' lang='lat' dir='ltr'><strong>tenuisse</strong></span> <span class='ocrx_word' id='word_1_495' title='bbox 263 1978 290 2002; x_wconf 89' lang='lat' dir='ltr'><strong>et</strong></span> <span class='ocrx_word' id='word_1_496' title='bbox 304 1971 451 2008; x_wconf 82' lang='lat' dir='ltr'><strong>prudenter</strong></span> <span class='ocrx_word' id='word_1_497' title='bbox 466 1969 609 2006; x_wconf 85' lang='lat' dir='ltr'><strong>cogitando</strong></span> <span class='ocrx_word' id='word_1_498' title='bbox 625 1968 801 1996; x_wconf 81' lang='lat' dir='ltr'><strong>intellexisse.</strong></span> <span class='ocrx_word' id='word_1_499' title='bbox 814 1967 910 1996; x_wconf 87' lang='lat' dir='ltr'><strong>Simile</strong></span> <span class='ocrx_word' id='word_1_500' title='bbox 922 1968 1005 1996; x_wconf 91' lang='lat' dir='ltr'><strong>etiam</strong></span> <span class='ocrx_word' id='word_1_501' title='bbox 1020 1969 1085 2005; x_wconf 89' lang='lat' dir='ltr'><strong>quid</strong></span> <span class='ocrx_word' id='word_1_502' title='bbox 1104 1970 1279 2005; x_wconf 83' lang='lat' dir='ltr'><strong>praedicatum</strong></span> <span class='ocrx_word' id='word_1_503' title='bbox 1294 1971 1378 2000; x_wconf 83' lang='lat' dir='ltr'><strong>fuisse</strong></span> <span class='ocrx_word' id='word_1_504' title='bbox 1388 1971 1422 1999; x_wconf 87' lang='lat' dir='ltr'><strong>de</strong></span> <span class='ocrx_word' id='word_1_505' title='bbox 1439 1971 1519 2000; x_wconf 65' lang='lat' dir='ltr'><strong>serio</strong></span> <span class='ocrx_word' id='word_1_506' title='bbox 1534 1971 1651 1998; x_wconf 89' lang='lat' dir='ltr'><strong>barbaro</strong></span> <span class='ocrx_word' id='word_1_507' title='bbox 1672 1969 1756 1997; x_wconf 82' lang='lat' dir='ltr'><strong>Chri-</strong></span> 
     </span>
    </p>
   </div>
   <div class='ocr_carea' id='block_1_42' title="bbox 130 2015 1757 2055">
    <p class='ocr_par' dir='ltr' id='par_1_42' title="bbox 130 2015 1757 2055">
     <span class='ocr_line' id='line_1_42' title="bbox 130 2015 1757 2055; baseline -0.004 -5"><span class='ocrx_word' id='word_1_508' title='bbox 130 2023 220 2051; x_wconf 85' lang='lat' dir='ltr'><strong>stiano</strong></span> <span class='ocrx_word' id='word_1_509' title='bbox 232 2029 240 2055; x_wconf 86' lang='lat'><strong>;</strong></span> <span class='ocrx_word' id='word_1_510' title='bbox 253 2020 300 2048; x_wconf 86' lang='lat' dir='ltr'><strong>sed</strong></span> <span class='ocrx_word' id='word_1_511' title='bbox 313 2022 446 2055; x_wconf 84' lang='lat' dir='ltr'><strong>quantum</strong></span> <span class='ocrx_word' id='word_1_512' title='bbox 461 2017 505 2046; x_wconf 86' lang='lat' dir='ltr'><strong>his</strong></span> <span class='ocrx_word' id='word_1_513' title='bbox 519 2016 723 2044; x_wconf 85' lang='lat' dir='ltr'><strong>narrationibus</strong></span> <span class='ocrx_word' id='word_1_514' title='bbox 742 2015 804 2043; x_wconf 87' lang='lat' dir='ltr'><strong>lldei</strong></span> <span class='ocrx_word' id='word_1_515' title='bbox 828 2015 954 2044; x_wconf 90' lang='lat' dir='ltr'><strong>tribuerit</strong></span> <span class='ocrx_word' id='word_1_516' title='bbox 972 2016 1152 2052; x_wconf 72' lang='lat' dir='ltr'><strong>Augustinus,</strong></span> <span class='ocrx_word' id='word_1_517' title='bbox 1167 2025 1201 2046; x_wconf 73' lang='lat' dir='ltr'><strong>ex</strong></span> <span class='ocrx_word' id='word_1_518' title='bbox 1215 2025 1249 2047; x_wconf 91' lang='lat' dir='ltr'><strong>eo</strong></span> <span class='ocrx_word' id='word_1_519' title='bbox 1266 2023 1340 2054; x_wconf 88' lang='lat' dir='ltr'><strong>patet</strong></span> <span class='ocrx_word' id='word_1_520' title='bbox 1363 2019 1436 2054; x_wconf 88' lang='lat' dir='ltr'><strong>quod</strong></span> <span class='ocrx_word' id='word_1_521' title='bbox 1456 2018 1567 2054; x_wconf 75' lang='lat' dir='ltr'><strong>subiicit</strong></span> <span class='ocrx_word' id='word_1_522' title='bbox 1577 2017 1615 2045; x_wconf 91' lang='lat' dir='ltr'><strong>De</strong></span> <span class='ocrx_word' id='word_1_523' title='bbox 1633 2017 1757 2044; x_wconf 85' lang='lat' dir='ltr'><strong>doctrina</strong></span> 
     </span>
    </p>
   </div>
   <div class='ocr_carea' id='block_1_43' title="bbox 131 2061 1756 2102">
    <p class='ocr_par' dir='ltr' id='par_1_43' title="bbox 131 2061 1756 2102">
     <span class='ocr_line' id='line_1_43' title="bbox 131 2061 1756 2102; baseline -0.006 -4"><span class='ocrx_word' id='word_1_524' title='bbox 131 2069 295 2101; x_wconf 87' lang='lat' dir='ltr'><strong>Christiana,</strong></span> <span class='ocrx_word' id='word_1_525' title='bbox 312 2067 332 2095; x_wconf 93' lang='lat' dir='ltr'><strong>l.</strong></span> <span class='ocrx_word' id='word_1_526' title='bbox 343 2075 362 2101; x_wconf 89' lang='grc' dir='ltr'><strong>ι,</strong></span> <span class='ocrx_word' id='word_1_527' title='bbox 376 2066 404 2094; x_wconf 94' lang='lat' dir='ltr'><strong>in</strong></span> <span class='ocrx_word' id='word_1_528' title='bbox 417 2065 552 2101; x_wconf 84' lang='lat' dir='ltr'><strong>prologo:</strong></span> <span class='ocrx_word' id='word_1_529' title='bbox 569 2073 578 2090; x_wconf 70' lang='grc' dir='ltr'>ι</span> <span class='ocrx_word' id='word_1_530' title='bbox 593 2064 628 2092; x_wconf 87' lang='lat' dir='ltr'><strong>At</strong></span> <span class='ocrx_word' id='word_1_531' title='bbox 651 2063 675 2092; x_wconf 89' lang='lat' dir='ltr'><strong>si</strong></span> <span class='ocrx_word' id='word_1_532' title='bbox 699 2063 758 2092; x_wconf 69' lang='lat' dir='ltr'><strong>haec</strong></span> <span class='ocrx_word' id='word_1_533' title='bbox 779 2063 891 2099; x_wconf 90' lang='lat' dir='ltr'><strong>quidem</strong></span> <span class='ocrx_word' id='word_1_534' title='bbox 915 2063 984 2092; x_wconf 80' lang='lat' dir='ltr'><strong>falsa</strong></span> <span class='ocrx_word' id='word_1_535' title='bbox 997 2064 1158 2098; x_wconf 89' lang='lat' dir='ltr'><strong>arbitretur,</strong></span> <span class='ocrx_word' id='word_1_536' title='bbox 1173 2072 1227 2094; x_wconf 92' lang='lat' dir='ltr'><strong>non</strong></span> <span class='ocrx_word' id='word_1_537' title='bbox 1248 2073 1300 2101; x_wconf 77' lang='lat' dir='ltr'><strong>ago</strong></span> <span class='ocrx_word' id='word_1_538' title='bbox 1313 2065 1481 2102; x_wconf 72' lang='lat' dir='ltr'><strong>pugnaciter.</strong></span> <span class='ocrx_word' id='word_1_539' title='bbox 1496 2073 1505 2090; x_wconf 76' lang='grc' dir='ltr'>ι</span> <span class='ocrx_word' id='word_1_540' title='bbox 1521 2061 1599 2096; x_wconf 87' lang='lat' dir='ltr'><strong>Quod</strong></span> <span class='ocrx_word' id='word_1_541' title='bbox 1616 2069 1682 2089; x_wconf 89' lang='lat' dir='ltr'><strong>sane</strong></span> <span class='ocrx_word' id='word_1_542' title='bbox 1700 2069 1756 2089; x_wconf 92' lang='lat' dir='ltr'><strong>non</strong></span> 
     </span>
    </p>
   </div>
   <div class='ocr_carea' id='block_1_44' title="bbox 130 2108 1754 2149">
    <p class='ocr_par' dir='ltr' id='par_1_44' title="bbox 130 2108 1754 2149">
     <span class='ocr_line' id='line_1_44' title="bbox 130 2108 1754 2149; baseline -0.007 -2"><span class='ocrx_word' id='word_1_543' title='bbox 130 2119 245 2147; x_wconf 79' lang='lat' dir='ltr'><strong>dixisset</strong></span> <span class='ocrx_word' id='word_1_544' title='bbox 255 2117 279 2145; x_wconf 88' lang='lat' dir='ltr'><strong>si</strong></span> <span class='ocrx_word' id='word_1_545' title='bbox 289 2113 467 2143; x_wconf 81' lang='lat' dir='ltr'><strong>Athanasium</strong></span> <span class='ocrx_word' id='word_1_546' title='bbox 477 2112 538 2149; x_wconf 85' lang='lat' dir='ltr'><strong>ejus</strong></span> <span class='ocrx_word' id='word_1_547' title='bbox 555 2111 720 2140; x_wconf 87' lang='lat' dir='ltr'><strong>narrationis</strong></span> <span class='ocrx_word' id='word_1_548' title='bbox 732 2118 786 2138; x_wconf 93' lang='lat' dir='ltr'><strong>non</strong></span> <span class='ocrx_word' id='word_1_549' title='bbox 800 2110 943 2139; x_wconf 84' lang='lat' dir='ltr'><strong>habuisset</strong></span> <span class='ocrx_word' id='word_1_550' title='bbox 954 2116 1107 2140; x_wconf 87' lang='lat' dir='ltr'><strong>auctorem.</strong></span> <span class='ocrx_word' id='word_1_551' title='bbox 1122 2111 1185 2140; x_wconf 71' lang='lat' dir='ltr'><strong>Hae</strong></span> <span class='ocrx_word' id='word_1_552' title='bbox 1195 2111 1313 2147; x_wconf 79' lang='lat' dir='ltr'><strong>Rivetus,</strong></span> <span class='ocrx_word' id='word_1_553' title='bbox 1323 2121 1403 2148; x_wconf 89' lang='lat' dir='ltr'><strong>quam</strong></span> <span class='ocrx_word' id='word_1_554' title='bbox 1417 2112 1485 2140; x_wconf 89' lang='lat' dir='ltr'><strong>bona</strong></span> <span class='ocrx_word' id='word_1_555' title='bbox 1495 2111 1558 2147; x_wconf 85' lang='lat' dir='ltr'><strong>fide,</strong></span> <span class='ocrx_word' id='word_1_556' title='bbox 1572 2110 1632 2137; x_wconf 87' lang='lat' dir='ltr'><strong>hinc</strong></span> <span class='ocrx_word' id='word_1_557' title='bbox 1643 2108 1754 2136; x_wconf 79' lang='lat' dir='ltr'><strong>ediscu-</strong></span> 
     </span>
    </p>
   </div>
   <div class='ocr_carea' id='block_1_45' title="bbox 123 2157 1758 2203">
    <p class='ocr_par' dir='ltr' id='par_1_45' title="bbox 123 2157 1758 2203">
     <span class='ocr_line' id='line_1_45' title="bbox 123 2157 1758 2203; baseline -0.004 -13"><span class='ocrx_word' id='word_1_558' title='bbox 123 2168 279 2203; x_wconf 23' lang='lat' dir='ltr'><strong>nPostquam</strong></span> <span class='ocrx_word' id='word_1_559' title='bbox 301 2164 334 2192; x_wconf 89' lang='lat' dir='ltr'><strong>de</strong></span> <span class='ocrx_word' id='word_1_560' title='bbox 344 2163 459 2191; x_wconf 87' lang='lat' dir='ltr'><strong>Antonio</strong></span> <span class='ocrx_word' id='word_1_561' title='bbox 478 2169 536 2197; x_wconf 83' lang='lat' dir='ltr'><strong>qute</strong></span> <span class='ocrx_word' id='word_1_562' title='bbox 554 2168 635 2196; x_wconf 85' lang='lat' dir='ltr'><strong>supra</strong></span> <span class='ocrx_word' id='word_1_563' title='bbox 648 2159 788 2187; x_wconf 82' lang='lat' dir='ltr'><strong>attulimus</strong></span> <span class='ocrx_word' id='word_1_564' title='bbox 809 2163 835 2186; x_wconf 86' lang='lat' dir='ltr'><strong>et</strong></span> <span class='ocrx_word' id='word_1_565' title='bbox 856 2164 931 2186; x_wconf 87' lang='lat' dir='ltr'><strong>notat</strong></span> <span class='ocrx_word' id='word_1_566' title='bbox 947 2159 989 2186; x_wconf 90' lang='lat' dir='ltr'><strong>hic</strong></span> <span class='ocrx_word' id='word_1_567' title='bbox 1005 2159 1122 2195; x_wconf 73' lang='lat' dir='ltr'><strong>Binetus,</strong></span> <span class='ocrx_word' id='word_1_568' title='bbox 1137 2161 1257 2188; x_wconf 81' lang='lat' dir='ltr'><strong>narravit</strong></span> <span class='ocrx_word' id='word_1_569' title='bbox 1275 2160 1452 2196; x_wconf 85' lang='lat' dir='ltr'><strong>Augustinus,</strong></span> <span class='ocrx_word' id='word_1_570' title='bbox 1473 2159 1563 2187; x_wconf 88' lang='lat' dir='ltr'><strong>subdit</strong></span> <span class='ocrx_word' id='word_1_571' title='bbox 1577 2168 1584 2187; x_wconf 89' lang='lat'><strong>:</strong></span> <span class='ocrx_word' id='word_1_572' title='bbox 1596 2159 1650 2186; x_wconf 89' lang='lat' dir='ltr'><strong>Aut</strong></span> <span class='ocrx_word' id='word_1_573' title='bbox 1665 2157 1699 2186; x_wconf 91' lang='lat' dir='ltr'><strong>ab</strong></span> <span class='ocrx_word' id='word_1_574' title='bbox 1710 2157 1758 2185; x_wconf 90' lang='lat' dir='ltr'><strong>illo</strong></span> 
     </span>
    </p>
   </div>
   <div class='ocr_carea' id='block_1_46' title="bbox 132 2204 1758 2243">
    <p class='ocr_par' dir='ltr' id='par_1_46' title="bbox 132 2204 1758 2243">
     <span class='ocr_line' id='line_1_46' title="bbox 132 2204 1758 2243; baseline -0.007 0"><span class='ocrx_word' id='word_1_575' title='bbox 132 2222 211 2243; x_wconf 86' lang='lat' dir='ltr'><strong>servo</strong></span> <span class='ocrx_word' id='word_1_576' title='bbox 223 2212 340 2240; x_wconf 85' lang='lat' dir='ltr'><strong>barbaro</strong></span> <span class='ocrx_word' id='word_1_577' title='bbox 356 2208 522 2241; x_wconf 86' lang='lat' dir='ltr'><strong>Christiano,</strong></span> <span class='ocrx_word' id='word_1_578' title='bbox 538 2207 573 2236; x_wconf 88' lang='lat' dir='ltr'><strong>de</strong></span> <span class='ocrx_word' id='word_1_579' title='bbox 591 2214 646 2243; x_wconf 92' lang='lat' dir='ltr'><strong>quo</strong></span> <span class='ocrx_word' id='word_1_580' title='bbox 661 2214 677 2234; x_wconf 87' lang='lat' dir='ltr'><strong>a</strong></span> <span class='ocrx_word' id='word_1_581' title='bbox 695 2206 865 2242; x_wconf 78' lang='lat' dir='ltr'><strong>gravissimis</strong></span> <span class='ocrx_word' id='word_1_582' title='bbox 883 2206 989 2242; x_wconf 85' lang='lat' dir='ltr'><strong>ﬁdeque</strong></span> <span class='ocrx_word' id='word_1_583' title='bbox 1006 2206 1176 2242; x_wconf 80' lang='lat' dir='ltr'><strong>dignissimis</strong></span> <span class='ocrx_word' id='word_1_584' title='bbox 1197 2207 1265 2235; x_wconf 87' lang='lat' dir='ltr'><strong>viris</strong></span> <span class='ocrx_word' id='word_1_585' title='bbox 1285 2215 1374 2242; x_wconf 87' lang='lat' dir='ltr'><strong>nuper</strong></span> <span class='ocrx_word' id='word_1_586' title='bbox 1393 2206 1567 2241; x_wconf 85' lang='lat' dir='ltr'><strong>accepimus:</strong></span> <span class='ocrx_word' id='word_1_587' title='bbox 1583 2204 1631 2240; x_wconf 91' lang='lat' dir='ltr'><strong>qui</strong></span> <span class='ocrx_word' id='word_1_588' title='bbox 1653 2204 1758 2231; x_wconf 86' lang='lat' dir='ltr'><strong>litteras</strong></span> 
     </span>
    </p>
   </div>
   <div class='ocr_carea' id='block_1_47' title="bbox 132 2249 1758 2296">
    <p class='ocr_par' dir='ltr' id='par_1_47' title="bbox 132 2249 1758 2296">
     <span class='ocr_line' id='line_1_47' title="bbox 132 2249 1758 2296; baseline -0.005 -11"><span class='ocrx_word' id='word_1_589' title='bbox 132 2267 241 2296; x_wconf 86' lang='lat' dir='ltr'><strong>quoque</strong></span> <span class='ocrx_word' id='word_1_590' title='bbox 255 2259 328 2294; x_wconf 88' lang='lat' dir='ltr'><strong>ipsas</strong></span> <span class='ocrx_word' id='word_1_591' title='bbox 348 2255 424 2283; x_wconf 90' lang='lat' dir='ltr'><strong>nullo</strong></span> <span class='ocrx_word' id='word_1_592' title='bbox 437 2254 552 2282; x_wconf 85' lang='lat' dir='ltr'><strong>docente</strong></span> <span class='ocrx_word' id='word_1_593' title='bbox 573 2252 694 2286; x_wconf 83' lang='lat' dir='ltr'><strong>homine,</strong></span> <span class='ocrx_word' id='word_1_594' title='bbox 709 2255 762 2279; x_wconf 84' lang='lat' dir='ltr'><strong>etc.</strong></span> <span class='ocrx_word' id='word_1_595' title='bbox 778 2250 815 2278; x_wconf 90' lang='lat' dir='ltr'><strong>Et</strong></span> <span class='ocrx_word' id='word_1_596' title='bbox 830 2256 889 2287; x_wconf 88' lang='lat' dir='ltr'><strong>post</strong></span> <span class='ocrx_word' id='word_1_597' title='bbox 902 2251 970 2279; x_wconf 87' lang='lat' dir='ltr'><strong>hanc</strong></span> <span class='ocrx_word' id='word_1_598' title='bbox 985 2251 1125 2279; x_wconf 86' lang='lat' dir='ltr'><strong>historiam</strong></span> <span class='ocrx_word' id='word_1_599' title='bbox 1145 2251 1252 2287; x_wconf 69' lang='lat' dir='ltr'><strong>subiicit</strong></span> <span class='ocrx_word' id='word_1_600' title='bbox 1265 2259 1274 2279; x_wconf 91' lang='lat'><strong><em>:</em></strong></span> <span class='ocrx_word' id='word_1_601' title='bbox 1288 2252 1323 2279; x_wconf 89' lang='lat' dir='ltr'><strong>At</strong></span> <span class='ocrx_word' id='word_1_602' title='bbox 1338 2252 1362 2280; x_wconf 86' lang='lat' dir='ltr'><strong>si</strong></span> <span class='ocrx_word' id='word_1_603' title='bbox 1375 2251 1433 2280; x_wconf 72' lang='lat' dir='ltr'><strong>hace</strong></span> <span class='ocrx_word' id='word_1_604' title='bbox 1448 2251 1584 2288; x_wconf 88' lang='lat' dir='ltr'><strong>quispiam</strong></span> <span class='ocrx_word' id='word_1_605' title='bbox 1601 2250 1669 2278; x_wconf 79' lang='lat' dir='ltr'><strong>falsa</strong></span> <span class='ocrx_word' id='word_1_606' title='bbox 1684 2249 1758 2277; x_wconf 87' lang='lat' dir='ltr'><strong>arbi-</strong></span> 
     </span>
    </p>
   </div>
   <div class='ocr_carea' id='block_1_48' title="bbox 134 2297 1758 2340">
    <p class='ocr_par' dir='ltr' id='par_1_48' title="bbox 134 2297 1758 2340">
     <span class='ocr_line' id='line_1_48' title="bbox 134 2297 1758 2340; baseline -0.007 -5"><span class='ocrx_word' id='word_1_607' title='bbox 134 2311 231 2340; x_wconf 85' lang='lat' dir='ltr'><strong>tretur,</strong></span> <span class='ocrx_word' id='word_1_608' title='bbox 245 2313 300 2334; x_wconf 88' lang='lat' dir='ltr'><strong>non</strong></span> <span class='ocrx_word' id='word_1_609' title='bbox 316 2311 367 2340; x_wconf 87' lang='lat' dir='ltr'><strong>ago</strong></span> <span class='ocrx_word' id='word_1_610' title='bbox 381 2302 548 2339; x_wconf 72' lang='lat' dir='ltr'><strong>pugnaciter.</strong></span> <span class='ocrx_word' id='word_1_611' title='bbox 565 2301 632 2329; x_wconf 86' lang='lat' dir='ltr'><strong>Cum</strong></span> <span class='ocrx_word' id='word_1_612' title='bbox 644 2301 711 2327; x_wconf 88' lang='lat' dir='ltr'><strong>dicit</strong></span> <span class='ocrx_word' id='word_1_613' title='bbox 724 2307 751 2328; x_wconf 89' lang='lat' dir='ltr'><strong>se</strong></span> <span class='ocrx_word' id='word_1_614' title='bbox 767 2299 835 2327; x_wconf 86' lang='lat' dir='ltr'><strong>hanc</strong></span> <span class='ocrx_word' id='word_1_615' title='bbox 849 2305 1008 2335; x_wconf 90' lang='lat' dir='ltr'><strong>postremam</strong></span> <span class='ocrx_word' id='word_1_616' title='bbox 1022 2300 1163 2328; x_wconf 87' lang='lat' dir='ltr'><strong>historiam</strong></span> <span class='ocrx_word' id='word_1_617' title='bbox 1180 2309 1197 2328; x_wconf 89' lang='lat' dir='ltr'><strong>a</strong></span> <span class='ocrx_word' id='word_1_618' title='bbox 1212 2301 1378 2336; x_wconf 79' lang='lat' dir='ltr'><strong>gravissimis</strong></span> <span class='ocrx_word' id='word_1_619' title='bbox 1402 2300 1503 2335; x_wconf 76' lang='lat' dir='ltr'><strong>ﬁdeque</strong></span> <span class='ocrx_word' id='word_1_620' title='bbox 1516 2297 1679 2334; x_wconf 83' lang='lat' dir='ltr'><strong>dignissimis</strong></span> <span class='ocrx_word' id='word_1_621' title='bbox 1694 2297 1758 2324; x_wconf 85' lang='lat' dir='ltr'><strong>viris</strong></span> 
     </span>
    </p>
   </div>
   <div class='ocr_carea' id='block_1_49' title="bbox 136 2343 1758 2390">
    <p class='ocr_par' dir='ltr' id='par_1_49' title="bbox 136 2343 1758 2390">
     <span class='ocr_line' id='line_1_49' title="bbox 136 2343 1758 2390; baseline -0.007 -7"><span class='ocrx_word' id='word_1_622' title='bbox 136 2354 277 2390; x_wconf 78' lang='lat' dir='ltr'><strong>accepisse,</strong></span> <span class='ocrx_word' id='word_1_623' title='bbox 292 2357 375 2380; x_wconf 89' lang='lat' dir='ltr'><strong>totum</strong></span> <span class='ocrx_word' id='word_1_624' title='bbox 392 2350 475 2378; x_wconf 76' lang='lat' dir='ltr'><strong>Riveti</strong></span> <span class='ocrx_word' id='word_1_625' title='bbox 485 2347 577 2376; x_wconf 81' lang='lat' dir='ltr'><strong>evertit</strong></span> <span class='ocrx_word' id='word_1_626' title='bbox 594 2346 781 2379; x_wconf 84' lang='lat' dir='ltr'><strong>ratiocinium;</strong></span> <span class='ocrx_word' id='word_1_627' title='bbox 792 2346 861 2381; x_wconf 88' lang='lat' dir='ltr'><strong>quod</strong></span> <span class='ocrx_word' id='word_1_628' title='bbox 872 2354 932 2374; x_wconf 89' lang='lat' dir='ltr'><strong>cum</strong></span> <span class='ocrx_word' id='word_1_629' title='bbox 947 2346 1027 2381; x_wconf 87' lang='lat' dir='ltr'><strong>probe</strong></span> <span class='ocrx_word' id='word_1_630' title='bbox 1037 2347 1179 2374; x_wconf 81' lang='lat' dir='ltr'><strong>adverterit</strong></span> <span class='ocrx_word' id='word_1_631' title='bbox 1190 2345 1311 2381; x_wconf 68' lang='lat' dir='ltr'><strong>Hicetas,</strong></span> <span class='ocrx_word' id='word_1_632' title='bbox 1323 2347 1373 2374; x_wconf 91' lang='lat' dir='ltr'><strong>illa</strong></span> <span class='ocrx_word' id='word_1_633' title='bbox 1384 2346 1460 2374; x_wconf 78' lang='lat' dir='ltr'><strong>verba</strong></span> <span class='ocrx_word' id='word_1_634' title='bbox 1473 2345 1569 2373; x_wconf 88' lang='lat' dir='ltr'><strong>callide</strong></span> <span class='ocrx_word' id='word_1_635' title='bbox 1578 2343 1758 2379; x_wconf 80' lang='lat' dir='ltr'><strong>prsetermisit.</strong></span> 
     </span>
    </p>
   </div>
   <div class='ocr_carea' id='block_1_50' title="bbox 137 2393 1758 2435">
    <p class='ocr_par' dir='ltr' id='par_1_50' title="bbox 137 2393 1758 2435">
     <span class='ocr_line' id='line_1_50' title="bbox 137 2393 1758 2435; baseline -0.008 -5"><span class='ocrx_word' id='word_1_636' title='bbox 137 2402 209 2430; x_wconf 86' lang='lat' dir='ltr'><strong>Nam</strong></span> <span class='ocrx_word' id='word_1_637' title='bbox 225 2401 260 2434; x_wconf 86' lang='lat' dir='ltr'><strong>si,</strong></span> <span class='ocrx_word' id='word_1_638' title='bbox 276 2405 305 2427; x_wconf 90' lang='lat' dir='ltr'><strong>ut</strong></span> <span class='ocrx_word' id='word_1_639' title='bbox 322 2405 457 2435; x_wconf 86' lang='lat' dir='ltr'><strong>perperam</strong></span> <span class='ocrx_word' id='word_1_640' title='bbox 469 2399 570 2432; x_wconf 82' lang='lat' dir='ltr'><strong>pugnat</strong></span> <span class='ocrx_word' id='word_1_641' title='bbox 583 2394 701 2426; x_wconf 79' lang='lat' dir='ltr'><strong>Rivetus,</strong></span> <span class='ocrx_word' id='word_1_642' title='bbox 713 2393 772 2421; x_wconf 89' lang='lat' dir='ltr'><strong>ideo</strong></span> <span class='ocrx_word' id='word_1_643' title='bbox 783 2394 823 2421; x_wconf 90' lang='lat' dir='ltr'><strong>ait</strong></span> <span class='ocrx_word' id='word_1_644' title='bbox 836 2394 1001 2430; x_wconf 82' lang='lat' dir='ltr'><strong>Augustinus</strong></span> <span class='ocrx_word' id='word_1_645' title='bbox 1013 2402 1023 2422; x_wconf 90' lang='lat'><strong><em>:</em></strong></span> <span class='ocrx_word' id='word_1_646' title='bbox 1037 2395 1073 2422; x_wconf 88' lang='lat' dir='ltr'><strong>At</strong></span> <span class='ocrx_word' id='word_1_647' title='bbox 1088 2395 1111 2423; x_wconf 90' lang='lat' dir='ltr'><strong>si</strong></span> <span class='ocrx_word' id='word_1_648' title='bbox 1131 2395 1277 2430; x_wconf 84' lang='lat' dir='ltr'><strong>quisquam</strong></span> <span class='ocrx_word' id='word_1_649' title='bbox 1297 2394 1366 2422; x_wconf 80' lang='lat' dir='ltr'><strong>falsa</strong></span> <span class='ocrx_word' id='word_1_650' title='bbox 1389 2394 1549 2427; x_wconf 83' lang='lat' dir='ltr'><strong>arbitretur,</strong></span> <span class='ocrx_word' id='word_1_651' title='bbox 1568 2400 1621 2420; x_wconf 93' lang='lat' dir='ltr'><strong>non</strong></span> <span class='ocrx_word' id='word_1_652' title='bbox 1639 2399 1690 2427; x_wconf 87' lang='lat' dir='ltr'><strong>ago</strong></span> <span class='ocrx_word' id='word_1_653' title='bbox 1705 2398 1758 2426; x_wconf 87' lang='lat' dir='ltr'><strong>pu-</strong></span> 
     </span>
    </p>
   </div>
   <div class='ocr_carea' id='block_1_51' title="bbox 136 2436 1761 2488">
    <p class='ocr_par' dir='ltr' id='par_1_51' title="bbox 136 2436 1761 2488">
     <span class='ocr_line' id='line_1_51' title="bbox 136 2436 1761 2488; baseline -0.007 -9"><span class='ocrx_word' id='word_1_654' title='bbox 136 2452 267 2488; x_wconf 79' lang='lat' dir='ltr'><strong>gnaciter,</strong></span> <span class='ocrx_word' id='word_1_655' title='bbox 286 2448 355 2485; x_wconf 88' lang='lat' dir='ltr'><strong>quod</strong></span> <span class='ocrx_word' id='word_1_656' title='bbox 375 2454 469 2483; x_wconf 87' lang='lat' dir='ltr'><strong>parum</strong></span> <span class='ocrx_word' id='word_1_657' title='bbox 491 2444 553 2479; x_wconf 82' lang='lat' dir='ltr'><strong>ﬁdei</strong></span> <span class='ocrx_word' id='word_1_658' title='bbox 568 2443 609 2470; x_wconf 85' lang='lat' dir='ltr'><strong>his</strong></span> <span class='ocrx_word' id='word_1_659' title='bbox 631 2442 830 2470; x_wconf 85' lang='lat' dir='ltr'><strong>narrationibus</strong></span> <span class='ocrx_word' id='word_1_660' title='bbox 852 2442 989 2476; x_wconf 84' lang='lat' dir='ltr'><strong>tribueret,</strong></span> <span class='ocrx_word' id='word_1_661' title='bbox 1005 2443 1072 2470; x_wconf 81' lang='lat' dir='ltr'><strong>nihil</strong></span> <span class='ocrx_word' id='word_1_662' title='bbox 1089 2448 1216 2478; x_wconf 84' lang='lat' dir='ltr'><strong>repugnat</strong></span> <span class='ocrx_word' id='word_1_663' title='bbox 1234 2443 1425 2470; x_wconf 79' lang='lat' dir='ltr'><strong>Athanasiame</strong></span> <span class='ocrx_word' id='word_1_664' title='bbox 1440 2440 1625 2488; x_wconf 72' lang='lat' dir='ltr'><strong>Itistoria2_non</strong></span> <span class='ocrx_word' id='word_1_665' title='bbox 1639 2436 1761 2464; x_wconf 61' lang='lat' dir='ltr'><strong>habuit“</strong></span> 
     </span>
    </p>
   </div>
   <div class='ocr_carea' id='block_1_52' title="bbox 136 2486 1760 2533">
    <p class='ocr_par' dir='ltr' id='par_1_52' title="bbox 136 2486 1760 2533">
     <span class='ocr_line' id='line_1_52' title="bbox 136 2486 1760 2533; baseline -0.008 -7"><span class='ocrx_word' id='word_1_666' title='bbox 136 2486 227 2533; x_wconf 73' lang='lat' dir='ltr'><strong>fidem,</strong></span> <span class='ocrx_word' id='word_1_667' title='bbox 243 2498 288 2533; x_wconf 90' lang='lat' dir='ltr'><strong>qui</strong></span> <span class='ocrx_word' id='word_1_668' title='bbox 302 2497 365 2524; x_wconf 88' lang='lat' dir='ltr'><strong>item</strong></span> <span class='ocrx_word' id='word_1_669' title='bbox 381 2492 498 2522; x_wconf 67' lang='lat' dir='ltr'><strong>historiae</strong></span> <span class='ocrx_word' id='word_1_670' title='bbox 511 2501 528 2520; x_wconf 91' lang='lat' dir='ltr'><strong>a</strong></span> <span class='ocrx_word' id='word_1_671' title='bbox 542 2491 707 2527; x_wconf 78' lang='lat' dir='ltr'><strong>grauissimis</strong></span> <span class='ocrx_word' id='word_1_672' title='bbox 721 2490 824 2526; x_wconf 82' lang='lat' dir='ltr'><strong>ﬁdeque</strong></span> <span class='ocrx_word' id='word_1_673' title='bbox 838 2491 1001 2526; x_wconf 84' lang='lat' dir='ltr'><strong>dignissimis</strong></span> <span class='ocrx_word' id='word_1_674' title='bbox 1015 2491 1079 2519; x_wconf 77' lang='lat' dir='ltr'><strong>uiris</strong></span> <span class='ocrx_word' id='word_1_675' title='bbox 1097 2492 1206 2519; x_wconf 65' lang='lat' dir='ltr'><strong>tradita:</strong></span> <span class='ocrx_word' id='word_1_676' title='bbox 1217 2499 1313 2526; x_wconf 85' lang='lat' dir='ltr'><strong>parum</strong></span> <span class='ocrx_word' id='word_1_677' title='bbox 1330 2491 1393 2526; x_wconf 79' lang='lat' dir='ltr'><strong>ﬁdei</strong></span> <span class='ocrx_word' id='word_1_678' title='bbox 1404 2488 1539 2517; x_wconf 86' lang='lat' dir='ltr'><strong>tribuerit.</strong></span> <span class='ocrx_word' id='word_1_679' title='bbox 1550 2486 1601 2514; x_wconf 90' lang='lat' dir='ltr'><strong>Sed</strong></span> <span class='ocrx_word' id='word_1_680' title='bbox 1614 2492 1703 2513; x_wconf 76' lang='lat' dir='ltr'><strong>revera</strong></span> <span class='ocrx_word' id='word_1_681' title='bbox 1714 2491 1760 2513; x_wconf 69' lang='grc' dir='ltr'><strong>ηδε</strong></span> 
     </span>
    </p>
   </div>
   <div class='ocr_carea' id='block_1_53' title="bbox 137 2533 1761 2573">
    <p class='ocr_par' dir='ltr' id='par_1_53' title="bbox 137 2533 1761 2573">
     <span class='ocr_line' id='line_1_53' title="bbox 137 2533 1761 2573; baseline -0.01 -1"><span class='ocrx_word' id='word_1_682' title='bbox 137 2544 283 2572; x_wconf 89' lang='lat' dir='ltr'><strong>Athanasio</strong></span> <span class='ocrx_word' id='word_1_683' title='bbox 297 2550 342 2570; x_wconf 87' lang='lat' dir='ltr'><strong>nec</strong></span> <span class='ocrx_word' id='word_1_684' title='bbox 356 2541 418 2568; x_wconf 85' lang='lat' dir='ltr'><strong>aliis</strong></span> <span class='ocrx_word' id='word_1_685' title='bbox 430 2539 484 2566; x_wconf 82' lang='lat' dir='ltr'><strong>illis</strong></span> <span class='ocrx_word' id='word_1_686' title='bbox 501 2538 552 2573; x_wconf 83' lang='lat' dir='ltr'><strong>fide</strong></span> <span class='ocrx_word' id='word_1_687' title='bbox 564 2536 726 2572; x_wconf 81' lang='lat' dir='ltr'><strong>dignissimis</strong></span> <span class='ocrx_word' id='word_1_688' title='bbox 742 2536 806 2562; x_wconf 80' lang='lat' dir='ltr'><strong>uiris</strong></span> <span class='ocrx_word' id='word_1_689' title='bbox 819 2535 898 2570; x_wconf 75' lang='lat' dir='ltr'><strong>ﬁdem</strong></span> <span class='ocrx_word' id='word_1_690' title='bbox 913 2541 943 2563; x_wconf 92' lang='lat' dir='ltr'><strong>ut</strong></span> <span class='ocrx_word' id='word_1_691' title='bbox 955 2535 1062 2571; x_wconf 84' lang='lat' dir='ltr'><strong>deroget</strong></span> <span class='ocrx_word' id='word_1_692' title='bbox 1082 2535 1245 2571; x_wconf 86' lang='lat' dir='ltr'><strong>Augustinus</strong></span> <span class='ocrx_word' id='word_1_693' title='bbox 1259 2535 1308 2562; x_wconf 86' lang='lat' dir='ltr'><strong>illa</strong></span> <span class='ocrx_word' id='word_1_694' title='bbox 1328 2535 1393 2561; x_wconf 84' lang='lat' dir='ltr'><strong>dicit</strong></span> <span class='ocrx_word' id='word_1_695' title='bbox 1410 2542 1419 2561; x_wconf 88' lang='lat'><strong><em>:</em></strong></span> <span class='ocrx_word' id='word_1_696' title='bbox 1436 2533 1492 2565; x_wconf 79' lang='lat' dir='ltr'><strong>sed,</strong></span> <span class='ocrx_word' id='word_1_697' title='bbox 1508 2536 1536 2559; x_wconf 92' lang='lat' dir='ltr'><strong>ut</strong></span> <span class='ocrx_word' id='word_1_698' title='bbox 1554 2534 1636 2566; x_wconf 87' lang='lat' dir='ltr'><strong>patet,</strong></span> <span class='ocrx_word' id='word_1_699' title='bbox 1651 2533 1761 2556; x_wconf 85' lang='lat' dir='ltr'><strong>conten-</strong></span> 
     </span>
    </p>
   </div>
   <div class='ocr_carea' id='block_1_54' title="bbox 138 2574 1767 2620">
    <p class='ocr_par' dir='ltr' id='par_1_54' title="bbox 138 2574 1767 2620">
     <span class='ocr_line' id='line_1_54' title="bbox 138 2574 1767 2620; baseline -0.009 -3"><span class='ocrx_word' id='word_1_700' title='bbox 138 2591 217 2618; x_wconf 87' lang='lat' dir='ltr'><strong>tionis</strong></span> <span class='ocrx_word' id='word_1_701' title='bbox 226 2589 342 2617; x_wconf 77' lang='lat' dir='ltr'><strong>vitandae</strong></span> <span class='ocrx_word' id='word_1_702' title='bbox 355 2587 455 2615; x_wconf 85' lang='lat' dir='ltr'><strong>studio.</strong></span> <span class='ocrx_word' id='word_1_703' title='bbox 467 2585 592 2620; x_wconf 85' lang='lat' dir='ltr'><strong>Alioquin</strong></span> <span class='ocrx_word' id='word_1_704' title='bbox 602 2592 649 2611; x_wconf 91' lang='lat' dir='ltr'><strong>cur</strong></span> <span class='ocrx_word' id='word_1_705' title='bbox 661 2583 713 2618; x_wconf 74' lang='lat' dir='ltr'><strong>ﬁde</strong></span> <span class='ocrx_word' id='word_1_706' title='bbox 728 2582 898 2618; x_wconf 87' lang='lat' dir='ltr'><strong>dignissimos</strong></span> <span class='ocrx_word' id='word_1_707' title='bbox 910 2585 1037 2613; x_wconf 79' lang='lat' dir='ltr'><strong>vocasset,</strong></span> <span class='ocrx_word' id='word_1_708' title='bbox 1050 2589 1086 2608; x_wconf 90' lang='lat' dir='ltr'><strong>an</strong></span> <span class='ocrx_word' id='word_1_709' title='bbox 1096 2586 1126 2608; x_wconf 90' lang='lat' dir='ltr'><strong>ut</strong></span> <span class='ocrx_word' id='word_1_710' title='bbox 1140 2585 1232 2615; x_wconf 91' lang='lat' dir='ltr'><strong>postea</strong></span> <span class='ocrx_word' id='word_1_711' title='bbox 1246 2588 1274 2607; x_wconf 89' lang='lat' dir='ltr'><strong>se</strong></span> <span class='ocrx_word' id='word_1_712' title='bbox 1287 2588 1378 2607; x_wconf 88' lang='lat' dir='ltr'><strong>eorum</strong></span> <span class='ocrx_word' id='word_1_713' title='bbox 1395 2579 1474 2606; x_wconf 85' lang='lat' dir='ltr'><strong>dictis</strong></span> <span class='ocrx_word' id='word_1_714' title='bbox 1488 2585 1583 2613; x_wconf 87' lang='lat' dir='ltr'><strong>parum</strong></span> <span class='ocrx_word' id='word_1_715' title='bbox 1597 2575 1659 2612; x_wconf 82' lang='lat' dir='ltr'><strong>ﬁdei</strong></span> <span class='ocrx_word' id='word_1_716' title='bbox 1667 2574 1767 2608; x_wconf 41' lang='lat' dir='ltr'><strong>habere,</strong></span> 
     </span>
    </p>
   </div>
   <div class='ocr_carea' id='block_1_55' title="bbox 139 2621 1762 2671">
    <p class='ocr_par' dir='ltr' id='par_1_55' title="bbox 139 2621 1762 2671">
     <span class='ocr_line' id='line_1_55' title="bbox 139 2621 1762 2671; baseline -0.009 -7"><span class='ocrx_word' id='word_1_717' title='bbox 139 2635 345 2671; x_wconf 70' lang='lat' dir='ltr'><strong>testificaretur?</strong></span> <span class='ocrx_word' id='word_1_718' title='bbox 358 2633 393 2660; x_wconf 89' lang='lat' dir='ltr'><strong>At</strong></span> <span class='ocrx_word' id='word_1_719' title='bbox 411 2640 469 2660; x_wconf 70' lang='lat' dir='ltr'><strong>vero</strong></span> <span class='ocrx_word' id='word_1_720' title='bbox 484 2639 535 2659; x_wconf 86' lang='lat' dir='ltr'><strong>non</strong></span> <span class='ocrx_word' id='word_1_721' title='bbox 550 2631 597 2657; x_wconf 91' lang='lat' dir='ltr'><strong>hoc</strong></span> <span class='ocrx_word' id='word_1_722' title='bbox 613 2629 699 2657; x_wconf 90' lang='lat' dir='ltr'><strong>solum</strong></span> <span class='ocrx_word' id='word_1_723' title='bbox 718 2628 745 2656; x_wconf 87' lang='lat' dir='ltr'><strong>in</strong></span> <span class='ocrx_word' id='word_1_724' title='bbox 761 2629 819 2655; x_wconf 82' lang='lat' dir='ltr'><strong>loco</strong></span> <span class='ocrx_word' id='word_1_725' title='bbox 831 2627 859 2654; x_wconf 90' lang='lat' dir='ltr'><strong>id</strong></span> <span class='ocrx_word' id='word_1_726' title='bbox 870 2627 1033 2662; x_wconf 80' lang='lat' dir='ltr'><strong>Augustinus</strong></span> <span class='ocrx_word' id='word_1_727' title='bbox 1047 2627 1085 2654; x_wconf 87' lang='lat' dir='ltr'><strong>ait</strong></span> <span class='ocrx_word' id='word_1_728' title='bbox 1096 2634 1105 2656; x_wconf 89' lang='lat'><em>:</em></span> <span class='ocrx_word' id='word_1_729' title='bbox 1118 2626 1163 2654; x_wconf 89' lang='lat' dir='ltr'><strong>sed</strong></span> <span class='ocrx_word' id='word_1_730' title='bbox 1197 2627 1277 2654; x_wconf 86' lang='lat' dir='ltr'><strong>etiam</strong></span> <span class='ocrx_word' id='word_1_731' title='bbox 1299 2624 1508 2657; x_wconf 71' lang='lat' dir='ltr'><strong>Confessionum</strong></span> <span class='ocrx_word' id='word_1_732' title='bbox 1528 2623 1575 2650; x_wconf 87' lang='lat' dir='ltr'><strong>lib.</strong></span> <span class='ocrx_word' id='word_1_733' title='bbox 1595 2629 1655 2654; x_wconf 83' lang='lat' dir='ltr'><strong>vttt,</strong></span> <span class='ocrx_word' id='word_1_734' title='bbox 1669 2629 1693 2648; x_wconf 89' lang='lat' dir='ltr'><strong>c.</strong></span> <span class='ocrx_word' id='word_1_735' title='bbox 1715 2621 1762 2655; x_wconf 75' lang='lat' dir='ltr'><strong>i9,</strong></span> 
     </span>
    </p>
   </div>
   <div class='ocr_carea' id='block_1_56' title="bbox 138 2674 1179 2716">
    <p class='ocr_par' dir='ltr' id='par_1_56' title="bbox 138 2674 1179 2716">
     <span class='ocr_line' id='line_1_56' title="bbox 138 2674 1179 2716; baseline -0.01 -5"><span class='ocrx_word' id='word_1_736' title='bbox 138 2684 183 2711; x_wconf 79' lang='lat' dir='ltr'><strong>ubi</strong></span> <span class='ocrx_word' id='word_1_737' title='bbox 196 2683 229 2711; x_wconf 86' lang='lat' dir='ltr'><strong>de</strong></span> <span class='ocrx_word' id='word_1_738' title='bbox 237 2682 352 2710; x_wconf 88' lang='lat' dir='ltr'><strong>Antonio</strong></span> <span class='ocrx_word' id='word_1_739' title='bbox 363 2681 470 2716; x_wconf 86' lang='lat' dir='ltr'><strong>loquens</strong></span> <span class='ocrx_word' id='word_1_740' title='bbox 483 2679 521 2706; x_wconf 90' lang='lat' dir='ltr'><strong>ait</strong></span> <span class='ocrx_word' id='word_1_741' title='bbox 533 2686 542 2705; x_wconf 90' lang='lat'><strong><em>:</em></strong></span> <span class='ocrx_word' id='word_1_742' title='bbox 555 2677 678 2711; x_wconf 77' lang='lat' dir='ltr'><strong>Surgunt</strong></span> <span class='ocrx_word' id='word_1_743' title='bbox 692 2675 806 2707; x_wconf 88' lang='lat' dir='ltr'><strong>indocti,</strong></span> <span class='ocrx_word' id='word_1_744' title='bbox 822 2679 888 2707; x_wconf 84' lang='lat' dir='ltr'><strong>etc.,</strong></span> <span class='ocrx_word' id='word_1_745' title='bbox 903 2683 962 2710; x_wconf 74' lang='lat' dir='ltr'><strong>qua:</strong></span> <span class='ocrx_word' id='word_1_746' title='bbox 977 2674 1035 2702; x_wconf 80' lang='lat' dir='ltr'><strong>uide</strong></span> <span class='ocrx_word' id='word_1_747' title='bbox 1047 2675 1179 2709; x_wconf 85' lang='lat' dir='ltr'><strong>superius.</strong></span> 
     </span>
    </p>
   </div>
   <div class='ocr_carea' id='block_1_57' title="bbox 176 2717 1763 2762">
    <p class='ocr_par' dir='ltr' id='par_1_57' title="bbox 176 2717 1763 2762">
     <span class='ocr_line' id='line_1_57' title="bbox 176 2717 1763 2762; baseline -0.007 -6"><span class='ocrx_word' id='word_1_748' title='bbox 176 2729 252 2762; x_wconf 86' lang='lat' dir='ltr'><strong>Quod</strong></span> <span class='ocrx_word' id='word_1_749' title='bbox 274 2737 334 2756; x_wconf 75' lang='lat' dir='ltr'><strong>vero</strong></span> <span class='ocrx_word' id='word_1_750' title='bbox 359 2728 434 2755; x_wconf 89' lang='lat' dir='ltr'><strong>aiunt</strong></span> <span class='ocrx_word' id='word_1_751' title='bbox 449 2725 629 2761; x_wconf 82' lang='lat' dir='ltr'><strong>Hospinianus</strong></span> <span class='ocrx_word' id='word_1_752' title='bbox 648 2723 746 2759; x_wconf 88' lang='lat' dir='ltr'><strong>aliique</strong></span> <span class='ocrx_word' id='word_1_753' title='bbox 767 2722 911 2750; x_wconf 87' lang='lat' dir='ltr'><strong>Antonium</strong></span> <span class='ocrx_word' id='word_1_754' title='bbox 931 2723 1096 2750; x_wconf 82' lang='lat' dir='ltr'><strong>causidicum</strong></span> <span class='ocrx_word' id='word_1_755' title='bbox 1106 2722 1188 2756; x_wconf 73' lang='lat' dir='ltr'><strong>fuisse</strong></span> <span class='ocrx_word' id='word_1_756' title='bbox 1207 2725 1232 2749; x_wconf 88' lang='lat' dir='ltr'><strong>et</strong></span> <span class='ocrx_word' id='word_1_757' title='bbox 1243 2721 1319 2748; x_wconf 75' lang='lat' dir='ltr'><strong>valde</strong></span> <span class='ocrx_word' id='word_1_758' title='bbox 1333 2721 1457 2749; x_wconf 87' lang='lat' dir='ltr'><strong>doctum:</strong></span> <span class='ocrx_word' id='word_1_759' title='bbox 1469 2722 1528 2752; x_wconf 86' lang='lat' dir='ltr'><strong>hoc,</strong></span> <span class='ocrx_word' id='word_1_760' title='bbox 1542 2724 1572 2747; x_wconf 86' lang='lat' dir='ltr'><strong>ut</strong></span> <span class='ocrx_word' id='word_1_761' title='bbox 1583 2718 1696 2746; x_wconf 77' lang='lat' dir='ltr'><strong>advertit</strong></span> <span class='ocrx_word' id='word_1_762' title='bbox 1707 2717 1763 2745; x_wconf 65' lang='lat' dir='ltr'><strong>Ro~</strong></span> 
     </span>
    </p>
   </div>
   <div class='ocr_carea' id='block_1_58' title="bbox 140 2764 1764 2809">
    <p class='ocr_par' dir='ltr' id='par_1_58' title="bbox 140 2764 1764 2809">
     <span class='ocr_line' id='line_1_58' title="bbox 140 2764 1764 2809; baseline -0.009 -5"><span class='ocrx_word' id='word_1_763' title='bbox 140 2777 264 2808; x_wconf 78' lang='lat' dir='ltr'><strong>sweidus,</strong></span> <span class='ocrx_word' id='word_1_764' title='bbox 280 2783 313 2803; x_wconf 76' lang='lat' dir='ltr'><strong>ea:</strong></span> <span class='ocrx_word' id='word_1_765' title='bbox 329 2775 413 2803; x_wconf 85' lang='lat' dir='ltr'><strong>Suida</strong></span> <span class='ocrx_word' id='word_1_766' title='bbox 430 2774 582 2809; x_wconf 67' lang='lat' dir='ltr'><strong>expiscatus</strong></span> <span class='ocrx_word' id='word_1_767' title='bbox 599 2772 643 2799; x_wconf 91' lang='lat' dir='ltr'><strong>ille</strong></span> <span class='ocrx_word' id='word_1_768' title='bbox 656 2776 706 2798; x_wconf 89' lang='lat' dir='ltr'><strong>est.</strong></span> <span class='ocrx_word' id='word_1_769' title='bbox 723 2770 764 2797; x_wconf 89' lang='lat' dir='ltr'><strong>Ad</strong></span> <span class='ocrx_word' id='word_1_770' title='bbox 787 2770 874 2805; x_wconf 85' lang='lat' dir='ltr'><strong>ipsum</strong></span> <span class='ocrx_word' id='word_1_771' title='bbox 895 2769 1024 2801; x_wconf 89' lang='lat' dir='ltr'><strong>Suidam,</strong></span> <span class='ocrx_word' id='word_1_772' title='bbox 1040 2769 1176 2797; x_wconf 81' lang='lat' dir='ltr'><strong>brevitatis</strong></span> <span class='ocrx_word' id='word_1_773' title='bbox 1193 2777 1284 2802; x_wconf 85' lang='lat' dir='ltr'><strong>causa,</strong></span> <span class='ocrx_word' id='word_1_774' title='bbox 1300 2769 1422 2797; x_wconf 82' lang='lat' dir='ltr'><strong>lectorem</strong></span> <span class='ocrx_word' id='word_1_775' title='bbox 1442 2769 1600 2796; x_wconf 83' lang='lat' dir='ltr'><strong>remittimus</strong></span> <span class='ocrx_word' id='word_1_776' title='bbox 1617 2773 1627 2792; x_wconf 69' lang='grc' dir='ltr'><strong><em>ε</em></strong></span> <span class='ocrx_word' id='word_1_777' title='bbox 1640 2765 1677 2792; x_wconf 89' lang='lat' dir='ltr'><strong>ibi</strong></span> <span class='ocrx_word' id='word_1_778' title='bbox 1692 2764 1764 2791; x_wconf 85' lang='lat' dir='ltr'><strong>enim</strong></span> 
     </span>
    </p>
   </div>
   <div class='ocr_carea' id='block_1_59' title="bbox 141 2815 1763 2858">
    <p class='ocr_par' dir='ltr' id='par_1_59' title="bbox 141 2815 1763 2858">
     <span class='ocr_line' id='line_1_59' title="bbox 141 2815 1763 2858; baseline -0.007 -9"><span class='ocrx_word' id='word_1_779' title='bbox 141 2823 260 2858; x_wconf 88' lang='lat' dir='ltr'><strong>protinus</strong></span> <span class='ocrx_word' id='word_1_780' title='bbox 276 2822 360 2857; x_wconf 76' lang='lat' dir='ltr'><strong>quivis</strong></span> <span class='ocrx_word' id='word_1_781' title='bbox 374 2821 512 2856; x_wconf 78' lang='lat' dir='ltr'><strong>perspiciet</strong></span> <span class='ocrx_word' id='word_1_782' title='bbox 525 2825 625 2848; x_wconf 84' lang='lat' dir='ltr'><strong>ananta</strong></span> <span class='ocrx_word' id='word_1_783' title='bbox 644 2820 678 2847; x_wconf 87' lang='lat' dir='ltr'><strong>sit</strong></span> <span class='ocrx_word' id='word_1_784' title='bbox 698 2820 767 2847; x_wconf 89' lang='lat' dir='ltr'><strong>inter</strong></span> <span class='ocrx_word' id='word_1_785' title='bbox 780 2819 925 2848; x_wconf 87' lang='lat' dir='ltr'><strong>Antonium</strong></span> <span class='ocrx_word' id='word_1_786' title='bbox 946 2819 1023 2845; x_wconf 89' lang='lat' dir='ltr'><strong>illum</strong></span> <span class='ocrx_word' id='word_1_787' title='bbox 1037 2823 1062 2846; x_wconf 91' lang='lat' dir='ltr'><strong>et</strong></span> <span class='ocrx_word' id='word_1_788' title='bbox 1075 2824 1194 2846; x_wconf 88' lang='lat' dir='ltr'><strong>nostrum</strong></span> <span class='ocrx_word' id='word_1_789' title='bbox 1216 2817 1405 2852; x_wconf 86' lang='lat' dir='ltr'><strong>discrepantia.</strong></span> <span class='ocrx_word' id='word_1_790' title='bbox 1430 2815 1529 2843; x_wconf 81' lang='lat' dir='ltr'><strong>Mirum</strong></span> <span class='ocrx_word' id='word_1_791' title='bbox 1544 2820 1607 2841; x_wconf 89' lang='lat' dir='ltr'><strong>sane</strong></span> <span class='ocrx_word' id='word_1_792' title='bbox 1625 2815 1763 2846; x_wconf 75' lang='lat' dir='ltr'><strong>postquam</strong></span> 
     </span>
    </p>
   </div>
   <div class='ocr_carea' id='block_1_60' title="bbox 144 2860 1763 2903">
    <p class='ocr_par' dir='ltr' id='par_1_60' title="bbox 144 2860 1763 2903">
     <span class='ocr_line' id='line_1_60' title="bbox 144 2860 1763 2903; baseline -0.007 -8"><span class='ocrx_word' id='word_1_793' title='bbox 144 2867 302 2903; x_wconf 75' lang='lat' dir='ltr'><strong>Hospittiani</strong></span> <span class='ocrx_word' id='word_1_794' title='bbox 314 2872 488 2896; x_wconf 86' lang='lat' dir='ltr'><strong>commentum</strong></span> <span class='ocrx_word' id='word_1_795' title='bbox 499 2867 628 2896; x_wconf 88' lang='lat' dir='ltr'><strong>detectum</strong></span> <span class='ocrx_word' id='word_1_796' title='bbox 638 2867 737 2902; x_wconf 78' lang='lat' dir='ltr'><strong>fuerat,</strong></span> <span class='ocrx_word' id='word_1_797' title='bbox 747 2866 778 2895; x_wconf 88' lang='lat' dir='ltr'><strong>ab</strong></span> <span class='ocrx_word' id='word_1_798' title='bbox 790 2866 911 2895; x_wconf 87' lang='lat' dir='ltr'><strong>omnibus</strong></span> <span class='ocrx_word' id='word_1_799' title='bbox 923 2870 1010 2894; x_wconf 87' lang='lat' dir='ltr'><strong>tamen</strong></span> <span class='ocrx_word' id='word_1_800' title='bbox 1025 2864 1070 2900; x_wconf 84' lang='lat' dir='ltr'><strong>qui</strong></span> <span class='ocrx_word' id='word_1_801' title='bbox 1080 2864 1152 2892; x_wconf 83' lang='lat' dir='ltr'><strong>illius</strong></span> <span class='ocrx_word' id='word_1_802' title='bbox 1165 2864 1238 2900; x_wconf 76' lang='lat' dir='ltr'><strong>fuere</strong></span> <span class='ocrx_word' id='word_1_803' title='bbox 1248 2862 1385 2892; x_wconf 78' lang='lat' dir='ltr'><strong>sententia:</strong></span> <span class='ocrx_word' id='word_1_804' title='bbox 1396 2864 1551 2898; x_wconf 83' lang='lat' dir='ltr'><strong>usurpatum</strong></span> <span class='ocrx_word' id='word_1_805' title='bbox 1560 2863 1649 2896; x_wconf 75' lang='lat' dir='ltr'><strong>postea</strong></span> <span class='ocrx_word' id='word_1_806' title='bbox 1662 2860 1763 2892; x_wconf 66' lang='lat' dir='ltr'><strong>fuisse:</strong></span> 
     </span>
    </p>
   </div>
  </div>
