1977 3039
234 147 283 175 851
541 150 569 179 S.
592 151 778 182 ATHANASH
797 153 873 183 OPP.
895 154 986 184 PARS
1003 156 1013 184 ι

1098 157 1280 188 HISTOBICA
1301 160 1345 188 ET
1365 161 1575 192 DOGMATICA.
1807 169 1859 196 852

235 214 295 258 cum
435 210 567 263 falsorum
579 211 689 238 dcorum
704 212 791 240 cultor
805 213 909 248 feratur
921 215 949 242 in
965 214 1050 243 Suida
1062 216 1203 246 Antonius.
1221 218 1283 252 Sed,
1292 220 1342 247 etsi
1354 219 1521 250 Christianus
1534 228 1611 257 esset,
1622 232 1656 252 an
1669 225 1756 253 liceret
1768 236 1858 263 quens-

235 251 273 279 uis
291 253 394 281 obvium
407 257 563 291 Antonium,
577 259 658 286 istum
675 268 730 287 esse
743 261 895 295 affirmare?

275 298 349 349 figet
370 308 435 328 sane
448 303 533 349 tricis
548 305 702 340 hujusmodi
724 312 824 343 tempus
844 313 936 343 terere,
956 315 1035 346 utque
1054 312 1125 340 brevi
1139 314 1344 348 complectamur
1355 315 1470 345 dicimus
1491 319 1575 346 multa
1590 319 1723 348 levissima
1738 330 1755 348 a
1769 321 1858 349 Rioeto

235 344 325 403 objici,
342 348 451 403 utquod
469 351 506 403 ait
520 351 552 378 de
566 361 688 388 responso
702 355 736 381 ad
747 355 915 390 philosophos
926 344 1070 384 Antonium
1082 344 1233 394 irridentes,
1242 361 1322 397 digno
1337 370 1401 390 sane
1415 344 1503 400 magni

235 392 324 440 culuns
335 394 468 431 exhibeat,
483 398 622 428 detruncat
635 401 753 435 Riuetus,
767 403 807 430 uti
819 404 912 440 cuique
926 405 1013 433 cidere
1025 405 1096 434 licet.

366 441 444 493 alfert
458 444 528 472 idem
545 446 576 493 de
591 446 686 481 pallio,
699 448 769 483 quod
790 438 921 493 Antonius
934 451 962 478 in
977 452 1102 480 extremis
1118 461 1199 488 agens
1216 454 1373 488 Athanasio,
1386 465 1403 483 a
1414 464 1465 492 quo
1481 464 1616 493 acceperat
1633 459 1715 488 dedit.
1734 460 1805 488 Nam
1828 467 1857 489 ut

234 483 416 544 ficitas,
431 496 491 544 cum
504 491 617 544 pallium
632 495 827 544 ali-Athanasio
839 484 890 525 sibi
903 497 997 544 datum
1020 508 1068 535 pro
1084 483 1165 529 Pauli
1181 510 1290 538 corpore
1310 483 1442 532 hurriando

340 532 488 587 Athanasio
498 539 644 587 restituere.
664 541 740 574 Quod
753 551 834 578 quam
852 543 930 577 futile
951 544 986 571 sit
1009 532 1038 572 ut
1057 546 1159 581 videas,
1178 532 1242 576 nota
1258 549 1403 577 Antonium
1413 532 1860 587 quindecim:

232 574 322 648 1:410
339 579 453 652 ppillium
465 584 587 612 attulisse
598 585 630 612 ab
645 574 794 614 Athanasio
808 574 859 615 sibi
873 588 977 617 datum.
996 590 1067 624 Quid
1078 574 1166 620 autem
1179 574 1248 622 uetat

232 630 249 647 a
281 631 350 652 epert

232 629 362 657 acceperit

267 668 312 722 A'it
325 675 414 725 autem
428 673 602 727 ibidem-nihil
615 676 658 727 hic
671 677 762 727 haberi
776 679 807 708 de
821 680 910 710 Paulo
925 683 1031 718 quicum
1043 683 1175 712 Antonius
1184 685 1331 714 collocutus
1338 691 1378 714 est
1388 695 1399 714 .'
1411 688 1481 723 quod
1492 698 1626 726 nunquam
1640 697 1718 727 putat
1730 693 1762 720 ab
1774 694 1858 722 Atha-

324 719 499 775 omittendum
514 723 607 774 fuisse.
626 723 679 775 Sed
690 733 749 775 cum
763 726 953 764 Hieronymus,
968 731 1014 766 qui
1025 731 1093 759 hanc
1103 737 1197 760 narrat
1208 733 1358 765 historians,
1367 719 1523 764 dicatillain
1533 719 1560 764 se
1567 719 1682 766 scribere
1687 719 1860 775 quieo—invisus

354 763 390 822 alii
403 765 552 822 Athanasio
572 776 641 799 certe
655 773 708 806 fuit
728 776 839 810 omissa,
854 760 930 813 cujus
947 760 1022 806 haud
1036 778 1116 807 dubie
1129 781 1230 815 scripta
1245 760 1558 818 legerat'liierougni'us':

230 810 296 863 fit“,
310 815 340 862 ﬁt!
361 810 462 863 dictum
481 821 532 863 est,
545 826 572 845 se
590 824 702 848 testatur
723 823 860 851 minimam
883 810 986 859 partem
1008 827 1117 854 Antonii
1128 810 1261 862 gestorum
1270 810 1407 856 narrasse.
1426 810 1502 863 Quod
1515 832 1581 859 satis
1595 833 1630 860 sit
1644 810 1687 860 ad?
1697 835 1785 862 omnia
1803 835 1859 863 alia

230 862 263 909 (ξ
275 858 380 914 οπιξωίδ
393 860 487 893 Pcw“:
500 861 654 914 “Pelle—uda
671 873 838 902 argumenta.
855 858 973 897 Eastant
984 879 1048 898 sane
1062 858 1194 906 permulta
1210 872 1265 900 alia
1276 873 1387 901 Antonii
1401 858 1482 901 viiam
1508 858 1790 914 spectantiajqut'enhi—c

231 906 302 958 nitito
316 906 450 958 leguntur,
465 918 573 946 quaeque
589 911 739 943 Bollandus
756 924 789 943 επ
803 918 885 944 variis
900 918 1012 946 collecta
1024 919 1208 954 scriptoribus,
1220 920 1255 948 ad
1267 920 1365 948 calcem
1375 920 1443 949 Vitae
1458 906 1570 950 Antonii
1585 906 1720 958 appoiuit.

267 954 344 987 Quod
358 964 496 991 corporeae
508 959 591 994 faciat
607 960 739 989 damones
754 962 897 997 Antonius,
912 968 942 991 ut
958 963 1014 991 uult
1032 964 1151 999 Riuettts,
1166 966 1274 993 minime
1285 971 1388 994 constat
1402 975 1411 995 :
1428 968 1468 994 ait
1482 967 1567 995 solum
1582 954 1627 996 ille
1640 969 1773 998 dwmones
1792 970 1858 998 levi-

230 1004 278 1031 bus
290 1005 330 1031 uti
346 1007 510 1041 corporibus.
531 1007 646 1036 Etiamsi
658 1017 795 1044 corporeos
813 1010 923 1044 faceret,
935 1011 999 1047 quid
1014 1011 1076 1039 hinc
1089 1012 1253 1048 colligatur?
1262 1013 1340 1040 multi
1351 1022 1463 1050 namque
1478 1013 1573 1041 Patres
1588 1019 1648 1041 ante
1657 1015 1794 1049 definitam
1803 1024 1859 1043 reos

228 1058 268 1089 ita
282 1054 426 1082 tradidere.
443 1055 478 1082 Et
493 1055 594 1092 alioqui
607 1065 643 1084 an
656 1057 680 1084 si
695 1065 747 1093 qua
761 1057 788 1085 in
802 1056 931 1086 Patribus
945 1058 977 1087 de
991 1059 1114 1088 doctrina
1124 1060 1265 1096 difficultas
1276 1067 1408 1097 occurrat,
1419 1063 1512 1090 statim
1521 1062 1627 1095 νοϐιιας
1639 1064 1775 1099 suspicio!
1787 1064 1858 1097 Quot

228 1106 333 1129 exstant
350 1103 437 1131 talia?

266 1146 315 1173 Res
326 1156 378 1175 non
391 1155 430 1176 est
445 1149 559 1185 diﬁcilis
571 1158 705 1178 remanere
720 1151 748 1178 in
762 1155 836 1178 statu
849 1151 1006 1180 innocentia:
1019 1160 1073 1188 qua
1088 1153 1188 1180 conditi
1200 1162 1302 1188 sumus,
1319 1159 1349 1182 ut
1362 1155 1400 1183 ait
1413 1156 1554 1191 Antonius,
1571 1160 1635 1187 dum
1653 1160 1724 1187 adsit
1735 1161 1783 1188 Dei
1797 1169 1861 1196 gron

229 1192 278 1226 tia,
293 1201 372 1228 quam
385 1203 521 1230 perperam
540 1195 644 1222 Rioetus
662 1195 718 1222 vult
732 1195 837 1224 excludi
853 1195 886 1223 ab
902 1197 1016 1224 Antonio
1027 1204 1037 1224 :
1050 1205 1111 1224 cum
1131 1206 1163 1225 ne
1176 1198 1282 1226 uerbum
1297 1200 1402 1235 quidem
1418 1201 1547 1235 ejusmodi
1565 1213 1676 1240 usquam
1691 1207 1720 1233 in
1732 1206 1780 1233 hoc
1791 1192 1858 1235 libra

227 1247 390 1277 compareat.
416 1243 541 1276 Quinimo
564 1251 634 1278 stepe
655 1251 686 1270 ac
704 1243 880 1278 liquidissime
908 1244 997 1271 innuit
1016 1244 1161 1278 Antonius,
1183 1246 1272 1274 omnia
1292 1247 1368 1274 nobis
1385 1247 1464 1282 bona,
1483 1249 1632 1279 daemonum
1649 1252 1764 1287 lapsum,
1776 1254 1858 1280 uicto-

228 1291 299 1317 riam
311 1291 342 1318 de
359 1292 549 1318 tentationibus
564 1295 727 1326 reportatum
738 1299 752 1318 e
765 1290 878 1319 Domino
891 1292 1038 1326 provenire.
1521 1326 1525 1330 _

254 1337 375 1364 'Demum
391 1339 428 1364 ait
443 1337 549 1365 Rivetus
562 1345 572 1365 :
590 1337 677 1366 Verus
689 1339 868 1372 Athanasius,
884 1339 910 1366 in
925 1339 1048 1375 Epistola
1063 1340 1099 1367 ad
1112 1340 1260 1373 solitarios,
1277 1347 1383 1375 narrat,
1401 1342 1484 1371 Blacii
1503 1344 1593 1373 femur
1610 1346 1807 1380 proﬁciscentis
1823 1348 1858 1376 ad

226 1385 343 1420 primam
365 1387 547 1420 mansionem,
558 1394 660 1422 equum
672 1386 717 1414 cui
732 1387 867 1415 insidebat
884 1387 1039 1416 cervicibus
1056 1388 1176 1421 retortis,
1194 1388 1231 1416 ita
1245 1389 1437 1424 momordisse,
1458 1395 1540 1426 atque
1555 1399 1589 1419 ex
1606 1391 1690 1421 dorso
1711 1401 1858 1422 excussum

226 1431 303 1458 humi
315 1431 444 1464 aﬂixisse.
454 1437 484 1460 ut
497 1433 568 1461 intra
583 1435 703 1462 triduum
718 1434 874 1470 proximum
888 1435 1010 1471 perierit.
1024 1435 1128 1463 Auctor
1143 1443 1208 1464 vero
1223 1435 1289 1464 Viue
1299 1436 1407 1464 Antonii
1420 1445 1521 1473 equum
1535 1446 1591 1472 quo
1604 1438 1746 1468 Nestorius
1757 1449 1859 1476 praeses

226 1475 377 1504 vehebatur
393 1484 487 1505 morsu
505 1479 646 1513 repentino
660 1479 779 1508 Biacium
795 1480 952 1508 decussisse
966 1479 993 1507 in
1010 1485 1122 1514 terram,
1134 1488 1166 1509 ac
1178 1481 1218 1509 sic
1233 1481 1260 1509 in
1276 1489 1340 1509 eum
1356 1482 1507 1510 inhiantem
1524 1483 1627 1513 femora
1644 1484 1705 1520 ejus
1722 1475 1857 1514 lacerasse

225 1525 254 1549 et
270 1523 432 1556 corrosisse,
447 1525 582 1552 utstatim
602 1526 705 1554 relatus
719 1527 746 1554 in
766 1527 903 1555 civitatem
920 1532 982 1562 post
1002 1527 1125 1555 triduum
1141 1533 1266 1557 mortuus
1286 1530 1331 1557 sit.
1350 1528 1413 1558 Hac
1435 1530 1552 1558 varietas
1564 1538 1658 1558 verum
1677 1531 1859 1560 Athanasium

225 1576 242 1595 ο
256 1569 351 1598 Iictitio
369 1570 508 1599 evidenter
531 1572 684 1609 distinguit.
698 1574 764 1602 Leve
776 1575 865 1608 illud;
878 1583 940 1603 nam
955 1576 1042 1611 primo
1056 1585 1137 1612 equus
1152 1577 1198 1612 qui
1218 1577 1360 1604 Balacium
1381 1578 1449 1606 male
1467 1579 1577 1613 accepit,
1593 1579 1731 1614 utrobique
1753 1579 1860 1607 Balacii

224 1615 336 1647 dicitur,
351 1616 453 1643 scilicet
469 1625 551 1652 supra
565 1627 625 1654 pag.
640 1619 694 1647 278
712 1624 738 1647 et
752 1621 825 1656 infra
837 1621 866 1648 in
878 1621 926 1648 hac
941 1629 1004 1656 oper

1078 1623 1172 1657 zperius
1191 1627 1279 1650 autem
1291 1623 1399 1659 legitur,
1413 1624 1592 1660 ἐπιστραφεὶς
1608 1626 1622 1652 ὁ
1635 1626 1729 1658 ἵππος,
1745 1633 1858 1653 conver-

227 1669 277 1689 sus
294 1670 392 1697 equus,
412 1663 475 1698 quin
489 1664 608 1696 dicatur,
627 1664 741 1698 fueritne
756 1665 803 1692 ille
816 1673 898 1700 equus
912 1673 964 1700 quo
977 1665 1111 1694 insidebat
1132 1666 1260 1694 Balacius
1270 1687 1277 1700 ,
1294 1676 1328 1695 an
1345 1668 1416 1696 alius
1429 1670 1474 1705 qui
1488 1671 1550 1697 item
1564 1679 1627 1698 suus
1638 1675 1716 1699 esset.
1735 1671 1769 1698 Ut
1781 1671 1860 1698 detur

227 1713 315 1736 tamen
329 1718 384 1738 esse
398 1712 515 1746 aliquam
524 1711 742 1746 discrepantiam,
754 1713 855 1747 quoties
869 1713 900 1747 ﬁt
915 1717 944 1740 ut
963 1712 1089 1741 historias
1103 1722 1168 1749 quas
1178 1714 1279 1742 dudum
1297 1716 1475 1749 narrauimus,
1487 1719 1639 1744 accuratius
1654 1722 1743 1752 postea
1755 1717 1858 1744 edisca-

227 1763 297 1782 mus.
312 1754 342 1783 Si
354 1756 403 1783 hoc
417 1763 601 1793 argumentum
611 1759 741 1794 aliquanti
756 1759 835 1794 pretii
849 1763 927 1792 esset,
944 1758 1093 1794 Epistolam
1105 1760 1138 1787 ad
1155 1761 1306 1789 monachos
1322 1763 1409 1796 potius
1429 1767 1525 1797 peteret
1539 1770 1619 1798 quam
1632 1762 1721 1790 Vitam
1733 1762 1858 1791 Antonii.

227 1801 302 1830 Nam
316 1804 494 1832 certissimum
506 1805 569 1833 licet
583 1807 622 1833 ‘sit
641 1806 755 1841 priorem
765 1807 907 1834 Athanasii
925 1815 992 1841 esse,
1006 1815 1171 1843 nequaquam
1194 1808 1243 1836 illa
1259 1813 1297 1836 tot
1314 1814 1428 1837 veterum
1447 1810 1616 1844 testimoniis,
1636 1815 1676 1837 tot
1696 1812 1859 1846 argumentis

227 1852 333 1879 nititur.
353 1852 409 1880 Nec
422 1853 528 1888 defuere
549 1855 598 1881 viri
617 1853 741 1881 doctrina
761 1854 907 1888 conspicui,
923 1854 969 1890 qui
991 1855 1112 1890 putarint
1135 1863 1187 1882 non
1202 1856 1235 1884 ab
1250 1856 1307 1891 ipso
1326 1857 1484 1890 Athanasio,
1499 1860 1544 1886 sed
1558 1859 1615 1893 ejus
1626 1859 1706 1894 jussu
1721 1859 1753 1886 ab
1768 1859 1860 1894 aliqua

226 1900 354 1934 scriptam
370 1900 447 1927 illam
462 1901 544 1936 fuisse
555 1908 565 1927 :
580 1901 644 1936 quia
665 1901 767 1928 scilicet
790 1909 923 1937 nunquam
937 1906 1033 1937 putant
1049 1903 1077 1930 in
1098 1902 1185 1937 prima
1200 1912 1314 1938 persona
1329 1905 1462 1940 singulari
1481 1905 1596 1933 locutum
1614 1906 1651 1933 ibi
1669 1906 1858 1939 Athanasium,

225 1945 297 1981 quod
312 1951 400 1974 tamen
413 1948 500 1984 minus
517 1956 606 1976 verum
618 1953 668 1976 est.
682 1947 753 1975 Nam
769 1948 909 1984 aliquoties
927 1950 956 1976 in
966 1958 1077 1984 persona
1089 1950 1232 1978 Athanasii
1246 1952 1364 1986 loquitur
1378 1953 1486 1981 ibidem.
1505 1952 1561 1980 Nec
1576 1953 1715 1981 minimum
1733 1953 1807 1981 dubii
1818 1957 1858 1981 est

226 2002 285 2021 esse
301 1995 386 2030 ipsius
398 1995 551 2029 Athanasii,
564 1996 608 2032 qui
630 1996 711 2023 etiam
729 2004 757 2023 se
773 2000 886 2023 testatur
903 1997 931 2024 in
944 1996 1064 2032 Epistula
1084 1998 1118 2025 ad
1134 1998 1321 2034 Serapionem,
1333 1999 1464 2035 ejusmodi
1478 1999 1580 2032 litters
1596 1999 1631 2026 ad
1650 1999 1790 2027 monachos
1807 1999 1859 2027 mi-

225 2048 303 2069 ⁸1³88.

268 2096 296 2125 ν.
313 2097 437 2134 Scriptor
448 2107 573 2135 nuperus.
585 2098 765 2134 superioribus
778 2099 864 2126 denuo
877 2099 969 2127 allatis
984 2101 1160 2136 argumentis,
1178 2109 1274 2129 nouum
1287 2102 1335 2129 hoc
1350 2102 1460 2138 profert,
1473 2102 1608 2131 Socratem
1620 2103 1720 2131 scilicet
1734 2108 1759 2131 et
1774 2102 1857 2131 Soza-

227 2153 333 2172 menum
347 2146 444 2179 dicere,
456 2147 525 2182 quod
545 2147 659 2175 historia
673 2148 776 2182 feratur
796 2148 828 2175 de
843 2147 971 2176 Ammone
985 2149 1014 2175 in
1028 2148 1123 2176 celum
1134 2149 1216 2182 elato,
1230 2150 1294 2185 quin
1308 2156 1451 2178 memorent
1463 2160 1522 2179 eam
1534 2152 1567 2179 ab
1581 2152 1727 2180 Athanasio
1739 2154 1856 2188 narrari,

227 2193 297 2220 unde
313 2195 432 2229 sequitur
446 2195 514 2222 hanc
525 2196 637 2223 Antonii
656 2195 744 2223 Vitam
756 2196 784 2223 in
797 2204 850 2231 qua
863 2201 992 2224 narratur
1007 2197 1062 2224 hac
1075 2197 1200 2232 historia,
1210 2207 1269 2225 eam
1282 2207 1334 2226 non
1344 2207 1400 2227 esse
1415 2208 1474 2235 quae
1489 2199 1521 2226 ab
1539 2199 1685 2226 Athanasio
1699 2200 1796 2234 scripta
1806 2205 1855 2227 est.

229 2239 294 2266 llwc
307 2248 386 2274 quam
400 2246 586 2276 consequenter
595 2242 718 2277 judicent
732 2242 842 2276 eruditi,
859 2243 904 2270 sed
916 2243 1059 2270 oscitanter
1071 2244 1215 2271 admodum
1229 2245 1344 2280 scriptor
1355 2245 1405 2273 iste
1417 2246 1465 2279 ait,
1480 2253 1531 2273 non
1544 2245 1630 2272 dicere
1647 2245 1784 2273 Socratem
1798 2254 1858 2273 eam

226 2287 314 2322 ipsam
339 2288 429 2316 haberi
454 2289 525 2323 apud
547 2289 735 2317 Athanasium.
755 2288 825 2316 Nam
839 2294 898 2324 post
916 2290 1030 2318 allatam
1050 2298 1109 2317 eam
1126 2290 1267 2318 historiam
1286 2292 1325 2319 ait
1340 2299 1350 2318 :
1364 2292 1599 2325 Quemadmodum
1622 2291 1650 2318 in
1674 2291 1734 2318 Vita
1748 2291 1860 2319 Antonii

227 2333 259 2360 S.
276 2333 440 2361 Athanasius
453 2333 675 2369 archiepiscopus
685 2334 895 2368 Alexandrinus,
909 2339 975 2367 etc.;
987 2335 1071 2371 630
1081 2340 1141 2363 ante
1152 2335 1291 2364 Socratem
1303 2345 1363 2364 vero
1375 2337 1519 2365 Palladius
1533 2337 1649 2373 idipsum
1661 2345 1695 2364 es:
1708 2337 1859 2365 Athanasio

228 2382 318 2415 refert.
338 2381 480 2418 Utriusque
495 2382 582 2410 locum
598 2383 657 2410 vide
671 2391 764 2418 supra.

269 2442 309 2471 Vl.
327 2443 417 2471 Restat
429 2448 458 2471 ut
471 2452 552 2471 unum
566 2444 678 2472 levemus
689 2444 863 2479 quorumdam
879 2444 1042 2480 scrupulum,
1055 2445 1102 2480 qui
1118 2453 1187 2480 agre
1202 2451 1240 2472 tot
1259 2446 1332 2479 visis,
1346 2450 1384 2473 tot
1397 2446 1536 2482 prodigiis,
1552 2450 1590 2473 tot
1603 2446 1752 2473 dwmontsm
1769 2445 1856 2480 phan-

227 2491 306 2518 tasiis
320 2496 345 2518 et
363 2492 500 2526 portentis,
518 2495 582 2526 quot
599 2491 626 2517 in
640 2491 689 2517 hac
709 2490 770 2518 Vita
780 2491 913 2526 leguntur,
929 2491 1024 2518 [tabent
1041 2491 1130 2526 ﬁdem.
1147 2491 1199 2519 Sed
1214 2493 1263 2519 hac
1278 2492 1304 2519 in
1324 2500 1352 2519 re
1369 2493 1422 2519 tria
1439 2501 1499 2519 cum
1510 2493 1603 2527 primis
1619 2492 1759 2527 cogitanda
1771 2496 1856 2519 sunt:

228 2539 256 2564 t'
269 2537 403 2573 Quidquid
417 2539 452 2566 sit
465 2540 497 2565 de
508 2538 570 2565 visis
586 2537 642 2564 illis
656 2542 681 2564 et
696 2537 843 2564 daemonum
858 2538 1020 2572 phantasiis,
1038 2546 1073 2564 an
1095 2546 1156 2565 uera
1174 2538 1275 2566 scilicet
1295 2538 1360 2572 sint,
1380 2546 1479 2571 necne;
1492 2546 1525 2566 ea:
1546 2538 1737 2573 Chrysostomi,
1753 2537 1854 2573 Rufini,

228 2584 372 2618 Augustini
388 2589 413 2612 et
431 2583 551 2612 Socratis
574 2583 732 2611 testimoniis
748 2583 870 2618 superius
892 2582 996 2616 allatis,
1010 2588 1173 2618 compertum
1196 2589 1245 2618 est,
1261 2592 1301 2611 res
1313 2584 1443 2618 ejusmodi
1462 2583 1560 2611 multas
1577 2585 1605 2610 in
1619 2583 1679 2611 Vita
1692 2583 1804 2611 Antonii
1821 2583 1858 2609 ab

228 2631 379 2657 Athanasio
395 2631 496 2665 scripta
509 2630 594 2665 fuisse
608 2631 762 2665 recensitas,
773 2639 853 2666 quare
872 2630 971 2658 nullius
988 2631 1015 2657 id
1029 2631 1154 2658 momenti
1167 2635 1204 2658 est
1217 2631 1251 2657 ad
1268 2639 1326 2658 eam
1345 2631 1492 2658 Athanasio
1510 2630 1727 2666 abjudicandam.
1741 2630 1770 2657 2ο
1783 2629 1855 2658 Licet

230 2683 282 2702 non
293 2679 386 2702 temere
401 2676 494 2711 cuique
506 2676 562 2702 visa
573 2681 598 2703 et
612 2675 762 2703 dientonum
776 2680 879 2709 spectra
895 2674 1010 2709 loquenti
1024 2674 1180 2702 credendum
1199 2675 1244 2707 sit,
1257 2683 1317 2701 cum
1334 2675 1450 2702 maxime
1463 2675 1541 2703 multi
1555 2676 1653 2711 fabulis
1666 2676 1798 2710 ejusmodi
1813 2683 1853 2702 re-

228 2723 365 2750 censendis
378 2726 521 2759 gaudeant,
532 2724 700 2751 temerarium
710 2731 818 2758 prorsus
831 2722 898 2757 foret
910 2721 966 2749 sine
976 2721 1078 2749 delectu
1089 2724 1178 2750 omnia
1190 2723 1340 2758 exploderc,
1351 2731 1409 2750 cum
1422 2723 1588 2758 potissimum
1598 2723 1727 2759 ejusmodi
1738 2723 1856 2758 plurima

229 2773 258 2798 in
273 2770 417 2807 Evangelia
430 2772 558 2808 legamus,
570 2773 717 2799 daemonum
729 2771 829 2798 scilicet
842 2770 955 2806 legiones
970 2769 1077 2797 unicum
1092 2769 1237 2805 aliquando
1249 2770 1391 2803 hominem,
1406 2770 1550 2806 aliquando
1564 2779 1703 2806 porcorum
1715 2770 1776 2796 bina
1796 2771 1850 2797 mil-

230 2819 270 2845 lia
284 2818 445 2853 invadentes,
455 2819 640 2854 diabolumque
653 2819 786 2846 videamus
797 2819 831 2845 ad
839 2818 931 2845 Iesum
939 2817 1103 2845 accedentem
1118 2817 1205 2852 forma
1219 2817 1259 2853 (ut
1272 2822 1366 2852 putant
1379 2817 1433 2852 fere
1447 2817 1547 2853 omnes)
1559 2818 1675 2844 humana
1691 2824 1700 2844 :
1714 2825 1773 2844 cum
1785 2824 1854 2851 prc-

230 2864 361 2896 nuntiarit
382 2865 444 2892 item
460 2864 587 2893 Dominus
602 2865 657 2899 fore
678 2869 706 2891 ut
729 2865 774 2900 qui
785 2863 917 2892 crederent
935 2863 962 2890 in
986 2871 1056 2896 eunt,
1073 2863 1100 2890 in
1116 2864 1219 2891 nomine
1231 2864 1288 2897 eius
1301 2863 1432 2891 damonia
1456 2863 1589 2899 ejicerent,
1603 2863 1708 2898 aliaque
1721 2862 1853 2898 prodigia,
