1977 3039
116 114 169 145 885

785 118 866 146 V‘ITA
887 119 916 147 S.
933 118 1082 147 ANTONII.

1680 117 1732 146 886

117 183 181 207 στος
195 174 272 210 ὑμῶν
284 174 446 210 λογιζέσθω,
463 175 518 203 και
528 176 638 204 δύναται
658 178 836 212 καταφρονεῖν
849 177 903 205 τῶν

960 177 990 204 rit
1004 176 1141 203 damoncs
1155 179 1340 203 contemnere.
1369 174 1447 208 Quod
1463 175 1486 203 si
1503 174 1598 203 iisdem
1616 174 1655 202 illi
1671 183 1733 203 cor-
1763 182 1766 192 ‘

117 221 261 257 δαιμόνων.
290 221 321 248 Et
339 222 388 257 μὲν
401 218 447 248 οὖν
463 221 594 254 τοιούτοις
609 223 730 258 σώματιν
746 221 814 258 ἦσαν
831 224 902 250 ἐνδε-

117 267 220 300 θέντες,
231 266 324 303 ὥσπερ
335 268 415 302 ἐσμὲν
426 268 515 303 ἡμεῖς,
531 268 641 295 δυνατὸν
654 267 687 304 ἦν
701 270 791 299 αὐτοῖς
802 269 900 303 λέγειν,

117 314 159 341 δτι
175 314 384 349 Κρυπτομένους
404 314 453 349 μὲν
466 314 529 346 τοὺς
546 314 704 350 ἀνθρώπους
719 315 767 350 οὐχ
783 315 904 352 εὑρίςκο-

120 368 181 394 μιν,
195 359 318 395 εὑρόντες
328 359 532 395 δὲ·βλὰπτομεν.
550 360 718 396 Ὴδυνάμεθα
729 361 756 387 δὲ
769 361 815 388 καὶ
825 354 903 396 ἡμεῖς

119 406 300 441 κρυπτόμενοι
314 405 454 433 λανθάνειν
469 407 577 440 αὐτοὺς,
593 407 727 439 κλείοντες
739 408 798 434 κατ’
815 408 903 434 αὐτῶν

119 451 213 487 θύρας.
228 451 259 477 Εἰ
272 451 299 477 δὲ
312 452 362 478 οὐκ
372 452 440 478 εἰσιν
452 451 548 484 οὕτως,
563 453 630 479 ἀλλὰ
639 453 837 488 κεκλεισμένων
850 454 903 480 τῶν

118 495 208 531 θυρῶν
221 495 350 522 εἰσελθεῖν
365 495 501 527 δύνανται,
521 497 567 523 καὶ
579 498 607 524 ὲν
624 497 661 532 τῷ
674 499 753 524 παντὶ
765 498 823 533 ἀέρι
840 506 905 532 τυγ-

119 540 244 575 χάνουσιν
259 540 333 567 αὐτοί
347 549 376 567 τε
390 540 435 567 καὶ
449 541 463 567 ὁ
475 541 575 567 τούτων
590 542 694 578 πρῶτος
703 542 822 573 διάϐολος
834 551 839 557 η
852 543 905 569 εἱσι

119 586 147 612 δὲ
161 586 316 618 κακοθελεῖς
332 587 378 613 καὶ
394 587 462 622 πρὸς
477 587 507 614 τὸ
526 587 653 622 βλάπτειν
667 588 779 623 ἕτοιμοι,
796 590 852 617 καὶ.
867 589 904 620 ὡς

120 629 196 660 εἶπεν
211 633 225 659 ό
244 632 349 668 Σωτὴρ,
368 633 397 665 ἐξ
410 633 495 668 ἀρχῆς
505 633 724 669 ἀνθρωποκτόνος
735 635 807 661 ἐστὶν
822 636 835 660 ὁ
854 635 904 670 τῆς

120 677 218 709 κακίας
228 677 318 714 πατὴρ
332 678 467 711 διάϐολος·
482 678 572 714 ζῶμεν
586 679 613 705 δὲ
625 679 671 705 νῦν
683 681 763 715 ἡμεῖς
778 682 824 707 καὶ
838 680 905 715 μᾶλα

120 723 166 749 λον
180 723 238 749 κατ’
256 722 338 750 αὐτοῦ
356 723 565 759 πολιτευόμεθα·
584 724 657 759 δῆλοί
671 725 725 751 εἰσι
745 725 799 760 (89)
824 725 904 760 μηδὲν

122 769 267 804 ἰσχύοντες.
284 769 352 796 Οὔτε
367 770 421 806 γὰρ
434 770 515 802 τύπος
527 771 623 802 αὐτοὺς
635 772 674 803 είς
684 772 713 798 τὸ
723 771 905 798 ἐπιϐουλεύειν

121 815 219 842 κωλύει
232 834 240 848 ,
254 815 316 842 οὗτε
331 815 423 850 φίλους
435 816 509 850 ἡμᾶς
526 815 624 850 ὁρῶσιν
642 816 745 842 ἑαυτῶν
757 836 764 847 ,
784 816 828 842 ἵνα
846 816 904 851 φεί-

121 869 231 892 σωνται,
240 861 300 888 οὔτε
313 862 454 896 φιλάγαθοι
467 863 544 894 εἰσιν,
558 862 600 888 ἵνα
610 862 808 895 διορθώσωνται
819 872 824 878 ·
838 863 906 890 ἀλλά

123 907 168 933 καὶ
184 907 284 942 μᾶλλόν
297 907 350 933 εἱσι
363 907 474 943 πονηροί
486 915 492 921 ·
507 907 552 933 καὶ
569 907 644 934 οὐδὲν
657 907 747 940 αὐτοῖς
758 908 815 934 ἐστι
830 917 906 944 περι-

123 951 287 979 σπούδαστον
296 952 349 985 (90)
357 952 427 984 ὡςτὸ
434 952 560 987 βλάπτειν
567 953 627 979 τοὺς
634 953 792 988 φιλαρέτους
799 953 908 980 2:110:0-

121 997 275 1029 σεΰοῦντας.
290 999 339 1024 Διὰ
351 998 380 1024 δὲ
395 998 425 1024 τὺ
443 998 525 1033 μηδὲν
539 997 665 1025 δύνασθαι
677 1001 772 1031 ποιεῖν,
787 999 830 1026 διὰ
846 1000 907 1026 τοῦ-

121 1052 151 1070 το
169 1043 244 1070 οὐδὲν
261 1043 381 1070 ποιοῦσιν
392 1063 399 1075 ,
419 1043 435 1078 ἢ
457 1043 534 1079 μόνον
550 1044 721 1072 ἀπειλοῦσιν·
736 1046 760 1071 εί
772 1046 825 1080 γὰρ
842 1045 906 1079 ἡδύ-

121 1102 210 1125 ναντο,
225 1095 274 1121 οὐκ
287 1094 319 1120 ἂν
332 1093 453 1129 ἔμελλον,
466 1093 521 1120 ἀλλ’
537 1093 616 1124 εὐθὺς
630 1093 760 1127 ἐνήργουν
772 1091 802 1117 τὸ
813 1091 905 1124 κακὸν,

121 1139 234 1174 ἑτοίμην
253 1139 359 1174 ἔχοντες
371 1140 410 1170 είς
428 1138 506 1165 τοῦτο
522 1138 570 1174 τὴν
585 1138 753 1174 προαίρεσιν,
770 1137 817 1164 καὶ
832 1137 909 1172 μάλι-

123 1193 174 1211 στα
190 1185 250 1211 καθ’
265 1184 352 1220 ἡμῶν.
377 1185 442 1211 Ἰδοὺ
459 1184 523 1219 γοῦν
536 1185 583 1211 νῦν
598 1184 767 1215 συνελθόντες
783 1183 843 1210 κατ’
860 1183 908 1209 αὑ-

122 1231 177 1257 τῶν
192 1230 336 1266 λαλοῦμεν,
354 1232 400 1257 καὶ
414 1231 512 1264 ἴσασιν,
531 1231 581 1263 ὅτι,
598 1230 804 1266 προκοπτόντων
817 1231 833 1264 ἡ
839 1229 906 1264 μῶν,

123 1275 281 1303 ἀσθενοῦσιν
298 1276 384 1302 αὐτοί.
410 1277 442 1303 Εἰ
457 1276 546 1303 τοίνυν
562 1274 632 1311 εἶχον
652 1275 774 1308 ἐξουσίαν
785 1296 793 1308 ,
815 1275 909 1302 οὐδένα

124 1321 159 1348 ἂν
182 1321 260 1357 ἡμῶν
283 1322 336 1348 τῶν
354 1322 523 1358 Χριστιανῶν
543 1322 652 1356 ἀφῆκαν
675 1321 741 1357 ζῇν·
772 1320 908 1356 βδέλυγμα

125 1367 180 1404 γὰρ
196 1368 347 1404 ἁμαρτωλῷ
362 1368 508 1395 θεοσὲὃεια.
542 1367 648 1403 Ἐπειδὴ
672 1368 699 1394 δὲ
720 1368 795 1394 οὐδὲν
816 1367 909 1394 δύναν-

123 1421 170 1439 ται
185 1412 257 1448 (91),
284 1413 328 1440 διὰ
349 1413 427 1440 τοῦτο
445 1414 544 1449 μᾶλλον
570 1414 680 1444 ἑαυτοὺς
694 1412 888 1448 τιτρώσκουσιν
900 1420 908 1428 ο

123 1459 165 1485 ὃτι
184 1459 266 1494 μηδὲν
284 1459 410 1486 δύνανται
433 1461 517 1486 ποιεῖν
537 1456 575 1486 ὦν
595 1459 760 1486 ἀπειλοῦσιν.
795 1459 909 1486 Ἔπειτα

123 1504 234 1530 κάκεῖνο
249 1503 402 1538 λογίζεσθαι
423 1505 474 1539 χρὴ
484 1525 491 1536 ,
516 1504 583 1540 πρὸς
597 1504 627 1530 τὸ
641 1504 677 1539 μὴ
695 1504 834 1538 φοσεῖσθαι
848 1503 909 1530 τού-

123 1558 201 1581 τους·
217 1550 241 1576 εῐ
257 1549 287 1576 τὸ
302 1549 410 1576 δυνατὸν
424 1550 546 1586 ὑπῆρχεν
557 1550 647 1581 αὐτοῖς
657 1569 664 1580 ,
682 1550 733 1576 οὐκ
747 1549 778 1576 ἂν
793 1550 909 1585 ἤρχοντο

126 1597 185 1630 μετ’
202 1595 289 1631 δχλου,
302 1596 362 1623 οὐδὲ
379 1596 528 1630 φαντασίας
542 1596 665 1627 ἐποίουν,
689 1595 750 1621 οὐδὲ
771 1603 909 1630 μετασχη-

126 1641 299 1678 ματιζόμενοι
314 1642 472 1677 ὲμεθὸδευον
485 1652 490 1657 ·
506 1642 563 1668 ἀλλ’
574 1642 654 1677 ἢρκει
669 1641 715 1668 καὶ
730 1641 808 1676 μόνον
824 1641 910 1668 ἐλθεῖν

125 1687 189 1719 ινα,
207 1689 253 1715 καὶ
267 1688 378 1723 ποιῆσαι
398 1688 476 1715 τοῦτο
490 1688 557 1722 ὅπερ
576 1687 684 1713 δύναται
705 1687 751 1713 καὶ
770 1686 908 1721 βούλεται⁶

127 1735 173 1761 καὶ
187 1735 303 1769 μάλιστα
319 1736 359 1762 ὅτι
382 1736 436 1767 πᾶς
457 1736 472 1762 ὁ
493 1735 541 1770 τὴν
563 1734 685 1768 ἐξουσίαν
707 1733 776 1769 ἔχων
796 1733 826 1760 οὐ
843 1731 911 1768 μετὰ

126 1780 278 1815 φαντασίας
289 1781 403 1816 ἀναιρεῖ,
418 1780 478 1807 οὐδὲ
492 1782 548 1812 τοῖς
559 1780 646 1816 ὄχλοις
662 1779 782 1814 ἐκφοϐεῖ,
797 1778 853 1805 ἀλλ’
869 1778 913 1805 εὐ-

126 1826 175 1859 eo;
190 1827 228 1859 ὠς
243 1827 365 1863 βούλεται
383 1826 439 1862 (92)
459 1828 492 1863 τῇ
510 1825 618 1862 ἐξουσίᾳ
635 1827 814 1862 καταχρᾶται.
843 1824 913 1851 Ἀλλ’

952 222 1065 258 poribus
1081 221 1177 257 illigati
1198 225 1289 249 essent
1312 221 1412 256 quibus
1435 229 1486 249 nos
1510 229 1622 255 sumus,
1645 220 1736 250 dicere

952 276 1017 296 sane
1034 271 1145 303 possent
1170 277 1177 295 :
1200 267 1327 295 Latentes
1346 267 1469 295 homines
1490 274 1545 294 non
1564 267 1735 299 invenimus,

952 323 1021 350 quos
1043 315 1066 342 si
1085 314 1271 342 inveniremus
1285 313 1445 341 laederemus
1464 313 1570 348 utique.
1590 313 1738 341 Possemus

953 361 1016 388 item
1042 368 1092 388 nos
1114 360 1298 392 occultantes,
1315 359 1432 388 occlusis
1452 359 1545 394 januis
1567 359 1651 387 latere
1673 359 1736 387 illis.

955 406 1007 434 Sed
1024 414 1085 434 cum
1107 414 1186 434 secus
1201 414 1230 434 se
1245 413 1289 433 res
1307 405 1419 437 habeat,
1444 412 1507 432 nam
1532 405 1633 433 clausis
1655 405 1738 433 etiam

952 451 1044 485 januis
1067 452 1170 487 ingredi
1194 456 1325 486 possunt,
1348 452 1374 478 in
1389 455 1499 485 totoque
1520 459 1582 478 aere
1595 455 1739 479 versantur

954 503 1008 525 tam
1026 498 1064 525 illi
1087 505 1168 532 quam
1196 498 1323 532 princeps
1343 505 1439 524 eorum
1462 497 1605 530 diabolus,
1623 503 1740 532 suntque

954 543 992 570 illi
1008 543 1042 570 ad
1058 543 1159 570 malum
1177 543 1362 578 damnumque
1385 542 1556 570 inferendum
1575 543 1679 577 parati,
1696 548 1739 575 et,

955 593 985 615 ut
1004 588 1042 615 ait
1063 587 1227 622 Salvator",
1249 589 1284 616 ab
1304 588 1382 615 initio
1408 588 1546 615 homicida
1571 593 1612 616 est
1631 588 1742 616 malitias

954 637 1031 668 pater
1042 634 1165 662 diabolus
1175 654 1183 666 ,
1197 642 1301 669 nosque
1313 635 1369 669 jam
1383 634 1511 667 vivimus,
1525 634 1580 661 imo
1596 635 1741 662 adversum

938 678 1016 706 'illos
1037 679 1119 706 vitam
1142 679 1312 707 instituimus
1338 684 1476 712 nostram;
1499 679 1586 714 palam
1615 685 1658 707 est
1680 679 1742 708 illos

955 726 1021 753 nihil
1045 726 1143 753 virium
1167 727 1277 754 habere.
1300 725 1359 753 Non
1377 726 1448 753 enim
1463 726 1540 754 locus
1560 735 1654 754 eortlm
1676 727 1744 754 insi-

955 771 1008 799 diis
1029 771 1118 799 obstat
1143 779 1150 798 :
1177 779 1266 806 neque
1285 779 1335 799 nos
1360 771 1412 798 sibi
1438 772 1541 799 amicos
1558 776 1688 804 cernunt,
1713 776 1743 799 ut

955 822 1069 852 parcant
1086 817 1177 850 nobis,
1192 825 1242 845 nec
1259 817 1330 852 inqui
1345 817 1466 852 bonique
1481 822 1607 845 amantes
1620 821 1694 849 sunt,
1713 823 1745 845 ut

958 864 1112 899 corrigunt;
1137 863 1193 890 imo
1216 864 1306 898 potius
1324 864 1434 899 maligni
1459 869 1538 897 sunt,
1561 863 1684 899 nihilque
1705 863 1745 891 ita

959 902 1077 942 curant,
1104 915 1133 937 ut
1155 910 1264 937 virtutis
1287 910 1449 944 pietatisque
1474 910 1611 938 studiosos
1635 909 1743 938 laedere.

959 955 1021 983 Ideo
1042 961 1131 983 autem
1154 956 1223 983 nihil
1247 955 1352 983 faciunt
1375 956 1447 991 quod
1472 955 1539 983 nihil
1563 955 1668 990 possint
1690 955 1745 984 nisi

959 1001 1131 1035 comminari,
1145 1003 1213 1030 nihil
1230 1002 1387 1030 cunctaturi
1403 1003 1424 1030 si
1439 1006 1563 1037 possent,
1579 1001 1627 1029 sed
1651 1002 1742 1030 statim

960 1046 1062 1073 malum
1086 1045 1233 1080 inferrent,
1252 1047 1324 1081 quod
1348 1052 1500 1082 promptam
1524 1047 1620 1074 hacin
1643 1053 1674 1074 re
1696 1046 1746 1073 ha-

960 1093 1041 1120 beant
1066 1093 1248 1126 voluntatem,
1270 1097 1366 1120 contra
1388 1100 1438 1120 nos
1464 1093 1648 1128 podssimum.
1676 1092 1746 1120 Ecce

957 1139 1014 1174 jam
1037 1139 1192 1175 congregati
1207 1143 1300 1167 contra
1320 1139 1394 1174 ipsos
1415 1139 1570 1174 loquimur,
1591 1143 1746 1174 noruntque

961 1193 990 1212 se
1006 1193 1149 1221 progressu
1167 1190 1259 1213 nostro
1271 1185 1416 1213 debilitari.
1429 1185 1519 1219 Certe,
1533 1185 1555 1212 si
1580 1189 1742 1219 potestatem

961 1231 1091 1259 haberent
1105 1251 1112 1263 ,
1137 1231 1273 1259 neminem
1289 1230 1371 1266 653
1388 1235 1511 1258 nostrum
1525 1229 1744 1259 Christianorum

961 1278 1052 1305 vivere
1074 1277 1254 1305 concederent
1273 1285 1280 1303 :
1302 1285 1366 1304 nam
1384 1277 1536 1304 exsecratio
1552 1276 1688 1312 peccatori
1705 1281 1748 1304 est

961 1323 1049 1358 pietas
1062 1330 1125 1358 erga
1142 1322 1226 1350 Deum
1237 1322 1270 1349 “.
1283 1322 1350 1350 Cum
1368 1323 1435 1350 nihil
1452 1323 1556 1357 possint
1570 1327 1671 1356 autem,
1687 1329 1748 1350 sese

961 1368 1116 1401 vulnerant,
1131 1369 1202 1403 quod
1219 1368 1285 1395 nihil
1299 1368 1435 1396 minarum
1450 1376 1562 1396 suarum
1573 1367 1686 1403 exsequi
1699 1375 1748 1395 va-

962 1414 1045 1442 leant.
1063 1413 1130 1441 Illud
1153 1418 1284 1449 praeterea
1302 1413 1477 1449 cogitandum
1504 1418 1533 1441 ut
1558 1414 1619 1442 illos
1635 1413 1750 1441 minime

962 1458 1171 1486 reformidemus
1187 1467 1194 1484 :
1211 1458 1233 1485 si
1248 1462 1369 1493 potestas
1386 1457 1438 1486 sibi
1454 1462 1536 1490 esset,
1553 1466 1608 1486 non
1624 1465 1685 1485 cum
1702 1462 1747 1485 tu-

963 1504 1062 1536 multu,
1078 1512 1131 1531 non
1147 1511 1209 1531 cum
1222 1503 1376 1538 phantasiis
1392 1503 1560 1536 accederent,
1575 1511 1630 1530 non
1645 1507 1750 1532 mutata

961 1548 1048 1577 forma
1071 1548 1185 1576 insidias
1210 1553 1358 1584 pararent:
1375 1549 1421 1576 sed
1443 1549 1510 1576 satis
1527 1548 1598 1576 foret
1620 1548 1751 1576 accedere

962 1603 1064 1628 unum,
1088 1595 1134 1630 qui
1156 1595 1229 1630 quod
1253 1599 1345 1629 posset
1362 1599 1444 1629 atque
1460 1595 1558 1628 vellet,
1582 1594 1747 1622 conﬁceret:

962 1649 1024 1669 eum
1042 1641 1161 1675 maxime
1183 1641 1308 1676 quisquis
1323 1645 1485 1676 potestatem
1500 1641 1598 1675 habet,
1615 1649 1670 1669 non
1687 1649 1750 1676 cum

963 1695 1032 1714 vana
1047 1694 1181 1722 apparens
1205 1687 1296 1722 specie
1311 1687 1436 1720 occidat,
1459 1695 1547 1723 neque
1562 1687 1679 1714 tumultu
1696 1691 1750 1714 ter-

963 1733 1086 1765 refaciat,
1101 1733 1148 1761 sed
1163 1733 1288 1768 protinus
1311 1733 1442 1760 arbitratu
1459 1741 1509 1761 suo
1533 1734 1643 1769 propria
1657 1737 1750 1761 utatur

964 1784 1108 1815 potestate.
1127 1780 1180 1808 Sed
1197 1780 1334 1808 daemones
1350 1780 1419 1808 nihil
1436 1787 1498 1808 cum
1521 1780 1645 1814 valeant,
1671 1781 1751 1816 quatti

963 1826 995 1867 in
1012 1833 1092 1854 scena
1110 1826 1218 1860 ludunt,
1245 1826 1389 1856 immutata
1403 1826 1502 1859 forma,
1517 1829 1671 1862 tenentque
1686 1833 1751 1862 puo-

776 1895 905 1924 VERSlO
924 1895 1075 1924 EVAGRII.

127 1958 218 1987 ruisse
236 1965 264 1986 se
281 1957 380 1993 videat,
400 1957 427 1984 in
449 1957 596 1992 perniciem
612 1957 930 1993 grassatur_liumanam,
948 1964 999 1984 nec
1020 1961 1109 1984 tamen
1135 1961 1223 1993 potest
1246 1957 1355 1984 ﬁrmum
1373 1956 1427 1993 Deo
1443 1961 1537 1993 pectus
1554 1955 1751 1993 cogitationum

128 1997 155 2021 et
171 1998 332 2020 caeterarum
351 1991 478 2020 fraudum
492 1997 549 2020 arte
566 1991 729 2027 pervertere.
745 1991 813 2018 Nam
835 1992 896 2019 luce
916 1992 1016 2019 clarius
1030 1996 1071 2019 est
1087 1992 1216 2026 quoniam
1233 1992 1382 2019 adversarii
1397 1991 1493 2024 nostri,
1508 1999 1570 2018 cum
1586 1999 1635 2018 nec
1658 1991 1750 2018 huma-

128 2035 164 2055 na
184 2035 265 2055 carne
282 2028 336 2055 sint
350 2028 430 2062 septi,
445 2032 477 2062 ut
488 2026 596 2055 causari
608 2028 716 2055 valeant
730 2027 832 2054 idcirco
847 2035 898 2054 nos
911 2035 925 2053 a
942 2035 971 2054 se
983 2035 1035 2053 non
1053 2035 1133 2061 posse
1146 2027 1281 2061 superari,
1295 2028 1360 2062 quia
1375 2027 1469 2054 clauso
1483 2027 1554 2054 ostio
1570 2026 1682 2053 introire
1696 2033 1751 2054 non

128 2064 239 2090 valeant
254 2072 261 2089 :
279 2067 305 2089 et
319 2061 412 2089 revera
427 2063 449 2090 si
467 2061 583 2090 fuissent
598 2063 651 2089 hoc
666 2062 753 2097 fragili
770 2069 883 2097 corpore
899 2062 1027 2097 colligati,
1044 2063 1171 2089 obserato
1184 2061 1311 2093 introitu,
1327 2062 1422 2089 iisdem
1439 2066 1586 2097 negaretur
1600 2068 1728 2088 accessus
1743 2070 1750 2089 :

129 2106 193 2125 cum
212 2102 313 2129 autem,
328 2102 357 2124 ut
372 2098 501 2128 diximus,
519 2099 570 2125 hoc
589 2096 781 2132 impedimento
796 2097 851 2124 sint
865 2097 955 2128 liberi,
969 2096 1000 2124 et
1022 2097 1160 2124 obstructa
1174 2102 1330 2132 penetrant,
1346 2102 1426 2131 atque
1444 2097 1471 2123 in
1493 2097 1566 2132 omni
1582 2096 1692 2123 licenter
1705 2104 1752 2132 vo-

129 2133 208 2161 litent
221 2141 299 2165 aere;
316 2133 488 2160 manifestum
504 2137 545 2160 est
563 2133 597 2160 oh
617 2131 817 2160 enervationem
834 2139 928 2158 eorum
944 2139 1103 2166 permanere
1120 2139 1218 2166 corpus
1233 2131 1361 2159 Ecclesia:
1374 2133 1498 2158 illaesum.
1514 2131 1633 2166 Denique
1650 2131 1751 2158 satelli-

130 2174 173 2196 tes
189 2168 265 2203 impii
282 2175 343 2195 cuin
364 2168 486 2202 principe
506 2175 557 2195 suo
573 2168 691 2203 diabolo,
708 2175 789 2202 quem
806 2167 977 2203 Salvator-Win
999 2166 1144 2203 Evangelio
1165 2167 1326 2194 homicidam
1342 2172 1369 2194 et
1385 2172 1487 2201 patrem
1505 2167 1614 2194 malitia:
1628 2166 1662 2193 ab
1674 2166 1753 2193 initio

130 2203 218 2230 fuisse
234 2203 334 2234 tirmat,
359 2203 437 2230 nobis
454 2203 599 2235 adversum
625 2210 654 2230 se
671 2202 776 2230 fortiter
800 2202 1004 2233 dimicantibus,
1019 2202 1094 2229 nullo
1111 2203 1190 2229 modo
1205 2203 1362 2233 cessissent,
1386 2202 1409 2229 si
1433 2206 1553 2236 potestas
1576 2208 1671 2229 eorum
1688 2209 1752 2236 non

131 2237 230 2266 fuisset
245 2238 345 2265 ablata.
361 2237 440 2270 Nam,
454 2238 475 2265 si
492 2238 619 2270 mentior,
633 2245 682 2264 cur
695 2238 774 2264 nobis
789 2237 904 2264 Satanas
919 2238 1018 2271 parcis,
1034 2238 1080 2271 qui
1104 2238 1205 2272 ubique
1224 2237 1374 2265 discurris?
1387 2235 1442 2264 Cur
1461 2237 1506 2271 qui
1527 2237 1602 2272 nullo
1617 2235 1752 2264 clauderis

131 2273 204 2305 loco,
220 2273 364 2300 adversum
383 2277 408 2299 te
427 2273 495 2300 bene
515 2273 663 2300 viventium
680 2277 707 2300 et
723 2273 921 2307 disputantium
936 2280 988 2299 non
1012 2278 1089 2307 potes
1110 2271 1273 2299 labefactare
1287 2272 1486 2300 constantiam?
1502 2271 1554 2299 Sed
1570 2271 1684 2298 furtassu
1699 2277 1751 2298 nos

131 2309 233 2342 diligis,
253 2315 324 2343 quos
347 2308 470 2342 quotidie
495 2308 605 2343 conaris
629 2308 755 2343 obruere,
768 2306 819 2334 Vaut
837 2307 967 2343 credibile
987 2306 1029 2334 est
1051 2313 1076 2334 te
1097 2308 1163 2335 csse‘
1179 2308 1310 2334 bonitatis
1325 2307 1497 2341 magistrum,
1515 2306 1648 2343 et.fa\'ere
1664 2306 1752 2341 magis

131 2341 252 2378 optimis,
262 2341 363 2377 'quam’
378 2342 497 2370 nocere?
512 2342 545 2369 Et
560 2343 624 2377 quid
641 2347 695 2369 tam
711 2342 823 2378 charum
838 2342 885 2369 tibi
904 2350 965 2370 esse
981 2347 1079 2376 potest,
1096 2350 1175 2377 quam
1192 2343 1299 2373 laedere,
1323 2342 1440 2369 maxime
1457 2349 1515 2374 eos,
1535 2341 1753 2378 quifluissCele-

131 2376 208 2405 ribus
220 2376 336 2405 viriliter
349 2382 512 2412 repugnant,
531 2376 682 2406 secundum
699 2377 771 2412 quod
785 2378 918 2412 scriptum
933 2382 974 2404 est
989 2387 995 2404 :
1012 2378 1075 2412 quia
1091 2376 1258 2405 abominatio
1282 2383 1323 2405 est
1340 2378 1425 2412 pietas
1444 2377 1598 2412 peccaturi?
1613 2376 1680 2409 Quis
1696 2381 1751 2412 tam

130 2413 279 2440 fecundum
294 2413 326 2440 ad
343 2410 474 2440 malitiam
491 2413 611 2447 possidet
626 2410 738 2447 pectus?
753 2413 814 2447 quis
830 2410 883 2440 tam
902 2410 1045 2440 meditatas
1058 2413 1168 2447 implere
1184 2417 1298 2439 conatur
1314 2410 1451 2440 insidias?
1468 2410 1570 2439 seim'us
1583 2416 1609 2438 te
1622 2411 1752 2446 impuris-

129 2448 231 2476 simum
250 2448 365 2475 cadaver
383 2456 390 2474 :
409 2446 513 2476 scimus
535 2448 599 2483 quia
619 2446 721 2475 idcirco
737 2446 854 2475 vivimus
871 2447 1031 2480 Christiani,
1047 2452 1073 2475 et
1097 2446 1191 2475 contra
1206 2452 1232 2483 te
1245 2448 1324 2475 nobis
1338 2452 1380 2475 est
1395 2455 1492 2474 secura
1505 2447 1673 2483 congressio,
1687 2446 1751 2481 quia

129 2483 285 2511 inﬁrmatus
300 2491 330 2510 es
349 2490 363 2510 a
382 2482 505 2510 Domino.
522 2481 584 2510 Ideo
602 2483 635 2510 de
649 2483 704 2510 tuis
719 2482 874 2510 confoderis
890 2483 1000 2517 jaculis,
1018 2483 1083 2517 quia
1104 2482 1302 2510 minitationem
1318 2488 1391 2510 tuam
1408 2490 1462 2509 non
1477 2482 1601 2516 sequitur
1615 2481 1750 2517 eﬂ‘eatusi:

129 2518 204 2552 quod
222 2518 246 2546 si
262 2518 396 2551 fallimur,
414 2526 464 2546 cur
486 2525 548 2545 cum
567 2522 671 2546 terrore
694 2518 832 2551 simulato,
849 2516 899 2544 cur
917 2516 1103 2552 magnitudine
1126 2525 1271 2553 corporum
1288 2522 1409 2545 nostram
1429 2517 1584 2552 aggrederis
1599 2517 1701 2545 ﬁdem?
1723 2516 1753 2544 Si

164 2577 187 2594 "
201 2577 280 2606 Joan.
297 2585 357 2611 vui,
371 2577 417 2605 44.
459 2577 482 2593 ⁵³
495 2577 579 2605 Eccli.
595 2586 613 2610 ι,
630 2577 674 2604 52.

165 2646 222 2681 (89)
236 2646 337 2682 Regius
359 2646 496 2674 secundus
515 2651 542 2673 et
557 2645 677 2673 Colbert.
694 2645 728 2677 2,
747 2644 827 2672 δειλοί
851 2646 914 2672 εἰσι.
931 2651 956 2681 Ῑ)

129 2680 157 2708 1η
173 2680 268 2710 iisdem
278 2680 354 2709 infra
367 2682 472 2709 ἑαυτῶν
485 2681 570 2709 deest.

165 2718 222 2752 (90)
237 2716 283 2744 Sic
295 2717 395 2752 Regius
412 2717 528 2751 primus,
542 2715 689 2752 secundus,
702 2719 729 2742 et
741 2714 914 2752 Golbcrtinus

1006 2644 1061 2680 (9i)
1074 2644 1119 2672 Sic
1128 2644 1228 2680 Regius
1238 2643 1373 2680 secundus
1384 2648 1410 2670 et
1420 2641 1593 2670 Colberlinus
1603 2640 1753 2671 secundas.

968 2679 1039 2707 Editi
1052 2679 1120 2707 vero
1133 2685 1160 2708 et
1171 2679 1230 2711 alii,
1247 2679 1278 2705 οὐ
1294 2679 1414 2705 δύναται.

1005 2715 1060 2750 (9'2)
1073 2710 1228 2743 Colbertin.’
1243 2715 1387 2744 secundus,
1401 2712 1502 2750 stato;
1513 2711 1528 2738 ὃ
1542 2711 1674 2750 βουλε-ται.
1691 2710 1755 2739 Mox

131 2750 288 2784 secundus;
300 2753 328 2780 in
337 2750 420 2780 'editis
432 2751 664 2787 περισπούδαστον
677 2752 762 2787 deest.
771 2750 842 2787 Infra
853 2750 916 2787 Col-

131 2786 255 2850 ggti‘nus
271 2787 416 2820 secundus,
439 2785 489 2814 οὐκ
509 2787 542 2814 ἂν
566 2786 688 2823 ἔμελλον,
705 2786 752 2814 sed
767 2786 798 2813 ἄν
813 2786 839 2813 in
854 2785 914 2813 aliis

180 2830 194 2850 δ
207 2842 216 2849 .

969 2747 1036 2787 Reg.
1052 2751 1079 2782 2,
1094 2758 1174 2787 quem
1196 2750 1346 2784 sequimur,
1367 2748 1561 2787 sca-taxpdtgt.”
1571 2747 1755 2787 Mithram-

969 2781 1079 2821 κρῆται,
1096 2785 1194 2820 Regius
1212 2781 1327 2820 Ρέίηιυδι
1344 2781 1487 2821 κέχρητάιο
1504 2781 1653 2810 Colberun'
1666 2781 1694 2814 2‘
1708 2790 1756 2809 m-

970 2821 1152 2856 taxixmmia
