1977 3039
994 83 1009 92 ι

228 120 280 149 887

511 123 538 150 S.
559 122 745 150 ATHANASII
764 122 839 150 OPP.
860 122 952 150 PARS
971 126 992 151 t.
1013 138 1046 143 —
1066 121 1258 150 HISTOBICA
1277 121 1321 148 ET
1344 120 1553 148 DOGMATICA.

1790 117 1844 146 888

227 186 275 206 ros
289 179 450 207 tumultibus
464 183 545 215 atque
564 180 646 208 larvis
668 181 726 208 suis
741 191 747 208 :
764 181 835 208 unde
849 188 915 208 sane
927 181 1007 215 quasi

1064 182 1083 207 si.
1095 180 1230 215 δαίμονες,
1249 179 1331 214 μηδὲν
1345 178 1498 213 δυνάμενοι,
1514 175 1654 209 παίζουσιν
1664 175 1701 207 ὡς
1717 175 1763 201 ἐπὶ
1777 183 1844 210 σκη-

228 223 355 251 imbecilli
381 225 572 252 contemnendi
597 229 671 252 sunt.
692 224 778 253 Verus
800 230 874 252 certe
901 225 1013 260 angelus

227 273 321 296 contra
334 268 460 305 Assyrios
477 270 579 298 missus
593 278 609 298 a
624 270 751 303 Domino,
766 278 821 298 non
835 271 1011 302 tumultibus,

227 321 283 341 non
309 318 421 341 externo
438 320 580 350 apparatu,
607 324 661 344 non
683 316 813 351 strepitu,
840 324 894 343 non
916 316 1012 351 plausu

227 366 295 393 opus
319 359 428 393 habuit;
452 361 498 388 sed
526 362 616 396 quiete
636 366 768 397 potestate
794 369 878 394 usus,
904 366 1011 389 centum

227 405 362 440 Octoginta
388 405 509 441 quinque
532 407 616 434 millia
640 412 751 442 repente
774 407 874 435 occidit
897 407 929 434 “.
960 406 1011 440 Qui

226 454 317 477 autem
339 451 421 478 nullis
434 457 498 479 sunt
511 452 634 484 viribus,
651 457 680 480 ut
695 453 832 480 daemones
855 452 919 484 isti,
934 452 1012 480 vanis

225 495 320 523 saltem
336 497 478 531 speciebus
493 503 645 532 perterrere
659 503 803 527 conantur.

1065 226 1128 261 νῆς,
1143 225 1317 256 ἀλλάττοντες
1331 225 1379 256 τὰς
1391 224 1507 260 μορφὰς,
1525 222 1570 250 καὶ
1581 223 1643 254 τοὺς
1654 222 1749 253 παῖδας
1764 223 1846 256 ἐκφο-

1065 271 1189 302 ϐοῦντες,
1212 271 1245 305 τῇ
1262 269 1313 296 τῶν
1329 269 1415 304 δχλων
1428 268 1562 304 φαντασίᾳ
1576 267 1624 294 καὶ
1644 269 1700 299 τοῖς
1717 275 1848 302 σχηματι-

1066 318 1143 352 σμοῖς
1153 325 1159 331 ”
1172 316 1201 349 ἐξ
1212 313 1248 342 ὧν
1264 315 1362 351 μᾶλλον
1377 314 1588 350 καταφρονητέοι
1600 314 1636 345 ὼς
1648 313 1768 344 ἀσθενεῖς
1778 313 1848 346 ὀφεί-

1065 363 1154 389 λουσιν
1172 361 1250 390 εἶναι.
1275 362 1302 389 'O
1316 362 1379 397 γοῦν
1392 361 1514 398 ἀληθινὸς
1537 360 1666 394 ἄγγελος,
1688 359 1848 390 ἀποσταλεὶς

1066 407 1142 443 παρὰ
1163 407 1209 433 τοῦ
1231 407 1331 442 Κυρίου
1349 406 1418 433 κατὰ
1439 405 1492 432 τῶν
1519 405 1682 440 Ἀσσυρίων,
1699 404 1730 430 οὺ
1755 403 1849 439 χρείαν

1064 454 1142 488 ἔσχεν
1165 453 1250 489 ὄχλων
1260 474 1268 485 ,
1283 455 1313 480 οὐ
1327 452 1475 488 φαντασίας
1489 451 1539 487 τῆς
1554 451 1651 484 ἔξωθεν
1661 471 1668 482 ,
1681 451 1712 477 οὺ
1727 450 1848 482 κτύπων,

1063 499 1093 526 οὐ
1109 499 1212 535 κρότων
1222 507 1229 513 ·
1242 498 1297 525 ἀλλ’
1311 498 1400 534 ἠρέμα
1410 499 1442 533 τῇ
1454 497 1561 532 ἐξουσίᾳ
1571 496 1712 532 ἐκέχρητο,
1724 496 1770 523 καὶ
1783 496 1850 523 ἀνεῖ-

224 539 270 566 λεν
285 542 364 574 εύθὺς
376 542 472 570 ἑκατὸν
493 544 655 580 ὀγδοήκοντα
672 546 752 572 πέντε
771 545 902 580 χιλιάδας.
936 547 967 573 υἰ
984 546 1012 572 δὲ
1038 546 1119 581 μηδὲν
1142 545 1284 572 δυνάμενοι
1308 545 1448 580 δαίμονες,
1475 542 1524 571 οἷοί
1544 545 1611 571 εἰσιν
1624 540 1706 576 οὗτοι,
1725 543 1776 570 κᾶν
1790 545 1851 574 ταῖς

225 587 384 621 φαντασίαις
401 589 525 623 ὲκφοῦεῖν
545 589 718 626 πειράζουσιν
731 590 797 625 (93).

260 634 303 661 29.
320 634 396 667 Quod
412 635 434 662 si
449 635 508 663 Johi
524 636 667 663 historiam
679 637 803 672 cogitans
823 637 883 671 quis
902 637 1008 671 objece-

226 680 278 713 rit,
295 679 351 708 Cur
365 681 490 709 diabolus
505 682 635 710 adversus
654 682 736 710 istum
757 690 902 718 egressus,
918 683 1008 710 omnia

224 726 324 760 potuit,
337 725 480 755 facultates
497 727 610 758 ademit.
631 728 731 756 liberos
756 727 901 760 interfecit,
918 728 1010 756 ulcere

224 772 301 799 illum
313 773 431 808 pessimo
446 775 580 809 percussit
592 775 634 801 "7
655 780 784 810 agnoscat
799 775 843 803 ille
853 797 860 809 ,
880 784 933 803 non
949 783 1010 803 eam

224 818 310 847 fuisse
323 819 423 847 diaboli
435 820 501 853 vim,
518 821 565 849 sed
582 821 638 854 Dei,
655 822 700 856 qui
715 821 813 850 Jobum
832 822 884 856 ipsi
907 826 1008 850 tentant-

224 863 288 891 dunt
302 865 436 893 tradidit:
459 866 588 893 nimirum
610 867 675 902 quia
696 867 763 894 nihil
786 871 906 902 poterat,
923 867 1010 902 petiit,

224 913 251 936 et
265 914 375 944 accepta
391 909 518 938 facultate
530 911 646 946 idipsum
659 911 723 946 egit.
739 911 830 946 Atque
845 912 910 939 hinc
922 913 1006 939 maxi-

224 960 267 980 me
281 955 498 983 contemnendus
521 961 562 984 est
591 956 738 987 inimicus,
763 957 837 991 quod
854 965 1012 992 quanquam

226 1000 314 1033 vellet,
330 1010 363 1029 ne
376 1003 508 1030 adversus
526 1011 610 1030 unum
621 1003 731 1039 quidem
746 1003 852 1038 justum
873 1003 1013 1031 hominem

224 1046 374 1082 quidquam
387 1048 486 1075 virium
504 1048 599 1076 habuit
615 1059 622 1076 :
646 1050 669 1077 si
691 1049 834 1077 habuisset
852 1050 926 1077 enim
939 1069 946 1081 ,
963 1057 1012 1077 ne-

225 1099 362 1127 quaquam
384 1093 518 1128 petiisset.
540 1093 610 1122 Cum
627 1099 718 1122 autem
736 1102 792 1122 non
807 1093 953 1130 semel,sed
970 1094 1013 1121 bis

225 1138 343 1174 petierit,
359 1139 511 1168 imbecillus
523 1149 590 1168 sane
606 1145 633 1169 et
652 1141 790 1176 impotens
809 1141 942 1177 arguitur.
958 1140 1013 1168 Nec

225 1185 326 1213 mirum
337 1186 361 1214 si
373 1187 442 1214 nihil
455 1191 550 1215 contra
564 1186 616 1215 Job
630 1188 733 1222 potuit,
750 1195 812 1215 cum
831 1195 866 1215 ne
879 1188 1013 1223 jumentis

224 1230 333 1265 quidem
348 1231 408 1266 ejus
419 1251 427 1263 ,
458 1232 510 1260 nisi
526 1233 694 1261 concedente
709 1233 774 1265 Deo,
801 1233 949 1268 perniciem
968 1234 1012 1260 in-

225 1275 296 1303 ferre
309 1277 429 1311 potuerit
444 1286 452 1304 :
467 1278 514 1305 sed
524 1286 558 1305 ne
571 1278 703 1307 adversus
720 1286 818 1314 porcos
832 1279 942 1314 quidem
960 1279 995 1306 ali
1005 1295 1011 1300 -

224 1330 306 1356 quam
319 1323 371 1350 vim
391 1323 471 1351 habet
488 1332 494 1350 :
512 1324 649 1360 Rogabant
675 1326 759 1358 enim,
775 1330 805 1353 ut
827 1326 855 1353 in
868 1325 1012 1361 Evangelio

223 1369 354 1404 scriptum
368 1375 419 1403 est,
433 1370 576 1398 Dominum
590 1371 705 1399 dicentes
722 1380 732 1399 :
744 1372 828 1409 654⁹
846 1372 908 1400 Sine
926 1381 972 1400 nos
984 1374 1012 1402 in

223 1423 314 1449 porcos
329 1416 401 1443 abire
415 1416 448 1443 “.
465 1416 542 1450 Quod
552 1417 575 1445 si
591 1426 625 1445 ne
635 1418 768 1446 adversus
783 1427 883 1454 porcos
899 1420 1010 1454 quidem

225 1459 325 1487 habent
343 1465 516 1495 potestatem,
535 1462 621 1490 multo
631 1462 723 1491 minus
739 1464 767 1490 in
783 1464 908 1492 homines
925 1465 959 1492 ad
972 1464 1011 1492 si-

224 1506 404 1534 militudinem
421 1507 468 1534 Dei
481 1507 567 1535 factos
581 1508 725 1544 imperium
743 1509 878 1538 obtinent.

258 1553 304 1579 50.
322 1552 407 1581 Deum
431 1554 523 1589 itaque
550 1555 639 1582 solum
663 1555 760 1583 timere
785 1557 937 1584 convenit:
960 1557 1010 1584 hos

222 1606 288 1626 vero
307 1599 445 1635 despicere
458 1605 485 1628 et
502 1602 576 1628 nullo
599 1601 682 1629 modo
701 1601 862 1629 formidare.
887 1602 939 1629 Sed
956 1609 1011 1636 quo

223 1646 311 1681 magis
325 1646 364 1673 illi
377 1647 434 1675 haec
449 1653 542 1682 agunt,
554 1656 587 1675 eo
598 1649 738 1676 ardentius
750 1656 800 1676 nos
813 1649 937 1676 asceticae
950 1649 1011 1676 vita:

224 1698 335 1727 operam
348 1693 453 1721 demus.
469 1693 595 1728 Magnum
613 1694 713 1729 quippe
736 1700 831 1722 contra
850 1695 911 1722 illos
927 1695 1010 1722 telum

1097 636 1141 662 ἓξ).
1162 635 1223 661 Ἐὰν
1239 634 1267 660 δέ
1283 643 1324 666 τις
1338 634 1372 661 τὰ
1387 634 1434 660 τοῦ
1454 633 1513 660 ’1ὼὸ
1528 634 1684 668 λογίσηται,
1707 633 1754 659 καὶ
1765 633 1848 669 εἴπῃ,

1062 681 1112 708 Διὰ
1125 680 1150 707 τί
1168 678 1213 706 οὖν
1231 678 1344 712 ἐξελθὼν
1360 680 1374 705 ὁ
1390 677 1510 709 διάϐολος
1528 678 1615 705 πάντα
1632 679 1691 705 κατ’
1705 678 1785 705 αὑτοῦ
1802 687 1850 705 πε-

1064 727 1162 762 ποίηκε
1175 735 1183 758 ;
1195 726 1242 752 καὶ
1259 725 1311 753 τῶν
1328 725 1376 760 μὲν
1389 724 1564 760 ὑπαρχόντων
1577 724 1658 751 αὐτὸν
1673 724 1798 759 ἐψίλωσε,
1815 725 1850 751 τὰ

1063 774 1091 801 δὲ
1104 774 1185 800 τέκνα
1197 772 1299 803 ἀνεῖλε,
1320 772 1366 798 καὶ
1382 771 1483 798 ἐκεῖνον
1499 770 1610 797 ἔπαισεν
1627 770 1700 797 ἕλκει
1720 770 1848 806 πονηρῷς

1064 820 1223 855 γινωσκέτω
1248 818 1327 844 πάλιν
1343 818 1357 844 ὁ
1378 816 1498 848 τοιοῦτος
1509 836 1516 849 ,
1533 816 1570 848 ὡς
1586 817 1636 843 οὐκ
1650 815 1684 852 ἦν
1701 818 1715 843 ὁ
1728 816 1851 849 διάϐολος

1028 849 1048 876 Β
1093 865 1192 900 ἰσχύων
1203 885 1210 896 ,
1226 864 1283 891 ἀλλ’
1298 866 1312 891 ὁ
1330 863 1395 895 Θεὸς
1409 864 1423 890 ὁ
1442 863 1604 898 παραδιδοὺς
1620 849 1675 898 (94)
1694 862 1765 898 αὐτῷ
1781 863 1850 899 πρὸς

1063 913 1159 948 πεῖραν
1173 911 1218 937 τὸν
1241 910 1315 937 Ἰὼϐ·
1337 910 1432 945 ἀμέλει
1459 910 1541 945 μηδὲν
1562 909 1709 945 δυνάμενος
1726 909 1849 943 ποιῆσαι,

1063 956 1148 992 ᾔτησε
1167 956 1213 982 καὶ
1227 954 1317 982 λαϐὼν
1340 954 1499 989 πεποίηκεν.
1528 954 1609 980 Ὥστε
1632 954 1678 980 καὶ
1702 954 1734 980 ἐκ
1755 954 1850 980 τούτου

1065 1002 1163 1037 μᾶλλον
1179 1001 1383 1035 καταγνωστέος
1398 999 1470 1027 ἐστὶν
1482 1001 1496 1027 ὁ
1510 1000 1620 1036 ἐχθρὸς,
1632 1001 1673 1027 ὃτι
1683 1020 1690 1032 ,
1707 1000 1794 1027 καίτοι
1807 999 1852 1027 θέ-

1062 1049 1126 1080 λων,
1136 1047 1197 1074 οὐδὲ
1211 1047 1270 1074 καθ’
1282 1047 1340 1078 ἑνὸς
1355 1047 1463 1082 ἴσχυσεν
1474 1045 1616 1082 ἀνθρώπου
1628 1047 1747 1074 δικαίου·
1762 1048 1786 1073 εἰ
1796 1047 1851 1083 γὰρ

1063 1094 1186 1129 ἴσχυσεν,
1203 1094 1252 1120 οὐκ
1266 1093 1298 1119 ἂν
1313 1093 1427 1128 ᾔτησεν·
1442 1093 1556 1128 αἰτήσας
1572 1092 1600 1119 δὲ
1615 1093 1663 1127 οὐχ
1680 1092 1768 1126 ἅπαξ,
1783 1093 1852 1119 ἀλλὰ

1063 1142 1109 1169 καὶ
1121 1140 1256 1176 δεύτερον,
1272 1139 1395 1173 φαίνεται
1412 1138 1527 1174 ἀσθενὴς
1539 1139 1586 1166 καὶ
1600 1139 1682 1174 μηδὲν
1692 1139 1850 1175 δυνάμενος.

1062 1189 1116 1214 Καὶ
1125 1188 1155 1214 οὺ
1168 1186 1322 1220 θαυμαστὸν
1336 1186 1360 1212 εἰ
1372 1185 1442 1212 κατὰ
1453 1185 1500 1212 τοῦ
1519 1185 1578 1211 Ἰὼϐ
1588 1186 1638 1212 οὐκ
1649 1183 1767 1221 ἴσχυσεν,
1783 1186 1851 1212 ὅπου

1061 1243 1093 1269 γε
1106 1234 1164 1260 οὐδὲ
1178 1233 1249 1260 κατὰ
1260 1232 1315 1259 τῶν
1330 1232 1435 1268 κτηνῶν
1449 1231 1530 1258 αὑτοῦ
1545 1233 1648 1266 ἐγίνετο
1661 1232 1770 1268 ὄλεθρος
1781 1232 1850 1268 (95),

1062 1281 1086 1307 el
1102 1280 1138 1316 μὴ
1157 1280 1337 1315 συγχωρήσας
1349 1277 1383 1314 ἦν
1398 1279 1412 1305 ὁ
1427 1279 1492 1310 Θεὸς
1502 1288 1509 1294 σ
1526 1279 1652 1306 emanat
1669 1279 1739 1306 κατὰ
1751 1280 1852 1315 χοίρων

1063 1325 1120 1361 ἔχει
1132 1326 1181 1361 τὴν
1192 1325 1314 1358 ἐξουσίαν
1324 1333 1331 1340 ⁸
1343 1324 1538 1359 Παρεκάλουν
1548 1325 1612 1360 γὰρ,
1623 1325 1660 1357 ὡς
1671 1326 1700 1352 ὲν
1715 1325 1752 1361 τῷ
1764 1326 1852 1360 Εὐαγ-

1061 1372 1143 1407 γελίῳ
1152 1371 1316 1407 γέγραπται,
1325 1371 1378 1398 τὸν
1384 1371 1502 1405 Κύριον,
1510 1372 1659 1406 λέγοντες·
1677 1373 1851 1407 Ἐπίτρεψον

1061 1417 1133 1452 ἡμῖν
1146 1417 1290 1445 ἀπελθεῖν
1304 1419 1348 1450 εὶς
1368 1417 1439 1451 τοὺς
1462 1418 1592 1452 χοίρους.
1610 1419 1641 1444 Εἰ
1661 1418 1689 1445 δὲ
1709 1419 1776 1454 μηδὲ
1795 1419 1851 1454 χοί-

1064 1472 1117 1498 ρων
1138 1462 1192 1498 (96)
1208 1463 1314 1498 ἔχουσιν
1331 1463 1454 1496 ἐξουσίαν
1465 1483 1472 1495 ,
1497 1463 1587 1498 πολλῷ
1605 1463 1704 1499 μᾶλλον
1721 1464 1775 1490 τῶν
1790 1466 1850 1492 κατ’

1026 1521 1047 1550 C
1065 1510 1157 1536 εἰκόνα
1173 1509 1238 1536 Θεοῦ
1248 1509 1439 1545 γεγενημένων
1453 1509 1602 1545 ἀνθρώπων
1616 1510 1666 1537 οὐκ
1681 1511 1782 1546 ἔχουσι.

1098 1556 1142 1583 50.
1160 1555 1212 1582 Τὸν
1223 1556 1291 1582 Θεὸν
1305 1556 1358 1592 ἄρα
1379 1556 1458 1591 μόνον
1475 1556 1614 1591 φοϐεῖσθαι
1631 1558 1687 1584 δεῖ·
1701 1558 1804 1585 τούτων
1821 1558 1850 1585 δὲ

1063 1603 1243 1638 καταφρονεῖν
1253 1623 1259 1634 ,
1279 1603 1325 1629 καὶ
1342 1603 1403 1638 μηδ’
1418 1603 1486 1634 ὅλως
1501 1603 1599 1635 αὐτοὺς
1611 1604 1736 1632 δεδιέναι.
1769 1604 1850 1630 Ἀλλ-ὰ

1064 1649 1110 1675 καὶ
1127 1648 1227 1684 μᾶλλον
1246 1649 1307 1675 ὅσον
1323 1649 1409 1676 ταῦτα
1421 1650 1542 1677 ποιοῦσιν
1553 1672 1559 1681 ,
1579 1649 1757 1685 ἐπιτείνωμεν
1770 1651 1851 1685 ἡμεῖς

1063 1693 1112 1729 τὴν
1128 1693 1243 1728 ἄσκησιν
1267 1695 1326 1720 κατ’
1350 1694 1439 1720 αὐτῶν
1453 1695 1519 1730 (97).
1537 1695 1617 1729 Μέγα
1630 1694 1684 1730 γὰρ
1701 1694 1781 1721 ὅπλον
1792 1695 1850 1721 ἐστὶ

880 1764 1000 1791 VERSIO
1019 1763 1168 1791 EVAGRH.

225 1823 393 1860 voluntatem
411 1825 537 1859 sequitur
556 1825 734 1860 possibilitas,
751 1830 854 1852 tantum
876 1825 923 1851 tibi
938 1825 1005 1852 velle
1019 1825 1153 1852 suﬂiciat:
1179 1825 1202 1852 is
1226 1825 1299 1852 enim
1327 1826 1451 1860 potentia
1478 1833 1538 1853 mos
1561 1830 1621 1856 est,
1647 1833 1701 1852 non
1719 1831 1848 1853 extranea

226 1858 340 1887 fallacize
357 1858 513 1894 adjumcnta
528 1858 698 1895 conquirere,
721 1861 767 1887 sed
791 1869 840 1888 sua
855 1860 954 1887 virtute
979 1861 1091 1895 implere
1110 1861 1182 1894 quod
1207 1860 1308 1894 cupiat.
1327 1858 1366 1887 'At
1386 1869 1457 1887 nunc
1477 1861 1540 1887 dum
1555 1861 1680 1887 theatrali
1698 1861 1847 1888 mutatione

227 1895 387 1930 formarum,
405 1895 482 1928 quasi
500 1895 594 1922 rudem
609 1895 750 1922 infantiam
766 1895 873 1922 scenica
888 1895 983 1922 niteris
1000 1895 1176 1922 simulatione
1193 1896 1330 1928 deludere,
1351 1897 1499 1923 exhaustas
1511 1896 1582 1923 vires
1598 1895 1769 1923 manifestius
1785 1904 1847 1930 pro-

225 1930 284 1958 bas.
302 1929 493 1966 Nunquidnam
511 1938 591 1966 verus
613 1930 657 1966 ille
675 1930 787 1965 angelus
806 1935 900 1957 contra
916 1930 1044 1966 Assyrios
1062 1931 1162 1958 missus
1185 1938 1200 1957 ιι
1222 1930 1347 1961 Domino,
1370 1937 1418 1958 aut
1439 1931 1599 1966 populorum
1618 1931 1691 1965 eguit
1709 1932 1846 1962 societate.

225 1969 273 1993 aut
287 1964 395 2000 sonitus
411 1965 546 1999 quaesivit,
562 1965 748 1999 aut.plausus,
762 1970 788 1993 et
806 1973 859 1992 non
881 1964 978 2000 potius
995 1967 1104 1993 tacitam
1120 1973 1251 1994 exercens
1265 1964 1560 2000 potestatem,’centum
1573 1964 1713 2000 octoginta
1727 1967 1848 2000 quinque

225 2000 309 2027 millia
329 1999 460 2031 hostium,
475 2008 600 2027 sermone
616 2000 745 2033 velocius,
758 2000 834 2035 juxta
847 2000 968 2034 iubentis
984 2001 1090 2028 Domini
1107 2002 1254 2036 prostravit
1270 2001 1434 2036 imperium?
1452 2009 1499 2028 vos
1511 2008 1576 2036 ergo
1588 1999 1650 2029 cum
1665 2001 1773 2036 fragiles
1787 1999 1847 2028 sitis

224 2035 339 2066 viribus,
356 2039 502 2069 perpetuus
516 2043 565 2062 vos
578 2036 754 2070 consequitur
769 2036 906 2062 interitus.

258 2070 304 2098 29.
325 2070 360 2096 At
374 2070 446 2097 dicet
470 2070 571 2106 aliquis
586 2079 592 2096 :
608 2070 663 2098 Cur
677 2071 808 2106 diabolus
827 2071 979 2106 egrediens,
998 2070 1068 2098 beati
1089 2070 1141 2098 Job
1163 2078 1272 2098 omnem
1290 2071 1315 2097 in
1339 2071 1447 2098 ruinam
1463 2071 1569 2105 impulit
1582 2071 1692 2098 domum
1704 2077 1713 2098 !
1725 2079 1774 2099 cur
1788 2079 1847 2105 ejus

223 2105 320 2139 opibus
338 2105 444 2139 penitus
460 2105 611 2140 dissipatis.
625 2105 758 2140 parietum
774 2105 885 2140 quoque
909 2105 1086 2133 fundamenta
1102 2106 1274 2138 subvertens,
1289 2115 1372 2133 unum
1394 2114 1546 2133 numerosae
1561 2106 1663 2134 sobolis
1678 2107 1848 2133 coacervavit

224 2140 400 2176 sepulcrum?
415 2148 465 2167 cur
478 2140 567 2174 ipsum
581 2141 614 2167 ad
629 2145 781 2168 extremum
796 2141 848 2168 diri
862 2141 984 2168 vulneris
999 2142 1119 2169 novitate
1134 2142 1288 2176 percussit?
1307 2141 1358 2174 Qui
1373 2142 1424 2168 hoc
1444 2142 1566 2176 opponit,
1580 2142 1674 2168 audiat
1687 2149 1702 2168 e
1715 2142 1822 2169 diverso
1838 2150 1844 2167 :

223 2183 277 2212 non
293 2175 431 2212 diabolum
445 2175 566 2212 potuisse
578 2175 639 2208 hoc,
655 2177 702 2212 sed
719 2176 876 2212 Dominum,
892 2184 907 2203 a
920 2184 974 2210 quo
993 2182 1112 2210 potesms
1125 2176 1268 2205 adversum
1288 2185 1337 2204 nos
1350 2175 1494 2211 dupliciter
1508 2177 1597 2207 datur,
1614 2177 1655 2204 vel
1671 2177 1704 2203 ad
1718 2177 1845 2212 gloriam,

223 2209 246 2247 si
261 2210 429 2247 probamur,
442 2209 483 2247 vel
494 2211 528 2238 ad
544 2218 663 2247 pwnam,
681 2211 704 2238 si
718 2209 1005 2247 delinquimusiquih
1019 2212 1110 2246 potius
1123 2219 1155 2239 ex
1171 2212 1223 2239 hoc
1248 2209 1456 2243 animadvertat,
1472 2220 1506 2239 ne
1527 2216 1622 2239 contra
1639 2209 1845 2247 unum‘quidem

223 2245 363 2281 hominem
378 2245 514 2273 diabolum
530 2246 681 2280 quidquam
695 2246 829 2280 potuisse,
842 2247 865 2274 si
882 2254 936 2273 non
955 2245 1116 2280 poteétatem
1134 2248 1284 2281 accepisset
1303 2255 1318 2274 a
1341 2247 1467 2279 Domino,
1486 2247 1576 2274 nullus
1605 2248 1676 2274 enim
1695 2245 1767 2281 quod
1789 2255 1846 2274 suae

222 2280 339 2316 ditionis
359 2285 401 2308 est
424 2281 458 2308 ab
479 2282 534 2308 alio
550 2282 719 2316 deprecatur.
739 2280 791 2308 Sed
809 2282 874 2316 quid
895 2281 948 2308 Job
967 2290 1099 2314 memoro,
1122 2280 1206 2316 quem
1224 2291 1274 2309 nec
1297 2283 1444 2316 expetitum
1469 2282 1558 2316 potttit
1580 2280 1711 2309 vincere?
1732 2282 1778 2310 sed
1797 2290 1847 2310 nec

222 2321 317 2352 contra
325 2315 455 2352 jumenta
469 2316 576 2350 quidem
586 2315 659 2352 ejus,
679 2324 728 2344 nec
740 2315 834 2344 contra
850 2324 912 2344 sues
927 2317 982 2351 (98)
998 2317 1026 2343 in
1040 2315 1195 2352 Evangelio,
1210 2318 1270 2345 sine
1287 2315 1418 2344 concessu
1442 2315 1488 2344 Dei
1511 2318 1649 2352 proprium
1664 2317 1747 2344 robur
1768 2325 1848 2344 exer-

221 2351 288 2383 cuit,
309 2351 381 2379 sicut
401 2351 533 2387 scriptuin
548 2356 589 2379 est
612 2360 618 2377 :
638 2351 776 2379 Damone:
796 2357 884 2378 autem
903 2352 1029 2386 rogabant
1045 2351 1242 2384 ενηιίιίίεεηιεδ
1255 2361 1263 2380 ;
1277 2352 1306 2379 Si
1323 2352 1396 2386 ejicis
1409 2361 1456 2379 nos
1471 2353 1541 2385 hinc,
1558 2351 1629 2379 inille
1645 2361 1690 2379 nos
1703 2353 1728 2379 in
1745 2361 1847 2387 gregem

220 2394 370 2423 porcorum.
394 2386 706 2423 Quomodoigiturtqui
720 2394 865 2421 porcorum
886 2390 1016 2423 expetunt
1030 2392 1140 2420 mortes,
1158 2389 1302 2423 imaginem
1321 2387 1367 2415 Dei
1385 2387 1533 2420 hominem,
1547 2392 1573 2415 et
1589 2393 1642 2414 tam
1657 2388 1769 2415 charum
1782 2386 1847 2415 con-

221 2420 300 2449 ditori
316 2422 428 2454 animal,
443 2429 494 2449 suo
508 2420 636 2449 valebunt
646 2420 708 2456 jure
720 2420 900 2456 pervertere?

257 2456 302 2484 50.
323 2456 429 2492 Magna,
457 2457 638 2490 dilectissimi,
661 2458 793 2484 adversus
814 2457 951 2484 dazmones
974 2465 1049 2484 arma
1071 2462 1145 2489 sunt,
1164 2458 1217 2484 vita
1244 2458 1349 2486 sincera
1375 2464 1401 2486 et
1423 2459 1582 2486 intcnmrata
1603 2458 1636 2485 nd
1660 2458 1743 2485 Deum
1768 2458 1844 2485 fides.

587 2528 609 2544 ⁸⁵
623 2527 674 2555 Job
687 2536 706 2561 ι,
724 2528 823 2560 15-22;
843 2527 947 2564 ψει-τ.
986 2529 1008 2544 ⁸⁸
1027 2529 1120 2556 Matth.
1135 2537 1192 2563 vni,
1210 2529 1254 2557 51.

254 2585 490 2627 (εἰῇ-δίοβεείυσ
507 2587 643 2627 secundus
659 2592 686 2614 ct
711 2587 860 2614 Colbertin.
878 2588 904 2614 2.
923 2587 1004 2619 Editi,

1064 2589 1129 2616 κατὰ
1144 2589 1252 2627 χοίρων.
1268 2589 1350 2623 Infra,
1364 2595 1424 2624 post
1435 2590 1593 2627 ἀνθρώπων,
1612 2591 1654 2618 alii
1671 2592 1778 2619 codices
1793 2591 1842 2618 ha-

219 2621 346 2662 ικεεοᾷεῖχ
358 2621 436 2662 μονον
450 2621 634 2657 πειράζουσιν.
668 2657 684 2662 _
706 2657 721 2662 η
777 2657 782 2662 _
951 2658 958 2662 Α

1064 2625 1132 2662 bent,
1223 2625 1331 2662 ξχουσιν,
1345 2621 1399 2652 alii
1421 2621 1591 2662 cum-editis,
1609 2627 1639 2652 οὐ
1660 2626 1841 2662 κυριεύσουσε.

255 2656 310 2698 (94)
326 2655 431 2698 Regius;
448 2655 585 2698 secundus
618 2662 645 2698 et
664 2657 837 2698 Colbertinus
859 2658 1004 2698 secundus,

1064 2655 1130 2698 infra
1147 2659 1212 2698 [ἷξε.
1225 2655 1255 2694 ‘2';
1265 2666 1291 2688 et
1305 2655 1423 2688 Colbert.
1441 2662 1467 2694 ‘2,
1487 2661 1548 2696 μηθ’
1566 2661 1632 2693 ὅλως
1644 2655 1742 2694 αὐτοὺς
1759 2670 1842 2697 προσ-

220 2691 365 2727 παρᾳδούς.
387 2691 583 2727 ἰηίηιᾘθςὶυε
601 2693 706 2727 primus
726 2697 752 2719 et
771 2693 944 2720 Colbertinus
962 2702 1006 2720 se-

1064 2691 1203 2722 ποιεῖσθαί

256 2527 278 2544 ⁸⁵
296 2526 330 2555 ιν
349 2527 414 2563 Reg.
432 2536 488 2560 xix,
504 2528 547 2556 55.

219 2725 334 2765 cttndus,
351 2726 399 2765 καὶ
412 2726 501 2765 λαϐῲν
512 2725 945 2765 ﬁemtqzsvt‘iiegiussecundus,
959 2729 1004 2756 καὶ

1066 2764 1071 2765 γ
1094 2730 1150 2765 (97)
1168 2730 1212 2758 Sic
1228 2739 1323 2758 omnes
1345 2731 1429 2758 ferme
1450 2740 1516 2759 mss.
1535 2732 1562 2758 In
1581 2731 1658 2759 editis
1678 2733 1738 2758 κατ’
1753 2731 1841 2759 αὐτῶν

219 2759 309 2798 λαᾷγῲν
320 2760 412 2798 λοιπον
427 2762 472 2788 καὶ
489 2759 633 2798 πεποίηκεν
666 2759 746 2794 Etlili,
761 2763 807 2790 καὶ
821 2763 925 2790 ἔλαὸεν.
939 2759 943 2761 ’

1064 2759 1142 2792 ieest.

255 2795 310 2833 (ῼᾷ)
323 2796 451 2833 ’ρλεθρος
467 2797 542 2833 deest
553 2795 586 2824 in'
595 2797 677 2833 “tith
694 2799 711 2824 ‘2.
724 2804 750 2824 et
763 2798 880 2825 Colbert.
893 2799 920 2825 2.

352 2801 451 2836 ξλεθρος
467 2801 542 2837 dee§l
553 2806 579 2824 ill
595 2801 677 2833 Re.th
694 2801 711 2824 '2’.
724 2801 880 2837 et-Uolbert.
893 2801 920 2837 ξ.
1095 2802 1149 2836 (98)
1164 2801 1254 2837 Aliqui
1271 2801 1377 2829 codices
1391 2806 1483 2828 contra
1499 2809 1555 2829 om
1570 2811 1640 2828 suas.

254 2831 311 2866 (96)
330 2830 375 2859 Sic
397 2830 492 2859 omnes
514 2831 598 2860 ferme
619 2830 806 2869 nianuscripti.
833 2833 902 2861 l‘lditi
929 2842 1001 2868 vero,
