1977 3039
239 146 290 175 891

525 147 553 174 S.
574 145 758 173 ATilANASll
777 145 852 174 OPP.
873 146 963 174 PARS
982 145 1003 174 1.
1024 163 1058 167 ——
1077 147 1260 175 HISTORICA
1280 148 1324 174 ET
1344 147 1552 176 DOGMATICA.

1799 148 1851 177 83

240 205 400 240 plerumque
423 208 453 232 ut
483 203 612 239 profectis
639 205 734 240 pedem
759 204 939 232 referentibus
967 205 1019 240 ipsi

1080 215 1132 238 τους
1149 207 1206 242 μεθ’
1222 208 1327 243 ἡμέρας
1344 207 1439 234 ἐλθεῖν.
1468 208 1600 240 Πολλάκις
1623 208 1651 235 δὲ
1667 208 1720 234 τῶν
1737 217 1853 245 περιπα-

241 251 418 277 mentiamur.

275 295 319 323 32.
341 294 439 322 Eodem
458 295 537 322 modo
554 295 588 322 de
611 295 685 322 ﬂuvii
714 296 794 330 aquis
821 303 1019 331 nonnunquam

239 341 364 368 cﬂutiunt
378 348 385 366 :
398 348 458 368 cum
475 340 592 367 viderint
612 341 685 368 enim
702 342 802 368 multas
819 341 903 369 fuisse
917 342 1022 376 pluvias

239 386 268 413 in
284 386 407 421 partibus
414 385 570 421 Ethiopian,
580 386 757 422 videntesque
767 387 830 415 hinc
845 387 962 414 futuram
975 395 1022 415 ex-

238 429 414 456 undationem
431 429 561 463 ﬂuminis,
577 431 737 466 priusquam
753 439 823 466 aqua
837 433 978 466 perveniat
993 433 1021 459 in

241 473 385 510 Egyptum
400 497 407 509 ,
423 481 618 511 ριέεριιποηιοε
644 477 669 504 id
701 478 864 505 annuntiant
891 479 924 504 ".
944 478 1022 511 Quod

238 521 322 548 etiam
348 522 471 550 homines
493 530 606 550 narrare
621 527 743 557 possent,
772 524 795 551 si
817 529 921 551 tantum
940 532 1022 552 cursu

240 567 372 600 ualerent,
383 572 515 602 quantum
532 568 594 603 ipsi.
611 568 689 602 Quod
708 570 729 596 si
746 569 855 606 pavidis
868 570 1023 605 speculator

241 614 267 640 in
281 613 383 640 editum
399 615 586 641 conscendens
597 615 698 647 locum,
713 615 864 642 venientem
886 616 1023 643 hominem

241 659 349 686 facilius
359 659 436 691 vidit,
456 667 537 694 quam
553 661 600 695 qui
617 660 686 687 infra
705 666 816 688 steterat
834 671 841 688 :
861 665 888 688 et
907 662 952 689 ille
967 662 1024 696 ipse

240 701 288 736 qui
301 703 486 736 praecucurrit,
500 708 562 730 ante
575 704 643 731 alios
655 705 829 737 renuntiavit,
846 713 899 733 non
914 707 1023 740 quidem

239 755 274 774 ea
290 755 350 781 qua:
362 748 481 775 nondum
491 750 678 785 contigissent.
692 750 738 777 sed
748 756 822 784 gesta
838 759 898 785 qua:
911 751 1023 786 jamjam

240 791 271 818 ln
287 792 329 819 via
341 797 418 819 erant
430 798 459 820 ut
477 794 689 827 nuntiarentur;
706 795 800 821 eodem
813 803 925 829 prorsus
943 797 1023 824 modo

242 837 292 870 illi,
309 838 382 866 hunc
399 839 494 866 ineunt
505 840 566 868 aliis
577 841 758 869 annuntiandi
779 842 918 874 laborem,
936 843 1022 870 solum

242 888 273 911 ut
289 883 413 919 decipere
425 887 529 919 possint
545 893 551 912 :
564 886 610 914 sed
626 887 648 914 si
671 887 774 914 interea
787 886 957 915 Providentia
972 887 1024 914 alia

241 930 348 958 ratione
364 930 500 966 disponat,
516 936 545 958 nt
557 931 672 960 facultas
681 932 733 967 ipsi
747 936 798 966 est,
811 933 845 960 de
859 933 937 968 aquis
953 937 979 960 et
991 933 1025 960 de

244 974 404 1008 viatoribus,
421 980 477 1002 tum
491 976 596 1004 mentiti
617 976 674 1009 illi,
690 981 717 1004 et
736 978 783 1011 qui
804 977 884 1004 ﬁdem
906 977 1025 1005 habuere

242 1020 348 1055 decepti
362 1026 434 1048 sunt.

277 1066 321 1093 55.
340 1067 378 1094 lta
389 1072 483 1095 exorta
500 1068 563 1094 olim
574 1072 638 1096 sunt
650 1067 796 1096 Gentilium
808 1069 929 1102 oracula,
943 1073 970 1095 et
987 1069 1024 1096 ita

240 1112 281 1140 illi
303 1113 368 1140 olim
387 1121 402 1140 a
422 1114 591 1141 daemonibus
611 1114 716 1149 decepti
739 1119 803 1142 sunt
822 1122 828 1141 :
849 1115 896 1142 sed
918 1115 1024 1143 fallacia

239 1158 345 1185 invenit
359 1158 450 1186 tinem.
468 1158 547 1187 Venit
561 1161 632 1187 enim
653 1159 785 1187 Dominus
796 1181 803 1192 ,
826 1161 873 1195 qui
887 1161 1024 1188 dzemones

242 1211 305 1231 cum
318 1203 425 1231 vafritie
435 1204 479 1231 illa
494 1212 543 1232 sua
558 1205 590 1232 de
602 1204 692 1231 medio
704 1205 825 1232 sustulit.
841 1204 914 1232 Nihil
926 1206 1025 1240 quippe

243 1249 282 1276 illi
307 1257 322 1276 a
339 1249 438 1284 seipsis
459 1255 579 1277 norunt:
603 1250 650 1277 sed
670 1251 747 1284 quasi
778 1250 862 1284 fures,
880 1259 940 1286 qua:
954 1252 1024 1287 apud

241 1294 311 1322 alios
321 1299 445 1326 cernunt,
458 1295 516 1322 haec
529 1295 676 1330 loquuntur
690 1303 696 1321 :
715 1297 859 1331 potiusque
875 1297 1026 1332 conjectare

240 1341 349 1369 dicendi
373 1344 457 1374 sunt,
475 1349 556 1376 quam
580 1341 735 1376 praevidere.
754 1342 856 1375 Quare,
880 1343 1025 1378 siquando

241 1394 306 1414 vere
321 1387 429 1419 dicant,
451 1394 486 1414 ne
499 1392 563 1415 tunc
579 1388 688 1422 quidem
710 1389 844 1423 quispiam
865 1389 1023 1416 admiretur.

240 1433 350 1460 Etenim
365 1433 415 1468 ipsi
427 1433 525 1460 medici
539 1433 585 1468 qui
598 1433 757 1461 morborum
774 1435 853 1469 periti
870 1439 944 1468 sunt,
961 1442 1024 1462 cum

242 1479 270 1506 iu
281 1479 395 1506 diversis
409 1479 532 1506 eumdem
547 1479 666 1506 viderint
680 1479 815 1512 morbum,
828 1481 944 1515 quadam
958 1488 1024 1508 con-

242 1524 388 1551 suetudine
406 1524 517 1551 morbos
534 1531 655 1559 persaepe
674 1523 782 1552 futuros
801 1526 904 1553 dicunt.
923 1526 1026 1553 Guber—
1039 1541 1060 1569 ρ

240 1572 353 1595 statores
382 1568 458 1601 item,
476 1572 557 1603 atque
571 1569 715 1603 agricolae,
733 1576 767 1596 ex
787 1574 898 1597 assueto
919 1571 1027 1605 conspi-

241 1614 331 1642 ciendi
348 1614 420 1641 aeris
439 1621 501 1647 usu,
519 1618 566 1641 aut
580 1618 766 1649 tempestatem
791 1619 837 1642 aut
852 1615 1025 1642 serenitatem

240 1658 314 1685 aeris
338 1657 507 1692 praedicunt:
526 1665 576 1685 nec
589 1658 734 1692 quisquam
757 1659 857 1685 dixerit
873 1667 920 1686 eos
933 1659 1027 1687 divino

242 1704 362 1738 quodam
388 1703 478 1730 afﬂatu
504 1703 567 1729 talia
594 1703 712 1737 prmfari,
740 1704 786 1730 sed
800 1705 984 1739 experimento
1000 1709 1027 1732 et

242 1756 304 1776 usu.
326 1748 365 1776 Ne
382 1749 444 1783 quis
465 1756 529 1784 ergo
551 1748 665 1776 miretur
689 1749 712 1777 si
730 1748 799 1777 forte
824 1750 960 1778 daemones
977 1752 1027 1778 ali-

242 1794 353 1829 quando
367 1794 426 1821 haec
445 1793 503 1828 ipsa
520 1793 676 1828 conjectura
691 1794 765 1821 ducti
779 1794 924 1829 loquantur
937 1805 943 1822 :
960 1803 1026 1822 neve

241 1841 278 1868 iis
288 1840 415 1867 adhibeat
426 1840 557 1866 animum.
570 1839 635 1872 Quae
646 1839 820 1868 audientibus
834 1841 936 1868 utilitas
951 1842 973 1868 si
990 1842 1025 1868 ab

241 1886 324 1923 656
343 1887 397 1914 illis
408 1885 585 1922 aliquotante
602 1885 698 1914 diebus
709 1886 833 1914 ediscant
855 1886 965 1914 futura?
979 1892 1025 1914 aut

1070 254 1186 280 τούντων
1202 254 1423 288 ὑποστρεφάντων
1433 275 1440 285 ,
1456 254 1602 288 ἐψεύσαντο
1616 254 1700 280 αὐτοί.

1105 299 1148 326 52.
1165 298 1244 326 οὕτω
1263 300 1308 326 καὶ
1322 300 1386 335 περὶ
1402 299 1448 327 τοῦ
1464 301 1595 335 ποταμίου
1615 300 1709 333 ὕδατος
1725 301 1797 327 ἔστιν
1808 301 1852 328 ὅτε

1072 344 1238 380 φλυαροῦσιν
1249 353 1255 359 ·
1272 345 1423 380 ἑωρακότες
1434 345 1488 381 γὰρ
1505 345 1617 377 πολλοὺς
1636 346 1730 378 ὑετοὺς
1743 346 1853 381 γινομέ-

1071 397 1132 420 νους
1147 390 1175 415 ὲν
1191 390 1246 421 τοῖς
1256 390 1305 424 τῆς
1323 389 1463 422 Αἰθιοπίας
1480 391 1584 426 μέρεσι,
1596 391 1759 422 καὶείδότες,
1773 391 1809 422 ὡς
1824 391 1853 424 ἑξ

1073 437 1184 463 ἐκείνων
1197 438 1213 471 ὴ
1228 435 1379 472 πλημμύρα
1393 436 1440 463 τοῦ
1454 438 1576 472 ποταμοῦ
1592 438 1696 472 γίνεται
1706 458 1713 469 ,
1733 439 1796 473 πρὶν
1814 438 1853 464 ἑλ-

1073 482 1128 508 θεῖν
1139 483 1178 514 είς
1190 483 1239 517 τὴν
1250 482 1386 516 Αἴγυπτον
1397 483 1426 509 τὸ
1437 482 1516 518 ὕδωρ,
1532 484 1724 519 προτρέχοντες
1735 484 1851 517 λέγουσι.

1072 528 1186 555 Teii-.08“
1197 528 1229 555 ἃν
1245 528 1289 554 καὶ
1303 529 1328 554 οἱ
1342 528 1477 564 ἄνθρωποι
1494 530 1634 566 εἰρήκασιν
1647 550 1654 561 ,
1678 532 1702 556 εἰ
1729 530 1854 557 τοσοῦτον

1073 574 1204 609 ἠδύναντο
1217 575 1341 610 δραμεῖν,
1359 576 1420 602 ὅσον
1435 576 1541 602 ἐκεῖνοι.
1553 577 1607 602 Καὶ
1623 576 1716 612 ὥσπερ
1729 578 1743 603 ὁ
1754 577 1855 608 σκοπὸς

1073 619 1119 646 τοῦ
1137 620 1226 653 Δαὸὶδ,
1240 620 1419 656 ἀνερχόμενος
1433 621 1472 652 εἰς
1486 621 1597 656 ὑψηλὸν,
1610 622 1708 657 μᾶλλον
1719 622 1765 648 τοῦ
1779 622 1855 648 κάτω

1075 665 1201 700 μένοντος
1226 666 1377 701 προέϐλεπε
1396 666 1440 693 τὸν
1457 668 1620 702 ἐρχόμενον·
1636 669 1681 695 καὶ
1702 669 1782 700 αὐτὸς
1794 669 1822 695 δὲ.
1841 670 1855 696 6

1074 711 1231 746 προτρέχων
1243 711 1319 745 ἔλεγε
1332 713 1385 747 πρὺ
1401 713 1455 739 τῶν
1468 713 1564 745 ἄλλων,
1574 714 1604 740 οὐ
1612 714 1645 740 τὰ
1659 714 1695 750 μὴ
1711 715 1854 749 γενόμενα,

1074 756 1141 783 ἀλλὰ
1157 756 1191 783 τὰ
1208 756 1257 792 ἠδη
1272 756 1396 783 ὁδεύοντα
1412 757 1458 784 καὶ
1469 758 1611 793 γινόμενα·
1633 757 1703 784 οὕτω
1721 757 1768 784 καὶ
1782 754 1856 784 οὗτοι

1075 801 1188 836 κάμνειν
1201 801 1339 836 αἱροῦνται
1354 802 1392 837 (6)
1405 823 1412 835 ,
1439 803 1485 829 καὶ
1499 803 1674 838 σημαίνουσιν
1688 803 1777 835 ἄλλοις
1789 823 1796 835 ,
1812 803 1856 831 ῐνα

1077 847 1156 881 μόνον
1183 847 1338 873 ἀπατῶσιν·
1362 847 1395 874 ἂν
1413 848 1505 882 μέντοι
1530 849 1547 883 ὴ
1569 848 1684 884 Πρόνοια
1701 848 1801 883 μεταξύ
1830 857 1857 875 τι

1076 891 1250 927 βουλεύσηται
1261 892 1385 928 περὶτῶν
1397 892 1498 919 ὑδάτων
1509 892 1587 928 ἢτῶν
1598 893 1742 919 ὁδευόντων
1758 893 1857 928 (ἔξεστι

1075 937 1128 973 γὰρ
1138 938 1234 973 αὐτῇ),
1251 938 1398 972 ἐψεύσαντο
1414 939 1438 964 οι
1449 938 1584 974 δαίμονες,
1606 939 1653 965 καὶ
1678 939 1858 975 ἠπατήθησαν

1074 985 1099 1011 οἱ
1119 984 1336 1021 προσεσχηκότες
1349 985 1449 1016 αὐτοῖς.

1110 1073 1154 1100 55.
1173 1071 1250 1098 Οὕτω
1265 1072 1380 1107 συνέστη
1396 1072 1429 1099 τὰ
1443 1072 1497 1099 τῶν
1518 1072 1652 1108 Ἑλλήνων
1665 1073 1788 1108 μαντεῖα,
1810 1073 1858 1099 καὶ

1074 1118 1160 1151 οὕτως
1176 1118 1365 1153 ἐπλανήθησαν
1378 1118 1452 1153 παρὰ
1465 1118 1501 1154 (7)
1513 1118 1567 1145 τῶν
1584 1119 1717 1154 δαιμόνων
1732 1119 1762 1145 τὸ
1778 1119 1857 1154 πρίν·

1074 1165 1140 1191 ἀλλὰ
1155 1165 1202 1190 καὶ
1215 1163 1285 1190 οὕτω
1299 1164 1436 1190 πέπαυται
1453 1163 1544 1191 λοιπὸν
1556 1165 1571 1199 ἠ
1587 1165 1685 1200 πλάνη.
1699 1162 1784 1191 Ἦλθε
1804 1164 1859 1200 γὰρ

1074 1210 1088 1235 ό
1102 1209 1202 1244 Κύριος
1219 1210 1232 1236 ὀ
1250 1209 1298 1236 σὺν
1312 1210 1380 1245 αὐτῇ
1397 1211 1429 1245 τῇ
1447 1210 1598 1246 πανουργίᾳ
1613 1210 1703 1237 αὐτῶν
1728 1210 1775 1236 καὶ
1795 1210 1860 1240 τοὺς

1074 1252 1200 1286 δαίμονας
1226 1254 1411 1288 καταργήσας.
1433 1253 1515 1280 Οὐδὲν
1540 1254 1593 1289 γὰρ
1610 1253 1785 1288 γινώσκουσιν
1811 1254 1858 1288 ἀφ’

1075 1296 1178 1324 ἑαυτῶν
1187 1307 1194 1314 ·
1209 1297 1264 1324 ἀλλ’
1278 1298 1315 1330 ὡς
1329 1298 1480 1330 κλέπται,ἂ
1493 1299 1557 1335 παρ’
1569 1299 1657 1331 ἄλλοις
1669 1299 1763 1334 ὁρῶσι.
1772 1299 1859 1326 ταῦτα

1074 1343 1243 1370 διαῦἁλλουσι
1261 1343 1298 1379 (8)
1311 1353 1317 1359 ·
1329 1345 1376 1371 καὶ
1394 1345 1493 1380 μᾶλλον
1512 1346 1656 1380 στοχασταί
1671 1347 1740 1373 εἰσιν
1761 1346 1777 1381 ἢ
1793 1354 1861 1382 πρα-

1075 1387 1203 1421 γνῶσται.
1219 1388 1274 1420 Διὸ,
1290 1387 1339 1414 κᾶν
1356 1388 1441 1424 ἀληθῆ
1458 1397 1522 1416 ποτε
1539 1389 1650 1416 τοιαῦτα
1666 1389 1775 1424 λέγωσι,
1797 1389 1859 1426 μηδ’

1075 1432 1161 1465 οὕτως
1178 1433 1276 1466 αὐτοὺς
1301 1433 1464 1469 θαυμαζέτω
1483 1444 1535 1467 τις.
1561 1436 1616 1462 Καὶ
1631 1435 1685 1471 γὰρ
1708 1435 1754 1462 καὶ
1772 1436 1860 1472 ίατροὶ

1075 1480 1173 1513 πεῖραν
1186 1478 1292 1514 ἔχοντες
1306 1479 1359 1506 τῶν
1376 1480 1546 1516 νοσημάτων.
1561 1481 1669 1507 ἐπειδὰν
1685 1482 1860 1517 θεωρήσωσιν

1077 1524 1105 1550 ὲν
1116 1524 1260 1560 ἄλλοιςτὴν
1272 1526 1356 1561 αὐτὴν
1366 1526 1452 1559 νόσον,
1464 1526 1592 1558 πολλάκις
1604 1527 1795 1562 στοχαζόμενοι
1806 1526 1860 1554 ἀπὸ

1077 1570 1127 1604 τῆς
1144 1570 1288 1605 συνηθείας
1305 1571 1478 1606 προλέγουσι.
1501 1572 1556 1599 Καὶ
1579 1571 1742 1608 κυϐερνῆται
1763 1572 1791 1599 δὲ
1812 1573 1861 1599 καὶ

1078 1615 1194 1650 γεωργοὶ
1204 1616 1294 1648 πάλιν,
1315 1617 1368 1654 ἀπο
1380 1617 1428 1653 τῆς
1443 1617 1586 1653 συνηθείας
1598 1617 1740 1652 βλέποντες
1752 1618 1800 1652 τὴν
1811 1617 1860 1644 τοῦ

1078 1659 1157 1695 ἀέρος
1179 1660 1354 1693 κατάστασιν,
1371 1662 1573 1697 προλέγουσινῆ
1597 1662 1719 1698 χειμῶνα
1733 1663 1750 1698 ἢ
1774 1662 1861 1689 εὒδιον

1078 1705 1146 1740 ἀέρα
1163 1705 1270 1733 ἔσεσθαι
1281 1715 1287 1722 ’
1296 1708 1343 1733 καὶ
1356 1708 1386 1734 οὐ
1398 1707 1442 1734 διὰ.
1455 1707 1533 1734 τοῦτο
1548 1707 1581 1734 ἐκ
1594 1707 1667 1739 θείας
1676 1707 1859 1742 ἐπιπνοίαςίθ)

1079 1751 1177 1784 αὐτοὺς
1188 1752 1220 1779 ἄν
1231 1761 1272 1784 τις
1289 1753 1359 1780 εἴποι
1378 1753 1532 1788 προλέγειν,
1549 1753 1606 1780 ἀλλ’
1623 1753 1676 1780 ἀπὸ
1699 1753 1748 1789 τῆς
1762 1753 1860 1788 πείρας

1079 1797 1126 1824 καὶ
1144 1797 1195 1832 τῆς
1214 1798 1367 1834 συνηθείας.
1380 1798 1460 1825 Ὅθεν
1476 1800 1500 1825 εί
1515 1799 1560 1825 καὶ
1579 1801 1602 1826 ol
1611 1799 1736 1834 δαίμονες
1748 1797 1784 1826 τά
1792 1799 1862 1827 αὐτά

1078 1851 1142 1869 ποτε
1156 1843 1345 1878 στοχαζόμενοι
1357 1843 1475 1877 λέγουσι,
1493 1843 1532 1879 μὴ
1549 1844 1592 1870 διὰ
1614 1844 1691 1870 τοῦτό
1706 1852 1747 1875 τις
1764 1845 1862 1875 αὐτοὺς

1078 1888 1253 1923 θαυμαζέτω,
1269 1889 1336 1925 μηδὲ
1353 1889 1508 1925 προσεχέτω
1522 1889 1635 1921 τούτοις.
1648 1889 1681 1915 Τί
1699 1889 1753 1925 γὰρ
1765 1890 1861 1925 χρήσι-

911 1933 1038 1962 VERSIO
1057 1935 1209 1964 EVAGRII.

249 1980 380 2019 .‘liebaide
395 1984 443 2007 aut
456 1978 570 2019 alicujus
583 1978 702 2015 regionis
714 1979 814 2014 oppido
827 1980 945 2019 creperit
954 1980 1089 2019 proficisci
1104 1985 1131 2008 et
1143 1982 1216 2009 hunc
1227 1981 1283 2016 jam
1296 1981 1433 2010 daemones
1448 1981 1505 2019 (10)
1517 1981 1634 2009 viderint
1645 1982 1673 2009 in
1685 1982 1782 2009 itinere
1801 1989 1861 2009 am-

241 2017 391 2048 bulantem,
405 2015 564 2050 pernicitate
576 2019 724 2050 memorata
738 2019 851 2050 possunt
865 2015 1011 2049 praedicere
1024 2016 1187 2044 venientem.

277 2051 322 2079 32.
339 2051 378 2078 lla
404 2048 431 2077 et
457 2050 490 2087 de
513 2048 566 2087 Nili
594 2048 771 2087 inundatione
798 2048 924 2087 solemni,
951 2057 1013 2076 cum
1030 2051 1129 2079 multas
1151 2052 1178 2078 in
1193 2051 1337 2087 [Ethiopia
1352 2052 1470 2079 viderint
1483 2052 1587 2086 pluvias
1598 2072 1606 2084 ,
1622 2059 1637 2079 e
1654 2052 1754 2087 quibus
1765 2051 1862 2078 fluvius

240 2086 436 2122 intumescens,
453 2084 522 2122 ultra
537 2085 642 2122 alveum
657 2084 941 2122 effluereconsuevit,
959 2093 1154 2119 praecurrentes
1168 2086 1201 2113 ad
1219 2084 1376 2122 Egyptum,
1394 2084 1519 2114 nuntia—nt
1531 2087 1619 2114 amnis
1630 2084 1775 2114 adventum
1789 2095 1796 2113 :
1809 2087 1862 2114 hoc

240 2126 333 2149 autem
349 2126 376 2148 et
390 2120 523 2157 homines,
539 2119 571 2157 si
581 2119 634 2157 illis
646 2119 793 2157 celeritatis
808 2124 881 2157 esset
894 2124 977 2147 tanta:
991 2125 1098 2157 natura,
1115 2122 1194 2148 facile
1211 2119 1367 2149 nuntiarent
1380 2131 1386 2148 :
1400 2127 1429 2149 ut
1445 2122 1517 2148 enim
1531 2123 1684 2157 speculator
1694 2122 1765 2149 beati
1778 2122 1861 2149 David

242 2157 275 2184 ad
290 2156 420 2184 verticem
439 2155 494 2191 loci
508 2154 630 2182 celsioris
649 2154 816 2191 ascendens,
832 2154 907 2191 prior
927 2162 1009 2189 quam
1026 2156 1051 2182 hi
1067 2157 1112 2191 qui
1132 2157 1158 2183 in
1174 2161 1245 2184 terra
1259 2161 1353 2189 erant,
1375 2154 1709 2191 prospiciens'venientes,
1720 2165 1773 2184 non
1787 2164 1864 2190 qua-

241 2191 424 2228 damincerta
437 2189 470 2228 de
485 2189 592 2222 futuris,
602 2190 646 2228 sed
657 2189 696 2228 _de
712 2189 754 2216 his
769 2189 922 2228 qui__v_er_vire_
934 2189 1083 2222 coeperant,
1099 2192 1260 2228 nuntiabat:
1270 2192 1312 2228 sic
1325 2198 1352 2218 et
1361 2189 1428 2228 aerii
1441 2189 1576 2219 daemones
1587 2192 1646 2228 μί)
1661 2199 1725 2219 cura
1738 2189 1863 2228 pervigili

241 2227 334 2254 omnia
350 2225 573 2261 considerantes,
588 2224 682 2259 rapido
699 2232 781 2261 cursu
799 2225 850 2261 sibi
869 2225 984 2261 invicem
1000 2227 1145 2253 nuntiant:
1159 2228 1204 2254 sed
1226 2227 1249 2254 si
1266 2226 1336 2253 forte
1358 2227 1519 2261 contigerit,
1537 2232 1566 2254 ut
1586 2224 1713 2254 Dei'num
1728 2224 1760 2253 ad
1781 2224 1862 2254 ﬁniam

242 2266 332 2296 coepta
349 2269 401 2288 non
420 2260 530 2297 veniant
543 2268 550 2287 :
563 2260 614 2287 hoc
635 2264 677 2286 est
691 2259 713 2286 si
729 2260 876 2297 autviator
889 2267 904 2286 e
918 2260 1006 2286 media
1025 2261 1192 2296 regrediatur
1213 2262 1257 2288 via
1268 2281 1275 2293 ,
1294 2267 1340 2288 aut
1356 2259 1494 2296 suspensa:
1508 2262 1626 2289 nubibus
1640 2269 1718 2297 aqua:
1730 2261 1763 2289 ad
1778 2262 1861 2289 alium

241 2295 304 2325 οωῙὶ
321 2297 463 2324 cardinem
474 2295 642 2331 deferantur,
653 2299 717 2331 tunc
728 2295 920 2331 decipientium
935 2302 987 2322 una
996 2295 1245 2327 cnm’credentibus
1260 2304 1336 2324 error
1351 2297 1479 2331 aperitur.

276 2332 321 2359 55.
334 2331 397 2358 Haec
408 2330 565 2365 gentilitatis
574 2329 648 2366 fuere
660 2329 805 2366 pI_-incipia',
821 2329 1094 2366 hisprwsagatorum
1105 2331 1237 2366 (19)dolis
1249 2333 1318 2366 apud
1330 2329 1440 2359 delubra
1454 2332 1606 2358 daemonum
1618 2330 1754 2366 quondam
1767 2331 1862 2358 crede-

241 2367 340 2394 bantur
350 2364 471 2406 oraeula;
481 2372 541 2399 quae
555 2365 669 2392 adventu
679 2364 786 2406 Domini
795 2365 880 2392 nostri
890 2364 955 2406 {esu
967 2365 1068 2406 Christi
1080 2364 1180 2406 indicto
1194 2368 1244 2394 sibi
1254 2364 1370 2398 silentio,
1380 2367 1584 2406 obmutuerunt,
1595 2364 1864 2406 suosqueperdidere

240 2403 372 2437 captivos.
397 2401 463 2434 Quis
476 2421 483 2433 ,

507 2408 592 2436 rogo,
608 2404 655 2436 aut
678 2400 812 2427 medicum
837 2407 869 2426 ex
884 2400 1074 2436 observatione
1089 2402 1255 2435 morborum,
1268 2409 1329 2429 cum
1347 2401 1444 2428 anima:
1460 2403 1600 2429 mstuantis
1624 2400 1748 2428 incendia
1762 2401 1816 2436 (15)
1829 2401 1863 2428 de

240 2435 371 2465 venarum
387 2436 466 2470 pulsu
490 2435 542 2462 levi
561 2435 861 2471 digitorumrscrutatnr
875 2438 975 2471 attactu
986 2455 994 2465 ,
1008 2435 1126 2463 divinam
1146 2438 1294 2464 arbitratur
1305 2437 1404 2463 habere
1415 2437 1560 2464 notitiam?
1573 2436 1635 2471 quis
1653 2436 1862 2470 gubernatorem

242 2469 421 2511 navigationis
432 2478 488 2511 suae
498 2471 569 2497 viam
586 2469 729 2511 inter-coeli
744 2470 833 2511 sidera
846 2469 1027 2511 requirentem
1040 2471 1191 2511 majestatis
1201 2472 1306 2511 honore
1318 2472 1483 2498 veneratur?
1495 2473 1557 2506 quis
1572 2469 1718 2511 agricolam
1730 2471 1763 2498 de
1778 2471 1863 2511 aridis

241 2505 343 2535 aestatis
359 2506 512 2534 fervoribus
523 2525 530 2537 ,
547 2510 595 2532 aut
611 2505 644 2533 de
661 2505 771 2532 hiemali
791 2512 925 2539 aquarum
946 2505 1071 2540 largitate
1085 2505 1136 2534 'vel
1160 2507 1261 2543 frigore
1281 2507 1465 2542 disputantem
1477 2527 1485 2540 ,
1504 2505 1564 2534 non
1585 2505 1676 2542 potius
1694 2506 1863 2540 experientia

278 2555 301 2572 "
315 2555 336 2582 ll
353 2554 419 2589 Reg.
437 2561 514 2585 xvnl,
531 2553 580 2580 2L

278 2603 317 2638 (6)
332 2602 377 2630 Sic
398 2609 494 2629 omnes
518 2608 674 2638 [venenosa
696 2600 785 2638 Editi,
809 2601 945 2636 ἐροῦνται.
969 2602 1029 2629 Mox
1042 2603 1069 2634 ν

241 2636 318 2667 Coib.
334 2639 361 2670 9.,
376 2637 481 2669 ἄλλοις.
500 2637 563 2668 Alii,
585 2636 718 2672 ἀλλήλοις.
731 2637 790 2663 Mox
805 2637 915 2671 quidam
931 2646 1030 2665 manu-

242 2674 345 2706 scripti,
360 2673 510 2699 ἀπατῶσιν.
524 2672 576 2698 Alii
592 2679 653 2699 cum
667 2672 756 2703 editis,
773 2673 939 2699 ἀπατῶνται.

279 2708 316 2744 (7)
331 2709 359 2735 In
375 2708 458 2744 editis
471 2707 657 2744 legebattlrioi
673 2712 735 2744 ante
747 2708 832 2744 παρά,
844 2708 892 2744 sed
906 2709 982 2744 deest
1000 2708 1028 2735 in

243 2742 308 2777 Reg.
327 2744 352 2774 1.
368 2744 386 2769 2
400 2748 426 2770 et
439 2742 557 2770 Colbert.
573 2743 601 2770 2.
614 2742 883 2778 ίιιίιοηὶιίοιηίοὺδὲν
897 2742 959 2778 ἄρα.

278 2778 317 2812 (8)
333 2778 433 2812 Regius
447 2777 560 2812 primus,
573 2777 737 2804 διαλαλοῦσι.

279 2813 318 2852 φ)
339 2813 385 2840 Sic
407 2812 509 2849 Regius
526 2813 661 2841 secundus
681 2818 708 2840 et
726 2813 872 2841 Colbeltin.
897 2813 924 2845 ‘2,
944 2818 1025 2840 recte.

243 2846 314 2879 Editi
332 2855 403 2880 vero,
417 2846 552 2882 προνοίας.

1119 2603 1174 2639 (10)
1191 2603 1236 2631 Sic
1256 2603 1432 2638 manuscripti
1451 2610 1556 2630 omnes.
1578 2601 1726 2629 Bollandus
1741 2609 1823 2635 vero,
1838 2606 1864 2628 et

1082 2638 1151 2665 hunc
1167 2639 1306 2666 dwmoues.

1119 2674 1173 2710 (li)
1191 2673 1228 2700 ita
1245 2672 1602 2710 manuscriptiaBollandus,
1615 2671 1652 2710 εἰς
1664 2676 1688 2710 et
1704 2671 1845 2710 dit-mones.

1118 2707 1172 2744 (1'2)
1190 2709 1322 2741 Desmar.,
1336 2707 1533 2743 pr'tésagiorum.
1545 2707 1693 2740 Rosweid.,
1707 2707 1865 2741 prasagito—

1081 2745 1212 2782 rum,_al_ii_
1227 2752 1288 2771 cum
1305 2744 1438 2776 Boiland.,
1455 2748 1672 2782 prcesagetoeum.
1683 2776 1700 2782 η
1747 2775 1754 2782 .
1821 2775 1828 2782 θ

1115 2780 1171 2812 (13)
1186 2779 1230 2807 Sic
1244 2787 1338 2807 omnes
1352 2786 1418 2813 pene
1440 2775 1629 2812 manuscripti.
1644 2775 1799 2807 Bollandus,
1817 2775 1862 2801 ir:-

1079 2816 1208 2841 cendium.
