  <div class='ocr_page' id='page_1' title='image "/cluster/home/n/w/nwhite01/storage/ocr_20150623/26/njp.32101077772521/453.png"; bbox 0 0 1977 3039; ppageno 0'>
   <div class='ocr_carea' id='block_1_1' title="bbox 212 131 1836 170">
    <p class='ocr_par' dir='ltr' id='par_1_1' title="bbox 212 131 1836 170">
     <span class='ocr_line' id='line_1_1' title="bbox 212 131 1836 170; baseline -0.007 0"><span class='ocrx_word' id='word_1_1' title='bbox 212 141 266 170; x_wconf 82' lang='lat'><strong>395</strong></span> <span class='ocrx_word' id='word_1_2' title='bbox 498 140 528 168; x_wconf 85' lang='lat' dir='ltr'><strong>S.</strong></span> <span class='ocrx_word' id='word_1_3' title='bbox 548 137 734 166; x_wconf 75' lang='lat' dir='ltr'><strong>ATHANASII</strong></span> <span class='ocrx_word' id='word_1_4' title='bbox 755 137 832 165; x_wconf 84' lang='lat' dir='ltr'><strong>OPP.</strong></span> <span class='ocrx_word' id='word_1_5' title='bbox 853 137 942 164; x_wconf 65' lang='lat' dir='ltr'><strong>PARS</strong></span> <span class='ocrx_word' id='word_1_6' title='bbox 961 135 982 162; x_wconf 90' lang='lat' dir='ltr'><strong>l.</strong></span> <span class='ocrx_word' id='word_1_7' title='bbox 1004 151 1038 156; x_wconf 85' lang='lat'><strong>--</strong></span> <span class='ocrx_word' id='word_1_8' title='bbox 1055 133 1242 162; x_wconf 74' lang='lat' dir='ltr'><strong>HISTORICA</strong></span> <span class='ocrx_word' id='word_1_9' title='bbox 1261 133 1304 161; x_wconf 84' lang='lat' dir='ltr'>ET</span> <span class='ocrx_word' id='word_1_10' title='bbox 1327 131 1537 161; x_wconf 75' lang='lat' dir='ltr'><strong>DOGMATICA.</strong></span> <span class='ocrx_word' id='word_1_11' title='bbox 1613 139 1616 142; x_wconf 94' lang='lat'>&#39;</span> <span class='ocrx_word' id='word_1_12' title='bbox 1785 132 1836 158; x_wconf 76' lang='lat'><strong>896</strong></span> 
     </span>
    </p>
   </div>
   <div class='ocr_carea' id='block_1_2' title="bbox 211 190 1000 238">
    <p class='ocr_par' dir='ltr' id='par_1_2' title="bbox 211 196 998 238">
     <span class='ocr_line' id='line_1_2' title="bbox 211 196 998 238; baseline -0.009 -7"><span class='ocrx_word' id='word_1_13' title='bbox 211 211 274 231; x_wconf 83' lang='lat' dir='ltr'><strong>rum</strong></span> <span class='ocrx_word' id='word_1_14' title='bbox 291 202 391 238; x_wconf 83' lang='lat' dir='ltr'><strong>quippe</strong></span> <span class='ocrx_word' id='word_1_15' title='bbox 406 200 475 228; x_wconf 84' lang='lat' dir='ltr'><strong>visio</strong></span> <span class='ocrx_word' id='word_1_16' title='bbox 499 208 554 228; x_wconf 89' lang='lat' dir='ltr'><strong>non</strong></span> <span class='ocrx_word' id='word_1_17' title='bbox 575 200 807 236; x_wconf 87' lang='lat' dir='ltr'><strong>perturbationem</strong></span> <span class='ocrx_word' id='word_1_18' title='bbox 832 198 919 226; x_wconf 77' lang='lat' dir='ltr'><strong>aﬂ&#39;ert.</strong></span> <span class='ocrx_word' id='word_1_19' title='bbox 937 196 998 224; x_wconf 79' lang='lat' dir='ltr'><strong>Non</strong></span> 
     </span>
    </p>
   </div>
   <div class='ocr_carea' id='block_1_3' title="bbox 1052 190 1836 238">
    <p class='ocr_par' dir='ltr' id='par_1_3' title="bbox 1052 190 1836 228">
     <span class='ocr_line' id='line_1_3' title="bbox 1052 190 1836 228; baseline -0.008 -6"><span class='ocrx_word' id='word_1_20' title='bbox 1052 195 1129 222; x_wconf 83' lang='grc' dir='ltr'>νατόν</span> <span class='ocrx_word' id='word_1_21' title='bbox 1137 196 1195 222; x_wconf 65' lang='grc' dir='ltr'>ἐστι</span> <span class='ocrx_word' id='word_1_22' title='bbox 1205 193 1362 228; x_wconf 82' lang='grc' dir='ltr'>διαγνῶναι,</span> <span class='ocrx_word' id='word_1_23' title='bbox 1374 192 1420 219; x_wconf 78' lang='grc' dir='ltr'><strong>τοῦ</strong></span> <span class='ocrx_word' id='word_1_24' title='bbox 1427 192 1494 220; x_wconf 82' lang='grc' dir='ltr'>Θεοῦ</span> <span class='ocrx_word' id='word_1_25' title='bbox 1507 191 1624 223; x_wconf 80' lang='grc' dir='ltr'>διδόντος</span> <span class='ocrx_word' id='word_1_26' title='bbox 1636 190 1732 222; x_wconf 68' lang='grc' dir='ltr'>οὕτως.</span> <span class='ocrx_word' id='word_1_27' title='bbox 1740 190 1773 217; x_wconf 80' lang='grc' dir='ltr'><strong><em>Ἦ</em></strong></span> <span class='ocrx_word' id='word_1_28' title='bbox 1785 191 1836 226; x_wconf 72' lang='grc' dir='ltr'>μὲν</span> 
     </span>
    </p>
   </div>
   <div class='ocr_carea' id='block_1_4' title="bbox 212 246 999 282">
    <p class='ocr_par' dir='ltr' id='par_1_4' title="bbox 212 246 999 282">
     <span class='ocr_line' id='line_1_4' title="bbox 212 246 999 282; baseline -0.006 -5"><span class='ocrx_word' id='word_1_29' title='bbox 212 249 347 277; x_wconf 77' lang='lat' dir='ltr'><strong>contendet</strong></span> <span class='ocrx_word' id='word_1_30' title='bbox 367 248 436 275; x_wconf 78' lang='lat' dir='ltr'><strong>enim</strong></span> <span class='ocrx_word' id='word_1_31' title='bbox 456 255 536 282; x_wconf 76' lang='lat' dir='ltr'><strong>neque</strong></span> <span class='ocrx_word' id='word_1_32' title='bbox 554 246 691 278; x_wconf 81' lang='lat' dir='ltr'><strong>clamabit,</strong></span> <span class='ocrx_word' id='word_1_33' title='bbox 701 254 781 282; x_wconf 80' lang='lat' dir='ltr'><strong>neque</strong></span> <span class='ocrx_word' id='word_1_34' title='bbox 800 246 890 273; x_wconf 78' lang='lat' dir='ltr'><strong>audiet</strong></span> <span class='ocrx_word' id='word_1_35' title='bbox 903 246 999 281; x_wconf 72' lang='lat' dir='ltr'><strong>aliquis</strong></span> 
     </span>
    </p>
   </div>
   <div class='ocr_carea' id='block_1_5' title="bbox 211 292 999 329">
    <p class='ocr_par' dir='ltr' id='par_1_5' title="bbox 211 292 999 329">
     <span class='ocr_line' id='line_1_5' title="bbox 211 292 999 329; baseline -0.003 -7"><span class='ocrx_word' id='word_1_36' title='bbox 211 303 298 323; x_wconf 80' lang='lat' dir='ltr'><strong>ment</strong></span> <span class='ocrx_word' id='word_1_37' title='bbox 313 294 370 329; x_wconf 72' lang='lat' dir='ltr'><strong>ejus</strong></span> <span class='ocrx_word' id='word_1_38' title='bbox 392 294 414 309; x_wconf 90' lang='lat'><strong>&quot;</strong></span> <span class='ocrx_word' id='word_1_39' title='bbox 433 303 440 321; x_wconf 87' lang='lat'><strong>:</strong></span> <span class='ocrx_word' id='word_1_40' title='bbox 458 293 506 321; x_wconf 85' lang='lat' dir='ltr'><strong>sed</strong></span> <span class='ocrx_word' id='word_1_41' title='bbox 523 293 560 320; x_wconf 89' lang='lat' dir='ltr'><strong>ita</strong></span> <span class='ocrx_word' id='word_1_42' title='bbox 575 293 691 328; x_wconf 86' lang='lat' dir='ltr'><strong>placide.</strong></span> <span class='ocrx_word' id='word_1_43' title='bbox 708 292 744 320; x_wconf 90' lang='lat' dir='ltr'><strong>ita</strong></span> <span class='ocrx_word' id='word_1_44' title='bbox 758 292 855 320; x_wconf 76' lang='lat' dir='ltr'><strong>leniter</strong></span> <span class='ocrx_word' id='word_1_45' title='bbox 869 292 899 320; x_wconf 81' lang='lat' dir='ltr'><strong>ﬁt</strong></span> <span class='ocrx_word' id='word_1_46' title='bbox 921 293 999 325; x_wconf 87' lang='lat' dir='ltr'><strong>illud,</strong></span> 
     </span>
    </p>
   </div>
   <div class='ocr_carea' id='block_1_6' title="bbox 212 340 1000 376">
    <p class='ocr_par' dir='ltr' id='par_1_6' title="bbox 212 340 1000 376">
     <span class='ocr_line' id='line_1_6' title="bbox 212 340 1000 376; baseline -0.001 -7"><span class='ocrx_word' id='word_1_47' title='bbox 212 346 242 370; x_wconf 85' lang='lat' dir='ltr'><strong>ut</strong></span> <span class='ocrx_word' id='word_1_48' title='bbox 263 340 404 376; x_wconf 75' lang='lat' dir='ltr'><strong>gaudium,</strong></span> <span class='ocrx_word' id='word_1_49' title='bbox 425 340 572 368; x_wconf 76' lang='lat' dir='ltr'><strong>exsultatio</strong></span> <span class='ocrx_word' id='word_1_50' title='bbox 588 345 615 368; x_wconf 88' lang='lat' dir='ltr'><strong>et</strong></span> <span class='ocrx_word' id='word_1_51' title='bbox 632 340 723 367; x_wconf 71' lang='lat' dir='ltr'><strong>laetitia</strong></span> <span class='ocrx_word' id='word_1_52' title='bbox 747 340 812 368; x_wconf 90' lang='lat' dir='ltr'><strong>hinc</strong></span> <span class='ocrx_word' id='word_1_53' title='bbox 834 340 931 368; x_wconf 63' lang='lat' dir='ltr'><strong>anime</strong></span> <span class='ocrx_word' id='word_1_54' title='bbox 951 349 1000 368; x_wconf 84' lang='lat' dir='ltr'><strong>ex-</strong></span> 
     </span>
    </p>
   </div>
   <div class='ocr_carea' id='block_1_7' title="bbox 211 381 1000 421">
    <p class='ocr_par' dir='ltr' id='par_1_7' title="bbox 211 381 1000 421">
     <span class='ocr_line' id='line_1_7' title="bbox 211 381 1000 421; baseline -0.001 -7"><span class='ocrx_word' id='word_1_55' title='bbox 211 387 317 415; x_wconf 83' lang='lat' dir='ltr'><strong>oriatur</strong></span> <span class='ocrx_word' id='word_1_56' title='bbox 331 381 414 414; x_wconf 14' lang='lat' dir='ltr'><strong>ticum</strong></span> <span class='ocrx_word' id='word_1_57' title='bbox 439 386 494 414; x_wconf 89' lang='lat' dir='ltr'><strong>illis</strong></span> <span class='ocrx_word' id='word_1_58' title='bbox 506 386 607 421; x_wconf 87' lang='lat' dir='ltr'><strong>quippe</strong></span> <span class='ocrx_word' id='word_1_59' title='bbox 620 385 702 421; x_wconf 74' lang='lat'><strong>657</strong></span> <span class='ocrx_word' id='word_1_60' title='bbox 723 386 855 413; x_wconf 86' lang='lat' dir='ltr'><strong>Dominus</strong></span> <span class='ocrx_word' id='word_1_61' title='bbox 875 390 917 414; x_wconf 86' lang='lat' dir='ltr'><strong>est</strong></span> <span class='ocrx_word' id='word_1_62' title='bbox 931 405 938 418; x_wconf 92' lang='lat'><strong>,</strong></span> <span class='ocrx_word' id='word_1_63' title='bbox 952 386 1000 421; x_wconf 87' lang='lat' dir='ltr'><strong>qui</strong></span> 
     </span>
    </p>
   </div>
   <div class='ocr_carea' id='block_1_8' title="bbox 213 431 997 467">
    <p class='ocr_par' dir='ltr' id='par_1_8' title="bbox 213 431 997 467">
     <span class='ocr_line' id='line_1_8' title="bbox 213 431 997 467; baseline -0.003 -8"><span class='ocrx_word' id='word_1_64' title='bbox 213 436 337 459; x_wconf 86' lang='lat' dir='ltr'><strong>nostrum</strong></span> <span class='ocrx_word' id='word_1_65' title='bbox 362 431 492 467; x_wconf 78' lang='lat' dir='ltr'><strong>gaudium</strong></span> <span class='ocrx_word' id='word_1_66' title='bbox 520 435 572 463; x_wconf 87' lang='lat' dir='ltr'><strong>est,</strong></span> <span class='ocrx_word' id='word_1_67' title='bbox 603 431 705 466; x_wconf 85' lang='lat' dir='ltr'><strong>Deique</strong></span> <span class='ocrx_word' id='word_1_68' title='bbox 740 431 828 458; x_wconf 79' lang='lat' dir='ltr'><strong>Patris</strong></span> <span class='ocrx_word' id='word_1_69' title='bbox 856 431 997 466; x_wconf 89' lang='lat' dir='ltr'><strong>potentia:</strong></span> 
     </span>
    </p>
   </div>
   <div class='ocr_carea' id='block_1_9' title="bbox 210 477 999 513">
    <p class='ocr_par' dir='ltr' id='par_1_9' title="bbox 210 477 999 513">
     <span class='ocr_line' id='line_1_9' title="bbox 210 477 999 513; baseline 0.003 -9"><span class='ocrx_word' id='word_1_70' title='bbox 210 477 326 513; x_wconf 78' lang='lat' dir='ltr'><strong>ejusque</strong></span> <span class='ocrx_word' id='word_1_71' title='bbox 341 478 521 513; x_wconf 76' lang='lat' dir='ltr'><strong>cogitationes</strong></span> <span class='ocrx_word' id='word_1_72' title='bbox 536 478 739 513; x_wconf 60' lang='lat' dir='ltr'><strong>imperturbata</strong></span> <span class='ocrx_word' id='word_1_73' title='bbox 749 482 777 505; x_wconf 90' lang='lat' dir='ltr'><strong>et</strong></span> <span class='ocrx_word' id='word_1_74' title='bbox 788 478 942 513; x_wconf 62' lang='lat' dir='ltr'><strong>tranquillae</strong></span> <span class='ocrx_word' id='word_1_75' title='bbox 956 486 999 506; x_wconf 93' lang='lat' dir='ltr'><strong>re-</strong></span> 
     </span>
    </p>
   </div>
   <div class='ocr_carea' id='block_1_10' title="bbox 212 523 999 559">
    <p class='ocr_par' dir='ltr' id='par_1_10' title="bbox 212 523 999 559">
     <span class='ocr_line' id='line_1_10' title="bbox 212 523 999 559; baseline 0 -9"><span class='ocrx_word' id='word_1_76' title='bbox 212 527 340 556; x_wconf 79' lang='lat' dir='ltr'><strong>manent;</strong></span> <span class='ocrx_word' id='word_1_77' title='bbox 357 523 393 551; x_wconf 92' lang='lat' dir='ltr'><strong>ita</strong></span> <span class='ocrx_word' id='word_1_78' title='bbox 409 527 439 550; x_wconf 91' lang='lat' dir='ltr'><strong>ut</strong></span> <span class='ocrx_word' id='word_1_79' title='bbox 451 523 604 550; x_wconf 90' lang='lat' dir='ltr'><strong>illuminata</strong></span> <span class='ocrx_word' id='word_1_80' title='bbox 617 523 686 559; x_wconf 81' lang='lat' dir='ltr'><strong>ipsa,</strong></span> <span class='ocrx_word' id='word_1_81' title='bbox 699 531 746 558; x_wconf 77' lang='lat' dir='ltr'><strong>per</strong></span> <span class='ocrx_word' id='word_1_82' title='bbox 756 524 873 559; x_wconf 88' lang='lat' dir='ltr'><strong>seipsam</strong></span> <span class='ocrx_word' id='word_1_83' title='bbox 889 531 936 552; x_wconf 88' lang='lat' dir='ltr'><strong>eos</strong></span> <span class='ocrx_word' id='word_1_84' title='bbox 952 524 999 559; x_wconf 91' lang='lat' dir='ltr'><strong>qui</strong></span> 
     </span>
    </p>
   </div>
   <div class='ocr_carea' id='block_1_11' title="bbox 211 569 999 604">
    <p class='ocr_par' dir='ltr' id='par_1_11' title="bbox 211 569 999 604">
     <span class='ocr_line' id='line_1_11' title="bbox 211 569 999 604; baseline 0 -8"><span class='ocrx_word' id='word_1_85' title='bbox 211 573 343 604; x_wconf 77' lang='lat' dir='ltr'><strong>apparent</strong></span> <span class='ocrx_word' id='word_1_86' title='bbox 356 569 564 604; x_wconf 75' lang='lat' dir='ltr'><strong>contempletur.</strong></span> <span class='ocrx_word' id='word_1_87' title='bbox 578 569 648 597; x_wconf 91' lang='lat' dir='ltr'><strong>Tum</strong></span> <span class='ocrx_word' id='word_1_88' title='bbox 663 569 818 596; x_wconf 84' lang='lat' dir='ltr'><strong>divinorum</strong></span> <span class='ocrx_word' id='word_1_89' title='bbox 835 574 915 604; x_wconf 85' lang='lat' dir='ltr'><strong>atque</strong></span> <span class='ocrx_word' id='word_1_90' title='bbox 926 569 999 596; x_wconf 88' lang='lat' dir='ltr'><strong>futu-</strong></span> 
     </span>
    </p>
   </div>
   <div class='ocr_carea' id='block_1_12' title="bbox 212 615 1000 651">
    <p class='ocr_par' dir='ltr' id='par_1_12' title="bbox 212 615 1000 651">
     <span class='ocr_line' id='line_1_12' title="bbox 212 615 1000 651; baseline 0.003 -9"><span class='ocrx_word' id='word_1_91' title='bbox 212 622 306 642; x_wconf 91' lang='lat' dir='ltr'><strong>rorum</strong></span> <span class='ocrx_word' id='word_1_92' title='bbox 318 615 452 642; x_wconf 91' lang='lat' dir='ltr'><strong>bonorum</strong></span> <span class='ocrx_word' id='word_1_93' title='bbox 470 615 636 643; x_wconf 86' lang='lat' dir='ltr'><strong>desiderium</strong></span> <span class='ocrx_word' id='word_1_94' title='bbox 653 620 770 651; x_wconf 84' lang='lat' dir='ltr'><strong>occupat</strong></span> <span class='ocrx_word' id='word_1_95' title='bbox 787 617 874 651; x_wconf 77' lang='lat' dir='ltr'><strong>ipsam</strong></span> <span class='ocrx_word' id='word_1_96' title='bbox 886 637 893 649; x_wconf 86' lang='lat'><strong>,</strong></span> <span class='ocrx_word' id='word_1_97' title='bbox 908 616 1000 644; x_wconf 87' lang='lat' dir='ltr'><strong>vellet-</strong></span> 
     </span>
    </p>
   </div>
   <div class='ocr_carea' id='block_1_13' title="bbox 211 661 1000 697">
    <p class='ocr_par' dir='ltr' id='par_1_13' title="bbox 211 661 1000 697">
     <span class='ocr_line' id='line_1_13' title="bbox 211 661 1000 697; baseline 0.004 -10"><span class='ocrx_word' id='word_1_98' title='bbox 211 668 264 696; x_wconf 87' lang='lat' dir='ltr'><strong>que</strong></span> <span class='ocrx_word' id='word_1_99' title='bbox 277 668 391 696; x_wconf 84' lang='lat' dir='ltr'><strong>prorsus</strong></span> <span class='ocrx_word' id='word_1_100' title='bbox 408 661 442 689; x_wconf 90' lang='lat' dir='ltr'><strong>iis</strong></span> <span class='ocrx_word' id='word_1_101' title='bbox 455 661 581 697; x_wconf 85' lang='lat' dir='ltr'><strong>adjungi,</strong></span> <span class='ocrx_word' id='word_1_102' title='bbox 606 666 636 689; x_wconf 90' lang='lat' dir='ltr'><strong>ut</strong></span> <span class='ocrx_word' id='word_1_103' title='bbox 659 670 720 689; x_wconf 91' lang='lat' dir='ltr'><strong>cum</strong></span> <span class='ocrx_word' id='word_1_104' title='bbox 736 662 789 690; x_wconf 93' lang='lat' dir='ltr'><strong>illis</strong></span> <span class='ocrx_word' id='word_1_105' title='bbox 805 662 900 690; x_wconf 88' lang='lat' dir='ltr'><strong>abiret.</strong></span> <span class='ocrx_word' id='word_1_106' title='bbox 921 661 1000 695; x_wconf 85' lang='lat' dir='ltr'><strong>Quod</strong></span> 
     </span>
    </p>
   </div>
   <div class='ocr_carea' id='block_1_14' title="bbox 211 708 1000 743">
    <p class='ocr_par' dir='ltr' id='par_1_14' title="bbox 211 708 1000 743">
     <span class='ocr_line' id='line_1_14' title="bbox 211 708 1000 743; baseline 0.003 -9"><span class='ocrx_word' id='word_1_107' title='bbox 211 709 235 735; x_wconf 85' lang='lat' dir='ltr'><strong>si</strong></span> <span class='ocrx_word' id='word_1_108' title='bbox 250 708 373 743; x_wconf 84' lang='lat' dir='ltr'><strong>quidam,</strong></span> <span class='ocrx_word' id='word_1_109' title='bbox 391 712 485 743; x_wconf 89' lang='lat' dir='ltr'><strong>utpote</strong></span> <span class='ocrx_word' id='word_1_110' title='bbox 505 708 640 742; x_wconf 89' lang='lat' dir='ltr'><strong>homines,</strong></span> <span class='ocrx_word' id='word_1_111' title='bbox 655 708 788 736; x_wconf 89' lang='lat' dir='ltr'><strong>bonorum</strong></span> <span class='ocrx_word' id='word_1_112' title='bbox 804 709 935 737; x_wconf 89' lang='lat' dir='ltr'><strong>visionem</strong></span> <span class='ocrx_word' id='word_1_113' title='bbox 952 717 1000 736; x_wconf 83' lang='lat' dir='ltr'><strong>ex-</strong></span> 
     </span>
    </p>
   </div>
   <div class='ocr_carea' id='block_1_15' title="bbox 215 753 1000 783">
    <p class='ocr_par' dir='ltr' id='par_1_15' title="bbox 215 753 1000 783">
     <span class='ocr_line' id='line_1_15' title="bbox 215 753 1000 783; baseline 0.004 -3"><span class='ocrx_word' id='word_1_114' title='bbox 215 753 357 780; x_wconf 88' lang='lat' dir='ltr'><strong>timuerint</strong></span> <span class='ocrx_word' id='word_1_115' title='bbox 376 763 382 780; x_wconf 89' lang='lat'><strong>:</strong></span> <span class='ocrx_word' id='word_1_116' title='bbox 399 753 425 780; x_wconf 93' lang='lat' dir='ltr'><strong>hi</strong></span> <span class='ocrx_word' id='word_1_117' title='bbox 451 759 553 781; x_wconf 90' lang='lat' dir='ltr'><strong>metum</strong></span> <span class='ocrx_word' id='word_1_118' title='bbox 580 754 632 782; x_wconf 89' lang='lat' dir='ltr'><strong>illis</strong></span> <span class='ocrx_word' id='word_1_119' title='bbox 661 754 806 783; x_wconf 81' lang='lat' dir='ltr'><strong>dilectione</strong></span> <span class='ocrx_word' id='word_1_120' title='bbox 831 763 881 782; x_wconf 85' lang='lat' dir='ltr'><strong>sua</strong></span> <span class='ocrx_word' id='word_1_121' title='bbox 907 756 1000 783; x_wconf 83' lang='lat' dir='ltr'><strong>statim</strong></span> 
     </span>
    </p>
   </div>
   <div class='ocr_carea' id='block_1_16' title="bbox 211 799 999 836">
    <p class='ocr_par' dir='ltr' id='par_1_16' title="bbox 211 799 999 836">
     <span class='ocr_line' id='line_1_16' title="bbox 211 799 999 836; baseline 0.005 -11"><span class='ocrx_word' id='word_1_122' title='bbox 211 799 351 832; x_wconf 82' lang='lat' dir='ltr'><strong>adimunt;</strong></span> <span class='ocrx_word' id='word_1_123' title='bbox 376 805 405 827; x_wconf 92' lang='lat' dir='ltr'><strong>ut</strong></span> <span class='ocrx_word' id='word_1_124' title='bbox 424 800 564 828; x_wconf 73' lang='lat' dir='ltr'><strong>Zachariae</strong></span> <span class='ocrx_word' id='word_1_125' title='bbox 580 800 688 828; x_wconf 84' lang='lat' dir='ltr'><strong>Gabriel</strong></span> <span class='ocrx_word' id='word_1_126' title='bbox 701 801 755 836; x_wconf 85' lang='lat' dir='ltr'><strong>egit</strong></span> <span class='ocrx_word' id='word_1_127' title='bbox 770 801 809 834; x_wconf 87' lang='grc'><strong>⁷³,</strong></span> <span class='ocrx_word' id='word_1_128' title='bbox 825 805 851 829; x_wconf 86' lang='lat' dir='ltr'><strong>et</strong></span> <span class='ocrx_word' id='word_1_129' title='bbox 877 802 999 829; x_wconf 87' lang='lat' dir='ltr'><strong>mulieri-</strong></span> 
     </span>
    </p>
   </div>
   <div class='ocr_carea' id='block_1_17' title="bbox 212 844 1000 883">
    <p class='ocr_par' dir='ltr' id='par_1_17' title="bbox 212 844 1000 883">
     <span class='ocr_line' id='line_1_17' title="bbox 212 844 1000 883; baseline 0.005 -12"><span class='ocrx_word' id='word_1_130' title='bbox 212 844 263 872; x_wconf 88' lang='lat' dir='ltr'><strong>bus</strong></span> <span class='ocrx_word' id='word_1_131' title='bbox 279 845 324 879; x_wconf 87' lang='lat' dir='ltr'><strong>qui</strong></span> <span class='ocrx_word' id='word_1_132' title='bbox 341 845 367 872; x_wconf 95' lang='lat' dir='ltr'><strong>in</strong></span> <span class='ocrx_word' id='word_1_133' title='bbox 383 845 476 873; x_wconf 83' lang='lat' dir='ltr'><strong>divino</strong></span> <span class='ocrx_word' id='word_1_134' title='bbox 499 846 624 881; x_wconf 87' lang='lat' dir='ltr'><strong>sepulcro</strong></span> <span class='ocrx_word' id='word_1_135' title='bbox 640 848 765 882; x_wconf 78' lang='lat' dir='ltr'><strong>apparuit</strong></span> <span class='ocrx_word' id='word_1_136' title='bbox 782 849 895 883; x_wconf 52' lang='lat' dir='ltr'><strong>angelus</strong></span> <span class='ocrx_word' id='word_1_137' title='bbox 918 848 958 881; x_wconf 73' lang='grc'><strong>⁷⁸,</strong></span> <span class='ocrx_word' id='word_1_138' title='bbox 974 853 1000 876; x_wconf 92' lang='lat' dir='ltr'><strong>et</strong></span> 
     </span>
    </p>
   </div>
   <div class='ocr_carea' id='block_1_18' title="bbox 211 881 1036 928">
    <p class='ocr_par' dir='ltr' id='par_1_18' title="bbox 211 881 1036 928">
     <span class='ocr_line' id='line_1_18' title="bbox 211 881 1036 928; baseline 0.005 -11"><span class='ocrx_word' id='word_1_139' title='bbox 211 890 259 925; x_wconf 92' lang='lat' dir='ltr'><strong>qui</strong></span> <span class='ocrx_word' id='word_1_140' title='bbox 289 892 444 925; x_wconf 81' lang='lat' dir='ltr'><strong>pastoribus</strong></span> <span class='ocrx_word' id='word_1_141' title='bbox 466 891 494 919; x_wconf 94' lang='lat' dir='ltr'><strong>in</strong></span> <span class='ocrx_word' id='word_1_142' title='bbox 527 881 682 928; x_wconf 18' lang='lat' dir='ltr'><strong>Evangelioi</strong></span> <span class='ocrx_word' id='word_1_143' title='bbox 702 894 741 920; x_wconf 86' lang='lat' dir='ltr'><strong>ait</strong></span> <span class='ocrx_word' id='word_1_144' title='bbox 758 903 764 921; x_wconf 72' lang='grc' dir='ltr'><strong>ι</strong></span> <span class='ocrx_word' id='word_1_145' title='bbox 783 881 832 920; x_wconf 56' lang='grc' dir='ltr'><strong>Νε-</strong></span> <span class='ocrx_word' id='word_1_146' title='bbox 855 895 942 921; x_wconf 79' lang='lat' dir='ltr'><strong>timete</strong></span> <span class='ocrx_word' id='word_1_147' title='bbox 964 895 998 921; x_wconf 88' lang='lat'><strong>&quot;.</strong></span> <span class='ocrx_word' id='word_1_148' title='bbox 1015 881 1036 908; x_wconf 75' lang='grc' dir='ltr'><strong>Β</strong></span> 
     </span>
    </p>
   </div>
   <div class='ocr_carea' id='block_1_19' title="bbox 211 936 1000 972">
    <p class='ocr_par' dir='ltr' id='par_1_19' title="bbox 211 936 1000 972">
     <span class='ocr_line' id='line_1_19' title="bbox 211 936 1000 972; baseline 0.005 -9"><span class='ocrx_word' id='word_1_149' title='bbox 211 936 305 964; x_wconf 90' lang='lat' dir='ltr'><strong>Timor</strong></span> <span class='ocrx_word' id='word_1_150' title='bbox 330 937 403 964; x_wconf 88' lang='lat' dir='ltr'><strong>enim</strong></span> <span class='ocrx_word' id='word_1_151' title='bbox 430 945 527 965; x_wconf 91' lang='lat' dir='ltr'><strong>eorum</strong></span> <span class='ocrx_word' id='word_1_152' title='bbox 543 946 598 965; x_wconf 91' lang='lat' dir='ltr'><strong>non</strong></span> <span class='ocrx_word' id='word_1_153' title='bbox 626 947 659 966; x_wconf 88' lang='lat' dir='ltr'><strong>ex</strong></span> <span class='ocrx_word' id='word_1_154' title='bbox 687 939 771 967; x_wconf 88' lang='lat' dir='ltr'><strong>animi</strong></span> <span class='ocrx_word' id='word_1_155' title='bbox 790 943 862 966; x_wconf 83' lang='lat' dir='ltr'><strong>metu</strong></span> <span class='ocrx_word' id='word_1_156' title='bbox 875 959 883 972; x_wconf 90' lang='lat'><strong>,</strong></span> <span class='ocrx_word' id='word_1_157' title='bbox 901 939 948 967; x_wconf 91' lang='lat' dir='ltr'><strong>sed</strong></span> <span class='ocrx_word' id='word_1_158' title='bbox 967 947 1000 967; x_wconf 78' lang='lat' dir='ltr'><strong>ex</strong></span> 
     </span>
    </p>
   </div>
   <div class='ocr_carea' id='block_1_20' title="bbox 211 985 998 1021">
    <p class='ocr_par' dir='ltr' id='par_1_20' title="bbox 211 985 998 1021">
     <span class='ocr_line' id='line_1_20' title="bbox 211 985 998 1021; baseline 0.004 -10"><span class='ocrx_word' id='word_1_159' title='bbox 211 985 354 1019; x_wconf 66' lang='lat' dir='ltr'><strong>praesentis</strong></span> <span class='ocrx_word' id='word_1_160' title='bbox 367 986 564 1019; x_wconf 69' lang='lat' dir='ltr'><strong>praestantioris</strong></span> <span class='ocrx_word' id='word_1_161' title='bbox 576 991 680 1013; x_wconf 73' lang='lat' dir='ltr'><strong>naturae</strong></span> <span class='ocrx_word' id='word_1_162' title='bbox 691 986 846 1021; x_wconf 76' lang='lat' dir='ltr'><strong>cognitione</strong></span> <span class='ocrx_word' id='word_1_163' title='bbox 858 991 934 1014; x_wconf 89' lang='lat' dir='ltr'><strong>ortus</strong></span> <span class='ocrx_word' id='word_1_164' title='bbox 947 992 998 1014; x_wconf 89' lang='lat' dir='ltr'><strong>est.</strong></span> 
     </span>
    </p>
   </div>
   <div class='ocr_carea' id='block_1_21' title="bbox 211 1030 716 1067">
    <p class='ocr_par' dir='ltr' id='par_1_21' title="bbox 211 1030 716 1067">
     <span class='ocr_line' id='line_1_21' title="bbox 211 1030 716 1067; baseline 0.002 -9"><span class='ocrx_word' id='word_1_165' title='bbox 211 1030 287 1059; x_wconf 84' lang='lat' dir='ltr'><strong>Talis</strong></span> <span class='ocrx_word' id='word_1_166' title='bbox 300 1031 390 1067; x_wconf 85' lang='lat' dir='ltr'><strong>itaque</strong></span> <span class='ocrx_word' id='word_1_167' title='bbox 405 1037 447 1060; x_wconf 90' lang='lat' dir='ltr'><strong>est</strong></span> <span class='ocrx_word' id='word_1_168' title='bbox 464 1036 622 1060; x_wconf 89' lang='lat' dir='ltr'><strong>sanctorum</strong></span> <span class='ocrx_word' id='word_1_169' title='bbox 636 1033 716 1060; x_wconf 77' lang='lat' dir='ltr'><strong>visio.</strong></span> 
     </span>
    </p>
   </div>
   <div class='ocr_carea' id='block_1_22' title="bbox 246 1153 1000 1190">
    <p class='ocr_par' dir='ltr' id='par_1_22' title="bbox 246 1153 1000 1190">
     <span class='ocr_line' id='line_1_22' title="bbox 246 1153 1000 1190; baseline 0.003 -8"><span class='ocrx_word' id='word_1_170' title='bbox 246 1155 291 1182; x_wconf 74' lang='lat'><strong>36.</strong></span> <span class='ocrx_word' id='word_1_171' title='bbox 318 1153 450 1182; x_wconf 80' lang='lat' dir='ltr'><strong>Malorum</strong></span> <span class='ocrx_word' id='word_1_172' title='bbox 467 1162 532 1183; x_wconf 88' lang='lat' dir='ltr'><strong>vero</strong></span> <span class='ocrx_word' id='word_1_173' title='bbox 551 1155 678 1183; x_wconf 85' lang='lat' dir='ltr'><strong>incursus</strong></span> <span class='ocrx_word' id='word_1_174' title='bbox 709 1159 736 1183; x_wconf 86' lang='lat' dir='ltr'><strong>et</strong></span> <span class='ocrx_word' id='word_1_175' title='bbox 759 1156 913 1190; x_wconf 87' lang='lat' dir='ltr'><strong>phantasia,</strong></span> <span class='ocrx_word' id='word_1_176' title='bbox 938 1164 1000 1184; x_wconf 91' lang='lat' dir='ltr'><strong>cum</strong></span> 
     </span>
    </p>
   </div>
   <div class='ocr_carea' id='block_1_23' title="bbox 211 1201 1001 1237">
    <p class='ocr_par' dir='ltr' id='par_1_23' title="bbox 211 1201 1001 1237">
     <span class='ocr_line' id='line_1_23' title="bbox 211 1201 1001 1237; baseline 0.001 -9"><span class='ocrx_word' id='word_1_177' title='bbox 211 1201 341 1231; x_wconf 81' lang='lat' dir='ltr'><strong>tumultu.</strong></span> <span class='ocrx_word' id='word_1_178' title='bbox 359 1202 484 1236; x_wconf 84' lang='lat' dir='ltr'><strong>strepitu,</strong></span> <span class='ocrx_word' id='word_1_179' title='bbox 501 1209 570 1229; x_wconf 84' lang='lat' dir='ltr'><strong>sono</strong></span> <span class='ocrx_word' id='word_1_180' title='bbox 588 1206 614 1228; x_wconf 85' lang='lat' dir='ltr'><strong>et</strong></span> <span class='ocrx_word' id='word_1_181' title='bbox 633 1202 751 1230; x_wconf 89' lang='lat' dir='ltr'><strong>clamore</strong></span> <span class='ocrx_word' id='word_1_182' title='bbox 764 1202 872 1230; x_wconf 87' lang='lat' dir='ltr'><strong>obvenit</strong></span> <span class='ocrx_word' id='word_1_183' title='bbox 890 1202 1001 1237; x_wconf 85' lang='lat' dir='ltr'><strong>:qualis</strong></span> 
     </span>
    </p>
   </div>
   <div class='ocr_carea' id='block_1_24' title="bbox 209 1246 1002 1281">
    <p class='ocr_par' dir='ltr' id='par_1_24' title="bbox 209 1246 1002 1281">
     <span class='ocr_line' id='line_1_24' title="bbox 209 1246 1002 1281; baseline 0.001 -7"><span class='ocrx_word' id='word_1_184' title='bbox 209 1247 326 1281; x_wconf 77' lang='lat' dir='ltr'><strong>exempli</strong></span> <span class='ocrx_word' id='word_1_185' title='bbox 342 1255 424 1275; x_wconf 85' lang='lat' dir='ltr'><strong>causa</strong></span> <span class='ocrx_word' id='word_1_186' title='bbox 437 1246 519 1274; x_wconf 87' lang='lat' dir='ltr'><strong>fuerit</strong></span> <span class='ocrx_word' id='word_1_187' title='bbox 541 1247 712 1274; x_wconf 87' lang='lat' dir='ltr'><strong>illiberalium</strong></span> <span class='ocrx_word' id='word_1_188' title='bbox 733 1247 945 1275; x_wconf 87' lang='lat' dir='ltr'><strong>adolescentium</strong></span> <span class='ocrx_word' id='word_1_189' title='bbox 962 1248 1002 1275; x_wconf 90' lang='lat' dir='ltr'><strong>vel</strong></span> 
     </span>
    </p>
   </div>
   <div class='ocr_carea' id='block_1_25' title="bbox 212 1291 1000 1329">
    <p class='ocr_par' dir='ltr' id='par_1_25' title="bbox 212 1291 1000 1329">
     <span class='ocr_line' id='line_1_25' title="bbox 212 1291 1000 1329; baseline 0.003 -11"><span class='ocrx_word' id='word_1_190' title='bbox 212 1291 348 1319; x_wconf 90' lang='lat' dir='ltr'><strong>latronum</strong></span> <span class='ocrx_word' id='word_1_191' title='bbox 374 1292 516 1320; x_wconf 88' lang='lat' dir='ltr'><strong>tumultus.</strong></span> <span class='ocrx_word' id='word_1_192' title='bbox 546 1291 622 1320; x_wconf 86' lang='lat' dir='ltr'><strong>Unde</strong></span> <span class='ocrx_word' id='word_1_193' title='bbox 645 1291 769 1320; x_wconf 78' lang='lat' dir='ltr'><strong>exoritur</strong></span> <span class='ocrx_word' id='word_1_194' title='bbox 799 1292 883 1320; x_wconf 90' lang='lat' dir='ltr'><strong>animi</strong></span> <span class='ocrx_word' id='word_1_195' title='bbox 906 1300 1000 1329; x_wconf 85' lang='lat' dir='ltr'><strong>pavor,</strong></span> 
     </span>
    </p>
   </div>
   <div class='ocr_carea' id='block_1_26' title="bbox 211 1337 1003 1373">
    <p class='ocr_par' dir='ltr' id='par_1_26' title="bbox 211 1337 1003 1373">
     <span class='ocr_line' id='line_1_26' title="bbox 211 1337 1003 1373; baseline 0.003 -8"><span class='ocrx_word' id='word_1_196' title='bbox 211 1337 332 1365; x_wconf 88' lang='lat' dir='ltr'><strong>turbatio</strong></span> <span class='ocrx_word' id='word_1_197' title='bbox 346 1342 374 1365; x_wconf 92' lang='lat' dir='ltr'><strong>et</strong></span> <span class='ocrx_word' id='word_1_198' title='bbox 390 1337 516 1366; x_wconf 89' lang='lat' dir='ltr'><strong>confusio</strong></span> <span class='ocrx_word' id='word_1_199' title='bbox 533 1338 741 1373; x_wconf 80' lang='lat' dir='ltr'><strong>cogitationum,</strong></span> <span class='ocrx_word' id='word_1_200' title='bbox 758 1339 880 1372; x_wconf 82' lang='lat' dir='ltr'><strong>tristitia,</strong></span> <span class='ocrx_word' id='word_1_201' title='bbox 898 1345 1003 1367; x_wconf 80' lang='lat' dir='ltr'><strong>asceta-</strong></span> 
     </span>
    </p>
   </div>
   <div class='ocr_carea' id='block_1_27' title="bbox 212 1384 1003 1421">
    <p class='ocr_par' dir='ltr' id='par_1_27' title="bbox 212 1384 1003 1421">
     <span class='ocr_line' id='line_1_27' title="bbox 212 1384 1003 1421; baseline 0.004 -10"><span class='ocrx_word' id='word_1_202' title='bbox 212 1393 272 1412; x_wconf 88' lang='lat' dir='ltr'><strong>rum</strong></span> <span class='ocrx_word' id='word_1_203' title='bbox 288 1384 392 1416; x_wconf 84' lang='lat' dir='ltr'><strong>odium.</strong></span> <span class='ocrx_word' id='word_1_204' title='bbox 407 1385 524 1419; x_wconf 89' lang='lat' dir='ltr'><strong>incuria,</strong></span> <span class='ocrx_word' id='word_1_205' title='bbox 539 1393 641 1413; x_wconf 73' lang='lat' dir='ltr'><strong>mteror</strong></span> <span class='ocrx_word' id='word_1_206' title='bbox 657 1385 752 1418; x_wconf 87' lang='lat' dir='ltr'><strong>animi,</strong></span> <span class='ocrx_word' id='word_1_207' title='bbox 767 1390 946 1421; x_wconf 87' lang='lat' dir='ltr'><strong>cognatorum</strong></span> <span class='ocrx_word' id='word_1_208' title='bbox 960 1394 1003 1415; x_wconf 84' lang='lat' dir='ltr'><strong>re—</strong></span> 
     </span>
    </p>
   </div>
   <div class='ocr_carea' id='block_1_28' title="bbox 211 1431 1002 1468">
    <p class='ocr_par' dir='ltr' id='par_1_28' title="bbox 211 1431 1002 1468">
     <span class='ocr_line' id='line_1_28' title="bbox 211 1431 1002 1468; baseline 0.003 -9"><span class='ocrx_word' id='word_1_209' title='bbox 211 1431 345 1463; x_wconf 86' lang='lat' dir='ltr'><strong>cordatio,</strong></span> <span class='ocrx_word' id='word_1_210' title='bbox 360 1431 476 1459; x_wconf 89' lang='lat' dir='ltr'><strong>formido</strong></span> <span class='ocrx_word' id='word_1_211' title='bbox 491 1431 597 1464; x_wconf 82' lang='lat' dir='ltr'><strong>mortis,</strong></span> <span class='ocrx_word' id='word_1_212' title='bbox 610 1439 642 1459; x_wconf 87' lang='lat' dir='ltr'><strong>ac</strong></span> <span class='ocrx_word' id='word_1_213' title='bbox 654 1432 763 1459; x_wconf 89' lang='lat' dir='ltr'><strong>demum</strong></span> <span class='ocrx_word' id='word_1_214' title='bbox 782 1433 1002 1468; x_wconf 87' lang='lat' dir='ltr'><strong>concupiscentia</strong></span> 
     </span>
    </p>
   </div>
   <div class='ocr_carea' id='block_1_29' title="bbox 213 1478 1001 1512">
    <p class='ocr_par' dir='ltr' id='par_1_29' title="bbox 213 1478 1001 1512">
     <span class='ocr_line' id='line_1_29' title="bbox 213 1478 1001 1512; baseline 0.005 -8"><span class='ocrx_word' id='word_1_215' title='bbox 213 1478 345 1505; x_wconf 87' lang='lat' dir='ltr'><strong>malarum</strong></span> <span class='ocrx_word' id='word_1_216' title='bbox 371 1486 482 1509; x_wconf 85' lang='lat' dir='ltr'><strong>rerum.</strong></span> <span class='ocrx_word' id='word_1_217' title='bbox 509 1478 617 1506; x_wconf 84' lang='lat' dir='ltr'><strong>animus</strong></span> <span class='ocrx_word' id='word_1_218' title='bbox 644 1479 678 1506; x_wconf 85' lang='lat' dir='ltr'><strong>ad</strong></span> <span class='ocrx_word' id='word_1_219' title='bbox 704 1479 832 1507; x_wconf 88' lang='lat' dir='ltr'><strong>virtutem</strong></span> <span class='ocrx_word' id='word_1_220' title='bbox 860 1480 1001 1512; x_wconf 87' lang='lat' dir='ltr'><strong>remissus,</strong></span> 
     </span>
    </p>
   </div>
   <div class='ocr_carea' id='block_1_30' title="bbox 214 1523 1002 1560">
    <p class='ocr_par' dir='ltr' id='par_1_30' title="bbox 214 1523 1002 1560">
     <span class='ocr_line' id='line_1_30' title="bbox 214 1523 1002 1560; baseline 0.004 -10"><span class='ocrx_word' id='word_1_221' title='bbox 214 1523 360 1550; x_wconf 92' lang='lat' dir='ltr'><strong>inordinati</strong></span> <span class='ocrx_word' id='word_1_222' title='bbox 377 1531 478 1551; x_wconf 92' lang='lat' dir='ltr'><strong>mores.</strong></span> <span class='ocrx_word' id='word_1_223' title='bbox 497 1523 565 1551; x_wconf 87' lang='lat' dir='ltr'><strong>Cum</strong></span> <span class='ocrx_word' id='word_1_224' title='bbox 595 1524 686 1559; x_wconf 84' lang='lat' dir='ltr'><strong>itaque</strong></span> <span class='ocrx_word' id='word_1_225' title='bbox 701 1525 865 1559; x_wconf 88' lang='lat' dir='ltr'><strong>quibusdam</strong></span> <span class='ocrx_word' id='word_1_226' title='bbox 885 1532 1002 1560; x_wconf 85' lang='lat' dir='ltr'><strong>conspe-</strong></span> 
     </span>
    </p>
   </div>
   <div class='ocr_carea' id='block_1_31' title="bbox 211 1560 1036 1604">
    <p class='ocr_par' dir='ltr' id='par_1_31' title="bbox 211 1560 1036 1604">
     <span class='ocr_line' id='line_1_31' title="bbox 211 1560 1036 1604; baseline 0.004 -8"><span class='ocrx_word' id='word_1_227' title='bbox 211 1568 274 1602; x_wconf 84' lang='lat' dir='ltr'><strong>ctis,</strong></span> <span class='ocrx_word' id='word_1_228' title='bbox 289 1570 386 1597; x_wconf 89' lang='lat' dir='ltr'><strong>timore</strong></span> <span class='ocrx_word' id='word_1_229' title='bbox 400 1569 593 1604; x_wconf 83' lang='lat' dir='ltr'><strong>corripiemini,</strong></span> <span class='ocrx_word' id='word_1_230' title='bbox 622 1570 645 1597; x_wconf 90' lang='lat' dir='ltr'><strong>si</strong></span> <span class='ocrx_word' id='word_1_231' title='bbox 667 1570 758 1597; x_wconf 83' lang='lat' dir='ltr'><strong>statim</strong></span> <span class='ocrx_word' id='word_1_232' title='bbox 782 1569 872 1598; x_wconf 74' lang='lat' dir='ltr'><strong>&#39;timor</strong></span> <span class='ocrx_word' id='word_1_233' title='bbox 892 1570 999 1599; x_wconf 88' lang='lat' dir='ltr'><strong>aufera-</strong></span> <span class='ocrx_word' id='word_1_234' title='bbox 1016 1560 1036 1588; x_wconf 67' lang='grc' dir='ltr'>ο</span> 
     </span>
    </p>
   </div>
   <div class='ocr_carea' id='block_1_32' title="bbox 211 1616 1000 1654">
    <p class='ocr_par' dir='ltr' id='par_1_32' title="bbox 211 1616 1000 1654">
     <span class='ocr_line' id='line_1_32' title="bbox 211 1616 1000 1654; baseline 0.003 -11"><span class='ocrx_word' id='word_1_235' title='bbox 211 1621 266 1648; x_wconf 90' lang='lat' dir='ltr'><strong>tur,</strong></span> <span class='ocrx_word' id='word_1_236' title='bbox 286 1620 313 1643; x_wconf 89' lang='lat' dir='ltr'><strong>et</strong></span> <span class='ocrx_word' id='word_1_237' title='bbox 327 1616 387 1650; x_wconf 84' lang='lat' dir='ltr'><strong>ejus</strong></span> <span class='ocrx_word' id='word_1_238' title='bbox 401 1616 462 1644; x_wconf 86' lang='lat' dir='ltr'><strong>loco</strong></span> <span class='ocrx_word' id='word_1_239' title='bbox 476 1623 539 1644; x_wconf 78' lang='lat' dir='ltr'><strong>mox</strong></span> <span class='ocrx_word' id='word_1_240' title='bbox 567 1622 749 1652; x_wconf 84' lang='lat' dir='ltr'><strong>consequatur</strong></span> <span class='ocrx_word' id='word_1_241' title='bbox 770 1617 903 1645; x_wconf 81' lang='lat' dir='ltr'><strong>ineﬂ&#39;abile</strong></span> <span class='ocrx_word' id='word_1_242' title='bbox 932 1626 1000 1654; x_wconf 80' lang='lat' dir='ltr'><strong>gau-</strong></span> 
     </span>
    </p>
   </div>
   <div class='ocr_carea' id='block_1_33' title="bbox 212 1661 1001 1699">
    <p class='ocr_par' dir='ltr' id='par_1_33' title="bbox 212 1661 1001 1699">
     <span class='ocr_line' id='line_1_33' title="bbox 212 1661 1001 1699; baseline 0.004 -10"><span class='ocrx_word' id='word_1_243' title='bbox 212 1661 298 1694; x_wconf 87' lang='lat' dir='ltr'><strong>dium,</strong></span> <span class='ocrx_word' id='word_1_244' title='bbox 310 1662 447 1694; x_wconf 82' lang='lat' dir='ltr'><strong>alacritas,</strong></span> <span class='ocrx_word' id='word_1_245' title='bbox 464 1662 572 1696; x_wconf 86' lang='lat' dir='ltr'><strong>lidncia,</strong></span> <span class='ocrx_word' id='word_1_246' title='bbox 600 1663 684 1690; x_wconf 87' lang='lat' dir='ltr'><strong>animi</strong></span> <span class='ocrx_word' id='word_1_247' title='bbox 699 1664 842 1697; x_wconf 86' lang='lat' dir='ltr'><strong>recreatio,</strong></span> <span class='ocrx_word' id='word_1_248' title='bbox 860 1664 1001 1699; x_wconf 80' lang='lat' dir='ltr'><strong>cogitatio-</strong></span> 
     </span>
    </p>
   </div>
   <div class='ocr_carea' id='block_1_34' title="bbox 212 1709 1000 1746">
    <p class='ocr_par' dir='ltr' id='par_1_34' title="bbox 212 1709 1000 1746">
     <span class='ocr_line' id='line_1_34' title="bbox 212 1709 1000 1746; baseline 0.006 -12"><span class='ocrx_word' id='word_1_249' title='bbox 212 1715 278 1735; x_wconf 87' lang='lat' dir='ltr'><strong>num</strong></span> <span class='ocrx_word' id='word_1_250' title='bbox 306 1709 505 1742; x_wconf 84' lang='lat' dir='ltr'><strong>tranquillitas.</strong></span> <span class='ocrx_word' id='word_1_251' title='bbox 532 1712 559 1734; x_wconf 91' lang='lat' dir='ltr'><strong>et</strong></span> <span class='ocrx_word' id='word_1_252' title='bbox 585 1715 754 1743; x_wconf 65' lang='lat' dir='ltr'><strong>quascunque</strong></span> <span class='ocrx_word' id='word_1_253' title='bbox 787 1709 840 1737; x_wconf 90' lang='lat' dir='ltr'><strong>alia</strong></span> <span class='ocrx_word' id='word_1_254' title='bbox 874 1711 1000 1746; x_wconf 89' lang='lat' dir='ltr'><strong>superius</strong></span> 
     </span>
    </p>
   </div>
   <div class='ocr_carea' id='block_1_35' title="bbox 212 1753 1000 1788">
    <p class='ocr_par' dir='ltr' id='par_1_35' title="bbox 212 1753 1000 1788">
     <span class='ocr_line' id='line_1_35' title="bbox 212 1753 1000 1788; baseline 0.008 -9"><span class='ocrx_word' id='word_1_255' title='bbox 212 1753 284 1780; x_wconf 84' lang='lat' dir='ltr'><strong>dicta</strong></span> <span class='ocrx_word' id='word_1_256' title='bbox 297 1758 369 1786; x_wconf 85' lang='lat' dir='ltr'><strong>sunt,</strong></span> <span class='ocrx_word' id='word_1_257' title='bbox 382 1753 467 1781; x_wconf 91' lang='lat' dir='ltr'><strong>robur</strong></span> <span class='ocrx_word' id='word_1_258' title='bbox 482 1755 565 1782; x_wconf 87' lang='lat' dir='ltr'><strong>animi</strong></span> <span class='ocrx_word' id='word_1_259' title='bbox 581 1756 643 1783; x_wconf 85' lang='lat' dir='ltr'><strong>item</strong></span> <span class='ocrx_word' id='word_1_260' title='bbox 656 1760 682 1783; x_wconf 87' lang='lat' dir='ltr'><strong>et</strong></span> <span class='ocrx_word' id='word_1_261' title='bbox 699 1755 746 1783; x_wconf 82' lang='lat' dir='ltr'><strong>Dei</strong></span> <span class='ocrx_word' id='word_1_262' title='bbox 770 1764 860 1788; x_wconf 82' lang='lat' dir='ltr'><strong>amor.</strong></span> <span class='ocrx_word' id='word_1_263' title='bbox 873 1757 1000 1785; x_wconf 79' lang='lat' dir='ltr'><strong>conﬁdite</strong></span> 
     </span>
    </p>
   </div>
   <div class='ocr_carea' id='block_1_36' title="bbox 211 1799 1000 1838">
    <p class='ocr_par' dir='ltr' id='par_1_36' title="bbox 211 1799 1000 1838">
     <span class='ocr_line' id='line_1_36' title="bbox 211 1799 1000 1838; baseline 0.008 -13"><span class='ocrx_word' id='word_1_264' title='bbox 211 1802 240 1825; x_wconf 86' lang='lat' dir='ltr'><strong>et</strong></span> <span class='ocrx_word' id='word_1_265' title='bbox 253 1802 329 1826; x_wconf 83' lang='lat' dir='ltr'><strong>orate</strong></span> <span class='ocrx_word' id='word_1_266' title='bbox 343 1808 350 1826; x_wconf 88' lang='lat'><strong>:</strong></span> <span class='ocrx_word' id='word_1_267' title='bbox 365 1799 493 1833; x_wconf 84' lang='lat' dir='ltr'><strong>gaudium</strong></span> <span class='ocrx_word' id='word_1_268' title='bbox 506 1801 576 1828; x_wconf 86' lang='lat' dir='ltr'><strong>enim</strong></span> <span class='ocrx_word' id='word_1_269' title='bbox 596 1806 622 1828; x_wconf 90' lang='lat' dir='ltr'><strong>et</strong></span> <span class='ocrx_word' id='word_1_270' title='bbox 637 1801 681 1829; x_wconf 89' lang='lat' dir='ltr'><strong>ille</strong></span> <span class='ocrx_word' id='word_1_271' title='bbox 700 1802 797 1830; x_wconf 63' lang='lat' dir='ltr'><strong>anima:</strong></span> <span class='ocrx_word' id='word_1_272' title='bbox 815 1808 902 1831; x_wconf 84' lang='lat' dir='ltr'><strong>status</strong></span> <span class='ocrx_word' id='word_1_273' title='bbox 930 1811 1000 1838; x_wconf 82' lang='lat' dir='ltr'><strong>pra:-</strong></span> 
     </span>
    </p>
   </div>
   <div class='ocr_carea' id='block_1_37' title="bbox 214 1843 1000 1876">
    <p class='ocr_par' dir='ltr' id='par_1_37' title="bbox 214 1843 1000 1876">
     <span class='ocr_line' id='line_1_37' title="bbox 214 1843 1000 1876; baseline 0.006 -6"><span class='ocrx_word' id='word_1_274' title='bbox 214 1843 300 1872; x_wconf 84' lang='lat' dir='ltr'><strong>sentis</strong></span> <span class='ocrx_word' id='word_1_275' title='bbox 312 1845 483 1873; x_wconf 83' lang='lat' dir='ltr'><strong>sanctitatem</strong></span> <span class='ocrx_word' id='word_1_276' title='bbox 500 1846 609 1874; x_wconf 90' lang='lat' dir='ltr'><strong>indicat.</strong></span> <span class='ocrx_word' id='word_1_277' title='bbox 636 1846 682 1874; x_wconf 88' lang='lat' dir='ltr'><strong>Sic</strong></span> <span class='ocrx_word' id='word_1_278' title='bbox 706 1846 842 1874; x_wconf 84' lang='lat' dir='ltr'><strong>Abraham</strong></span> <span class='ocrx_word' id='word_1_279' title='bbox 856 1847 1000 1876; x_wconf 91' lang='lat' dir='ltr'><strong>Dominum</strong></span> 
     </span>
    </p>
   </div>
   <div class='ocr_carea' id='block_1_38' title="bbox 1050 237 1835 277">
    <p class='ocr_par' dir='ltr' id='par_1_38' title="bbox 1050 237 1835 277">
     <span class='ocr_line' id='line_1_38' title="bbox 1050 237 1835 277; baseline -0.006 -9"><span class='ocrx_word' id='word_1_280' title='bbox 1050 242 1104 277; x_wconf 70' lang='grc' dir='ltr'><strong>γὰρ</strong></span> <span class='ocrx_word' id='word_1_281' title='bbox 1119 240 1174 267; x_wconf 84' lang='grc' dir='ltr'><strong>τῶν</strong></span> <span class='ocrx_word' id='word_1_282' title='bbox 1186 240 1272 274; x_wconf 84' lang='grc' dir='ltr'>ἁγίων</span> <span class='ocrx_word' id='word_1_283' title='bbox 1288 239 1406 266; x_wconf 83' lang='grc' dir='ltr'>ὀπτασία</span> <span class='ocrx_word' id='word_1_284' title='bbox 1420 239 1470 266; x_wconf 80' lang='grc' dir='ltr'>οὐκ</span> <span class='ocrx_word' id='word_1_285' title='bbox 1484 239 1543 265; x_wconf 75' lang='grc' dir='ltr'>ἐστι</span> <span class='ocrx_word' id='word_1_286' title='bbox 1556 237 1757 273; x_wconf 81' lang='grc' dir='ltr'>τεταραγμένη.</span> <span class='ocrx_word' id='word_1_287' title='bbox 1772 238 1835 264; x_wconf 79' lang='grc' dir='ltr'><strong>οὐκ</strong></span> 
     </span>
    </p>
   </div>
   <div class='ocr_carea' id='block_1_39' title="bbox 1049 281 1835 322">
    <p class='ocr_par' dir='ltr' id='par_1_39' title="bbox 1049 281 1835 322">
     <span class='ocr_line' id='line_1_39' title="bbox 1049 281 1835 322; baseline -0.009 -8"><span class='ocrx_word' id='word_1_288' title='bbox 1049 287 1143 322; x_wconf 75' lang='grc' dir='ltr'>ἐρίσει</span> <span class='ocrx_word' id='word_1_289' title='bbox 1154 286 1220 321; x_wconf 75' lang='grc' dir='ltr'>γὰρ,</span> <span class='ocrx_word' id='word_1_290' title='bbox 1235 286 1305 313; x_wconf 78' lang='grc' dir='ltr'>οὕτε</span> <span class='ocrx_word' id='word_1_291' title='bbox 1317 285 1490 320; x_wconf 75' lang='grc' dir='ltr'><strong>κραυγάσει,</strong></span> <span class='ocrx_word' id='word_1_292' title='bbox 1504 283 1575 310; x_wconf 83' lang='grc' dir='ltr'><strong>οὐδὲ</strong></span> <span class='ocrx_word' id='word_1_293' title='bbox 1585 283 1710 310; x_wconf 81' lang='grc' dir='ltr'><strong>ἀκούσει</strong></span> <span class='ocrx_word' id='word_1_294' title='bbox 1723 291 1768 315; x_wconf 84' lang='grc' dir='ltr'><strong>τις</strong></span> <span class='ocrx_word' id='word_1_295' title='bbox 1780 281 1835 315; x_wconf 81' lang='grc' dir='ltr'>τῆς</span> 
     </span>
    </p>
   </div>
   <div class='ocr_carea' id='block_1_40' title="bbox 1050 327 1833 369">
    <p class='ocr_par' dir='ltr' id='par_1_40' title="bbox 1050 327 1833 369">
     <span class='ocr_line' id='line_1_40' title="bbox 1050 327 1833 369; baseline -0.009 -9"><span class='ocrx_word' id='word_1_296' title='bbox 1050 333 1153 369; x_wconf 66' lang='grc' dir='ltr'>φωνῆς</span> <span class='ocrx_word' id='word_1_297' title='bbox 1163 331 1273 360; x_wconf 79' lang='grc' dir='ltr'><strong>αὐτῶν.</strong></span> <span class='ocrx_word' id='word_1_298' title='bbox 1286 332 1409 367; x_wconf 82' lang='grc' dir='ltr'>Ἦσύχως</span> <span class='ocrx_word' id='word_1_299' title='bbox 1417 331 1445 358; x_wconf 83' lang='grc' dir='ltr'><strong>δὲ</strong></span> <span class='ocrx_word' id='word_1_300' title='bbox 1457 331 1504 358; x_wconf 81' lang='grc' dir='ltr'>καὶ</span> <span class='ocrx_word' id='word_1_301' title='bbox 1514 330 1609 366; x_wconf 84' lang='grc' dir='ltr'>πράως</span> <span class='ocrx_word' id='word_1_302' title='bbox 1621 329 1725 363; x_wconf 83' lang='grc' dir='ltr'>γίνεται</span> <span class='ocrx_word' id='word_1_303' title='bbox 1736 327 1833 359; x_wconf 77' lang='grc' dir='ltr'>οὕτως.</span> 
     </span>
    </p>
   </div>
   <div class='ocr_carea' id='block_1_41' title="bbox 1049 373 1836 414">
    <p class='ocr_par' dir='ltr' id='par_1_41' title="bbox 1049 373 1836 414">
     <span class='ocr_line' id='line_1_41' title="bbox 1049 373 1836 414; baseline -0.008 -9"><span class='ocrx_word' id='word_1_304' title='bbox 1049 379 1087 411; x_wconf 85' lang='grc' dir='ltr'>ὡς</span> <span class='ocrx_word' id='word_1_305' title='bbox 1104 378 1183 410; x_wconf 80' lang='grc' dir='ltr'>εὐθὺς</span> <span class='ocrx_word' id='word_1_306' title='bbox 1196 377 1284 414; x_wconf 82' lang='grc' dir='ltr'>χαρὰν</span> <span class='ocrx_word' id='word_1_307' title='bbox 1301 377 1348 404; x_wconf 71' lang='grc' dir='ltr'>καὶ</span> <span class='ocrx_word' id='word_1_308' title='bbox 1369 376 1527 410; x_wconf 84' lang='grc' dir='ltr'>ἁγαλλίασιν</span> <span class='ocrx_word' id='word_1_309' title='bbox 1548 375 1596 402; x_wconf 75' lang='grc' dir='ltr'>καὶ</span> <span class='ocrx_word' id='word_1_310' title='bbox 1618 374 1718 410; x_wconf 82' lang='grc' dir='ltr'><strong>θάρσος</strong></span> <span class='ocrx_word' id='word_1_311' title='bbox 1731 373 1836 408; x_wconf 82' lang='grc' dir='ltr'>ἐγγίνε-</span> 
     </span>
    </p>
   </div>
   <div class='ocr_carea' id='block_1_42' title="bbox 1051 421 1838 460">
    <p class='ocr_par' dir='ltr' id='par_1_42' title="bbox 1051 421 1838 460">
     <span class='ocr_line' id='line_1_42' title="bbox 1051 421 1838 460; baseline -0.008 -8"><span class='ocrx_word' id='word_1_312' title='bbox 1051 427 1113 452; x_wconf 82' lang='grc' dir='ltr'>σθαι</span> <span class='ocrx_word' id='word_1_313' title='bbox 1139 426 1172 460; x_wconf 79' lang='grc' dir='ltr'>τῇ</span> <span class='ocrx_word' id='word_1_314' title='bbox 1195 425 1286 460; x_wconf 80' lang='grc' dir='ltr'>ψυχῇ·</span> <span class='ocrx_word' id='word_1_315' title='bbox 1302 424 1360 450; x_wconf 73' lang='grc' dir='ltr'>ἐστι</span> <span class='ocrx_word' id='word_1_316' title='bbox 1382 422 1436 458; x_wconf 83' lang='grc' dir='ltr'><strong>γὰρ</strong></span> <span class='ocrx_word' id='word_1_317' title='bbox 1454 423 1513 458; x_wconf 84' lang='grc' dir='ltr'>μετ’</span> <span class='ocrx_word' id='word_1_318' title='bbox 1529 421 1619 448; x_wconf 84' lang='grc' dir='ltr'>αὐτῶν</span> <span class='ocrx_word' id='word_1_319' title='bbox 1637 422 1652 448; x_wconf 86' lang='grc' dir='ltr'><strong>ό</strong></span> <span class='ocrx_word' id='word_1_320' title='bbox 1674 421 1785 456; x_wconf 79' lang='grc' dir='ltr'>Κύριος,</span> <span class='ocrx_word' id='word_1_321' title='bbox 1807 421 1838 452; x_wconf 77' lang='grc' dir='ltr'>ὃς</span> 
     </span>
    </p>
   </div>
   <div class='ocr_carea' id='block_1_43' title="bbox 1050 466 1836 507">
    <p class='ocr_par' dir='ltr' id='par_1_43' title="bbox 1050 466 1836 507">
     <span class='ocr_line' id='line_1_43' title="bbox 1050 466 1836 507; baseline -0.009 -9"><span class='ocrx_word' id='word_1_322' title='bbox 1050 472 1123 499; x_wconf 78' lang='grc' dir='ltr'>ἐστιν</span> <span class='ocrx_word' id='word_1_323' title='bbox 1137 472 1152 507; x_wconf 86' lang='grc' dir='ltr'>ἡ</span> <span class='ocrx_word' id='word_1_324' title='bbox 1158 471 1216 506; x_wconf 85' lang='grc' dir='ltr'><strong>μῶν</strong></span> <span class='ocrx_word' id='word_1_325' title='bbox 1230 471 1279 506; x_wconf 85' lang='grc' dir='ltr'>μὲν</span> <span class='ocrx_word' id='word_1_326' title='bbox 1288 469 1370 505; x_wconf 80' lang='grc' dir='ltr'>χαρὰ,</span> <span class='ocrx_word' id='word_1_327' title='bbox 1383 469 1430 496; x_wconf 83' lang='grc' dir='ltr'>τοῦ</span> <span class='ocrx_word' id='word_1_328' title='bbox 1444 468 1473 495; x_wconf 81' lang='grc' dir='ltr'><strong>δὲ</strong></span> <span class='ocrx_word' id='word_1_329' title='bbox 1487 468 1553 495; x_wconf 80' lang='grc' dir='ltr'>Θεοῦ</span> <span class='ocrx_word' id='word_1_330' title='bbox 1561 467 1667 503; x_wconf 80' lang='grc' dir='ltr'>Πατρδς</span> <span class='ocrx_word' id='word_1_331' title='bbox 1680 467 1697 502; x_wconf 80' lang='grc' dir='ltr'><strong>η</strong></span> <span class='ocrx_word' id='word_1_332' title='bbox 1712 466 1836 501; x_wconf 64' lang='grc' dir='ltr'>δύναμις</span> 
     </span>
    </p>
   </div>
   <div class='ocr_carea' id='block_1_44' title="bbox 1049 512 1839 552">
    <p class='ocr_par' dir='ltr' id='par_1_44' title="bbox 1049 512 1839 552">
     <span class='ocr_line' id='line_1_44' title="bbox 1049 512 1839 552; baseline -0.009 -8"><span class='ocrx_word' id='word_1_333' title='bbox 1049 518 1077 545; x_wconf 73' lang='grc' dir='ltr'>οἵ</span> <span class='ocrx_word' id='word_1_334' title='bbox 1090 526 1119 545; x_wconf 81' lang='grc' dir='ltr'><strong>τε</strong></span> <span class='ocrx_word' id='word_1_335' title='bbox 1132 517 1258 552; x_wconf 76' lang='grc' dir='ltr'>λογισμοὶ</span> <span class='ocrx_word' id='word_1_336' title='bbox 1280 516 1366 551; x_wconf 69' lang='grc' dir='ltr'>αὐτῆς</span> <span class='ocrx_word' id='word_1_337' title='bbox 1383 515 1516 550; x_wconf 83' lang='grc' dir='ltr'>ἀτάραχοι</span> <span class='ocrx_word' id='word_1_338' title='bbox 1524 514 1572 541; x_wconf 82' lang='grc' dir='ltr'>καὶ</span> <span class='ocrx_word' id='word_1_339' title='bbox 1586 513 1737 548; x_wconf 81' lang='grc' dir='ltr'>ἀκύμαντοι</span> <span class='ocrx_word' id='word_1_340' title='bbox 1749 512 1839 547; x_wconf 85' lang='grc' dir='ltr'>διαμέ-</span> 
     </span>
    </p>
   </div>
   <div class='ocr_carea' id='block_1_45' title="bbox 1049 558 1836 598">
    <p class='ocr_par' dir='ltr' id='par_1_45' title="bbox 1049 558 1836 598">
     <span class='ocr_line' id='line_1_45' title="bbox 1049 558 1836 598; baseline -0.009 -8"><span class='ocrx_word' id='word_1_341' title='bbox 1049 572 1150 590; x_wconf 83' lang='grc' dir='ltr'><strong>νουσιν·</strong></span> <span class='ocrx_word' id='word_1_342' title='bbox 1176 563 1247 589; x_wconf 90' lang='grc' dir='ltr'>ὥστε</span> <span class='ocrx_word' id='word_1_343' title='bbox 1263 561 1402 598; x_wconf 68' lang='grc' dir='ltr'>καταυγζο</span> <span class='ocrx_word' id='word_1_344' title='bbox 1408 562 1493 598; x_wconf 83' lang='grc' dir='ltr'>μένην</span> <span class='ocrx_word' id='word_1_345' title='bbox 1510 560 1594 596; x_wconf 82' lang='grc' dir='ltr'>αὐτὴν</span> <span class='ocrx_word' id='word_1_346' title='bbox 1608 560 1654 586; x_wconf 73' lang='grc' dir='ltr'><strong>ὑπ’</strong></span> <span class='ocrx_word' id='word_1_347' title='bbox 1670 558 1754 594; x_wconf 83' lang='grc' dir='ltr'>αὐτῆς</span> <span class='ocrx_word' id='word_1_348' title='bbox 1770 558 1836 593; x_wconf 82' lang='grc'>(21),</span> 
     </span>
    </p>
   </div>
   <div class='ocr_carea' id='block_1_46' title="bbox 1049 561 1839 643">
    <p class='ocr_par' dir='ltr' id='par_1_46' title="bbox 1049 561 1839 643">
     <span class='ocr_line' id='line_1_46' title="bbox 1049 561 1836 598; baseline -0.009 -8"><span class='ocrx_word' id='word_1_349' title='bbox 1049 572 1150 590; x_wconf 83' lang='grc' dir='ltr'><strong>νουσιν·</strong></span> <span class='ocrx_word' id='word_1_350' title='bbox 1176 563 1247 589; x_wconf 90' lang='grc' dir='ltr'>ὥστε</span> <span class='ocrx_word' id='word_1_351' title='bbox 1263 571 1350 589; x_wconf 87' lang='grc' dir='ltr'>καταυ</span> <span class='ocrx_word' id='word_1_352' title='bbox 1387 562 1493 598; x_wconf 73' lang='grc' dir='ltr'>σμένην</span> <span class='ocrx_word' id='word_1_353' title='bbox 1510 561 1594 596; x_wconf 83' lang='grc' dir='ltr'>αὐτὴν</span> <span class='ocrx_word' id='word_1_354' title='bbox 1608 561 1654 586; x_wconf 73' lang='grc' dir='ltr'><strong>ὑπ’</strong></span> <span class='ocrx_word' id='word_1_355' title='bbox 1670 561 1754 594; x_wconf 81' lang='grc' dir='ltr'>αὐτῆς</span> <span class='ocrx_word' id='word_1_356' title='bbox 1770 561 1836 593; x_wconf 74' lang='grc'>(21),</span> 
     </span>
     <span class='ocr_line' id='line_1_47' title="bbox 1049 561 1839 643; baseline -0.01 -8"><span class='ocrx_word' id='word_1_357' title='bbox 1049 609 1112 640; x_wconf 80' lang='grc' dir='ltr'>τοὺς</span> <span class='ocrx_word' id='word_1_358' title='bbox 1125 607 1303 643; x_wconf 79' lang='grc' dir='ltr'><strong>φαινομένους</strong></span> <span class='ocrx_word' id='word_1_359' title='bbox 1318 561 1440 643; x_wconf 51' lang='grc' dir='ltr'>θειξὲεἴν.</span> <span class='ocrx_word' id='word_1_360' title='bbox 1454 605 1510 632; x_wconf 73' lang='grc' dir='ltr'>Καὶ</span> <span class='ocrx_word' id='word_1_361' title='bbox 1521 605 1575 641; x_wconf 86' lang='grc' dir='ltr'><strong>γὰρ</strong></span> <span class='ocrx_word' id='word_1_362' title='bbox 1588 603 1670 636; x_wconf 83' lang='grc' dir='ltr'>πόθος</span> <span class='ocrx_word' id='word_1_363' title='bbox 1684 604 1738 630; x_wconf 88' lang='grc' dir='ltr'>τῶν</span> <span class='ocrx_word' id='word_1_364' title='bbox 1758 602 1839 629; x_wconf 86' lang='grc' dir='ltr'><strong>θείων</strong></span> 
     </span>
    </p>
   </div>
   <div class='ocr_carea' id='block_1_47' title="bbox 1051 649 1838 689">
    <p class='ocr_par' dir='ltr' id='par_1_47' title="bbox 1051 649 1838 689">
     <span class='ocr_line' id='line_1_48' title="bbox 1051 649 1838 689; baseline -0.009 -8"><span class='ocrx_word' id='word_1_365' title='bbox 1051 655 1098 682; x_wconf 71' lang='grc' dir='ltr'>καὶ</span> <span class='ocrx_word' id='word_1_366' title='bbox 1119 653 1173 681; x_wconf 83' lang='grc' dir='ltr'><strong>τῶν</strong></span> <span class='ocrx_word' id='word_1_367' title='bbox 1193 653 1343 689; x_wconf 84' lang='grc' dir='ltr'>μελλόντων</span> <span class='ocrx_word' id='word_1_368' title='bbox 1359 653 1428 687; x_wconf 80' lang='grc' dir='ltr'>αὐτῇ</span> <span class='ocrx_word' id='word_1_369' title='bbox 1443 651 1643 686; x_wconf 74' lang='grc' dir='ltr'>ἐπεισέρχεται,</span> <span class='ocrx_word' id='word_1_370' title='bbox 1657 649 1704 676; x_wconf 77' lang='grc' dir='ltr'>καὶ</span> <span class='ocrx_word' id='word_1_371' title='bbox 1730 649 1838 683; x_wconf 81' lang='grc' dir='ltr'><strong>θελήσει</strong></span> 
     </span>
    </p>
   </div>
   <div class='ocr_carea' id='block_1_48' title="bbox 1051 695 1838 735">
    <p class='ocr_par' dir='ltr' id='par_1_48' title="bbox 1051 695 1838 735">
     <span class='ocr_line' id='line_1_49' title="bbox 1051 695 1838 735; baseline -0.008 -8"><span class='ocrx_word' id='word_1_372' title='bbox 1051 701 1158 732; x_wconf 81' lang='grc' dir='ltr'>πάντως</span> <span class='ocrx_word' id='word_1_373' title='bbox 1175 699 1342 735; x_wconf 85' lang='grc' dir='ltr'>συναφθῆναι</span> <span class='ocrx_word' id='word_1_374' title='bbox 1356 699 1471 730; x_wconf 82' lang='grc' dir='ltr'><strong>τούτοις,</strong></span> <span class='ocrx_word' id='word_1_375' title='bbox 1484 699 1508 724; x_wconf 76' lang='grc' dir='ltr'>εἰ</span> <span class='ocrx_word' id='word_1_376' title='bbox 1520 698 1658 733; x_wconf 69' lang='grc' dir='ltr'>ἀπήρκετο</span> <span class='ocrx_word' id='word_1_377' title='bbox 1673 697 1730 732; x_wconf 71' lang='grc' dir='ltr'>μετ’</span> <span class='ocrx_word' id='word_1_378' title='bbox 1739 695 1838 722; x_wconf 84' lang='grc' dir='ltr'>αὐτῶν.</span> 
     </span>
    </p>
   </div>
   <div class='ocr_carea' id='block_1_49' title="bbox 1056 741 1841 780">
    <p class='ocr_par' dir='ltr' id='par_1_49' title="bbox 1056 741 1841 780">
     <span class='ocr_line' id='line_1_50' title="bbox 1056 741 1841 780; baseline -0.009 -6"><span class='ocrx_word' id='word_1_379' title='bbox 1056 747 1118 774; x_wconf 76' lang='grc' dir='ltr'>Ἐὰν</span> <span class='ocrx_word' id='word_1_380' title='bbox 1129 746 1157 773; x_wconf 80' lang='grc' dir='ltr'><strong>δὲ</strong></span> <span class='ocrx_word' id='word_1_381' title='bbox 1179 746 1237 778; x_wconf 65' lang='grc' dir='ltr'>καὶ,</span> <span class='ocrx_word' id='word_1_382' title='bbox 1256 746 1293 778; x_wconf 83' lang='grc' dir='ltr'>ὡς</span> <span class='ocrx_word' id='word_1_383' title='bbox 1306 745 1454 780; x_wconf 77' lang='grc' dir='ltr'>ἄνθρωποι,</span> <span class='ocrx_word' id='word_1_384' title='bbox 1477 743 1550 775; x_wconf 84' lang='grc' dir='ltr'>τινὲς</span> <span class='ocrx_word' id='word_1_385' title='bbox 1567 742 1705 778; x_wconf 85' lang='grc' dir='ltr'>φοϐηθῶσι</span> <span class='ocrx_word' id='word_1_386' title='bbox 1719 742 1768 777; x_wconf 86' lang='grc' dir='ltr'><strong>τὴν</strong></span> <span class='ocrx_word' id='word_1_387' title='bbox 1785 741 1841 768; x_wconf 82' lang='grc' dir='ltr'>τῶν</span> 
     </span>
    </p>
   </div>
   <div class='ocr_carea' id='block_1_50' title="bbox 1051 788 1841 827">
    <p class='ocr_par' dir='ltr' id='par_1_50' title="bbox 1051 788 1841 827">
     <span class='ocr_line' id='line_1_51' title="bbox 1051 788 1841 827; baseline -0.006 -8"><span class='ocrx_word' id='word_1_388' title='bbox 1051 793 1140 819; x_wconf 81' lang='grc' dir='ltr'>καλῶν</span> <span class='ocrx_word' id='word_1_389' title='bbox 1151 793 1295 823; x_wconf 82' lang='grc' dir='ltr'>ὀπτασίαν,</span> <span class='ocrx_word' id='word_1_390' title='bbox 1310 791 1473 827; x_wconf 77' lang='grc' dir='ltr'>ἀφαιροῦσιν</span> <span class='ocrx_word' id='word_1_391' title='bbox 1488 790 1512 817; x_wconf 81' lang='grc' dir='ltr'>οἱ</span> <span class='ocrx_word' id='word_1_392' title='bbox 1521 789 1678 825; x_wconf 78' lang='grc' dir='ltr'>φαινόμενοι</span> <span class='ocrx_word' id='word_1_393' title='bbox 1693 789 1739 815; x_wconf 77' lang='grc' dir='ltr'>τὸν</span> <span class='ocrx_word' id='word_1_394' title='bbox 1758 788 1841 823; x_wconf 84' lang='grc' dir='ltr'>φόϐον</span> 
     </span>
    </p>
   </div>
   <div class='ocr_carea' id='block_1_51' title="bbox 1051 835 1842 875">
    <p class='ocr_par' dir='ltr' id='par_1_51' title="bbox 1051 835 1842 875">
     <span class='ocr_line' id='line_1_52' title="bbox 1051 835 1842 875; baseline -0.006 -9"><span class='ocrx_word' id='word_1_395' title='bbox 1051 840 1117 875; x_wconf 82' lang='grc' dir='ltr'>παρ’</span> <span class='ocrx_word' id='word_1_396' title='bbox 1133 839 1203 866; x_wconf 65' lang='grc' dir='ltr'>αὐτὰ</span> <span class='ocrx_word' id='word_1_397' title='bbox 1215 841 1248 874; x_wconf 84' lang='grc' dir='ltr'><strong>τῇ</strong></span> <span class='ocrx_word' id='word_1_398' title='bbox 1265 839 1360 873; x_wconf 77' lang='grc' dir='ltr'>ἀγάπῃ</span> <span class='ocrx_word' id='word_1_399' title='bbox 1370 847 1376 853; x_wconf 94' lang='grc'><strong>·</strong></span> <span class='ocrx_word' id='word_1_400' title='bbox 1388 838 1427 870; x_wconf 88' lang='grc' dir='ltr'>ὼς</span> <span class='ocrx_word' id='word_1_401' title='bbox 1443 837 1554 872; x_wconf 86' lang='grc' dir='ltr'>ὲποίησε</span> <span class='ocrx_word' id='word_1_402' title='bbox 1571 835 1690 871; x_wconf 78' lang='grc' dir='ltr'>Γαϐριὴλ</span> <span class='ocrx_word' id='word_1_403' title='bbox 1701 835 1740 870; x_wconf 85' lang='grc' dir='ltr'>τῷ</span> <span class='ocrx_word' id='word_1_404' title='bbox 1753 836 1842 869; x_wconf 78' lang='grc' dir='ltr'>Ζαχα-</span> 
     </span>
    </p>
   </div>
   <div class='ocr_carea' id='block_1_52' title="bbox 1051 881 1841 922">
    <p class='ocr_par' dir='ltr' id='par_1_52' title="bbox 1051 881 1841 922">
     <span class='ocr_line' id='line_1_53' title="bbox 1051 881 1841 922; baseline -0.005 -10"><span class='ocrx_word' id='word_1_405' title='bbox 1051 885 1106 922; x_wconf 83' lang='grc' dir='ltr'>ρίᾳ,</span> <span class='ocrx_word' id='word_1_406' title='bbox 1124 886 1172 912; x_wconf 77' lang='grc' dir='ltr'>καὶ</span> <span class='ocrx_word' id='word_1_407' title='bbox 1184 886 1198 911; x_wconf 83' lang='grc' dir='ltr'><strong>ὀ</strong></span> <span class='ocrx_word' id='word_1_408' title='bbox 1211 884 1304 920; x_wconf 79' lang='grc' dir='ltr'>φανεὶς</span> <span class='ocrx_word' id='word_1_409' title='bbox 1317 883 1431 919; x_wconf 81' lang='grc' dir='ltr'>ἄγγελος</span> <span class='ocrx_word' id='word_1_410' title='bbox 1448 884 1476 910; x_wconf 86' lang='grc' dir='ltr'>ὲν</span> <span class='ocrx_word' id='word_1_411' title='bbox 1493 882 1533 918; x_wconf 85' lang='grc' dir='ltr'><strong>τῷ</strong></span> <span class='ocrx_word' id='word_1_412' title='bbox 1554 882 1618 917; x_wconf 86' lang='grc' dir='ltr'>θείῳ</span> <span class='ocrx_word' id='word_1_413' title='bbox 1637 881 1763 918; x_wconf 85' lang='grc' dir='ltr'><strong>μνημείῳ</strong></span> <span class='ocrx_word' id='word_1_414' title='bbox 1781 883 1841 909; x_wconf 75' lang='grc' dir='ltr'>ταῖς</span> 
     </span>
    </p>
   </div>
   <div class='ocr_carea' id='block_1_53' title="bbox 1050 926 1840 966">
    <p class='ocr_par' dir='ltr' id='par_1_53' title="bbox 1050 926 1840 966">
     <span class='ocr_line' id='line_1_54' title="bbox 1050 926 1840 966; baseline -0.008 -7"><span class='ocrx_word' id='word_1_415' title='bbox 1050 932 1167 966; x_wconf 76' lang='grc' dir='ltr'>γυναιξὶ,</span> <span class='ocrx_word' id='word_1_416' title='bbox 1183 931 1230 958; x_wconf 73' lang='grc' dir='ltr'>καὶ</span> <span class='ocrx_word' id='word_1_417' title='bbox 1246 933 1260 958; x_wconf 84' lang='grc' dir='ltr'><strong>ὁ</strong></span> <span class='ocrx_word' id='word_1_418' title='bbox 1276 930 1332 966; x_wconf 79' lang='grc'>(22)</span> <span class='ocrx_word' id='word_1_419' title='bbox 1351 931 1407 962; x_wconf 86' lang='grc' dir='ltr'>τοῖς</span> <span class='ocrx_word' id='word_1_420' title='bbox 1423 929 1533 965; x_wconf 75' lang='grc' dir='ltr'>ποιμέσι</span> <span class='ocrx_word' id='word_1_421' title='bbox 1549 928 1635 963; x_wconf 83' lang='grc' dir='ltr'>λέγων</span> <span class='ocrx_word' id='word_1_422' title='bbox 1649 929 1678 954; x_wconf 85' lang='grc' dir='ltr'>ὲν</span> <span class='ocrx_word' id='word_1_423' title='bbox 1695 927 1734 962; x_wconf 88' lang='grc' dir='ltr'>τῷ</span> <span class='ocrx_word' id='word_1_424' title='bbox 1750 926 1840 961; x_wconf 82' lang='grc' dir='ltr'>Εὐαγ-</span> 
     </span>
    </p>
   </div>
   <div class='ocr_carea' id='block_1_54' title="bbox 1051 973 1841 1012">
    <p class='ocr_par' dir='ltr' id='par_1_54' title="bbox 1051 973 1841 1012">
     <span class='ocr_line' id='line_1_55' title="bbox 1051 973 1841 1012; baseline -0.006 -8"><span class='ocrx_word' id='word_1_425' title='bbox 1051 977 1133 1012; x_wconf 82' lang='grc' dir='ltr'>γελίῳ</span> <span class='ocrx_word' id='word_1_426' title='bbox 1144 986 1150 993; x_wconf 89' lang='grc'>·</span> <span class='ocrx_word' id='word_1_427' title='bbox 1163 976 1212 1011; x_wconf 74' lang='grc' dir='ltr'><strong>Μὴ</strong></span> <span class='ocrx_word' id='word_1_428' title='bbox 1227 976 1375 1012; x_wconf 76' lang='grc' dir='ltr'>φοϐεῖσθε.</span> <span class='ocrx_word' id='word_1_429' title='bbox 1393 976 1472 1002; x_wconf 79' lang='grc' dir='ltr'>Ἔστι</span> <span class='ocrx_word' id='word_1_430' title='bbox 1486 975 1540 1010; x_wconf 84' lang='grc' dir='ltr'><strong>γὰρ</strong></span> <span class='ocrx_word' id='word_1_431' title='bbox 1554 975 1568 1001; x_wconf 73' lang='grc' dir='ltr'><strong>ι</strong></span> <span class='ocrx_word' id='word_1_432' title='bbox 1584 974 1665 1008; x_wconf 81' lang='grc' dir='ltr'>φόϐος</span> <span class='ocrx_word' id='word_1_433' title='bbox 1682 973 1792 1001; x_wconf 72' lang='grc' dir='ltr'>ἐκείνων</span> <span class='ocrx_word' id='word_1_434' title='bbox 1810 974 1841 1000; x_wconf 83' lang='grc' dir='ltr'>οὐ</span> 
     </span>
    </p>
   </div>
   <div class='ocr_carea' id='block_1_55' title="bbox 1051 1018 1842 1057">
    <p class='ocr_par' dir='ltr' id='par_1_55' title="bbox 1051 1018 1842 1057">
     <span class='ocr_line' id='line_1_56' title="bbox 1051 1018 1842 1057; baseline -0.006 -8"><span class='ocrx_word' id='word_1_435' title='bbox 1051 1022 1122 1049; x_wconf 74' lang='grc' dir='ltr'>κατὰ</span> <span class='ocrx_word' id='word_1_436' title='bbox 1137 1022 1237 1049; x_wconf 82' lang='grc' dir='ltr'>δειλίαν</span> <span class='ocrx_word' id='word_1_437' title='bbox 1259 1021 1349 1057; x_wconf 80' lang='grc' dir='ltr'>ψυχῆς</span> <span class='ocrx_word' id='word_1_438' title='bbox 1362 1042 1370 1055; x_wconf 83' lang='grc'><strong>,</strong></span> <span class='ocrx_word' id='word_1_439' title='bbox 1385 1020 1453 1047; x_wconf 86' lang='grc' dir='ltr'><strong>ἀλλά</strong></span> <span class='ocrx_word' id='word_1_440' title='bbox 1472 1019 1532 1047; x_wconf 85' lang='grc' dir='ltr'>κατ’</span> <span class='ocrx_word' id='word_1_441' title='bbox 1549 1019 1697 1053; x_wconf 77' lang='grc' dir='ltr'>ἐπίγνωσιν</span> <span class='ocrx_word' id='word_1_442' title='bbox 1715 1019 1764 1054; x_wconf 86' lang='grc' dir='ltr'><strong>τῆς</strong></span> <span class='ocrx_word' id='word_1_443' title='bbox 1786 1018 1842 1044; x_wconf 84' lang='grc' dir='ltr'>τῶν</span> 
     </span>
    </p>
   </div>
   <div class='ocr_carea' id='block_1_56' title="bbox 1051 1064 1842 1105">
    <p class='ocr_par' dir='ltr' id='par_1_56' title="bbox 1051 1064 1842 1105">
     <span class='ocr_line' id='line_1_57' title="bbox 1051 1064 1842 1105; baseline -0.005 -10"><span class='ocrx_word' id='word_1_444' title='bbox 1051 1068 1212 1105; x_wconf 78' lang='grc' dir='ltr'>κρειττόνων</span> <span class='ocrx_word' id='word_1_445' title='bbox 1226 1068 1386 1104; x_wconf 81' lang='grc' dir='ltr'>παρουσίας.</span> <span class='ocrx_word' id='word_1_446' title='bbox 1400 1066 1518 1102; x_wconf 82' lang='grc' dir='ltr'>Τοιαύτη</span> <span class='ocrx_word' id='word_1_447' title='bbox 1534 1066 1582 1102; x_wconf 79' lang='grc' dir='ltr'>μὲν</span> <span class='ocrx_word' id='word_1_448' title='bbox 1601 1064 1647 1093; x_wconf 83' lang='grc' dir='ltr'>οὖν</span> <span class='ocrx_word' id='word_1_449' title='bbox 1665 1066 1745 1101; x_wconf 80' lang='grc' dir='ltr'>ἡτῶν</span> <span class='ocrx_word' id='word_1_450' title='bbox 1759 1065 1842 1100; x_wconf 76' lang='grc' dir='ltr'>ἁγίων</span> 
     </span>
    </p>
   </div>
   <div class='ocr_carea' id='block_1_57' title="bbox 1051 1115 1180 1143">
    <p class='ocr_par' dir='ltr' id='par_1_57' title="bbox 1051 1115 1180 1143">
     <span class='ocr_line' id='line_1_58' title="bbox 1051 1115 1180 1143; baseline 0 -2"><span class='ocrx_word' id='word_1_451' title='bbox 1051 1115 1180 1143; x_wconf 81' lang='grc' dir='ltr'>ὀπτασία.</span> 
     </span>
    </p>
   </div>
   <div class='ocr_carea' id='block_1_58' title="bbox 1087 1157 1843 1195">
    <p class='ocr_par' dir='ltr' id='par_1_58' title="bbox 1087 1157 1843 1195">
     <span class='ocr_line' id='line_1_59' title="bbox 1087 1157 1843 1195; baseline -0.007 -7"><span class='ocrx_word' id='word_1_452' title='bbox 1087 1160 1130 1188; x_wconf 87' lang='grc'><strong>56.</strong></span> <span class='ocrx_word' id='word_1_453' title='bbox 1157 1161 1189 1187; x_wconf 85' lang='grc' dir='ltr'><strong>Ἡ</strong></span> <span class='ocrx_word' id='word_1_454' title='bbox 1203 1160 1231 1188; x_wconf 80' lang='grc' dir='ltr'><strong>δὲ</strong></span> <span class='ocrx_word' id='word_1_455' title='bbox 1255 1160 1308 1187; x_wconf 82' lang='grc' dir='ltr'>τῶν</span> <span class='ocrx_word' id='word_1_456' title='bbox 1335 1158 1445 1194; x_wconf 85' lang='grc' dir='ltr'>φαύλων</span> <span class='ocrx_word' id='word_1_457' title='bbox 1475 1159 1608 1195; x_wconf 80' lang='grc' dir='ltr'>ὲπιδρομὴ</span> <span class='ocrx_word' id='word_1_458' title='bbox 1636 1158 1683 1185; x_wconf 73' lang='grc' dir='ltr'>καὶ</span> <span class='ocrx_word' id='word_1_459' title='bbox 1709 1157 1843 1192; x_wconf 80' lang='grc' dir='ltr'>φαντασία</span> 
     </span>
    </p>
   </div>
   <div class='ocr_carea' id='block_1_59' title="bbox 1051 1203 1840 1243">
    <p class='ocr_par' dir='ltr' id='par_1_59' title="bbox 1051 1203 1840 1243">
     <span class='ocr_line' id='line_1_60' title="bbox 1051 1203 1840 1243; baseline -0.005 -9"><span class='ocrx_word' id='word_1_460' title='bbox 1051 1206 1253 1243; x_wconf 76' lang='grc' dir='ltr'>τεταραγμένη,</span> <span class='ocrx_word' id='word_1_461' title='bbox 1272 1206 1340 1242; x_wconf 77' lang='grc' dir='ltr'>μετὰ</span> <span class='ocrx_word' id='word_1_462' title='bbox 1353 1205 1458 1232; x_wconf 79' lang='grc' dir='ltr'>κτύπου</span> <span class='ocrx_word' id='word_1_463' title='bbox 1487 1206 1534 1232; x_wconf 70' lang='grc' dir='ltr'>καὶ</span> <span class='ocrx_word' id='word_1_464' title='bbox 1550 1205 1617 1240; x_wconf 73' lang='grc' dir='ltr'>ἤχου</span> <span class='ocrx_word' id='word_1_465' title='bbox 1637 1205 1685 1231; x_wconf 74' lang='grc' dir='ltr'>καὶ</span> <span class='ocrx_word' id='word_1_466' title='bbox 1707 1203 1840 1238; x_wconf 77' lang='grc' dir='ltr'>κραυγῆς·</span> 
     </span>
    </p>
   </div>
   <div class='ocr_carea' id='block_1_60' title="bbox 1051 1249 1843 1288">
    <p class='ocr_par' dir='ltr' id='par_1_60' title="bbox 1051 1249 1843 1288">
     <span class='ocr_line' id='line_1_61' title="bbox 1051 1249 1843 1288; baseline -0.008 -8"><span class='ocrx_word' id='word_1_467' title='bbox 1051 1253 1094 1280; x_wconf 86' lang='grc' dir='ltr'><strong>οἴα</strong></span> <span class='ocrx_word' id='word_1_468' title='bbox 1117 1253 1150 1280; x_wconf 85' lang='grc' dir='ltr'><strong>ἃν</strong></span> <span class='ocrx_word' id='word_1_469' title='bbox 1171 1253 1276 1287; x_wconf 84' lang='grc' dir='ltr'>γένοιτο</span> <span class='ocrx_word' id='word_1_470' title='bbox 1302 1252 1442 1288; x_wconf 84' lang='grc' dir='ltr'>νεωτέρων</span> <span class='ocrx_word' id='word_1_471' title='bbox 1469 1251 1640 1279; x_wconf 80' lang='grc' dir='ltr'>ἀπαιδεύτων</span> <span class='ocrx_word' id='word_1_472' title='bbox 1667 1251 1714 1278; x_wconf 78' lang='grc' dir='ltr'><strong>καὶ</strong></span> <span class='ocrx_word' id='word_1_473' title='bbox 1737 1249 1843 1285; x_wconf 76' lang='grc' dir='ltr'>λῃστῶν</span> 
     </span>
    </p>
   </div>
   <div class='ocr_carea' id='block_1_61' title="bbox 1052 1295 1841 1334">
    <p class='ocr_par' dir='ltr' id='par_1_61' title="bbox 1052 1295 1841 1334">
     <span class='ocr_line' id='line_1_62' title="bbox 1052 1295 1841 1334; baseline -0.006 -8"><span class='ocrx_word' id='word_1_474' title='bbox 1052 1299 1168 1334; x_wconf 87' lang='grc' dir='ltr'>κίνησις.</span> <span class='ocrx_word' id='word_1_475' title='bbox 1199 1298 1243 1332; x_wconf 83' lang='grc' dir='ltr'><strong>Ἐξ</strong></span> <span class='ocrx_word' id='word_1_476' title='bbox 1259 1295 1296 1325; x_wconf 81' lang='grc' dir='ltr'>ὧν</span> <span class='ocrx_word' id='word_1_477' title='bbox 1321 1298 1401 1330; x_wconf 77' lang='grc' dir='ltr'>εὐθὺς</span> <span class='ocrx_word' id='word_1_478' title='bbox 1420 1298 1476 1332; x_wconf 81' lang='grc'>(25)</span> <span class='ocrx_word' id='word_1_479' title='bbox 1501 1298 1605 1333; x_wconf 85' lang='grc' dir='ltr'>γίνεται</span> <span class='ocrx_word' id='word_1_480' title='bbox 1631 1296 1717 1323; x_wconf 82' lang='grc' dir='ltr'>δειλία</span> <span class='ocrx_word' id='word_1_481' title='bbox 1744 1295 1841 1330; x_wconf 70' lang='grc' dir='ltr'>ψυχῆς,</span> 
     </span>
    </p>
   </div>
   <div class='ocr_carea' id='block_1_62' title="bbox 1052 1340 1843 1380">
    <p class='ocr_par' dir='ltr' id='par_1_62' title="bbox 1052 1340 1843 1380">
     <span class='ocr_line' id='line_1_63' title="bbox 1052 1340 1843 1380; baseline -0.005 -9"><span class='ocrx_word' id='word_1_482' title='bbox 1052 1344 1169 1380; x_wconf 85' lang='grc' dir='ltr'>τάραχος</span> <span class='ocrx_word' id='word_1_483' title='bbox 1186 1343 1234 1370; x_wconf 72' lang='grc' dir='ltr'>καὶ</span> <span class='ocrx_word' id='word_1_484' title='bbox 1248 1343 1346 1377; x_wconf 79' lang='grc' dir='ltr'>ἀταξία</span> <span class='ocrx_word' id='word_1_485' title='bbox 1356 1342 1503 1378; x_wconf 83' lang='grc' dir='ltr'>λογισμῶν,</span> <span class='ocrx_word' id='word_1_486' title='bbox 1519 1343 1663 1378; x_wconf 80' lang='grc' dir='ltr'>κατήφεια,</span> <span class='ocrx_word' id='word_1_487' title='bbox 1685 1343 1762 1377; x_wconf 87' lang='grc' dir='ltr'>μῖσος</span> <span class='ocrx_word' id='word_1_488' title='bbox 1775 1340 1843 1377; x_wconf 75' lang='grc' dir='ltr'>πρὸς</span> 
     </span>
    </p>
   </div>
   <div class='ocr_carea' id='block_1_63' title="bbox 1053 1385 1842 1425">
    <p class='ocr_par' dir='ltr' id='par_1_63' title="bbox 1053 1385 1842 1425">
     <span class='ocr_line' id='line_1_64' title="bbox 1053 1385 1842 1425; baseline -0.006 -8"><span class='ocrx_word' id='word_1_489' title='bbox 1053 1391 1115 1422; x_wconf 74' lang='grc' dir='ltr'>τοὺς</span> <span class='ocrx_word' id='word_1_490' title='bbox 1130 1389 1263 1425; x_wconf 83' lang='grc' dir='ltr'>ἀσκητάς,</span> <span class='ocrx_word' id='word_1_491' title='bbox 1287 1389 1398 1425; x_wconf 83' lang='grc' dir='ltr'>ἀκηδία,</span> <span class='ocrx_word' id='word_1_492' title='bbox 1425 1389 1510 1424; x_wconf 85' lang='grc' dir='ltr'>λύπη,</span> <span class='ocrx_word' id='word_1_493' title='bbox 1530 1389 1624 1424; x_wconf 86' lang='grc' dir='ltr'>μνήμη</span> <span class='ocrx_word' id='word_1_494' title='bbox 1649 1387 1703 1415; x_wconf 85' lang='grc' dir='ltr'><strong>τῶν</strong></span> <span class='ocrx_word' id='word_1_495' title='bbox 1723 1385 1842 1418; x_wconf 71' lang='grc' dir='ltr'>οἱκεῦων,</span> 
     </span>
    </p>
   </div>
   <div class='ocr_carea' id='block_1_64' title="bbox 1053 1433 1844 1471">
    <p class='ocr_par' dir='ltr' id='par_1_64' title="bbox 1053 1433 1844 1471">
     <span class='ocr_line' id='line_1_65' title="bbox 1053 1433 1844 1471; baseline -0.005 -8"><span class='ocrx_word' id='word_1_496' title='bbox 1053 1437 1099 1464; x_wconf 76' lang='grc' dir='ltr'>καὶ</span> <span class='ocrx_word' id='word_1_497' title='bbox 1116 1436 1196 1471; x_wconf 83' lang='grc' dir='ltr'>φόϐος</span> <span class='ocrx_word' id='word_1_498' title='bbox 1210 1435 1336 1463; x_wconf 79' lang='grc' dir='ltr'>θανάτου·</span> <span class='ocrx_word' id='word_1_499' title='bbox 1358 1435 1404 1463; x_wconf 75' lang='grc' dir='ltr'>καὶ</span> <span class='ocrx_word' id='word_1_500' title='bbox 1419 1435 1511 1462; x_wconf 79' lang='grc' dir='ltr'>λοιπὸν</span> <span class='ocrx_word' id='word_1_501' title='bbox 1526 1434 1658 1470; x_wconf 75' lang='grc' dir='ltr'>ἐπιθυμία</span> <span class='ocrx_word' id='word_1_502' title='bbox 1673 1433 1776 1465; x_wconf 80' lang='grc' dir='ltr'>κακῶν,</span> <span class='ocrx_word' id='word_1_503' title='bbox 1789 1433 1844 1459; x_wconf 81' lang='grc' dir='ltr'>ὀλι-</span> 
     </span>
    </p>
   </div>
   <div class='ocr_carea' id='block_1_65' title="bbox 1052 1481 1844 1519">
    <p class='ocr_par' dir='ltr' id='par_1_65' title="bbox 1052 1481 1844 1519">
     <span class='ocr_line' id='line_1_66' title="bbox 1052 1481 1844 1519; baseline -0.004 -10"><span class='ocrx_word' id='word_1_504' title='bbox 1052 1483 1141 1519; x_wconf 86' lang='grc' dir='ltr'>γωρία</span> <span class='ocrx_word' id='word_1_505' title='bbox 1160 1483 1229 1519; x_wconf 79' lang='grc' dir='ltr'>πρὸς</span> <span class='ocrx_word' id='word_1_506' title='bbox 1252 1482 1301 1518; x_wconf 84' lang='grc' dir='ltr'>τὴν</span> <span class='ocrx_word' id='word_1_507' title='bbox 1325 1482 1436 1518; x_wconf 86' lang='grc' dir='ltr'>ἀρετὴν,</span> <span class='ocrx_word' id='word_1_508' title='bbox 1459 1481 1566 1508; x_wconf 77' lang='grc' dir='ltr'>καὶτοῦ</span> <span class='ocrx_word' id='word_1_509' title='bbox 1593 1481 1675 1516; x_wconf 76' lang='grc' dir='ltr'>ήθους</span> <span class='ocrx_word' id='word_1_510' title='bbox 1691 1481 1844 1508; x_wconf 80' lang='grc' dir='ltr'>ἀκαταστα-</span> 
     </span>
    </p>
   </div>
   <div class='ocr_carea' id='block_1_66' title="bbox 1055 1525 1842 1564">
    <p class='ocr_par' dir='ltr' id='par_1_66' title="bbox 1055 1525 1842 1564">
     <span class='ocr_line' id='line_1_67' title="bbox 1055 1525 1842 1564; baseline -0.005 -9"><span class='ocrx_word' id='word_1_511' title='bbox 1055 1529 1108 1555; x_wconf 85' lang='grc' dir='ltr'>σία.</span> <span class='ocrx_word' id='word_1_512' title='bbox 1125 1529 1208 1555; x_wconf 85' lang='grc' dir='ltr'>Ὅταν</span> <span class='ocrx_word' id='word_1_513' title='bbox 1222 1527 1312 1555; x_wconf 81' lang='grc' dir='ltr'>τοίνυν</span> <span class='ocrx_word' id='word_1_514' title='bbox 1335 1527 1525 1564; x_wconf 83' lang='grc' dir='ltr'>θεωρήσαντές</span> <span class='ocrx_word' id='word_1_515' title='bbox 1539 1536 1600 1554; x_wconf 91' lang='grc' dir='ltr'>τινα</span> <span class='ocrx_word' id='word_1_516' title='bbox 1620 1526 1677 1562; x_wconf 73' lang='grc'>(24)</span> <span class='ocrx_word' id='word_1_517' title='bbox 1694 1525 1842 1562; x_wconf 81' lang='grc' dir='ltr'>φοϐηθῆτε,</span> 
     </span>
    </p>
   </div>
   <div class='ocr_carea' id='block_1_67' title="bbox 1054 1571 1843 1610">
    <p class='ocr_par' dir='ltr' id='par_1_67' title="bbox 1054 1571 1843 1610">
     <span class='ocr_line' id='line_1_68' title="bbox 1054 1571 1843 1610; baseline -0.004 -9"><span class='ocrx_word' id='word_1_518' title='bbox 1054 1574 1101 1601; x_wconf 77' lang='grc' dir='ltr'>ἐὰν</span> <span class='ocrx_word' id='word_1_519' title='bbox 1118 1575 1166 1610; x_wconf 87' lang='grc' dir='ltr'>μὲν</span> <span class='ocrx_word' id='word_1_520' title='bbox 1180 1574 1261 1606; x_wconf 83' lang='grc' dir='ltr'>εὐθὺς</span> <span class='ocrx_word' id='word_1_521' title='bbox 1288 1575 1302 1600; x_wconf 89' lang='grc' dir='ltr'>ὁ</span> <span class='ocrx_word' id='word_1_522' title='bbox 1328 1574 1409 1609; x_wconf 83' lang='grc' dir='ltr'>φόϐος</span> <span class='ocrx_word' id='word_1_523' title='bbox 1434 1573 1580 1610; x_wconf 82' lang='grc' dir='ltr'>ἀφαιρεθῇ,</span> <span class='ocrx_word' id='word_1_524' title='bbox 1597 1573 1645 1600; x_wconf 67' lang='grc' dir='ltr'>καὶ</span> <span class='ocrx_word' id='word_1_525' title='bbox 1667 1573 1724 1599; x_wconf 82' lang='grc' dir='ltr'>ἀντ’</span> <span class='ocrx_word' id='word_1_526' title='bbox 1740 1571 1843 1599; x_wconf 67' lang='grc' dir='ltr'>ἐκείνου</span> 
     </span>
    </p>
   </div>
   <div class='ocr_carea' id='block_1_68' title="bbox 1053 1618 1842 1657">
    <p class='ocr_par' dir='ltr' id='par_1_68' title="bbox 1053 1618 1842 1657">
     <span class='ocr_line' id='line_1_69' title="bbox 1053 1618 1842 1657; baseline -0.005 -9"><span class='ocrx_word' id='word_1_527' title='bbox 1053 1621 1166 1656; x_wconf 80' lang='grc' dir='ltr'>γένηται</span> <span class='ocrx_word' id='word_1_528' title='bbox 1180 1621 1251 1657; x_wconf 76' lang='grc' dir='ltr'>χαρὰ</span> <span class='ocrx_word' id='word_1_529' title='bbox 1268 1621 1459 1656; x_wconf 78' lang='grc' dir='ltr'>ἀνεκλάλητος,</span> <span class='ocrx_word' id='word_1_530' title='bbox 1470 1620 1516 1648; x_wconf 62' lang='grc' dir='ltr'>καὶ</span> <span class='ocrx_word' id='word_1_531' title='bbox 1531 1620 1657 1656; x_wconf 73' lang='grc' dir='ltr'>εὐθυμία,</span> <span class='ocrx_word' id='word_1_532' title='bbox 1669 1620 1716 1646; x_wconf 71' lang='grc' dir='ltr'><strong>καὶ</strong></span> <span class='ocrx_word' id='word_1_533' title='bbox 1733 1618 1842 1654; x_wconf 83' lang='grc' dir='ltr'>θάρσος,</span> 
     </span>
    </p>
   </div>
   <div class='ocr_carea' id='block_1_69' title="bbox 1053 1664 1844 1704">
    <p class='ocr_par' dir='ltr' id='par_1_69' title="bbox 1053 1664 1844 1704">
     <span class='ocr_line' id='line_1_70' title="bbox 1053 1664 1844 1704; baseline -0.005 -10"><span class='ocrx_word' id='word_1_534' title='bbox 1053 1667 1100 1694; x_wconf 66' lang='grc' dir='ltr'><strong>καὶ</strong></span> <span class='ocrx_word' id='word_1_535' title='bbox 1112 1667 1270 1704; x_wconf 83' lang='grc' dir='ltr'>ἀνάκτησις,</span> <span class='ocrx_word' id='word_1_536' title='bbox 1285 1668 1333 1694; x_wconf 70' lang='grc' dir='ltr'>καὶ</span> <span class='ocrx_word' id='word_1_537' title='bbox 1356 1667 1410 1694; x_wconf 83' lang='grc' dir='ltr'>τῶν</span> <span class='ocrx_word' id='word_1_538' title='bbox 1432 1667 1570 1702; x_wconf 86' lang='grc' dir='ltr'>λογισμῶν</span> <span class='ocrx_word' id='word_1_539' title='bbox 1593 1664 1736 1702; x_wconf 76' lang='grc' dir='ltr'>ἀταραξία.</span> <span class='ocrx_word' id='word_1_540' title='bbox 1751 1665 1798 1691; x_wconf 75' lang='grc' dir='ltr'><strong>καὶ</strong></span> <span class='ocrx_word' id='word_1_541' title='bbox 1809 1664 1844 1691; x_wconf 70' lang='grc' dir='ltr'><strong>τὰ</strong></span> 
     </span>
    </p>
   </div>
   <div class='ocr_carea' id='block_1_70' title="bbox 1054 1711 1844 1750">
    <p class='ocr_par' dir='ltr' id='par_1_70' title="bbox 1054 1711 1844 1750">
     <span class='ocr_line' id='line_1_71' title="bbox 1054 1711 1844 1750; baseline -0.005 -10"><span class='ocrx_word' id='word_1_542' title='bbox 1054 1714 1121 1741; x_wconf 75' lang='grc' dir='ltr'>ἄλλα</span> <span class='ocrx_word' id='word_1_543' title='bbox 1148 1714 1198 1741; x_wconf 86' lang='grc' dir='ltr'>ὅσα</span> <span class='ocrx_word' id='word_1_544' title='bbox 1225 1715 1366 1749; x_wconf 82' lang='grc' dir='ltr'>προεῖπον,</span> <span class='ocrx_word' id='word_1_545' title='bbox 1393 1713 1488 1750; x_wconf 83' lang='grc' dir='ltr'>ἀνδρία</span> <span class='ocrx_word' id='word_1_546' title='bbox 1510 1723 1539 1741; x_wconf 89' lang='grc' dir='ltr'><strong>τε</strong></span> <span class='ocrx_word' id='word_1_547' title='bbox 1557 1714 1603 1740; x_wconf 70' lang='grc' dir='ltr'><strong>καὶ</strong></span> <span class='ocrx_word' id='word_1_548' title='bbox 1625 1713 1718 1747; x_wconf 79' lang='grc' dir='ltr'>ἀγάπη</span> <span class='ocrx_word' id='word_1_549' title='bbox 1738 1712 1778 1742; x_wconf 82' lang='grc' dir='ltr'><strong>εἰς</strong></span> <span class='ocrx_word' id='word_1_550' title='bbox 1799 1711 1844 1736; x_wconf 81' lang='grc' dir='ltr'><strong>τὸν</strong></span> 
     </span>
    </p>
   </div>
   <div class='ocr_carea' id='block_1_71' title="bbox 1054 1759 1844 1797">
    <p class='ocr_par' dir='ltr' id='par_1_71' title="bbox 1054 1759 1844 1797">
     <span class='ocr_line' id='line_1_72' title="bbox 1054 1759 1844 1797; baseline -0.005 -9"><span class='ocrx_word' id='word_1_551' title='bbox 1054 1761 1130 1794; x_wconf 77' lang='grc' dir='ltr'>Θεὸν,</span> <span class='ocrx_word' id='word_1_552' title='bbox 1147 1761 1273 1797; x_wconf 82' lang='grc' dir='ltr'>θαρσεῖτε</span> <span class='ocrx_word' id='word_1_553' title='bbox 1287 1761 1334 1787; x_wconf 68' lang='grc' dir='ltr'><strong>καὶ</strong></span> <span class='ocrx_word' id='word_1_554' title='bbox 1350 1760 1461 1796; x_wconf 76' lang='grc' dir='ltr'>εὔχεσθε</span> <span class='ocrx_word' id='word_1_555' title='bbox 1475 1770 1481 1776; x_wconf 93' lang='grc'><strong>·</strong></span> <span class='ocrx_word' id='word_1_556' title='bbox 1498 1762 1515 1797; x_wconf 82' lang='grc' dir='ltr'><strong>ἡ</strong></span> <span class='ocrx_word' id='word_1_557' title='bbox 1532 1760 1585 1796; x_wconf 84' lang='grc' dir='ltr'><strong>γὰρ</strong></span> <span class='ocrx_word' id='word_1_558' title='bbox 1608 1759 1680 1796; x_wconf 84' lang='grc' dir='ltr'>χαρὰ</span> <span class='ocrx_word' id='word_1_559' title='bbox 1703 1759 1749 1786; x_wconf 68' lang='grc' dir='ltr'>καὶ</span> <span class='ocrx_word' id='word_1_560' title='bbox 1765 1759 1781 1793; x_wconf 84' lang='grc' dir='ltr'>ἡ</span> <span class='ocrx_word' id='word_1_561' title='bbox 1796 1766 1844 1784; x_wconf 80' lang='grc' dir='ltr'>κα-</span> 
     </span>
    </p>
   </div>
   <div class='ocr_carea' id='block_1_72' title="bbox 1053 1804 1844 1842">
    <p class='ocr_par' dir='ltr' id='par_1_72' title="bbox 1053 1804 1844 1842">
     <span class='ocr_line' id='line_1_73' title="bbox 1053 1804 1844 1842; baseline -0.005 -8"><span class='ocrx_word' id='word_1_562' title='bbox 1053 1807 1184 1839; x_wconf 79' lang='grc' dir='ltr'>τάστασις</span> <span class='ocrx_word' id='word_1_563' title='bbox 1199 1807 1249 1842; x_wconf 84' lang='grc' dir='ltr'>τῆς</span> <span class='ocrx_word' id='word_1_564' title='bbox 1262 1807 1352 1842; x_wconf 75' lang='grc' dir='ltr'>ψυχῆς</span> <span class='ocrx_word' id='word_1_565' title='bbox 1367 1807 1485 1834; x_wconf 83' lang='grc' dir='ltr'>δείκνυσι</span> <span class='ocrx_word' id='word_1_566' title='bbox 1497 1807 1544 1833; x_wconf 80' lang='grc' dir='ltr'>τοῦ</span> <span class='ocrx_word' id='word_1_567' title='bbox 1560 1807 1691 1842; x_wconf 80' lang='grc' dir='ltr'>παρόντος</span> <span class='ocrx_word' id='word_1_568' title='bbox 1709 1805 1758 1840; x_wconf 75' lang='grc' dir='ltr'>τὴν</span> <span class='ocrx_word' id='word_1_569' title='bbox 1771 1804 1844 1838; x_wconf 74' lang='grc' dir='ltr'>ἁγιό-</span> 
     </span>
    </p>
   </div>
   <div class='ocr_carea' id='block_1_73' title="bbox 1054 1851 1843 1889">
    <p class='ocr_par' dir='ltr' id='par_1_73' title="bbox 1054 1851 1843 1889">
     <span class='ocr_line' id='line_1_74' title="bbox 1054 1851 1843 1889; baseline -0.004 -9"><span class='ocrx_word' id='word_1_570' title='bbox 1054 1862 1132 1888; x_wconf 85' lang='grc' dir='ltr'>τητα.</span> <span class='ocrx_word' id='word_1_571' title='bbox 1150 1853 1243 1885; x_wconf 72' lang='grc' dir='ltr'>Οὕτως</span> <span class='ocrx_word' id='word_1_572' title='bbox 1260 1853 1386 1889; x_wconf 72' lang='grc' dir='ltr'>Ἀϐραὰμ</span> <span class='ocrx_word' id='word_1_573' title='bbox 1403 1852 1464 1880; x_wconf 82' lang='grc' dir='ltr'><strong>ἰδὼν</strong></span> <span class='ocrx_word' id='word_1_574' title='bbox 1475 1853 1521 1880; x_wconf 79' lang='grc' dir='ltr'>τὸν</span> <span class='ocrx_word' id='word_1_575' title='bbox 1535 1852 1636 1889; x_wconf 84' lang='grc' dir='ltr'>Κύριον</span> <span class='ocrx_word' id='word_1_576' title='bbox 1651 1851 1843 1887; x_wconf 80' lang='grc' dir='ltr'>ἠγαλλιάσατο·</span> 
     </span>
    </p>
   </div>
   <div class='ocr_carea' id='block_1_74' title="bbox 885 1937 1178 1968">
    <p class='ocr_par' dir='ltr' id='par_1_74' title="bbox 885 1937 1178 1968">
     <span class='ocr_line' id='line_1_75' title="bbox 885 1937 1178 1968; baseline 0.007 -2"><span class='ocrx_word' id='word_1_577' title='bbox 885 1937 1011 1967; x_wconf 71' lang='grc' dir='ltr'>νΕιιδιο</span> <span class='ocrx_word' id='word_1_578' title='bbox 1026 1939 1178 1968; x_wconf 77' lang='lat' dir='ltr'><strong>EVAGRII.</strong></span> 
     </span>
    </p>
   </div>
   <div class='ocr_carea' id='block_1_75' title="bbox 214 2015 1842 2054">
    <p class='ocr_par' dir='ltr' id='par_1_75' title="bbox 214 2015 1842 2054">
     <span class='ocr_line' id='line_1_76' title="bbox 214 2015 1842 2054; baseline 0.002 -13"><span class='ocrx_word' id='word_1_579' title='bbox 214 2015 569 2054; x_wconf 52' lang='lat' dir='ltr'><strong>verumutaciteleniterque</strong></span> <span class='ocrx_word' id='word_1_580' title='bbox 581 2021 768 2054; x_wconf 71' lang='lat' dir='ltr'><strong>properantes,</strong></span> <span class='ocrx_word' id='word_1_581' title='bbox 783 2016 912 2054; x_wconf 83' lang='lat' dir='ltr'><strong>gaudium</strong></span> <span class='ocrx_word' id='word_1_582' title='bbox 926 2018 1155 2054; x_wconf 11' lang='lat' dir='ltr'><strong>,rexsulgtationem</strong></span> <span class='ocrx_word' id='word_1_583' title='bbox 1169 2039 1177 2052; x_wconf 92' lang='lat'><strong>,</strong></span> <span class='ocrx_word' id='word_1_584' title='bbox 1199 2019 1326 2046; x_wconf 80' lang='lat' dir='ltr'><strong>ﬁduciam</strong></span> <span class='ocrx_word' id='word_1_585' title='bbox 1348 2019 1504 2054; x_wconf 81' lang='lat' dir='ltr'><strong>pectoribus</strong></span> <span class='ocrx_word' id='word_1_586' title='bbox 1523 2018 1671 2045; x_wconf 81' lang='lat' dir='ltr'><strong>infundunt</strong></span> <span class='ocrx_word' id='word_1_587' title='bbox 1685 2028 1692 2046; x_wconf 74' lang='grc' dir='ltr'><em>τ</em></span> <span class='ocrx_word' id='word_1_588' title='bbox 1709 2018 1842 2054; x_wconf 85' lang='lat' dir='ltr'><strong>siquidem</strong></span> 
     </span>
    </p>
   </div>
   <div class='ocr_carea' id='block_1_76' title="bbox 214 2049 1843 2088">
    <p class='ocr_par' dir='ltr' id='par_1_76' title="bbox 214 2049 1843 2088">
     <span class='ocr_line' id='line_1_77' title="bbox 214 2049 1843 2088; baseline 0.002 -12"><span class='ocrx_word' id='word_1_589' title='bbox 214 2057 276 2077; x_wconf 90' lang='lat' dir='ltr'><strong>eum</strong></span> <span class='ocrx_word' id='word_1_590' title='bbox 287 2049 344 2088; x_wconf 78' lang='lat' dir='ltr'><strong>illis</strong></span> <span class='ocrx_word' id='word_1_591' title='bbox 356 2055 398 2088; x_wconf 87' lang='lat' dir='ltr'><strong>est</strong></span> <span class='ocrx_word' id='word_1_592' title='bbox 411 2049 553 2088; x_wconf 78' lang='lat' dir='ltr'><strong>Dominus.</strong></span> <span class='ocrx_word' id='word_1_593' title='bbox 569 2049 615 2086; x_wconf 84' lang='lat' dir='ltr'><strong>qui</strong></span> <span class='ocrx_word' id='word_1_594' title='bbox 632 2049 674 2079; x_wconf 81' lang='lat' dir='ltr'><strong>est</strong></span> <span class='ocrx_word' id='word_1_595' title='bbox 689 2052 749 2080; x_wconf 86' lang='lat' dir='ltr'><strong>fons</strong></span> <span class='ocrx_word' id='word_1_596' title='bbox 762 2049 877 2088; x_wconf 47' lang='lat' dir='ltr'><strong>et&#39;origo</strong></span> <span class='ocrx_word' id='word_1_597' title='bbox 892 2049 1000 2080; x_wconf 64' lang='lat' dir='ltr'><strong>laetitiae.</strong></span> <span class='ocrx_word' id='word_1_598' title='bbox 1013 2052 1090 2082; x_wconf 90' lang='lat' dir='ltr'><strong>Tunc</strong></span> <span class='ocrx_word' id='word_1_599' title='bbox 1111 2049 1188 2082; x_wconf 78' lang='lat' dir='ltr'><strong>mens</strong></span> <span class='ocrx_word' id='word_1_600' title='bbox 1203 2059 1295 2082; x_wconf 88' lang='lat' dir='ltr'><strong>nostra</strong></span> <span class='ocrx_word' id='word_1_601' title='bbox 1315 2049 1368 2081; x_wconf 75' lang='lat' dir='ltr'><strong>non</strong></span> <span class='ocrx_word' id='word_1_602' title='bbox 1385 2054 1492 2082; x_wconf 87' lang='lat' dir='ltr'><strong>turbida</strong></span> <span class='ocrx_word' id='word_1_603' title='bbox 1503 2075 1511 2087; x_wconf 90' lang='lat'><strong>,</strong></span> <span class='ocrx_word' id='word_1_604' title='bbox 1533 2054 1579 2081; x_wconf 78' lang='lat' dir='ltr'><strong>sed</strong></span> <span class='ocrx_word' id='word_1_605' title='bbox 1595 2054 1662 2081; x_wconf 88' lang='lat' dir='ltr'><strong>lenis</strong></span> <span class='ocrx_word' id='word_1_606' title='bbox 1680 2059 1706 2081; x_wconf 89' lang='lat' dir='ltr'><strong>et</strong></span> <span class='ocrx_word' id='word_1_607' title='bbox 1728 2049 1843 2088; x_wconf 87' lang='lat' dir='ltr'><strong>placida,</strong></span> 
     </span>
    </p>
   </div>
   <div class='ocr_carea' id='block_1_77' title="bbox 215 2084 1843 2125">
    <p class='ocr_par' dir='ltr' id='par_1_77' title="bbox 215 2084 1843 2125">
     <span class='ocr_line' id='line_1_78' title="bbox 215 2084 1843 2125; baseline 0.002 -14"><span class='ocrx_word' id='word_1_608' title='bbox 215 2084 373 2125; x_wconf 70' lang='lat' dir='ltr'><strong>angelorum</strong></span> <span class='ocrx_word' id='word_1_609' title='bbox 392 2085 453 2125; x_wconf 72' lang='lat' dir='ltr'><strong>luce</strong></span> <span class='ocrx_word' id='word_1_610' title='bbox 475 2084 597 2125; x_wconf 45' lang='lat' dir='ltr'><strong>radiata}</strong></span> <span class='ocrx_word' id='word_1_611' title='bbox 614 2097 620 2114; x_wconf 88' lang='lat'>:</span> <span class='ocrx_word' id='word_1_612' title='bbox 637 2091 700 2114; x_wconf 90' lang='lat' dir='ltr'><strong>tunc</strong></span> <span class='ocrx_word' id='word_1_613' title='bbox 719 2087 810 2125; x_wconf 78' lang='lat' dir='ltr'><strong>anima</strong></span> <span class='ocrx_word' id='word_1_614' title='bbox 839 2084 992 2115; x_wconf 68' lang='lat' dir='ltr'><strong>etelestinm</strong></span> <span class='ocrx_word' id='word_1_615' title='bbox 1019 2089 1194 2124; x_wconf 61' lang='lat' dir='ltr'><strong>prmmiorum</strong></span> <span class='ocrx_word' id='word_1_616' title='bbox 1219 2090 1349 2117; x_wconf 85' lang='lat' dir='ltr'><strong>aviditate</strong></span> <span class='ocrx_word' id='word_1_617' title='bbox 1376 2084 1513 2125; x_wconf 66' lang='lat' dir='ltr'><strong>ﬂagrans,</strong></span> <span class='ocrx_word' id='word_1_618' title='bbox 1534 2089 1663 2125; x_wconf 76' lang='lat' dir='ltr'><strong>effracto.</strong></span> <span class='ocrx_word' id='word_1_619' title='bbox 1691 2089 1714 2117; x_wconf 93' lang='lat' dir='ltr'><strong>si</strong></span> <span class='ocrx_word' id='word_1_620' title='bbox 1728 2084 1843 2124; x_wconf 57' lang='lat' dir='ltr'><strong>&#39;posset,</strong></span> 
     </span>
    </p>
   </div>
   <div class='ocr_carea' id='block_1_78' title="bbox 216 2120 1844 2160">
    <p class='ocr_par' dir='ltr' id='par_1_78' title="bbox 216 2120 1844 2160">
     <span class='ocr_line' id='line_1_79' title="bbox 216 2120 1844 2160; baseline 0.002 -13"><span class='ocrx_word' id='word_1_621' title='bbox 216 2120 328 2160; x_wconf 61' lang='lat' dir='ltr'><strong>humani</strong></span> <span class='ocrx_word' id='word_1_622' title='bbox 340 2122 463 2160; x_wconf 78' lang='lat' dir='ltr'><strong>corporis</strong></span> <span class='ocrx_word' id='word_1_623' title='bbox 476 2121 626 2160; x_wconf 78' lang='lat' dir='ltr'><strong>domicilio.</strong></span> <span class='ocrx_word' id='word_1_624' title='bbox 637 2126 664 2149; x_wconf 82' lang='lat' dir='ltr'><strong>ct</strong></span> <span class='ocrx_word' id='word_1_625' title='bbox 678 2123 807 2160; x_wconf 79' lang='lat' dir='ltr'><strong>membris</strong></span> <span class='ocrx_word' id='word_1_626' title='bbox 819 2129 967 2160; x_wconf 84' lang='lat' dir='ltr'><strong>exonerata</strong></span> <span class='ocrx_word' id='word_1_627' title='bbox 983 2120 1156 2160; x_wconf 77' lang='lat' dir='ltr'><strong>mortalibus,</strong></span> <span class='ocrx_word' id='word_1_628' title='bbox 1168 2133 1229 2152; x_wconf 88' lang='lat' dir='ltr'><strong>cum</strong></span> <span class='ocrx_word' id='word_1_629' title='bbox 1245 2125 1286 2153; x_wconf 89' lang='lat' dir='ltr'><strong>his</strong></span> <span class='ocrx_word' id='word_1_630' title='bbox 1298 2133 1367 2160; x_wconf 90' lang='lat' dir='ltr'><strong>quos</strong></span> <span class='ocrx_word' id='word_1_631' title='bbox 1378 2120 1460 2155; x_wconf 79' lang='lat' dir='ltr'><strong>videt.</strong></span> <span class='ocrx_word' id='word_1_632' title='bbox 1476 2120 1552 2152; x_wconf 84' lang='lat' dir='ltr'><strong>abire</strong></span> <span class='ocrx_word' id='word_1_633' title='bbox 1566 2124 1676 2152; x_wconf 79' lang='lat' dir='ltr'><strong>festinat</strong></span> <span class='ocrx_word' id='word_1_634' title='bbox 1687 2125 1720 2151; x_wconf 87' lang='lat' dir='ltr'><strong>ad</strong></span> <span class='ocrx_word' id='word_1_635' title='bbox 1733 2120 1844 2160; x_wconf 64' lang='lat' dir='ltr'><strong>emtum.</strong></span> 
     </span>
    </p>
   </div>
   <div class='ocr_carea' id='block_1_79' title="bbox 215 2154 1845 2194">
    <p class='ocr_par' dir='ltr' id='par_1_79' title="bbox 215 2154 1845 2194">
     <span class='ocr_line' id='line_1_80' title="bbox 215 2154 1845 2194; baseline 0.002 -12"><span class='ocrx_word' id='word_1_636' title='bbox 215 2154 328 2194; x_wconf 79' lang='lat' dir='ltr'><strong>Horum</strong></span> <span class='ocrx_word' id='word_1_637' title='bbox 342 2154 414 2184; x_wconf 84' lang='lat' dir='ltr'><strong>tanta</strong></span> <span class='ocrx_word' id='word_1_638' title='bbox 435 2157 588 2191; x_wconf 70' lang='lat' dir='ltr'><strong>benignitas</strong></span> <span class='ocrx_word' id='word_1_639' title='bbox 612 2162 673 2189; x_wconf 88' lang='lat' dir='ltr'><strong>est,</strong></span> <span class='ocrx_word' id='word_1_640' title='bbox 692 2163 721 2185; x_wconf 91' lang='lat' dir='ltr'><strong>ut</strong></span> <span class='ocrx_word' id='word_1_641' title='bbox 746 2159 768 2185; x_wconf 90' lang='lat' dir='ltr'><strong>si</strong></span> <span class='ocrx_word' id='word_1_642' title='bbox 785 2159 848 2193; x_wconf 87' lang='lat' dir='ltr'><strong>quis</strong></span> <span class='ocrx_word' id='word_1_643' title='bbox 861 2166 910 2193; x_wconf 87' lang='lat' dir='ltr'><strong>pro</strong></span> <span class='ocrx_word' id='word_1_644' title='bbox 925 2159 1082 2187; x_wconf 82' lang='lat' dir='ltr'><strong>conditione</strong></span> <span class='ocrx_word' id='word_1_645' title='bbox 1099 2154 1253 2193; x_wconf 69' lang='lat' dir='ltr'><strong>fragilitatis</strong></span> <span class='ocrx_word' id='word_1_646' title='bbox 1270 2154 1397 2188; x_wconf 68' lang='lat' dir='ltr'><strong>huinanaa</strong></span> <span class='ocrx_word' id='word_1_647' title='bbox 1424 2161 1493 2187; x_wconf 92' lang='lat' dir='ltr'><strong>miro</strong></span> <span class='ocrx_word' id='word_1_648' title='bbox 1516 2159 1599 2187; x_wconf 83' lang='lat' dir='ltr'><strong>fuerit</strong></span> <span class='ocrx_word' id='word_1_649' title='bbox 1620 2167 1714 2187; x_wconf 74' lang='lat' dir='ltr'><strong>eorum</strong></span> <span class='ocrx_word' id='word_1_650' title='bbox 1741 2158 1845 2194; x_wconf 75' lang='lat' dir='ltr'><strong>fulgore</strong></span> 
     </span>
    </p>
   </div>
   <div class='ocr_carea' id='block_1_80' title="bbox 215 2191 1844 2230">
    <p class='ocr_par' dir='ltr' id='par_1_80' title="bbox 215 2191 1844 2230">
     <span class='ocr_line' id='line_1_81' title="bbox 215 2191 1844 2230; baseline 0.002 -13"><span class='ocrx_word' id='word_1_651' title='bbox 215 2191 386 2230; x_wconf 78' lang='lat' dir='ltr'><strong>perterritus,</strong></span> <span class='ocrx_word' id='word_1_652' title='bbox 405 2200 512 2230; x_wconf 76' lang='lat' dir='ltr'><strong>omnem</strong></span> <span class='ocrx_word' id='word_1_653' title='bbox 529 2194 660 2230; x_wconf 71' lang='lat' dir='ltr'><strong>continuo</strong></span> <span class='ocrx_word' id='word_1_654' title='bbox 671 2201 706 2230; x_wconf 78' lang='lat' dir='ltr'><strong>ex</strong></span> <span class='ocrx_word' id='word_1_655' title='bbox 722 2191 804 2221; x_wconf 78' lang='lat' dir='ltr'><strong>corde</strong></span> <span class='ocrx_word' id='word_1_656' title='bbox 817 2191 943 2221; x_wconf 74' lang='lat' dir='ltr'><strong>auferant</strong></span> <span class='ocrx_word' id='word_1_657' title='bbox 955 2200 1069 2222; x_wconf 87' lang='lat' dir='ltr'><strong>metum.</strong></span> <span class='ocrx_word' id='word_1_658' title='bbox 1093 2195 1130 2222; x_wconf 89' lang='lat' dir='ltr'><strong>lta</strong></span> <span class='ocrx_word' id='word_1_659' title='bbox 1142 2191 1251 2223; x_wconf 73' lang='lat' dir='ltr'><strong>Gabriel</strong></span> <span class='ocrx_word' id='word_1_660' title='bbox 1269 2204 1330 2223; x_wconf 87' lang='lat' dir='ltr'><strong>cum</strong></span> <span class='ocrx_word' id='word_1_661' title='bbox 1350 2195 1489 2222; x_wconf 61' lang='lat' dir='ltr'><strong>Zachariae</strong></span> <span class='ocrx_word' id='word_1_662' title='bbox 1506 2195 1664 2230; x_wconf 86' lang='lat' dir='ltr'><strong>loqueretur</strong></span> <span class='ocrx_word' id='word_1_663' title='bbox 1679 2195 1705 2222; x_wconf 95' lang='lat' dir='ltr'><strong>in</strong></span> <span class='ocrx_word' id='word_1_664' title='bbox 1722 2191 1844 2230; x_wconf 48' lang='lat' dir='ltr'><strong>Tem&#39;plo,</strong></span> 
     </span>
    </p>
   </div>
   <div class='ocr_carea' id='block_1_81' title="bbox 214 2227 1844 2266">
    <p class='ocr_par' dir='ltr' id='par_1_81' title="bbox 214 2227 1844 2266">
     <span class='ocr_line' id='line_1_82' title="bbox 214 2227 1844 2266; baseline 0.002 -13"><span class='ocrx_word' id='word_1_665' title='bbox 214 2231 242 2254; x_wconf 84' lang='lat' dir='ltr'><strong>et</strong></span> <span class='ocrx_word' id='word_1_666' title='bbox 264 2227 422 2266; x_wconf 73' lang='lat' dir='ltr'><strong>angelicum</strong></span> <span class='ocrx_word' id='word_1_667' title='bbox 434 2228 559 2266; x_wconf 72' lang='lat' dir='ltr'><strong>divinum</strong></span> <span class='ocrx_word' id='word_1_668' title='bbox 574 2227 692 2266; x_wconf 74' lang='lat' dir='ltr'><strong>Virginis</strong></span> <span class='ocrx_word' id='word_1_669' title='bbox 707 2234 813 2266; x_wconf 81' lang='lat' dir='ltr'><strong>partum</strong></span> <span class='ocrx_word' id='word_1_670' title='bbox 827 2230 983 2265; x_wconf 84' lang='lat' dir='ltr'><strong>pastoribus</strong></span> <span class='ocrx_word' id='word_1_671' title='bbox 999 2230 1172 2263; x_wconf 87' lang='lat' dir='ltr'><strong>nuntiarent,</strong></span> <span class='ocrx_word' id='word_1_672' title='bbox 1186 2235 1213 2258; x_wconf 88' lang='lat' dir='ltr'><strong>et</strong></span> <span class='ocrx_word' id='word_1_673' title='bbox 1228 2231 1274 2265; x_wconf 84' lang='lat' dir='ltr'><strong>qui</strong></span> <span class='ocrx_word' id='word_1_674' title='bbox 1291 2230 1425 2258; x_wconf 86' lang='lat' dir='ltr'><strong>Dominici</strong></span> <span class='ocrx_word' id='word_1_675' title='bbox 1438 2227 1560 2265; x_wconf 77' lang='lat' dir='ltr'><strong>corporis</strong></span> <span class='ocrx_word' id='word_1_676' title='bbox 1576 2230 1690 2266; x_wconf 77' lang='lat' dir='ltr'><strong>agebant</strong></span> <span class='ocrx_word' id='word_1_677' title='bbox 1703 2229 1844 2262; x_wconf 77' lang='lat' dir='ltr'><strong>excubias,</strong></span> 
     </span>
    </p>
   </div>
   <div class='ocr_carea' id='block_1_82' title="bbox 214 2262 1846 2303">
    <p class='ocr_par' dir='ltr' id='par_1_82' title="bbox 214 2262 1846 2303">
     <span class='ocr_line' id='line_1_83' title="bbox 214 2262 1846 2303; baseline 0.002 -15"><span class='ocrx_word' id='word_1_678' title='bbox 214 2262 321 2303; x_wconf 73' lang='lat' dir='ltr'><strong>securis</strong></span> <span class='ocrx_word' id='word_1_679' title='bbox 341 2263 488 2290; x_wconf 87' lang='lat' dir='ltr'><strong>videntium</strong></span> <span class='ocrx_word' id='word_1_680' title='bbox 505 2271 534 2290; x_wconf 90' lang='lat' dir='ltr'><strong>se</strong></span> <span class='ocrx_word' id='word_1_681' title='bbox 550 2264 685 2291; x_wconf 84' lang='lat' dir='ltr'><strong>mentibus</strong></span> <span class='ocrx_word' id='word_1_682' title='bbox 698 2262 881 2296; x_wconf 79' lang='lat' dir='ltr'><strong>ostendentes,</strong></span> <span class='ocrx_word' id='word_1_683' title='bbox 897 2273 929 2303; x_wconf 80' lang='lat' dir='ltr'><strong>ne</strong></span> <span class='ocrx_word' id='word_1_684' title='bbox 945 2269 1107 2303; x_wconf 74' lang='lat' dir='ltr'><strong>metuerent,</strong></span> <span class='ocrx_word' id='word_1_685' title='bbox 1124 2262 1303 2301; x_wconf 80' lang='lat' dir='ltr'><strong>imperabant.</strong></span> <span class='ocrx_word' id='word_1_686' title='bbox 1318 2266 1404 2294; x_wconf 84' lang='lat' dir='ltr'><strong>Metus</strong></span> <span class='ocrx_word' id='word_1_687' title='bbox 1419 2262 1495 2294; x_wconf 74' lang='lat' dir='ltr'><strong>enini</strong></span> <span class='ocrx_word' id='word_1_688' title='bbox 1505 2274 1558 2293; x_wconf 87' lang='lat' dir='ltr'><strong>non</strong></span> <span class='ocrx_word' id='word_1_689' title='bbox 1576 2262 1683 2293; x_wconf 74' lang='lat' dir='ltr'><strong>tantum</strong></span> <span class='ocrx_word' id='word_1_690' title='bbox 1699 2273 1732 2293; x_wconf 81' lang='lat' dir='ltr'><strong>ex</strong></span> <span class='ocrx_word' id='word_1_691' title='bbox 1745 2272 1846 2300; x_wconf 84' lang='lat' dir='ltr'><strong>pavore</strong></span> 
     </span>
    </p>
   </div>
   <div class='ocr_carea' id='block_1_83' title="bbox 215 2297 1686 2336">
    <p class='ocr_par' dir='ltr' id='par_1_83' title="bbox 215 2297 1686 2336">
     <span class='ocr_line' id='line_1_84' title="bbox 215 2297 1686 2336; baseline 0.004 -12"><span class='ocrx_word' id='word_1_692' title='bbox 215 2297 462 2336; x_wconf 64' lang='lat' dir='ltr'><strong>anitni,_qua_ntum</strong></span> <span class='ocrx_word' id='word_1_693' title='bbox 479 2307 510 2326; x_wconf 88' lang='lat' dir='ltr'><strong>ex</strong></span> <span class='ocrx_word' id='word_1_694' title='bbox 530 2307 689 2336; x_wconf 75' lang='lat' dir='ltr'><strong>magnarum</strong></span> <span class='ocrx_word' id='word_1_695' title='bbox 709 2308 800 2326; x_wconf 87' lang='lat' dir='ltr'><strong>rerum</strong></span> <span class='ocrx_word' id='word_1_696' title='bbox 820 2307 890 2334; x_wconf 58' lang='lat' dir='ltr'><strong>saepe</strong></span> <span class='ocrx_word' id='word_1_697' title='bbox 908 2301 1039 2327; x_wconf 83' lang='lat' dir='ltr'><strong>incutitur</strong></span> <span class='ocrx_word' id='word_1_698' title='bbox 1056 2297 1177 2336; x_wconf 71' lang='lat' dir='ltr'><strong>aspectui.</strong></span> <span class='ocrx_word' id='word_1_699' title='bbox 1681 2307 1686 2313; x_wconf 84' lang='lat'>‘</span> 
     </span>
    </p>
   </div>
   <div class='ocr_carea' id='block_1_84' title="bbox 252 2332 1848 2372">
    <p class='ocr_par' dir='ltr' id='par_1_84' title="bbox 252 2332 1848 2372">
     <span class='ocr_line' id='line_1_85' title="bbox 252 2332 1848 2372; baseline 0.001 -13"><span class='ocrx_word' id='word_1_700' title='bbox 252 2332 298 2360; x_wconf 76' lang='lat'><strong>&#39;56.</strong></span> <span class='ocrx_word' id='word_1_701' title='bbox 315 2332 500 2372; x_wconf 67' lang='lat' dir='ltr'><strong>Pessimorum</strong></span> <span class='ocrx_word' id='word_1_702' title='bbox 515 2332 587 2361; x_wconf 79' lang='lat' dir='ltr'><strong>vero</strong></span> <span class='ocrx_word' id='word_1_703' title='bbox 602 2334 692 2372; x_wconf 81' lang='lat' dir='ltr'><strong>vultus</strong></span> <span class='ocrx_word' id='word_1_704' title='bbox 703 2339 805 2366; x_wconf 83' lang='lat' dir='ltr'><strong>truces.</strong></span> <span class='ocrx_word' id='word_1_705' title='bbox 823 2332 1059 2372; x_wconf 81' lang='lat' dir='ltr'><strong>sonitushorridi,</strong></span> <span class='ocrx_word' id='word_1_706' title='bbox 1075 2332 1178 2364; x_wconf 79' lang='lat' dir='ltr'><strong>sordidi</strong></span> <span class='ocrx_word' id='word_1_707' title='bbox 1200 2336 1346 2372; x_wconf 78' lang='lat' dir='ltr'><strong>cogitatus,</strong></span> <span class='ocrx_word' id='word_1_708' title='bbox 1364 2337 1478 2372; x_wconf 84' lang='lat' dir='ltr'><strong>plausus</strong></span> <span class='ocrx_word' id='word_1_709' title='bbox 1491 2340 1639 2370; x_wconf 86' lang='lat' dir='ltr'><strong>motusque</strong></span> <span class='ocrx_word' id='word_1_710' title='bbox 1660 2335 1848 2370; x_wconf 87' lang='lat' dir='ltr'><strong>indisciplina-</strong></span> 
     </span>
    </p>
   </div>
   <div class='ocr_carea' id='block_1_85' title="bbox 216 2369 1845 2408">
    <p class='ocr_par' dir='ltr' id='par_1_85' title="bbox 216 2369 1845 2408">
     <span class='ocr_line' id='line_1_86' title="bbox 216 2369 1845 2408; baseline 0.001 -13"><span class='ocrx_word' id='word_1_711' title='bbox 216 2373 307 2408; x_wconf 63' lang='lat' dir='ltr'><strong>torum</strong></span> <span class='ocrx_word' id='word_1_712' title='bbox 321 2369 594 2408; x_wconf 48' lang='lat' dir='ltr'><strong>(jﬁiadolescentum</strong></span> <span class='ocrx_word' id='word_1_713' title='bbox 610 2370 651 2396; x_wconf 81' lang='lat' dir='ltr'><strong>vel</strong></span> <span class='ocrx_word' id='word_1_714' title='bbox 670 2370 805 2408; x_wconf 81' lang='lat' dir='ltr'><strong>latronum</strong></span> <span class='ocrx_word' id='word_1_715' title='bbox 824 2379 831 2397; x_wconf 91' lang='lat'><strong>:</strong></span> <span class='ocrx_word' id='word_1_716' title='bbox 856 2379 871 2398; x_wconf 89' lang='lat' dir='ltr'><strong>e</strong></span> <span class='ocrx_word' id='word_1_717' title='bbox 895 2371 997 2408; x_wconf 82' lang='lat' dir='ltr'><strong>quibus</strong></span> <span class='ocrx_word' id='word_1_718' title='bbox 1023 2372 1166 2399; x_wconf 88' lang='lat' dir='ltr'><strong>confestim</strong></span> <span class='ocrx_word' id='word_1_719' title='bbox 1186 2369 1267 2399; x_wconf 76' lang='lat' dir='ltr'><strong>timor</strong></span> <span class='ocrx_word' id='word_1_720' title='bbox 1281 2369 1397 2408; x_wconf 69' lang='lat' dir='ltr'><strong>animae,</strong></span> <span class='ocrx_word' id='word_1_721' title='bbox 1427 2372 1553 2400; x_wconf 87' lang='lat' dir='ltr'><strong>sensibus</strong></span> <span class='ocrx_word' id='word_1_722' title='bbox 1584 2369 1679 2408; x_wconf 83' lang='lat' dir='ltr'><strong>torpor</strong></span> <span class='ocrx_word' id='word_1_723' title='bbox 1691 2371 1845 2408; x_wconf 76' lang='lat' dir='ltr'><strong>incutitur:</strong></span> 
     </span>
    </p>
   </div>
   <div class='ocr_carea' id='block_1_86' title="bbox 216 2404 1845 2441">
    <p class='ocr_par' dir='ltr' id='par_1_86' title="bbox 216 2404 1845 2441">
     <span class='ocr_line' id='line_1_87' title="bbox 216 2404 1845 2441; baseline 0.002 -11"><span class='ocrx_word' id='word_1_724' title='bbox 216 2404 311 2441; x_wconf 75' lang='lat' dir='ltr'><strong>odium</strong></span> <span class='ocrx_word' id='word_1_725' title='bbox 324 2404 554 2441; x_wconf 79' lang='lat' dir='ltr'><strong>Christianorum,</strong></span> <span class='ocrx_word' id='word_1_726' title='bbox 572 2405 767 2433; x_wconf 87' lang='lat' dir='ltr'><strong>monachorum</strong></span> <span class='ocrx_word' id='word_1_727' title='bbox 782 2414 885 2434; x_wconf 83' lang='lat' dir='ltr'><strong>mceror</strong></span> <span class='ocrx_word' id='word_1_728' title='bbox 899 2404 926 2433; x_wconf 78' lang='lat' dir='ltr'><strong>et</strong></span> <span class='ocrx_word' id='word_1_729' title='bbox 939 2406 1058 2439; x_wconf 73' lang='lat' dir='ltr'><strong>taedium,</strong></span> <span class='ocrx_word' id='word_1_730' title='bbox 1079 2415 1191 2435; x_wconf 89' lang='lat' dir='ltr'><strong>suorum</strong></span> <span class='ocrx_word' id='word_1_731' title='bbox 1219 2404 1490 2441; x_wconf 16' lang='lat' dir='ltr'><strong>recordatio,vmetus</strong></span> <span class='ocrx_word' id='word_1_732' title='bbox 1509 2407 1618 2439; x_wconf 88' lang='lat' dir='ltr'><strong>mortis,</strong></span> <span class='ocrx_word' id='word_1_733' title='bbox 1628 2404 1734 2441; x_wconf 48' lang='lat' dir='ltr'><strong>cupido</strong></span> <span class='ocrx_word' id='word_1_734' title='bbox 1747 2405 1845 2440; x_wconf 87' lang='lat' dir='ltr'><strong>nequi-</strong></span> 
     </span>
    </p>
   </div>
   <div class='ocr_carea' id='block_1_87' title="bbox 217 2439 1847 2477">
    <p class='ocr_par' dir='ltr' id='par_1_87' title="bbox 217 2439 1847 2477">
     <span class='ocr_line' id='line_1_88' title="bbox 217 2439 1847 2477; baseline 0.001 -12"><span class='ocrx_word' id='word_1_735' title='bbox 217 2439 279 2477; x_wconf 66' lang='lat' dir='ltr'><strong>tiae,</strong></span> <span class='ocrx_word' id='word_1_736' title='bbox 297 2440 431 2477; x_wconf 72' lang='lat' dir='ltr'><strong>lassitudo</strong></span> <span class='ocrx_word' id='word_1_737' title='bbox 446 2441 563 2473; x_wconf 79' lang='lat' dir='ltr'><strong>virtutis,</strong></span> <span class='ocrx_word' id='word_1_738' title='bbox 579 2440 669 2467; x_wconf 78' lang='lat' dir='ltr'><strong>contis</strong></span> <span class='ocrx_word' id='word_1_739' title='bbox 681 2441 824 2468; x_wconf 83' lang='lat' dir='ltr'><strong>hebetatio.</strong></span> <span class='ocrx_word' id='word_1_740' title='bbox 854 2441 882 2468; x_wconf 91' lang='lat' dir='ltr'><strong>Si</strong></span> <span class='ocrx_word' id='word_1_741' title='bbox 903 2442 985 2474; x_wconf 67' lang='lat' dir='ltr'><strong>igitur</strong></span> <span class='ocrx_word' id='word_1_742' title='bbox 1006 2448 1066 2477; x_wconf 90' lang='lat' dir='ltr'><strong>post</strong></span> <span class='ocrx_word' id='word_1_743' title='bbox 1089 2443 1226 2474; x_wconf 81' lang='lat' dir='ltr'><strong>timorem.</strong></span> <span class='ocrx_word' id='word_1_744' title='bbox 1252 2443 1359 2470; x_wconf 85' lang='lat' dir='ltr'><strong>horrori</strong></span> <span class='ocrx_word' id='word_1_745' title='bbox 1377 2439 1509 2477; x_wconf 81' lang='lat' dir='ltr'><strong>concepto</strong></span> <span class='ocrx_word' id='word_1_746' title='bbox 1524 2441 1578 2477; x_wconf 83' lang='grc'>(26)</span> <span class='ocrx_word' id='word_1_747' title='bbox 1603 2439 1766 2470; x_wconf 76' lang='lat' dir='ltr'><strong>successerit</strong></span> <span class='ocrx_word' id='word_1_748' title='bbox 1779 2439 1847 2476; x_wconf 69' lang='lat' dir='ltr'><strong>gau-</strong></span> 
     </span>
    </p>
   </div>
   <div class='ocr_carea' id='block_1_88' title="bbox 217 2474 1848 2513">
    <p class='ocr_par' dir='ltr' id='par_1_88' title="bbox 217 2474 1848 2513">
     <span class='ocr_line' id='line_1_89' title="bbox 217 2474 1848 2513; baseline 0.002 -12"><span class='ocrx_word' id='word_1_749' title='bbox 217 2474 305 2513; x_wconf 81' lang='lat' dir='ltr'><strong>dium,</strong></span> <span class='ocrx_word' id='word_1_750' title='bbox 319 2480 347 2513; x_wconf 74' lang='lat' dir='ltr'><strong>et</strong></span> <span class='ocrx_word' id='word_1_751' title='bbox 359 2477 391 2513; x_wconf 78' lang='lat' dir='ltr'><strong>ad</strong></span> <span class='ocrx_word' id='word_1_752' title='bbox 405 2475 603 2513; x_wconf 80' lang='lat' dir='ltr'><strong>Deumt‘iducia</strong></span> <span class='ocrx_word' id='word_1_753' title='bbox 616 2481 698 2511; x_wconf 88' lang='lat' dir='ltr'><strong>atque</strong></span> <span class='ocrx_word' id='word_1_754' title='bbox 709 2477 852 2513; x_wconf 73' lang='lat' dir='ltr'><strong>iueﬂ‘abilis</strong></span> <span class='ocrx_word' id='word_1_755' title='bbox 867 2474 1118 2509; x_wconf 62' lang='lat' dir='ltr'><strong>cliaritas,&#39;vcnisse</strong></span> <span class='ocrx_word' id='word_1_756' title='bbox 1132 2478 1251 2506; x_wconf 89' lang='lat' dir='ltr'><strong>sciamus</strong></span> <span class='ocrx_word' id='word_1_757' title='bbox 1266 2479 1418 2509; x_wconf 75' lang='lat' dir='ltr'><strong>auxilium:</strong></span> <span class='ocrx_word' id='word_1_758' title='bbox 1435 2474 1500 2513; x_wconf 79' lang='lat' dir='ltr'><strong>quia</strong></span> <span class='ocrx_word' id='word_1_759' title='bbox 1518 2474 1651 2505; x_wconf 81' lang='lat' dir='ltr'><strong>securitas</strong></span> <span class='ocrx_word' id='word_1_760' title='bbox 1669 2477 1767 2513; x_wconf 61' lang='lat' dir='ltr'><strong>anima:</strong></span> <span class='ocrx_word' id='word_1_761' title='bbox 1780 2474 1848 2511; x_wconf 69' lang='lat' dir='ltr'><strong>pra:-</strong></span> 
     </span>
    </p>
   </div>
   <div class='ocr_carea' id='block_1_89' title="bbox 217 2509 1847 2549">
    <p class='ocr_par' dir='ltr' id='par_1_89' title="bbox 217 2509 1847 2549">
     <span class='ocr_line' id='line_1_90' title="bbox 217 2509 1847 2549; baseline 0.001 -12"><span class='ocrx_word' id='word_1_762' title='bbox 217 2509 304 2545; x_wconf 69' lang='lat' dir='ltr'><strong>sentis</strong></span> <span class='ocrx_word' id='word_1_763' title='bbox 321 2509 470 2546; x_wconf 77' lang='lat' dir='ltr'><strong>Majestalis</strong></span> <span class='ocrx_word' id='word_1_764' title='bbox 491 2511 621 2539; x_wconf 84' lang='lat' dir='ltr'><strong>indicium</strong></span> <span class='ocrx_word' id='word_1_765' title='bbox 643 2509 694 2539; x_wconf 79' lang='lat' dir='ltr'><strong>est.</strong></span> <span class='ocrx_word' id='word_1_766' title='bbox 712 2512 757 2540; x_wconf 86' lang='lat' dir='ltr'><strong>Sic</strong></span> <span class='ocrx_word' id='word_1_767' title='bbox 769 2520 886 2547; x_wconf 84' lang='lat' dir='ltr'><strong>namque</strong></span> <span class='ocrx_word' id='word_1_768' title='bbox 902 2517 929 2540; x_wconf 92' lang='lat' dir='ltr'><strong>et</strong></span> <span class='ocrx_word' id='word_1_769' title='bbox 941 2513 1076 2540; x_wconf 82' lang='lat' dir='ltr'><strong>Abraham</strong></span> <span class='ocrx_word' id='word_1_770' title='bbox 1094 2514 1246 2548; x_wconf 85' lang='lat' dir='ltr'><strong>patriarcha</strong></span> <span class='ocrx_word' id='word_1_771' title='bbox 1259 2514 1353 2541; x_wconf 88' lang='lat' dir='ltr'><strong>videns</strong></span> <span class='ocrx_word' id='word_1_772' title='bbox 1370 2509 1466 2547; x_wconf 81' lang='lat' dir='ltr'><strong>Deum,</strong></span> <span class='ocrx_word' id='word_1_773' title='bbox 1483 2513 1593 2549; x_wconf 80' lang='lat' dir='ltr'><strong>gavisus</strong></span> <span class='ocrx_word' id='word_1_774' title='bbox 1609 2517 1652 2540; x_wconf 89' lang='lat' dir='ltr'><strong>est</strong></span> <span class='ocrx_word' id='word_1_775' title='bbox 1665 2522 1672 2540; x_wconf 91' lang='lat'>:</span> <span class='ocrx_word' id='word_1_776' title='bbox 1686 2517 1714 2540; x_wconf 90' lang='lat' dir='ltr'><strong>et</strong></span> <span class='ocrx_word' id='word_1_777' title='bbox 1727 2509 1847 2540; x_wconf 80' lang='lat' dir='ltr'><strong>Joannes</strong></span> 
     </span>
    </p>
   </div>
   <div class='ocr_carea' id='block_1_90' title="bbox 253 2592 708 2627">
    <p class='ocr_par' dir='ltr' id='par_1_90' title="bbox 253 2592 708 2627">
     <span class='ocr_line' id='line_1_91' title="bbox 253 2592 708 2627; baseline 0.004 -7"><span class='ocrx_word' id='word_1_778' title='bbox 253 2592 340 2621; x_wconf 86' lang='lat' dir='ltr'><strong>&quot;lsa.</strong></span> <span class='ocrx_word' id='word_1_779' title='bbox 358 2601 423 2626; x_wconf 67' lang='grc' dir='ltr'>χιιι,</span> <span class='ocrx_word' id='word_1_780' title='bbox 438 2594 466 2621; x_wconf 78' lang='grc'>2.</span> <span class='ocrx_word' id='word_1_781' title='bbox 504 2594 526 2610; x_wconf 83' lang='grc'>⁷³</span> <span class='ocrx_word' id='word_1_782' title='bbox 539 2594 601 2622; x_wconf 89' lang='lat' dir='ltr'><strong>Luc.</strong></span> <span class='ocrx_word' id='word_1_783' title='bbox 623 2603 642 2627; x_wconf 82' lang='lat' dir='ltr'><strong>i,</strong></span> <span class='ocrx_word' id='word_1_784' title='bbox 665 2596 708 2622; x_wconf 81' lang='grc'><strong>15.</strong></span> 
     </span>
    </p>
   </div>
   <div class='ocr_carea' id='block_1_91' title="bbox 761 2595 1333 2628">
    <p class='ocr_par' dir='ltr' id='par_1_91' title="bbox 761 2595 1333 2628">
     <span class='ocr_line' id='line_1_92' title="bbox 761 2595 1333 2628; baseline 0 -6"><span class='ocrx_word' id='word_1_785' title='bbox 761 2595 783 2611; x_wconf 77' lang='grc'><strong>⁷³</strong></span> <span class='ocrx_word' id='word_1_786' title='bbox 798 2595 893 2623; x_wconf 78' lang='lat' dir='ltr'><strong>Matth.</strong></span> <span class='ocrx_word' id='word_1_787' title='bbox 912 2604 1008 2628; x_wconf 68' lang='lat' dir='ltr'><strong>xum,</strong></span> <span class='ocrx_word' id='word_1_788' title='bbox 1027 2596 1052 2624; x_wconf 80' lang='lat'><strong>5.</strong></span> <span class='ocrx_word' id='word_1_789' title='bbox 1090 2596 1113 2612; x_wconf 81' lang='grc'><strong>’⁷⁵</strong></span> <span class='ocrx_word' id='word_1_790' title='bbox 1135 2595 1200 2624; x_wconf 89' lang='lat' dir='ltr'><strong>Luc.</strong></span> <span class='ocrx_word' id='word_1_791' title='bbox 1229 2604 1258 2627; x_wconf 83' lang='grc' dir='ltr'><strong>ιι,</strong></span> <span class='ocrx_word' id='word_1_792' title='bbox 1289 2596 1333 2622; x_wconf 82' lang='lat' dir='ltr'><strong>lli.</strong></span> 
     </span>
    </p>
   </div>
   <div class='ocr_carea' id='block_1_92' title="bbox 1027 2596 1052 2624">
    <p class='ocr_par' dir='ltr' id='par_1_92' title="bbox 1027 2596 1052 2624">
     <span class='ocr_line' id='line_1_93' title="bbox 1027 2596 1052 2624; baseline 0.04 -1"><span class='ocrx_word' id='word_1_793' title='bbox 1027 2596 1052 2624; x_wconf 80' lang='lat'><strong>5.</strong></span> 
     </span>
    </p>
   </div>
   <div class='ocr_carea' id='block_1_93' title="bbox 237 2669 1000 2729">
    <p class='ocr_par' dir='ltr' id='par_1_93' title="bbox 237 2682 1000 2725">
     <span class='ocr_line' id='line_1_94' title="bbox 237 2682 1000 2725; baseline 0.007 -16"><span class='ocrx_word' id='word_1_794' title='bbox 237 2683 311 2725; x_wconf 74' lang='lat'><strong>_(‘2|)</strong></span> <span class='ocrx_word' id='word_1_795' title='bbox 341 2682 444 2719; x_wconf 84' lang='lat' dir='ltr'><strong>Regius</strong></span> <span class='ocrx_word' id='word_1_796' title='bbox 467 2685 605 2714; x_wconf 83' lang='lat' dir='ltr'><strong>secundus</strong></span> <span class='ocrx_word' id='word_1_797' title='bbox 631 2691 658 2714; x_wconf 84' lang='lat' dir='ltr'><strong>et</strong></span> <span class='ocrx_word' id='word_1_798' title='bbox 687 2686 838 2714; x_wconf 86' lang='lat' dir='ltr'><strong>Colbcrtin.</strong></span> <span class='ocrx_word' id='word_1_799' title='bbox 854 2687 927 2720; x_wconf 72' lang='grc' dir='ltr'>2,δι“</span> <span class='ocrx_word' id='word_1_800' title='bbox 942 2687 1000 2714; x_wconf 79' lang='grc' dir='ltr'><strong>ἑαυ-</strong></span> 
     </span>
    </p>
   </div>
   <div class='ocr_carea' id='block_1_94' title="bbox 1052 2669 1833 2729">
    <p class='ocr_par' dir='ltr' id='par_1_94' title="bbox 1096 2683 1833 2729">
     <span class='ocr_line' id='line_1_95' title="bbox 1096 2683 1833 2729; baseline -0.004 -15"><span class='ocrx_word' id='word_1_801' title='bbox 1167 2688 1203 2729; x_wconf 71' lang='lat' dir='ltr'><strong>lta</strong></span> <span class='ocrx_word' id='word_1_802' title='bbox 1216 2688 1320 2729; x_wconf 45' lang='lat' dir='ltr'><strong>Begu?</strong></span> <span class='ocrx_word' id='word_1_803' title='bbox 1337 2691 1364 2715; x_wconf 82' lang='lat' dir='ltr'><strong>et</strong></span> <span class='ocrx_word' id='word_1_804' title='bbox 1381 2688 1500 2729; x_wconf 72' lang='lat' dir='ltr'><strong>Colbert.</strong></span> <span class='ocrx_word' id='word_1_805' title='bbox 1517 2686 1552 2729; x_wconf 43' lang='grc' dir='ltr'><strong>⁸Ξῖ</strong></span> <span class='ocrx_word' id='word_1_806' title='bbox 1572 2683 1833 2729; x_wconf 37' lang='grc' dir='ltr'>Ειίίιὶχοτυὶτινάςὲ</span> 
     </span>
    </p>
   </div>
   <div class='ocr_carea' id='block_1_95' title="bbox 220 2721 1000 2772">
    <p class='ocr_par' dir='ltr' id='par_1_95' title="bbox 220 2726 995 2772">
     <span class='ocr_line' id='line_1_96' title="bbox 220 2726 995 2772; baseline 0 0"><span class='ocrx_word' id='word_1_807' title='bbox 220 2726 314 2772; x_wconf 51' lang='lat' dir='ltr'><strong>tuis.“</strong></span> <span class='ocrx_word' id='word_1_808' title='bbox 333 2754 378 2772; x_wconf 56' lang='lat' dir='ltr'><strong>Et.»</strong></span> <span class='ocrx_word' id='word_1_809' title='bbox 394 2755 494 2772; x_wconf 68' lang='lat' dir='ltr'><strong>nnninn</strong></span> <span class='ocrx_word' id='word_1_810' title='bbox 516 2757 651 2772; x_wconf 63' lang='grc' dir='ltr'><strong>,ιω-...λαμ</strong></span> <span class='ocrx_word' id='word_1_811' title='bbox 667 2762 691 2772; x_wconf 76' lang='grc' dir='ltr'>,ιι</span> <span class='ocrx_word' id='word_1_812' title='bbox 709 2756 845 2772; x_wconf 43' lang='lat' dir='ltr'><strong>ruinarum</strong></span> <span class='ocrx_word' id='word_1_813' title='bbox 871 2757 887 2772; x_wconf 77' lang='grc' dir='ltr'><strong>α</strong></span> <span class='ocrx_word' id='word_1_814' title='bbox 911 2757 939 2772; x_wconf 71' lang='grc' dir='ltr'><strong>ι..</strong></span> <span class='ocrx_word' id='word_1_815' title='bbox 955 2757 995 2772; x_wconf 59' lang='grc' dir='ltr'>,μιι</span> 
     </span>
    </p>
   </div>
   <div class='ocr_carea' id='block_1_96' title="bbox 1052 2721 1847 2772">
    <p class='ocr_par' dir='ltr' id='par_1_96' title="bbox 1064 2721 1847 2772">
     <span class='ocr_line' id='line_1_97' title="bbox 1064 2721 1847 2772; baseline -0.001 0"><span class='ocrx_word' id='word_1_816' title='bbox 1064 2724 1155 2772; x_wconf 58' lang='grc' dir='ltr'>,πὲἓξιὶ</span> <span class='ocrx_word' id='word_1_817' title='bbox 1171 2721 1793 2772; x_wconf 53' lang='grc' dir='ltr'><strong>¹η1ίεείι1ξ⁷είξίτξίιξῑηεΡειῖιεςὲιιρξπλίῇῐξξξῑέιυοε</strong></span> 
     </span>
    </p>
   </div>
   <div class='ocr_carea' id='block_1_97' title="bbox 237 2754 1000 2827">
    <p class='ocr_par' dir='ltr' id='par_1_97' title="bbox 237 2754 1000 2819">
     <span class='ocr_line' id='line_1_98' title="bbox 237 2754 1000 2819; baseline 0.003 -37"><span class='ocrx_word' id='word_1_818' title='bbox 237 2754 497 2819; x_wconf 46' lang='grc' dir='ltr'><strong>ἰέῖὶὶίεῗέἱιίρκίυε</strong></span> <span class='ocrx_word' id='word_1_819' title='bbox 516 2757 652 2785; x_wconf 84' lang='lat' dir='ltr'><strong>secundus</strong></span> <span class='ocrx_word' id='word_1_820' title='bbox 667 2762 694 2785; x_wconf 84' lang='lat' dir='ltr'><strong>et</strong></span> <span class='ocrx_word' id='word_1_821' title='bbox 709 2756 856 2785; x_wconf 79' lang='lat' dir='ltr'><strong>Colbeitin.</strong></span> <span class='ocrx_word' id='word_1_822' title='bbox 871 2757 897 2785; x_wconf 71' lang='grc'>2.</span> <span class='ocrx_word' id='word_1_823' title='bbox 911 2757 939 2785; x_wconf 93' lang='lat' dir='ltr'><strong>ln</strong></span> <span class='ocrx_word' id='word_1_824' title='bbox 954 2757 1000 2785; x_wconf 82' lang='lat' dir='ltr'><strong>edi</strong></span> 
     </span>
    </p>
   </div>
   <div class='ocr_carea' id='block_1_98' title="bbox 1052 2754 1837 2827">
    <p class='ocr_par' dir='ltr' id='par_1_98' title="bbox 1063 2754 1837 2827">
     <span class='ocr_line' id='line_1_99' title="bbox 1063 2754 1742 2793; baseline -0.007 -7"><span class='ocrx_word' id='word_1_825' title='bbox 1063 2754 1154 2786; x_wconf 79' lang='lat' dir='ltr'><strong>diutus</strong></span> <span class='ocrx_word' id='word_1_826' title='bbox 1170 2767 1249 2790; x_wconf 79' lang='lat' dir='ltr'><strong>mss.,</strong></span> <span class='ocrx_word' id='word_1_827' title='bbox 1264 2754 1310 2786; x_wconf 75' lang='lat' dir='ltr'><strong>sed</strong></span> <span class='ocrx_word' id='word_1_828' title='bbox 1322 2759 1419 2793; x_wconf 73' lang='lat' dir='ltr'><strong>legitur</strong></span> <span class='ocrx_word' id='word_1_829' title='bbox 1432 2759 1458 2785; x_wconf 91' lang='lat' dir='ltr'><strong>in</strong></span> <span class='ocrx_word' id='word_1_830' title='bbox 1472 2758 1552 2785; x_wconf 88' lang='lat' dir='ltr'><strong>editis</strong></span> <span class='ocrx_word' id='word_1_831' title='bbox 1563 2761 1590 2784; x_wconf 85' lang='lat' dir='ltr'><strong>ct</strong></span> <span class='ocrx_word' id='word_1_832' title='bbox 1601 2758 1627 2783; x_wconf 89' lang='lat' dir='ltr'><strong>in</strong></span> <span class='ocrx_word' id='word_1_833' title='bbox 1639 2757 1742 2784; x_wconf 69' lang='lat' dir='ltr'><strong>Graeco.</strong></span> 
     </span>
     <span class='ocr_line' id='line_1_100' title="bbox 1099 2792 1837 2827; baseline -0.011 -6"><span class='ocrx_word' id='word_1_834' title='bbox 1099 2794 1154 2827; x_wconf 77' lang='grc'>(26)</span> <span class='ocrx_word' id='word_1_835' title='bbox 1174 2794 1219 2821; x_wconf 85' lang='lat' dir='ltr'><strong>Sic</strong></span> <span class='ocrx_word' id='word_1_836' title='bbox 1231 2795 1286 2821; x_wconf 86' lang='lat' dir='ltr'><strong>duo</strong></span> <span class='ocrx_word' id='word_1_837' title='bbox 1301 2793 1492 2827; x_wconf 85' lang='lat' dir='ltr'><strong>manuscripti.</strong></span> <span class='ocrx_word' id='word_1_838' title='bbox 1508 2793 1570 2826; x_wconf 82' lang='lat' dir='ltr'><strong>Alii,</strong></span> <span class='ocrx_word' id='word_1_839' title='bbox 1596 2792 1704 2819; x_wconf 76' lang='lat' dir='ltr'><strong>horrore</strong></span> <span class='ocrx_word' id='word_1_840' title='bbox 1715 2793 1837 2823; x_wconf 77' lang='lat' dir='ltr'><strong>concepto</strong></span> 
     </span>
    </p>
   </div>
   <div class='ocr_carea' id='block_1_99' title="bbox 223 2794 1846 2864">
    <p class='ocr_par' dir='ltr' id='par_1_99' title="bbox 223 2794 1846 2864">
     <span class='ocr_line' id='line_1_101' title="bbox 223 2794 1846 2828; baseline -0.001 -12"><span class='ocrx_word' id='word_1_841' title='bbox 223 2794 260 2817; x_wconf 85' lang='lat' dir='ltr'><strong>tis</strong></span> <span class='ocrx_word' id='word_1_842' title='bbox 278 2794 292 2816; x_wconf 82' lang='grc' dir='ltr'><strong>ο</strong></span> <span class='ocrx_word' id='word_1_843' title='bbox 305 2794 390 2819; x_wconf 78' lang='lat' dir='ltr'><strong>deest.</strong></span> <span class='ocrx_word' id='word_1_844' title='bbox 1099 2794 1154 2827; x_wconf 76' lang='grc'>(26)</span> <span class='ocrx_word' id='word_1_845' title='bbox 1174 2794 1219 2821; x_wconf 85' lang='lat' dir='ltr'><strong>Sic</strong></span> <span class='ocrx_word' id='word_1_846' title='bbox 1231 2795 1286 2821; x_wconf 85' lang='lat' dir='ltr'><strong>duo</strong></span> <span class='ocrx_word' id='word_1_847' title='bbox 1301 2794 1492 2828; x_wconf 87' lang='lat' dir='ltr'><strong>manuscripti.</strong></span> <span class='ocrx_word' id='word_1_848' title='bbox 1508 2794 1570 2826; x_wconf 82' lang='lat' dir='ltr'><strong>Alii,</strong></span> <span class='ocrx_word' id='word_1_849' title='bbox 1596 2794 1704 2819; x_wconf 80' lang='lat' dir='ltr'><strong>horrore</strong></span> <span class='ocrx_word' id='word_1_850' title='bbox 1715 2794 1846 2823; x_wconf 76' lang='lat' dir='ltr'><strong>concepto.</strong></span> 
     </span>
     <span class='ocr_line' id='line_1_102' title="bbox 234 2825 1441 2864; baseline 0.002 -12"><span class='ocrx_word' id='word_1_851' title='bbox 234 2860 241 2864; x_wconf 89' lang='lat'><strong>_</strong></span> <span class='ocrx_word' id='word_1_852' title='bbox 261 2825 317 2864; x_wconf 72' lang='grc'>(25)</span> <span class='ocrx_word' id='word_1_853' title='bbox 334 2826 370 2853; x_wconf 87' lang='lat' dir='ltr'><strong>lta</strong></span> <span class='ocrx_word' id='word_1_854' title='bbox 388 2828 489 2864; x_wconf 73' lang='lat' dir='ltr'><strong>Regius</strong></span> <span class='ocrx_word' id='word_1_855' title='bbox 504 2827 644 2864; x_wconf 75' lang='lat' dir='ltr'><strong>secundus</strong></span> <span class='ocrx_word' id='word_1_856' title='bbox 666 2834 693 2854; x_wconf 77' lang='lat' dir='ltr'><strong>et</strong></span> <span class='ocrx_word' id='word_1_857' title='bbox 719 2828 870 2856; x_wconf 68' lang='lat' dir='ltr'><strong>Collvertitt.</strong></span> <span class='ocrx_word' id='word_1_858' title='bbox 886 2829 914 2862; x_wconf 62' lang='lat'><strong>&quot;2,</strong></span> <span class='ocrx_word' id='word_1_859' title='bbox 934 2828 1012 2860; x_wconf 63' lang='grc' dir='ltr'>εὐθύς</span> <span class='ocrx_word' id='word_1_860' title='bbox 1063 2829 1143 2863; x_wconf 84' lang='lat' dir='ltr'><strong>Editi,</strong></span> <span class='ocrx_word' id='word_1_861' title='bbox 1158 2831 1265 2856; x_wconf 84' lang='lat' dir='ltr'><strong>horrore</strong></span> <span class='ocrx_word' id='word_1_862' title='bbox 1279 2835 1441 2864; x_wconf 78' lang='lat' dir='ltr'><strong>conceptum.</strong></span> 
     </span>
    </p>
   </div>
   <div class='ocr_carea' id='block_1_100' title="bbox 224 2860 768 2898">
    <p class='ocr_par' dir='ltr' id='par_1_100' title="bbox 224 2860 768 2898">
     <span class='ocr_line' id='line_1_103' title="bbox 224 2860 768 2898; baseline 0.002 -10"><span class='ocrx_word' id='word_1_863' title='bbox 224 2860 301 2890; x_wconf 67' lang='lat' dir='ltr'><strong>deest</strong></span> <span class='ocrx_word' id='word_1_864' title='bbox 312 2862 339 2890; x_wconf 92' lang='lat' dir='ltr'><strong>in</strong></span> <span class='ocrx_word' id='word_1_865' title='bbox 354 2860 473 2892; x_wconf 33' lang='lat' dir='ltr'><strong>cditis‘et</strong></span> <span class='ocrx_word' id='word_1_866' title='bbox 488 2864 513 2891; x_wconf 90' lang='lat' dir='ltr'><strong>in</strong></span> <span class='ocrx_word' id='word_1_867' title='bbox 530 2863 692 2898; x_wconf 77' lang='lat' dir='ltr'><strong>quibusdam</strong></span> <span class='ocrx_word' id='word_1_868' title='bbox 705 2872 768 2891; x_wconf 70' lang='lat' dir='ltr'><strong>mss.</strong></span> 
     </span>
    </p>
   </div>
  </div>
