1977 3039
236 115 290 143 925
550 114 579 143 S.
596 113 780 142 ATHANASII
800 113 875 140 OPP.
896 112 986 141 PARS
1005 114 1025 141 l.
1045 129 1080 135 ——
1100 113 1283 141 lllSTORlCA
1303 113 1346 140 ET
1363 112 1570 140 DOCMATICA.
1800 112 1862 141 923'

236 176 307 204 diam
323 176 421 208 solum,
435 175 479 202 sed
496 182 545 202 nec
562 183 643 210 super
661 175 733 202 aliud
748 176 862 210 quodvis
875 181 1013 211 peccatum
1029 202 1031 207 ,

1082 176 1112 202 πὶ
1130 175 1202 210 μόνῳ
1217 175 1408 211 παροργισμῷ,
1422 174 1489 200 ἁλλὰ
1511 173 1577 209 μηδὲ
1591 173 1636 199 ἐπὶ
1650 172 1716 208 ἄλλῃ
1731 173 1854 209 ἁμαρτίᾳ

237 227 360 250 rostrum
387 221 427 248 sol
452 221 568 248 occidat.
585 220 636 248 Par
653 222 752 256 quippe
767 227 809 248 est
829 226 856 248 et
874 222 985 249 omnino
1003 229 1018 249 e

236 274 267 294 re
281 270 383 298 nostra,
398 273 448 292 nec
462 265 545 292 solem
564 265 598 292 ob
615 265 740 293 diurnam
760 265 901 297 malitiam,
915 272 963 291 nec
975 264 1017 291 lu-

237 319 299 338 nam
314 311 349 338 ob
364 315 526 337 nocturnum
543 314 692 344 peccatum,
711 309 752 337 vel
771 309 869 336 malam
883 309 1020 344 cogitatio-

239 364 313 388 nem,
334 363 384 383 nos
400 355 592 383 condemnare.
607 354 643 382 Ut
662 355 743 390 igitur
760 356 786 383 in
803 360 860 383 tuto
876 356 911 383 sil.
930 355 1020 391 probi-

239 407 279 431 tas
304 406 409 436 no’stra,
426 409 516 437 opera:
539 402 654 439 pretium
680 402 761 429 fuerit
783 402 884 429 dictum
899 402 1020 436 Apostoli

237 448 393 476 auscultare
415 453 496 483 atque
519 447 672 479 custodire;
687 447 734 474 'ait
758 447 830 474 enim
850 456 856 473 :
877 446 926 474 Vos
951 447 1021 481 ipso:

238 495 394 527 dijudicate,
409 499 435 520 et
451 502 492 521 vos
505 495 576 528 ipso:
586 493 734 528 probate”.
747 493 874 526 Quotidie
889 493 979 528 itaque
989 493 1023 520 de

238 539 344 567 diurnis
356 539 554 574 nocturnisque
564 539 670 567 actibus
681 539 812 568 rationem
825 539 941 574 quisque
951 538 1022 574 apud

239 593 269 612 se
286 585 359 612 ineat
374 593 381 612 :
396 589 424 611 et
441 585 463 612 si
480 584 641 620 peccaverit,
657 584 778 618 desinat;
802 585 825 611 si
851 592 905 611 non
928 592 1024 620 pecca-

239 631 318 662 verit,
331 638 368 658 ne
378 631 519 664 glorietur,
544 630 589 658 sed
606 630 633 657 in
648 629 719 657 bono
735 634 898 665 perseveret.
914 638 964 658 nec
976 638 1024 658 ne-

239 675 369 710 gligenter
380 679 452 709 agat,
468 682 533 702 neve
544 675 699 709 proximum
715 674 836 706 damnet,
850 674 892 702 vel
904 674 1023 708 seipsum

238 721 342 755 justum
365 719 504 754 praedicet,
519 724 549 746 ut
575 719 613 747 ait
636 719 731 747 beatus
754 719 892 754 apostolus
914 719 1024 751 Paulus.

241 765 328 793 donec
348 765 454 792 venerit
468 765 608 796 Dominus,
623 765 668 800 qui
685 765 842 793 abscondita
859 765 1024 792 scrutatur‘.

244 811 319 846 Saepe
343 812 442 839 etenim
459 811 557 839 accidit
572 815 601 838 ut
623 811 702 838 nobis
718 811 820 837 lateant
833 819 894 845 qua:
909 812 1026 845 agimus.

243 866 304 893 qua:
319 865 369 885 nos
382 858 489 892 quidem
504 857 670 892 ignoramus,
679 856 725 884 sed
737 855 868 883 Dominus
881 856 954 883 novit
966 864 1024 883 om-
1042 848 1062 877 Β

244 906 299 935 nia.
311 903 417 931 Judicio
440 904 522 939 igitur
537 904 576 930 illi
593 903 736 939 permisso,
752 902 786 930 de
810 902 926 930 aliorum
948 901 1026 929 malis

244 954 341 977 mutuo
354 949 505 980 doleamus,
518 953 544 976 et
554 948 621 975 alter
635 948 749 975 alterius
761 954 843 974 onera
857 947 1025 982 portemus',

245 996 426 1030 nosmetipsos
443 995 638 1030 dijudicemus;
654 994 677 1021 si
690 994 754 1029 quid
768 993 848 1026 desit,
862 993 887 1020 id
903 993 1028 1028 supplere

245 1042 374 1068 nitamur.
390 1041 430 1068 Ad
448 1040 565 1068 cavenda
580 1045 669 1067 autem
682 1043 790 1074 peccata
806 1038 833 1066 id
848 1039 1025 1066 observetur:

245 1086 333 1122 Opera
350 1087 467 1121 quisque
483 1091 607 1114 nostrum
625 1093 685 1116 sua,
703 1089 730 1112 et
743 1089 835 1112 motus
856 1083 950 1117 animi,
968 1087 1028 1111 tan-

245 1141 327 1168 quam
341 1133 402 1160 aliis
420 1133 605 1164 nuntiaturus,
620 1135 695 1158 notet
706 1131 916 1164 conscribatque
928 1139 935 1157 :
948 1134 1028 1164 atque

245 1179 374 1206 conﬁdite
388 1178 509 1205 futurum
524 1185 595 1208 esse,
609 1181 650 1210 ut,
669 1184 730 1204 cum
748 1184 798 1203 nos
813 1176 912 1210 pudeat
924 1175 958 1202 ab
968 1174 1028 1202 aliis

247 1225 384 1260 cognosci,
400 1224 529 1262 peccandi
552 1231 676 1258 prorsus,
695 1222 750 1250 imo
765 1221 830 1257 quid
854 1229 965 1256 pravum
980 1228 1029 1248 co—

249 1270 362 1306 gilandi,
377 1269 457 1297 finem
474 1269 614 1296 faciamus.
630 1268 696 1301 Quis
718 1272 761 1296 est
785 1267 857 1295 enim
881 1267 939 1302 qui,
964 1267 1028 1294 dum
1056 1273 1060 1277 '

248 1320 352 1351 peccat,
365 1315 450 1342 videri
461 1315 544 1342 velit?
558 1319 605 1341 aut
620 1314 680 1349 quis
695 1318 756 1349 post
774 1317 914 1348 peccatum
927 1312 1029 1340 admis-

249 1369 310 1389 sum
330 1369 384 1389 non
406 1361 534 1388 mentitur
549 1360 650 1388 latendi
670 1360 774 1388 causa?
800 1359 877 1387 Sicut
897 1359 988 1393 itaque
1003 1359 1030 1386 in

249 1407 364 1434 aliorum
380 1410 527 1441 conspectu
539 1414 678 1441 nunquam
691 1405 892 1438 scorlabimur;
905 1405 1030 1440 670ita

251 1452 274 1480 si
296 1452 483 1487 cogitationes,
499 1457 529 1479 ut
546 1451 607 1478 aliis
622 1450 782 1483 nuntiaturi,
807 1450 1010 1485 perscribamus
1021 1469 1030 1483 ,

251 1497 329 1524 nobis
342 1497 431 1532 potius
446 1497 480 1524 ab
496 1497 622 1524 obscenis
638 1495 849 1531 cogitationibus
865 1495 1030 1527 cavebimus,

251 1542 288 1570 ob
300 1542 435 1569 revelandi
453 1542 593 1576 pudorem.
609 1541 722 1568 Perinde
738 1541 827 1575 itaque
849 1540 928 1567 nobis
955 1539 1030 1574 ejus-

252 1588 326 1616 modi
340 1588 451 1623 scriptio
469 1588 505 1615 sit
531 1593 612 1623 atque
625 1592 778 1621 ascetarum
793 1587 864 1614 oculi
878 1606 886 1619 ,
904 1591 934 1614 ut
955 1594 1032 1621 atque

253 1635 427 1669 scriptionem
443 1642 475 1661 ac
492 1634 608 1661 aliorum
631 1637 806 1669 conspectum
829 1632 1031 1664 erubescentes,

253 1688 335 1716 prava
362 1688 396 1707 ne
418 1680 569 1716 cogitemus
585 1679 704 1714 quidem.
724 1677 786 1706 Haec
807 1677 830 1705 si
851 1677 930 1705 nobis
947 1676 1033 1704 forma

1069 221 1167 257 ήμῶνὸ
1181 221 1256 256 ἥλιος
1270 220 1382 257 ὲπιδύνῃ
1391 229 1397 234 ·
1413 219 1493 246 καλὸν
1504 219 1558 254 γὰρ
1573 219 1620 245 καὶ
1633 218 1789 252 ἀναγκαῖον,
1806 220 1854 254 μή-

1068 275 1098 293 τε
1108 266 1153 293 τὸν
1165 258 1240 301 ᾕλῖον
1251 266 1314 302 περὶ
1329 265 1462 301 ἡμερινῆς
1476 265 1583 295 κακίας,
1598 265 1664 299 μήτε
1676 264 1725 299 τὴν
1739 263 1854 299 σελήνην

1069 314 1133 349 περὶ
1149 313 1307 348 νυκτερινῆς
1322 311 1497 347 ἁμαρτίας,ἢ
1515 311 1582 342 ὅλως
1600 310 1783 345 ἐνθυμήσεως,
1805 318 1854 336 κα-

1069 357 1247 392 ταγινώσκειν
1263 358 1352 393 ὴμῶν.
1365 358 1411 384 Ἰν*
1423 354 1470 383 οὖν
1484 355 1562 383 τοῦτο
1577 357 1642 391 ἡμῖν
1658 364 1690 382 πε
1696 355 1852 390 ρισώζηται,

1071 404 1151 431 καλὸν
1181 404 1295 430 ἀκοῦσαι
1307 403 1344 437 ('5)
1353 402 1399 430 τοῦ
1415 401 1574 429 Ἂποστόλου
1587 402 1633 428 καὶ
1647 401 1759 435 φυλάξαι
1768 410 1775 416 ·
1788 401 1855 436 φησὶ

1071 450 1141 485 γάρ’
1162 448 1302 482 Ἑαυτοὺς
1322 448 1505 482 ἀνακρίνετε,
1525 448 1574 474 καὶ
1595 447 1720 479 ἑαυτοὺς
1737 446 1856 481 δοκιμά-

1072 497 1142 528 ζετε.
1159 496 1226 524 Καθ’
1241 496 1347 532 ἡμέραν
1359 495 1448 522 τοίνυν
1461 495 1514 522 τῶν
1530 493 1668 530 ἡμερινῶν
1683 494 1729 520 καὶ
1742 494 1796 520 τῶν
1810 503 1858 520 νυ-

1073 542 1202 578 κτερινῶν
1230 541 1355 578 πράξεων
1379 541 1423 567 τὸν
1445 540 1522 575 λόγον
1549 540 1663 571 ἕκαστος
1688 540 1751 575 παρ’
1767 538 1857 574 ἑαυτῷ

1073 589 1250 625 λαμϐανέτω·
1267 589 1324 619 καὶ.
1339 590 1362 615 ει
1381 588 1430 624 μὲν
1447 589 1565 623 ἥμαρτε,
1583 585 1723 613 παυέσθω-
1737 587 1761 612 εἰ
1774 585 1802 612 δὲ
1818 585 1859 621 μὴ

1074 636 1190 671 ἥμαρτε,
1214 634 1251 670 μὴ
1276 633 1421 669 καυχάσθω
1434 642 1445 650 ·«
1459 633 1516 660 ἀλλ’
1530 632 1680 667 ὲπιμενέτω
1704 631 1743 667 τῷ
1771 630 1858 666 καλῷ,

1075 680 1122 707 καὶ
1148 680 1186 715 μὴ
1213 679 1357 714 ἀμελείτω,
1376 679 1442 714 μηδὲ
1465 678 1652 714 κατακρινέτω
1670 678 1715 705 τὸν
1733 677 1859 713 πλησίον,

1077 724 1143 760 μηδὲ
1155 724 1298 752 δικαιούτω
1312 725 1416 755 ἑαυτὸν,
1428 724 1465 756 ὡς
1481 723 1556 750 εἶπεν
1571 726 1584 750 ὁ
1598 724 1729 759 μακάριος
1746 723 1862 750 ἀπόστο-

1075 769 1120 801 λος
1134 770 1249 802 Παῦλος,
1261 770 1312 802 ἕως
1325 769 1357 796 ἂν
1370 769 1434 805 ἔλθῃ
1446 771 1460 796 ὁ
1473 770 1583 806 Κύριος.
1599 770 1612 795 ὁ
1623 770 1656 796 τὰ
1667 768 1775 805 κρυπτὰ
1786 770 1863 804 ὲρευ-

1077 815 1139 841 νῶν.
1156 815 1288 846 Πολλάκις
1305 815 1358 851 γὰρ
1384 816 1430 841 καὶ
1454 815 1576 847 ἑαυτοὺς,
1595 815 1623 841 ἐν
1638 812 1678 846 οἷς
1692 815 1861 850 πράττομεν,

1076 861 1242 896 λανθάνομεν
1252 870 1258 876 ⁸
1275 861 1320 887 καὶ
1335 862 1415 896 ἡμεῖς
1431 861 1479 896 μὲν
1492 861 1541 887 οὐκ
1554 860 1673 895 οἴδαμεν,
1688 860 1703 886 ὁ
1716 859 1745 886 δὲ
1758 860 1862 896 Κύριος

1078 906 1280 942 καταλαμὸάνει
1304 906 1402 934 πάντα.
1417 906 1496 942 Αρτῷ
1520 904 1566 933 οὖν
1589 905 1618 932 τὸ
1633 907 1719 942 κρῖμα
1733 905 1862 937 διδόντες,

1077 953 1200 988 ἀλλήλοις
1217 952 1438 988 συμπάσχωμεν,
1455 952 1502 979 καὶ
1516 952 1637 987 ἀλλήλων
1660 951 1710 987 μὲν
1733 951 1769 978 τὰ
1790 950 1862 987 βάρη

1079 998 1265 1034 βαστάζωμεν,
1277 998 1388 1029 ἑαυτοὺς
1398 997 1426 1024 δὲ
1434 998 1633 1033 ἁνακρίνωμεν,
1644 997 1691 1024 καὶ
1704 997 1721 1025 ἃ
1734 996 1865 1033 ὑστεροῦ-

1079 1053 1139 1079 μεν,
1152 1043 1325 1078 ἀναπληροῦν
1349 1043 1647 1079 σπουδάζωμεν.Ἔστω
1671 1043 1698 1069 δὲ
1722 1043 1769 1069 καὶ
1792 1042 1865 1078 αὕτη

1079 1090 1146 1125 πρὸς
1168 1090 1316 1124 ἀσφάλειαν
1339 1090 1386 1116 τοῦ
1409 1089 1446 1125 μὴ
1469 1089 1636 1125 ἁμαρτάνειν
1653 1089 1863 1124 παρατήρησις“

1079 1136 1214 1168 Ἕκαστος
1226 1135 1275 1167 τὰς
1284 1135 1397 1171 πράξεις
1408 1136 1455 1162 καὶ
1462 1135 1495 1162 τὰ
1506 1136 1644 1171 κινήματα
1656 1135 1706 1169 τῆς
1715 1134 1814 1170 ψυχῆς,
1826 1133 1865 1165 ὡς

1080 1182 1219 1218 μέλλοντες
1244 1182 1368 1218 ἀλλήλοις
1390 1182 1589 1217 ἀπαγγέλλειν,
1614 1180 1789 1216 σημειώμεθα
1817 1179 1867 1207 ναὶ

1079 1229 1244 1264 γρὰφωμεν-
1262 1227 1309 1254 καὶ
1332 1228 1467 1263 θαρρεῖτε,
1483 1227 1658 1259 ὅτι,,πὰντως
1676 1224 1866 1260 αἰσχυνόμενοι

1079 1273 1242 1308 γνωσθῆναι,
1254 1272 1413 1307 παυσόμεθα
1429 1271 1476 1298 τοῦ
1491 1271 1667 1306 ἁμαρτάνειν,
1678 1269 1725 1297 καὶ
1739 1268 1806 1300 ὅλως
1815 1266 1866 1295 τοῦ

1080 1318 1252 1354 ἐνθυμεῖσθαι
1267 1327 1292 1344 τι
1307 1318 1417 1352 φαῦλον.
1435 1317 1481 1349 Τίς
1495 1316 1548 1352 γὰρ
1560 1315 1597 1352 (4)
1614 1314 1776 1350 ἁμαρτάνων
1793 1313 1868 1340 θέλω

1081 1364 1245 1400 βλέπεσθαι;
1259 1365 1276 1400 ἢ
1300 1364 1341 1396 τίς
1368 1364 1538 1399 ἁμαρτήσας,
1555 1363 1586 1389 οὐ
1608 1361 1706 1397 μᾶλλον
1729 1359 1867 1395 ψεύδεται,

1080 1410 1219 1437 λανθάνειν
1234 1410 1332 1442 θέλων;
1347 1410 1450 1445 Ὥσπερ
1461 1407 1506 1436 οὖν
1518 1408 1660 1444 βλέποντες
1668 1406 1808 1442 ἀλλήλους,
1816 1405 1868 1431 οὐκ

1081 1454 1114 1482 ἂν
1131 1454 1345 1490 πορνεύσαιμεν,
1359 1454 1455 1485 οὕτως,
1471 1453 1518 1480 ἐὰν
1536 1453 1575 1484 ὡς
1587 1451 1800 1486 ἀπαγγέλλοντες
1819 1450 1868 1477 ἁλ-

1045 1517 1066 1545 c
1081 1499 1172 1534 λήλοις
1186 1499 1249 1530 τοὺς
1263 1498 1408 1533 λογισμοὺς
1422 1498 1581 1533 γράφωμεν,
1601 1496 1699 1532 μᾶλλον
1712 1496 1868 1531 τηρήσομεν

1082 1544 1194 1575 ἑαυτοὺς
1210 1543 1263 1570 ἀπὸ
1284 1542 1420 1578 λογισμῶν
1443 1543 1581 1578 ῥυπαρῶν,
1596 1542 1782 1577 αἰσχυνόμενοι
1797 1549 1868 1574 γνω-

1084 1589 1189 1625 σθῆναι.
1207 1590 1296 1616 Ἔστω
1306 1587 1352 1615 οὖν
1374 1590 1440 1624 ἡμῖν
1462 1589 1491 1616 τὸ
1514 1589 1629 1624 γράμμα
1649 1588 1709 1615 ἀντὶ
1723 1585 1869 1622 ὀφθαλμῶν

1083 1635 1138 1662 τῶν
1160 1635 1350 1670 συνασκητῶν·
1378 1635 1430 1667 ἵνα,
1447 1635 1624 1670 ὲρυθριῶντες
1641 1634 1755 1669 γράφειν
1778 1632 1816 1663 ὼς
1838 1631 1870 1657 τὸ

1087 1681 1241 1716 βλέπεσθαι,
1262 1681 1325 1716 μήθ’
1335 1680 1403 1713 ὅλως
1422 1680 1616 1716 ἐνθυμηθῶμεν
1631 1680 1664 1707 τὰ
1678 1679 1783 1715 φαῦλα’
1799 1678 1870 1706 οὕτω

911 1732 1036 1762 \‘ERSIO
1055 1733 1206 1763 EVAGRll.

255 1789 336 1818 quam
351 1786 505 1809 nostrorum
522 1786 569 1809 aut
585 1781 612 1818 in
632 1781 794 1818 nocte‘luna‘.
810 1784 857 1808 aut
871 1779 898 1806 in
911 1780 954 1806 die
962 1780 1002 1818 sol
1016 1782 1092 1808 testis
1104 1782 1259 1818 abscederet
1271 1781 1353 1817 (5-6).
1364 1782 1438 1809 lllius
1445 1789 1553 1816 quoque
1566 1781 1731 1818 admonebat
1744 1780 1870 1818 praecepti

256 1815 391 1845 memores
405 1825 476 1848 esse,
491 1825 544 1851 quo
559 1817 657 1844 dicitur
677 1825 684 1843 :
702 1815 850 1850 Dijudicate
866 1816 1043 1851 vosmetipsos,
1055 1821 1079 1842 et
1093 1817 1209 1850 probate,
1233 1822 1261 1844 ut
1276 1815 1415 1844 'rationem
1433 1815 1485 1844 dici
1501 1815 1641 1851 noctisque
1656 1816 1795 1847 facientes,
1807 1815 1829 1841 si
1843 1815 1869 1842 in

257 1860 287 1880 se
302 1852 428 1879 delictum
446 1850 692 1886 deprcheiidisscnt.
711 1859 822 1885 peccare
838 1850 1008 1886 desisterent.
1029 1850 1075 1878 Sin
1089 1855 1179 1878 autem
1195 1852 1284 1878 nullus
1300 1859 1377 1879 error
1395 1852 1554 1886 decepisset,
1568 1850 1770 1886 perseverantes
1785 1850 1871 1886 insta-

258 1891 320 1916 rent
339 1888 427 1921 potius
440 1884 566 1921 inclepto,
582 1895 662 1920 quant
677 1884 831 1920 ariogautia
847 1885 942 1921 tumidi
964 1890 1011 1921 aut
1025 1886 1094 1914 alios
1107 1891 1320 1918 contemnerent,
1335 1891 1380 1913 aut
1394 1887 1445 1914 sibi
1459 1884 1590 1921 iustitiam
1605 1886 1781 1917 vindicarent,
1794 1884 1872 1921 juxta

259 1919 407 1955 supradicti
422 1919 540 1948 doctoris
556 1919 691 1956 eloquium
706 1919 821 1948 dicentis
837 1929 843 1949 :
861 1919 949 1947 Nolite
956 1920 1077 1954 judicare
1089 1928 1148 1948 ante
1166 1927 1265 1955 tempus
1278 1929 1287 1953 ,'
1301 1922 1386 1956 magis
1405 1919 1503 1949 debere
1515 1928 1562 1948 eos
1577 1920 1689 1952 Christi,
1703 1920 1746 1947 cui
1761 1920 1872 1956 soliioc-

261 1958 333 1984 culta
347 1961 448 1991 patent.
466 1955 732 1990 reservare’judicio.
746 1955 843 1991 Multas
860 1963 930 1991 esse,
945 1960 974 1982 ut
989 1961 1119 1990 scriptum
1134 1961 1186 1988 est,
1199 1958 1267 1988 vias,
1286 1964 1347 1991 qua:
1362 1956 1488 1983 videntur
1505 1956 1661 1983 hominibus
1671 1955 1762 1991 justae,
1778 1955 1824 1991 sed
1842 1956 1873 1981 li-

262 2000 310 2020 nes
322 1989 414 2020 earum
428 1992 462 2019 ad
477 1989 638 2026 profundum
653 1991 787 2026 respicere
802 1990 900 2018 inferni
912 1999 918 2016 :
930 1997 1001 2024 saepe
1013 1989 1102 2018 nostra
1117 1999 1170 2018 non
1185 1999 1265 2026 posse
1279 1989 1330 2019 n'os
1347 1991 1495 2026 intelligere
1510 1996 1630 2025 peccata,
1644 1989 1714 2025 saepe
1731 1990 1786 2017 falli
1798 1989 1874 2026 igno-

262 2027 369 2054 ratione
386 2027 422 2061 t7)
438 2024 573 2060 geétornm
591 2036 597 2056 ;
615 2027 687 2053 aliud
698 2024 761 2053 esse
776 2025 821 2052 Dei
835 2029 932 2052 cuncta
947 2027 1083 2053 cernentis
1092 2024 1235 2060 judicium,
1252 2026 1298 2061 qui
1321 2034 1374 2053 non
1396 2024 1593 2060 ex‘superticie
1609 2033 1764 2059 corpomm,
1778 2024 1825 2052 sed
1840 2032 1875 2051 ex

263 2061 394 2091 mentium
409 2061 649 2096 judicatrarcanis;
666 2068 772 2095 aequum
789 2064 879 2087 autem
894 2068 956 2096 esse
970 2068 1021 2088 nos
1037 2061 1115 2088 nobis
1129 2062 1254 2096 compati,
1266 2066 1292 2088 et
1307 2061 1419 2088 invicem
1432 2068 1515 2088 0uera
1528 2065 1620 2096 nostra
1631 2065 1739 2096 portare
1751 2069 1764 2096 ιν
1775 2064 1803 2086 ut
1813 2066 1877 2086 con-

263 2104 342 2124 cesso
367 2094 492 2123 examine
509 2095 653 2127 Salvatori,
669 2094 792 2130 proprias
808 2095 989 2131 conscientias
1003 2096 1182 2131 nosmetipsos
1191 2094 1348 2131 'judicantes
1364 2096 1542 2124 intueremur.
1567 2094 1676 2123 Necnon
1699 2095 1806 2131 dicebat
1817 2101 1876 2131 ma-

264 2140 343 2167 gnam
358 2139 417 2167 esse
431 2133 464 2158 ad
479 2131 605 2167 virtutem
620 2128 702 2167 viain,
757 2130 856 2165 singuli
871 2129 913 2167 vel
925 2130 1101 2158 observarent
1115 2128 1181 2167 quid
1196 2128 1309 2166 agerent
1322 2131 1371 2166 (8),
1388 2132 1429 2158 vel
1443 2131 1584 2167 universas
1596 2130 1726 2158 mentium
1739 2128 1878 2164 cogitatio-

264 2165 312 2195 nes
324 2166 452 2194 fratribus
463 2166 604 2194 referrent.
620 2165 678 2194 Non
694 2166 765 2193 enim
780 2173 859 2200 posse
871 2165 986 2199 aliquem
1003 2165 1199 2200 peccare,'cum
1218 2165 1352 2193 relaturus
1368 2171 1440 2193 esset
1454 2166 1486 2193 ad
1499 2167 1584 2193 alium
1595 2172 1759 2200 quacunque
1771 2171 1879 2199 peccas—

265 2207 321 2233 set;
338 2207 364 2229 et
378 2202 469 2228 subire
484 2202 612 2236 pudorem
629 2201 655 2228 in
671 2199 806 2235 publicum
823 2201 910 2236 turpia
929 2200 1091 2235 proferendi.
1109 2201 1229 2236 Denique
1242 2202 1345 2228 nullum
1359 2205 1526 2236 peccantem,
1540 2199 1631 2228 coram
1644 2201 1698 2227 alio
1708 2199 1806 2226 audere
1817 2206 1879 2236 pec.

265 2244 328 2264 Care
343 2246 350 2264 :
368 2236 472 2264 etiamsi
484 2234 589 2271 peccet,
609 2234 697 2262 tamen
712 2240 806 2262 testem
820 2235 904 2262 vitare
920 2234 1032 2269 peccati,
1049 2237 1156 2263 mentiri
1178 2234 1263 2270 magis
1283 2243 1310 2263 et
1325 2234 1434 2271 negare,
1452 2241 1479 2263 et
1501 2241 1577 2263 vetus
1591 2236 1717 2262 delictum
1735 2241 1804 2271 novo
1816 2234 1881 2271 inti-

266 2272 354 2299 ciamli
370 2279 468 2307 augere
483 2268 590 2298 delicto.
608 2271 692 2307 lgitur
707 2271 784 2305 quasi
806 2271 857 2297 sub
870 2268 966 2307 oculis,
982 2271 1080 2304 aiebat,
1095 2271 1195 2299 nostris
1214 2268 1241 2298 et
1260 2268 1378 2307 cogitatu
1400 2270 1593 2307 confundimur
1608 2275 1635 2297 et
1648 2275 1721 2307 actu,
1739 2270 1761 2296 si
1785 2268 1880 2307 omnia

267 2303 419 2335 referenda‘
429 2306 578 2338 faciamus;
601 2303 686 2333 m'ulto
709 2303 797 2332 autem
814 2306 910 2339 magis,
925 2305 947 2332 si
965 2311 1073 2339 peccata
1091 2311 1182 2333 nostra
1200 2303 1312 2333 fideliter
1327 2306 1511 2333 describentes
1523 2306 1677 2340 digeramus
1696 2305 1722 2331 in
1743 2303 1879 2340 ordinem.

267 2341 344 2369 Tunc
360 2350 423 2368 vero
438 2341 578 2368 annotatio
595 2340 755 2367 delictorum
780 2340 894 2376 fratrum
911 2340 1042 2376 videbitur
1058 2341 1140 2368 oculi.
1157 2342 1185 2368 Si
1202 2341 1356 2369 timebimus
1378 2341 1481 2376 peccati
1504 2339 1581 2367 ceras
1601 2341 1736 2372 conscias,
1752 2339 1803 2373 ipsi
1830 2345 1881 2376 nos

266 2382 380 2409 urguent
395 2377 495 2410 apices.
509 2381 535 2403 et
548 2378 686 2410 quomodo
699 2375 886 2410 meretricibus
900 2375 1019 2402 membra
1034 2376 1189 2408 miSCcntes,
1202 2373 1406 2403 confunduntur
1422 2376 1456 2403 ad
1473 2376 1644 2410 praesentiam
1656 2373 1882 2410 casteroruun;_ita

266 2407 358 2439 et'nos
372 2407 614 2447 ertibescemusad
623 2411 734 2447 litteras.
750 2409 812 2437 llaec
826 2417 948 2447 agninos,
966 2410 1017 2438 hac
1032 2412 1141 2439 virtutis
1153 2407 1308 2447 gradiamur
1321 2412 1364 2438 via
1385 2410 1434 2446 (9),
1462 2407 1489 2438 et
1506 2417 1620 2445 corpora
1637 2409 1772 2436 mentibus
1785 2407 1883 2442 subju-

266 2452 371 2481 gantcs,
387 2447 552 2480 perniciosas
563 2445 662 2472 diaboli
678 2453 718 2472 co.
731 2451 850 2472 teramus
866 2445 986 2472 insidias.

304 2502 326 2518 ”
344 2501 366 2529 ll
380 2502 442 2529 Cor.
459 2509 517 2534 xui,
536 2501 563 2528 5.
603 2501 611 2516 ¹
632 2499 642 2527 l
658 2500 719 2527 Cor.
737 2508 772 2533 tv,
792 2500 826 2532 5;
848 2499 927 2527 Rom.
945 2507 974 2532 ιι,
990 2501 1033 2528 16.
1071 2501 1081 2516 ¹
1100 2500 1188 2529 Galat.
1202 2510 1238 2534 vi,
1253 2501 1281 2529 ‘2.

304 2559 343 2593 (ὅ)
363 2559 401 2586 Ita
418 2559 518 2593 Regius
531 2559 557 2591 l,
569 2559 597 2589 τὶ,
612 2557 690 2585 Coll).
710 2558 727 2584 2
748 2562 775 2584 et
798 2557 882 2584 Savil.
897 2557 967 2593 Editi
985 2566 1049 2585 vero

269 2599 294 2622 et
313 2592 480 2630 εΙίὶμῚνζοῦν
498 2596 527 2621 ἐν
539 2593 628 2629 τούτῳ
639 2594 705 2630 ἡμῖν
718 2593 748 2619 τὸ
761 2592 843 2619 καλὸν
853 2592 1048 2628 περισώζηται,

269 2629 352 2657 καλὸν
364 2629 489 2656 ἀκοῦσαι.

306 2665 344 2700 (4)
366 2665 411 2700 Sic
434 2671 539 2700 omnes
556 2663 751 2700 manuscripti.
763 2662 845 2700 Eiliti,
859 2662 892 2689 Τί
906 2662 1050 2700 γάμμρξ

271 2697 372 2734 Regius
387 2699 414 2730 2,
429 2699 506 2726 Colit.
524 2699 540 2725 '5
552 2704 579 2726 et
596 2697 865 2733 δδὶνίιηίβλέπεσθαι,
880 2697 962 2725 recte.
979 2697 1048 2724 Editi

272 2738 300 2760 cl
316 2735 371 2765 alii,
406 2733 579 2768 βλάπτεσθαι.

309 2768 380 2801 (5‹6)
390 2767 434 2803 Sic
443 2769 618 2803 manuscripti
629 2776 734 2796 omnes.
744 2768 813 2795 Editi
821 2775 894 2799 vero,
908 2771 983 2795 testes
991 2767 1050 2803 abil-

276 2808 402 2831 ct'dcrent.
421 2802 480 2831 illo:
497 2802 782 2839 aliquimanuscripti,
807 2803 929 2838 pra'ceptt'
947 2811 996 2838 quo
1009 2802 1050 2829 di-

1102 2560 1184 2621 εἰῖιιᾶκ
1198 2559 1272 2621 IEditi
1299 2566 1374 2592 vero,
1389 2559 1513 2594 praecepti
1532 2565 1657 2586 memores
1672 2564 1737 2589 esse,
1755 2556 1823 2591 quod
1844 2556 1886 2582 di-

1102 2603 1125 2621 ct
1171 2603 1184 2621 ε
1207 2603 1250 2621 ns.

1101 2603 1136 2622 ιιι
1153 2603 1184 2621 ae
1198 2603 1250 2622 1118.

1106 2675 1111 2680 _
1138 2640 1176 2676 (7)
1190 2639 1244 2680 _Sic
1266 2639 1445 2675 manuscripti
1461 2639 1569 2674 quidam
1592 2639 1704 2673 optime.
1721 2636 1791 2664 Editi
1808 2643 1884 2668 vero,

1102 2683 1131 2702 υι
1143 2680 1255 2703 ratione.

1139 2721 1177 2757 (8)
1198 2720 1244 2749 Sic
1260 2721 1449 2756 manuscripti.
1468 2719 1538 2748 Editi
1554 2727 1629 2754 vero,
1644 2718 1707 2753 quid
1719 2723 1842 2752 gererem.

1139 2767 1176 2803 (9)
1202 2766 1241 2794 lla
1267 2766 1551 2803 manuscriptiaEditi
1576 2769 1677 2803 autem,
1699 2763 1728 2791 Si
1744 2762 1797 2789 lucc
1818 2767 1881 2794 aga-

1105 2801 1172 2837 mus,
1190 2803 1257 2830 hanc
1276 2803 1381 2830 virtutis
1395 2801 1549 2837 gradiantur
1565 2801 1632 2827 riam
