1977 3039
96 112 147 144 πε

750 111 832 144 V'ITA
849 116 877 144 S.
899 110 1047 144 ANTONH.

1620 120 1709 148 ‘93‘

129 172 174 200 63.
190 171 332 199 Κατελοὼν
344 171 372 199 δέ
391 181 455 200 ποτε
472 171 551 200 πάλιν
569 173 607 205 είς
623 173 656 200 τὰ
672 173 723 206 ἔξω
742 175 874 210 μοναστή-

959 174 1002 202 65.
1017 174 1086 201 Cum
1109 174 1206 202 iterum
1224 170 1411 203 descendisset
1426 174 1573 210 aliquando
1587 174 1621 203 ad
1634 180 1709 204 exte-

97 227 151 254 pvz,
165 217 350 250 καὶ-ἀξιωθεὶς
368 219 408 250 εἰς
423 219 513 246 πλοῖον
529 219 674 252 εἰσελθεῖν,
687 221 731 246 καὶ
747 219 875 252 εὔξασθαι

96 264 165 299 μετὰ
177 264 317 298 μοναχὼν,
333 264 411 299 μόνος
431 265 511 296 αὐτὸς
530 264 688 291 ἀντελάϐετο
707 265 794 300 δεινῆς
812 265 875 291 6w-

94 308 177 340 ωδίας
190 309 236 335 καὶ
244 310 313 336 πάνυ
328 311 438 345 πικρᾶς.
448 310 506 336 Τῶν
515 310 542 336 δὲ
555 311 582 336 ὲν
595 310 633 345 τῷ
644 310 726 346 πλοίῳ
735 310 875 345 λεγόντων,

96 354 173 389 ἰχθὺν
184 353 252 381 εἶναι
265 355 310 381 καὶ
320 355 429 390 τάριχον
441 357 469 382 ὲν
481 355 519 391 τῷ
532 355 625 391 πλοίῳ,
638 356 684 382 καὶ
696 357 796 383 τούτων
809 354 876 383 εἶναι

92 401 144 435 τὴν
159 400 244 436 ὀσμὴν
256 420 264 432 ,
289 401 369 432 αὐτὸς
383 401 464 436 ἄλλην
478 401 568 435 ἔλεγεν
582 399 650 428 εἶναι
663 402 712 437 τὴν
727 402 857 429 δυσωδίαν
868 411 875 417 ·

95 446 136 473 ἔτι
150 447 178 473 δὲ
188 447 269 473 αὑτοῦ
283 447 416 481 λέγοντος,
431 447 560 483 νεώτερός
573 457 615 479 τις
630 448 698 483 ἔχων
710 448 832 484 δαίμονα,
848 449 877 480 ὂς

95 491 274 527 προεισελθὼν
288 492 438 527 ἐκρύπτετο
459 494 487 518 ἐν
503 493 542 528 τῷ
555 493 637 528 πλοίῳ
646 513 653 525 ,
671 493 750 525 εὐθὺς
763 494 878 530 ἀνέκρα-

96 536 151 568 ξεν.
170 537 357 573 Ἐπιτιμηθεὶς
372 538 399 564 δὲ
411 539 425 564 ὀ
434 538 537 573 δαίμων
548 539 576 565 ὲν
590 538 628 574 τῷ
644 539 755 574 ὀνόματι
768 539 878 567 105.1(1)-

96 581 155 617 ρίου
166 583 243 618 ἡμῶν
263 583 349 617 Ἰησοῦ
363 583 492 620 Χριστοῦ,
508 583 601 620 ἐξῆλθε
610 594 617 601 ·
632 587 678 612 καί
688 586 701 611 6
713 587 762 621 μὲν
775 586 878 621 ἄνθρω-

95 635 146 660 πος
163 628 270 662 γέγονεν
290 629 369 664 ὑγιής
380 638 386 644 ·
404 629 503 661 πάντες
516 629 543 656 δὲ
559 630 695 665 ἔγνωσαν,
709 632 749 658 ὅτι
759 632 806 658 τοῦ
820 632 876 658 δαί-

96 681 175 709 μονος
191 671 224 709 ἧν
235 675 251 710 ὴ
264 674 388 701 δυσωδία.

129 719 173 746 64.
189 720 243 746 Καὶ
254 720 330 752 ἄλλος
344 721 371 747 δέ
385 730 425 753 τις
435 721 489 748 τῶν
502 722 640 757 ἐπιῳανῶν
651 721 732 758 ἦλθεν
746 723 813 758 ἔχων
825 723 879 750 δαί-

97 773 165 800 μονα
178 765 245 800 πρὸς
259 766 348 792 αὐτόν.
366 764 419 793 Ἦν
438 768 466 794 δὲ
478 768 492 794 6
506 767 608 802 δαίμων
624 769 727 800 ἐκεῖνος
738 769 792 804 (28)
808 769 878 796 οὓτω

93 809 178 842 δεινὸς
188 831 195 842 ,
211 811 249 843 ὡς
266 812 310 837 τὸν
324 812 519 848 ὲνεργούμενον
541 814 578 850 μὴ
593 814 736 849 γινώσκειν
746 835 752 847 ,
771 817 794 841 εί
809 815 877 850 πρὸς

925 221 997 247 riora
1015 221 1190 252 monasteria,
1208 226 1318 255 rogatus
1334 226 1363 248 nt
1377 221 1404 248 in
1417 218 1566 248 naviculam
1577 226 1708 250 conscen-

926 269 1012 302 deret,
1028 274 1056 296 et
1068 270 1158 298 oraret
1175 277 1236 296 cum
1258 269 1407 302 monachis,
1424 261 1645 297 molestissimum
1662 278 1708 298 so-

926 313 968 341 lus
1005 313 1118 340 fetorem
1145 314 1274 348 perenpit.
1297 314 1420 349 Cumque
1441 319 1563 341 vectores
1576 314 1708 346 dicerent.

926 359 1029 393 piscem
1040 367 1100 386 esse
1112 359 1193 395 674
1205 364 1231 386 et
1242 359 1436 387 salsamentum
1453 360 1478 386 in
1495 359 1628 393 navi-cuia,
1639 360 1710 387 unde

927 404 995 431 fetor
1019 405 1080 432 talis
1096 406 1224 438 oriretur,
1238 405 1310 432 aliud
1332 406 1375 432 ille
1385 412 1445 433 esse
1459 405 1624 433 affirmabat:
1638 406 1710 439 ipso-

926 458 978 485 que
1001 451 1090 478 adhuc
1114 450 1238 484 loquente
1257 451 1414 478 adolescens
1431 451 1540 485 quidam
1559 451 1708 478 dmntonent

926 495 1040 529 habens,
1057 496 1103 530 qui
1119 501 1281 530 prarvertens
1301 497 1370 523 alios
1387 496 1414 522 in
1432 496 1494 523 nari
1512 503 1571 523 sese
1587 497 1708 523 occulta-

926 545 977 574 rat,
991 541 1135 575 derepente
1159 541 1302 568 exclamat.
1323 542 1477 576 lncrepatus
1496 541 1600 568 dwmon
1616 542 1642 568 in
1658 549 1708 568 no-

926 586 998 613 mine
1022 586 1127 613 Domini
1153 585 1217 613 Jesu
1240 586 1355 619 Christi,
1381 587 1458 618 exiit,
1494 594 1630 620 sanusque
1658 586 1709 613 fuit

927 631 1016 658 homo.
1036 630 1104 658 Tum
1124 636 1293 665 compertum
1317 632 1444 659 omnibus
1458 631 1518 663 fuit,
1534 639 1567 658 ex
1586 632 1708 659 demone

926 675 1037 703 fetorem
1063 676 1229 710 provenisse.

960 721 1005 748 64.
1024 721 1099 748 Alius
1116 721 1179 748 item
1197 721 1309 748 illustris
1325 721 1406 748 homo
1423 729 1438 748 a
1457 721 1579 749 daemone
1596 727 1708 750 vexatus

926 767 1014 802 ipsum
1033 767 1108 800 adiit,
1127 772 1154 794 et
1185 772 1238 794 tam
1262 767 1382 794 furiosus
1401 773 1459 795 erat
1478 768 1583 795 daemon
1606 769 1660 800 ille,
1678 773 1708 796 ut

927 813 1037 848 ignarus
1056 818 1127 840 esset
1143 820 1172 840 se
1188 813 1221 840 ad
1234 813 1380 840 Antonium
1392 813 1500 844 adduci.
1522 813 1576 840 imo
1588 814 1630 840 sui
1644 821 1707 841 eor-

100 855 240 882 ’Λντώνιον
254 857 313 892 ᾔει·
339 857 406 884 ἀλλὰ
420 859 466 885 καὶ
479 858 525 885 τοῦ
544 857 668 894 σώματος
682 860 763 886 αὑτοῦ
782 862 816 887 τὰ
829 869 876 887 πε-

928 859 1000 893 puris
1018 858 1171 886 comederet
1197 863 1379 886 excrementa.
1400 858 1541 894 Rogabant
1557 859 1647 893 itaque
1660 859 1708 894 qui

96 902 174 937 ρεττὰ
191 902 344 938 κατήσθιεν.
363 904 394 929 Οἱ
412 903 460 938 μὲν
474 903 520 931 οὖν
534 905 682 939 ἀγαγόντες
698 905 789 938 αὐτὸν,
806 915 876 942 παρ-

94 948 207 974 εκάλουν
231 948 277 975 τὸν
300 948 440 976 ’Λντώνιον
463 949 590 983 εὖξασθαι
613 951 681 987 ὑπὲρ
694 950 790 977 αὐτοῦ’
818 952 832 978 6
848 951 876 978 δὲ

101 993 240 1025 Ἀντώνιος
257 994 405 1029 συμπαθὼν
423 995 462 1030 τῷ
477 995 619 1031 νεανίσκῳ,
634 996 745 1032 ηὔχετο·
766 998 813 1024 καὶ
828 998 877 1033 τὴν

91 1037 180 1065 νύκτα
198 1040 287 1065 πᾶσαν
303 1041 526 1076 συνηγρύπνησεν
554 1042 637 1077 αὐτῷ.
660 1043 714 1068 Καὶ
730 1044 743 1069 ὀ
757 1043 806 1078 μὲν
817 1051 878 1070 νεα-

85 1083 204 1116 ⁴ινίσκος,
232 1084 359 1120 ἐξαίφνης
386 1086 506 1113 ἐπελθὼν
519 1087 558 1122 τῷ
580 1087 712 1123 ’Λντωνίῳ
741 1089 803 1124 περὶ
829 1089 878 1124 τὴν

85 1129 141 1160 leo,
157 1128 261 1162 ὥθησεν
275 1131 365 1157 αὐτόν·
374 1131 427 1157 τῶν
435 1131 462 1158 δὲ
476 1132 524 1158 σὺν
535 1132 629 1167 ἐκείνῳ
638 1133 767 1159 ἐλθόντων
779 1134 878 1167 ἀγανα-

93 1175 240 1208 κτούντων,
248 1175 298 1211 ἔφη
309 1175 468 1208 ὸἌντώνιος
477 1185 483 1192 ·
493 1176 537 1212 Μὴ
545 1177 720 1212 χαλεπαίνετε
740 1178 779 1212 τῷ
796 1177 878 1205 νεανί-

95 1228 153 1255 σκῳ
162 1230 168 1236 ·
176 1221 206 1247 οὐ
219 1221 272 1256 γὰρ
286 1221 365 1253 αὑτός
376 1223 457 1253 ἐστιν,
473 1222 530 1249 ἀλλ⁴
540 1223 554 1249 ὁ
567 1223 596 1249 ὲν
607 1222 680 1258 αὐτῷ
691 1223 794 1258 δαίμων
803 1232 810 1239 ⁸
823 1225 879 1250 ἐπι-

89 1266 219 1302 -ιτιμηθεὶς
226 1267 265 1298 δὲ,
275 1267 323 1294 καὶ
338 1267 492 1299 κελευσθεὶς
507 1267 633 1304 ὲλαοῆναι
648 1270 686 1300 είς
695 1269 824 1303 ἀνύδρους
835 1270 878 1296 τό-

94 1319 173 1344 πους,
191 1311 289 1347 ἐμάνη,
304 1312 350 1339 καὶ
363 1313 440 1339 τοῦτο
453 1313 595 1348 πεποίηκε.
623 1314 751 1346 Δοξάζετε
770 1312 816 1341 οὖν
832 1314 878 1341 τὸν

94 1357 196 1393 Κύριον
206 1366 214 1373 ·
236 1358 266 1384 τὸ
277 1357 329 1394 γὰρ
343 1358 428 1390 οὕτως
442 1359 523 1386 αὑτὸν
536 1360 654 1395 ὁρμῆσαι
669 1361 729 1387 κατ’
744 1360 810 1396 ἐμοῦ
828 1369 877 1396 ση-

92 1405 170 1438 μεῖον
184 1404 247 1439 ὑμίν
257 1404 351 1438 γέγονε
362 1405 410 1439 τῆς
421 1404 466 1431 τοῦ
482 1405 604 1440 δαίμονος
616 1405 715 1438 ἐξόδου.
728 1406 819 1433 Ταῦτα
830 1406 877 1433 τοῦ

100 1449 240 1476 Ἀντωνίου
251 1450 382 1481 είττόντος.
397 1450 476 1482 εὐθὺς
487 1452 501 1477 6
513 1451 651 1483 νεανίσκος
661 1451 771 1486 γέγονεν
783 1452 860 1487 ὑγιής
868 1461 875 1467 ·

93 1495 140 1521 καὶ
153 1494 244 1521 λοιπὸν
258 1497 443 1531 σωφρονήσας,
459 1496 538 1530 ἔγνω,
555 1497 621 1524 ὅπου
637 1505 666 1523 τε
680 1495 731 1533 ἦν,
748 1498 795 1524 καὶ
815 1506 878 1525 κατ-

93 1539 231 1575 ησπάζετο
242 1540 287 1567 τὸν
299 1541 413 1576 γέροντα
424 1541 591 1578 εὐχαριστῶν
606 1542 645 1578 τῷ
660 1543 728 1578 Θεῷ.

128 1585 172 1612 65.
185 1584 272 1613 Πόλλά
288 1594 316 1613 τε
333 1587 398 1614 ἄλλα
413 1587 525 1614 τοιαῦτα
537 1589 690 1624 συμφώνως
703 1589 749 1616 καὶ
768 1589 878 1625 ὁμαλῶς

92 1630 220 1666 εἰρήκασι
238 1631 299 1666 περὶ
311 1632 392 1658 αὑτοῦ
408 1631 525 1660 πλεῖστοι
541 1633 594 1660 τῶν
609 1633 731 1669 μοναχῶν
747 1634 784 1661 δι’
794 1634 877 1661 αὑτοῦ

90 1675 266 1711 γεγενῆσθαι.
276 1677 331 1703 Οὐκ
338 1677 377 1704 ἔτι
387 1678 415 1704 δὲ
425 1678 510 1705 ταῦτα
519 1678 662 1714 θαυμαστὰ
672 1679 804 1713 τοσοῦτον,
815 1680 876 1706 ὅσον

92 1722 127 1748 τὰ
142 1722 208 1749 ἄλλα
221 1722 427 1759 θαυμασιώτερα
441 1724 538 1759 μᾶλλον
551 1725 684 1758 φαίνεται.
699 1725 810 1752 Μέλλων
822 1725 876 1760 γὰρ

92 1767 193 1794 ἐσθίειν
204 1769 278 1802 ποτὲ,
290 1770 338 1796 καὶ
350 1769 466 1802 ἀναστὰς
483 1770 610 1802 εὔξασθαι
630 1771 693 1806 περὶ
703 1770 751 1804 τὴν
764 1770 875 1806 ἐννάτην

93 1811 168 1849 ὥραν
178 1833 185 1844 ,
198 1813 294 1849 ᾔσθετο
310 1814 404 1841 ἑαυτὸν
417 1814 573 1850 ἁρπαγέντα
584 1816 616 1850 τῇ
634 1814 751 1849 διανοίᾳ·
768 1815 814 1840 καὶ
824 1834 832 1846 ,
847 1813 876 1840 τὸ

926 904 1013 938 ipsum
1028 904 1206 937 adduxerant,
1229 903 1388 936 Antonium,
1407 909 1437 931 ut
1460 910 1549 932 oraret
1575 913 1623 939 pro
1649 905 1705 932 illo.

924 949 1058 976 Antonius
1083 949 1277 976 adolescentem
1300 950 1462 982 miseratus,
1483 949 1653 983 precabatur,
1667 954 1708 977 to-

926 1000 1036 1030 tamque
1053 1000 1158 1022 noctem
1184 1003 1245 1022 cum
1261 1003 1294 1022 eo
1311 996 1387 1022 duxit
1404 995 1566 1022 insomnem.
1581 995 1706 1023 Juvenis—

926 1047 978 1075 que
1002 1041 1072 1067 circa
1090 1048 1195 1068 aurorte
1215 1045 1320 1075 tempus
1340 1041 1484 1076 derepente
1509 1041 1535 1068 in
1558 1042 1705 1068 Antonium

926 1086 1042 1118 irruens,
1061 1086 1167 1121 impulit
1191 1093 1263 1113 eum.
1288 1085 1364 1119 Quod
1392 1094 1453 1114 cum
1481 1087 1588 1122 indigne
1605 1086 1707 1114 ferrent

926 1131 1039 1159 comites
1048 1131 1125 1166 ejus:
1140 1130 1177 1159 Ne
1195 1132 1389 1165 succenseatis,
1403 1133 1441 1159 ait
1458 1132 1601 1165 Antonius,
1615 1133 1706 1160 adole-

927 1177 1010 1204 scenti
1030 1186 1037 1204 :
1056 1184 1143 1212 neque
1155 1177 1226 1204 enim
1243 1177 1308 1204 illud
1325 1178 1379 1212 agit
1395 1177 1462 1212 ipse,
1479 1177 1526 1205 sed
1540 1178 1587 1213 qui
1603 1178 1629 1205 in
1647 1178 1706 1212 ipso

926 1224 967 1248 est
980 1220 1094 1247 daemon.
1111 1220 1265 1256 lncrcpatus
1280 1226 1369 1249 autem
1387 1222 1503 1254 dremon,
1516 1227 1597 1258 atque
1611 1222 1707 1257 jussus

927 1266 954 1293 in
972 1266 1031 1293 loca
1048 1265 1124 1293 arida
1141 1266 1279 1302 aufugere,
1297 1267 1335 1299 id,
1352 1267 1442 1295 furore
1455 1269 1583 1302 percitus,
1597 1276 1705 1304 aggresa

926 1321 973 1341 sus
992 1318 1041 1341 est.
1057 1310 1172 1341 Domino
1192 1315 1283 1349 itaque
1297 1314 1408 1349 gloriam
1432 1315 1538 1342 referte.
1553 1314 1620 1351 Nam
1633 1315 1706 1350 quod

927 1359 970 1387 ille
986 1359 1026 1386 sic
1039 1358 1166 1393 impetum
1185 1359 1211 1385 in
1236 1367 1278 1386 me
1302 1359 1405 1392 fecerit,
1419 1359 1550 1387 daemonis
1563 1361 1652 1388 exitus
1666 1360 1705 1388 si-

926 1412 1008 1440 gnum
1025 1402 1102 1432 vobis
1122 1404 1182 1431 fuit.
1193 1403 1255 1432 Haec
1272 1404 1397 1440 loquente
1413 1404 1541 1438 Antonio,
1556 1406 1646 1433 statim
1659 1413 1704 1434 sa-

927 1454 1007 1477 natus
1019 1456 1061 1478 est
1074 1446 1194 1484 juvenis,
1210 1455 1291 1485 atque
1305 1450 1338 1477 ad
1352 1458 1445 1478 sanam
1457 1451 1564 1478 rediens
1575 1457 1704 1484 mentem,

928 1497 1035 1532 agnovit
1056 1503 1111 1531 quo
1132 1501 1204 1523 esset
1221 1496 1290 1530 loco,
1310 1504 1457 1532 senemque
1480 1497 1650 1532 amplexatus
1664 1503 1706 1526 est

927 1540 1028 1576 gratias
1042 1548 1124 1575 agens
1138 1539 1203 1567 Deo.

959 1585 1004 1612 65.
1019 1585 1077 1612 Alia
1094 1585 1136 1612 his
1151 1582 1248 1612 similia
1269 1585 1402 1620 permulta
1424 1586 1541 1614 edidisse
1556 1587 1703 1615 Antonium

923 1630 1011 1665 signa,
1029 1630 1137 1665 plurimi
1150 1631 1342 1658 monachorum
1364 1639 1472 1658 summo
1488 1639 1590 1659 censen
1609 1641 1624 1659 u
1641 1629 1703 1659 nat-4

923 1682 1030 1705 rarunt.
1041 1676 1133 1712 Neque
1148 1682 1238 1704 tamen
1254 1681 1326 1703 tanta
1344 1681 1408 1704 sunt
1424 1677 1604 1705 admiratione
1613 1678 1704 1713 digna,

923 1727 1024 1756 quanta
1035 1721 1087 1748 alia
1104 1718 1232 1748 nonnulla
1246 1721 1378 1748 videntur.
1388 1721 1456 1748 Cum
1469 1722 1614 1756 aliquando
1627 1731 1704 1751 com—

924 1772 1034 1795 esturus
1042 1772 1124 1800 esset,
1132 1767 1178 1794 ubi
1193 1771 1321 1794 oraturus
1336 1767 1499 1794 surrexisset
1517 1767 1588 1795 circa
1604 1775 1703 1795 nonam

926 1814 1030 1847 horam,
1046 1821 1105 1841 sese
1125 1817 1214 1840 mente
1225 1810 1311 1848 abripi
1329 1813 1424 1845 sensit,
1439 1813 1565 1848 quodque
1591 1821 1704 1848 prorsus

924 1858 1084 1892 stupendum
1101 1862 1151 1890 est,
1163 1865 1223 1885 cum
1235 1861 1330 1889 staret,
1343 1863 1404 1885 sese
1415 1857 1481 1884 vidit
1492 1861 1619 1892 tanquam
1628 1863 1704 1886 extra

925 1911 954 1931 se
970 1903 1097 1938 positum.
1112 1906 1140 1930 et
1163 1910 1210 1938 per
1226 1910 1314 1930 aerem
1329 1911 1345 1930 a
1359 1902 1521 1938 quibusdam
1545 1903 1702 1930 abductum.

924 1948 1026 1976 Exinde
1043 1948 1176 1976 terribiles
1202 1952 1338 1983 tetrosque
1359 1947 1502 1975 nonnullos
1520 1947 1586 1975 vidit
1601 1948 1627 1975 in
1643 1956 1704 1976 aere

93 1859 254 1894 παράδοξον,
266 1859 349 1891 ἑστὼς
364 1859 475 1886 ἔϐλεπεν
489 1860 584 1886 ἑαυτὸν
597 1859 690 1894 ὥσπερ
701 1858 799 1891 ἔξωθεν
814 1859 876 1885 ἑαυ-

93 1905 141 1932 τοῦ
154 1905 293 1940 γινόμενον
305 1926 312 1938 ,
327 1906 373 1932 καὶ
387 1905 424 1936 ὡς
435 1906 473 1937 εἰς
490 1905 536 1932 τὸν
548 1905 616 1940 ἀέρα
630 1904 808 1940 ὁδηγούμενον
824 1904 876 1931 ὑπό

92 1959 187 1978 τινων⁵
201 1948 259 1977 εἶτα
273 1952 386 1987 πικροὺς
397 1951 444 1978 καὶ
455 1951 556 1982 δεινούς
576 1959 650 1982 τινας
667 1950 786 1982 ἑστῶτας
799 1951 827 1977 ὲν
837 1949 875 1985 τῷ

758 2019 885 2048 VERSIO
905 2018 1052 2048 EVAGRH.

129 2075 172 2115 ϐξ.
189 2074 310 2115 Quodam
333 2081 422 2103 autem
445 2080 565 2115 tempore
587 2084 648 2115 eum
666 2077 766 2115 exisset
786 2076 820 2103 ad
834 2076 968 2104 exteriora
984 2077 1167 2115 monasteria,
1183 2081 1210 2104 et
1225 2080 1337 2115 rogatus
1351 2079 1454 2115 σείει-ο
1477 2074 1608 2115 fratribus
1629 2079 1659 2102 ut
1675 2075 1704 2102 in

94 2112 156 2138 nari
173 2111 291 2146 quadam
307 2119 368 2139 cum
384 2112 524 2138 monachis
543 2112 777 2146 proficiscentibus
795 2116 902 2144 oraret,
916 2112 1051 2145 ascendit,
1069 2116 1097 2139 et
1109 2113 1184 2139 solus
1202 2119 1236 2139 ex
1254 2111 1381 2138 omnibus
1399 2111 1510 2146 odorem
1523 2111 1704 2146 sensitAteter-

93 2144 205 2174 timum.
230 2147 396 2174 Asserebant
409 2147 498 2174 cuncti
518 2144 631 2181 piscium
647 2147 779 2174 salsornm
793 2151 821 2173 et
834 2147 998 2173 tarichorum
1011 2144 1113 2173 in'navi
1127 2146 1278 2181 positorum
1296 2146 1367 2172 hunc
1381 2152 1441 2172 esse
1467 2144 1659 2181 fetoreni_(29).
1669 2145 1706 2171 At

94 2181 140 2219 ille
151 2182 263 2219 alterius
272 2182 308 2208 rei
324 2180 437 2219 fetorem
457 2189 488 2219 se
500 2179 600 2208 sentire
612 2181 763 2219 alﬁrmavit.
777 2181 873 2219 Adhuc
887 2182 1011 2215 loquente
1025 2182 1082 2213 illo,
1094 2179 1251 2219 adolescens
1261 2181 1371 2219 quidam
1385 2187 1527 2219 possessus
1541 2187 1556 2206 ιι
1572 2179 1703 2219 daemone,

93 2216 141 2251 qui
159 2217 312 2251 praecedens
330 2216 407 2250 juxta
434 2216 553 2251 carinam
576 2223 606 2243 se
623 2216 698 2243 navis
712 2217 906 2247 absconderat,
922 2214 1035 2250 repente
1057 2216 1228 2243 exclamavit.
1255 2214 1318 2251 Quo
1335 2215 1426 2251 statim
1443 2222 1490 2248 per
1511 2214 1658 2241 Antonium
1675 2215 1703 2240 in

94 2248 206 2278 nomine
221 2248 427 2278 Domini'nostri
443 2250 506 2278 Jesu
518 2250 623 2278 Christi
635 2255 745 2283 curato,
763 2251 916 2278 intellexere
934 2248 1052 2277 universi
1073 2251 1173 2278 diaboli
1187 2251 1262 2277 illum
1283 2250 1367 2277 fuisse
1380 2248 1505 2276 fetorem.

130 2287 174 2312 tit.
189 2286 266 2312 Alius
277 2293 387 2320 quoque
400 2286 433 2312 ad
447 2293 509 2313 eum
522 2287 574 2319 vir,
585 2286 656 2313 inter
666 2293 732 2313 suos
744 2286 853 2318 nobilis,
866 2286 1049 2313 daemoniosus
1060 2286 1214 2317 adducitur,
1230 2289 1302 2320 tanta
1316 2291 1463 2319 oppressus
1477 2284 1593 2317 insania,
1608 2287 1703 2320 utnon

95 2321 177 2359 sciret
193 2328 222 2359 se
235 2318 294 2347 esse
307 2318 378 2359 apud
392 2320 556 2353 Antonium,
567 2318 676 2359 necnon
688 2326 714 2348 et
729 2321 851 2359 corporis
865 2321 907 2348 sui
922 2320 1056 2359 superﬂua
1071 2321 1233 2359 comederet.
1248 2319 1430 2359 Quamobrem
1439 2323 1565 2359 Irogatu‘s
1577 2326 1659 2346 senex
1670 2318 1707 2359 ab

95 2356 140 2382 his
157 2355 206 2394 qui
219 2363 280 2382 cum
293 2353 463 2394 adduxerunt
472 2375 479 2387 ,
497 2360 527 2382 ut
536 2363 586 2390 pro
596 2353 804 2394 illo-Dominum
817 2360 908 2394 oraret
917 2375 924 2386 .
939 2353 966 2381 in
985 2360 1088 2394 tantum
1098 2355 1206 2394 juvenis
1219 2355 1335 2394 miseriae
1350 2353 1506 2394 condoluit,
1520 2357 1549 2379 ut
1559 2358 1613 2394 tota
1626 2357 1706 2394 nocte

95 2388 259 2429 pervigilans
269 2397 331 2429 cu‘m
345 2398 390 2422 eo,
405 2388 674 2429 adversus’patientis
694 2390 828 2429 insaniam
845 2391 988 2429 laboraret.
1006 2391 1057 2417 Sed
1073 2397 1134 2416 cum
1149 2390 1204 2429 jam
1218 2390 1375 2429 lucesceret,
1392 2388 1578 2429 et‘obsessus‘
1599 2389 1702 2429 impetu

95 2422 384 2463 in_An_‘toniut_n_l_'acto‘,
402 2422 572 2463 vehementer
581 2432 645 2463 eum
663 2425 830 2463 impulisset;
850 2425 1106 2463 irascicmperunt,
1121 2422 1166 2459 qui
1182 2432 1243 2463 eum
1259 2424 1510 2463 adduxerunt,rcur
1523 2422 1579 2463 seni
1598 2423 1707 2463 fecisset

95 2459 234 2497 injuriatn.
247 2459 494 2497 QuibusjAntonius
507 2459 545 2497 ait
557 2459 668 2497 :_Nolite
683 2457 798 2497 alienam
813 2460 920 2497 culpam
934 2457 1143 2497 ju\-'eni_misero
1157 2459 1293 2497 ascribere
1308 2467 1318 2497 :_
1328 2459 1404 2485 furor
1418 2457 1630 2497 isteobsidentis
1644 2461 1684 2483 est
1695 2477 1704 2487 .

95 2492 150 2521 non
169 2495 273 2522 obsessi
286 2503 293 2521 :
305 2495 406 2522 idcirco
420 2500 510 2521 autem
528 2495 555 2521 in
571 2495 642 2522 hanc
655 2495 760 2528 proruit
777 2492 872 2521 dolens
887 2494 972 2521 hostis
989 2493 1148 2526 audaciam,
1164 2495 1228 2528 quia
1243 2493 1374 2528 Dominus
1391 2492 1425 2518 ad
1442 2492 1544 2518 aridam
1568 2494 1705 2528 regionem

96 2529 137 2556 ire
149 2537 210 2556 eum
221 2529 317 2563 jussit,
334 2534 362 2556 et
377 2530 481 2564 expulsi
499 2529 605 2557 Satanae
621 2527 751 2556 indicium
764 2529 814 2556 iste
825 2529 967 2556 adversum
982 2537 1024 2556 me
1036 2530 1152 2563 impetus
1167 2527 1227 2555 fuit.
1247 2527 1325 2555 Nulla
1339 2531 1398 2564 post
1411 2527 1490 2564 verba
1508 2534 1583 2553 mora
1595 2547 1602 2558 ,
1612 2527 1706 2564 adole-

95 2571 176 2625 3cens
191 2562 297 2625 rleeepto
311 2572 392 2626 slenséy
405 2562 452 2597 ,‘et
467 2566 568 2599 gratias
584 2572 667 2600 agens
682 2564 738 2592 Deo
750 2583 757 2596 ,
781 2569 809 2591 et
827 2564 916 2591 locum
946 2563 991 2591 ubi
1019 2562 1090 2591 esset
1116 2563 1224 2598 agnovit
1237 2583 1245 2596 ,
1256 2569 1282 2590 et
1293 2567 1349 2590 toto
1362 2562 1509 2589 Antonium
1529 2562 1706 2597 complexans

115 2605 196 2625 eoscu
210 2603 280 2626 tatus
291 2607 320 2626 es
345 2607 360 2626 a
381 2604 451 2626 ectu.
1186 2611 1192 2621 ι

115 2602 280 2626 eoscultatus
291 2602 332 2626 est
345 2602 451 2626 atfectu.
1186 2611 1192 2621 ι

131 2634 176 2661 65.
194 2634 335 2661 Iunumera
349 2638 375 2661 et
394 2635 446 2661 alia
468 2633 621 2662 istiusmodi
643 2633 720 2668 signa
741 2635 823 2665 sunt,
840 2638 901 2668 quae
917 2631 1115 2668 monachorum
1133 2630 1262 2658 concordi
1280 2637 1350 2664 saepe
1371 2630 1500 2668 relatione
1520 2629 1705 2668 cognovimus.

96 2667 197 2695 Verum
214 2676 266 2696 non
281 2673 385 2696 tantum
401 2669 442 2696 his
454 2669 622 2696 adhibendus
638 2664 682 2695 est
691 2673 785 2701 stupor
798 2676 805 2693 :
817 2664 883 2701 quia
892 2666 984 2693 multo
1000 2667 1070 2700 plus,
1083 2673 1143 2700 quae
1158 2670 1318 2700 sequuntur,
1339 2666 1520 2692 conditionem
1536 2670 1633 2691 nostrae
1651 2664 1706 2701 fta;

95 2704 208 2738 gilitatis
219 2704 360 2731 excedunt.
374 2703 447 2731 Hora
460 2704 566 2732 circiter
578 2711 661 2737 nona,
678 2699 744 2730 cum‘
754 2706 816 2729 ante
829 2699 922 2728 cibum
939 2699 1017 2728 orare
1030 2699 1175 2736 coepisset,
1191 2699 1298 2735 raptum
1312 2707 1341 2727 se
1355 2700 1440 2727 sensit
1455 2700 1481 2727 in
1497 2700 1593 2735 spiritu
1609 2719 1617 2732 ,
1631 2703 1658 2726 et
1674 2699 1708 2725 ab

963 2770 1019 2806 (29)
1039 2769 1084 2798 Sic
1101 2769 1290 2805 manuscripli.
1306 2768 1377 2796 Editi
1388 2775 1463 2802 vero,
1479 2772 1609 2803 putorem,
1626 2769 1654 2794 et
1669 2765 1711 2793 sic

132 2773 187 2808 (28)
220 2773 249 2800 In
282 2773 362 2802 editis
399 2777 476 2809 post,
505 2774 519 2800 6
546 2773 659 2808 δαίμων,
678 2772 775 2807 legitur
801 2771 874 2798 εκεῖ·
963 2771 1000 2803 (2!

132 2818 156 2834 τ.
179 2817 239 2834 uuae
259 2817 308 2834 vox
324 2810 399 2834 deest
418 2809 444 2834 in
460 2809 622 2834 quibusdam
635 2807 833 2834 manuscrintii.
931 2806 1000 2834 infra

96 2818 156 2841 νος.
179 2807 239 2845 quae
259 2817 308 2836 vox
324 2807 407 2837 deest
418 2809 444 2836 in
460 2807 622 2844 quibusdam
635 2807 833 2842 manuscriptis.
