1977 3039
132 143 186 169 937

791 145 870 172 VITA
890 144 917 172 S.
938 145 1084 174 ΑΝΤΟΝΙΙ.

1688 145 1739 172 938

133 206 181 232 τας
199 201 255 236 (5-1)
268 202 336 238 πρὸς
347 201 425 230 αὑτὸν
435 221 442 233 ,
461 202 522 236 περὶ
534 201 584 236 τῆς
597 201 735 238 διαγωγῆς
748 203 797 238 τῆς
815 203 908 238 ψυχῆς

964 210 1023 230 ioco
1036 208 1096 238 post
1112 208 1241 237 mortem;
1257 203 1414 238 insequente
1431 207 1508 230 nocte
1519 202 1660 238 compellat
1674 202 1738 237 quis

133 246 180 272 καὶ
196 247 270 278 ποῖος
283 247 350 282 μετά
360 247 444 274 ταῦτα
454 248 521 282 αὐτῇ
530 247 611 279 τόπος
621 247 706 280 ἔσται,
717 249 749 283 τῇ
761 248 823 283 ἑξῆς
836 248 913 274 νυκτὶ

133 291 211 319 καλεῖ
228 301 270 324 τις
284 292 363 319 αὐτὸν
377 292 494 324 ἀνωθεν,
511 292 612 326 λέγων’
636 293 776 325 Ἀντώνιε,
794 293 912 325 ἀναστὰς

132 336 234 370 ἔξελθε,
253 338 298 365 καὶ
314 337 405 372 βλέπε.
427 337 556 369 Ἐξελθὼν
574 338 674 370 τοίνυν,
691 339 759 374 (ᾔδει
774 339 829 375 γὰρ
843 339 912 365 τισιν

133 383 281 410 ὑπακούειν
294 383 394 418 ὀφείλει
404 384 423 418 ·)
440 383 486 410 καὶ
504 383 639 420 ἐθεώρησέ
655 392 715 410 τινα
729 385 832 421 μακρὸν
845 385 911 412 ἀνα-

132 428 233 463 ϐλέψας
245 429 311 464 (55),
323 429 397 464 ἀειδῆ
412 430 458 456 καὶ
473 429 596 465 φοϐερὸν,
607 430 710 457 ἑστῶτα
722 431 768 457 καὶ
779 431 911 466 φθάνοντα

132 475 215 510 μέχρι
233 475 287 503 τῶν
301 474 421 510 νεφελῶν
432 494 439 507 ,
462 475 510 501 καὶ
524 475 718 508 ἀναϐαίνοντάς
730 485 804 508 τινας
818 476 911 513 ὥσπερ

131 519 351 556 ἐπτερωμένους·
369 521 493 548 κάκεῖνον
509 521 661 548 ἐκτείνοντα
676 521 726 554 τὰς
739 523 831 557 χεῖρας
841 531 847 538 ·
865 522 911 549 καὶ

131 567 194 598 τοὺς
208 566 257 601 μὲν
268 566 454 601 κωλυομένους
465 567 529 603 παρ’
540 567 632 599 αὐτοῦ,
652 568 715 599 τοὺς
723 568 750 594 δὲ
764 568 912 603 ύπεριπτα-

132 612 239 647 μένους,
253 612 298 638 καὶ
307 612 460 645 διελθόντας
470 613 572 646 λοιπὸν,
583 613 741 649 ἀμερίμνως
753 614 910 647 ἀνάγεσθαι.

138 658 199 684 Ἐπὶ
214 657 263 692 μὲν
276 657 331 692 (56)
348 655 393 684 οὖν
407 659 463 690 τοῖς
481 658 610 690 τοιούτοις
624 658 713 695 ἐτριζε
728 660 790 692 τοὺς
802 659 912 692 ὀδόντας

128 705 146 730 ὁ
159 703 261 739 μακρὸς
274 704 375 735 ἐκεῖνος
385 712 392 719 ·
411 704 456 731 ἐπὶ
469 704 496 731 δὲ
512 706 567 736 τοῖς
584 705 793 737 ἀποπίπτουσιν,
808 706 910 742 ἔχαιρε.

130 750 186 776 Καὶ
210 749 288 781 εὐθὺς
302 749 370 785 πρὸς
394 749 532 776 ’Λντώνιον
554 750 660 785 ἐγένετο
676 751 768 786 φωνή·
793 751 856 778 Νόει
882 751 912 778 τὸ

130 795 307 830 βλεπόμενον·
325 796 371 822 καὶ
392 795 587 831 διανοιχθείσης
609 796 691 822 αὑτοῦ
711 797 761 831 τῆς
780 797 910 828 διανοίας,

127 841 227 868 ὲνενόει
245 841 299 868 τῶν
311 841 402 877 ψυχῶν
413 840 482 868 εἶναι
497 842 547 877 τὴν
564 842 689 878 πάροδον,
707 843 754 869 καὶ
765 842 811 869 τὸν
826 843 911 870 ἑστῶ-

128 895 164 913 τα
182 887 283 922 μακρὸν
298 885 366 914 εἶναι
380 888 425 914 τὸν
443 887 538 923 ἐχθρὸν
557 888 613 924 (31)
629 888 674 915 τὸν
693 888 840 923 φθονοῦντα
853 890 909 921 τοῖς

126 935 249 965 πιστοῖς·
271 933 318 960 καὶ
340 935 401 966 τοὺς
420 934 468 968 μὲν
486 934 652 966 ὑπευθύνους
668 934 740 970 αὺτῷ
760 934 909 971 κρατοῦντα

128 979 176 1006 καὶ
191 978 327 1006 κωλύοντα
340 979 452 1006 διελθεῖν
462 999 470 1011 ,
491 980 554 1012 τοὺς
565 980 593 1007 δὲ
612 980 649 1016 μὴ
661 980 821 1013 πεισθέντας
835 980 909 1016 αὐτῷ

127 1024 168 1060 μὴ
180 1024 325 1060 δυνάμενον
336 1026 445 1060 κρατεῖν
456 1025 493 1057 ὼς
503 1026 723 1061 ὑπερϐαίνοντας.
735 1027 819 1054 Τοῦτο
830 1027 909 1054 πάλιν

127 1071 267 1105 ἑωρακὼς,
279 1071 325 1097 καὶ
333 1070 427 1106 ὥσπερ
439 1071 722 1106 ὑπομιμνησκόμενος,
734 1071 831 1107 μᾶλλον
841 1073 909 1106 ἡγω-

122 1115 214 1147 νίζετο
226 1116 389 1151 προκόπτειν
400 1117 456 1148 τοῖς
467 1116 621 1152 ἔμπροσθεν
636 1116 697 1143 καθ’
709 1117 823 1152 ἡμέραν.
839 1117 909 1143 Ταῦ·-

124 1170 161 1189 ςα
171 1161 199 1188 δὲ
211 1163 260 1197 οὐχ
272 1161 342 1190 ἑκὼν
354 1162 522 1198 ἀπήγγελλεν
536 1162 616 1194 αὐτός
626 1171 633 1178 ο
649 1163 678 1189 ὲν
688 1163 716 1189 δὲ
726 1162 765 1198 τῷ
775 1162 908 1199 χρονίζειν

121 1207 156 1234 «ὲν
171 1208 230 1239 ταῖς
243 1207 335 1242 εὐχαῖς
348 1207 394 1234 καὶ
408 1207 467 1234 καθ’
480 1207 574 1234 ἑαυτὸν
595 1207 745 1243 θαυμάζειν
755 1229 762 1240 ,
778 1208 909 1236 πυνθανο-

127 1253 216 1289 μένων
229 1253 283 1280 τῶν
299 1253 431 1280 συνόντων
442 1253 488 1280 καὶ
501 1253 643 1280 θλιϐόντων
655 1253 744 1286 αὑτὸν,
756 1254 907 1288 ἠναγκάζε-

123 1307 158 1325 το
184 1298 290 1333 λέγειν,
305 1299 343 1331 ὡς
368 1298 458 1335 πατὴρ
477 1299 507 1326 οὺ
528 1299 675 1334 δυνάμενος
698 1299 827 1335 κρύπτειν
852 1301 908 1332 τοῖς

120 1344 249 1377 τέκνοις·
269 1344 336 1372 ἀλλά
351 1345 397 1372 καὶ
409 1345 570 1381 ἡγούμενος,
581 1345 621 1372 ὅτι
634 1345 664 1372 τὸ
681 1345 730 1380 μὲν
747 1345 828 1372 αὐτοῦ
843 1345 906 1373 σύν-

120 1391 195 1423 ειδός
215 1392 272 1418 ἐστι
295 1391 428 1427 καθαρὸν,
444 1391 558 1423 ἐκείνοις
573 1391 601 1418 δὲ
625 1391 655 1418 τὸ
670 1391 790 1427 διήγημα
804 1391 906 1426 γίνεται

125 1437 195 1473 πρὸς
207 1437 349 1472 ὠφέλειαν,
365 1437 526 1473 μανθάνουσι
541 1437 591 1473 τῆς
603 1437 745 1473 ἀσκήσεως
759 1436 827 1464 εἶναι
841 1447 907 1473 καρ-

123 1483 177 1510 πὸν
193 1483 312 1518 ἀγαθὸν,
340 1483 394 1511 τῶν
420 1492 450 1510 τε
472 1484 561 1510 πόνων
584 1483 713 1516 πολλάκις
737 1484 907 1519 παραμύθιον

120 1529 246 1564 γίνεσθαι
264 1529 312 1562 τὰς
322 1529 462 1561 ὀπτασίας.

160 1575 205 1602 67.
217 1575 289 1611 Πρὸς
299 1575 328 1602 δὲ
335 1575 391 1611 (58)
401 1575 485 1602 καὶτὸ
498 1572 563 1610 ἦθος
572 1575 730 1607 ἀνεξίκακος
742 1573 786 1611 ἦν,
800 1575 846 1602 καὶ
856 1575 906 1611 τὴν

117 1619 213 1656 ιψυχὴν
225 1620 426 1657 ταπεινόφρων”
443 1621 561 1652 τοιοῦτος
577 1620 631 1656 γὰρ
644 1619 691 1653 ὢν,
705 1621 751 1647 τόν
765 1629 794 1647 τε
807 1620 906 1647 κανόνα

122 1666 174 1700 τῆς
193 1666 352 1701 Ἐκκλησίας
364 1666 513 1702 ὑπερφυῶς
528 1666 609 1701 ἐτίμα
620 1686 628 1699 ,
647 1666 694 1693 καὶ
710 1665 798 1692 πάντα
813 1665 906 1701 κληρι-

118 1711 172 1738 τὼν
182 1712 215 1746 τῇ
227 1713 292 1747 τιμῇ
304 1711 481 1748 προηγεῖσθαι
494 1711 588 1748 ἢθελεν
599 1711 705 1740 ἑαυτοῦ.
717 1711 780 1743 Τοῖς
792 1711 841 1746 μὲν
852 1711 906 1746 γὰρ

120 1756 284 1789 ’ἐπισκόποις
302 1757 351 1784 καὶ
374 1757 568 1793 πρεσϐυτέροις
589 1757 638 1784 οὐκ
652 1757 740 1793 ᾐδεῖτο
755 1757 843 1784 κλῖναι
859 1756 908 1791 τὴν

123 1802 261 1838 κεφαλήν·
278 1802 400 1835 διάκονος
415 1802 443 1829 δὲ
466 1803 494 1829 el
514 1811 582 1830 ποτε
599 1803 670 1838 ,πρὸς
684 1803 764 1830 αὐτὸν
778 1801 909 1836 ὠφελείας

123 1847 204 1883 χάριν
219 1848 325 1884 ἀπήντα
336 1868 343 1881 ,
358 1848 393 1875 τὰ
408 1849 456 1884 μὲν
473 1848 540 1884 πρὸς
554 1848 687 1884 ὠφέλειαν
699 1847 831 1882 διελέγετο
842 1856 849 1863 -
872 1847 906 1874 τὰ

121 1892 152 1919 δὲ
164 1893 213 1928 τῆς
228 1893 311 1928 εὐχῆς
327 1893 401 1929 αὐτῷ
416 1893 586 1929 παρεχώρει,
606 1893 656 1920 οὐκ
669 1892 826 1927 αἰδούμενος
840 1900 905 1927 μαν-

123 1937 214 1966 Θάνειν
230 1939 277 1967 καὶ
289 1939 378 1971 αὑτός.
396 1939 450 1966 Καὶ
462 1939 516 1975 γὰρ
530 1939 658 1971 πολλάκις
670 1938 844 1970 ἐπυνθάνετο,
858 1937 905 1964 καὶ

961 256 1023 275 cum
1035 249 1159 283 desuper,
1175 248 1250 276 aiens
1266 249 1394 280 :Antoni,
1409 248 1647 284 surge,cgredere,
1657 253 1739 285 alque

962 294 1032 321 vide.
1052 294 1183 329 Egressus
1206 295 1287 329 igitur
1302 295 1399 327 (norat
1420 294 1518 328 quippe
1535 293 1634 328 quibus
1659 294 1738 322 obse-

961 341 1096 375 quendum
1113 341 1205 375 esset)
1220 341 1386 375 sublatisque
1397 340 1493 374 oculis,
1510 339 1577 367 vidit
1595 347 1737 375 procerum

961 385 1104 420 quemdam
1117 385 1264 412 deformem
1280 393 1313 412 ac
1327 384 1472 412 terribilem
1482 404 1490 416 ,
1506 388 1633 417 stantem,
1657 389 1738 419 atque

961 429 1046 457 nubes
1060 430 1293 467 attingentemhet
1307 430 1439 466 quosdam
1460 437 1510 458 ceu
1533 430 1619 458 alatos
1642 439 1738 459 ascen-

961 474 1034 507 dere,
1050 474 1180 509 illumque
1201 482 1298 502 manus
1313 475 1466 506 extendere,
1482 479 1563 509 atque
1589 475 1657 503 alios
1677 476 1740 511 qui-

963 522 1023 548 dem
1047 521 1170 556 impediri
1195 521 1229 548 ab
1254 521 1321 555 illo,
1344 521 1411 549 alios
1430 521 1555 556 superius
1581 522 1693 556 volare,
1712 527 1738 550 et

962 568 1006 594 ubi
1022 567 1244 602 pertransierant,
1262 567 1364 602 absque
1377 575 1442 594 cura
1454 572 1481 595 et
1494 567 1612 602 periculo
1629 576 1737 596 sursum

961 613 1035 641 ferri.
1054 612 1175 646 Quorum
1190 620 1272 640 causa
1293 620 1421 648 procerus
1435 614 1479 640 ille
1493 613 1620 641 dentibus
1641 614 1738 642 stride-

962 660 1022 686 bat:
1039 659 1073 686 de
1089 659 1215 694 collapsis
1232 664 1321 686 autem
1345 659 1494 687 laetabatur.
1519 659 1669 695 Statimque
1682 660 1738 687 An—

961 706 1052 733 tonius
1066 713 1160 733 vocem
1182 705 1305 733 audivit:
1321 705 1532 740 6761ntellige
1548 704 1620 740 quod
1634 704 1736 732 vidisti.

962 750 994 778 Et
1009 755 1099 785 aperta
1115 751 1165 786 ipsi
1180 756 1278 783 mente,
1299 751 1433 786 cogitabat
1458 750 1609 777 animarum
1631 749 1657 777 id
1677 757 1738 778 esse

963 797 1116 830 transitum,
1133 801 1160 824 et
1170 801 1286 824 stantem
1302 797 1377 823 illum
1399 803 1554 831 procerum,
1571 803 1632 823 esse
1645 795 1737 823 inimi-

962 850 1035 875 cum,
1052 842 1099 877 qui
1112 842 1284 870 credentibus
1307 842 1454 875 invideret,
1479 841 1584 876 sibique
1605 841 1738 869 obnoxios

961 888 1193 923 apprehenderat,
1219 887 1389 923 transituque
1415 893 1537 915 arceret:
1557 895 1668 923 eosque,
1690 887 1737 922 qui

960 942 1012 961 non
1031 934 1082 962 sibi
1107 942 1209 962 morem
1226 939 1360 969 gererent,
1373 934 1489 962 retinere
1503 942 1556 962 non
1574 938 1675 969 posset,
1693 938 1736 962 ut-

959 984 1021 1014 pote
1035 987 1232 1015 supergressos.
1249 975 1312 1007 Hine
1327 987 1388 1007 eum
1409 979 1531 1013 vidisset,
1556 979 1635 1015 quasi
1660 987 1736 1007 eom-

959 1024 1138 1057 monefactus,
1161 1025 1187 1052 id
1218 1025 1304 1059 magis
1322 1025 1463 1060 magisque
1490 1025 1679 1057 contendebat,
1708 1029 1738 1052 ut

958 1071 1079 1105 quotidie
1100 1070 1133 1098 ad
1152 1078 1184 1098 ea
1208 1078 1268 1105 qua:
1283 1075 1346 1098 ante
1361 1078 1391 1098 se
1413 1075 1503 1098 essent
1519 1070 1735 1106 progrederetur.

959 1116 1021 1145 llaec
1035 1122 1125 1145 autem
1150 1117 1250 1144 invitus
1275 1117 1319 1144 ille
1348 1117 1533 1144 renuntiavit:
1552 1116 1600 1144 sed
1622 1123 1683 1144 cum
1708 1117 1735 1143 in

958 1162 1124 1190 orationibus
1138 1162 1240 1193 ditius
1255 1162 1456 1195 immoraretur,
1470 1167 1496 1189 et
1515 1162 1572 1189 base
1591 1162 1737 1189 miraretur

958 1208 1027 1235 intra
1043 1215 1082 1238 se.
1098 1207 1298 1236 sciscitantibus
1309 1207 1342 1235 iis
1361 1207 1408 1242 qui
1435 1207 1556 1239 aderant,
1576 1211 1657 1242 atque
1678 1214 1737 1234 mo-

957 1253 1063 1281 lestiam
1088 1253 1272 1288 ingerentibus
1287 1273 1294 1285 .
1323 1258 1433 1281 coaetus
1459 1257 1501 1281 est
1517 1252 1545 1280 id
1571 1253 1711 1281 declarare
1727 1273 1735 1285 ,

957 1299 1036 1335 quasi
1058 1299 1137 1327 Pater
1157 1299 1203 1335 qui
1219 1299 1280 1327 ﬁliis
1297 1299 1324 1326 id
1345 1300 1433 1327 celare
1454 1307 1507 1326 non
1527 1303 1618 1334 posset
1634 1308 1642 1328 :
1661 1303 1737 1327 ratus

956 1345 1049 1378 etiam,
1066 1353 1144 1373 suam
1166 1345 1217 1372 sibi
1232 1344 1426 1372 conscientiam
1438 1352 1534 1379 puram
1557 1352 1628 1378 esse,
1645 1352 1738 1372 narra-
1781 1381 1784 1385 _

959 1390 1115 1424 tionemque
1139 1389 1193 1417 illis
1219 1389 1362 1425 perutilem
1390 1388 1467 1421 fore.
1490 1397 1552 1417 cum
1576 1389 1736 1424 discerent,

957 1443 1039 1470 quam
1055 1435 1143 1462 bonus
1158 1439 1231 1463 esset
1244 1435 1368 1463 ascetica:
1382 1435 1444 1463 vita
1460 1434 1575 1468 fruetus,
1596 1435 1736 1464 laborum-

957 1489 1010 1516 que
1025 1488 1097 1516 saepe
1110 1481 1237 1509 solatium
1252 1481 1370 1510 visiones
1384 1488 1452 1510 esse.

994 1569 1038 1596 67.
1057 1568 1098 1596 Ad
1113 1568 1172 1596 hac
1189 1568 1407 1603 patientissimus
1423 1572 1492 1601 erat,
1515 1568 1663 1604 animoque
1685 1569 1736 1598 hu-

959 1615 1016 1642 mili
1030 1624 1037 1642 :
1055 1622 1117 1642 cum
1133 1614 1195 1641 talis
1218 1614 1290 1641 enim
1311 1617 1393 1645 esset,
1409 1613 1537 1642 Ecclesiae
1548 1622 1677 1642 canonem
1689 1623 1737 1643 su-

957 1668 1005 1696 pra
1032 1660 1141 1688 modum
1166 1659 1338 1688 observabat.
1353 1658 1466 1687 Omnem
1486 1660 1614 1688 clericum
1634 1661 1737 1689 honora

958 1708 1009 1735 sibi
1023 1707 1118 1742 praeire
1137 1707 1253 1735 volebat.
1273 1706 1334 1735 Non
1351 1707 1493 1734 verebatur
1509 1707 1582 1735 enim
1603 1708 1738 1743 episcopis

958 1752 1175 1788 presbyterisque
1199 1752 1329 1780 inclinare
1350 1757 1440 1787 caput.
1469 1752 1606 1781 Diaconus
1622 1761 1686 1781 vero
1713 1755 1736 1782 si

957 1799 1081 1826 utilitatis
1096 1798 1183 1834 gratia
1199 1798 1352 1830 accederet,
1366 1806 1428 1833 quae
1441 1799 1518 1826 utilia
1533 1804 1625 1827 essent
1638 1799 1683 1827 ille
1695 1799 1737 1827 lo-

958 1845 1103 1880 quebatur,
1120 1852 1181 1879 quae
1205 1844 1356 1872 orationem
1379 1852 1443 1872 vero
1465 1849 1599 1880 spectant,
1622 1845 1675 1881 ipsi
1691 1853 1738 1874 ee-

957 1891 1047 1917 debat.
1057 1889 1152 1925 Neque
1166 1889 1309 1917 verebatur
1326 1890 1384 1925 ipse
1396 1889 1430 1917 ab
1444 1890 1505 1918 aliis
1518 1890 1657 1918 ediscere:
1674 1898 1736 1918 nam

957 1936 1116 1972 plerumque
1138 1935 1349 1970 sciscitabatur,
1365 1940 1566 1971 praesemesque
1580 1936 1676 1964 audire
1692 1944 1737 1964 ro-

785 2005 910 2034 VERSIO
929 2004 1081 2033 EVAGRII.

117 2076 222 2098 nomen
236 2069 295 2104 ejus
309 2069 490 2101 inelamitans,
503 2069 540 2096 ait
552 2078 558 2095 :
573 2067 876 2104 Antoni,exsurge.77exi
890 2071 917 2094 et
929 2066 999 2104 vide.
1015 2066 1217 2104 Quiegnessus,
1231 2065 1334 2104 sciebat
1345 2065 1402 2100 (39)
1420 2065 1491 2093 enim
1505 2064 1605 2100 quibus
1621 2071 1736 2104 respon-

121 2106 187 2133 dere
200 2099 318 2136 deberet,
336 2109 364 2131 et
382 2099 493 2132 elevatis
506 2104 539 2131 ad
555 2104 654 2131 coelum
666 2099 763 2136 oculis,
775 2099 842 2130 vidit
854 2101 998 2139 quemdam
1014 2099 1126 2139 longum
1138 2107 1219 2139 atque
1233 2099 1491 2139 terribilein,7_caput
1503 2107 1590 2139 usque
1603 2099 1636 2126 ad
1651 2100 1737 2139 nubes

116 2140 298 2167 attollentem.
312 2134 388 2166 ‘Vidit
400 2140 480 2167 etiam
497 2144 628 2175 pennatos
643 2134 775 2175 quosdam
792 2145 820 2175 se
839 2134 944 2175 elevare
957 2134 1100 2175 cupientes
1113 2137 1147 2163 ad
1161 2134 1272 2175 coelum,
1288 2142 1368 2175 atque
1384 2134 1594 2175 illum7extensis
1611 2134 1738 2175 manibus

122 2175 266 2209 prohibere
280 2178 450 2209 transgressu
468 2183 474 2202 :
487 2169 505 2201 6
520 2174 619 2208 quibus
638 2169 707 2201 alios
718 2173 901 2209 apprehensos
912 2169 1078 2209 elidebatad
1093 2176 1193 2209 terram
1204 2192 1212 2204 ,
1229 2170 1296 2198 alios
1308 2169 1409 2209 frustra
1425 2170 1542 2209 retinere
1556 2169 1735 2209 contendens,

120 2204 230 2237 dolebat
244 2216 326 2243 super
341 2204 372 2236 se
385 2209 417 2236 ad
427 2204 554 2237 'eoalesﬁs
568 2204 760 2244 transvolare-7:.
768 2212 795 2235 et
806 2208 953 2244 maximum
965 2207 1091 2244 gaudium
1105 2206 1216 2244 mistum
1236 2213 1353 2244 πέει-ονε
1372 2206 1434 2232 victi
1448 2205 1618 2244 victoresque
1634 2204 1737 2244 tribue-

115 2244 203 2280 bant.
214 2239 366 2280 Stati-mque
381 2244 414 2271 ad
426 2251 490 2271 eum
505 2251 557 2271 vos
579 2243 649 2271 facta
665 2249 723 2277 est,
737 2243 831 2280 dicens
842 2239 1052 2280 :7Attilttadve7rte
1067 2242 1139 2276 quod
1156 2242 1241 2280 vides.
1256 2240 1290 2267 Et
1304 2245 1369 2280 tunc
1384 2240 1468 2280 carpit
1480 2239 1639 2280 illuminato
1655 2239 1736 2280 corde

119 2279 269 2314 intelligere
281 2298 288 2311 ,
305 2274 457 2306 animarum
472 2287 532 2306 esse
547 2274 726 2306 conscensum
739 2299 746 2310 ,
765 2283 791 2304 et
807 2277 943 2314 diabolum
957 2274 1167 2314 prohibentem;
1182 2276 1229 2310 qui
1250 2279 1277 2303 et
1293 2275 1344 2303 sibi
1357 2275 1487 2314 retineret
1499 2274 1691 2314 obnoxios_,77et
1708 2274 1735 2314 in

120 2309 294 2341 sanctorum.
318 2321 386 2348 quos
401 2313 525 2348 decipere
535 2321 587 2340 non
599 2317 704 2348 poterat
714 2334 721 2346 ,
739 2309 908 2340 cruciaretur
923 2309 1025 2348 volatu.
1042 2312 1089 2338 His
1104 2309 1241 2348 visionum
1258 2311 1389 2348 exemplis
1407 2310 1551 2348 incitatus,
1565 2309 1686 2348 quotidie
1702 2309 1736 2336 ad

121 2349 234 2385 meliora
246 2344 500 2385 crescebat.7Neqite
514 2356 577 2375 vero
592 2344 628 2385 id,
642 2344 718 2385 quod
727 2348 777 2375 sibi
789 2348 935 2385 revelatum
947 2347 1140 2385 l'uerat,__causa
1153 2346 1292 2385 jactantiae
1303 2345 1432 2385 fratribus
1441 2344 1659 2385 7indi_(7:abat7:77sed
1674 2352 1735 2371 eum

115 2391 202 2419 orans
217 2384 318 2418 jugiter
334 2383 378 2419 Dei
392 2379 519 2419 laudaret
537 2379 669 2419 auxilium
680 2403 687 2416 ,
705 2382 933 2419 interrogantibus
948 2379 1160 2419 compellebatur
1173 2381 1279 2419 edicere
1294 2387 1367 2419 :_nee
1382 2379 1569 2419 spiritualibus
1583 2379 1649 2419 liliis
1667 2386 1735 2413 pura

115 2419 147 2444 in
167 2415 278 2445 Chrisio
300 2418 389 2445 anima
413 2418 548 2446 occultare
562 2418 710 2453 quidquam
727 2415 850 2449 volebat,
868 2415 1017 2451 praesertim
1033 2424 1094 2444 eum
1113 2415 1269 2450 huiusmodi
1292 2415 1432 2450 signorum
1445 2415 1541 2442 relatio
1563 2418 1591 2441 et
1615 2421 1735 2441 amorem

115 2453 287 2488 ministraret
301 2453 448 2487 proposito,
465 2457 492 2480 et
507 2452 624 2480 fructum
637 2452 741 2480 laboris
756 2453 917 2480 ostenderet.
936 2486 941 2488 _
1064 2483 1070 2488 ι
1186 2483 1193 2488 _
1317 2487 1320 2488 7
1447 2482 1463 2488 ,ι
1479 2482 1484 2488 Ι
1537 2482 1544 2488 _
1582 2481 1588 2487 _

153 2488 198 2515 67.
219 2480 360 2523 Nunquam
381 2488 424 2515 ille
442 2480 491 2514 aut
508 2488 547 2515 ira
563 2488 651 2515 subita
664 2488 815 2515 concitatus
833 2486 989 2522 patientiam
1012 2483 1103 2523 rupit”,
1126 2487 1174 2510 aut
1186 2482 1368 2523 humilitatem
1381 2482 1467 2510 erexit
1479 2482 1506 2509 in
1520 2481 1646 2523 gloriam.
1658 2480 1735 2523 7Nam

117 2517 441 2559 omneseleri'cosusque
456 2523 629 2559 sdultimum
646 2523 763 2559 gradum
774 2517 840 2549 ante
854 2529 883 2549 se
896 2528 973 2548 orare
984 2517 1165 2559 compellens,
1174 2518 1313 2559 episcopis
1334 2523 1538 2559 quoquestch
1556 2517 1733 2559 presbyteris,

117 2557 197 2592 quasi
211 2556 370 2585 humilitatis
385 2551 544 2591 discipulus,
554 2558 588 2585 ad
602 2551 814 2585 betredicendutn
827 2565 855 2584 se
870 2560 951 2591 caput
967 2551 1152 2583 submittebat.
1173 2551 1306 2581 Diacones
1323 2551 1388 2580 vero
1400 2551 1467 2588 (40),
1481 2551 1527 2586 qui
1542 2552 1575 2579 ad
1587 2559 1649 2578 eum
1664 2551 1736 2578 utili-

153 2624 210 2661 (54)
229 2624 274 2661 7Sie
292 2625 478 2661 manuscripti.
497 2625 566 2653 Editi
582 2633 656 2657 vero,
675 2625 858 2657 συνελθόντας.

985 2626 1040 2661 (57)
1057 2625 1102 2653 Sic
1124 2634 1191 2654 mss.
1217 2625 1278 2661 cod.
1297 2623 1365 2661 E7dit7i
1394 2630 1469 2656 vero,
1485 2622 1539 2650 τῶν
1557 2622 1650 2658 ψυχῶν
1666 2619 1736 2650 εἶναι

152 2659 209 2696 (55)
226 2660 272 2687 Sic
287 2668 364 2699 mss._
385 2661 414 2699 In
430 2659 527 2699 editis,
551 2661 702 2699 ἀναβλέψας
712 2661 803 2699 deest.
821 2660 894 2699 infra

960 2659 1113 2699 avenae.
1123 2661 1238 2699 Missis
1249 2659 1385 2699 Ρμμνίιῑτῖεε

112 2693 416 2735 omnesmanuscripti,
442 2693 687 2732 ὑπεριπταμένους,
709 2695 790 2729 Editi,
816 2696 896 2731 ὑπερ-

1118 2697 1192 2723 Colb.
1202 2695 1230 2722 2.
1241 2693 1417 2735 Aliiﬁdicﬁt.
1565 2729 1570 2733 7

117 2730 296 2766 ιπτωμένους.
369 2729 375 2730 ί
429 2764 434 2766 7
496 2729 502 2732 ⁷
582 2729 587 2732 ”
604 2765 610 2766 7
674 2765 680 2766 7
870 2729 875 2731 ⁷

988 2729 1045 2766 (59)
1061 2731 1106 2758 Sic
1127 2731 1315 2765 manuscripti.
1336 2729 1405 2756 Editi
1425 2735 1500 2760 veto,
1527 2729 1570 2762 qui
1595 2735 1735 2762 exsurgens

152 2764 209 2800 (36)
239 2764 283 2792 Sic
301 2773 395 2793 omnes
425 2764 480 2793 iere
513 2774 581 2795 mss.
602 2765 630 2793 ln
650 2765 730 2793 editis
753 2766 801 2801 μέν
814 2766 898 2793 deest.
950 2764 1067 2801 egressus
1078 2772 1126 2799 ut,
1142 2767 1250 2793 εειεὺαι.
1271 2764 1274 2765 ⁷
1426 2799 1430 2803 7
1707 2797 1721 2803 η

152 2800 186 2814 r....
209 2800 289 2814 -2.n.'.-
306 2801 377 2814 ,ιηυι
403 2801 429 2814 ι..
447 2801 523 2814 Μαίη..
562 2802 607 2814 “ut
631 2801 744 2814 I...L.‘a.._
764 2802 789 2814 :..
812 2802 884 2814 ........:
988 2801 1041 2814 um
1059 2801 1232 2814 u-....-....:..t:
1263 2799 1371 2814 num...
1402 2798 1525 2814 nun“...
1545 2798 1643 2814 ἰωῇ...-
1676 2797 1721 2814 Al“

116 2797 187 2860 Luna
201 2797 289 2831 ἐὐθύς
304 2801 380 2828 deest
403 2801 430 2828 in
445 2801 534 2833 editis,
561 2802 608 2829 sed
630 2801 744 2829 habetur
754 2797 790 2828 'in
811 2802 900 2829 omni-
951 2797 1041 2863 ὁμο)
1058 2797 1234 2842 Manuscripti
1262 2799 1372 2836 quidam
1397 2798 1525 2827 Diacones
1545 2798 1654 2826 habent.
1672 2797 1735 2830 Alii,

136 2843 167 2862 us
184 2843 250 2862 mss.
977 2844 1074 2863 tucom.

155 2844 167 2862 S
184 2843 250 2862 HISS.
951 2843 1074 2865 υιασοηι.

241 2880 376 2910 PnaoL.
393 2880 451 2911 Gn.
472 2880 585 2911 XXVI.
1249 2921 1253 2924 _
1579 2879 1619 2911 30

229 2624 274 2661 7Sie
292 2625 478 2661 manuscripti.
497 2625 566 2653 Editi
582 2633 656 2657 vero,
675 2625 858 2657 συνελθόντας.
