1977 3039
259 149 312 178 939

553 148 582 176 S.
603 146 788 176 ATHANASII
806 146 883 175 OPP.
904 145 994 174 PARS
1014 147 1033 174 Ι.
1054 162 1088 167 --
1107 146 1291 175 HISTOBICA
1309 135 1353 173 ET
1374 145 1580 176 DOGMATICA.

1812 151 1867 180 940

260 207 351 242 gabat,
365 210 393 234 et
406 206 430 234 si
453 205 590 241 quidpiam
613 205 676 241 quis
689 204 755 233 utile
768 205 912 240 proterret,
927 205 1032 233 utilitati

1088 205 1160 240 ἠξίου
1175 205 1251 240 παρὰ
1269 205 1323 231 τῶν
1340 210 1472 231 σννοντων
1487 204 1542 240 (Η)
1558 204 1682 232 ἀκούειν’
1699 206 1746 233 καὶ
1762 206 1867 242 ὡμολό-

261 253 314 280 sibl
331 251 416 279 fuisse
443 251 588 278 fatebatur.
616 249 713 286 Magna
740 251 928 286 mirabilisque
950 251 1037 278 vultui

259 297 319 332 ejus
335 297 422 324 inerat
433 296 529 331 gratia.
546 296 669 331 Illudque
686 300 814 330 praeterea
833 296 935 324 donum
950 304 965 324 a
978 296 1037 324 Sal-

260 346 352 369 vatore
365 345 529 369 consecutus
544 344 612 374 erat,
630 345 660 368 ut
674 341 708 373 si,
724 341 788 368 dum
804 340 830 368 in
842 341 1036 368 monachorum

259 391 330 415 ctetu
353 386 468 417 adesset.
492 386 590 422 aliquis
614 394 676 414 eum
694 386 744 414 sibi
757 392 834 414 antea
859 387 979 422 ignotum
998 387 1037 414 vi-

259 433 324 460 dere
343 433 440 465 vellet,
457 432 547 460 statim
575 433 718 466 accedens,
733 437 939 468 praetergressus
957 432 1035 466 alios,

259 478 292 505 ad
305 486 366 505 eum
381 482 545 511 accurreret,
570 478 641 506 illius
658 478 736 513 quasi
760 483 870 513 aspectu
894 482 1036 506 attractus.

259 522 352 558 Neque
366 527 455 550 tamen
468 528 582 555 statura,
595 529 640 551 aut
654 523 795 550 latitudine
810 523 870 550 aliis
881 523 1034 558 praestabat,

259 569 306 598 sed
331 577 438 597 morum
456 570 654 604 compositione
675 574 756 605 atque
780 570 877 597 animze
894 570 1009 604 puritate
1027 579 1033 596 :

257 623 375 650 namque
403 623 464 643 cum
502 616 724 650 imperturbatam
762 620 866 651 gereret
896 619 1034 647 mentem,

256 661 418 696 tranquillos
432 661 495 687 item
508 660 602 688 habuit
614 666 739 688 externos
752 669 849 688 sensus
864 670 872 693 ;
901 660 936 688 ita
954 665 983 688 ut
1002 669 1035 688 ex

256 706 340 733 animi
369 706 461 734 laetitia
481 706 572 734 vultus
603 706 725 734 hilaritas
759 708 929 742 proveniret,
957 712 984 735 et
1002 715 1035 734 ex

256 751 380 786 corporis
413 752 530 779 motibus
553 752 651 779 anima:
673 757 760 780 status
782 753 937 785 sentiretur,
958 753 1035 788 juxta

256 796 443 831 Scripturam:
468 796 553 824 Corde
580 797 686 824 laetante
697 798 774 831 ﬂoret
792 797 877 824 vultur
890 805 898 824 :
912 798 974 824 dum
987 806 1035 824 au-

255 847 307 869 tem
318 843 345 869 in
362 851 471 870 meror:
486 847 536 874 est,
560 843 685 878 deﬁcitur
701 844 732 870 ιο.
748 843 792 871 Sic
817 843 899 872 Jacob
927 845 1036 880 agnovit

255 888 349 916 Laban
365 889 480 917 insidias
496 897 593 924 parare
604 909 611 922 ,
630 890 722 924 aitque
740 889 870 917 uxoribus
888 899 894 916 :
914 889 976 916 Non
994 894 1032 917 est
1050 885 1070 914 Β

257 934 338 969 facies
361 935 446 969 patria
465 935 544 962 uestri
567 935 634 962 sicut
651 935 707 961 lteri
723 939 748 962 et
763 936 858 962 nudius
878 936 970 962 tertius
985 936 1017 963 “.

252 980 333 1016 677
348 979 394 1008 Sic
408 980 536 1008 Davidem
552 980 662 1015 agnovit
674 980 800 1013 Samuel;
817 981 945 1016 pulchros
955 981 1033 1016 quip-

251 1034 285 1061 pe
311 1026 427 1054 habebat
438 1026 550 1059 oculos,
573 1026 666 1054 dentes
680 1031 809 1062 tanquam
827 1027 868 1054 lac
889 1027 1029 1056 candidos.

252 1071 291 1100 Eo
309 1072 369 1108 ipso
381 1073 464 1100 modo
480 1072 689 1108 dignoscebatur
703 1073 837 1100 Antonius
852 1082 859 1099 :
878 1080 933 1108 prae
953 1080 1029 1100 men-

250 1118 286 1146 tis
305 1118 379 1146 enim
405 1118 549 1146 serenitate
573 1125 711 1153 nunquam
741 1119 971 1153 perturbabatur:
997 1126 1029 1146 ac

251 1171 306 1199 prae
319 1164 403 1192 animi
416 1164 519 1197 lzctitia,
536 1172 675 1200 nunquam
696 1165 767 1193 tristi
780 1168 840 1193 ent
850 1166 936 1193 vultu.

1086 259 1128 285 γει
1143 251 1319 285 ὠφελεῖσθαι,
1344 250 1371 277 el
1385 259 1411 276 τι
1424 250 1556 286 χρήσιμόν
1575 260 1618 283 τις
1631 251 1715 286 ἔλεγε.
1742 253 1797 280 Καὶ
1815 254 1868 290 μὴν

1087 296 1133 322 καὶ
1147 295 1177 322 τὸ
1193 295 1336 330 πρόσωπον
1348 295 1428 322 αὐτοῦ
1443 295 1522 331 χάριν
1537 294 1592 330 εἶχε
1608 295 1706 332 πολλὴν
1717 298 1765 324 καὶ
1778 299 1868 334 παρά-

1087 342 1171 374 δοξον.
1189 341 1251 377 Εἶχε
1262 342 1290 368 δὲ
1301 341 1347 369 καὶ
1360 341 1438 368 τοῦτο
1451 342 1481 368 τὸ
1495 342 1614 377 χάρισμα
1629 343 1703 378 παρὰ
1717 343 1764 370 τοῦ
1777 345 1869 380 Σωτῆ-

1088 396 1132 423 ρος
1142 396 1149 403 ·
1167 388 1190 414 εί
1204 387 1258 423 γὰρ
1272 387 1339 423 μετὰ
1357 387 1403 413 τοῦ
1419 386 1535 422 πλήθους
1558 387 1609 413 τῶν
1627 387 1750 423 μοναχῶν
1766 389 1866 424 παρῆ),

1086 434 1132 460 καὶ
1146 433 1240 459 τοῦτον
1257 433 1320 459 ἰδεῖν
1334 441 1375 463 τις
1385 432 1508 458 ἐϐούλετο
1523 432 1558 466 μὴ
1571 432 1700 467 πρότερον
1714 432 1868 466 γινώσκων,

1087 477 1241 513 προσελθὼν
1257 477 1347 510 εὐθὺς,
1364 478 1426 508 τοὺς
1443 476 1491 512 μὲν
1506 476 1601 508 ἄλλους
1613 477 1783 511 ὑπερέδαινε,
1800 477 1869 513 πρὸς

1086 525 1166 550 αὑτὸν
1180 525 1208 551 δὲ
1218 524 1336 560 ἔτρεχεν,
1346 523 1384 554 ὡς
1395 523 1448 549 ὑπὸ
1458 522 1510 548 τῶν
1523 522 1609 556 ὕψεων
1621 522 1702 549 αὑτοῦ
1715 522 1867 558 ἑλκόμενος.

1085 570 1141 605 Οὐχ
1153 569 1214 605 ὒψει
1227 570 1266 602 δὲ,
1281 569 1340 596 οὐδὲ
1352 569 1391 604 τῷ
1402 568 1496 595 πλάτει
1507 568 1613 603 διέφερε
1624 568 1677 595 τῶν
1691 567 1786 601 ἄλλων,
1801 568 1870 595 ἀλλὰ

1085 618 1118 653 τῇ
1131 617 1185 643 τῶν
1201 616 1273 651 ἠθῶν
1289 615 1463 647 καταστάσει,
1475 614 1523 641 καὶ
1539 615 1571 649 τῇ
1588 614 1636 649 τῆς
1648 613 1737 649 ψυχῆς
1752 613 1868 649 καθαρό-

1090 672 1162 698 τητι.
1171 662 1314 698 ’Δθορύὸου
1324 661 1378 696 γὰρ
1386 661 1467 697 οῠσης
1481 661 1530 696 τῆς
1543 661 1639 696 ψυχῆς,
1650 660 1801 696 ἀταράχους
1811 658 1868 696 εἶχε

1090 709 1137 735 καὶ
1148 708 1197 740 τὰς
1207 708 1305 741 ἔξωθεν
1317 707 1455 743 αἰσθήσεις
1464 715 1471 721 ·
1485 705 1587 738 ti);de
1597 706 1645 741 τῆς
1658 706 1743 741 χαρᾶς
1758 706 1812 741 (42)
1819 707 1869 742 τῆς

1085 755 1172 790 ψυχῆς
1185 754 1274 789 ἱλαρὸν
1287 754 1357 789 ἐχειν
1369 754 1416 780 καὶ
1428 753 1458 779 τὸ
1469 753 1623 788 πρόσωπον,
1635 753 1682 778 καὶ
1692 753 1745 778 ἀπὸ
1757 752 1809 778 τῶν
1819 752 1867 778 τοῦ

1089 800 1213 835 σώματος
1227 799 1384 835 κινημάτων
1398 798 1537 825 αἰσθέσθαι
1552 798 1598 825 καὶ
1614 799 1684 824 νοεῖν
1699 797 1747 833 τὴν
1756 797 1804 833 τῆς
1814 797 1867 832 ψυ-

1086 846 1136 881 χῆς
1157 845 1339 878 κατάστασιν,
1368 845 1438 873 κατὰ
1453 844 1482 870 τὸ
1507 843 1711 879 γεγραμμένον·
1738 844 1869 877 Καρδίας

1084 891 1332 926 εὐφραινομένης,
1348 890 1451 918 θάλλει
1465 890 1639 926 πρόσωπον·
1656 890 1691 916 ἐν
1711 889 1745 916 δὲ
1756 891 1868 923 λύπαις

1085 938 1194 971 οὔσης,
1221 936 1433 970 σκυθρωπάζει,
1465 936 1558 968 Οὕτως
1579 936 1674 962 Ἰακὼϐ
1691 936 1795 970 ἐπέγνω
1821 936 1869 963 τὸν

1085 983 1177 1010 Λάϐαν
1209 982 1355 1018 ἐπιδουλὴν
1380 982 1594 1018 ἐνθυμούμενον,
1628 982 1673 1008 καί
1698 990 1764 1017 φησι
1799 983 1867 1017 πρὸς

1085 1030 1133 1060 τὰς
1145 1031 1274 1064 γυναῖκας
1285 1039 1292 1045 ε
1311 1031 1372 1057 Οὐκ
1387 1029 1454 1056 ἔστι
1469 1029 1500 1056 τὸ
1515 1031 1677 1063 πρόσωπον
1689 1029 1741 1055 τοῦ
1755 1027 1867 1062 πατρὸς

1084 1076 1167 1110 ὑμῶν
1184 1076 1224 1109 ὠς
1246 1075 1317 1110 χθὲς
1336 1075 1386 1102 καὶ
1401 1076 1503 1109 τρίτην
1526 1075 1654 1110 ἡμέραν·
1681 1075 1767 1106 οὕτως
1780 1076 1794 1102 ὁ
1813 1076 1866 1103 Σα-

1085 1122 1169 1157 μουὴλ
1182 1122 1287 1156 ἐπέγνω
1302 1122 1348 1148 τὸν
1365 1121 1459 1148 Δαϐίδ·
1480 1122 1640 1157 χαροποιοὺς
1663 1122 1718 1157 (45)
1740 1122 1793 1157 γὰρ
1808 1120 1866 1157 εἶχε

1079 1167 1144 1199 τοὺς
1163 1167 1316 1203 ὀφθαλμοὺς
1325 1188 1333 1201 ,
1348 1168 1394 1194 καὶ
1412 1167 1474 1199 τοὺς
1488 1168 1595 1200 ὀδόντας
1607 1167 1644 1200 ὡς
1657 1168 1726 1202 γάλα
1741 1167 1867 1199 λευκούς.

249 1211 341 1243 οὕτως
357 1212 403 1238 καὶ
415 1213 430 1239 ὁ
448 1211 587 1243 Ἀντώνιος
602 1212 798 1247 ἐπιγινώσκετο
808 1220 815 1228 ο
832 1213 957 1240 οὐδέποτε
973 1213 1026 1248 γὰρ
1049 1213 1209 1249 ἐταράττετο
1221 1234 1228 1247 ,
1246 1214 1416 1250 γαληνιώσης
1435 1214 1517 1241 αὑτοῦ
1533 1214 1584 1250 τῆς
1610 1214 1712 1250 ψυχῆς·
1738 1214 1865 1241 οὐδέποτε

249 1257 411 1292 σκυθρωπὸς
423 1257 542 1292 ἐγίνετο,
571 1257 719 1293 χωρούσης
737 1257 819 1285 αὐτοῦ
834 1258 884 1294 τῆς
902 1258 1030 1290 διανοίας.

284 1303 328 1333 68.
349 1304 465 1339 Eratque
486 1311 598 1339 prorsus
621 1306 776 1333 admirabili
797 1306 849 1334 ﬁde
870 1310 897 1333 et
921 1307 1032 1341 pietate.

250 1349 319 1378 Cum
355 1350 507 1379 Meletianis
543 1352 642 1387 quippe
676 1352 858 1380 schismaticis
892 1360 1031 1388 nunquam

250 1396 481 1423 communicavit:
494 1402 660 1431 compertam
675 1397 778 1425 habens
795 1405 888 1426 eorum
904 1399 938 1426 ab
953 1398 1029 1432 initio

250 1441 380 1469 malitiam
397 1446 478 1478 atque
499 1442 689 1471 defectionem.
712 1442 767 1471 Nec
785 1451 848 1471 cum
874 1443 1029 1472 Manichaais

249 1495 391 1522 unquam,
418 1492 465 1516 aut
489 1488 551 1516 aliis
577 1489 744 1524 quibuslibet
766 1489 916 1523 haereticis,
941 1490 1028 1518 amice

1118 1303 1162 1331 68.
1181 1303 1236 1330 Καὶ
1255 1304 1289 1338 τῇ
1305 1303 1394 1329 πίστει
1404 1301 1444 1339 ,ᾗδὲ
1459 1303 1528 1329 πάνυ
1544 1301 1697 1338 θαυμαστὸς
1711 1300 1745 1337 ἦν
1761 1302 1807 1329 καὶ
1821 1303 1866 1328 εὐ-

1083 1350 1173 1385 σεϐής.
1187 1348 1257 1375 Οὗτε
1270 1348 1324 1384 γὰρ
1339 1349 1510 1380 Μελετιανοίς
1525 1350 1580 1380 τοῖς
1599 1350 1784 1384 αχισματικοῑς
1799 1357 1865 1375 ποτε

1082 1395 1295 1430 κεκοινώνηκεν,
1313 1395 1389 1426 εἰδὼς
1405 1394 1493 1421 αὐτῶν
1509 1393 1557 1429 τὴν
1574 1393 1604 1426 ἐξ
1625 1394 1713 1429 ἀρχῆς
1732 1393 1866 1429 πονηρίαν

1082 1442 1129 1468 κα)⁵
1143 1441 1309 1468 ἀποστασίαν
1319 1449 1326 1457 ·
1341 1440 1402 1467 οὔτε
1415 1440 1585 1476 Μανιχαίοις,
1602 1440 1618 1476 ἦ
1633 1440 1721 1472 ἄλλοις
1733 1440 1804 1467 τισὶν
1819 1441 1864 1466 al-

1083 1489 1196 1524 ρετικοίς
1209 1486 1330 1523 ὡμίλησε
1344 1486 1446 1521 φιλικὰ,
1461 1487 1477 1521 ἢ
1493 1486 1570 1521 μόνον
1585 1485 1648 1522 ἄχρι
1662 1485 1800 1517 νουθεσίας
1815 1486 1866 1521 τῆς

247 1531 397 1560 collocutus
411 1537 453 1560 est
465 1553 473 1567 ,
497 1533 550 1560 nisi
566 1533 729 1561 admonendi
744 1541 846 1568 causa,
872 1539 902 1562 ut
926 1540 1028 1563 mutata

1088 1535 1119 1565 είς
1142 1533 1346 1568 εὐσέϐειανμι)
1369 1532 1534 1569 μεταϐολῆς·
1556 1531 1705 1567 ἡγούμενος
1727 1532 1773 1559 καὶ
1794 1541 1866 1567 παρ-

248 1576 379 1604 sententia
400 1577 471 1612 piam
489 1581 658 1605 sectarentur
678 1577 758 1606 tidem
780 1586 787 1604 :
812 1583 904 1610 ratus,
933 1586 1027 1606 eorum

1088 1579 1220 1614 ιγγέλλων
1243 1579 1293 1614 τὴν
1316 1578 1417 1605 τούτων
1450 1578 1541 1612 φιλίαν
1562 1578 1608 1604 καὶ
1631 1577 1738 1612 ὁμιλίαν
1762 1577 1865 1612 suam;

247 1623 395 1651 amicitiam
413 1628 440 1651 et
456 1623 592 1658 colloquia
603 1644 611 1656 ,
630 1624 714 1652 animi
727 1624 856 1652 damnum
874 1630 955 1660 atque
969 1633 1030 1660 per-

1088 1625 1128 1652 ιιαὶ
1149 1624 1286 1652 ἀπώλειαν
1310 1621 1378 1650 εἶναι
1394 1624 1492 1659 ψυχῆς.
1508 1622 1586 1650 Οὕτω
1601 1622 1666 1657 γοῦν
1687 1623 1734 1650 καὶ
1746 1622 1795 1658 τὴν
1810 1623 1866 1650 τῶν

248 1668 345 1696 niciem
358 1675 436 1701 esse,
460 1668 533 1703 quod
556 1669 621 1696 item
636 1669 705 1697 alios
719 1669 856 1697 monebat.
881 1669 927 1697 Sic
943 1670 1026 1697 etiam

1088 1670 1231 1707 ’Δρειανῶν
1244 1670 1347 1706 αἰρεσιν
1361 1670 1548 1702 ὲὸδελύσσετο,
1561 1668 1734 1705 παρήγγελλι
1753 1677 1781 1696 τε
1796 1670 1865 1696 πᾶσι

247 1714 409 1742 Arianorum
425 1714 550 1743 haeresim
564 1715 768 1749 exsecrabatur,
778 1715 961 1751 omnibusque
976 1724 1026 1743 au-

1088 1717 1150 1752 ιήτε
1163 1716 1282 1751 ἐγγίζειν
1301 1714 1410 1748 αὐτοῖς,
1429 1715 1496 1751 μήτε
1510 1715 1559 1751 τὴν
1578 1715 1756 1742 κακοπιατίαν
1775 1714 1865 1741 αὐτῶν

247 1763 306 1787 etor
319 1763 393 1792 erat,
411 1765 485 1787 utne
498 1759 540 1787 vel
553 1760 587 1787 ad
599 1767 647 1787 eos
660 1760 820 1788 accederent
832 1781 840 1793 ,
856 1761 898 1788 vel
914 1769 1024 1796 pravam

1088 1762 1162 1797 ἔχειν.
1180 1761 1357 1793 ’Δπελθόντας
1369 1760 1435 1795 γοῦν
1454 1759 1520 1788 ποτέ
1537 1769 1613 1792 τινας
1628 1760 1696 1796 πρὸς
1716 1759 1796 1787 αὐτὸν
1808 1760 1865 1786 τῶν

247 1812 342 1833 eorum
365 1809 534 1834 sectarentur
554 1804 646 1834 ﬁdem.
666 1805 804 1834 Adeuntes
828 1814 858 1834 se
881 1807 1027 1842 aliquando

1088 1807 1312 1843 Ἀρειομανιτῶν,
1332 1806 1480 1842 ἀνακρίνας
1498 1807 1546 1834 καὶ
1567 1805 1660 1842 μαθὼν
1681 1806 1863 1838 ἀσεϐοῦντας,

909 1883 1034 1912 VERSIO
1053 1883 1203 1913 EVAGRII.

248 1960 311 1988 tatis
323 1968 406 1997 causa
419 1961 580 1993 veniebant,
597 1969 658 1988 cum
677 1968 726 1997 pro
741 1961 881 1997 radjutorio
893 1968 987 1997 eorum
1007 1962 1047 1989 eis
1061 1961 1241 1997 praesentibus
1256 1961 1425 1997 disputaret,
1449 1961 1482 1988 ad
1497 1959 1790 1997 orandumﬂDominum
1810 1958 1864 1987 sibi

247 1996 436 2031 praeponebat,
456 2004 510 2023 non
525 1995 688 2024 erubescens
703 2002 729 2023 ct
740 1995 797 2030 ipse
810 1996 923 2023 discere.
940 1995 1007 2023 Nam
1027 2001 1054 2024 et
1062 1995 1257 2031 interrogabat
1275 1995 1431 2030 frequenter
1447 2003 1495 2024 eos
1512 2003 1573 2031 curn
1589 1995 1689 2030 quibus
1703 2000 1763 2022 erat
1777 2004 1783 2022 :
1797 1999 1824 2031 et
1839 1996 1862 2023 si

247 2030 348 2066 aliquid
364 2031 401 2058 ab'
413 2032 454 2066 eis
474 2032 657 2058 necessarium
675 2031 812 2063 audierat,
826 2038 855 2058 se
870 2031 1004 2058 fatebatur
1017 2031 1149 2066 adjutnm.
1166 2030 1287 2058 Habebat
1303 2035 1393 2058 autem
1410 2036 1437 2058 et
1452 2032 1478 2059 in
1494 2030 1568 2058 vultu
1592 2037 1717 2066 magnam
1735 2030 1862 2066 gratiam,

246 2070 274 2093 ct
288 2065 446 2093 admirabile
463 2073 478 2093 a
492 2066 630 2093 Salvatore
641 2065 721 2093 etiam
740 2066 792 2093 hoc
809 2073 908 2092 munus
924 2071 1073 2101 acceperat.
1105 2065 1134 2094 Si
1153 2067 1214 2101 quis
1229 2068 1301 2094 enim
1327 2066 1439 2101 ignarus
1461 2066 1521 2100 ejus
1533 2086 1541 2098 ,
1566 2065 1647 2093 inter’
1660 2065 1863 2101 multitudinem

247 2102 444 2136 monachorum
461 2108 523 2128 eum
538 2101 630 2128 videre
649 2101 842 2134 desiderasset,
858 2101 932 2128 nullo
947 2100 1084 2129 indicante
1094 2122 1102 2134 ,
1116 2100 1221 2128 caeteris
1238 2100 1429 2136 praetermissis
1439 2121 1447 2133 ,
1460 2101 1494 2128 ad
1510 2100 1658 2128 Antonium
1678 2100 1805 2127 currebat
1816 2118 1824 2130 .
1836 2105 1865 2127 et

249 2135 347 2162 animae
363 2136 508 2171 puritatem
526 2135 690 2171 agnoscebat
701 2143 734 2163 ex
749 2136 834 2168 vultu,
848 2141 874 2162 et
888 2143 936 2170 per
952 2137 1091 2171 speculum
1106 2135 1247 2170 corporis,
1258 2136 1372 2170 gratiam
1387 2140 1489 2164 sanctae
1499 2136 1768 2171 menitisintuebatur
1778 2142 1862 2171 :_nam

246 2177 352 2204 semper
364 2169 478 2198 hilarem
495 2169 592 2198 faciem
607 2178 702 2205 gerens
716 2190 723 2201 .
747 2170 849 2205 liquido
867 2169 1026 2198 ostendebat
1041 2179 1070 2199 se
1091 2171 1123 2206 dc
1137 2169 1292 2206 coclcstibus
1305 2171 1425 2206 cogitare
1438 2191 1446 2203 ,
1463 2171 1542 2206 sicut;
1553 2170 1694 2206 Scriptura
1706 2170 1764 2206 ait;
1777 2169 1864 2206 Corde

246 2206 352 2232 [mante
366 2205 452 2232 vultus
469 2206 544 2240 ﬂoret
559 2214 569 2233 :
583 2204 651 2232 et’in
665 2204 932 2241 maerore’consn'tuta
950 2207 1081 2233 tristatur.
1097 2205 1134 2233 lla
1151 2211 1178 2233 et
1188 2205 1272 2233 Jacob
1286 2204 1396 2241 agnovit
1407 2205 1498 2233 Laban
1514 2204 1637 2233 socerum
1653 2211 1733 2241 suum
1748 2204 1863 2241 ipsidias

245 2241 297 2267 sibi
315 2238 525 2276 machinantem,
542 2241 634 2276 dicens
646 2241 678 2267 ad
691 2240 760 2267 tilias
775 2241 836 2275 ejus
848 2250 856 2267 :
869 2240 930 2267 Non
945 2247 982 2268 est
999 2242 1078 2276 facies
1091 2241 1176 2276 patris
1186 2241 1264 2268 uestri
1277 2238 1344 2268 siEut
1358 2241 1414 2268 heri
1428 2246 1451 2268 et
1466 2241 1562 2268 nudius
1577 2242 1679 2267 tertius.
1692 2239 1737 2266 Sic
1751 2238 1862 2276 Samuel

245 2274 355 2309 agnovit
377 2274 460 2303 David
479 2284 486 2302 :
505 2275 654 2302 laetiﬁcatos
671 2275 743 2302 enim
766 2276 883 2306 habebat
899 2274 1012 2307 oculos}
1037 2281 1064 2303 et
1083 2274 1179 2304 dentes
1192 2276 1263 2303 sicut
1283 2276 1325 2303 lac
1342 2276 1482 2303 candidos.
1516 2275 1647 2303 Similiter
1664 2274 1863 2309 agnoscebatur

244 2310 380 2346 Antonius
397 2310 484 2346 :rquia
508 2317 615 2346 semper
635 2311 758 2337 eamdem
780 2310 877 2338 faciem
902 2311 970 2338 inter
987 2319 1114 2346 prospera
1127 2316 1153 2338 ct
1167 2311 1280 2338 adversa
1296 2311 1431 2343 retinens,
1448 2318 1498 2339 nec
1521 2311 1650 2339 secundis
1671 2309 1861 2340 extollebatur,

245 2351 295 2380 nec
312 2344 486 2380 frapgebatur
499 2345 629 2372 adversis.

279 2379 325 2407 68.
345 2377 410 2407 Er'at
422 2385 512 2419 autem
527 2380 554 2406 in
567 2379 630 2419 ﬁdei
644 2379 741 2414 pietate
755 2379 887 2407 mirabilis
903 2378 970 2419 (ηιξ).
985 2377 1128 2419 Nunquam
1145 2378 1382 2419 schismatieorpm
1399 2386 1428 2419 se
1440 2378 1753 2419 miscuitucor‘nmunioni
1763 2399 1771 2411 ,
1789 2378 1861 2419 anti-

244 2421 326 2449 quam
341 2422 435 2442 eorum
451 2415 540 2442 sciens
556 2413 716 2449 pravitatem
738 2419 818 2450 atqne
832 2413 1075 2449 transgressionem
1092 2422 1099 2440 ε
1117 2413 1430 2450 ηυιιιιυειῃλΜοιιὶρΙιωίς
1454 2418 1499 2440 aut
1524 2414 1586 2440 aliis
1606 2413 1740 2450 haereticis
1764 2414 1860 2440 saltem

245 2448 398 2477 amicabilia
413 2450 494 2477 verba
509 2448 620 2484 largitus
633 2454 684 2480 est.
711 2450 762 2477 nisi
774 2448 881 2476 tantum
896 2457 928 2476 ea
943 2456 1003 2483 quae
1014 2455 1062 2475 eos
1083 2454 1195 2482 possent
1216 2449 1250 2476 ab
1264 2448 1415 2483 iniquitatis
1426 2456 1518 2476 errore
1531 2456 1658 2476 revocare
1672 2457 1678 2474 :
1694 2448 1861 2475 denuntians

245 2485 338 2511 talium
353 2485 488 2513 amicitias
505 2483 586 2520 atque
600 2491 741 2512 sermones
754 2504 762 2516 ,
786 2484 964 2520 perditionem
978 2490 1038 2520 esse
1051 2485 1157 2510 animae.
1180 2483 1225 2520 Sic
1239 2484 1322 2511 etiam
1339 2484 1455 2520 Arrianus
1469 2483 1663 2520 detestabatur,
1681 2488 1711 2510 ut
1731 2484 1861 2510 omnibus

244 2520 356 2553 diceret,
379 2528 413 2548 ne
435 2520 513 2556 juxta
528 2517 575 2548 eos
592 2520 701 2555 quidem
715 2527 775 2547 esse
786 2517 980 2547 accedendum.
997 2517 1064 2545 Nam
1076 2526 1138 2546 cum
1154 2519 1292 2546 venissent
1305 2519 1415 2554 quidam
1430 2518 1621 2552 Ariomanitae,
1644 2523 1749 2553 reperta
1763 2526 1859 2545 eorum

270 2597 293 2614 "
313 2597 392 2626 Prov.
410 2606 456 2632 xv,
473 2598 517 2626 l5.
564 2598 584 2613 “
604 2596 703 2626 Genes.
723 2604 800 2629 χιιι,
818 2596 845 2624 5.

1081 2663 1147 2691 Gen.
1166 2672 1239 2696 mx,
1254 2664 1297 2691 l2.

1115 2700 1171 2734 (ιιι)
1192 2700 1238 2726 Sic
1251 2699 1360 2734 quidam
1376 2698 1553 2734 manuscripti
1568 2698 1669 2726 rectius
1683 2705 1766 2733 quam
1780 2697 1857 2728 editi,

1080 2735 1125 2769 qui
1143 2734 1241 2762 habent
1256 2735 1322 2769 πρὸς
1339 2735 1486 2761 εὺσέὃειαν.

1114 2768 1170 2804 (45)
1191 2769 1237 2796 Sic
1250 2767 1368 2797 maxima
1384 2777 1445 2804 pars
1470 2777 1538 2796 mss.
1553 2768 1622 2795 Editi
1640 2775 1714 2798 vero.
1731 2767 1795 2794 Erat
1806 2775 1859 2804 au-

1079 2809 1129 2865 ;ept
1145 2802 1168 2831 et
1184 2805 1210 2831 in
1225 2805 1302 2831 uuln:
1315 2802 1460 2836 Mmabdlis,
1477 2810 1500 2831 ct
1516 2804 1542 2830 in
1557 2804 1618 2838 ﬁdei
1639 2804 1753 2837 puritate
1774 2802 1858 2829 mim-

1096 2848 1102 2865 l
1117 2847 1149 2865 ts.

1096 2847 1149 2866 ΙΗδ.

280 2667 337 2703 (Η)
355 2666 400 2695 Sic
416 2667 610 2703 quidalnrmss.
639 2665 699 2703 cod.
726 2665 827 2693 rectius
845 2672 925 2700 quam
941 2664 986 2691 alii
1000 2668 1027 2691 et

244 2701 378 2738 editig‘qui
396 2701 494 2730 habent
505 2702 612 2730 πάντων
629 2701 770 2738 ωνοντων.

281 2734 349 2773 (ιῖγ
370 2737 415 2765 Sic
449 2745 543 2765 omnes
573 2744 639 2764 mss.
677 2736 705 2763 In
739 2735 836 2766 editis,
863 2735 950 2770 χαοᾶς
977 2734 1027 2769 τῆς

244 2771 336 2842 ᾶθῗῗζ)
356 2805 421 2835 Mss.
438 2806 501 2839 Alii,
514 2806 661 2845 χαροπρὺςὶ
674 2806 720 2845 alii
737 2805 897 2845 χαροποιοιξς
915 2804 1024 2845 habent,

246 2849 307 2876 qua
323 2841 374 2869 vox
390 2841 529 2876 nusquam
541 2841 574 2870 de
599 2841 697 2869 Davide
721 2841 855 2875 reperitur
867 2841 954 2872 dicta,
978 2841 1024 2866 sed
