1977 3039
103 151 152 178 Nl

753 150 829 178 VITA
851 150 879 178 S.
898 149 1044 178 ΑΝΤΟΝΠ.

1656 150 1710 176 9η

111 210 211 243 κτίωξεν
228 210 282 237 ἀπὸ
292 210 338 238 τοῦ
353 211 440 247 ὅρους,
453 211 540 245 λέγων
553 210 640 244 δφεων
655 210 694 236 ἰοῦ
707 211 829 246 χείρονας
845 207 883 236 εἶ-

940 198 1064 244 ᾖιιοείιιιιιι
1083 208 1328 240 Ariomanitarum,
1344 207 1481 242 explorata
1498 211 1526 234 et
1545 206 1651 242 cognita
1665 215 1712 234 ro-
1745 218 1748 223 -

109 266 147 284 lat
163 258 226 289 τοὺς
241 257 334 291 λόγους
350 257 447 284 αὐτῶν.

141 355 184 382 69.
205 355 259 381 Καὶ
279 354 456 389 ψευσαμένων
480 355 508 381 δέ
528 362 592 381 ποτε
608 355 661 381 τῶν
678 354 832 390 Ἀρειανῶν,
847 355 884 386 ὡς

109 400 217 432 εκείνοις
230 400 264 426 τὰ
275 400 344 426 αὐτὰ
354 400 521 436 φρονοῦντος,
534 400 681 435 ἠγανάκτει
693 401 738 426 καὶ
754 399 885 435 ἐθυμοῦτο

109 446 166 472 κατ’
182 446 302 472 ἐκείνων.
325 444 392 472 Εἶτα
410 446 596 482 παρακληθεὶς
614 446 690 482 παρά.
708 455 738 472 τε
755 446 808 472 τῶν
824 447 884 472 ὲπι-

109 491 215 518 εκόπων
230 491 276 518 καὶ
290 491 344 518 τῶν
355 491 476 525 ἀδελφῶν
491 491 609 523 πάντων,
625 491 756 527 κατῆλθεν
771 492 825 518 ἀπδ
837 491 883 518 τοῦ

109 545 197 572 )ρους·
223 536 270 563 καὶ
294 535 419 563 είσελθὼν
446 537 485 568 εἰς
509 537 559 571 τὴν
585 536 796 572 Ἀλεξάνδρειαν,
823 537 884 567 τοὺς

112 582 265 618 Ἀρειανοὺς
278 581 448 618 ἀπεκήρυξεν
463 581 517 617 (46)
529 591 534 596 ·
547 582 652 618 αἵρεσιν
669 582 785 617 ἐσχάτην
797 581 884 616 λέγων

108 626 173 654 εἶναι
188 627 305 663 ταύτην,
321 627 367 654 καὶ
388 627 538 663 πρόδρομον
552 627 598 654 τοῦ
619 627 802 663 Ἀντιχρίστου
818 627 883 662 (47).

111 672 248 699 Ἐδίδασκέ
263 680 293 699 τε
309 672 354 699 τὸν
367 672 431 698 λαὸν
450 671 486 708 μὴ
499 670 568 699 εῖναι
585 672 686 708 κτίσμα
702 673 747 698 τὸν
760 672 823 698 Υίὸν
839 672 884 698 τοῦ

107 717 182 750 Θεοῦ,
200 717 265 753 μηδὲ
279 717 307 750 ἐξ
317 718 371 753 ⁵οὐκ
387 717 470 744 όντων
482 718 645 754 γεγενῆσθαι
655 726 662 734 σ
677 718 734 745 ἀλλ’
747 718 786 744 ὃτι
801 718 885 749 ἀῖδιὸς

107 769 162 789 εστι
178 763 226 798 τῆς
244 762 290 789 τοῦ
306 763 411 798 Πατρδς
429 763 521 795 οὐσίας
538 763 622 798 Λόγος
643 764 690 790 καὶ
708 764 800 798 Σοφία.
818 765 856 790 Δι’
871 764 885 790 ὂ

106 808 152 834 οιαὶ
167 807 264 839 ἀσεσές
276 808 334 833 ἐστι
348 807 436 841 λέγειν
445 815 452 823 ·
464 805 517 833 τΗν
530 808 574 834 ὅτε
589 809 639 835 οὐκ
650 806 684 844 ἦν
699 809 770 843 (48Γ
785 806 818 844 ἦν
832 809 885 844 γὰρ

106 853 147 879 ἀεὶ
160 853 174 879 ό
190 853 274 886 Λόγος
290 853 468 888 συνυπάρχων
483 852 523 888 τῷ
536 853 636 888 Πατρί·
654 853 714 880 ὅθεν
731 854 796 889 μηδὲ
822 855 886 889 μίαν

935 262 994 281 rum
1009 255 1160 288 impietate,
1176 261 1209 282 ex
1225 259 1316 280 monte
1329 253 1428 288 repulit
1438 273 1446 284 ,
1461 253 1538 281 aiens
1554 258 1709 287 serpentum

933 306 1037 326 veneno
1050 299 1155 334 pejores
1167 306 1261 326 eorum
1275 306 1335 326 esse
1350 306 1501 326 sermones.

962 344 1014 371 '69.
1034 344 1102 372 Cum
1122 345 1268 379 aliquando
1286 344 1393 371 mentiti
1409 343 1503 370 Ariani
1527 343 1649 371 dicerent
1668 351 1713 370 se-

936 397 997 416 cum
1013 390 1112 417 sentire
1123 389 1282 422 Antonium,
1298 396 1355 416 rem
1369 388 1478 423 indigne
1493 388 1563 419 tulit.
1580 388 1712 423 graviter-

935 443 988 471 que
1009 436 1042 463 iis
1070 435 1255 463 succensebat.
1272 434 1449 462 Hortantibus
1469 434 1565 461 deinde
1580 434 1714 468 episcopis

935 486 963 508 et
980 481 1110 509 fratribus
1126 481 1252 509 omnibus
1264 501 1272 513 ,
1293 481 1432 509 descendit
1453 481 1486 508 de
1507 485 1615 512 monte,
1634 484 1714 514 atque

936 527 1077 562 ingressus
1094 527 1285 554 Alexandriam
1296 546 1304 559 ,
1326 527 1442 554 Arianos
1465 526 1573 561 publico
1589 527 1715 553 sermone

935 573 1125 601 condemnavit
1139 581 1145 598 τ
1161 574 1236 600 aiens
1252 577 1414 607 postremam
1437 573 1557 599 omnium
1578 579 1638 599 esse
1654 579 1714 598 eam

937 620 1060 647 haeresim
1085 624 1112 647 et
1133 619 1292 647 Antichristi
1318 614 1506 654 prodrom'um.
1542 617 1716 652 Docebatque

935 665 1079 700 populum,
1106 664 1202 691 Filium
1219 664 1265 691 Dei
1283 672 1337 692 non
1361 672 1422 692 esse
1444 669 1615 696 creaturam,
1628 670 1716 697 neque

935 719 968 738 ex
981 718 1035 738 non
1046 710 1218 738 exstantibus
1233 710 1335 737 factum
1350 717 1427 742 esse;
1444 709 1491 736 sed
1507 713 1637 736 aeternum
1656 714 1717 735 esse

936 757 1024 784 Patris
1051 756 1212 784 substantiae
1239 755 1358 783 Verbum
1382 759 1410 782 et
1433 754 1609 790 Sapientiam.
1640 752 1717 780 Unde

937 802 1049 837 impium
1081 806 1123 829 est
1150 802 1260 828 dicere:
1285 800 1351 827 Erat
1377 808 1438 827 cum
1464 808 1518 828 non
1545 803 1627 827 esset.
1653 798 1718 825 Erat

935 848 1036 882 quippe
1054 854 1161 882 semper
1174 846 1294 873 Verbum
1313 853 1367 873 una
1387 853 1449 873 cum
1464 845 1544 872 Patre
1555 845 1692 872 exsistens
1708 853 1716 871 :

106 905 179 934 ιχετε
194 898 333 925 κοινωνίαν
348 898 417 934 πρὸς
426 900 494 931 ’τοὺς
508 899 702 931 ἀσεϐεστάτους
713 900 882 935 ’Ᾱρειανούς’

940 900 1020 928 quare
1050 893 1152 920 nullam
1186 900 1247 919 cum
1281 892 1450 927 impiissimis
1483 892 1593 919 Arianis
1623 891 1719 918 habete

105 943 232 978 οὐδεμία
246 944 300 978 τὰρ
315 944 453 971 κοινωνία
471 944 543 979 φωτὶ
562 944 637 978 πρὸς
651 945 769 978 σκότος.
791 945 885 980 Ὑμεῖς

105 990 156 1025 μὲν
178 989 231 1025 γὰρ
250 989 423 1021 εὐσεϐοῦντες
440 990 595 1024 Χριστιανοί
620 991 695 1016 ὲστε·
719 991 817 1017 ἐκεῖνοι
839 991 883 1023 δὲ,

105 1034 206 1070 κτίσμα
227 1034 349 1068 λέγοντες
370 1035 415 1062 τὸν
437 1035 469 1062 ὲκ
485 1034 531 1062 τοῦ
554 1035 661 1070 Πατρὸς
676 1035 739 1062 Υἱὸν
753 1036 800 1062 τοῦ
817 1036 883 1063 Θεοῦ

105 1081 151 1107 καὶ
170 1081 268 1114 Λόγον,
285 1080 360 1107 οὐδὲν
377 1080 549 1116 διαφέρουσιν
566 1081 696 1114 ἐθνικῶν,
711 1081 885 1117 λατρεύοντες

107 1126 138 1161 τῇ
152 1125 239 1152 κτίσει
256 1125 331 1160 παρὰ
349 1125 395 1152 τὸν
413 1126 543 1152 κτίσαντα
557 1125 634 1153 Θεόν.
651 1126 818 1153 Πιστεύσατε
840 1127 884 1158 δὲ,

103 1171 144 1198 δτι
160 1172 207 1197 καὶ
222 1171 291 1206 αὑτὴ
306 1172 323 1207 ὴ
338 1171 426 1203 κτίσις
442 1172 516 1198 πᾶσα
537 1171 686 1206 ἀγανακτεῖ
703 1173 762 1199 κατ’
780 1172 867 1199 αὐτῶν
878 1181 884 1187 ·

103 1216 146 1243 ὅτι
160 1216 205 1243 τὸν
222 1217 333 1251 κτίστην
357 1217 405 1244 καὶ
424 1217 525 1253 Κύριον
549 1217 596 1244 τοῦ
619 1218 719 1249 παντὸς
731 1238 738 1250 ,
758 1218 787 1244 ὲν
810 1214 833 1252 ᾧ
853 1218 887 1244 τὰ

104 1262 194 1289 πάντα
206 1262 305 1296 γέγονε
317 1284 324 1295 ,
346 1263 439 1290 τοῦτον
455 1265 510 1295 τοῖς
530 1266 651 1299 γενητοῖς
667 1263 884 1300 συναριθμοῦσιν.

143 1349 186 1378 70.
215 1350 246 1376 Ol
271 1349 321 1385 μὲν
345 1347 391 1377 οὖν
414 1350 473 1377 λαοὶ
495 1351 594 1384 πάντες
615 1352 723 1388 ἔχαιρον
746 1353 888 1386 ἀκούοντες

105 1397 182 1432 παρὰ
206 1396 253 1423 τοῦ
281 1397 402 1424 τοιούτου
430 1398 525 1434 ἀνδρὸς
545 1399 810 1435 ἀναθεματιζομένην
840 1400 889 1436 τὴν

104 1443 289 1479 χριστομάχον
305 1443 424 1479 αἵρεσιν·
445 1445 468 1470 οἱ
484 1445 512 1471 δὲ
526 1445 576 1480 τῆς
592 1445 694 1477 πόλεως
714 1446 813 1478 πάντες
829 1455 890 1473 συνο

106 1491 217 1526 έτρεχον
237 1491 300 1517 ἰδεῖν
328 1490 373 1517 τὸν
391 1491 540 1518 Ἀντώνιον.
559 1492 687 1528 Ἔλληνές
703 1501 733 1519 τε
751 1494 798 1520 καὶ
814 1494 889 1520 αὐτοὶ

103 1535 131 1562 οἱ
148 1535 287 1570 λεγόμενοι
303 1536 392 1562 αὐτῶν
409 1537 503 1572 ἱερεῖς,
524 1538 569 1569 εἰς
578 1537 609 1564 τὸ
621 1539 758 1573 Κυριακὺν
778 1540 890 1575 ἦρχοντο

105 1579 249 1614 λέγοντες·
271 1580 413 1615 ’Λξιοῦμεν
435 1581 498 1608 ἰδεῖν
518 1582 565 1608 τὸν
583 1581 630 1608 τοῦ
649 1582 717 1608 Θεοῦ
733 1582 889 1618 ἄνθρωπον·

104 1626 208 1657 πάντες
231 1625 285 1662 γὰρ
304 1626 384 1652 αὑτὸν
407 1626 492 1658 οὕτως
515 1627 637 1654 ἐκάλουν.
659 1628 714 1654 Καὶ
738 1628 792 1664 γὰρ
811 1629 892 1655 κάκεῖ

103 1672 222 1704 πολλοὺς
241 1673 273 1699 δι’
290 1673 371 1700 αὐτοῦ
389 1673 549 1709 ἐκαθάρισεν
573 1674 587 1699 ὁ
608 1672 709 1709 Κύριος
725 1674 780 1700 ἀπὸ
795 1674 889 1709 δαιμό-

102 1726 160 1743 νων
171 1738 179 1750 ,
194 1717 241 1744 καὶ
256 1717 403 1752 βλαῦἐντας
419 1718 468 1754 τὴν
491 1718 607 1745 διάνοιαν
627 1719 730 1746 ἰάσατο.
747 1719 841 1746 Πολλοὶ
861 1719 889 1746 δὲ

103 1762 155 1789 καὶ
167 1762 296 1797 Ἕλληνες
311 1763 402 1797 ἠξίουν
416 1764 468 1790 κᾶν
489 1764 568 1800 μόνον
585 1764 718 1792 ἅπτεσθαι
738 1765 785 1791 τοῦ
796 1766 890 1801 γέρον-

101 1817 162 1841 τος,
178 1809 348 1841 πιστεύοντες
362 1809 533 1844 ὡφελεῖσθαι.
553 1811 659 1846 Ἀμέλει
673 1812 794 1838 τοσοῦτοι
811 1812 890 1846 γεγό-

937 939 1155 966 communionem
1171 947 1177 965 :
1193 937 1278 964 Nulla
1298 938 1368 965 enim
1391 938 1592 965 communicatio
1615 936 1668 963 luci
1684 936 1719 963 ad

938 984 1056 1012 tenebras
1066 985 1097 1011 η.
1122 983 1176 1012 Vos
1205 984 1305 1019 quippe
1333 984 1377 1019 pie
1401 984 1548 1012 sentientes
1570 983 1718 1010 Christiani

937 1031 1003 1058 estis
1018 1038 1025 1056 :
1043 1031 1081 1057 illi
1097 1035 1187 1057 autem
1204 1038 1265 1057 cum
1282 1031 1374 1058 dicant
1394 1037 1456 1057 eum
1471 1030 1517 1064 qui
1537 1037 1570 1056 ex
1585 1029 1665 1056 Patre
1679 1034 1721 1055 est

938 1076 1037 1103 Filium
1054 1076 1101 1103 Dei
1118 1082 1144 1104 et
1158 1075 1287 1109 Verbum,
1301 1083 1362 1104 esse
1378 1079 1543 1108 creaturam,
1561 1075 1630 1102 nihil
1644 1074 1721 1102 ditio—

939 1125 1003 1149 runt
1029 1122 1064 1149 ab
1093 1122 1219 1154 ethnicis,
1238 1122 1284 1157 qui
1312 1126 1444 1149 creatura‘.
1479 1122 1601 1150 serviunt
1631 1122 1722 1156 potius

939 1176 1021 1203 quam
1049 1169 1170 1196 Creatori
1200 1169 1294 1196 Deo”.
1318 1168 1426 1196 Credite
1449 1172 1540 1196 autem
1566 1172 1720 1195 creaturam

938 1215 1022 1250 678
1035 1222 1144 1242 omnem
1162 1216 1292 1243 adversus
1306 1222 1354 1242 eos
1371 1214 1506 1250 indignari
1520 1223 1527 1242 :
1544 1214 1618 1250 quod
1639 1213 1722 1241 Crea-

941 1266 1026 1288 torem
1044 1261 1244 1296 Dominumque
1259 1261 1396 1294 universi,
1418 1261 1446 1288 in
1472 1269 1527 1296 quo
1540 1261 1633 1288 omnia
1650 1260 1722 1288 facta

940 1311 1022 1340 sunt,
1041 1308 1124 1341 hunc,
1142 1309 1264 1343 inquam,
1279 1307 1358 1336 factis
1373 1307 1453 1334 rebus
1469 1311 1658 1334 annumerent.

977 1352 1020 1380 70.
1048 1352 1200 1380 Lmtabatur
1223 1360 1306 1387 porro
1328 1352 1445 1388 populus
1460 1352 1561 1384 omnis,
1577 1351 1692 1379 audiens
1707 1359 1722 1378 a

941 1405 1017 1428 tanto
1033 1400 1092 1427 viro
1105 1401 1278 1428 anathemate
1291 1401 1447 1427 damnatam
1461 1398 1571 1427 Christo
1586 1399 1722 1426 inimicam

942 1446 1076 1478 haeresim,
1096 1446 1223 1480 civesque
1234 1453 1328 1473 omnes
1343 1445 1451 1473 videndi
1467 1445 1577 1472 Antonii
1590 1444 1724 1472 desiderio

943 1492 1130 1520 accurrebant.
1148 1491 1267 1519 Gentiles
1281 1492 1349 1526 ipsi,
1367 1492 1423 1518 imo
1439 1498 1534 1519 eorum
1551 1491 1723 1520 sacerdotes.

945 1542 973 1565 ιιι
997 1542 1111 1570 vocant,
1134 1538 1167 1564 ad
1196 1537 1365 1565 Dominicum
1393 1537 1568 1568 accedentes.
1591 1536 1722 1564 aiebant:

944 1584 1081 1620 Rogamus
1107 1590 1137 1611 ut
1158 1584 1297 1611 hominem
1324 1583 1371 1611 Dei
1404 1583 1495 1611 videre
1521 1583 1601 1611 nobis
1623 1583 1725 1610 liceat:

943 1638 1038 1658 omnes
1053 1630 1154 1665 quippe
1170 1630 1208 1657 ita
1222 1637 1284 1657 eum
1298 1630 1479 1665 appellabant.
1491 1628 1529 1656 Ea
1542 1629 1606 1656 item
1618 1629 1646 1656 in
1659 1629 1726 1656 urbe

943 1676 1042 1703 multos
1058 1675 1118 1711 ejus
1133 1683 1217 1710 opera
1235 1675 1377 1703 mundavit
1399 1675 1532 1703 Dominus
1553 1682 1568 1702 a
1593 1674 1725 1702 daemoni-

942 1722 1015 1749 bus:
1030 1722 1099 1749 alios
1116 1726 1205 1750 mente
1226 1725 1320 1756 captos
1344 1721 1478 1748 liberavit.
1505 1721 1582 1748 Multi
1610 1721 1675 1748 item
1693 1729 1726 1748 cx

946 1767 1093 1802 gentilibus
1108 1768 1240 1802 rogabant
1255 1771 1285 1795 ut
1297 1768 1393 1795 saltem
1419 1771 1530 1802 possent
1551 1774 1642 1795 senem
1661 1775 1728 1794 con-

946 1813 1060 1848 tingere,
1078 1813 1104 1840 id
1119 1813 1170 1841 sibi
1187 1812 1360 1848 prolutunum
1374 1813 1525 1840 credentes.
1538 1812 1577 1839 Ex
1590 1812 1643 1840 illis
1656 1818 1728 1840 certe

771 1868 899 1897 VERSIO
919 1869 1071 1898 EVAGRll.

102 1917 172 1950 post
185 1913 411 1941 examinationem
426 1914 612 1942 inﬁdelissima
633 1919 717 1948 secta,
734 1915 860 1951 eﬂ'ugavit
882 1924 930 1944 eos
944 1916 978 1944 de
993 1922 1095 1949 monte,
1107 1917 1211 1948 dicens.
1230 1917 1316 1944 multo
1331 1915 1503 1951 serpentibus
1515 1914 1663 1942 deteriores
1677 1915 1727 1941 ho-

102 1957 169 1977 rum
183 1956 244 1976 esse
259 1956 408 1977 sermones.

144 1983 189 2011 69.
209 1983 398 2012 Mentientibus
412 1988 501 2011 autem
519 1982 626 2010 Arianis
640 1982 787 2017 aliquando
811 1984 959 2011 Antonium
978 1985 1012 2011 ita
1044 1989 1074 2012 ut
1103 1993 1132 2013 se
1157 1987 1277 2017 credere,
1294 1985 1444 2012 admiratus
1455 1992 1551 2011 eorum
1567 1984 1728 2017 audaciam,

100 2024 135 2047 et
144 2019 211 2054 justi
224 2018 326 2054 doloris
342 2019 382 2046 ira
393 2022 555 2054 commotus,
571 2022 734 2053 rogatusque
746 2018 781 2045 ab
793 2019 928 2053 episcopis
946 2024 1027 2054 atque
1043 2020 1180 2048 universis
1196 2020 1338 2050 fratribus.
1353 2020 1546 2047 Alexandriam
1562 2019 1702 2046 checndit
1718 2028 1725 2046 :

103 2055 202 2090 ibique
225 2053 410 2090 Ariamanitas
431 2053 540 2090 publico
557 2060 683 2090 sermone
704 2054 912 2090 condemnavit,
935 2055 1059 2090 ultimam
1077 2055 1147 2082 hanc
1163 2063 1224 2083 esse
1241 2057 1364 2083 lia-resin)
1383 2060 1411 2083 et
1427 2062 1624 2090 praecursorem
1639 2054 1728 2090 rAnti-

99 2087 204 2118 christi
217 2087 364 2122 atiirmans,
382 2087 589 2124 praedicavitque
613 2089 638 2124 iu
658 2088 756 2122 populo
771 2088 867 2115 Filium
882 2089 939 2121 Dei,
955 2097 1009 2116 non
1024 2089 1169 2122 facturam,
1188 2099 1241 2118 non
1256 2099 1288 2118 ex
1307 2090 1388 2118 nullis
1401 2087 1583 2121 eistantibus,
1600 2089 1646 2124 sed
1663 2097 1728 2123 pro-

102 2125 220 2160 prium.
237 2123 320 2160 unius
331 2123 392 2152 cum
406 2124 485 2150 Patre
502 2123 659 2160 substantia-
676 2132 682 2149 :
702 2131 735 2150 ne
750 2128 873 2160 creatura
890 2125 998 2158 potius.
1028 2130 1074 2160 aut
1095 2125 1202 2159 adoptio
1217 2131 1263 2152 aut
1279 2125 1424 2160 appellatio
1439 2126 1587 2152 videretur.
1612 2123 1728 2160 lmpipnl

101 2157 168 2195 esse
178 2159 271 2186 dicens
283 2159 324 2186 vel
338 2163 427 2186 mente
440 2158 582 2192 concipere
595 2167 602 2184 :
617 2157 683 2185 Erat
696 2158 804 2195 quando
820 2167 873 2195 non
890 2157 950 2186 crat
965 2169 972 2186 :
990 2167 1051 2186 cum
1064 2157 1181 2188 Verbum
1195 2160 1242 2187 Dei
1258 2157 1330 2188 Dens
1344 2161 1410 2195 (19),
1427 2159 1474 2194 qui
1489 2165 1530 2186 est
1545 2157 1661 2195 semper,
1675 2158 1728 2185 Pa-

102 2194 143 2222 tri
161 2194 196 2221 sit
207 2198 374 2225 coaeternus,
388 2195 452 2228 quia
466 2201 500 2220 ex
515 2191 549 2229 eo
561 2197 644 2229 natus
653 2197 694 2220 est
707 2191 796 2229 Patre,
811 2194 856 2228 qui
868 2201 978 2229 semper
998 2200 1048 2222 est.
1072 2195 1148 2222 Unde
1170 2196 1281 2223 aiebat:
1298 2191 1365 2222 Cum
1383 2191 1492 2222 Arianis
1508 2195 1584 2222 vobis
1601 2191 1674 2221 nulla
1693 2195 1729 2220 sit

102 2229 264 2262 coniunctio
280 2238 286 2255 :
303 2229 368 2262 Qum
383 2227 452 2256 enim
466 2228 576 2254 societas
593 2227 646 2254 luci
660 2228 694 2254 ad
712 2227 850 2255 tenebras?
867 2228 920 2257 Vos
930 2227 1048 2257 ﬁdeliter
1064 2231 1216 2263 credentes,
1232 2230 1380 2258 Christiani
1394 2230 1462 2257 estis
1478 2238 1485 2255 :
1503 2230 1540 2256 illi
1558 2229 1686 2261 Verbum,
1701 2229 1727 2256 id

100 2269 150 2292 est
164 2263 274 2296 Filium,
290 2264 337 2297 qui
352 2272 383 2291 ex
398 2263 453 2291 Deo
462 2263 545 2299 Patre
560 2267 613 2299 est,
625 2267 777 2299 creaturam
791 2263 921 2296 dicentes,
942 2265 1017 2291 nullo
1031 2265 1172 2293 intervallo
1186 2274 1202 2292 a
1217 2266 1342 2299 gentibus
1357 2270 1530 2299 separantur,
1544 2265 1590 2299 qui
1605 2265 1729 2291 serviunt

100 2274 150 2292 85'.
164 2274 274 2296 I‘lllulll,
290 2274 337 2297 qlll
352 2274 383 2291 ex
398 2274 453 2291 υευ
465 2274 545 2290 ratrc
560 2274 613 2295 «ιδι,
625 2274 777 2290 creaturam
791 2274 921 2296 υιιῑειιιεδ,
942 2274 1017 2291 1111110
1031 2274 1172 2293 ιηιεγνιιιιο
1186 2274 1202 2292 a
1234 2274 1342 2292 CnllDUS
1357 2274 1530 2299 separantur,
1544 2274 1590 2299 qlll
1605 2274 1728 2291 εεινιωιι

99 2303 239 2335 creaturas
254 2300 344 2332 potius
358 2307 439 2335 quam
455 2298 588 2335 Creatori,
608 2298 655 2332 qui
672 2303 713 2325 est
730 2298 886 2335 benedictus
910 2299 937 2335 in
955 2300 1064 2335 sizecula.
1080 2301 1141 2335 Ipsa
1152 2321 1160 2333 ,
1177 2274 1244 2327 miﬁi
1258 2300 1375 2331 credite.
1401 2300 1563 2335 irascuntur
1576 2300 1728 2335 elementa,

103 2339 135 2361 et
147 2334 237 2360 omnis
251 2338 344 2360 contra
358 2332 488 2370 Arianum
504 2332 622 2370 furorem
633 2353 640 2364 ,
656 2333 804 2370 secundum
818 2333 940 2367 Apostoli
957 2334 1059 2362 dictum
1071 2355 1078 2367 ,
1094 2332 1251 2370 ingemiscit
1266 2340 1402 2367 creatura,
1421 2335 1493 2369 quod
1514 2334 1566 2362 sibi
1583 2333 1727 2361 Dominum

101 2376 200 2405 suum,
210 2375 261 2405 per
276 2376 356 2405 quem
369 2369 461 2405 omnia
478 2371 506 2405 et
520 2367 617 2405 in_quu
631 2368 723 2405 omnia
738 2367 807 2395 facta
821 2373 894 2401 sunt,
905 2369 995 2396 videat
1010 2367 1162 2405 aggregaii.

145 2404 187 2440 70.
209 2401 270 2440 {late
282 2401 348 2440 tanti
360 2401 722 2440 virihprzedicatiotexprimi
741 2411 793 2440 non
810 2408 908 2440 potest,
925 2401 1058 2439 quantum
1071 2401 1107 2432 ad
1120 2405 1200 2440 tidem
1222 2405 1336 2440 populos
1351 2404 1532 2440 roboraverit.
1554 2403 1729 2431 laetabantur

101 2439 209 2474 quippe
220 2438 344 2474 hostilem
361 2444 388 2466 et
398 2437 1042 2474 Christo_inimican'|_haarresimrranatliematizari
1060 2441 1094 2467 ab
1110 2437 1238 2467 Ecclesiae
1248 2437 1388 2468 columna.
1402 2438 1480 2466 Nulla
1496 2444 1561 2466 tunc
1575 2444 1650 2474 tetas,
1666 2440 1728 2465 nul-

102 2471 248 2500 tiis‘sexus
262 2473 335 2510 domi
350 2473 489 2510 remansit.
503 2471 592 2510 Tagen
612 2472 645 2499 de
658 2472 833 2510 Christianis.
859 2473 958 2509 Pagani
975 2483 1094 2510 quoque,
1109 2479 1136 2503 et
1152 2476 1204 2510 ipsi
1222 2475 1356 2503 idolorum
1371 2475 1536 2503 sacerdotes.
1551 2474 1584 2500 ad
1605 2473 1728 2500 Domini-

100 2515 171 2545 cum
189 2508 368 2545 convolabant
388 2508 528 2536 dicentes:
543 2507 692 2545 Precamur
705 2512 735 2545 ut
749 2508 891 2545 videamus
901 2507 1047 2537 ‘bomi'neni
1066 2507 1113 2537 Dei
1131 2519 1136 2536 :
1154 2507 1220 2545 quia
1233 2510 1286 2537 hoc
1303 2510 1374 2545 apud
1391 2511 1535 2538 universos
1551 2513 1610 2536 erat
1627 2516 1727 2545 nomen

99 2543 236 2570 Antonio.
254 2542 535 2578 Ambiehantquoque
557 2543 652 2570 saltem
677 2542 812 2570 ﬁmbriam
826 2544 979 2571 vestimenti
996 2545 1055 2580 ejus
1070 2542 1212 2581 attingere,
1228 2542 1346 2573 multum
1369 2546 1422 2573 sibi
1439 2549 1467 2572 et
1480 2548 1581 2572 tactum
1598 2543 1729 2578 prodesse

144 2602 165 2617 "
183 2601 205 2628 11
219 2600 282 2629 Cor.
297 2609 334 2635 vi,
350 2601 393 2628 Μ.
432 2601 454 2617 ¹²
473 2600 553 2629 Rom.
565 2608 585 2632 ι,
600 2600 645 2627 25.

143 2650 199 2685 (16)
219 2650 330 2677 Gestum
347 2651 398 2678 hoc
418 2657 460 2677 est
481 2650 515 2676 ah
528 2657 601 2676 anno
617 2649 669 2676 526
687 2647 721 2675 ad
736 2648 799 2675 535.
821 2647 889 2676 Vide
941 2647 1216 2685 ApudAtbanasium
1241 2657 1324 2682 vero,
1340 2648 1450 2684 quoties
1476 2647 1638 2685 Antichristi
1666 2655 1729 2682 pro-

97 2687 133 2715 in
157 2683 216 2712 Vita
234 2685 383 2712 Athanasii.
820 2718 823 2719 ν
941 2683 1030 2710 dromi
1048 2690 1177 2712 vocentur
1191 2685 1304 2717 Ariani,
1331 2683 1359 2711 in
1383 2684 1476 2712 iudice
1500 2683 1619 2719 generali
1637 2684 1729 2711 videre

143 2720 199 2755 (47)
219 2719 389 2748 Colbertinus
410 2719 564 2749 secundus.
583 2718 885 2755 avstxstpguou:_dn_ti-
940 2724 991 2746 est.

97 2751 198 2783 δήξιειί
220 2755 388 2791 προδρόμους
417 2755 558 2782 haereticos
581 2751 751 2791 _v_ocant‘SS.
767 2753 819 2780 PP.
839 2753 885 2781 Sic

973 2755 1029 2789 (48)
1050 2756 1153 2791 Regius
1166 2756 1191 2787 l,
1207 2756 1291 2788 solus,
1307 2753 1340 2791 ἦν
1359 2763 1435 2791 ποτε,
1451 2755 1495 2781 ὅτε
1506 2755 1561 2791 οὐκ
1576 2751 1619 2790 ἦν.

98 2792 225 2818 lrenaeus
237 2788 274 2817 De
286 2788 427 2821 Griostia'c.
441 2791 486 2817 lib.
504 2797 524 2821 ι,
538 2797 564 2824 p.
577 2788 621 2820 68,
629 2793 660 2825 et
676 2794 717 2815 sat
731 2797 882 2825 communis

972 2788 1116 2824 (49)Mulii
1142 2792 1261 2825 codices,
1288 2788 1346 2817 ειιίιι
1360 2789 1474 2818 Verbum
1499 2788 1683 2817 DeusLCerm.
1698 2789 1725 2821 ’.‘,

99 2826 160 2854 luit
174 2826 347 2860 antiquorum
360 2826 469 2853 Patrum
478 2824 635 2860 opinio,qui
649 2824 881 2860 ptttahantjudicii
935 2833 993 2853 cum
1017 2824 1128 2854 Vcrbun
1145 2826 1201 2853 Dei.
1549 2836 1553 2843 -

98 2862 179 2889 diem
191 2858 342 2889 imminere.
353 2860 398 2888 Sic
409 2862 473 2889 item
484 2858 635 2895 Cyprianus
646 2859 678 2886 ad
693 2858 878 2886 Fortunatam.
