1954 3041
116 145 169 175 915

765 146 841 175 νιτΑ
864 146 892 174 S.
911 146 1058 174 ANTONII.

1671 149 1723 178 9H!

148 206 193 234 75.
207 207 310 234 Ἀλλων
325 207 353 234 δὲ
367 207 447 234 πάλιν
460 208 586 235 τοιούτων
602 208 815 244 ἀπαντησάντων
827 208 891 244 πρὸς

985 209 1024 236 15.
1044 208 1112 236 Aliis
1135 216 1244 237 rursum
1271 209 1314 237 his
1337 208 1473 237 similibus
1493 216 1523 237 se
1546 208 1573 235 iu
1595 207 1723 236 exteriori

114 251 195 279 αὐτὸν
209 254 238 280 ὲν
249 252 289 288 τῷ
300 252 356 288 ὄρει
369 253 408 288 τῷ
422 252 474 286 ἐξω
484 274 491 285 ,
509 254 556 280 καὶ
567 254 729 289 νομιζόντων
745 252 894 290 χλευάζειν,

113 298 156 324 ὅτι
176 298 212 333 μὴ
237 298 378 334 μεμάθηκε
395 299 560 334 γράμματα,
581 299 655 334 λέγει
676 300 743 335 πρὸς
766 299 863 331 αὐτοὺς
881 300 896 325 ὁ

120 343 272 375 Ἀντώνιος·
298 344 391 379 Ὑμεῖς
413 341 442 371 δὲ
465 344 492 371 τί
514 344 625 379 Mysas;
646 345 678 371 Τί
692 344 798 379 πρῶτόν
818 345 894 374 ἐστι,

111 387 175 421 νοῦς
196 388 213 423 ἤ
235 389 402 425 γράμματα;
424 390 472 416 καὶ
486 390 513 416 τί
528 391 600 422 τίνος
621 389 721 423 αἴτιον,
737 390 752 416 ὁ
765 390 826 421 νοῦς
841 389 894 416 τῶν

112 433 298 469 γραμμάτων,
321 434 337 470 ἢ
353 435 388 461 τὰ
403 435 554 471 γράμματα
572 435 619 462 τοῦ
642 435 706 468 νοῦς
724 435 785 462 Τῶν
805 435 833 462 δὲ
857 436 896 462 εί-

112 479 215 506 πόντων
229 479 335 515 πρῶτον
349 478 418 507 εἶναι
435 481 478 507 τὸν
492 481 554 508 νοῦν
563 502 570 514 ,
596 481 708 508 καὶτῶν
723 481 894 517 γραμμάτων

111 526 240 561 εὑρέτην⁸
255 525 306 562 ἔφη
323 528 337 553 ὁ
357 526 513 559 Ἀντώνιος·
529 524 564 563 ᾯ
579 527 667 554 τοίνυν
690 528 705 554 ὁ
727 526 790 559 νοῦς
807 526 894 560 ὑγιαί-

111 579 168 603 νει,
184 571 270 607 τούτῳ
286 572 342 606 (55)
356 572 406 599 οὐκ
426 573 561 607 ἀναγκαῖα
577 573 610 599 τὰ
627 572 786 608 γράμματα.
809 572 893 599 Τοῦτο

110 617 158 644 καὶ
170 618 233 649 τοὺς
247 618 380 652 παρόντας
396 619 443 645 καὶ
463 619 560 650 αὐτοὺς
580 617 735 654 ἐξέπληξεν.
761 617 892 653 Ἀπῆλθον

109 659 157 689 οὖν
175 661 374 698 θαυμάζοντες,
397 663 438 690 ὅτι
458 664 590 699 τοσαύτην
614 663 728 691 ἒὸλεπον
749 665 778 690 ἐν
801 663 892 700 ἰδιώτῃ

110 707 231 734 σύνεσιν·
253 708 299 735 καὶ
313 708 367 744 γὰρ
383 709 431 744 οὺχ
445 708 482 740 ὡς
495 710 523 735 ὲν
539 709 597 744 δρει
610 710 734 744 τραφεὶς,
751 709 830 735 κάκεῖ
846 708 892 743 γέ-

111 762 165 788 ρων
176 753 330 789 γενόμενος,
341 753 437 789 ἄγριον
449 751 505 789 εἶχε
518 754 548 780 τδ
559 752 623 789 ἦθος
632 762 638 769 ·
648 753 716 780 ἀλλὰ
729 754 775 781 καὶ
786 754 891 789 χαρίεις

107 796 143 834 ἦν
156 799 202 826 καὶ
219 798 365 831 πολιτικός,
387 799 438 826 Τὺν
453 800 481 826 δὲ
505 799 581 834 λόγον
597 798 669 835 εἶχεν
683 800 832 835 ὴρτυμένον
852 798 891 834 τῷ

108 843 174 879 θείῳ
187 844 265 870 ἅλατι
274 852 281 859 ⁸
293 843 364 871 ὥστε
383 844 483 880 μηδένα
497 844 614 880 φθονεῖν,
631 845 735 881 χαίρειν
750 845 778 872 δὲ
792 845 890 881 μᾶλλον

107 889 151 916 ἐπ’
166 889 240 925 αὐτῷ
256 890 358 922 πάντας
373 890 435 922 τοὺς
450 891 613 926 ἐρχομένους
627 891 694 927 πρὸς
707 891 797 918 αὐτόν.

143 935 186 963 74.
212 935 318 971 Ἀμέλει
334 937 401 971 μετὰ
413 936 500 963 ταῦτα
517 936 573 972 (56)
591 937 672 964 πάλιν
684 937 814 965 ἐλθόντων
833 938 891 964 ἑτέ·-

109 988 163 1015 ρων
177 980 272 1007 τινῶνο
293 978 362 1016 ἦσαν
377 980 405 1007 δὲ
421 977 493 1008 οὗτοι
505 981 560 1008 τῶν
573 981 638 1016 παρ’
653 981 766 1017 Ἕλλησι
781 982 890 1009 δοκούν-

106 1033 161 1052 των
175 1023 244 1052 εἶναι
256 1026 345 1061 σοφῶν
356 1034 363 1041 ·
379 1026 426 1053 καὶ
436 1026 621 1054 ἀπαιτούντων
636 1027 716 1054 αὐτὸν
734 1027 812 1062 λόγον
827 1027 890 1064 περὶ

105 1071 157 1106 τῆς
178 1071 240 1098 καθ’
255 1072 329 1107 ἡμᾶς
345 1072 374 1098 ὲν
395 1071 505 1108 Χριστῷ
524 1071 657 1103 πίστεως²
681 1071 890 1107 ἐπιχειρούντων

105 1116 136 1143 δι
161 1116 363 1151 συλλογίζεσθαι
385 1117 450 1152 περὶ
472 1116 519 1144 τοῦ
547 1116 724 1153 κηρύγματος
745 1117 794 1144 τοῦ
817 1117 889 1144 θείου

106 1161 234 1197 σταυροῦ,
249 1161 296 1188 καὶ
312 1161 477 1197 βουλομένων
492 1161 649 1197 χλευάζεινο
666 1161 755 1196 ὀλίγον
769 1161 889 1196 ἐπισχὼν

105 1209 121 1235 ὁ
140 1207 296 1239 Ἀντώνιος,
313 1207 360 1234 καὶ
381 1206 488 1243 πρῶτον
510 1207 646 1243 οίκτείρας
668 1207 766 1239 αὐτοὺς
788 1207 833 1234 ἐπὶ
855 1208 888 1243 τῇ

105 1251 242 1288 ἀγνωσία,
259 1251 335 1286 ἔλεγε
350 1251 382 1278 δι’
404 1251 559 1287 ἑρμηνέως,
576 1251 622 1279 τοῦ
636 1251 724 1284 καλῶς
737 1251 770 1279 τὰ
783 1252 888 1279 ἐκείνου

105 1289 327 1333 διερμηνεύοντος
336 1304 344 1313 ο
359 1297 392 1323 Τί
404 1296 512 1324 κάλλιόν
525 1298 593 1329 ἐστι¹
606 1297 721 1333 σταυρὸν
736 1297 887 1333 ὁμολογεῖν,

106 1342 124 1377 ἢ
142 1343 262 1378 μοιχείας
279 1343 327 1370 καὶ
349 1342 541 1379 παιδοφθορίας
563 1343 731 1379 προσάπτειν
750 1345 807 1376 τοῖς
823 1344 887 1378 παρ’

947 259 1039 282 monte
1055 255 1227 288 adeuntibus,
1246 254 1390 288 illudendi,
1404 259 1433 282 ut
1454 255 1614 290 sperabant,
1630 262 1722 288 causaI

946 300 1018 336 quod
1042 300 1192 327 litterarum
1206 305 1279 327 esset
1296 300 1450 335 imperitus,
1475 299 1651 335 interrogavit
1675 307 1723 328 eos

944 345 1096 373 Antonius:
1120 345 1188 379 Quid
1213 352 1260 373 vos
1279 345 1388 373 dicitis?
1411 345 1545 379 Quidnam
1572 345 1647 380 prius
1669 350 1722 379 est,

945 399 1022 418 mens
1034 399 1068 418 an
1084 391 1189 423 litterae,
1209 395 1236 418 et
1248 391 1312 425 quid
1327 391 1424 418 horum
1443 390 1554 418 alterius
1566 398 1649 418 causa
1664 395 1722 423 est,

944 443 1057 463 mensne
1081 435 1230 462 litterarum
1243 455 1251 468 ,
1281 443 1315 462 an
1338 435 1433 463 littera:
1454 435 1552 463 mentis
1572 435 1650 470 (57)?
1671 435 1724 468 Qui

944 488 1005 509 cum
1021 484 1138 507 mentem
1153 480 1275 508 dicerent
1288 479 1404 515 priorem
1419 484 1447 508 et
1462 480 1612 508 litterarum
1627 480 1723 508 inven-

943 526 1056 558 tricem,
1078 526 1117 553 ait
1139 525 1296 553 Antonius:
1313 526 1364 553 Cui
1389 533 1454 561 ergo
1472 534 1538 554 sana
1562 533 1639 553 mens
1662 529 1722 559 est,

943 571 1007 598 huic
1027 577 1081 598 non
1096 571 1256 598 necessariae
1270 569 1374 598 littere.
1394 569 1453 603 Quo
1470 578 1594 598 sermone
1608 575 1662 598 tam
1675 571 1729 606 quh

943 615 1054 643 aderant
1074 615 1138 647 alii,
1159 622 1241 651 quam
1256 615 1312 649 isti,
1340 615 1512 651 Obstupuere.
1527 615 1728 644 Abscesserunt.

942 661 1023 696 igitur
1039 661 1077 688 illi
1091 661 1181 689 mirati
1195 664 1298 689 tantam
1322 660 1349 688 in
1374 661 1457 689 idiota
1484 661 1594 689 homine
1615 662 1735 697 sapien-.-

942 706 1028 734 tiam:
1044 706 1107 734 licet
1132 707 1203 734 enim
1227 707 1255 734 in
1276 711 1369 735 monte
1391 708 1545 740 enutritus,
1568 707 1605 735 ibi
1627 715 1725 736 conse-

941 752 1056 783 nuisset.
1075 759 1247 787 nequaquam
1264 752 1378 787 agrestis
1389 756 1450 780 erat
1466 753 1599 786 moribus,
1612 753 1660 781 sed
1673 761 1724 781 σοι.

941 796 993 824 mis
1018 795 1202 831 urbanusque.
1230 796 1380 832 Divinoque
1407 797 1463 825 sale
1487 798 1612 826 conditus
1633 805 1730 826 sermo.

941 841 1014 869 illius
1028 841 1098 875 fuit;
1118 842 1154 869 ita
1170 846 1200 869 ut
1216 850 1296 870 nemo
1311 842 1444 870 invideret
1458 843 1521 878 ipsi,
1537 843 1585 871 sed
1598 844 1727 872 laterem»

905 875 927 902 Β
942 892 985 914 tur
1000 887 1091 922 potius
1104 888 1226 916 universi
1241 889 1289 923 qui
1304 888 1338 916 ad
1353 896 1416 916 eum
1433 875 1602 917 accederent.

975 933 1018 961 74.
1033 933 1178 961 Enimvero
1192 934 1384 962 accedentibus
1398 934 1497 962 iterum
1509 934 1673 970 quibusdam
1686 942 1723 964 ex

939 979 974 1007 iis
985 979 1032 1014 qui
1047 979 1117 1014 apud
1126 979 1235 1007 Graecos
1243 980 1379 1014 sapientes
1387 979 1521 1012 videntur,
1534 980 1722 1016 rationemque

939 1025 1145 1060 reposcentibus
1160 1025 1193 1053 de
1208 1025 1260 1053 ﬁde
1280 1030 1372 1053 nostra
1389 1025 1417 1053 in
1438 1025 1590 1058 Christum,
1610 1026 1721 1054 nitenti-

939 1071 1044 1106 busque
1069 1075 1164 1107 argute
1185 1071 1219 1099 de
1233 1070 1331 1099 divinat
1347 1071 1644 1106 crucis'prazdicatione
1656 1091 1664 1104 ,
1681 1072 1720 1099 ri-

938 1117 1019 1146 dendi
1040 1125 1136 1150 causa,
1158 1117 1315 1153 disputare;
1337 1117 1477 1152 paululum
1492 1122 1613 1146 moratus
1635 1117 1720 1145 Anto-

939 1164 1013 1197 nius,
1031 1164 1195 1199 illorumque
1209 1164 1390 1199 ignorantiam
1405 1163 1482 1198 prius
1498 1163 1655 1197 miseratus.
1671 1171 1720 1198 per

938 1209 1133 1245 peritissimum
1158 1209 1332 1245 interpretem
1359 1209 1417 1237 haec
1441 1210 1548 1237 locutus
1572 1213 1624 1237 est.
1648 1208 1720 1242 Quid

938 1255 1117 1290 praestabilius
1132 1259 1183 1288 est,
1198 1262 1343 1283 crucemne
1357 1255 1478 1283 conﬁteri
1491 1274 1499 1287 ,
1524 1262 1559 1282 an
1574 1254 1718 1287 adulteria,

937 1305 1186 1336 praeposteramque
1212 1300 1357 1328 libidinem.
1368 1300 1423 1328 diis
1443 1301 1483 1336 (ut
1503 1299 1617 1335 vocatis)
1637 1299 1720 1327 ascri-

937 1346 1021 1374 bere?
1039 1345 1118 1379 Quod
1140 1353 1192 1374 nos
1215 1345 1362 1381 loquimur,
1385 1345 1552 1374 fortitudinis
1573 1349 1616 1373 est
1637 1352 1720 1380 argu-

106 1388 172 1423 ὕμτν
184 1387 340 1424 λεγομένοις
354 1387 423 1420 θεοῖς
434 1396 442 1421 ;
452 1389 489 1415 Τὸ
504 1388 554 1424 μὲν
568 1388 623 1425 γὰρ
639 1390 703 1425 παρ’
718 1387 796 1425 ἡμῶν
809 1389 887 1423 λεγό-

942 1395 1060 1418 mentum
1074 1412 1082 1425 ,
1097 1395 1256 1426 certumque
1268 1395 1432 1426 contempta:
1452 1390 1549 1419 mortis
1562 1390 1692 1419 indicium
1708 1398 1716 1417 :

107 1442 188 1468 μενον
204 1432 312 1469 ἀνδρίας
333 1433 392 1460 ἐστὶ
410 1434 568 1469 τεκμήριον,
591 1434 638 1461 καὶ
660 1435 888 1470 καταφρονήσεως

942 1440 1027 1464 vestra
1053 1440 1159 1469 autem,
1181 1439 1244 1463 sunt
1265 1435 1383 1463 lascivire
1406 1435 1505 1463 morbi.
1528 1435 1629 1463 Deinde
1652 1435 1718 1471 quid

106 1478 220 1506 Θανάτου
238 1477 396 1514 γνώρισμα·
420 1477 454 1505 τὰ
477 1478 507 1505 δὲ
526 1478 645 1514 ὑμέτερα
665 1479 807 1514 ἀσελγείας
831 1479 889 1507 ἐστὶ

942 1485 1048 1517 praestat
1062 1489 1069 1508 :
1084 1480 1168 1515 680
1178 1480 1331 1508 Verbumne
1344 1480 1391 1508 Dei
1407 1479 1497 1508 dicere
1513 1487 1568 1508 non
1581 1485 1717 1508 mutatum

105 1522 191 1558 πάθη.
206 1522 321 1549 Ἔπειτα
334 1522 360 1549 τί
374 1522 479 1558 βέλτιόν
491 1523 559 1556 ἐστι,
573 1523 672 1558 λέγειν,
683 1524 724 1551 ὃτι
736 1524 751 1550 ὁ
762 1523 809 1550 τοῦ
820 1524 887 1551 Θεοῦ

942 1532 1015 1558 esse;
1030 1525 1076 1554 sed
1094 1525 1164 1553 idem
1180 1525 1268 1561 ipsum
1281 1525 1431 1561 exsistens,
1444 1533 1494 1561 pro
1506 1526 1593 1554 salute
1606 1530 1634 1554 et
1645 1526 1718 1555 bono

105 1569 191 1603 Λόγος
202 1569 252 1596 οὑκ
268 1569 372 1605 ἐτράπη
383 1578 389 1584 ·
402 1569 458 1596 ἀλλ’
472 1570 486 1596 ὀ
498 1569 578 1601 αὐτὸς
589 1568 636 1602 ὥν,
649 1570 696 1597 ἐπὶ
708 1570 828 1607 σωτηρίᾳ
841 1571 888 1598 καὶ

942 1570 1080 1598 hominum
1096 1578 1196 1605 corpus
1217 1570 1399 1605 assumpsisse
1420 1570 1569 1598 humanum
1582 1591 1592 1604 ,
1613 1575 1644 1598 ut
1666 1570 1719 1599 hu-

105 1615 249 1651 εὐεργεσίᾳ
266 1614 320 1642 τῶν
332 1614 482 1650 ἀνθρώπων
501 1616 628 1652 ἀνείληφε
651 1615 731 1651 σῶμα
752 1616 888 1652 ἀνθρώπι-

942 1624 1026 1644 mante
1041 1616 1176 1652 particeps
1189 1615 1312 1651 originis,
1339 1615 1436 1643 divinae
1451 1615 1576 1644 homines
1587 1623 1619 1644 ac
1635 1616 1718 1652 spiri-

104 1670 160 1694 vov,
178 1661 220 1688 ἵνα
229 1681 237 1694 ,
252 1662 286 1697 τῇ
301 1661 457 1698 ἀνθρωπίνῃ
470 1661 575 1696 γενέσει
589 1662 756 1697 κοινωνήσας
766 1682 774 1695 ,
788 1663 887 1699 ποιήσῃ

942 1662 1021 1689 tualis
1038 1665 1141 1689 naturae
1161 1661 1307 1696 participes
1322 1660 1464 1694 redderet;
1476 1668 1511 1688 an
1523 1660 1645 1689 divinum
1661 1660 1719 1688 Nu-

105 1707 168 1738 τοὺς
177 1706 336 1742 ἀνθρώπους
347 1707 508 1742 κοινωνῆσαι
519 1706 592 1739 θείας
604 1707 651 1734 καὶ
664 1707 759 1743 νοερᾶς
770 1706 886 1742 φύσεως·

942 1715 1002 1735 men
1019 1707 1105 1735 brutis
1120 1706 1304 1734 animantibus
1326 1706 1478 1734 assimilare
1490 1726 1498 1740 ,
1523 1705 1555 1734 ac
1576 1711 1718 1742 propterea

104 1752 123 1788 ἢ
134 1753 164 1780 ἰν
179 1753 285 1788 ἀλόγοις
297 1752 436 1789 ἐξομοιοῦν
446 1752 477 1780 τὸ
487 1753 574 1786 Θεῖον,
588 1753 635 1780 καὶ
648 1753 691 1780 διὰ
707 1752 786 1780 τοῦτο
799 1752 887 1780 σιὸειν

942 1752 1140 1788 quadrupedes,
1153 1757 1302 1789 serpentes,
1316 1753 1513 1789 hominumque
1525 1753 1656 1789 imagines
1672 1759 1720 1781 co-

767 1829 895 1858 VERSIO
914 1828 1066 1858 EVAGRJI.
1076 1854 1080 1857 .

143 1909 187 1937 73.
207 1910 283 1947 Alios
296 1918 404 1946 quoque
419 1911 543 1939 similiter
556 1912 648 1939 mundi
663 1911 814 1947 sapientes,
838 1911 885 1946 qui
898 1918 960 1939 eum
985 1910 1100 1947 irridere
1117 1909 1277 1947 cupiebant",
1291 1910 1354 1947 quia
1378 1911 1482 1939 litteras
1503 1911 1653 1946 ignoraret,
1669 1912 1717 1940 tali

106 1945 289 1982 disputatione
304 1945 451 1982 colligavit,
468 1947 561 1975 dicens
576 1958 581 1974 ι
596 1945 767 1982 Respondete
782 1945 859 1978 mihi,
873 1947 937 1981 quid
951 1946 1046 1982 prius,
1061 1945 1160 1973 sensus
1171 1953 1205 1982 an
1223 1945 1338 1973 litterae?
1349 1951 1376 1974 et
1390 1947 1454 1982 quid
1468 1945 1546 1982 cujus
1557 1947 1718 1975 exordium?

107 1988 205 2017 sensus
217 1988 250 2007 ex
263 1981 416 2014 litteris.’an
431 1982 525 2010 littera
541 1981 665 2010 oriuntur
680 1990 713 2009 ex
728 1989 809 2009 sensu
818 1981 905 2009 ?‘lllis
918 1981 1114 2017 asserentibus.
1132 1981 1195 2016 quia
1210 1988 1307 2008 sensus
1321 1981 1404 2017 esset
1416 1985 1512 2017 auctor
1526 1986 1607 2017 atque
1623 1982 1719 2010 inven—

107 2020 149 2052 tor
163 2015 326 2052 litterarum,
343 2017 381 2044 ait
395 2025 401 2043 :
420 2017 503 2052 Igitur
519 2017 542 2045 si
556 2017 599 2044 cui
614 2025 711 2045 sensus
727 2017 872 2044 incolumis
885 2021 927 2044 est
939 2036 946 2048 ,
973 2016 1017 2043 hic
1038 2015 1213 2052 litterasinon
1225 2016 1360 2052 requirit.
1377 2015 1443 2050 Quis
1465 2015 1638 2052 praesentium
1655 2022 1718 2052 post

108 2050 178 2076 hanc
190 2051 406 2078 colluctationem
430 2050 483 2079 non
499 2052 700 2084 exclamaverit.
716 2059 777 2079 cum
793 2052 984 2086 obstupuerint
1001 2055 1027 2078 et
1042 2051 1093 2085 ipsi
1109 2051 1155 2086 qui
1168 2050 1231 2077 victi
1248 2055 1322 2084 sunt,
1346 2055 1447 2078 tantam
1463 2050 1492 2078 in
1503 2051 1627 2086 imperito
1645 2050 1716 2079 litte-

107 2092 199 2122 rarum
217 2087 388 2120 sagacitatem
404 2087 487 2114 animi
504 2087 688 2114 admirantes?
702 2086 794 2121 Neque
807 2087 947 2122 enilnkut
962 2086 1149 2122 inrsolitudine
1166 2089 1192 2122 et
1203 2086 1346 2122 tuentibus
1363 2091 1497 2119 versatus,
1510 2091 1590 2122 atque
1606 2094 1716 2114 omnem

107 2119 206 2157 ibidem
221 2119 331 2156 exigens
343 2122 425 2157 vitam
436 2142 443 2154 ,
467 2123 581 2157 agrestis
594 2127 621 2149 et
635 2122 737 2157 rigidus
750 2119 819 2157 erat,
842 2121 890 2157 sed
903 2121 1038 2157 iucundus
1052 2125 1133 2156 atque
1149 2120 1273 2147 all‘abilis.
1292 2120 1460 2153 Sermonem,
1475 2119 1623 2149 secundum
1645 2123 1717 2157 Apo-

107 2154 172 2191 stu_li
182 2154 356 2190 praceptum,
374 2156 466 2184 divino
480 2154 618 2184 conditum
635 2154 692 2184 sale
706 2156 869 2191 proferebat,
884 2154 921 2183 ita
936 2154 1206 2191 utrinvidia'careret,
1219 2161 1246 2182 et
1258 2163 1350 2183 amore
1365 2156 1485 2183 omnium
1503 2156 1644 2191 potiretur.

143 2188 190 2226 74]
199 2188 278 2217 inter
289 2188 360 2226 haec,
376 2191 454 2225 quasi
470 2199 565 2226 parum
588 2196 667 2219 esset
683 2188 728 2219 bis
745 2192 921 2226 gentilitatem
941 2190 1025 2217 fuisse
1040 2195 1193 2225 superatam
1208 2209 1225 2226 ,ν
1240 2195 1267 2217 et
1290 2190 1368 2218 tertio
1379 2188 1512 2218 veneruni
1525 2191 1574 2218 viri
1596 2191 1629 2218 ad
1652 2199 1715 2219 eum

106 2224 197 2251 omnis
206 2225 351 2261 saecularis
365 2224 514 2261 prudentiae
527 2227 598 2254 nube
612 2226 715 2260 caecati,
729 2224 810 2261 atque
826 2226 957 2261 universis
972 2224 1268 2261 philoso’pliiarstudiis
1280 2226 1391 2261 artium,
1406 2234 1516 2253 suorum
1532 2226 1587 2261 (58)
1596 2226 1716 2254 aestima-

107 2264 184 2296 tione
197 2259 372 2287 doctissimi.’
382 2260 413 2287 Hi
429 2259 499 2288 cum'
511 2262 645 2288 rationem
663 2262 697 2289 ab
711 2269 743 2289 eo
754 2259 891 2296 exigerent
911 2259 982 2293 ﬁdei,
996 2259 1122 2295 quam'in
1139 2259 1248 2296 Christo
1262 2259 1402 2296 habemus,
1417 2266 1444 2288 ct
1456 2259 1606 2288 niterentur
1619 2266 1714 2296 arguta

106 2294 306 2328 sophismatum
322 2295 533 2330 interrogatione
555 2296 693 2324 devdivina
714 2294 865 2324 cruceeuxn
883 2294 1012 2327 illudere,’
1031 2295 1058 2322 in
1075 2294 1212 2331 silentium
1234 2295 1374 2331 paululum
1390 2304 1456 2323 voce
1473 2303 1639 2330 compressa,
1653 2294 1715 2331 ’pri-

106 2335 182 2366 mum
204 2336 298 2366 eorum
324 2329 468 2358 miseraius
481 2339 601 2359 errorem
617 2336 657 2359 est
671 2342 677 2358 :
696 2332 792 2359 deinde
808 2339 855 2366 per
878 2331 1050 2366 interpretem
1062 2330 1140 2366 .rqrui
1154 2329 1212 2364 ejus
1226 2329 1307 2357 verba
1322 2329 1542 2366 diligentissime
1550 2331 1576 2358 in
1591 2329 1715 2358 Grméum

107 2363 211 2391 solebat
225 2365 375 2399 exprimere
390 2373 552 2398 sermonem.
569 2367 605 2393 ita
627 2374 739 2393 exorsus
756 2363 914 2398 estfdiccns
928 2375 934 2392 :
950 2363 1022 2397 Quid
1036 2363 1231 2399 pulchriusest
1241 2385 1248 2398 ,
1265 2365 1362 2399 quidve
1377 2363 1526 2398 honestius,
1541 2373 1649 2393 crucem
1666 2374 1714 2393 co-

108 2399 172 2431 lere,
182 2400 381 2435 ranAadultcria,
406 2401 578 2435 parricidium
592 2421 599 2432 ,
617 2402 658 2428 vel
673 2402 805 2428 incestum
823 2401 865 2428 his
883 2401 1027 2435 assignare
1043 2407 1127 2435 quos
1140 2399 1249 2435 colitis‘:
1266 2407 1328 2435 cum
1350 2400 1376 2426 in
1392 2401 1477 2428 altero
1491 2402 1526 2428 sit
1542 2405 1715 2435 contemptus

106 2434 215 2470 mortis,
227 2433 333 2469 insigne
349 2433 494 2469 virtutum;
511 2436 538 2463 in
551 2436 635 2463 altero
648 2436 734 2470 turpis
748 2436 851 2470 religio,
870 2433 1207 2469 obscénitatis’magistra?
1222 2433 1290 2467 Quid
1306 2435 1403 2463 melius
1418 2440 1459 2463 est
1472 2435 1570 2467 dicere,
1582 2433 1658 2470 quod
1666 2436 1716 2464 Dei

107 2467 226 2504 Verbum
243 2467 355 2497 manens
369 2474 399 2497 ut
413 2467 532 2502 erat,'ob
546 2471 659 2498 salutem
675 2467 957 2498 nbstram‘humanum
974 2477 1073 2504 corpus
1084 2467 1278 2503 assumpserit,
1294 2474 1323 2497 ut
1336 2471 1464 2498 societate
1480 2467 1651 2497 mortalitatis
1665 2477 1715 2498 nos

105 2503 232 2540 aveheret
246 2505 280 2531 ad
294 2505 403 2536 caelum,
419 2506 619 2540 participesque
634 2510 738 2532 natura:
749 2505 867 2533 cmlestis
881 2504 997 2532 ediceret
1012 2503 1067 2531 {an
1080 2524 1087 2535 ,
1102 2509 1134 2540 ut
1147 2504 1197 2538 ipsi
1210 2505 1330 2540 asseritis
1341 2525 1349 2536 ,
1366 2505 1463 2532 divinae
1475 2505 1574 2533 mentis
1586 2505 1714 2532 haustum

106 2538 140 2575 ad
157 2542 266 2575 terrena
277 2538 429 2575 veneranda
446 2538 603 2567 submittere
624 2540 696 2575 (59),
720 2545 747 2567 et
768 2540 901 2575 pecudum
919 2545 999 2574 atque
1019 2539 1182 2575 serpentium
1206 2538 1301 2575 fogmis
1314 2540 1429 2575 caeleste
1445 2548 1541 2568 nomen
1557 2541 1717 2568 includere?

106 2572 168 2605 Quo
181 2580 228 2609 ore
238 2573 454 2601 Christianorum
468 2572 653 2602 credulitatem
666 2572 905 2607 audetis'irridere,
921 2572 1073 2601 dicentium
1083 2574 1221 2600 Christum
1236 2573 1334 2601 Filium
1350 2574 1395 2601 Dei
1410 2574 1468 2602 sine
1482 2575 1524 2602 sui
1539 2575 1714 2609 detrimento,

105 2612 133 2634 et
148 2608 264 2642 coepisse
283 2616 344 2636 esse
356 2609 430 2644 quod
444 2617 498 2637 non
512 2614 585 2643 erat,
601 2614 629 2637 et
650 2610 785 2637 mansisse
801 2610 874 2645 quod
890 2609 979 2636 fuerat
993 2617 1000 2635 :
1016 2616 1077 2636 cum
1102 2608 1153 2643 ipsi
1172 2609 1292 2636 animam
1307 2609 1340 2636 de
1354 2609 1511 2637 celestibus
1530 2610 1713 2643 detrahentes.

142 2688 200 2726 (55)
220 2688 258 2726 ita
273 2697 339 2717 mss.
352 2689 381 2717 In
395 2691 474 2718 editis
485 2691 571 2726 τούτῳ
581 2692 665 2719 deest.
936 2691 1110 2726 priorrauima
1123 2699 1204 2726 quam
1219 2691 1319 2721 littera,
1331 2694 1354 2716 et
1365 2690 1439 2724 prior
1453 2697 1536 2717 sermo
1547 2699 1626 2726 quam
1636 2690 1713 2723 liber,

141 2723 198 2761 (50')
219 2723 263 2761 S_ic
282 2726 469 2761 trianuscripti.
485 2726 513 2753 In
527 2723 607 2754 editis
631 2726 744 2753 habetur
761 2726 806 2752 καί
822 2730 884 2753 ante
935 2723 959 2752 et
977 2723 1152 2761 priorisenstls
1166 2734 1244 2761 quam
1260 2727 1354 2759 stylus.

107 2758 176 2792 μετὰ
190 2758 285 2786 ταῦτα.
300 2758 362 2787 Mox
376 2758 476 2796 ἑτέρων
490 2762 569 2789 deest‘
581 2762 609 2789 in
626 2761 705 2788 editis
716 2780 723 2793 ,
737 2761 784 2789 sed
800 2761 888 2788 habe-'
971 2760 1026 2820 (582
1047 2760 1092 2787 Sic
1107 2758 1381 2794 Inanuscripti’rccte.
1408 2758 1477 2820 EtEt]
1494 2767 1573 2791 vero,
1592 2767 1711 2786 suarum.

107 2795 151 2819 tur
164 2793 191 2820 in
208 2794 335 2820 omnibus
348 2803 414 2820 mss.
970 2795 1015 2820 (59
1053 2794 1090 2820 ita
1113 2795 1289 2820 munuscrinii
1309 2802 1413 2820 omnes.
1451 2794 1507 2820 ’diti
1533 2802 1612 2820 vero.
1635 2799 1711 2820 caput

105 2793 194 2830 tuoin
208 2794 335 2830 clunibus
348 2793 428 2830 mss.'
970 2793 1025 2830 (59)
1053 2794 1091 2822 ita
1113 2793 1289 2830 manuscripti
1309 2802 1413 2822 omnes.
1437 2793 1507 2822 Editi
1533 2802 1612 2828 vero,
1635 2799 1713 2830 caput

142 2828 198 2862 (57)
217 2828 329 2856 Tertull.
344 2829 382 2857 De
395 2831 544 2858 testimonio
561 2839 668 2866 ammte,
684 2839 742 2867 cap.
760 2831 776 2859 5
789 2839 794 2857 :
806 2830 881 2859 Certe
933 2828 1092 2857 submittere.
