1954 3041
222 131 270 160 961

522 129 551 158 S.
567 128 749 158 ATHANASII
764 129 839 158 OPP.
858 129 949 157 PARS
967 128 987 156 i.
1007 143 1040 150 -
1060 128 1243 162 IIJSTORICA
1262 130 1306 158 ET
1324 129 1529 160 DOGMATICA.

1774 130 1830 159 953

221 188 282 216 ﬁdei
299 187 478 224 operatione?
493 192 540 215 aut
551 187 617 223 quid
630 187 781 223 antiquius,
797 187 863 215 ﬁdes
879 195 940 222 quae
951 194 997 222 per

1049 187 1107 219 πῶς
1122 187 1242 223 ἀκριϐῶς
1255 187 1470 222 διαγτιηὸσκεται,
1483 187 1517 214 δι’
1531 186 1689 219 ἀποδείξεων
1703 186 1799 222 λόγων.
1809 186 1828 222 ἢ

221 234 404 269 operationem
428 233 550 265 habetur,
563 241 597 260 an
614 233 780 268 argumentis
796 232 866 260 facta
887 232 1001 260 demon-

221 278 424 313 strati02682
442 278 496 306 Illis
516 278 716 313 reponentihns,
740 278 921 313 antiquiorem
940 285 1002 306 esse

220 325 299 352 ﬁdem
316 332 377 359 quae
391 331 439 359 per
452 325 635 359 operationem
657 324 782 355 habetur.
799 331 914 359 esseque
928 323 1000 351 illam

220 375 375 397 accuratam
398 370 591 405 cognitionem,
606 370 644 397 ait
652 370 786 397 Antonius
802 380 810 397 :
826 369 909 396 Recte
931 368 1001 396 dixi-

221 414 286 442 stis:
300 421 362 441 nam
384 414 450 442 ﬁdes
467 423 501 442 ex
520 415 604 442 animi
622 415 719 443 aﬁ‘ectu
736 415 842 448 oritur;
859 414 999 441 dialectica

220 465 284 486 vero
296 462 441 486 auctorum
463 466 576 486 suorum
596 464 654 487 arte
674 459 819 487 constituta
840 463 892 487 est.
908 458 1001 493 itaque

219 504 319 540 quibus
338 505 417 532 adest
431 505 554 540 operatio
576 504 622 532 illa
641 512 689 540 per
710 504 802 537 ﬁdem,
814 504 868 532 illis
888 503 1000 532 minime

219 551 384 584 necessaria,
398 551 453 579 imo
469 551 538 580 forte
556 560 756 587 supervacanea
769 557 811 581 est
826 553 998 581 demonstra-

219 597 258 624 tio
272 597 439 632 argumentis
457 597 537 625 facta.
556 597 693 633 Siquidem
707 599 780 633 quod
791 606 840 626 nos
854 598 905 626 ﬁde
920 599 1000 626 intel~

219 643 345 679 ligimus,
366 644 392 671 id
416 651 464 672 vos
489 645 656 680 argumentis
676 645 836 673 concludere
860 645 997 673 nitimini:

218 689 274 716 imo
288 697 359 724 saepe
371 697 432 724 qua:
452 697 503 717 nos
524 690 710 726 intelligimus,
725 699 758 718 ne
771 691 922 726 exprimere
937 691 999 726 qui-

218 734 278 761 dem
295 734 420 769 potestis.
429 733 604 761 Praestantior
618 735 709 770 itaque
723 740 751 762 et
766 735 869 763 ﬁrmior
881 740 923 763 est
935 743 998 771 ope-

217 779 287 807 ratio
298 787 347 815 per
357 779 437 808 ﬁdem
449 779 605 815 sophisticis
621 781 718 810 vestris
737 781 914 817 argumentis.

1051 232 1084 259 δι’
1099 233 1236 268 ἐνεργείας
1250 233 1384 266 πίστεωςς
1407 234 1454 260 καὶ
1469 233 1494 260 τί
1508 232 1690 268 πρεσὸύτερόν
1707 234 1789 264 ἐστιν,
1810 233 1828 269 ἡ

1050 278 1083 305 δι’
1095 279 1231 314 ἐνεργείας
1250 279 1341 311 πίστις
1351 300 1359 312 ,
1374 280 1390 315 ἡ
1403 280 1419 314 ἡ
1431 279 1475 306 διὰ
1495 279 1580 313 λόγων
1595 278 1746 312 ἀπόδειξις
1769 278 1831 306 Τῶν

1050 324 1079 352 δέ
1094 325 1327 361 ἀποκριναμένων,
1349 317 1534 360 πρεσῦυτὲλραν
1547 322 1615 351 εἶναι
1634 324 1683 360 τὴν
1705 324 1740 351 δι’
1756 325 1831 361 ἐνερ-

1050 371 1126 405 γείας
1143 371 1249 403 πίστιν,
1267 371 1313 398 καὶ
1332 371 1432 406 ταύτην
1450 369 1518 397 εἶναι
1533 370 1582 405 τὴν
1597 369 1698 405 ἀκριϐῆ
1712 369 1811 404 γνῶσιν
1821 378 1828 384 ·

1049 417 1100 453 ἔφη
1121 417 1135 443 6
1154 417 1307 449 Ἀντώνιος·
1323 417 1421 449 Καλῶς
1438 416 1548 443 εἴπατε’
1569 417 1585 451 ἡ
1606 416 1654 451 μέν
1670 416 1725 451 γὰρ
1739 416 1830 447 πίστις

1049 463 1103 489 ἀπὸ
1121 463 1265 495 διαθέσεως
1281 463 1367 499 ψυχῆς
1387 463 1489 497 γίνεται
1500 463 1536 498 ’ἡ
1555 462 1582 488 δὲ
1602 462 1755 497 διαλεκτικὴ
1775 462 1831 489 ἀπὸ

1048 509 1144 544 τέχνης
1156 508 1209 535 τῶν
1225 508 1400 536 συντιθέντων
1412 509 1495 536 ἐστίν.
1523 507 1627 535 Οὐκοῦν
1645 505 1686 540 οἷς
1699 508 1832 544 πάρεστιν

1048 555 1064 590 ἡ
1076 554 1119 581 διὰ
1131 553 1248 586 πίστεως
1260 555 1394 590 ἐνέργεια,
1402 554 1505 586 τούτοις
1515 554 1566 580 οὐκ
1578 553 1747 588 ἀναγκαία,ῆ
1759 554 1831 589 τάχα

1048 599 1095 626 καὶ
1115 599 1228 635 περιττὴ
1243 600 1260 634 ἡ
1274 599 1318 625 διὰ
1337 599 1423 633 λόγων
1440 598 1584 631 ἀπόδειξις.
1608 598 1662 625 Καὶ
1683 597 1737 634 γὰρ
1759 599 1830 634 ὅπερ

1048 644 1128 679 ἡμεῖς
1148 645 1181 670 ἐκ
1198 643 1315 676 πίστεως
1330 643 1456 679 νοοῦμεν,
1477 643 1555 670 τοῦτο
1577 643 1656 679 ὑμεῖς
1676 642 1719 669 διὰ
1742 642 1830 676 λόγων

1048 689 1260 723 κατασκευάζειν
1283 690 1412 726 πειρᾶσθε
1438 690 1510 725 (67)·
1540 689 1586 716 καὶ
1617 689 1744 721 πολλάκις
1767 689 1829 716 οὐδὲ

1048 736 1149 772 φράσαι
1177 735 1195 763 ἃ
1220 736 1331 772 νοοῦμεν
1344 735 1472 763 δύνασθε·
1492 736 1561 762 ὥστε
1580 735 1690 770 βελτίων
1706 735 1753 761 καὶ
1766 735 1831 770 ὀχυ-

1050 781 1155 817 ρωτέρα
1181 782 1198 816 ἡ
1222 781 1266 808 διὰ
1291 781 1409 814 πίστεως
1439 781 1561 816 ἐνέργεια
1586 781 1641 808 τῶν
1667 779 1830 815 σοφιστικῶν

1047 828 1062 854 ὑ
1066 827 1123 863 μῶν
1137 827 1330 862 συλλογισμῶν.

254 869 298 897 78.
310 868 366 897 Nos
380 873 454 898 certe
472 869 631 903 Christiani,
645 877 699 898 non
724 869 752 898 in
772 871 903 907 sapientia
915 871 997 898 ratio—

1066 859 1072 863 ‘
1082 873 1127 900 78.
1141 859 1236 908 Ἡμεῖς
1244 859 1333 900 τοίνυν
1344 874 1368 900 οἱ
1379 873 1536 909 Χριστιανοὶ
1545 873 1595 900 οὐκ
1608 880 1637 899 εν
1650 872 1728 908 σοφίᾳ
1741 872 1830 906 λόγων

216 922 281 942 num
290 913 444 942 Graecarum
452 914 611 950 mysterium
620 915 751 943 habemus
759 916 790 949 ’⁸,
803 916 851 943 sed
863 916 889 943 in
898 915 998 943 virtute

216 959 277 987 ﬁdei
290 967 352 995 quae
362 968 378 988 a
392 959 448 988 Deo
461 959 540 988 nobis
554 967 601 996 per
613 959 706 988 Iesum
719 959 858 988 Christum
873 960 998 996 suppedi-

216 1009 298 1032 tatur.
313 1003 391 1038 Quod
406 1009 498 1032 autem
511 1013 573 1032 vera
587 1005 641 1033 sint
654 1012 714 1040 quae
725 1005 832 1040 loquor,
850 1005 913 1034 hinc
923 1013 998 1034 com-

215 1051 354 1085 probatur,
371 1051 444 1086 quod
459 1059 520 1084 nos,
536 1051 600 1078 licet
615 1050 767 1079 litterarum
787 1051 890 1086 ignari,
907 1051 996 1080 credi-

216 1104 277 1124 mus
292 1095 320 1123 in
338 1095 434 1130 Deum,
445 1104 477 1125 ac
497 1104 546 1132 per
563 1097 623 1133 ejus
639 1105 732 1133 opera,
752 1097 838 1133 ipsius
850 1098 878 1126 in
903 1099 996 1126 omnia

215 1143 412 1178 providentiam
425 1144 562 1173 nevimus.
576 1144 655 1179 Quod
667 1150 757 1172 autem
771 1144 863 1172 efﬁcax
882 1146 918 1173 sit
930 1146 999 1174 ﬁdes

214 1193 317 1223 nostra,
331 1189 395 1217 hinc
406 1190 569 1225 ostenditur,
581 1191 652 1226 quod
664 1191 743 1219 nobis
754 1190 806 1218 ﬁde
818 1191 845 1218 in
858 1191 996 1219 Christum

214 1234 326 1268 innixis,
341 1235 418 1263 vobis
433 1243 500 1263 vero
515 1236 671 1272 sophisticis
683 1236 935 1272 disceptationibus,
950 1245 997 1265 ve-

214 1285 272 1309 stra
295 1282 404 1317 quidem
428 1282 563 1310 idolorum
584 1286 707 1318 portenta
732 1282 887 1317 abolentur;
902 1287 996 1312 nostra

211 1334 278 1354 vero
301 1326 368 1355 ﬁdes
392 1327 493 1363 ubique
518 1333 692 1363 propagatur.
708 1327 764 1356 Vos
783 1329 951 1363 argumentis
969 1333 997 1358 et

213 1371 426 1407 sophismatibus
447 1373 583 1401 neminem
602 1373 820 1402 Christianon
837 1375 870 1403 ad
884 1375 995 1411 pagani-

213 1426 304 1446 smum
323 1418 465 1447 traducitis
477 1428 485 1453 ;
503 1427 552 1448 nos
565 1420 645 1447 ﬁdem
667 1427 731 1456 erga
743 1420 883 1449 Christum
896 1421 996 1449 docen-

212 1469 264 1497 tes,
278 1468 396 1492 vestram
416 1465 565 1493 minuimus
583 1466 804 1500 superstitionem
817 1486 825 1499 ,
847 1474 996 1503 agnoscen-

1053 919 1214 955 Ἑλληνικῶν
1229 919 1326 955 ἐχομεν
1347 919 1377 946 τὸ
1398 920 1562 955 μυστήριον·
1584 918 1640 946 ἀλλ’
1664 919 1693 945 ἐν
1714 918 1830 953 δυνάμει
1872 920 1878 925 ’

1047 965 1438 1001 πίστεωςέπιχορηγουμένης
1459 966 1524 1001 ἡμῖν
1538 964 1581 991 διὰ
1602 963 1689 999 Ἰησοῦ
1709 961 1830 999 Χριστοῦ

1047 1011 1122 1048 παρὰ
1135 1011 1212 1038 Θεοῦ.
1228 1012 1283 1039 Καὶ
1299 1012 1339 1038 ὃτι
1361 1011 1464 1047 ἀληθής
1478 1012 1552 1039 ἐστιν
1567 1011 1582 1038 ὁ
1596 1010 1684 1046 λόγος,
1700 1009 1753 1037 ἰδοὺ
1768 1009 1828 1042 νῦν,

1048 1057 1085 1094 μὴ
1111 1058 1239 1093 μαθόντες
1262 1058 1342 1093 ἡμεῖς
1355 1058 1520 1093 γράμματα,
1537 1057 1701 1093 πιστεύομεν
1720 1058 1760 1089 εἰς
1782 1057 1830 1083 τὸν

1045 1102 1121 1133 Θεὸν,
1137 1101 1362 1137 ἐπιγινώσκοντες
1378 1102 1421 1128 διὰ
1437 1103 1491 1130 τῶν
1505 1102 1663 1138 ποιημάτων
1684 1101 1764 1128 αὑτοῦ
1778 1101 1830 1137 τὴν

1046 1147 1087 1179 εἰς
1100 1147 1188 1174 πάντα
1203 1147 1342 1183 πρόνοιαν.
1360 1147 1414 1175 Καὶ
1426 1147 1467 1174 ὅτι
1480 1148 1593 1183 ἐνεργής
1608 1147 1680 1173 ἐστιν
1698 1146 1715 1181 ἡ
1736 1146 1828 1177 πίστις

1046 1193 1141 1228 ἡμῶν,
1163 1193 1218 1221 ἰδοὺ
1244 1192 1292 1220 νῦν
1308 1194 1389 1229 ἡμεῖς
1410 1192 1604 1230 ἐπερειδόμεθα
1618 1192 1672 1228 (68)
1689 1194 1722 1228 τῇ
1737 1193 1830 1219 πίστει

1045 1239 1077 1273 τῇ
1089 1239 1129 1270 είς
1140 1237 1184 1265 τὸν
1195 1239 1322 1273 Χριστὸν,
1331 1238 1409 1273 ὑμεῖς
1421 1238 1449 1264 δὲ
1461 1238 1628 1273 σοφιστικαῖς
1639 1237 1826 1272 λογομαχίαις.

1046 1283 1099 1310 Καὶ
1110 1284 1143 1311 τὰ
1157 1284 1206 1319 μὲν
1221 1285 1286 1319 παρ’
1301 1284 1369 1319 ὑμῖν
1381 1283 1435 1311 τῶν
1451 1283 1567 1310 εἰδώλων
1584 1283 1714 1318 φάσματα
1729 1290 1830 1318 καταρ-

1045 1329 1144 1365 γεῖται,
1158 1330 1174 1364 ἡ
1186 1328 1215 1356 δὲ
1226 1329 1290 1364 παρ’
1305 1330 1369 1365 ἡμῖν
1380 1328 1470 1360 πίστις
1482 1328 1665 1355 ἐπεκτείνεται
1677 1327 1826 1363 πανταχοῦ.

1045 1374 1101 1400 Καὶ
1120 1374 1198 1409 ὑμεῖς
1214 1374 1262 1410 μὲν
1284 1374 1502 1410 συλλογιζόμενοι
1522 1374 1570 1401 καὶ¹
1594 1373 1776 1408 σοφιζόμενοι,
1794 1373 1826 1399 οὺ

1047 1419 1222 1455 μεταπείθετε
1250 1420 1304 1447 άπὸ
1331 1419 1544 1456 Χριστιανισμοῦ
1567 1420 1607 1451 εἰς
1633 1419 1825 1455 Ἐλληνισμόν-

1045 1467 1124 1502 ἡμεῖς
1139 1466 1167 1492 δὲ
1182 1466 1232 1501 τὴν
1246 1467 1286 1498 είς
1300 1465 1416 1502 Χριστὸν
1432 1465 1522 1493 πίστιν
1537 1465 1704 1497 διδάσκοντες
1713 1485 1720 1498 ,
1735 1465 1827 1500 ψιλοῦ-

211 1509 285 1554 tibus
295 1509 432 1543 omnibus,
448 1509 589 1538 Christum
607 1511 692 1538 Deum
704 1519 765 1540 esse
779 1517 806 1540 et
822 1511 869 1540 Dei
883 1513 992 1540 Filium.

1048 1520 1096 1546 μεν
1107 1511 1170 1546 ὑμῖν
1183 1511 1231 1546 τὴν
1241 1511 1460 1546 δεισιδαιμονίαν,
1470 1511 1703 1545 ἐπιγινωσκόντων
1716 1510 1826 1538 πάντων

212 1553 267 1582 Vos
290 1554 444 1591 eloquentia
470 1561 560 1584 vestra
583 1557 683 1585 Christi
705 1557 858 1586 doctrinam
883 1559 995 1587 minime

210 1600 348 1635 impeditis
368 1609 377 1629 :
398 1609 449 1630 nos
472 1601 611 1630 Christum
636 1603 796 1631 cruciﬁxum
812 1604 995 1638 nominantes,

211 1654 308 1676 omnes
335 1647 463 1684 fugamus
481 1648 636 1683 dzemones,
661 1657 732 1685 quos
748 1654 778 1677 ut
796 1650 861 1678 deos
880 1650 993 1678 timetis.

210 1692 244 1719 Et
258 1693 304 1721 ubi
326 1694 434 1729 signum
454 1695 543 1722 crucis
567 1695 710 1727 formatur,
733 1696 837 1731 magica
858 1703 903 1724 ars
921 1697 996 1725 vires

210 1739 319 1773 amittit,
335 1744 417 1775 atque
433 1740 563 1768 veneﬁcia
576 1741 642 1768 nihil
656 1742 764 1770 virtutis
776 1741 889 1771 habent.

246 1868 290 1897 79.
307 1868 393 1898 Dieite
405 1877 480 1905 ergo,
497 1870 607 1898 ubinam
622 1876 685 1899 sunt
699 1871 809 1899 oracula
822 1872 932 1900 vestra?
946 1871 991 1899 ubi

209 1913 400 1951 Egyptierum
423 1916 641 1944 incantationes?
655 1917 700 1945 ubi
718 1925 859 1952 magorum
876 1919 991 1953 phanta-

1044 1556 1088 1583 τὸν
1107 1557 1224 1592 Χριστὸν
1245 1555 1315 1584 εἶναι
1340 1556 1416 1589 Θεὸν,
1439 1557 1486 1584 καὶ
1509 1557 1556 1584 τοῦ
1584 1556 1650 1584 Θεοῦ
1673 1557 1747 1584 Υίόν.
1771 1557 1827 1583 Καὶ

1045 1601 1123 1636 ὑμεῖς
1141 1600 1190 1636 μὲν
1206 1602 1239 1636 τῇ
1260 1600 1419 1636 καλλιεπείᾳ.
1440 1601 1489 1627 οὐκ
1514 1599 1671 1636 ἐμποδίζετε
1696 1599 1752 1635 (69)
1775 1599 1825 1635 τὴν

1043 1645 1091 1672 τοῦ
1117 1645 1234 1680 Χριστοῦ
1260 1645 1453 1673 διδασκαλίαν·
1474 1647 1556 1682 ἡμεῖς
1577 1646 1625 1679 δὲ,
1648 1646 1827 1681 ὀνομάζοντες

1043 1691 1088 1718 τὸν
1109 1691 1314 1727 ἐσταυρωμένον
1337 1691 1463 1727 Χριστὸν,
1490 1692 1593 1724 πάντας
1615 1691 1748 1727 διώκομεν
1771 1690 1824 1717 δαί-

1046 1745 1145 1772 μονας,
1169 1737 1215 1769 οὓς
1233 1737 1311 1772 ὑμεῖς
1333 1737 1458 1771 φοὸεῖσθε
1477 1737 1514 1769 ὡς
1529 1735 1615 1768 θεοὺς.
1631 1736 1687 1763 Καὶ
1710 1735 1773 1762 ἔνθα
1793 1735 1824 1762 τὸ

1045 1785 1156 1819 σημεῖον
1170 1783 1218 1810 τοῦ
1242 1782 1357 1819 σταυροῦ
1378 1783 1500 1817 γίνεται,
1522 1782 1628 1809 ἀσθενεῖ
1644 1782 1693 1817 μὲν
1714 1781 1822 1817 μαγεια,

1043 1828 1093 1855 οὐκ
1106 1829 1212 1865 ἐνεργεῖ
1225 1827 1253 1855 δὲ
1265 1827 1434 1864 φαρμακεία.

1080 1872 1124 1900 79.
1145 1873 1245 1899 Εῐπατε
1261 1872 1336 1907 γοῦν,
1349 1872 1400 1898 ποῦ
1415 1871 1467 1906 ;νῦν
1481 1872 1557 1908 ὑμῶν
1570 1871 1604 1898 τὰ
1617 1872 1745 1907 μαντεῖα;
1771 1871 1824 1899 πωῖ

1044 1919 1073 1945 αἱ
1089 1918 1143 1945 τῶν
1157 1918 1311 1953 Αἰγυπτίων
1325 1917 1461 1952 ἐπαοιδαῖς
1478 1917 1528 1944 ποῦ
1541 1917 1595 1944 τῶν
1608 1918 1701 1953 μάγων
1715 1917 1744 1944 αῖ
1759 1926 1827 1952 φαν-

870 1977 995 2006 VERSIO
1014 1977 1164 2006 EVAGRII.

209 2025 406 2062 spondentibus
422 2025 568 2054 ﬁrmiorem
584 2027 756 2054 sermonibus
771 2027 953 2062 operationem
969 2035 1042 2059 esse,
1055 2031 1081 2055 et
1102 2027 1172 2054 hanc
1182 2027 1311 2062 liquidam
1323 2026 1357 2054 de
1371 2025 1424 2054 Deo
1435 2025 1634 2062 cognitionem;
1651 2025 1720 2062 bene
1733 2032 1780 2052 eos
1797 2029 1826 2052 et

209 2062 267 2097 ipse
279 2060 381 2097 dixisse
395 2062 535 2092 consensit
550 2070 557 2092 ;
573 2063 637 2097 quia
655 2060 851 2096 operationem,
874 2063 920 2097 qui
943 2070 974 2090 ex
992 2063 1044 2090 ﬁde
1054 2060 1306 2094 descendit,'animi
1321 2066 1437 2097 generat
1461 2060 1587 2097 aﬁ‘ectus;
1605 2060 1744 2097 dialectica
1761 2067 1826 2097 vero

207 2095 394 2132 disputatione
403 2104 434 2123 ex
452 2097 567 2132 artiﬁcio
582 2095 803 2132 componentium
819 2095 935 2132 sumpsit
949 2098 1127 2132 oppositionis
1138 2097 1290 2125 exordium.
1315 2095 1382 2124 Cum
1407 2104 1481 2131 ergo,
1497 2096 1545 2129 ait,
1561 2095 1744 2130 operationem
1762 2095 1824 2121 ﬁdei

209 2131 302 2158 animo
316 2130 396 2158 sitam
414 2131 476 2166 quis
493 2131 629 2165 habuerit,
646 2130 784 2166 superﬂua
805 2133 857 2159 erit
871 2130 1016 2160 verborum
1039 2132 1210 2167 compositio.
1223 2140 1271 2166 per
1285 2139 1367 2166 quam
1382 2130 1540 2167 conceptam
1560 2134 1751 2167 sensu‘nostro
1765 2137 1825 2157 cre-

208 2166 350 2202 dulitatem
376 2164 486 2194 tentatis
508 2167 632 2197 evellere.
647 2173 673 2194 ct
682 2164 775 2194 tamen
791 2175 862 2202 sape
876 2172 984 2195 nostras
1003 2164 1138 2202 explicare
1161 2164 1351 2202 intelligen'tias
1374 2173 1428 2193 non
1442 2164 1548 2194 valetis.
1562 2164 1601 2192 ita
1619 2164 1744 2193 solidiora
1762 2169 1826 2192 sunt

208 2201 416 2237 meintis_opera.
431 2209 513 2236 quam
538 2202 734 2237 sophismatum
752 2202 809 2237 (70)
825 2201 999 2230 fraudulenta
1012 2203 1162 2230 conclusio.

246 2236 289 2263 78.
309 2234 365 2272 Nos
386 2234 536 2264 Christiani
554 2234 713 2272 mysterium
738 2234 804 2265 vitae
822 2244 923 2265 nostra:
946 2246 998 2265 non
1024 2238 1050 2265 in
1069 2237 1202 2272 sapientia
1220 2237 1315 2264 mundi
1339 2236 1471 2264 habemus
1487 2235 1647 2270 repositum,
1664 2234 1710 2262 sed
1727 2234 1753 2261 in
1767 2234 1825 2272 vir--

207 2275 266 2299 tute
283 2271 356 2303 lidei,
373 2279 434 2308 qua:
447 2272 526 2299 nobis
545 2267 630 2308 abeo
643 2273 742 2308 tributa
757 2280 804 2308 per
820 2272 959 2300 Christum
971 2279 1022 2300 est.
1036 2267 1112 2300 Hane
1121 2272 1496 2308 orationisrmeterveritatem,
1511 2267 1612 2308 rerum.
1630 2277 1691 2308 qua;
1703 2270 1825 2308 quotidie

208 2310 355 2341 geruntur,
371 2305 438 2334 ordo
450 2307 632 2340 commendat.
645 2307 728 2335 Nobis
744 2305 876 2342 imperitis
889 2313 916 2335 et
929 2309 1078 2336 litterarum
1086 2312 1239 2335 vestrarum
1257 2307 1358 2342 ignaris
1366 2306 1399 2333 ad
1416 2306 1460 2333 Dei
1469 2306 1650 2342 cognitionem
1665 2305 1724 2339 eius
1735 2305 1824 2332 solum

187 2342 189 2355 ν
207 2342 289 2380 verba
306 2342 453 2369 suﬁiciunt.
471 2342 539 2380 Ecce
556 2350 606 2370 nos
617 2347 664 2380 _tot
692 2341 850 2380 gentilitatis
863 2343 989 2380 gregibus
1009 2343 1148 2380 abstracti,
1173 2343 1199 2370 in
1214 2343 1369 2380 universum
1380 2341 1472 2380 orbem
1486 2341 1607 2380 quotidie
1622 2347 1822 2380 propagatum;

206 2377 286 2413 vobis
302 2384 368 2413 vero
381 2382 442 2412 post
453 2377 598 2413 adventum
615 2374 733 2410 Domiiii.
749 2374 1074 2413 nodosae'sophismatum
1087 2374 1243 2405 defecerunt
1255 2377 1390 2404 versuti-at.
1411 2376 1483 2413 Ecce
1495 2374 1544 2403 nos
1558 2374 1824 2413 simplicemChristi

207 2412 287 2448 ﬁdem
302 2409 441 2448 docentes,
458 2412 637 2440 idololatriam
650 2409 854 2445 debellavimus,
872 2418 898 2440 et
908 2409 960 2448 per
976 2413 1193 2448 praedicationem
1210 2412 1396 2448 ignominiosae
1411 2411 1510 2448 crucis,
1530 2409 1624 2438 aurata
1641 2409 1738 2444 templa
1754 2410 1825 2436 ceci-

205 2447 318 2485 derunt.
331 2446 399 2481 Vos,
416 2448 440 2475 si
454 2448 580 2485 potestis,
596 2449 740 2481 ostendite,
752 2449 863 2485 quibus
881 2446 1054 2485 contentione
1071 2446 1407 2485 verborum‘gentilitatem
1424 2446 1533 2485 Christo
1552 2452 1708 2485 praeponere
1730 2452 1825 2485 suase:

206 2482 277 2520 ritis.
291 2482 343 2520 Per
366 2479 464 2520 omnes
475 2483 531 2520 jam
555 2479 640 2520 térras
657 2479 738 2520 verus
752 2479 798 2511 σεξ
814 2483 900 2520 Filius
919 2484 1044 2511 Christus
1067 2487 1108 2520 est
1135 2479 1262 2520 agnitus;
1280 2482 1347 2509 nihil
1365 2481 1517 2520 eloquentia
1533 2479 1741 2520 sophismatum:
1756 2479 1825 2506 nihil

205 2517 357 2552 disputatio
372 2515 551 2556 philosophia:
565 2519 731 2556 multitudini
750 2523 838 2553 potest
852 2519 949 2547 obesse
965 2519 1143 2556 credentium.
1153 2515 1326 2556 cruciﬁxum
1343 2517 1527 2556 nominamus,
1546 2520 1573 2556 et
1591 2515 1711 2556 universi
1723 2515 1826 2556 daemo-

205 2551 268 2590 nes,
283 2561 354 2588 quos
368 2551 416 2581 vos
431 2559 460 2581 ut
471 2551 537 2581 deos
550 2554 652 2587 colitis,
667 2551 789 2590 rugiuht,
804 2557 886 2589 atque
904 2561 938 2581 ex
956 2554 1076 2582 obsessis
1090 2554 1252 2588 corporibus
1268 2553 1301 2580 ad
1316 2553 1433 2588 primum
1449 2551 1596 2579 Dominicae
1611 2551 1701 2578 crucis
1715 2551 1824 2584 signum

204 2586 344 2616 fugantur.

259 2622 285 2650 9.
305 2622 356 2651 Ubi
371 2627 436 2650 sunt
447 2623 492 2650 illa
507 2623 631 2651 fabulosa
642 2624 777 2652 oracula?
792 2623 839 2651 ubi
851 2623 1040 2660 Egyptiorum
1060 2625 1258 2652 incantationes
1272 2622 1284 2650 ?
1297 2631 1352 2658 quo
1371 2629 1512 2658 magorum
1525 2621 1665 2657 profecere
1680 2619 1801 2648 carmina
1811 2621 1824 2646 Υ

240 2682 383 2713 ’διίῖοικι
402 2684 444 2711 l7.

313 2761 359 2800 §ic
370 2770 466 2800 omnes
477 2765 666 2800 manuscripti.
680 2765 762 2797 E-liti,
775 2765 884 2800 ὁρᾶσθε.

202 2796 357 2860 Μὰσέῗὲυιισ
377 2797 434 2826 fere
449 2806 546 2827 omnes
563 2796 751 2835 manuscripti.
773 2796 855 2835 E'diti,
879 2801 990 2836 ἀπερει-

1081 2766 1138 2801 (69)
1152 2765 1388 2801 Siermanuscripli
1398 2771 1502 2801 omnes.
1517 2763 1586 2791 Edili
1601 2762 1730 2795 vero,xa.i
1745 2759 1822 2796 ὑμῶν

1043 2799 1093 2829 ουκ
1109 2800 1279 2836 ἐμποδίζετε,
1290 2800 1398 2836 omissis
1409 2799 1511 2826 multis.

1077 2834 1133 2872 (70)
1146 2835 1318 2871 Manuscripti
1332 2835 1453 2870 quidam,
1468 2834 1655 2869 sophistarum.
