1954 3041
235 143 287 172 935

532 145 561 173 S.
581 145 764 174 ATIIANASII
781 145 855 173 OPP.
876 145 965 173 PARS
982 145 1002 172 1.
1020 161 1056 166 -
1074 143 1255 172 HISTORICA
1273 142 1317 170 ΕΤ
1337 141 1544 170 DOGMATICA.

1788 139 1841 168 956

232 208 312 238 atque
325 203 373 230 viri
390 203 531 239 prudentia
556 212 659 232 necnon
683 205 756 232 edito
773 205 851 240 signo
867 204 1009 240 stupefacti

1065 204 1176 239 ἔστησαν
1189 204 1213 229 οἱ
1231 202 1367 238 ἄνθρωποι
1392 201 1548 236 ὁλόκληροι,
1575 199 1772 234 σωφρονοῦντες
1792 200 1840 227 καὶ

233 254 304 276 sunt.
322 249 456 276 Antonius
476 257 542 276 vero
560 250 598 277 ait
613 259 619 276 :
632 250 688 277 Cur
706 250 867 277 miramini?
881 258 936 278 non
960 258 1010 278 nos

233 293 290 320 hmc
300 294 414 327 agimus,
430 294 477 320 sed
485 293 612 321 Christus
631 302 679 328 per
690 302 737 321 eos
749 295 796 329 qui
805 295 831 321 in
841 302 870 321 sc
884 295 1009 326 credunt,

232 339 290 365 hec
305 337 557 372 operatur.Credite
570 340 659 373 itaque
685 347 733 366 vos
759 339 821 374 ipsi,
834 339 1011 374 videbitisque

233 387 325 411 nostra
341 391 392 410 non
402 384 546 411 verborum
557 385 699 411 artiﬁcium
716 392 786 413 esse.
802 384 848 411 sed
860 383 938 411 fidem
952 392 1012 419 qua:

233 437 280 464 per
293 430 462 457 dilectionem
479 431 505 456 in
519 430 657 458 Christum
669 435 796 465 operatur
808 440 815 457 :
831 437 912 464 quam
929 430 951 457 si
964 438 1012 456 na-

232 476 268 502 cti
281 475 396 508 fueritis,
410 483 464 502 non
484 475 597 503 ulterius
612 480 771 511 argumenta
791 475 934 502 verborum
951 483 1010 509 per-

232 521 362 555 quiretis;
376 521 458 557 684
469 522 515 549 sed
532 522 610 549 fidem
626 522 652 548 in
673 522 811 549 Christum
824 521 945 548 sufﬁcere
962 528 1012 547 vo-

232 565 276 593 his
295 566 497 594 existimabitis.
512 565 648 594 Hactenus
659 566 769 593 Antonii
788 566 881 593 verba.
899 565 938 592 Illi
961 566 1012 592 hoc

231 619 340 646 quoque
354 612 490 644 admirati,
509 619 656 646 senemque
672 613 828 646 amplexati,
841 612 990 639 discessere
1003 621 1009 638 :

232 664 316 692 seque
329 665 361 684 ex
381 665 414 685 eo
428 659 570 685 utilitatem
587 657 692 692 cepisse
707 657 771 684 fassi
787 661 860 684 sunt.

1060 249 1281 284 εὐχαριστοῦντες
1290 242 1330 282 ίτῷ
1344 247 1437 282 Κυρίῳ
1459 246 1559 272 λοιπόν.
1583 246 1637 272 Καὶ
1651 246 1674 271 οἱ
1695 245 1745 280 μὲν
1762 245 1839 279 λεγό-

1064 301 1139 328 μενοι
1152 292 1291 327 φιλόσοφοι
1304 291 1466 326 ἐθαύμαζον,
1476 291 1523 317 καὶ
1531 289 1636 325 ἀληθῶς
1650 289 1840 325 ἐξεπλήττοντο

1063 339 1110 365 ἐπὶ
1119 340 1153 374 τῇ
1166 337 1270 364 συνέσει
1284 337 1331 364 τοῦ
1342 337 1446 373 ἀνδρὸς,
1464 336 1509 362 καὶ
1520 335 1558 370 τῷ
1571 335 1707 370 γενομένῳ
1717 335 1821 370 σημείῳ
1830 343 1837 350 ·

1063 385 1077 410 ὁ
1089 384 1117 410 δὲ
1139 383 1278 415 Ἀντώνιος
1304 383 1366 418 ἔφη,
1382 383 1414 409 Τί
1431 381 1582 416 θαυμάζετε
1604 381 1650 407 ἐπὶ
1676 380 1773 416 τούτῳ;
1789 381 1840 407 οὒκ

1062 430 1144 464 ἐσμὲν
1158 430 1239 464 ἡμεῖς
1252 429 1277 454 οἱ
1291 427 1438 459 ποιοῦντες,
1451 426 1508 453 ἀλλ’
1522 427 1536 453 ὁ
1545 426 1659 462 Χριστός
1673 426 1756 457 ἐστιν,
1769 426 1782 451 ὁ
1795 425 1840 451 διὰ

1057 475 1113 501 τῶν
1129 476 1170 507 είς
1185 475 1266 501 αὺτδν
1278 474 1458 500 πιστευόντων
1470 473 1556 500 ταῦτα
1565 473 1658 500 ποιῶν.
1675 471 1839 498 “medea-rs

1058 519 1105 548 οὖν
1121 521 1168 547 χαὶ
1185 521 1278 556 ὑμεῖς·
1295 520 1341 547 καὶ
1351 519 1448 554 ὕψεσθε
1459 539 1466 551 ,
1483 519 1524 546 ὅτι
1547 520 1577 545 οὐ
1602 518 1680 554 τέχνη
1701 518 1787 552 λόγων
1804 517 1840 545 τὰ

1059 568 1125 602 παρ⁴
1140 568 1205 602 ἡμῖν
1222 567 1306 598 ἐστιν,
1322 565 1389 592 ἀλλὰ
1401 565 1491 596 πίστις
1500 565 1533 591 δι’
1549 565 1658 599 ἀγάπης
1674 565 1722 600 τῆς
1741 565 1781 596 εἰς
1793 564 1840 591 τὸν

1059 611 1175 647 Χριστὸν
1185 611 1397 646 ἐνεργουμένης
1409 610 1503 645 ἥντινα.
1517 609 1565 636 ἐὰν
1576 610 1681 645 σχοίητε
1693 610 1739 636 καὶ
1750 610 1837 642 ὑμεῖς,

1058 657 1148 683 οὐκέτι
1157 656 1206 688 τὰς
1221 656 1264 682 διὰ
1280 655 1366 690 λόγων
1374 655 1522 687 ἀποδείξεις
1538 655 1668 690 ζητήσετε
1681 662 1688 668 ·
1703 654 1759 681 ἀλλ’
1772 655 1841 680 αὺτ-

231 703 302 738 ἀρκη
315 703 364 738 τὴν
383 704 423 734 είς
437 703 483 729 τὸν
501 703 616 738 Χριστὸν
644 702 735 729 πίστιν
754 702 899 738 ἡγήσεσθε.
914 701 1006 728 Ταῦτα
1025 701 1072 728 τοῦ
1094 701 1233 728 Ἀντωνίου
1261 701 1295 728 τὰ
1324 702 1448 736 ῥήματα*
1475 701 1572 726 ἐκεῖνοι
1585 700 1614 726 δὲ
1637 700 1683 726 καὶ
1705 700 1734 726 ἐν
1753 699 1841 734 τούτῳ

231 748 424 783 θαυμάζοντες,
437 749 599 785 ἀνεχώρουν,
613 749 847 784 καταοπιξύμενοι
862 749 951 780 αὑτὸν,
961 749 1008 775 καὶ
1027 747 1219 784 ὁμολογοῦντες
1232 746 1392 782 ὠφελεῖσθαι
1408 747 1472 782 παρ’
1490 746 1581 773 αὑτοῦ.

266 794 309 822 8i.
327 795 409 823 Porro
434 796 544 824 Antonii
571 797 643 825 fama
666 798 698 824 ad
722 797 898 832 imperatores
922 804 1009 831 usque

232 842 361 876 pervenit.
385 841 447 869 Haec
470 844 543 870 enim
569 851 630 871 cum
660 844 799 872 didicisset
815 844 1009 872 Consmntinus

231 886 389 921 Augustus,
410 888 528 923 itemque
551 889 597 916 lilii
620 889 678 924 ejus
705 889 880 917 Constantius
898 893 926 916 et
939 888 1011 916 Con-

232 934 307 957 stans
321 930 447 966 Augusti,
463 933 501 959 illi
516 937 644 968 tanquam
659 934 728 968 patri
745 934 890 969 scripsere,
906 934 1010 962 litteras

1097 795 1141 823 8L
1155 795 1274 830 Ἔφθασε
1289 795 1316 821 δὲ
1327 795 1374 822 καὶ
1389 795 1467 830 μέχρι
1481 794 1612 829 βασιλέων
1627 795 1643 829 ἡ
1660 794 1722 829 περὶ
1740 794 1840 821 Ἀντω-

1062 841 1119 868 νίου
1136 844 1223 877 φήμη.
1239 841 1330 868 Ταῦτα
1341 841 1394 876 γὰρ
1410 840 1539 875 μαθόντες
1549 841 1749 872 Κωνσταντῖνος
1762 841 1776 867 ό
1786 840 1841 867 Αὖ-

1064 896 1185 923 γουστος,
1201 889 1248 914 καὶ
1263 889 1286 914 οἱ
1302 888 1353 913 υίοὶ
1365 886 1446 913 αὐτοῦ
1459 886 1645 918 Κωνστάντιος
1654 887 1700 913 καὶ
1710 887 1842 919 Κώνστας
1866 918 1870 921 Ι

1063 935 1087 961 οἰ
1103 934 1259 969 Δῠγουστοι,
1276 934 1393 969 ἔγραφον
1405 932 1478 968 αὑτῷ
1493 933 1531 964 ὡς
1545 933 1642 968 πατρὶ,
1659 933 1706 960 καὶ
1726 932 1843 968 ηὔχοντο

231 981 326 1004 mutuo
339 977 372 1004 ab
390 978 436 1005 illo
452 979 574 1014 accipere
593 985 774 1015 peroptautes.
789 980 826 1007 At
844 980 889 1008 ille
908 988 1011 1016 nequa-

1065 980 1208 1015 λαμὸάνειν
1227 979 1377 1014 ἀντίγραφα
1395 978 1450 1014 (76)
1468 978 1532 1014 παρ’
1548 978 1639 1005 αὑτοῦ.
1655 978 1723 1004 Ἀλλ’
1733 978 1795 1005 οὔτε
1807 978 1843 1006 τὰ

232 1029 313 1054 quam
330 1024 419 1058 magni
438 1023 553 1052 faciebat
567 1032 614 1052 eas
629 1026 734 1053 litteras
747 1035 754 1053 :
771 1033 821 1053 nec
834 1026 878 1053 his
893 1027 1011 1061 acceptis

231 1067 353 1101 epistolis
365 1068 474 1103 gavisus
486 1074 543 1097 est:
554 1070 600 1097 sed
615 1070 676 1098 talis
689 1075 758 1102 erat,
773 1071 862 1105 qualis
873 1076 935 1098 ante
945 1071 1011 1099 scri-

233 1119 293 1147 ptas
306 1114 366 1141 illas
384 1114 418 1141 ab
431 1115 650 1149 imperatoribus.
660 1116 726 1143 Cum
741 1116 910 1144 deferrentur
921 1122 1009 1144 autem

235 1158 501 1192 hujusmodilitterse,
513 1160 609 1188 accitis
624 1161 775 1193 monachis.
787 1161 877 1188 aiebat
891 1160 947 1188 :Ne
963 1161 1012 1187 mi-

235 1204 332 1231 remitti
348 1204 371 1231 si
387 1205 420 1232 ad
436 1213 485 1233 nos
499 1206 600 1234 scribat
616 1206 772 1241 imperator,
785 1207 868 1234 homo
881 1214 942 1234 cum
960 1207 1010 1239 sit;

235 1249 282 1276 sed
300 1249 436 1276 miramini
459 1251 548 1285 potius
564 1251 636 1286 quod
659 1251 743 1285 legem
768 1251 921 1278 hominibus
945 1251 1013 1278 scri-

235 1295 321 1328 pserit
331 1294 412 1328 Deus,
427 1299 454 1322 et
468 1303 516 1330 per
532 1297 671 1331 proprium
694 1296 791 1324 Filium
810 1297 952 1324 nobiscum
972 1298 1012 1324 lo-

235 1344 314 1367 cutus
327 1340 399 1368 sit“.
415 1340 447 1368 Et
468 1349 531 1368 vero
547 1342 654 1369 nolebat
676 1342 779 1369 litteras
798 1342 858 1370 illas
879 1343 1012 1378 accipere.

235 1385 320 1418 aiens,
339 1393 368 1413 se
386 1387 491 1414 nescire
505 1387 638 1421 ejusmodi
661 1388 758 1415 litteris
778 1388 934 1415 rescribere.
960 1387 1012 1415 Sed

235 1431 405 1459 hortantibus
418 1433 568 1464 monachis,
577 1433 762 1468 aientilmsque
772 1433 941 1461 Christianos
953 1441 1014 1462 esse

235 1475 425 1510 imperatores,
445 1477 647 1512 periculumque
673 1477 730 1504 fore
751 1485 783 1505 ne
809 1485 839 1505 se
861 1478 897 1505 ita
922 1479 1012 1512 sperni

235 1522 344 1557 indigne
367 1523 478 1556 ferrent,
496 1525 630 1551 concessit
646 1529 675 1552 ut
692 1532 731 1552 ea!
746 1525 917 1560 legerentur:
932 1531 1013 1560 atque

233 1568 383 1604 rescripsit,
399 1569 513 1597 laudans
529 1570 602 1605 ipsos
615 1571 685 1605 quod
701 1570 838 1598 Christum
854 1571 1011 1603 adorarent;

1060 1026 1209 1061 γράμματα
1224 1022 1296 1061 περὶ’
1304 1024 1400 1051 πολλοῦ
1413 1033 1484 1055 τινος
1499 1024 1624 1055 ἐποιεῖτο,
1636 1023 1696 1050 οὔτε
1713 1024 1758 1050 ἐπὶ
1781 1025 1843 1056 ταῖς

1061 1071 1213 1102 ἐπιστολαῖς
1225 1070 1348 1105 ὲγεγήθει
1358 1079 1364 1085 ε
1379 1071 1392 1096 ὁ
1406 1070 1486 1101 αὐτὸς
1499 1069 1527 1095 δὲ
1540 1067 1584 1104 ἦν,
1598 1067 1654 1100 οἷος
1664 1069 1709 1096 καὶ
1728 1069 1780 1105 πρὸ
1793 1069 1841 1096 τοῦ

1060 1117 1176 1152 γράφειν
1185 1115 1258 1150 αὐτῷ
1270 1116 1333 1147 τοὺς
1346 1114 1481 1149 βασιλέας.
1495 1114 1558 1140 "Urs
1573 1114 1601 1140 δὲ
1613 1114 1753 1149 ἐκομίζετο
1767 1113 1842 1149 αὐτῷ

1060 1163 1095 1189 τὰ
1109 1162 1268 1198 γράμματα,
1285 1160 1375 1188 ἐκάλει
1391 1161 1452 1192 τοὺς
1468 1160 1608 1196 μοναχοὺς,
1624 1160 1671 1187 ml.
1686 1159 1781 1194 ἐλεγεσ
1796 1160 1842 1196 Μὴ

1062 1208 1224 1244 Θαυμάζετε,
1239 1208 1263 1234 εί
1280 1207 1378 1242 γράφει
1392 1206 1516 1241 βασιλεὺς
1531 1206 1598 1241 πρὸς
1610 1206 1692 1241 ἡμᾶς,
1702 1205 1844 1240 ἄνθρωπος

1062 1255 1116 1290 γάρ
1125 1255 1207 1280 ἐστιν·
1221 1252 1287 1279 ἀλλὰ
1301 1252 1399 1287 μᾶλλον
1408 1251 1559 1287 θαυμάζετε
1575 1251 1641 1287 (77),
1651 1251 1690 1277 ’ὁτι
1701 1251 1715 1276 ὁ
1725 1251 1790 1282 Θεὸς
1796 1251 1844 1277 τὸν

1062 1301 1142 1336 νόμον
1160 1299 1311 1334 ἀνθρώποις
1327 1297 1439 1333 ἔγραψε,
1457 1298 1502 1324 καὶ
1518 1297 1562 1324 διὰ
1577 1297 1623 1323 τοῦ
1636 1297 1700 1323 ίδίου
1718 1297 1781 1323 Υίοῦ
1796 1296 1843 1322 λεο

1052 1346 1176 1381 ·λάληχεν
1197 1346 1270 1380 ἡμῖν.
1300 1344 1440 1371 Ἐϐούλετο
1454 1345 1503 1379 μὲν
1515 1341 1561 1370 οὖν
1588 1343 1624 1378 μὴ
1645 1343 1767 1378 δέχεσθαι
1792 1342 1845 1375 τὰς

1063 1389 1213 1421 ἐπιστολὰς,
1229 1389 1314 1423 λέγων
1331 1389 1380 1415 οὐκ
1394 1389 1490 1416 εἰδέναι
1503 1389 1570 1424 πρὸς
1587 1388 1622 1414 τὰ
1639 1387 1844 1417 τοιαῦτα,ἀντι-

1062 1435 1176 1471 γράφειν
1185 1444 1193 1451 ·
1209 1434 1377 1470 προτραπεὶς
1388 1434 1416 1460 δὲ
1428 1434 1502 1469 παρὰ
1509 1434 1562 1460 τῶν
1576 1433 1706 1469 μοναχῶν,
1723 1433 1762 1459 ὃτι
1776 1434 1843 1468 Χρι-

1063 1480 1162 1508 στιανοί
1175 1481 1243 1507 εἰσιν
1260 1481 1284 1507 οἱ
1298 1480 1425 1515 βασιλεῖς,
1443 1480 1489 1506 καὶ
1503 1480 1546 1506 ἵνα.
1564 1479 1600 1515 μὴ
1623 1479 1660 1511 ὡς
1675 1479 1843 1515 προρῤιφέν-

1061 1536 1106 1559 τες
1115 1527 1170 1562 (78)
1183 1526 1418 1560 σκωδαλισθῶσιν,
1435 1526 1583 1561 ἐπέτρεπεν
1599 1524 1842 1559 ἀναγινώσκεσθαι.

1063 1573 1117 1599 Καὶ
1123 1572 1300 1607 ἀπέγραφεν,
1309 1571 1504 1606 ἀποδεχόμενος
1511 1571 1560 1606 μὲν
1566 1571 1671 1602 αὐτοὺς,
1679 1571 1718 1596 ὅτι
1727 1570 1771 1596 τὸν
1777 1570 1844 1605 Χρι-

234 1613 369 1649 dabatque
384 1615 484 1642 monita
499 1616 612 1642 salutem
625 1616 772 1650 spectantia
785 1626 792 1643 :
807 1617 935 1644 monebat
948 1617 1011 1644 item

1065 1618 1125 1644 στὸν
1143 1617 1341 1654 προσκυνοῦσι,
1358 1617 1530 1643 ωνεὸούλευε
1546 1616 1574 1642 δὲ
1588 1616 1622 1643 τὰ
1633 1617 1673 1647 είς
1690 1615 1840 1651 σωτηρίαν·

235 1667 269 1686 ne
285 1661 427 1694 praesentia
439 1663 529 1696 magni
543 1661 671 1694 facerent,
688 1662 733 1689 sed
749 1663 838 1697 potius
850 1663 902 1690 diei
914 1662 1010 1697 judicii

1065 1664 1111 1691 καὶ
1129 1664 1165 1699 μὴ
1183 1663 1287 1699 μεγάλα
1302 1663 1426 1698 ἡγεῖσθαι
1447 1662 1482 1689 τὰ
1505 1662 1634 1698 παρόντα,
1662 1661 1729 1688 ἀλλὰ
1743 1661 1843 1696 μᾶλλον

235 1705 452 1738 recordarentur,
466 1707 619 1742 scirentque
634 1707 772 1734 Christum
790 1707 877 1735 solum
891 1712 917 1734 et
933 1713 1011 1734 aeter-

1067 1709 1243 1745 μνημονεύειν
1254 1709 1303 1744 τῆς
1321 1709 1468 1744 μελλούσης
1479 1708 1603 1744 κρίσεως,
1617 1707 1663 1733 καὶ
1682 1707 1788 1740 εἰδέναι,
1801 1708 1842 1734 ὅτι

895 1768 1021 1796 \‘ERSIO
1040 1769 1191 1798 EVAGRH.

234 1828 277 1864 est
288 1824 430 1864 sapientia.
447 1825 619 1864 Expaverunt
629 1829 700 1855 enim
718 1827 904 1864 stupentesad
920 1827 1068 1861 hominem,
1085 1829 1128 1856 cui
1143 1832 1204 1863 post
1218 1833 1322 1856 tantum
1343 1827 1494 1864 ingenium,
1508 1827 1628 1864 afflueret
1644 1827 1782 1864 signorum
1798 1827 1843 1864 di‘

235 1860 297 1886 vina
314 1860 430 1897 largitio.
445 1860 478 1888 At
498 1862 542 1888 ille
556 1863 681 1890 universa
691 1860 811 1894 Christo.
825 1863 871 1897 qui
885 1868 1003 1895 curarat,
1019 1860 1168 1896 ascribeits,
1186 1871 1252 1891 usus
1267 1869 1307 1890 est
1320 1860 1402 1889 affatu
1415 1863 1469 1897 (79)
1486 1863 1634 1896 reciproco,
1647 1867 1674 1889 et
1684 1862 1721 1889 ait
1734 1871 1740 1888 :
1756 1860 1844 1889 Nolite

236 1902 281 1932 me_
295 1901 390 1932 putare
406 1896 448 1932 his
462 1897 603 1923 sanitatem
615 1898 721 1925 dedisse
736 1907 743 1930 ;
758 1896 883 1924 Christus
900 1905 947 1932 per
961 1906 1053 1926 Servos
1066 1906 1130 1926 suos
1143 1899 1193 1925 ista
1207 1898 1336 1925 miracula
1355 1896 1427 1924 facit.
1444 1897 1549 1924 Credite
1564 1902 1590 1924 et
1606 1904 1664 1928 vos,
1681 1903 1708 1923 et
1718 1897 1843 1924 videbitis

235 1929 299 1962 quia
311 1930 406 1968 devota
422 1930 480 1968 _Deo
493 1932 569 1968 fides,
585 1940 639 1968 non
654 1933 815 1967 eloquentiae
834 1929 921 1960 vanus
942 1938 1041 1965 tumor,
1060 1934 1121 1960 talia
1139 1934 1212 1968 signa
1237 1938 1383 1960 mereatur.
1397 1931 1538 1967 Confugite
1553 1933 1585 1959 ad
1599 1932 1727 1968 Crucifixi
1745 1932 1841 1968 legem,

236 1971 340 2004 uosque
351 1965 410 2000 ejus
422 1965 745 2004 imitaminifamulosfet
757 1968 807 2004 hac
821 1968 943 2004 scientia,
958 1967 1009 1995 hac
1028 1968 1079 1995 ﬁde
1092 1968 1147 2004 (80)
1158 1965 1290 2004 contenti,
1307 1968 1379 1994 nulla
1401 1965 1528 2004 deinceps
1540 1967 1677 2004 saecularis
1687 1965 1844 2004 impruden-

237 2001 280 2038 μω
293 2004 451 2038 argumenta
464 2002 602 2035 quaeratis.
619 2001 892 2038 HaetenusrAntonio
905 2003 1020 2033 dicente.
1035 2001 1104 2030 miro
1121 2001 1271 2038 philosophi
1287 2007 1397 2036 stupore
1412 2002 1538 2036 perculsi,
1556 2010 1617 2029 cum
1629 2001 1778 2028 honoriﬁco
1794 2009 1840 2028 sa-

236 2033 320 2072 lutatu
327 2033 369 2072 :ab
383 2042 416 2072 eo
430 2033 596 2069 recedentes,
615 2039 729 2064 multum
742 2037 801 2070 ejus
815 2037 866 2064 sibi
883 2037 1036 2064 fatebantur
1051 2033 1184 2072 profuisse
1197 2033 1382 2072 conspectum.

271 2070 315 2106 8i.
327 2069 384 2096 Hoc
400 2070 428 2096 in
439 2078 471 2098 eo
483 2072 606 2099 mirabile
621 2078 671 2106 est,
683 2078 710 2099 nt
721 2069 857 2099 hominem
876 2073 902 2099 in
917 2077 1038 2099 extremo
1051 2069 1144 2100 inundi
1159 2073 1245 2099 limite
1259 2069 1407 2103 conditum,
1417 2077 1443 2098 et
1455 2071 1531 2098 favor
1542 2071 1704 2105 principum.
1717 2076 1743 2098 et
1753 2071 1844 2098 omnis

235 2105 383 2132 celebraret
397 2106 458 2132 aula
470 2106 576 2143 regalis.
589 2105 698 2143 Nam'et
710 2107 904 2135 Constantinus
918 2108 1066 2143 Augustus.
1084 2113 1111 2134 et
1130 2108 1189 2142 ejus
1210 2107 1286 2134 liberi
1310 2107 1443 2143 Constans
1466 2111 1546 2140 atque
1568 2106 1843 2143 Constantius,»talia

235 2144 441 2177 εοειιοεεεῃῑεῖξ,
457 2141 552 2177 crebro
564 2142 596 2168 ad
611 2150 684 2174 eum,
701 2143 777 2177 quasi
791 2143 824 2169 ad
844 2141 1064 2177 patremfmissis
1084 2141 1180 2170 litteris
1202 2142 1390 2174 obsecrabant,
1404 2147 1433 2169 ut
1456 2142 1603 2175 reciprocis
1615 2149 1663 2168 cos
1681 2141 1788 2177 scriptis
1801 2141 1843 2167 hi-

235 2175 345 2212 lararet.
362 2175 452 2202 Atille
467 2176 601 2210 ejusmodi
614 2175 737 2210 manens,
754 2175 878 2212 qualis’et
893 2182 1036 2212 antequam
1050 2179 1145 2205 littera:
1166 2178 1198 2204 ad
1221 2184 1282 2203 eum
1301 2177 1434 2207 venirent,
1450 2184 1500 2203 nec
1516 2177 1678 2203 salutatione
1691 2176 1842 2210 principum

236 2211 406 2247 movebatur,
419 2215 446 2237 et
464 2216 590 2245 tanquam
606 2220 659 2239 non
676 2211 794 2247 acceptis
811 2213 916 2244 litteris,
933 2211 1088 2240 convocatis
1103 2212 1363 2247 monacliisraiebat:
1386 2212 1472 2246 Reges
1487 2212 1577 2238 saeculi
1593 2211 1721 2245 epistolas
1738 2211 1771 2237 ad
1793 2218 1844 2237 nos

235 2246 379 2277 miserunt,
393 2253 454 2280 quae
467 2246 510 2272 hic
523 2247 686 2275 Christianis
706 2246 858 2275 adhibenda
877 2248 984 2275 tniratio
997 2248 1058 2276 est?
1073 2249 1134 2275 licet
1148 2247 1218 2274 enim
1235 2246 1340 2273 diversa
1359 2247 1394 2273 sit
1414 2247 1540 2280 dignitas,
1554 2251 1671 2273 attamen
1687 2246 1780 2272 cadent
1794 2253 1844 2271 na—

235 2280 328 2307 scendi
344 2281 531 2315 moriendique
543 2283 663 2309 conditio
676 2287 726 2310 est.
745 2281 797 2310 lsta
812 2287 875 2310 sunt
892 2283 1065 2310 veneratione
1084 2283 1157 2309 omni
1169 2282 1340 2316 percolenda,
1355 2282 1400 2308 illa
1425 2286 1480 2308 toto
1494 2281 1578 2307 animi
1591 2281 1687 2308 affectu
1704 2281 1843 2307 retinenda

234 2320 310 2352 sunt,
325 2316 398 2350 quod
412 2316 570 2352 hominibus
586 2316 657 2345 Deus
676 2318 761 2351 legem
780 2318 928 2352 scripserit,
942 2318 1013 2351 quod
1031 2325 1079 2352 per
1091 2315 1186 2343 Filium
1205 2325 1284 2344 suum
1301 2317 1416 2351 propriis
1432 2316 1565 2344 Ecclesias
1580 2315 1842 2352 ditaveriteloquiis.

235 2349 302 2388 Quae
313 2349 455 2388 monachis
466 2357 509 2388 est
523 2352 591 2388 ratio
605 2360 666 2379 cum
680 2349 799 2387 epistolis
808 2349 920 2386 regum?
932 2349 986 2388 Cur
1000 2349 1129 2388 accipiam
1139 2352 1252 2388 litteras,
1263 2349 1361 2387 quibus
1374 2356 1506 2388 consueta
1518 2351 1759 2388 neseianrreddere
1771 2350 1845 2377 salu-

236 2385 346 2422 tationis
360 2386 512 2420 obsequia?
526 2387 610 2421 Igitur
626 2385 735 2422 rogatus
751 2388 784 2414 ab
800 2385 933 2414 universis
947 2385 1085 2420 fratribus,
1101 2392 1130 2414 ut
1145 2385 1313 2414 Christianos
1326 2394 1404 2421 reges
1421 2387 1477 2413 suis
1491 2386 1591 2422 litteris
1604 2385 1794 2422 refrigeraret,
1808 2392 1844 2411 ne

235 2420 400 2460 scilicet‘per
416 2420 551 2460 silentium
561 2420 871 2460 ejusrefasperarcntur,
882 2423 914 2449 ad
922 2430 1061 2460 susceptas
1076 2423 1202 2457 epistolas
1213 2420 1403 2460 convenientia
1415 2421 1562 2455 rescripsit.
1581 2420 1711 2447 Laudavit
1726 2421 1842 2460 primurn

235 2455 310 2492 quod
324 2455 462 2492 Christum
475 2455 606 2490 colerent,
619 2455 713 2485 deinde
728 2458 856 2485 salutaria
867 2455 1013 2492 persuasit,
1027 2466 1060 2485 ne
1070 2455 1195 2492 magnam
1207 2461 1332 2492 putarent
1349 2456 1449 2491 regiam
1466 2460 1636 2490 potestatem,
1651 2463 1686 2482 ne
1702 2455 1844 2492 praesentis

235 2490 328 2517 carnis
340 2491 454 2527 imperio
469 2496 614 2525 tumentes,
626 2497 652 2520 et
664 2501 693 2520 se
708 2493 832 2520 homines
845 2490 906 2520 esse
918 2493 1064 2524 nescirent,
1075 2497 1101 2520 et
1115 2490 1276 2527 judieaiidos
1287 2499 1301 2519 a
1313 2490 1421 2527 Christo
1437 2491 1676 2527 obliviscerentur:
1690 2491 1723 2517 ad
1738 2495 1844 2524 postre-

236 2532 311 2552 mum
328 2526 477 2554 clementiae
487 2529 560 2555 circa
576 2528 713 2563 subjectos
726 2532 753 2555 et
763 2528 884 2562 justitim,
895 2535 968 2555 cura:
979 2535 1087 2563 quoque
1101 2526 1211 2563 inopum
1227 2526 1376 2559 admonuit,
1388 2531 1468 2561 atque
1480 2534 1564 2554 unum
1581 2526 1774 2561 sempitcrnutn
1784 2532 1845 2552 esse

273 2605 294 2620 “
307 2604 390 2633 Hebr.
401 2606 456 2639 1,2.

273 2684 329 2719 (76)
346 2683 393 2712 Sic
401 2684 466 2720 Reg.
479 2685 506 2716 2.
520 2685 596 2713 Colb.
610 2685 638 2717 2,
650 2690 676 2714 et
687 2685 848 2713 Savil.Editi
863 2689 889 2712 et
900 2685 955 2716 alii,
970 2686 1017 2711 ἀν-

236 2728 389 2762 τιγραμμα.
412 2720 473 2747 Mox
495 2729 561 2748 mss.
586 2729 654 2756 pene
667 2729 772 2754 omnes,
788 2722 834 2747 ἐπὶ
845 2722 913 2752 ταῖς.
933 2721 1016 2753 Editi,

259 2763 271 2780 Ε
293 2763 301 2780 ι
359 2764 382 2782 ς.

237 2763 258 2781 π
273 2757 393 2824 ἴπῖαέίε
406 2798 502 2818 omnes
520 2799 587 2825 pene
606 2799 673 2818 mss.
692 2791 719 2818 ln
733 2791 795 2818 aliis
812 2796 840 2818 et
859 2790 940 2818 editis
962 2798 1015 2817 non

237 2825 370 2861 reperitur
385 2825 558 2861 ΔΘαιυμάζετε.
585 2826 668 2856 Infra,
688 2831 747 2861 post
772 2827 912 2857 ἐϐούλετο,
941 2826 1016 2852 deest

238 2860 286 2894 μέν
305 2859 330 2887 in
349 2859 428 2887 editis
445 2866 470 2888 et
487 2862 512 2887 in
529 2859 714 2896 compluribus
735 2869 815 2895 mss,
845 2862 891 2889 sed
905 2861 1014 2889 habetur

1068 2684 1095 2711 in
1110 2684 1181 2711 aliis.

1104 2720 1169 2755 (78)Δ
1183 2719 1259 2746 Colb.
1275 2719 1302 2755 9..
1318 2719 1541 2755 axopétevasg,
1556 2725 1611 2745 non
1627 2715 1704 2744 male.
1726 2715 1791 2749 Reg.
1817 2715 1851 2746 2,,

1068 2753 1262 2790 απορηοέντες.
1280 2753 1583 2790 Savil.,&1roprj0é‘noi.

1101 2788 1157 2823 (79)
1175 2789 1220 2816 Sic
1234 2797 1299 2818 uss.
1316 2790 1385 2816 Editi
1402 2788 1523 2824 quidam,
1536 2788 1634 2824 afﬂatu.

1103 2820 1159 2858 (δυ)
1175 2824 1219 2850 Sic
1237 2820 1429 2858 Dcsmar.Alii,
1442 2825 1489 2851 hac
1504 2820 1690 2858 sciéiitiwﬁdc.
1707 2820 1847 2852 Editi,lwc

1065 2860 1180 2886 scirnlirr
1191 2859 1248 2893 line.
