1954 3041
584 100 597 111 t

97 149 151 178 965

748 144 829 173 VITA
849 143 878 171 S.
898 143 1049 173 ANTONII.

1645 146 1697 173 990

97 203 218 240 νομίζειν
229 203 267 240 μὴ
280 203 386 234 ἄλλους,
399 202 454 229 ἀλλ’
475 201 555 229 αὐτὸν
573 198 642 227 εἶναι
658 200 704 227 τὸν
723 199 869 234 πάσχοντα.

926 207 975 226 non
989 199 1066 231 alios,
1083 200 1130 227 sed
1147 200 1234 235 ipsum
1250 201 1345 228 latsum
1367 201 1459 229 fuisse.
1477 201 1514 230 Ita
1535 210 1643 230 rursum
1664 204 1698 231 ad

97 249 176 278 Οὕτω
188 250 217 276 δὲ
233 249 314 275 πάλιν
331 248 399 284 πρὸς
418 247 549 282 ὠφέλειαν
570 247 652 273 πᾶσιν
667 243 701 281 ἦν
719 245 820 276 ἱκανὸς,
836 244 874 276 ὡς

97 294 211 326 τωλλοὺς
224 293 461 330 στρατευομένους,
476 292 523 319 καὶ
542 291 596 318 τῶν
620 291 655 318 τὰ
678 290 762 316 πολλὰ
777 297 875 323 κεκτη-

99 337 197 373 μένων,
223 336 396 364 ἀποτίθεσθαι
418 336 453 362 τὰ
473 335 519 362 τοῦ
541 335 598 370 βίου
621 334 706 370 βάρη,
723 334 770 360 καὶ
783 333 875 360 λοιπὸν

97 382 218 416 γίνεσθαι
234 381 376 417 μοναχούς.
394 381 448 408 Καὶ
464 380 531 412 ὅλως
547 380 640 416 ὥσπερ
665 379 753 415 ἰατρὸς
776 377 810 414 ἦν
833 378 875 404 δο-

97 427 154 459 θεὶς
170 428 245 463 παρὰ
262 428 309 454 τοῦ
325 427 392 454 Θεοῦ
406 428 438 462 τῇ
452 426 591 462 Αἰγύπτῳ.
608 426 655 457 Τίς
672 425 725 461 γὰρ
740 423 875 459 λυπούμε-

97 482 142 505 νος
157 474 273 509 ἀπήντα,
291 474 338 500 καὶ
350 473 398 509 οὐχ
414 473 565 508 ὑπέστρεφε
579 471 699 508 χαίρων;
720 471 762 502 τίς
777 471 876 506 ἤρχετο

97 516 204 553 θρηνῶν
215 517 259 544 διὰ
270 518 334 549 τοὺς
348 517 429 544 αὑτοῦ
447 516 621 551 τεθνηκότας,
637 516 684 543 καὶ
704 516 753 542 οὐκ
775 514 875 546 εὐθέως

95 563 238 590 ἀπετίθετο
255 563 286 590 τδ
308 563 420 596 πένθος;
443 562 485 594 τίς
507 561 680 598 ὀργιζόμενος
695 562 803 597 ἡρχετο,
829 561 875 587 καὶ

96 609 147 636 οὐκ
172 609 212 640 εὶς
239 608 330 642 φιλίαν
354 607 549 644 μετεϐάλλετος
575 608 617 640 τίς
646 608 730 643 πένης
754 607 873 642 ἀκηδιῶν

96 654 278 689 ἁπήντα,·καὶ
301 654 405 680 ἀκούων
425 653 506 680 αὑτοῦ
533 653 579 680 καὶ
594 653 710 680 ’ϐλέπων
731 652 829 684 αὑτὸν,
844 652 874 678 οὐ

96 699 256 735 κατεφρόνει
277 699 324 725 τοῦ
352 699 477 731 πλούτου,
491 699 537 725 καὶ
557 698 740 734 παρεμυθεῖτο
759 698 808 733 τὴν
831 706 876 724 πε-

95 745 172 778 νίαν;
187 745 230 776 τις
248 744 371 780 μοναχὸς,
389 744 570 780 ὀλιγωρήσας,
589 745 636 772 καὶ
650 744 733 771 ἐλθὼν
750 744 788 779 (1)
807 743 874 779 πρὸς

96 791 188 823 αὑτὸν,
199 791 229 817 οὺ
248 790 346 826 μᾶλλον
364 791 536 826 ἰσχυρότερος
549 791 657 825 ἐγένετο
668 800 675 823 ς
690 791 732 822 τις
743 789 874 826 νεώτερος

96 835 180 863 ὲλθὼν
206 837 245 868 εις
268 836 299 862 τὸ
320 836 392 871 ὅρος,
419 836 466 863 καὶ
492 835 631 872 ϐεωρήσας
651 836 801 868 Ἀντώνιον,
825 836 874 863 οὐκ

95 881 196 914 εὐθέως
217 881 353 917 ὲξηρνείτο
374 881 423 913 τὰς
451 881 562 917 ἡδονὰς,
588 882 634 908 καὶ
657 882 751 917 ἠγάπα
770 890 874 917 σωφρο-

97 926 196 961 σύνην;
211 927 252 958 τίς
265 927 363 963 ἡμχετο
372 927 438 962 πρὸς
453 927 533 954 αὑτὸν
546 926 598 954 ὑπὸ
611 927 732 963 δαίμονος
748 927 874 962 πειραζό-

96 981 187 1008 μενος,
201 973 247 1000 καὶ
260 974 308 1000 οὐκ
331 973 496 1007 avertatis-ro;
519 974 560 1006 τίς
580 974 608 1000 δὲ
625 975 654 1000 ἐν
679 973 817 1008 λογισμοῖς
834 974 874 1000 ὲν-

93 1018 172 1054 οχλού
177 1027 255 1054 μενος
271 1019 378 1054 ἤρχετο,
390 1019 437 1046 καὶ
453 1019 502 1046 οὐκ
515 1018 644 1054 ἑγαληνία
654 1020 687 1054 τῇ
704 1018 826 1054 διανοίᾳ;

130 1063 174 1090 88.
188 1063 242 1090 Καὶ
257 1063 310 1099 γὰρ
325 1064 372 1090 καὶ
388 1064 466 1091 τοῦτο
479 1061 513 1100 ἦν
528 1064 599 1100 μέγα
610 1064 659 1099 τῆς
671 1065 815 1099 ἀσκήσεως
825 1063 872 1091 τοῦ

101 1108 253 1141 Ἀντωνίου,
268 1109 320 1142 ὅτι,
335 1109 406 1136 καθὰ
419 1111 558 1146 προεῖπον,
573 1109 695 1145 χάρισμα
712 1110 873 1145 διακρίσεως

95 1155 257 1190 πνευμάτων
270 1154 348 1190 ἔχων,
363 1155 545 1190 ὲπεγίνωσκεν
561 1155 649 1182 αὐτῶν
668 1155 703 1182 τὰ
719 1155 872 1191 κινήματαυ

95 1199 142 1227 καὶ
157 1199 225 1235 πρὸς
240 1200 254 1226 ὅ
271 1209 314 1232 τις
325 1200 413 1227 αὐτῶν
427 1197 484 1236 εἶχε
503 1200 553 1236 τὴν
574 1201 691 1237 σπουδὴν
706 1201 753 1228 καὶ
768 1201 817 1236 τὴν
830 1201 874 1237 ὀρ-

96 1245 160 1281 μὴν,
170 1245 249 1272 τοῦτο
262 1247 312 1273 οὐκ
325 1247 425 1281 ἠγνόει.
439 1246 494 1274 Καὶ
506 1247 537 1273 οὐ
549 1247 628 1282 μόνον
642 1246 720 1279 αὐτὸς
734 1246 784 1273 οὐκ
793 1246 872 1274 ἐπαί-

95 1291 157 1323 ζετο
179 1292 243 1327 παρ’
258 1291 347 1318 αὐτῶν
357 1312 365 1324 ,
378 1292 450 1327 gem
474 1293 522 1319 καὶ
541 1293 603 1324 τοὺς
625 1292 830 1328 ἐνοχλουμένους
843 1293 872 1319 ὲν

94 1335 233 1372 λογισμοῖς
246 1337 412 1372 παρακαλῶν
422 1337 462 1373 (2)
478 1337 611 1370 ἐδίδασκε,
627 1337 686 1370 πῶς
703 1338 736 1365 ἂν
752 1337 873 1365 δύναιντο

95 1382 144 1413 τὰς
156 1382 267 1410 ἐκείνων
283 1382 427 1415 ἐπιϐουλὰς
443 1383 603 1420 ἀνατρέπειν
614 1391 621 1398 ·
635 1383 810 1420 διηγούμενος
819 1384 872 1412 τῶν

95 1427 277 1462 ἐνεργούντων
301 1428 351 1460 τὰς
375 1428 516 1461 ἀσθενείας
542 1429 589 1456 καὶ
615 1429 664 1461 τὰς
693 1430 870 1465 πανουργίας.

97 1473 232 1505 Ἕκαστος
254 1473 330 1508 γοῦν⁹
355 1473 449 1510 ὥσπερ
471 1474 612 1508 ὲπαλιφεὶς
634 1474 671 1509 (5)
688 1475 752 1510 παρ’
778 1475 871 1508 αὑτοῦ,

95 1520 250 1556 κατήρχετο
269 1519 448 1556 καταθαρῤὦν
458 1520 512 1547 τῶν
527 1520 669 1556 νοημάτων
686 1520 734 1547 τοῦ
746 1521 871 1548 διαϐόλου

95 1565 143 1592 καὶ
159 1565 213 1592 τῶν
233 1564 366 1600 δαιμόνων
385 1565 478 1592 αὑτοῦ.
499 1565 582 1592 Πόσαι
597 1565 625 1592 δὲ
649 1565 696 1592 καὶ
713 1566 870 1602 μνηστῆρας

94 1611 205 1648 ἔχουσαι
220 1610 356 1646 παρθένοι,
368 1611 415 1638 καὶ
434 1611 512 1646 μόνον
533 1611 586 1638 ἀπὸ
599 1611 745 1648 τοῦνπέραν
768 1612 869 1639 ἰδοῦσαι

93 1657 140 1684 τὸν
158 1656 307 1690 Ἄντώνιον,
324 1656 432 1692 ἔμειναν
452 1656 490 1692 τῷ
507 1656 616 1692 Χριστῷ
641 1657 785 1693 παρθένοι;
800 1658 869 1693 Ἤρ-

94 1711 172 1738 χοντο
185 1702 213 1729 δὲ
228 1702 274 1729 καὶ
294 1701 347 1729 ἀπὸ
360 1702 414 1729 τῶν
433 1701 485 1734 ἔξω
503 1702 592 1738 μερῶν
614 1702 682 1738 πρὸς
703 1703 794 1730 αὐτόν.
814 1703 870 1730 Καὶ

94 1747 172 1775 αὐτοὶ
185 1747 254 1783 μετὰ
267 1747 375 1774 πάντων
385 1747 433 1783 τὴν
442 1747 572 1782 ὠφέλειαν
583 1748 728 1784 ἐσχηκότες
740 1749 871 1785 ὑπέστρε-

95 1802 155 1828 φον,
175 1793 213 1825 ὡς
228 1793 304 1830 παρὰ
326 1793 428 1829 πατρὸς
449 1793 671 1830 προπεμπόμενοι
691 1794 740 1830 (4).
766 1795 872 1830 Ἀμέλει

94 1838 270 1874 κοιμηθέντος
289 1838 382 1869 αὑτοῦ,
404 1838 513 1870 πάντες,
538 1838 575 1870 ὡς
599 1839 710 1874 ὀρφανοὶ
735 1839 874 1875 γενόμενοι

923 246 1043 272 omnium
1061 246 1201 273 utilitatem
1212 251 1292 274 natus
1307 252 1375 281 erat,
1387 253 1416 274 ut
1432 248 1508 275 multi
1523 249 1699 282 milites,alii—

924 299 976 325 que
986 292 1163 326 plurimarum
1179 293 1254 327 potiti
1271 294 1482 328 possessionum,
1499 294 1627 328 depositis
1638 295 1701 323 vita:

924 338 1005 372 hujus
1018 338 1156 370 oneribus,
1173 338 1265 366 ﬁerent
1277 339 1414 367 monachi.
1430 340 1539 367 Demum
1551 341 1627 374 quasi
1645 348 1702 368 rne-

923 383 1001 410 dicus
1017 383 1132 420 Ᾱίεγριο
1144 392 1159 412 a
1171 384 1226 413 Deo
1245 385 1323 412 datus
1336 389 1403 413 erat.
1420 385 1487 419 Quis
1503 386 1573 413 enim
1589 391 1701 414 moestus

924 430 999 456 illum
1015 431 1091 462 adiit,
1105 431 1170 466 quin
1185 431 1304 466 gaudens
1321 433 1483 459 recesserit?
1504 433 1564 467 quis
1587 433 1702 460 accessit

924 480 1046 503 mortuos
1057 476 1151 512 lugens
1162 484 1237 510 suos,
1246 478 1407 512 quin‘statim
1421 478 1520 506 luctum
1530 479 1702 513 deposuerit?

923 522 985 557 quis
999 523 1083 551 iratus
1101 523 1219 556 advenit,
1234 531 1283 551 nec
1299 524 1324 550 in
1338 524 1485 551 amicitiam
1505 524 1629 552 redactus
1642 525 1703 552 est?

923 568 985 602 quis
1003 576 1105 603 pauper
1120 568 1153 595 ad
1167 569 1241 596 illum
1256 569 1373 597 demisso
1385 570 1476 596 animo
1491 571 1614 603 accessit,
1629 570 1703 598 audi-

925 617 1005 648 toque
1024 621 1055 640 ac
1066 613 1124 641 viso
1138 613 1193 645 illo,
1212 614 1320 641 divitias
1340 622 1394 641 non
1417 615 1589 649 contempsit,
1604 620 1630 642 et
1648 623 1701 643 non

923 659 957 687 de
973 663 1129 694 paupertate
1141 667 1190 687 sua
1201 660 1412 687 consolationem
1427 661 1555 688 admisit?
1570 661 1631 696 quis
1643 669 1703 688 mo-

923 705 1027 732 nachus
1058 705 1198 732 remissior
1224 705 1299 732 illum
1322 706 1495 740 conveniens,
1525 714 1577 733 non
1608 706 1703 734 fortior

924 755 1015 786 postea
1032 750 1099 778 fuit?
1115 751 1175 786 quis
1187 751 1342 778 adolescens
1366 751 1392 778 in
1408 757 1528 779 montem
1553 751 1702 787 profectus,

923 796 1036 831 visoque
1059 797 1196 830 Antonio,
1225 805 1279 825 non
1301 798 1438 833 abnegans
1458 798 1530 825 illico
1548 798 1704 833 voluptates

925 844 1127 878 temperantiam
1141 849 1182 872 est
1202 845 1364 879 amplexus?
1377 845 1438 880 quis
1450 852 1464 871 ει
1478 845 1600 873 daemone
1618 850 1705 873 tenta-

928 894 971 917 tus
983 891 1070 924 ipsum
1086 890 1161 924 adiit,
1176 891 1242 926 quin
1265 891 1394 920 liberatus
1415 891 1468 919 sit?
1482 891 1543 926 quis
1561 891 1704 926 cogitatio-

927 935 1006 962 nibus
1014 940 1125 963 vexatus
1136 937 1280 968 accedens,
1289 944 1342 963 non
1352 937 1497 972 tranquillo
1510 937 1583 964 stetit
1593 937 1704 964 animo?

960 1058 1005 1086 88.
1019 1058 1124 1086 Etenim
1141 1058 1204 1086 illud
1217 1059 1354 1094 singulare
1366 1063 1425 1086 erat
1439 1058 1465 1085 in
1480 1058 1590 1086 Antonii
1606 1059 1704 1091 ascesi,

925 1105 997 1141 quod
1013 1110 1133 1140 accepta,
1151 1105 1181 1132 ul.
1194 1113 1277 1140 supra
1293 1105 1359 1137 dixi,
1375 1106 1518 1139 spirituum
1534 1105 1706 1132 discretionis

926 1152 1022 1187 gratia,
1039 1159 1132 1178 eorum
1146 1151 1236 1178 statim
1251 1155 1408 1186 agnosceret
1420 1156 1519 1184 motus,
1535 1157 1561 1179 et
1573 1151 1706 1186 cujusque

925 1197 1044 1225 studium
1071 1197 1250 1232 aﬁ'ectumque
1272 1205 1325 1224 non
1343 1198 1498 1232 ignoraret:
1516 1205 1601 1231 neque
1616 1197 1704 1224 solum

925 1252 979 1272 non
996 1244 1031 1272 ab
1042 1244 1093 1272 illis
1105 1244 1283 1279 deciperetur,
1296 1245 1349 1271 imo
1367 1252 1415 1272 eos
1434 1245 1481 1279 qui
1496 1244 1705 1280 cogitationibus

927 1290 1025 1317 turbati
1046 1294 1142 1323 erant,
1166 1290 1276 1317 monitis
1299 1290 1356 1325 suis
1378 1290 1514 1322 edoceret,
1528 1298 1580 1325 qua
1599 1291 1706 1318 ratione

925 1339 1036 1370 possent
1049 1333 1162 1361 insidias
1176 1334 1329 1361 daemonum
1350 1333 1518 1368 subvertere,
1532 1340 1642 1362 narrata
1658 1342 1706 1362 eo-

925 1387 985 1408 rum
1006 1379 1198 1412 imbecillitate,
1213 1379 1385 1414 vafritieque.
1404 1380 1510 1415 Singuli
1537 1381 1629 1415 itaque
1647 1385 1706 1408 tan-

925 1433 1007 1461 quam
1019 1425 1122 1453 inuncti
1145 1425 1250 1458 abillo,
1267 1433 1314 1453 seu
1334 1426 1367 1452 ad
1386 1432 1503 1461 pugnam
1523 1427 1643 1459 excitati,
1657 1427 1706 1455 dc-

926 1471 1100 1502 scendebant,
1117 1475 1255 1505 assumpta
1274 1471 1405 1498 adversus
1419 1471 1518 1498 diaboli
1538 1471 1708 1500 daemonum-

886 1543 907 1572 ϐ
925 1524 978 1552 que
992 1517 1051 1551 ejus
1064 1516 1238 1551 cogitationes
1252 1516 1360 1543 ﬁducia.
1380 1516 1452 1550 Quot
1470 1517 1526 1551 jam
1546 1525 1645 1552 procos
1659 1519 1707 1545 ha-

928 1562 1023 1590 bentes
1037 1562 1164 1602 virgines,
1179 1565 1281 1589 tantum
1297 1562 1415 1589 Antonio
1431 1563 1537 1590 eminus
1551 1569 1706 1595 conspecto,

928 1608 1029 1636 Christi
1043 1608 1161 1643 virgines
1175 1608 1318 1636 mansere!l
1330 1608 1478 1636 Veniebant
1491 1609 1572 1636 etiam
1584 1609 1617 1636 ad
1631 1610 1707 1637 illum

928 1655 1049 1690 quidam,
1068 1655 1102 1682 ab
1121 1654 1221 1682 exteris
1241 1654 1408 1689 regionibus,
1431 1655 1477 1689 qui
1496 1660 1621 1690 percepta
1644 1663 1706 1683 cum

928 1703 988 1732 aliis
999 1702 1124 1730 omnibus
1134 1701 1257 1734 utilitate,
1265 1701 1375 1728 domum
1384 1700 1516 1732 redibant,
1524 1701 1601 1736 quasi
1610 1710 1623 1728 a
1631 1706 1708 1737 patro

923 1758 974 1779 suo
983 1748 1101 1777 deducti.
1113 1747 1197 1783 689
1211 1746 1282 1774 Sane
1301 1747 1348 1775 illo
1362 1747 1499 1780 defuncto,
1519 1755 1614 1775 omnes
1627 1748 1706 1784 quasi

923 1801 1000 1832 patre
1015 1795 1084 1827 orbi,
1100 1795 1157 1822 sola
1168 1794 1227 1829 ejus
1238 1793 1370 1821 memoria
1382 1801 1442 1821 sese
1459 1794 1646 1828 consolantur,
1663 1801 1707 1822 ra

924 1842 1006 1870 tentis
1027 1841 1118 1868 animo
1135 1840 1193 1875 ejus
1217 1839 1447 1866 admonitionibus
1459 1838 1705 1873 bortamentisque.

94 1884 209 1920 πατρὸς,
225 1885 293 1921 μόνῃ
302 1886 335 1920 τῇ
358 1885 460 1912 ἐκείνου
479 1886 572 1921 μνήμῃ
587 1885 789 1921 παρακαλοῦσιν
808 1887 929 1921 ἑαυτοὺς,
947 1889 1106 1925 κατέχοντες
1122 1888 1179 1923 ἃμα
1189 1888 1238 1918 τὰς
1252 1886 1390 1918 νουθεσίας
1408 1886 1456 1913 καὶ
1471 1886 1520 1918 τὰς
1533 1887 1706 1922 παραινέσεις

93 1931 186 1960 αὐτοῦ.

762 2012 882 2040 VERSIO
901 2011 1052 2040 EVAGRlI.

95 2090 168 2126 senis
182 2089 271 2126 oratio
285 2099 292 2117 :
308 2090 384 2118 multi
400 2091 505 2126 magnis
523 2090 624 2119 divitiis
637 2095 664 2118 et
682 2090 771 2118 altiori

95 2125 126 2151 Et
144 2125 289 2160 utrinlinitn
307 2126 379 2153 brevi
394 2133 520 2154 sermone
537 2126 773 2160 comprehendam,

810 2091 876 2117 radu
894 2091 1000 2119 militia.-
1023 2090 1162 2122 derelicto.
1179 2090 1239 2126 ejus
1255 2091 1358 2118 haerere
1375 2090 1525 2126 curriculis
1546 2089 1703 2126 cupiebant.

814 2133 898 2162 onum
918 2126 1036 2162 Egypto
1060 2126 1194 2153 medicum
1220 2126 1352 2162 Christus,
1372 2125 1531 2162 indulserat.
1556 2125 1624 2162 Quis
1650 2133 1704 2152 non

95 2159 233 2195 tristitiam
248 2160 318 2193 apud
329 2160 474 2187 Antonium
490 2159 605 2188 mutavit
622 2161 648 2187 in
671 2161 819 2194 gaudium?
844 2162 906 2195 quis
923 2159 981 2188 non
992 2159 1059 2188 iram
1088 2162 1168 2188 vertit
1184 2161 1210 2188 in
1237 2161 1354 2195 pacem?
1369 2160 1432 2194 quis
1455 2161 1578 2188 orbitatis
1602 2161 1704 2187 luctum

94 2203 148 2231 non
163 2195 195 2221 ad
205 2194 270 2231 ejus
283 2195 612 2231 ternperavit_aspectum?
629 2195 691 2230 quis
707 2203 759 2222 non
777 2194 894 2223 maerore
910 2196 1087 2231 paupertatis,
1109 2204 1163 2230 quo
1181 2194 1360 2229 premebatur.
1376 2195 1492 2228 abjecto,
1517 2195 1608 2222 statim
1622 2200 1649 2222 et
1663 2195 1705 2222 di-

93 2229 178 2256 vitum
195 2229 317 2263 despexit
335 2229 496 2264 opulentias,
508 2235 534 2256 et
551 2231 577 2257 in
594 2229 644 2257 sua
657 2231 763 2256 laetatus
777 2234 818 2257 est
834 2229 1010 2265 paupertate?
1025 2231 1086 2265 quis
1108 2229 1168 2264 post
1180 2230 1366 2257 lassitudinem
1391 2231 1542 2257 monachus
1568 2238 1622 2257 non
1643 2230 1705 2263 ejus

93 2268 233 2298 vegetatus
249 2269 290 2291 est
306 2264 506 2300 hortamentis?
524 2265 584 2299 quis
600 2265 768 2296 adolescms,
787 2265 875 2292 aetatis
889 2264 935 2300 7(5)
959 2264 1108 2293 succensus
1125 2266 1277 2297 ardoribus,
1294 2273 1348 2292 non
1359 2273 1391 2300 ex
1408 2265 1467 2298 ejus
1491 2265 1630 2291 admonitu
1655 2273 1706 2298 pu-

93 2299 193 2326 dicitia:
208 2302 313 2325 amator
326 2299 399 2326 fuit?
415 2300 476 2333 quis
490 2305 602 2326 vexatus
625 2307 640 2326 a
662 2300 769 2326 diabolo
794 2300 852 2327 sine
868 2300 971 2327 medela
989 2300 1086 2327 rediit?
1103 2301 1165 2335 quis
1182 2300 1285 2327 inimici
1310 2299 1520 2335 cogitationibus
1543 2300 1704 2330 distractus.

93 2341 159 2365 non,
172 2341 242 2369 czgca
257 2338 415 2368 tempestate
430 2335 527 2369 sopita,
545 2342 640 2362 sereno
652 2342 789 2368 regressus
805 2339 847 2361 est
862 2335 972 2363 animo?

129 2369 173 2396 88.
191 2367 298 2404 sciebat
313 2367 385 2395 enim
401 2367 581 2404 quo’quisque
598 2367 730 2396 laboraret
746 2370 928 2402 incommodo,
947 2374 974 2396 et
986 2377 1018 2397 ex
1034 2369 1096 2404 vita:
1119 2369 1223 2396 meritis
1241 2368 1432 2396 discretionem
1455 2368 1599 2404 spirituum
1618 2377 1705 2404 agno-

92 2411 182 2435 scens,
193 2403 337 2430 adhibebat
349 2404 504 2436 verborum,
519 2409 600 2438 prout
623 2408 700 2431 erant
719 2404 841 2436 vulnera,
858 2405 1009 2432 sanitatem.
1037 2403 1112 2431 Unde
1125 2404 1248 2431 effectum
1272 2408 1322 2435 est.
1342 2408 1370 2430 nl
1387 2408 1447 2438 post
1465 2404 1524 2437 ejus
1539 2403 1704 2435 doctrinam,

91 2446 187 2466 omnes
199 2438 304 2474 diaboli
314 2439 495 2474 pauderentur
509 2438 624 2474 insidiae;
640 2439 731 2465 multa:
745 2447 852 2473 quoque
868 2440 1036 2474 desponsatas
1052 2440 1159 2473 puellae,
1184 2439 1216 2466 ad
1228 2439 1301 2474 irjus
1317 2443 1490 2471 conspectum
1511 2439 1545 2465 ab
1560 2438 1618 2473 ipso
1636 2447 1705 2473 pene

92 2473 212 2501 thalamo
229 2473 393 2505 recedentes,
409 2474 435 2500 in
454 2473 580 2500 Ecclesia!
596 2475 691 2500 matris
705 2475 806 2508 gremio
821 2473 1010 2501 consederunt.

1027 2474 1096 2507 Quid
1116 2474 1210 2508 plura?
1227 2473 1321 2500 Totius
1343 2473 1416 2500 orbis
1442 2473 1563 2500 homines
1588 2473 1621 2500 ad
1640 2481 1704 2500 eum

91 2507 273 2543 conﬂuebant,
293 2512 320 2535 et
339 2508 527 2535 universarum
541 2510 660 2542 gentium
678 2507 795 2534 varietas
815 2508 1052 2536 bellicosissimum
1065 2507 1158 2536 contra
1175 2509 1312 2535 daunoues
1329 2509 1416 2535 virum
1430 2508 1589 2543 conspicere
1603 2508 1705 2543 gestie-

91 2543 165 2569 bant.
185 2541 278 2578 Nullus
295 2543 446 2578 seil'rustra
460 2543 524 2570 illuc
540 2541 647 2570 venisse
665 2548 831 2578 conquestus
849 2548 904 2576 est;
919 2544 1047 2571 omnibus
1064 2543 1221 2570 delectabile
1247 2549 1328 2577 atque
1341 2542 1492 2577 jucundum
1509 2541 1615 2570 laboris
1629 2550 1704 2569 com-

90 2577 221 2605 mercium
236 2577 296 2606 fuit.
321 2577 453 2612 Fatigatio
473 2578 544 2605 enim
564 2579 667 2605 itineris
687 2578 900 2604 emolumentum
917 2579 1008 2606 viatici
1030 2580 1195 2613 reportabat,
1210 2579 1281 2606 sicut
1299 2578 1336 2604 rei
1355 2577 1478 2612 probavit
1493 2578 1615 2605 ell‘ectus.
1635 2577 1703 2604 Nam

90 2618 152 2647 post
170 2613 363 2640 resolutionem
377 2613 448 2648 ejus,
463 2613 542 2648 quasi
557 2613 697 2641 communi
712 2613 821 2639 vulnere
835 2614 960 2641 orbitatis
971 2612 1094 2648 excepto,
1108 2614 1245 2649 proprium
1261 2613 1359 2648 singuli
1373 2617 1512 2647 parentem
1530 2612 1666 2640 luxerunt.

114 2690 165 2735 '(l)
190 2690 236 2719 Sic
255 2690 366 2726 quidam
387 2691 577 2726 manuscripti.
595 2690 667 2717 Etliti
689 2697 768 2723 vero,
785 2689 869 2716 ἀπελ-

89 2726 163 2795 θαῖὲ)
178 2760 255 2797 ροιδ.
268 2760 298 2792 2,
316 2760 510 2797 παρ’ἐκεένων.

126 2794 164 2831 (5)
181 2794 227 2823 Sic
236 2803 334 2838 omnes
350 2794 416 2838 mss.
430 2795 556 2838 Editi_,tbg
564 2796 629 2838 παρ’
638 2795 789 2838 Ephesi;
801 2795 870 2829 Qui-

88 2831 151 2858 dam
166 2831 335 2859 mss.habent
349 2830 530 2865 ὲπαλειφθείς,
546 2831 590 2858 alii
605 2830 772 2866 ὲπαλειφεις.

960 2691 1049 2726 (ιμιτι
1067 2692 1175 2728 quidam
1198 2691 1385 2727 manuscripti.
1409 2691 1480 2719 Editi
1502 2696 1531 2728 et
1556 2691 1612 2724 alii,
1629 2700 1702 2728 πεμέ

960 2700 998 2726 μ)
1012 2700 1049 2719 ua
1067 2700 1175 2754 quidam
1198 2700 1385 2727 manuscrlpu.
1409 2700 1480 2719 nam
1502 2700 1528 2719 et
1556 2700 1612 2724 am,
1629 2700 1702 2728 πεμ-

924 2728 1047 2767 πόμενοι,
1067 2728 1186 2767 _uferiu_s
1199 2728 1377 2762 manuscripti
1397 2734 1502 2761 omnes,
1517 2727 1556 2759 ὡς
1579 2727 1704 2763 ὀρφανοί.

924 2762 1005 2794 Edili,
1017 2764 1046 2798 οἱ
1062 2763 1182 2798 ἂρφανοί.

959 2797 997 2833 (5)
1012 2797 1057 2825 Sic
1071 2796 1256 2833 manuscripti.
1273 2796 1301 2825 ln
1317 2796 1406 2831 editis,
1423 2797 1509 2824 wlatit
1524 2796 1612 2829 deest,
