1954 3041
258 147 310 174 967

567 145 596 172 S.
617 142 802 171 ATIIANASII
823 143 899 170 UPP.
922 142 1012 170 PARS
1034 142 1054 169 Ι.
1070 158 1103 163 ——
1120 141 1304 170 HISTORICA
1327 142 1370 169 ET
1391 141 1602 170 DOGMATICA.

1814 144 1868 173 968

289 203 335 230 89.
351 202 444 235 Qualis
457 209 538 237 porro
551 201 605 236 ipsi
620 203 709 228 exitus
733 201 794 228 vitae
814 199 903 234 fuerit,
928 208 1034 236 mqnum

1123 200 1166 228 89.
1188 197 1250 227 Οἷον
1272 200 1300 226 δὲ
1314 200 1361 226 καὶ
1380 200 1410 226 τὺ
1424 199 1500 232 τέλος
1515 200 1590 234 αὐτῷ
1608 200 1655 227 τοῦ
1676 199 1733 235 βίου
1747 201 1869 235 γέγονεν,

255 254 298 276 est
316 256 359 275 me
377 255 504 275 enarrare
517 268 524 280 ,
545 255 658 282 vosque,
680 253 709 274 ut
725 247 881 283 peroptatis.
895 247 1034 279 ediscere;

256 302 318 322 cum
340 294 457 321 maxime
473 301 504 321 ea
526 294 608 321 etiam
624 294 651 321 in
671 301 700 321 re
714 294 789 321 illum
814 294 913 321 imitari
928 301 975 328 par
990 293 1034 321 sit.

255 340 321 367 Cum
337 339 370 366 de
386 347 461 366 more
471 340 618 367 monachos
635 339 662 366 in
678 339 811 367 exteriore
825 344 917 367 monte
938 340 1037 373 degen-

255 390 295 412 tes
319 385 462 417 inviseret,
483 390 509 412 et
533 393 548 412 a
563 385 739 413 Providentia
761 385 855 412 divina
884 385 917 412 de
945 384 1035 411 futura

254 435 340 458 morte
357 431 531 466 praemonitus
556 431 661 464 fuisset,
688 430 818 458 fratribus
845 431 902 459 haec
928 431 1035 458 locutus

252 481 309 504 est:
321 476 379 504 Iam
392 481 528 512 postremo
538 485 586 505 vos
602 478 727 508 invisam,
738 478 892 512 mirumque
903 477 926 504 si
938 477 1034 504 iterum

252 523 279 550 in
297 525 347 551 hac
366 524 421 551 vita
434 529 528 552 mutuo
543 523 666 551 fruamur
676 529 803 558 aspectu:
818 528 922 558 tempus
935 523 1035 558 quippe

252 575 282 597 ut
302 571 366 598 hinc
390 571 591 605 transmigrem,
609 579 670 598 cum
693 570 778 598 ferme
801 571 925 606 quintum
952 578 1033 605 supra

251 617 430 644 centesimum
453 624 552 643 annum
579 624 666 651 agam.
690 615 736 643 llis
752 615 790 643 illi
815 615 925 648 auditis,
944 615 1033 650 lacry-

253 662 330 695 mari,
353 669 445 689 senem
457 661 591 696 amplecti.
600 669 631 688 ac
644 661 807 689 deosculari.
821 660 867 688 llle
881 667 944 688 vero
955 660 1033 695 quasi

252 708 286 734 ab
296 712 423 734 extranea
441 707 467 734 in
483 707 618 742 propriam
633 715 662 734 se
675 706 817 734 conferens
834 706 940 738 urbem,
956 707 1034 734 laetus

251 753 468 788 colloquebatur,
485 753 675 787 monebatque,
691 760 725 779 ne
735 754 761 780 in
774 753 922 780 laborando
937 760 1033 787 segnes

251 801 352 831 essent,
380 805 468 832 neque
487 798 513 824 in
542 797 596 824 vita
621 797 736 824 ascetica
760 797 851 824 animo
867 797 1031 824 deficerent:

251 844 299 871 sed
312 844 349 870 ita
369 843 490 870 viverent
507 851 539 870 ac
553 843 576 870 si
591 842 712 878 quotidie
727 842 851 870 morituri
871 847 972 870 essent.
987 843 1033 870 At-

1089 246 1162 278 ᾶξιον
1181 247 1252 282 κάμὲ
1267 246 1461 282 μνημονεῦσαι,
1473 247 1520 273 καὶ
1534 248 1605 282 ὑμᾶς
1619 247 1733 274 ἀκοῦσαι
1756 247 1871 274 ποθοῦν-

1088 300 1153 323 τας·
1177 292 1224 319 καὶ
1244 291 1323 318 τοῦτο
1349 291 1403 327 γὰρ
1425 291 1507 319 αὑτοῦ
1522 292 1640 328 ζηλωτὸν
1660 293 1765 327 γέγονε.
1791 293 1871 320 Κατά

1087 337 1118 363 τὺ
1136 337 1230 369 εἰωθὸς
1252 337 1436 364 ἐπεσκέπτετο
1460 338 1523 369 τοὺς
1545 338 1677 373 μοναχοὺς
1703 340 1767 370 τοὺς
1785 339 1813 365 ὲν
1830 337 1870 374 τῷ

1088 382 1145 417 opst
1163 382 1202 418 τῷ
1216 381 1277 414 ἔξω,
1290 383 1337 409 καὶ
1350 383 1514 419 προσμαθὼν
1526 383 1564 418 (6)
1581 383 1656 419 παρὰ
1672 384 1721 420 τῆς
1737 384 1869 419 Προνοίας

1088 429 1152 464 περὶ
1167 429 1217 463 τῆς
1233 429 1329 456 ἑαυτοῦ
1342 429 1480 464 τελευτῆς,
1492 429 1580 456 ἐλάλει
1602 431 1658 461 τοῖς
1679 429 1803 464 ἀδελφοῖς
1823 429 1869 456 λέ-

1087 481 1160 507 γων·
1177 473 1285 508 Ταύτην
1301 473 1377 509 ὑμῶν
1398 474 1447 508 τὴν
1470 473 1612 508 ἐπίσκεψιν
1637 474 1753 510 ὑστέραν
1777 474 1871 501 ποιοῦ-

1089 527 1146 554 μαι,
1162 519 1209 545 καὶ
1221 519 1362 554 θαυμάζω,
1375 520 1398 545 εί
1416 519 1494 546 πάλιν
1507 520 1618 551 ἑαυτοὺς
1631 521 1660 546 έν
1670 520 1708 555 τῷ
1721 520 1771 555 βίῳ
1781 519 1871 556 τούτῳ

1086 564 1271 600 θεωρήσομεν.
1294 564 1396 600 Καιρός
1421 566 1479 592 ἐστι
1503 565 1575 600 κάμὲ
1600 565 1691 592 λοιπὸν
1716 565 1869 593 ἀναλῦσαι’

1085 610 1144 645 εἰμὶ
1160 611 1214 646 γὰρ
1229 611 1312 645 ἐγγὺς
1324 611 1392 638 έτῶν
1409 612 1490 639 πέντε
1511 613 1558 639 καὶ
1573 613 1679 640 ἑκατόν.
1699 613 1730 639 Οἱ
1747 613 1796 649 μὲν
1821 611 1872 642 οὖν

1086 656 1260 689 ἀκούσαντες,
1275 657 1391 691 ἔκλαιον,
1408 658 1454 685 καὶ
1476 658 1704 694 περιεπτύσσοντο
1729 656 1784 686 ’καὶ
1804 668 1872 687 κατ-

1087 701 1196 736 εφίλουν
1218 702 1262 729 τὸν
1290 703 1423 738 γέρονταο
1443 704 1458 730 ὁ
1478 703 1517 734 δὲ,
1538 703 1575 735 ὡς
1599 704 1652 730 ἀπὸ
1679 705 1817 740 ἀλλοτρίας
1829 706 1872 738 εἰς

1087 747 1156 774 ίδίαν
1171 749 1295 785 ἀπαίρων
1308 750 1393 781 πόλιν,
1412 749 1514 786 χαίρων
1527 750 1661 784 διελέγετο
1674 759 1681 766 ·
1699 752 1745 777 καὶ
1764 753 1871 788 παρήγ-

1086 793 1180 827 γελλεν
1205 796 1296 827 αὐτοῖς
1315 796 1351 832 μὴ
1371 796 1513 831 ὀλιγωρεῖν
1537 796 1639 828 ὲνπτοῖς
1657 797 1748 829 πόνοις
1764 818 1771 830 ,
1801 798 1871 833 μηδὲ

1087 838 1214 865 ὲκκακετν
1235 840 1264 865 ἐν
1279 839 1318 875 (7)
1333 841 1366 875 τῇ
1382 841 1513 875 ἀσκήσει·
1538 840 1596 867 ἀλλ’
1621 840 1660 872 ὡς
1685 841 1744 868 καθ’
1763 841 1871 877 ἡμέραν

251 896 315 923 que,
330 888 371 916 uti
384 888 440 924 jam
450 889 565 921 dixerat,
581 888 700 915 animam
713 888 880 915 custodirent
891 888 925 915 ab
939 888 1034 916 obsce-

1086 885 1306 920 ἀποθνήσκοντας
1320 885 1369 921 ζῇν
1382 893 1389 901 ·
1401 886 1448 913 καὶ
1465 886 1537 913 καθὰ
1559 887 1690 922 προεῖπον
1709 887 1871 919 σπουδάζειν

250 934 294 961 nis
305 933 525 969 cogitationibus,
553 939 717 968 sanctosque
731 933 925 960 aemularentur
939 933 1012 961 viros
1027 942 1034 961 :

250 987 300 1007 nec
313 979 347 1006 ad
366 979 521 1006 Meletianos
533 979 723 1007 schismaticos
734 981 904 1011 accederent,
918 987 1035 1014 quorum

251 1025 403 1060 improbum
426 1025 625 1060 profanumque
645 1026 814 1060 propositum
838 1030 968 1052 nossent:
987 1033 1037 1053 nec

249 1070 331 1097 ullam
346 1069 475 1097 haberent
487 1078 549 1097 cum
558 1070 666 1097 Arianis
677 1070 907 1104 communionem,
918 1079 1035 1106 quorum

250 1115 375 1151 impietas
391 1115 492 1143 nemini
514 1124 568 1143 non
582 1116 720 1152 explorata
734 1121 815 1144 esset.
829 1116 941 1145 Etiamsi
960 1117 1035 1145 vide-

249 1161 321 1193 ritis,
338 1162 387 1192 ait,
407 1161 473 1196 ipsis
485 1161 591 1196 iudices
614 1162 792 1197 patrocinari,
810 1171 843 1190 ne
866 1163 926 1190 ideo
942 1164 1036 1191 turbe-

250 1209 336 1242 mini;
364 1209 482 1236 cessabit
508 1209 580 1236 enim
594 1230 602 1242 ,
624 1214 706 1244 atque
733 1210 858 1237 mortalis
881 1210 1036 1245 modicique

252 1253 382 1287 temporis
404 1257 446 1280 est
466 1253 626 1288 imaginaria
647 1253 804 1288 hujusmodi
822 1258 952 1288 potestas.
982 1255 1035 1282 Vos

253 1298 344 1332 itaque
366 1306 449 1333 puros
463 1299 498 1327 ab
514 1299 568 1327 illis
587 1299 732 1331 custodite,
749 1304 909 1336 servateque
923 1300 1034 1329 Patrum

251 1344 434 1377 traditionem,
450 1350 477 1372 et
489 1353 550 1372 cum
563 1344 658 1380 primis
672 1345 745 1380 piam
759 1345 838 1374 fidem
849 1346 877 1373 in
889 1345 1035 1374 Dominum

249 1396 373 1418 nostrum
386 1390 478 1419 Jesum
488 1391 642 1423 Christum,
657 1398 740 1425 quam
755 1398 789 1418 ex
804 1390 953 1427 Scriptnris
965 1392 1035 1420 didi-

250 1437 337 1469 cistis,
357 1441 384 1465 et
402 1445 484 1473 quam
499 1437 578 1465 vobis
592 1444 641 1472 ego
655 1437 816 1473 plerumque
830 1437 856 1465 in
873 1438 1034 1466 memoriam

249 1491 385 1511 revoca".

1086 931 1134 967 τὴν
1147 931 1236 967 ψυχὴν
1257 931 1400 965 φυλάττειν
1420 931 1475 959 ἀπὺ
1492 932 1621 968 ῥυπαρῶν
1645 933 1784 968 λογισμῶν
1796 942 1804 948 ·
1821 934 1872 961 καὶ

1085 977 1129 1003 τὸν
1143 975 1221 1011 ζῆλον
1238 976 1310 1011 ἔχειν
1336 977 1406 1012 πρὸς
1427 977 1491 1009 τοὺς
1516 977 1620 1011 ἁγίους,
1646 978 1682 1013 μὴ
1704 978 1824 1013 ἐγγίζειν
1841 979 1871 1006 δὲ

1085 1021 1259 1053 Μελετιανοϊς
1278 1022 1317 1057 (8)
1337 1023 1393 1054 τοῖς
1411 1025 1619 1057 σχισματικοῖς⁹
1639 1024 1727 1050 οἴδατε
1743 1024 1796 1060 γὰρ
1818 1025 1870 1052 αὺ-

1084 1067 1138 1094 τῶν
1149 1067 1196 1103 τὴν
1211 1067 1332 1103 πονηρὰν
1346 1068 1394 1094 καὶ
1407 1067 1519 1104 βέϐηλον
1534 1069 1708 1104 προαίρεσιν·
1728 1070 1794 1105 μήδὲ
1809 1079 1870 1097 κοι-

1084 1114 1182 1141 νωνίαν
1208 1113 1279 1148 ἔχειν
1301 1113 1362 1140 τινὰ
1384 1114 1452 1149 πρὸς
1475 1115 1539 1146 τοὺς
1555 1115 1728 1150 Ἀρειανούς·
1749 1116 1797 1143 καὶ
1812 1116 1870 1152 γὰρ

1084 1159 1132 1185 καὶ
1144 1160 1161 1194 ἡ
1178 1158 1279 1184 τούτων
1300 1158 1413 1185 ἀσέϐεια
1437 1159 1519 1186 πᾶσιν
1538 1159 1650 1195 ἐκδηλὸς
1664 1161 1732 1186 ἐστι.
1748 1161 1817 1196 Μηδ’
1835 1161 1871 1188 ἂν

1085 1205 1242 1240 θεωρήσητε
1257 1205 1472 1240 προϊσταμένους
1489 1205 1579 1232 αὐτῶν
1592 1206 1654 1237 τοὺς
1674 1206 1812 1239 δικαστὰς,
1825 1216 1873 1235 τα-

1086 1251 1215 1287 ράττεσθε
1227 1260 1234 1267 ·
1248 1250 1380 1277 παύσεται
1391 1250 1456 1285 γὰρ,
1468 1251 1514 1278 καὶ
1527 1251 1610 1286 θνητὴ
1625 1252 1671 1279 καὶ¹
1692 1253 1760 1288 πρὸς
1779 1253 1869 1288 ὀλίγον

1085 1297 1158 1324 ἐστὶν
1183 1297 1272 1324 αὐτῶν
1297 1298 1314 1333 ἡ
1337 1297 1481 1332 φαντασία.
1515 1297 1662 1333 Καθαροὺς
1686 1297 1733 1325 οὖν
1756 1299 1869 1332 ἑαυτοὺς

1086 1342 1185 1378 μᾶλλον
1200 1342 1253 1369 ἀπὸ
1269 1342 1370 1369 τούτων
1395 1342 1553 1377 φυλάττετε,
1574 1343 1621 1370 καὶ
1637 1346 1744 1380 τηρεῖτε
1767 1346 1817 1381 τήν
1839 1355 1870 1372 τε

1085 1388 1138 1415 τῶν
1153 1388 1283 1424 Πατέρων
1296 1389 1454 1423 παράδοσιν,
1468 1389 1514 1415 καὶ
1534 1390 1747 1425 προηγουμένως
1765 1391 1814 1427 τὴν
1830 1393 1871 1424 είς

1084 1434 1129 1461 τὸν
1140 1433 1240 1469 Κύριον
1255 1433 1332 1469 ἡμῶν
1347 1433 1451 1468 Ἰησοῦν
1463 1433 1580 1469 Χριστὸν
1600 1435 1698 1471 εὐσεϐῆ
1720 1436 1821 1467 πίστιν,
1836 1437 1871 1472 ἢν

1085 1481 1118 1507 ὲκ
1129 1481 1183 1507 τῶν
1193 1480 1309 1516 Γραφῶν
1324 1480 1374 1516 μὲν
1395 1480 1582 1517 μεμαθήκατε,
1599 1482 1665 1517 παρ’
1679 1482 1746 1518 ἐμοῦ
1762 1483 1790 1510 δὲ
1804 1483 1870 1510 πολ-

1085 1528 1162 1560 λάκις
1176 1529 1375 1564 ὑπεμνήσθητε.

284 1571 328 1599 90.
350 1571 492 1599 Fratribus
516 1575 606 1599 autem
629 1571 684 1599 vim
704 1571 757 1607 ipsi
782 1567 983 1606 inferentibus,-
1002 1579 1032 1601 ut

1119 1557 1163 1602 90'.
1181 1557 1242 1601 Τῶν
1256 1557 1284 1600 δέ
1296 1557 1418 1608 ἀδελφῶν
1430 1573 1597 1609 βιαζομένων
1611 1575 1700 1610 μεῖναι
1714 1574 1794 1601 αὑτὸν
1805 1575 1869 1611 παρ’

249 1618 305 1645 illic
325 1622 487 1650 remaneret,
504 1618 639 1653 vitamque
654 1618 741 1646 obiret
754 1627 763 1653 ;
783 1619 879 1646 abnuit
893 1619 937 1646 ille
947 1639 954 1651 ,
969 1626 1032 1646 cum

250 1665 285 1691 ob
298 1664 364 1692 alias
377 1664 477 1692 multas
491 1671 599 1697 causas,
612 1668 642 1691 ut
661 1664 703 1692 vel
721 1665 822 1693 tacitus
834 1667 891 1700 ipse
907 1665 1033 1693 subindi-

248 1710 338 1742 cabat,
352 1714 409 1737 tum
423 1710 482 1737 ideo
496 1710 623 1741 maxime,
639 1710 710 1745 quod
724 1710 844 1747 Λεπριῆ
855 1712 959 1739 soleant
974 1711 1034 1746 pio-

248 1764 310 1783 rum
334 1756 474 1785 hominum
500 1755 690 1784 defunctorum
715 1765 840 1792 corpora,
861 1757 1034 1792 maximeque

249 1806 405 1829 sanctorum
423 1806 585 1838 martyrum,
610 1802 735 1830 funerarc
758 1802 866 1838 quidem
891 1806 918 1830 et
942 1803 1032 1831 linteis

1085 1621 1187 1652 αὑτοῖς,
1203 1620 1283 1647 κάκεί
1299 1611 1486 1656 τελειωθῆναι,
1507 1620 1558 1647 οὐκ
1578 1621 1706 1656 ἠνέσχετο
1725 1621 1769 1647 διὰ
1785 1621 1869 1648 πολλὰ

1088 1667 1147 1702 μὲν,
1160 1667 1198 1697 ὼς
1209 1666 1289 1697 αὐτὸς
1306 1665 1353 1692 καὶ
1365 1665 1476 1692 σιωπῶν
1489 1665 1623 1700 ἐνέφαινε,
1637 1666 1684 1692 καὶ
1697 1665 1740 1692 διὰ
1750 1665 1828 1692 τοῦτο
1840 1665 1870 1692 δὲ

1089 1712 1204 1748 μάλιστα
1213 1719 1220 1726 ⁸
1232 1712 1257 1737 οἱ
1267 1709 1408 1745 λὶγύπτιοι
1419 1710 1453 1737 τὰ
1461 1710 1515 1737 τῶν
1524 1711 1710 1738 τελευτώντων
1719 1711 1872 1738 σπουδαίων

1088 1757 1211 1793 σώματα,
1224 1757 1271 1784 καὶ
1285 1756 1401 1793 μάλιστα
1420 1757 1474 1784 τῶν
1487 1757 1572 1791 ἁγίων
1589 1757 1746 1793 μαρτύρων,
1763 1756 1872 1792 φιλοῦσι

1087 1805 1136 1840 μὲν
1157 1804 1269 1831 θάπτειν
1286 1804 1333 1831 καὶ
1352 1804 1534 1840 περιελίσσειν
1556 1804 1669 1837 ὀθονίοις
1681 1805 1728 1834 (9"
1749 1804 1787 1831 ub
1807 1804 1875 1841 κριῑ⁵

912 1861 1037 1891 VERSIO
1055 1862 1206 1891 EVAGRII.

285 1915 329 1943 89.
346 1915 413 1950 Quis
426 1923 516 1947 autem
530 1918 593 1946 ﬁnis
614 1917 676 1946 vitae
694 1917 754 1953 ejus
776 1916 866 1951 fuerit,
876 1917 991 1953 dignum
1006 1918 1057 1946 ’est
1070 1923 1097 1946 et
1119 1925 1163 1946 me
1177 1925 1404 1952 commemorare,
1421 1923 1448 1947 et
1460 1926 1509 1947 vos
1522 1926 1583 1947 cum
1596 1918 1731 1947 desiderio
1750 1919 1847 1948 audire
1860 1929 1872 1949 :

249 1952 313 1986 quia
329 1957 356 1979 et
373 1952 425 1989 hoc
436 1954 462 1981 in
477 1960 509 1989 eo
523 1953 654 1981 imitabile
669 1951 775 1989 cunctis
786 1953 855 1989 fuit.
872 1951 952 1989 Juxta
973 1953 1197 1981 consuetudinem
1213 1954 1248 1981 ad
1264 1953 1393 1982 visendos
1408 1954 1507 1982 fratres
1520 1955 1569 1989 qui
1589 1954 1615 1980 in
1628 1954 1756 1982 exteriori
1771 1961 1866 1984 monte

249 1991 337 2024 erant,
353 1988 436 2024 venit,
453 1988 545 2024 ibique
567 1995 583 2015 a
598 1988 690 2016 divina
701 1987 867 2024 providentia
882 1988 915 2016 de
928 1995 982 2024 sua?
995 1994 1081 2016 morte
1091 1989 1264 2022 condiscens,
1281 1989 1318 2015 ita
1331 1996 1447 2017 exorsus
1460 1993 1502 2016 est
1516 1987 1537 2015 :V
1548 1988 1689 2020 Ultimam,
1713 1989 1800 2022 filioli,
1818 1998 1869 2024 pa-

249 2022 300 2048 tris
311 2021 401 2049 audite
414 2021 573 2051 senteutiam
587 2032 594 2050 :
609 2031 664 2051 non
681 2021 753 2051 enim
769 2023 896 2056 arbitror,
912 2023 984 2058 quod
1007 2024 1035 2051 in
1049 2024 1101 2052 hoc
1113 2023 1212 2051 saeculo
1236 2023 1334 2051 iterum
1359 2031 1409 2051 nos
1436 2024 1521 2051 visuri
1539 2025 1635 2051 simus.
1653 2025 1733 2059 Cogit
1747 2021 1873 2053 conditio

250 2061 365 2094 naturae,
383 2063 412 2085 ut
425 2062 485 2093 post
502 2059 686 2094 centenarium
707 2066 871 2094 numerum,
894 2066 975 2093 quem
1000 2059 1079 2086 annis
1108 2059 1229 2094 quinque
1255 2059 1454 2094 supergredior,
1469 2059 1527 2094 jam
1542 2060 1674 2086 resolvar.
1692 2060 1729 2086 Ita
1748 2059 1871 2094 locutus,

249 2092 416 2133 audientium
426 2092 538 2134 pectora
550 2093 745 2133 _contristavit:
763 2093 879 2154 ﬁemitus
903 2092 1082 2128 lacrymzeque
1099 2092 1171 2121 dicta
1185 2092 1349 2133 "maerentia
1366 2092 1521 2121 consecutae
1543 2098 1618 2121 sunt.
1637 2092 1873 2134 Amplexabantui-

249 2134 311 2154 eum
325 2134 455 2154 unlverst.
478 2136 556 2154 (tuast
577 2128 632 2154 iam
649 2129 682 2154 de
699 2135 768 2154 saacu
781 2135 797 2154 ο
813 2135 994 2154 recessurum.
1014 2129 1050 2154 At
1071 2129 1126 2154 ille.
1140 2134 1269 2154 tannuam
1283 2129 1370 2154 ahena
1385 2129 1524 2154 deserenst
1540 2130 1574 2154 ad
1595 2136 1733 2154 nronriam
1753 2130 1870 2154 Datriam

248 2134 314 2164 eum
325 2127 455 2164 universi,
478 2128 556 2164 quasi
575 2128 632 2162 jam
649 2129 682 2155 de
699 2127 994 2164 saeculorecessurum.
1014 2127 1050 2155 At
1071 2129 1126 2162 ille,
1140 2134 1269 2164 tanquam
1283 2129 1370 2156 aliena
1385 2129 1524 2160 deserens,
1540 2130 1574 2156 ad
1595 2127 1733 2164 propriam
1753 2130 1870 2164 patriam

248 2137 311 2154 cum
325 2137 455 2160 uanBl‘Sl,
478 2137 556 2162 quast
575 2137 632 2162 lam
649 2137 682 2155 oe
699 2137 797 2155 εωευιο
813 2137 994 2155 recessurum.
1014 2137 1050 2155 Al
1071 2137 1126 2162 me,
1140 2137 1269 2164 tanquam
1283 2137 1370 2156 auena
1385 2137 1524 2160 deserens,
1540 2137 1574 2156 au
1614 2137 1733 2164 ropriam
1753 2137 1870 2164 patriam

248 2162 466 2196 proﬁcisceretur
479 2163 545 2198 (l0),
560 2171 656 2198 magna
679 2171 740 2190 eum
757 2162 849 2190 laetitia
866 2163 1048 2198 praecipiebat,
1071 2164 1204 2191 desidiam
1224 2164 1348 2191 instituto
1365 2171 1420 2190 non
1438 2163 1538 2191 debere
1561 2137 1706 2198 sugrcpere
1720 2173 1727 2198 ;
1743 2165 1790 2192 sed
1808 2169 1875 2192 tan-

249 2204 331 2232 quam
348 2198 468 2231 quotidie
485 2198 642 2232 morituros,
660 2202 689 2225 ut
706 2202 770 2225 ante
786 2198 957 2232 praedixerat,
981 2206 995 2225 a
1011 2199 1129 2226 sordidis
1149 2199 1364 2232 cogitationibus
1388 2199 1508 2225 animam
1538 2199 1694 2232 custodire,
1711 2203 1738 2226 et
1758 2207 1872 2228 onmem

249 2208 331 2231 quam
348 2208 468 2231 quotidie
485 2208 642 2232 morlturos,
660 2208 689 2225 ιιι
706 2208 770 2225 IIII-6
786 2208 957 2232 praemineret,
981 2208 995 2225 3
1011 2208 1129 2226 θοι-(11018
1149 2208 1182 2226 (το
1203 2208 1364 2226 ιιαιιοηιυιιε
1388 2208 1508 2225 animam
1538 2208 1694 2232 CUSIOUII'B,
1711 2208 1738 2226 el
1758 2208 1871 2228 onmem

248 2231 447 2269 aemulationem
466 2233 499 2260 ad
514 2238 623 2269 sanctos
638 2241 762 2268 quosque
774 2237 930 2260 convertere
947 2242 954 2260 :
972 2234 1005 2260 ad
1017 2233 1173 2261 Meletianos
1184 2208 1242 2269 ΞΗ)
1256 2241 1320 2260 vero
1337 2234 1527 2261 schismaticos
1541 2241 1576 2261 ne
1590 2241 1673 2268 prope
1686 2234 1795 2269 quidem
1821 2242 1871 2262 ac-

248 2266 356 2303 cedere.
375 2267 456 2295 Scitis
471 2268 555 2300 enim,
570 2266 667 2300 aiebat,
679 2266 773 2296 eorum
789 2269 928 2302 antiquam
940 2269 1143 2303 perversitatem
1162 2278 1169 2295 :
1183 2266 1271 2303 neque
1292 2276 1354 2295 cum
1377 2268 1487 2295 Arianis
1501 2266 1871 2303 comnmnibne'jungamini,

248 2301 314 2335 quia
330 2302 453 2337 impietas
472 2311 565 2330 eorum
587 2303 642 2337 jam
659 2303 786 2331 omnibus
801 2301 947 2330 manifesta
955 2308 1004 2330 est.
1021 2303 1069 2331 llis
1083 2304 1165 2331 etiam
1190 2301 1256 2330 illud
1279 2304 1404 2336 addebat,
1421 2303 1526 2330 nullum
1541 2304 1639 2331 debere
1650 2301 1838 2332 Christianum
1860 2301 1867 2337 ζ

249 2344 311 2374 cum
326 2337 416 2364 saeculi
431 2338 527 2366 viderit
548 2342 694 2374 potestates
710 2346 759 2373 pro
769 2338 938 2374 Arianorum,
950 2344 976 2366 et
1002 2338 1206 2366 Meletianorum
1227 2345 1347 2374 pugnare
1360 2338 1480 2374 nequitia
1493 2358 1501 2370 ,
1518 2347 1534 2365 a
1552 2338 1655 2366 Christi
1673 2339 1797 2366 territum
1812 2339 1873 2367 dis-

248 2371 345 2409 cedere
367 2373 504 2409 veritate:
536 2371 691 2400 mortalium
711 2371 791 2409 filiam
811 2381 874 2409 esse
890 2373 1090 2409 defensionem,
1115 2381 1166 2400 nec
1180 2371 1233 2400 diu'
1251 2371 1374 2409 fallacem
1399 2371 1558 2409 permanere
1584 2381 1666 2409 posse
1681 2374 1868 2408 phantasiam.

249 2405 428 2444 Quapropter,
443 2408 541 2439 aiebat,
559 2408 735 2436 custodienda
749 2412 791 2444 est
804 2408 846 2442 pia
861 2408 927 2444 fides
945 2408 971 2435 in
986 2409 1107 2444 Christo,
1119 2413 1146 2435 et
1155 2409 1266 2435 Patrum
1290 2405 1418 2444 religiosa
1433 2408 1553 2441 traditio,
1573 2405 1656 2444 quain
1669 2405 1697 2436 e't
1709 2409 1869 2444 Scriptura-

249 2448 314 2478 rum
324 2442 438 2478 lectione
453 2447 481 2470 et
492 2443 588 2471 crebro
600 2451 666 2471 meat
682 2443 824 2478 parvitatis
837 2443 973 2470 didicistis
986 2443 1139 2471 admonitu.

284 2476 437 2513 9_0._Finito
456 2486 589 2511 sermone,
608 2476 705 2506 fratres
720 2486 782 2506 eum
798 2478 1034 2506 Vehementissime
1052 2478 1237 2511 retardabant,
1255 2478 1374 2513 glorioso
1391 2478 1476 2513 patris
1490 2479 1630 2513 cupientes
1651 2478 1767 2506 termino
1781 2479 1870 2508 decc-

249 2511 314 2539 rari.
331 2511 383 2549 Sed
400 2514 499 2541 multas
514 2514 549 2541 ob
561 2521 668 2549 causas,
683 2521 751 2548 quas
773 2518 800 2540 et
815 2513 922 2549 silentio
942 2514 1155 2547 demonstrabat,
1172 2511 1308 2548 praecipue
1321 2511 1411 2549 tamen
1427 2514 1462 2541 ob
1474 2511 1666 2548 praesumptam
1679 2512 1788 2549 [Egypti
1801 2521 1868 2542 con-

249 2547 417 2575 suetudinem
432 2548 605 2576 contradixit.
620 2548 677 2576 Mos
691 2547 791 2576 etenim
803 2548 937 2610 [Egﬁ'ptiis
951 2553 1005 2588 est,
1019 2549 1150 2576 nobilium
1165 2547 1191 2575 et
1203 2549 1337 2583 praecipue
1350 2547 1494 2576 beatorum
1509 2547 1657 2584 martyrum
1679 2547 1794 2584 corpora
1813 2550 1853 2576 lin

249 2583 366 2610 leamine
375 2583 484 2610 quidem
494 2583 646 2610 obvolvere.
665 2588 693 2610 et
710 2584 830 2610 studium
864 2591 940 2610 unert
957 2583 1067 2610 solitum
1086 2591 1140 2610 non
1155 2591 1254 2610 negare
1269 2591 1276 2610 :
1293 2587 1367 2610 terra
1381 2591 1444 2610 vero
1456 2591 1512 2610 non
1522 2584 1702 2610 abscondere.
1718 2584 1767 2610 sed
1781 2591 1850 2610 sum:

248 2583 366 2610 teamine
375 2583 484 2618 quidem
494 2583 646 2616 obvolvere.
665 2588 693 2611 et
710 2584 830 2611 studium
851 2583 940 2610 funeri
957 2583 1067 2611 solitum
1086 2591 1140 2612 non
1155 2591 1254 2618 negare
1269 2591 1276 2616 ;
1293 2587 1367 2611 terra
1381 2591 1444 2611 vero
1456 2591 1512 2611 non
1522 2584 1702 2616 abscondere,
1718 2584 1767 2612 sed
1781 2591 1868 2619 super

284 2642 377 2679 (6)71ta
388 2643 498 2678 quidam
517 2644 705 2679 manuscripti.
723 2643 793 2671 Editi
806 2663 813 2676 ,
831 2642 934 2679 μαθών.
953 2642 1024 2671 lnfra
1108 2643 1146 2679 (9)
1172 2643 1218 2671 Sic
1236 2650 1332 2671 omnes
1360 2643 1550 2679 manuscripti.
1573 2643 1646 2671 Editi
1665 2650 1752 2678 vero”
1772 2642 1861 2671 ὀθονί-

247 2681 308 2738 rost
324 2678 456 2718 ᾲδελφοῖς,
472 2679 548 2707 deest
564 2678 701 2720 λέγωνΊιι
723 2679 803 2707 editis
816 2688 822 2705 :
833 2678 836 2679 ⁷
846 2678 894 2706 sed
909 2679 1025 2706 habetur

259 2719 276 2738 n
293 2713 456 2738 quibusdam
473 2720 674 2738 inannsnrmtts.

1086 2678 1142 2710 τοις.

1110 2716 1142 2738 HI

259 2719 276 2738 n
293 2713 456 2750 quibusdam
473 2712 674 2749 manuscriptiS.
773 2749 788 2750 η
807 2749 810 2750 ν
893 2749 898 2750 7
1110 2713 1165 2749 (10)
1178 2714 1217 2741 Ita
1241 2713 1352 2749 quidam
1374 2714 1554 2750 manuscripti
1572 2719 1653 2742 recte.
1677 2713 1759 2746 Editi,
1775 2712 1866 2748 prof:-

284 2747 321 2784 (7)
337 2747 570 2784 S‘icmanuscripti
586 2747 691 2777 omnes.
707 2750 737 2776 ln
749 2749 828 2776 editis
844 2749 872 2775 ἐν
884 2749 969 2777 deest.
1073 2747 1174 2777 cturus.

283 2781 321 2819 (8)
341 2782 513 2819 Golbertinus
526 2781 660 2812 secundus
680 2784 860 2816 Μελιτιανοῖς.
877 2784 949 2811 lnfra
964 2792 1023 2811 κοι-

1108 2784 1163 2819 (ΙΙ)
1184 2783 1360 2819 Manuscripti
1378 2784 1489 2818 quidam
1506 2784 1623 2816 habent,
1644 2783 1794 2811 Μίίὶιίαηοε
1808 2801 1817 2816 ,
1832 2787 1861 2813 et

247 2817 344 2843 νωνίειν
359 2818 504 2859 deerat'in'
516 2820 595 2852 editis
636 2821 683 2848 sed
707 2820 822 2848 habetur
841 2821 868 2847 in
894 2819 1023 2847 omnibus

1086 2817 1158 2852 nl'i'a,
1176 2817 1368 2847 Militianofum
1378 2817 1459 2854 ;’alii,
1477 2819 1684 2857 ῌὶιειὶαηοηιηι.

249 2859 315 2886 pene
330 2855 531 2888 manuscriptis.
