1954 3041
89 82 139 106 969

737 80 815 104 Vl'l‘A
837 79 866 105 S.
887 79 1037 105 AN'I'OMI.

1639 81 1693 108 970

88 143 163 162 πτειν
175 135 203 161 δὲ
219 135 271 162 ὑπο
289 135 350 170 γῆν,
366 134 422 161 ἀλλ’
438 135 486 161 ἐπὶ
500 134 669 170 σκιμποδίων
687 134 802 167 τιθέναι,
822 136 866 162 καὶ

920 135 1067 168 involvere,
1087 142 1137 162 nec
1160 139 1250 162 tamen
1276 135 1326 162 sub
1347 139 1446 162 terram
1470 134 1626 169 occultare;
1652 137 1699 164 sed

86 182 229 216 φυλάττειν
246 181 319 208 ἔνδον
334 182 397 216 παρ’
421 182 541 213 ἑαυτοῖς·
559 181 712 216 νομίζοντες
732 183 762 207 έν
781 180 867 215 τούτῳ

85 228 167 263 τιμᾷν
183 228 246 258 τοὺς
266 226 440 258 ἀπελθόντας.
470 227 498 254 '0
519 227 547 253 δὲ
579 226 719 259 Ἀντώνιος
739 226 868 258 πολλάκις

85 275 149 309 περὶ
158 273 253 300 τούτου
269 273 314 300 καὶ
331 273 494 305 ἐπισκόπους
509 272 585 308 ἠξίου
597 273 795 309 παραγγέλλειν
811 276 868 306 τοῖς

84 317 158 349 λαοῖς
170 326 176 332 ·
187 317 286 353 ὁμοίως
306 317 334 343 δὲ
350 318 397 344 καὶ
411 317 522 348 λαῐκοὺς
537 317 675 354 ὲνέτρεπε,
691 320 737 345 καὶ
748 319 870 354 γυναιξὶν

84 363 247 399 ἐπέπληττε,
266 363 363 397 λέγων,
383 364 452 399 μήτε
475 364 599 400 νόμιμον,
624 366 692 400 μήτε
708 365 777 397 ὅλως
796 366 870 394 ὅσιον

84 408 152 436 ιῖναι
166 410 253 437 τοῦτο.
267 411 320 437 Καὶ
332 410 385 446 γὰρ
399 410 432 437 τὰ
444 410 497 437 τῶν
516 411 692 447 πατριαρχῶν
707 412 754 439 καὶ
766 412 801 439 τὰ
815 413 869 440 τῶν

83 455 231 490 προφητῶν
247 455 360 490 σώματα
377 456 457 492 μέχρι
472 455 518 482 νῦν
533 455 648 488 σώζεται
664 458 702 489 είς
727 458 866 493 μνήματα’

83 502 131 528 καὶ
144 501 210 528 αὐτὸ
224 501 251 528 δὲ
266 502 296 528 τὸ
307 501 354 528 τοῦ
369 502 472 538 Κυρίου
484 502 564 538 σῶμα
576 503 615 535 εἰς
630 505 760 539 μνημεῖον
771 504 848 540 ἐτέθη
859 525 867 536 ,

83 545 156 577 λίθος
170 554 199 572 τε
220 546 356 578 ἐπιτεθεὶς
377 545 495 582 ἔκρυψεν
513 547 595 579 αὐτὸ,
619 548 670 580 ἕως
690 548 790 584 ἀνέστη
814 557 869 584 τρι-

83 591 194 627 ήμερον.
211 592 264 618 Καὶ
287 591 372 618 ταῦτα
385 592 487 626 λέγων,
501 593 619 620 ἐδείκνυε
641 596 809 630 παρανομεῖν
822 595 868 621 τὸν

84 637 155 671 μετὰ
168 637 280 664 θάνατον
297 637 333 673 μὴ
354 637 509 673 κρύπτοντα
525 638 558 664 τὰ
578 638 693 674 σώματα
710 639 763 665 τῶν
781 640 868 666 τελευ-

82 681 203 717 ’τύπτων⁹
220 683 271 710 κᾶν
287 684 353 717 ἆγια
366 683 499 720 τυγχάνῃ.
521 684 553 710 Τί
579 685 633 720 γὰρ
655 685 774 720 μεῖζονῆ
789 685 868 719 ἁγιώ-

82 737 161 764 τερον
180 729 226 755 τοῦ
241 729 381 764 Κυριακοῦ
397 729 538 764 σώματος
556 729 652 757 Πολλοὶ
665 729 721 762 οὖν,
741 730 867 757 ἀκούσαν-

81 783 139 807 τες,
154 774 275 811 ἔκρυψαν
295 777 348 802 ὑπὸ
363 777 414 811 γῆν
435 776 537 809 λοιπὸν,
556 777 604 803 καὶ⁸
625 777 806 813 ηὐχαρίστουν
828 777 867 813 τῷ

81 820 187 856 Κυρίῳ,
199 820 289 852 καλῶς
308 820 488 856 διδαχθέντες.

120 909 164 936 9L
186 910 271 941 Αὐτὸς
282 909 320 941 δὲ,
335 909 414 936 τοῦτο
427 910 578 945 γινώσκων,
591 911 637 938 καὶ
650 911 814 947 φοϐούμενος
829 912 866 948 μὴ

83 955 134 982 καὶ
153 955 184 981 τὸ
204 955 285 982 αὑτοῦ
303 956 451 991 ποιήσωσιν
471 956 556 988 οὕτως
573 957 662 992 σῶμα,
679 958 788 993 ἧπειξεν
808 960 867 985 ἑαυ-

79 1001 137 1033 τὸν,
161 1001 360 1036 συνταξάμενος
379 1003 435 1034 τοῖς
459 1003 487 1028 ὲν
513 1002 551 1037 τῷ
574 1002 625 1034 ἔξω
646 1003 704 1038 δρεὶ
721 1005 864 1039 μοναχῶς·

79 1046 128 1072 καὶ
141 1044 267 1071 εἰσελθὼν
281 1046 320 1076 είς
330 1047 360 1071 τὸ
374 1045 446 1072 ἔνδον
460 1046 522 1081 ὅρος
536 1046 602 1080 (l2),
619 1046 684 1073 ἔνθα
706 1047 752 1073 καὶ
776 1046 865 1082 μένειν

79 1090 182 1122 εἰώθει,
198 1090 266 1125 μετὰ
286 1092 374 1126 μῆνας
400 1090 506 1124 ὀλίγους
528 1091 657 1127 ἐνόσησε’
680 1092 726 1118 καὶ
749 1092 866 1124 καλέσας

78 1138 142 1169 τοὺς
156 1137 283 1168 συνόντας
297 1136 371 1171 αὑτῴ
390 1136 454 1171 (δύο
470 1136 498 1162 δὲ
511 1134 590 1172 ἦσαν,
615 1137 712 1168 οἵτινες
728 1137 774 1163 καὶ
795 1137 866 1172 ἐμεια

79 1192 128 1209 ναν
145 1182 227 1213 ἔνδον,
243 1183 364 1210 δέκακαὶ
380 1183 460 1209 πέντε
480 1183 526 1217 ἐτη
544 1182 706 1217 ἀσκούμενοι
719 1204 726 1215 ,
747 1183 792 1209 καὶ
815 1183 866 1208 ὑπ-

79 1227 242 1262 ηρετοῦντες
253 1227 327 1262 αὐτῷ
340 1227 384 1254 διὰ
397 1227 427 1254 τὸ
446 1228 556 1262 γῆρας),
575 1227 649 1261 ἔλεγε
667 1227 733 1263 πρὸς
746 1227 842 1259 αὐτούς
855 1235 862 1241 '

85 1272 157 1306 Ἐγὼ
174 1273 232 1306 μὲν,
245 1273 282 1304 ὡς
300 1272 462 1309 γέγραπται,
477 1272 526 1308 τὴν
541 1273 598 1298 ὁδὸν
612 1272 665 1298 τῶν
682 1273 806 1308 πατέρων
820 1282 866 1299 πο-

79 1317 196 1352 ρεύομαι
207 1325 213 1331 ·
235 1316 291 1352 6ρῶ
306 1317 360 1353 γὰρ
379 1317 497 1352 ἐμαυτὸν
513 1317 679 1352 καλούμενον
691 1317 742 1344 ὑπὸ
753 1318 800 1345 τοῦ
812 1319 865 1345 Κυ-

79 1363 157 1398 ρίου·
177 1362 254 1397 ὑμεῖς
269 1362 297 1389 δὲ
313 1364 411 1398 νήφετε
424 1385 430 1396 ,
450 1363 496 1389 καὶ
519 1363 568 1398 τὴν
593 1363 765 1399 πολυχρόνιον
788 1364 863 1400 ὑμῶν

79 1408 196 1442 ἄσκησιν
214 1408 250 1443 μὴ
264 1409 427 1443 ἀπολέσητε·
449 1408 505 1434 ἀλλ’
517 1409 555 1440 ὡς
575 1408 621 1436 νῦν
642 1410 728 1445 ἀρχὴν
746 1410 862 1445 ἔχοντες,

80 1454 250 1481 σπουδάσατε
269 1457 363 1490 τηρεῖν
384 1456 434 1490 τὴν
457 1455 610 1490 προθυμίαν
632 1455 745 1482 ἑαυτῶν.
769 1456 862 1483 Οἴδατε

79 1502 143 1533 τοὺς
165 1501 386 1533 ἐπιϐουλεύοντας
409 1502 558 1537 δαίμονας,
584 1502 672 1528 οἴδατε
693 1502 751 1534 πῶς
774 1503 864 1539 ἄγριοι
878 1489 898 1518 C

80 1547 131 1582 μὲν
145 1547 223 1581 εἰσὶν,
238 1546 360 1578 ἀσθενεῖς
373 1547 401 1574 δὲ
420 1549 452 1582 τῇ
473 1547 594 1583 δυνάμει.
611 1547 656 1583 Μὴ
668 1546 714 1574 οὖν
730 1548 865 1584 φοϐηθῆτε

79 1593 188 1626 αὐτοὺς,
205 1592 272 1620 ἀλλὰ
288 1593 386 1628 μᾶλλον
398 1594 442 1620 τὸν
456 1594 572 1630 Χριστὸν
588 1594 631 1621 ἀεὶ
648 1594 805 1625 ἁναπνέετε,
818 1594 866 1620 καὶ

79 1639 167 1674 τούτῳ
182 1639 337 1666 πιστεύετε·
361 1640 406 1666 καὶ
421 1639 458 1671 ὡς
473 1640 533 1666 καθ’
553 1639 660 1676 ἡμέραν
676 1640 864 1676 ἀποθνήσκον-

82 1694 124 1716 τες
140 1684 240 1721 ζήσατε
249 1705 256 1718 ,
275 1685 451 1721 προσέχοντες
464 1687 579 1717 ἑαυτοῖς,
594 1686 640 1712 καὶ
652 1686 866 1721 μνημονεύοντες

79 1729 116 1760 ὧν
130 1732 266 1767 ἠκούσατε
281 1733 344 1768 παρ’
365 1732 432 1767 ἐμοῦ
452 1732 649 1768 παραινέσεων.
668 1733 724 1759 Καὶ
746 1733 864 1768 μηδεμία

78 1777 152 1805 ἔστω
165 1779 229 1813 ὑμῖν
251 1779 378 1805 κοινωνία
400 1778 468 1814 πρὸς
490 1779 553 1809 τοὺς
578 1779 782 1814 σχισματικοὺς,
800 1779 864 1814 μήθ’

79 1825 148 1856 ὅλως
172 1824 239 1860 πρὸς
254 1825 318 1857 τοὺς
332 1825 486 1861 αίρετικοὺς
509 1825 672 1860 Ἀρειανούς.
700 1825 793 1851 Οῖδατε
809 1826 863 1860 γὰρ

921 181 1026 209 lectulis
1040 188 1233 216 superponere,
1245 180 1328 216 690
1339 185 1366 208 et
1384 181 1455 215 apud
1475 188 1535 209 sese
1554 181 1626 209 intus
1641 190 1700 210 ser-

921 235 1003 254 vare:
1021 226 1072 254 rati
1099 227 1125 253 id
1149 227 1204 254 vita
1227 226 1328 254 l‘unctis
1346 234 1407 254 esse
1431 226 1538 254 honori.
1563 227 1699 256 Antonius

919 277 1009 300 autem
1031 272 1191 308 plerumque
1213 277 1321 308 rogarat
1343 273 1496 307 episcopos,
1521 278 1550 299 ut
1570 280 1602 300 ea
1623 273 1656 300 de
1669 281 1699 300 re

918 318 1034 352 populos
1053 321 1197 345 monerent
1211 327 1217 345 :
1235 318 1414 353 similiterque
1430 318 1515 346 laicos
1526 319 1628 353 pudore
1642 318 1699 345 alli-

919 363 1016 396 ciebat,
1036 364 1218 399 mulieresque
1243 364 1420 399 objurgabat,
1447 364 1522 391 aiens
1546 371 1596 391 nec
1611 364 1701 399 legiti-

917 416 992 435 mum
1008 416 1058 436 nec
1072 414 1196 437 sanctum
1212 409 1278 436 illud
1294 417 1364 437 esse.
1388 408 1455 436 Nam
1483 409 1698 444 patriarcharum

917 458 945 482 et
965 454 1160 489 prophetarum
1182 462 1295 490 corpora
1318 455 1449 483 hactenus
1472 455 1499 483 in
1517 455 1700 483 monumentis

918 504 1064 527 servantur
1077 509 1084 527 :
1097 500 1241 536 ipsumque
1255 499 1363 528 Domini
1381 509 1479 536 corpus
1496 501 1522 528 in
1539 508 1701 528 monumen-

922 550 949 572 to
969 545 1021 572 fuit
1047 546 1200 581 depositum
1212 547 1246 579 ",
1271 547 1470 582 impositusque
1492 546 1542 581 ipsi
1558 547 1626 582 lapis
1644 554 1700 582 quo

917 592 1072 627 operiretur
1082 592 1115 625 ”,
1139 592 1225 619 donec
1253 593 1330 619 tertia
1352 592 1395 620 die
1415 596 1576 627 resurgeret.
1599 590 1700 627 Hisque

918 638 1007 665 verbis
1022 637 1228 666 demonstrabat
1253 639 1425 674 praevaricari
1447 647 1521 672 eum,
1534 640 1580 674 qui
1603 640 1700 667 defun-

918 688 1024 710 ctorum
1044 691 1158 719 corpora
1172 691 1225 711 non
1251 684 1440 717 absconderet,
1462 686 1587 720 quamvis
1606 690 1699 713 sancta

917 735 1017 757 essent.
1033 730 1103 763 Quid
1123 730 1214 765 majus
1237 731 1309 757 enim
1326 735 1353 758 et
1375 731 1496 758 sanctius
1513 738 1627 765 corpore
1643 730 1700 758 Do-

919 774 1042 802 minico?
1057 774 1160 808 Quibus
1175 775 1284 807 auditis,
1309 776 1385 802 multi
1400 776 1527 811 deinceps
1553 776 1604 803 sub
1626 780 1699 804 terra

880 821 902 849 Β
916 820 1104 853 occultarum,
1129 826 1157 848 et
1174 820 1289 849 Domino
1312 830 1391 857 egere
1413 822 1524 857 gratias,
1546 822 1618 857 quod
1643 827 1699 850 tam

918 866 1001 900 probe
1015 867 1104 894 edocti
1120 871 1221 894 essent.

952 913 995 940 9L
1013 913 1059 941 Ille
1075 922 1140 942 vero
1159 915 1348 950 hujuscemodi
1365 915 1571 942 consuetudinis
1586 923 1698 950 gnarus,

917 963 1097 995 metuensque
1120 967 1153 987 ne
1179 968 1229 988 suo
1252 961 1361 995 corpori
1386 961 1501 994 idipsum
1527 965 1697 995 praestarent,

917 1005 1042 1033 salutatis
1064 1006 1206 1033 monachis
1223 1007 1269 1041 qui
1287 1006 1312 1032 in
1340 1007 1473 1034 exteriore
1495 1012 1572 1034 erant
1595 1012 1697 1039 monte,

917 1049 1110 1086 ingressusque
1134 1052 1161 1078 in
1190 1051 1344 1078 interiorem
1370 1057 1499 1084 montem,
1519 1053 1564 1080 ubi
1591 1061 1700 1081 manere

916 1096 1013 1124 solitus
1025 1102 1092 1129 erat,
1106 1102 1168 1132 post
1179 1105 1286 1125 menses
1297 1105 1397 1132 paucos
1409 1099 1435 1124 in
1451 1098 1573 1125 morbum
1586 1099 1697 1126 incidit:

916 1142 1073 1176 vocatisque
1097 1142 1129 1169 iis
1153 1142 1198 1177 qui
1225 1149 1316 1169 secum
1341 1147 1417 1169 erant
1437 1143 1560 1177 (duobus
1584 1143 1698 1175 scilicet,
1721 1153 1723 1156 ‘

915 1187 962 1223 qui
982 1187 1055 1216 intus
1073 1194 1270 1220 remanserant,
1285 1196 1333 1224 per
1352 1188 1509 1224 quindecim
1523 1197 1610 1217 annos
1623 1197 1700 1218 asce-

915 1233 996 1260 ticam
1011 1238 1132 1268 agentes,
1148 1239 1229 1270 atque
1242 1235 1277 1262 ob
1298 1240 1464 1263 senectutem
1487 1236 1525 1263 illi
1541 1237 1698 1264 ministran-

915 1279 978 1312 tes),
991 1279 1028 1306 ait
1041 1280 1094 1307 illis
1108 1289 1114 1307 :
1129 1279 1273 1315 Equidem.
1286 1284 1315 1307 ut
1329 1280 1458 1315 scriptum
1471 1285 1514 1308 est
1525 1282 1558 1314 ",
1574 1282 1646 1309 viam
1657 1282 1699 1310 ina

915 1323 1023 1358 gredior
1043 1323 1153 1352 Patrum
1167 1334 1174 1358 ;
1190 1325 1268 1352 video
1282 1326 1354 1352 enim
1373 1333 1387 1352 a
1404 1326 1517 1353 Domino
1531 1333 1574 1353 tne
1592 1327 1696 1354 vocari.

915 1368 970 1397 Vos
990 1375 1079 1398 autem
1106 1371 1225 1405 vigilate,
1254 1378 1285 1398 ac
1312 1371 1474 1399 diutissime
1497 1372 1699 1401 exercitationis

915 1421 1011 1443 vestra:
1032 1415 1150 1444 fructum
1169 1425 1202 1444 ne
1226 1417 1379 1452 perditote:
1407 1417 1452 1445 sed
1469 1418 1546 1452 quasi
1568 1418 1623 1452 jam
1639 1419 1698 1453 ejus

915 1461 1023 1489 initium
1042 1463 1189 1497 poneretis,
1210 1468 1303 1490 curate
1317 1469 1434 1491 vestram
1461 1464 1577 1492 retinere
1601 1465 1698 1491 alacri-

917 1511 1012 1533 tatem.
1028 1505 1119 1534 Nostis
1133 1507 1304 1535 insidiatores
1319 1507 1466 1540 daemones,
1480 1516 1561 1543 quam
1576 1509 1630 1535 sint
1641 1513 1699 1536 tru—

917 1560 962 1580 ces
979 1552 1100 1587 quidem.
1114 1554 1160 1580 sed
1177 1554 1280 1581 viribus
1297 1554 1436 1581 imbecilli.
1451 1553 1490 1581 Ne
1502 1554 1591 1589 itaque
1607 1555 1700 1582 timeto

916 1591 996 1625 illos:
1015 1597 1061 1625 sed
1081 1591 1218 1626 Christum
1234 1607 1341 1634 semper
1356 1600 1498 1634 respirate,
1522 1599 1627 1635 ipsique
1641 1607 1700 1627 cre-

916 1643 990 1670 dite:
1006 1651 1038 1670 ac
1064 1644 1136 1671 velut
1152 1645 1273 1680 quotidie
1298 1645 1422 1672 morituri
1443 1646 1544 1673 vivite:
1568 1646 1699 1681 vobisque

917 1689 984 1724 ipsis
1009 1691 1158 1724 attendite,
1187 1699 1321 1718 memores
1347 1699 1469 1719 mearum
1492 1700 1560 1727 quas
1584 1693 1699 1721 audistis

917 1736 1140 1770 prmceptionum.
1167 1736 1244 1764 Nulla
1259 1737 1336 1764 vobis
1352 1737 1388 1764 sit
1411 1739 1621 1766 communicatio
1636 1747 1698 1766 cum

918 1782 1110 1815 schismaticis,
1133 1787 1180 1810 aut
1205 1791 1318 1817 prorsus
1343 1791 1405 1811 cum
1420 1784 1553 1812 haereticis
1578 1786 1698 1814 Arianis.

918 1825 1009 1853 Nostis
1033 1827 1105 1853 enim
1133 1828 1180 1861 qui
1197 1827 1257 1854 illos
1281 1835 1331 1862 ego
1355 1827 1523 1856 confutarem
1537 1850 1544 1863 ,
1562 1829 1597 1857 ob
1619 1838 1699 1858 suam

734 1903 860 1932 VEBSIO
880 1904 1034 1933 EVAGRII.

80 1981 196 2019 lectulos
204 1982 277 2010 domi
293 1985 379 2018 posita
394 1990 543 2011 reservare.
559 1983 636 2011 Hunc
650 1984 779 2011 honorem
793 1984 995 2019 quiescentibus
1010 1984 1096 2015 reddi.
1117 1984 1272 2012 inveterata:
1286 1984 1491 2012 consuetudinis
1516 1984 1622 2012 vanitas
1642 1989 1697 2012 tra-

80 2017 160 2044 didit.
176 2017 213 2044 De
223 2019 273 2046 hoc
290 2017 425 2046 Antonius
438 2026 508 2053 saepe
526 2024 552 2046 et
565 2020 708 2053 epiScopos
724 2017 884 2054 deprecatus
907 2024 958 2049 cst.
974 2024 1003 2046 ut
1018 2020 1132 2054 populos
1149 2020 1332 2047 ecclesiastica
1355 2019 1553 2054 contestatione
1576 2020 1697 2054 corrige-

81 2057 142 2080 rent
154 2061 161 2083 ;
174 2057 200 2079 et
214 2054 296 2081 laicos
310 2055 381 2081 viros
395 2062 427 2081 ac
437 2054 564 2081 mulieres
579 2054 691 2088 rigidius
708 2053 767 2088 ipse
783 2055 920 2084 convenit.
935 2055 1029 2082 dicens
1042 2053 1119 2082 :Ncc
1136 2055 1284 2089 legitimum
1308 2054 1359 2081 hoc
1380 2062 1451 2087 esse,
1477 2061 1529 2081 nec
1544 2053 1598 2081 Deo
1611 2053 1695 2088 placi-

81 2092 158 2124 tum;
172 2088 270 2124 quippe
286 2097 346 2115 cum
368 2089 581 2123 patriarcharum
593 2095 620 2116 et
635 2089 824 2124 prophetarum
838 2090 972 2123 sepulcra,
987 2097 1047 2124 quae
1068 2090 1100 2116 ad
1117 2088 1172 2116 nos
1187 2089 1274 2124 usque
1293 2090 1449 2123 perdurant,
1471 2089 1528 2124 haec
1544 2089 1615 2116 facta
1629 2097 1695 2116 con-

81 2121 385 2151 viticerenterominici
403 2131 510 2158 quoque
530 2121 652 2158 corporis
668 2121 820 2158 escmplum
847 2121 972 2158 oportere
995 2121 1097 2151 intueri
1122 2121 1244 2158 jubebat,
1268 2121 1340 2158 quod
1367 2124 1393 2150 in
1414 2121 1538 2158 sepulcro
1564 2125 1695 2158 positum,

82 2158 180 2193 lapide,
194 2165 280 2193 usque
296 2160 328 2186 ad
347 2159 553 2185 resurrectionis
569 2159 639 2186 diem
658 2159 778 2190 tertium,
801 2159 923 2185 clausum
948 2159 1038 2186 fuerit.
1062 2159 1150 2193 Atque
1172 2160 1214 2187 Itis
1242 2159 1330 2186 modis
1356 2159 1449 2184 vitium
1466 2159 1538 2185 circa
1554 2160 1697 2186 defunctos

81 2192 202 2228 {EgyptL
220 2194 325 2221 etiamsi
350 2200 442 2221 sancta
455 2200 544 2220 essent
556 2202 681 2228 corpora,
698 2194 870 2228 coarguebat.
888 2194 981 2221 dicens
996 2204 1001 2220 :
1018 2193 1087 2226 Quid
1105 2192 1193 2227 inaius
1206 2199 1253 2221 aut
1264 2195 1519 2228 sanctiusﬂcorpore
1539 2199 1627 2228 potest
1637 2202 1698 2222 esse

83 2227 234 2260 Dominico,
249 2230 320 2263 quod
331 2231 408 2262 juxta
423 2227 646 2256 consuetudinem
660 2227 779 2263 gentium
796 2234 956 2256 caiterarum
980 2229 1062 2256 humo
1080 2230 1217 2256 conditum
1233 2229 1294 2256 est?
1309 2229 1364 2263 (l5)
1382 2227 1445 2255 Htec
1456 2227 1544 2262 ’justa’
1555 2231 1698 2263 persuasio

81 2263 230 2324 multorum
242 2264 354 2291 insitum
372 2264 461 2291 evellit
474 2271 605 2295 errorem,
623 2269 650 2291 et
664 2265 790 2299 repositis
805 2264 832 2291 in
843 2269 914 2291 terra
928 2263 1115 2296 cadaveribus,
1129 2264 1243 2291 Domino
1254 2265 1356 2299 gratias
1375 2270 1425 2298 pro
1444 2263 1516 2291 bono
1538 2265 1697 2298 magisterio

82 2303 139 2324 retu
152 2303 242 2324 erunt-

82 2303 242 2328 retulerunt.

117 2333 161 2360 91.
177 2333 298 2362 Metuens
311 2342 375 2369 ergo
388 2334 611 2361 consuetudinem
628 2334 823 2368 snpradictam,
850 2341 884 2360 ne
907 2333 1003 2369 eodem
1021 2333 1102 2360 etiam
1124 2333 1196 2361 circa
1221 2341 1251 2361 se
1276 2334 1432 2362 laberentur
1447 2343 1551 2368 errore,
1573 2333 1697 2362 celeriter

83 2368 235 2396 valediuens
258 2368 410 2401 monachis,
437 2370 482 2404 qui
499 2370 694 2401 conﬂuxerant,
721 2370 754 2396 ad
771 2370 889 2396 amicqu
900 2368 1015 2395 'virtutis
1033 2369 1217 2396 habitaculum
1234 2369 1381 2403 repedavit.
1399 2370 1464 2398 Post
1484 2378 1591 2398 menses
1604 2373 1696 2396 autem

83 2409 197 2443 paucos,
214 2412 276 2432 cum
291 2405 429 2443 mediocre
445 2403 501 2439 (l4)
519 2404 720 2443 incommodum
740 2404 835 2443 senilia
852 2404 973 2443 membra
985 2403 1136 2443 turbasset,
1149 2404 1251 2443 vocatis
1265 2404 1297 2443 ad
1312 2411 1341 2431 se
1353 2405 1461 2443 duobus
1469 2405 1618 2443 fratribus,
1628 2411 1698 2439 quos

84 2438 182 2465 ibidem
200 2445 263 2467 ante
276 2440 430 2475 quindecim
449 2447 535 2475 agnos
550 2439 656 2466 modico
673 2439 814 2475 intervallo
831 2439 970 2473 sejunctos
983 2439 1141 2475 instituebat
1154 2439 1221 2474 (15),
1235 2439 1337 2475 quique
1349 2441 1430 2467 etiam
1450 2442 1474 2468 ei
1490 2441 1546 2474 jam
1562 2439 1619 2468 seni
1639 2438 1698 2466 cte-

84 2479 178 2513 perant
190 2473 355 2513 ministrare,
371 2475 430 2502 ait:
449 2474 512 2513 _Ego
531 2475 652 2513 quidem,
678 2474 778 2513 lilioli,_
793 2475 943 2513 secundum
955 2474 1076 2513 eloquia
1094 2473 1306 2513 Scripturarum,
1324 2473 1437 2513 Patrum
1467 2473 1575 2511 gradior
1601 2474 1673 2501 viam
1688 2482 1695 2513 ξ

83 2508 139 2542 jam
154 2510 225 2536 enim
239 2510 371 2538 Dominus
390 2518 433 2537 me
449 2508 553 2541 invitat,
566 2510 620 2544 jam
638 2510 717 2544 cupio
736 2509 826 2536 videre
858 2509 989 2537 calestia.
1007 2508 1060 2536 Sed
1077 2516 1136 2540 vos.
1152 2518 1170 2536 υ
1189 2509 1294 2536 viscera
1319 2517 1389 2543 mea,
1405 2508 1550 2542 admoneo,
1574 2516 1609 2536 ne
1631 2508 1698 2536 tanti

85 2545 214 2578 temporis
230 2545 350 2573 laborem
369 2551 478 2580 repente
495 2543 623 2580 perdatjs.
642 2543 727 2572 Hodie
745 2552 792 2571 vos
811 2544 967 2580 religiosum
983 2545 1103 2580 studium
1119 2544 1267 2580 arripuisse
1276 2544 1455 2579 arbitramini;
1469 2550 1496 2572 et
1509 2545 1587 2580 quasi
1604 2548 1700 2578 cceptus

85 2580 217 2607 voluntati
243 2580 374 2608 fortitudo
395 2579 561 2608 succrescat.
586 2579 682 2607 Varias
706 2580 860 2606 daemonum
884 2580 971 2607 nostis
995 2579 1131 2606 insidias:
1156 2579 1372 2615 vidistisreorum
1385 2585 1413 2607 et
1426 2579 1542 2615 impetus
1554 2581 1659 2615 feroces
1672 2583 1701 2615 et

83 2615 157 2642 vires
167 2615 344 2643 ctl'etninatas.
360 2615 453 2643 Jesum
469 2615 615 2650 suspirate,
633 2619 661 2642 et
677 2615 866 2642 credulitatem
883 2614 1003 2642 nominis
1027 2615 1087 2650 ejus
1105 2615 1202 2642 vestris
1228 2614 1301 2649 ﬁgite
1319 2613 1473 2648 mentibus,
1482 2622 1510 2643 et
1523 2622 1539 2642 a
1555 2620 1629 2643 certa
1646 2613 1699 2641 ﬁde

120 2671 143 2687 "
159 2670 238 2699 Joan.
256 2680 312 2705 xtx,
328 2671 374 2699 41.
408 2672 431 2688 ³³
444 2670 539 2699 Matth.
558 2679 645 2704 xxvu,
659 2670 705 2699 60.
743 2671 766 2686 “
780 2670 863 2699 Josue
880 2678 959 2704 unt,
972 2670 1018 2700 Η.

133 2729 176 2766 12)
188 2729 227 2766 lta
239 2730 349 2766 quidam
366 2729 553 2766 manttsc_ripti.
575 2728 658 2761 Editi,
673 2727 786 2766 ἔνδοθεν.
959 2728 1016 2766 (ιθ)
1032 2727 1074 2766 _l_ta
1087 2727 1275 2766 manuscripti.
1292 2727 1320 2756 ln
1340 2728 1430 2766 editis,
1443 2734 1494 2755 non
1507 2729 1644 2766 mediocre.

133 2729 176 2764 12)
188 2729 227 2757 lta
239 2730 349 2766 quidam
366 2729 553 2764 manuscripti.
575 2728 658 2761 Editi,
673 2728 786 2755 ἔνδοθεν.
970 2728 1016 2764 14)
1036 2728 1074 2755 Ita
1087 2728 1275 2763 manuscripti.
1292 2728 1320 2756 ln
1340 2728 1430 2762 editis,
1443 2734 1494 2755 non
1507 2729 1644 2756 mediocre.

120 2728 178 2800 itii)
196 2765 242 2794 Sic
261 2765 448 2800 manuscripti.
467 2764 538 2792 Edtti
553 2772 628 2797 vero,
653 2764 787 2791 conditum
813 2772 867 2791 me
923 2798 940 2800 _
954 2728 1012 2800 ἕω)
1031 2763 1158 2800 Μυῖα)οέ
1173 2770 1236 2797 pars
1257 2764 1514 2799 manuscriptorum,
1531 2763 1698 2793 instituebat.

87 2798 192 2829 scium}.
401 2798 410 2800 “
921 2798 993 2827 Editi
1008 2805 1082 2833 vero,
1095 2798 1253 2826 instituerat.

245 2847 380 2880 ΡΑτιιοι.
409 2848 468 2880 Gtt.
508 2846 625 2886 XXVI.

1509 2844 1542 2872 31
