  <div class='ocr_page' id='page_1' title='image "/cluster/home/n/w/nwhite01/storage/ocr_20150623/26/njp.32101077772521/491.png"; bbox 0 0 1954 3041; ppageno 0'>
   <div class='ocr_carea' id='block_1_1' title="bbox 268 81 318 107">
    <p class='ocr_par' dir='ltr' id='par_1_1' title="bbox 268 81 318 107">
     <span class='ocr_line' id='line_1_1' title="bbox 268 81 318 107; baseline 0.04 -2"><span class='ocrx_word' id='word_1_1' title='bbox 268 81 318 107; x_wconf 76' lang='grc'><strong>971</strong></span> 
     </span>
    </p>
   </div>
   <div class='ocr_carea' id='block_1_2' title="bbox 550 79 1584 108">
    <p class='ocr_par' dir='ltr' id='par_1_2' title="bbox 550 79 1584 108">
     <span class='ocr_line' id='line_1_2' title="bbox 550 79 1584 108; baseline 0.002 -3"><span class='ocrx_word' id='word_1_2' title='bbox 550 81 579 106; x_wconf 73' lang='lat' dir='ltr'><strong>S.</strong></span> <span class='ocrx_word' id='word_1_3' title='bbox 600 80 786 106; x_wconf 75' lang='lat' dir='ltr'><strong>A&#39;I&#39;HANASII</strong></span> <span class='ocrx_word' id='word_1_4' title='bbox 806 80 881 107; x_wconf 83' lang='lat' dir='ltr'><strong>OPP.</strong></span> <span class='ocrx_word' id='word_1_5' title='bbox 902 80 992 107; x_wconf 78' lang='lat' dir='ltr'><strong>PARS</strong></span> <span class='ocrx_word' id='word_1_6' title='bbox 1012 80 1031 107; x_wconf 95' lang='grc' dir='ltr'><strong>Ι.</strong></span> <span class='ocrx_word' id='word_1_7' title='bbox 1052 95 1086 100; x_wconf 95' lang='grc'><strong>-</strong></span> <span class='ocrx_word' id='word_1_8' title='bbox 1105 79 1290 108; x_wconf 81' lang='lat' dir='ltr'><strong>HISTORICA</strong></span> <span class='ocrx_word' id='word_1_9' title='bbox 1308 80 1353 108; x_wconf 84' lang='lat' dir='ltr'><strong>ET</strong></span> <span class='ocrx_word' id='word_1_10' title='bbox 1374 80 1584 108; x_wconf 72' lang='lat' dir='ltr'><strong>DOGMATICA.</strong></span> 
     </span>
    </p>
   </div>
   <div class='ocr_carea' id='block_1_3' title="bbox 1831 81 1884 108">
    <p class='ocr_par' dir='ltr' id='par_1_3' title="bbox 1831 81 1884 108">
     <span class='ocr_line' id='line_1_3' title="bbox 1831 81 1884 108; baseline 0 0"><span class='ocrx_word' id='word_1_11' title='bbox 1831 81 1884 108; x_wconf 66' lang='lat'><strong>973</strong></span> 
     </span>
    </p>
   </div>
   <div class='ocr_carea' id='block_1_4' title="bbox 267 137 1047 174">
    <p class='ocr_par' dir='ltr' id='par_1_4' title="bbox 267 137 1047 171">
     <span class='ocr_line' id='line_1_4' title="bbox 267 137 1047 171; baseline -0.001 -5"><span class='ocrx_word' id='word_1_12' title='bbox 267 137 377 165; x_wconf 80' lang='lat' dir='ltr'><strong>Christo</strong></span> <span class='ocrx_word' id='word_1_13' title='bbox 393 137 578 164; x_wconf 80' lang='lat' dir='ltr'><strong>adversariam</strong></span> <span class='ocrx_word' id='word_1_14' title='bbox 595 142 675 171; x_wconf 89' lang='lat' dir='ltr'><strong>atque</strong></span> <span class='ocrx_word' id='word_1_15' title='bbox 688 145 702 163; x_wconf 90' lang='lat' dir='ltr'><strong>a</strong></span> <span class='ocrx_word' id='word_1_16' title='bbox 722 145 784 164; x_wconf 89' lang='lat' dir='ltr'><strong>vera</strong></span> <span class='ocrx_word' id='word_1_17' title='bbox 795 137 919 165; x_wconf 92' lang='lat' dir='ltr'><strong>doctrina</strong></span> <span class='ocrx_word' id='word_1_18' title='bbox 935 139 1047 166; x_wconf 87' lang='lat' dir='ltr'><strong>alienam</strong></span> 
     </span>
    </p>
   </div>
   <div class='ocr_carea' id='block_1_5' title="bbox 1102 137 1886 174">
    <p class='ocr_par' dir='ltr' id='par_1_5' title="bbox 1103 137 1886 174">
     <span class='ocr_line' id='line_1_5' title="bbox 1103 137 1886 174; baseline -0.001 -8"><span class='ocrx_word' id='word_1_19' title='bbox 1103 139 1161 170; x_wconf 86' lang='grc' dir='ltr'><strong>πῶς</strong></span> <span class='ocrx_word' id='word_1_20' title='bbox 1178 138 1256 173; x_wconf 81' lang='grc' dir='ltr'><strong>κάγὼ</strong></span> <span class='ocrx_word' id='word_1_21' title='bbox 1274 139 1386 170; x_wconf 83' lang='grc' dir='ltr'><strong>τούτους</strong></span> <span class='ocrx_word' id='word_1_22' title='bbox 1401 137 1588 174; x_wconf 79' lang='grc' dir='ltr'>ὲξετρεπόμην</span> <span class='ocrx_word' id='word_1_23' title='bbox 1608 137 1652 164; x_wconf 84' lang='grc' dir='ltr'>διὰ</span> <span class='ocrx_word' id='word_1_24' title='bbox 1667 138 1716 172; x_wconf 78' lang='grc' dir='ltr'>τὴν</span> <span class='ocrx_word' id='word_1_25' title='bbox 1739 141 1886 173; x_wconf 75' lang='grc' dir='ltr'>χριστομὰ-</span> 
     </span>
    </p>
   </div>
   <div class='ocr_carea' id='block_1_6' title="bbox 268 181 1053 217">
    <p class='ocr_par' dir='ltr' id='par_1_6' title="bbox 268 181 1053 217">
     <span class='ocr_line' id='line_1_6' title="bbox 268 181 1053 217; baseline 0.001 -8"><span class='ocrx_word' id='word_1_26' title='bbox 268 182 404 211; x_wconf 70' lang='lat' dir='ltr'><strong>haeresim.</strong></span> <span class='ocrx_word' id='word_1_27' title='bbox 423 181 448 208; x_wconf 90' lang='lat' dir='ltr'><strong>Id</strong></span> <span class='ocrx_word' id='word_1_28' title='bbox 465 186 569 214; x_wconf 91' lang='lat' dir='ltr'><strong>curate,</strong></span> <span class='ocrx_word' id='word_1_29' title='bbox 582 181 648 208; x_wconf 91' lang='lat' dir='ltr'><strong>utin</strong></span> <span class='ocrx_word' id='word_1_30' title='bbox 659 182 739 217; x_wconf 74' lang='lat'><strong>691</strong></span> <span class='ocrx_word' id='word_1_31' title='bbox 754 183 850 216; x_wconf 86' lang='lat' dir='ltr'><strong>primis</strong></span> <span class='ocrx_word' id='word_1_32' title='bbox 863 190 911 210; x_wconf 85' lang='lat' dir='ltr'><strong>vos</strong></span> <span class='ocrx_word' id='word_1_33' title='bbox 928 183 1053 216; x_wconf 84' lang='lat' dir='ltr'><strong>Domino,</strong></span> 
     </span>
    </p>
   </div>
   <div class='ocr_carea' id='block_1_7' title="bbox 268 226 1054 262">
    <p class='ocr_par' dir='ltr' id='par_1_7' title="bbox 268 226 1054 262">
     <span class='ocr_line' id='line_1_7' title="bbox 268 226 1054 262; baseline 0.001 -7"><span class='ocrx_word' id='word_1_34' title='bbox 268 227 368 255; x_wconf 85' lang='lat' dir='ltr'><strong>dehinc</strong></span> <span class='ocrx_word' id='word_1_35' title='bbox 389 227 492 254; x_wconf 81' lang='lat' dir='ltr'><strong>sanctis</strong></span> <span class='ocrx_word' id='word_1_36' title='bbox 512 226 685 262; x_wconf 76' lang='lat' dir='ltr'><strong>adjungatis:</strong></span> <span class='ocrx_word' id='word_1_37' title='bbox 709 232 737 254; x_wconf 91' lang='lat' dir='ltr'><strong>ut</strong></span> <span class='ocrx_word' id='word_1_38' title='bbox 753 233 813 262; x_wconf 87' lang='lat' dir='ltr'><strong>post</strong></span> <span class='ocrx_word' id='word_1_39' title='bbox 830 233 944 255; x_wconf 88' lang='lat' dir='ltr'><strong>mortem</strong></span> <span class='ocrx_word' id='word_1_40' title='bbox 963 237 1011 256; x_wconf 88' lang='lat' dir='ltr'><strong>vos</strong></span> <span class='ocrx_word' id='word_1_41' title='bbox 1026 229 1054 256; x_wconf 94' lang='lat' dir='ltr'><strong>in</strong></span> 
     </span>
    </p>
   </div>
   <div class='ocr_carea' id='block_1_8' title="bbox 267 273 1054 310">
    <p class='ocr_par' dir='ltr' id='par_1_8' title="bbox 267 273 1054 310">
     <span class='ocr_line' id='line_1_8' title="bbox 267 273 1054 310; baseline 0.001 -8"><span class='ocrx_word' id='word_1_42' title='bbox 267 280 367 302; x_wconf 72' lang='lat' dir='ltr'><strong>aeterna</strong></span> <span class='ocrx_word' id='word_1_43' title='bbox 394 273 586 306; x_wconf 86' lang='lat' dir='ltr'><strong>tabernacula,</strong></span> <span class='ocrx_word' id='word_1_44' title='bbox 608 274 687 308; x_wconf 85' lang='lat' dir='ltr'><strong>quasi</strong></span> <span class='ocrx_word' id='word_1_45' title='bbox 717 274 821 301; x_wconf 88' lang='lat' dir='ltr'><strong>amicos</strong></span> <span class='ocrx_word' id='word_1_46' title='bbox 841 280 975 310; x_wconf 87' lang='lat' dir='ltr'><strong>notosque</strong></span> <span class='ocrx_word' id='word_1_47' title='bbox 1002 276 1054 303; x_wconf 87' lang='lat' dir='ltr'><strong>sibi</strong></span> 
     </span>
    </p>
   </div>
   <div class='ocr_carea' id='block_1_9' title="bbox 267 318 1053 356">
    <p class='ocr_par' dir='ltr' id='par_1_9' title="bbox 267 318 1053 356">
     <span class='ocr_line' id='line_1_9' title="bbox 267 318 1053 356; baseline 0.003 -9"><span class='ocrx_word' id='word_1_48' title='bbox 267 320 408 354; x_wconf 82' lang='lat' dir='ltr'><strong>recipiant.</strong></span> <span class='ocrx_word' id='word_1_49' title='bbox 420 318 481 347; x_wconf 64' lang='lat' dir='ltr'><strong>Haec</strong></span> <span class='ocrx_word' id='word_1_50' title='bbox 489 319 624 354; x_wconf 76' lang='lat' dir='ltr'><strong>cogitetis,</strong></span> <span class='ocrx_word' id='word_1_51' title='bbox 635 320 692 347; x_wconf 64' lang='lat' dir='ltr'><strong>haec</strong></span> <span class='ocrx_word' id='word_1_52' title='bbox 704 320 843 348; x_wconf 89' lang='lat' dir='ltr'><strong>sentiatis:</strong></span> <span class='ocrx_word' id='word_1_53' title='bbox 853 325 881 348; x_wconf 88' lang='lat' dir='ltr'><strong>et</strong></span> <span class='ocrx_word' id='word_1_54' title='bbox 897 321 919 348; x_wconf 88' lang='lat' dir='ltr'><strong>si</strong></span> <span class='ocrx_word' id='word_1_55' title='bbox 931 329 984 356; x_wconf 90' lang='lat' dir='ltr'><strong>qua</strong></span> <span class='ocrx_word' id='word_1_56' title='bbox 1001 322 1053 349; x_wconf 90' lang='lat' dir='ltr'><strong>mei</strong></span> 
     </span>
    </p>
   </div>
   <div class='ocr_carea' id='block_1_10' title="bbox 267 365 1052 401">
    <p class='ocr_par' dir='ltr' id='par_1_10' title="bbox 267 365 1052 401">
     <span class='ocr_line' id='line_1_10' title="bbox 267 365 1052 401; baseline 0.003 -9"><span class='ocrx_word' id='word_1_57' title='bbox 267 365 344 393; x_wconf 83' lang='lat' dir='ltr'><strong>vobis</strong></span> <span class='ocrx_word' id='word_1_58' title='bbox 352 373 416 393; x_wconf 89' lang='lat' dir='ltr'><strong>cura</strong></span> <span class='ocrx_word' id='word_1_59' title='bbox 431 365 476 398; x_wconf 87' lang='lat' dir='ltr'><strong>sit,</strong></span> <span class='ocrx_word' id='word_1_60' title='bbox 498 370 526 393; x_wconf 87' lang='lat' dir='ltr'><strong>et</strong></span> <span class='ocrx_word' id='word_1_61' title='bbox 545 365 597 393; x_wconf 92' lang='lat' dir='ltr'><strong>mei</strong></span> <span class='ocrx_word' id='word_1_62' title='bbox 609 370 738 400; x_wconf 81' lang='lat' dir='ltr'><strong>tanquam</strong></span> <span class='ocrx_word' id='word_1_63' title='bbox 754 366 840 401; x_wconf 88' lang='lat' dir='ltr'><strong>patris</strong></span> <span class='ocrx_word' id='word_1_64' title='bbox 860 367 1052 400; x_wconf 83' lang='lat' dir='ltr'><strong>recordamini,</strong></span> 
     </span>
    </p>
   </div>
   <div class='ocr_carea' id='block_1_11' title="bbox 266 411 1051 447">
    <p class='ocr_par' dir='ltr' id='par_1_11' title="bbox 266 411 1051 447">
     <span class='ocr_line' id='line_1_11' title="bbox 266 411 1051 447; baseline 0.001 -8"><span class='ocrx_word' id='word_1_65' title='bbox 266 419 366 446; x_wconf 83' lang='lat' dir='ltr'><strong>corpus</strong></span> <span class='ocrx_word' id='word_1_66' title='bbox 380 418 471 438; x_wconf 90' lang='lat' dir='ltr'><strong>meum</strong></span> <span class='ocrx_word' id='word_1_67' title='bbox 490 411 516 438; x_wconf 93' lang='lat' dir='ltr'><strong>in</strong></span> <span class='ocrx_word' id='word_1_68' title='bbox 531 411 678 445; x_wconf 65' lang='lat' dir='ltr'><strong>Egyptum</strong></span> <span class='ocrx_word' id='word_1_69' title='bbox 695 411 836 439; x_wconf 79' lang='lat' dir='ltr'><strong>transferri</strong></span> <span class='ocrx_word' id='word_1_70' title='bbox 852 420 885 439; x_wconf 90' lang='lat' dir='ltr'><strong>ne</strong></span> <span class='ocrx_word' id='word_1_71' title='bbox 901 413 1051 447; x_wconf 86' lang='lat' dir='ltr'><strong>patiamini.</strong></span> 
     </span>
    </p>
   </div>
   <div class='ocr_carea' id='block_1_12' title="bbox 266 457 1052 493">
    <p class='ocr_par' dir='ltr' id='par_1_12' title="bbox 266 457 1052 493">
     <span class='ocr_line' id='line_1_12' title="bbox 266 457 1052 493; baseline 0 -7"><span class='ocrx_word' id='word_1_72' title='bbox 266 466 300 486; x_wconf 93' lang='lat' dir='ltr'><strong>ne</strong></span> <span class='ocrx_word' id='word_1_73' title='bbox 315 458 343 486; x_wconf 85' lang='lat' dir='ltr'><strong>in</strong></span> <span class='ocrx_word' id='word_1_74' title='bbox 358 458 485 485; x_wconf 77' lang='lat' dir='ltr'><strong>domibus</strong></span> <span class='ocrx_word' id='word_1_75' title='bbox 508 458 664 492; x_wconf 75' lang='lat' dir='ltr'><strong>deponant:</strong></span> <span class='ocrx_word' id='word_1_76' title='bbox 686 457 737 485; x_wconf 89' lang='lat' dir='ltr'><strong>hac</strong></span> <span class='ocrx_word' id='word_1_77' title='bbox 751 458 852 493; x_wconf 86' lang='lat' dir='ltr'><strong>quippe</strong></span> <span class='ocrx_word' id='word_1_78' title='bbox 871 458 904 486; x_wconf 88' lang='lat' dir='ltr'><strong>de</strong></span> <span class='ocrx_word' id='word_1_79' title='bbox 928 465 1010 486; x_wconf 86' lang='lat' dir='ltr'><strong>causa</strong></span> <span class='ocrx_word' id='word_1_80' title='bbox 1024 459 1052 486; x_wconf 89' lang='lat' dir='ltr'><strong>in</strong></span> 
     </span>
    </p>
   </div>
   <div class='ocr_carea' id='block_1_13' title="bbox 265 504 1052 540">
    <p class='ocr_par' dir='ltr' id='par_1_13' title="bbox 265 504 1052 540">
     <span class='ocr_line' id='line_1_13' title="bbox 265 504 1052 540; baseline 0.001 -9"><span class='ocrx_word' id='word_1_81' title='bbox 265 509 385 532; x_wconf 73' lang='lat' dir='ltr'><strong>montem</strong></span> <span class='ocrx_word' id='word_1_82' title='bbox 401 512 444 532; x_wconf 90' lang='lat' dir='ltr'><strong>me</strong></span> <span class='ocrx_word' id='word_1_83' title='bbox 455 505 569 534; x_wconf 84' lang='lat' dir='ltr'><strong>contuli.</strong></span> <span class='ocrx_word' id='word_1_84' title='bbox 586 509 668 538; x_wconf 88' lang='lat' dir='ltr'><strong>atque</strong></span> <span class='ocrx_word' id='word_1_85' title='bbox 683 504 736 532; x_wconf 91' lang='lat' dir='ltr'><strong>huc</strong></span> <span class='ocrx_word' id='word_1_86' title='bbox 749 505 859 532; x_wconf 86' lang='lat' dir='ltr'><strong>recessi.</strong></span> <span class='ocrx_word' id='word_1_87' title='bbox 874 504 955 532; x_wconf 88' lang='lat' dir='ltr'><strong>Scitis</strong></span> <span class='ocrx_word' id='word_1_88' title='bbox 965 513 1052 540; x_wconf 89' lang='lat' dir='ltr'><strong>quan-</strong></span> 
     </span>
    </p>
   </div>
   <div class='ocr_carea' id='block_1_14' title="bbox 265 551 1052 586">
    <p class='ocr_par' dir='ltr' id='par_1_14' title="bbox 265 551 1052 586">
     <span class='ocr_line' id='line_1_14' title="bbox 265 551 1052 586; baseline 0 -7"><span class='ocrx_word' id='word_1_89' title='bbox 265 557 323 579; x_wconf 89' lang='lat' dir='ltr'><strong>tum</strong></span> <span class='ocrx_word' id='word_1_90' title='bbox 332 559 386 579; x_wconf 65' lang='lat' dir='ltr'><strong>eos</strong></span> <span class='ocrx_word' id='word_1_91' title='bbox 402 558 508 586; x_wconf 86' lang='lat' dir='ltr'><strong>semper</strong></span> <span class='ocrx_word' id='word_1_92' title='bbox 520 551 662 586; x_wconf 74' lang='lat' dir='ltr'><strong>objurgavi</strong></span> <span class='ocrx_word' id='word_1_93' title='bbox 676 551 723 586; x_wconf 88' lang='lat' dir='ltr'><strong>qui</strong></span> <span class='ocrx_word' id='word_1_94' title='bbox 739 551 796 578; x_wconf 50' lang='lat' dir='ltr'><strong>hac</strong></span> <span class='ocrx_word' id='word_1_95' title='bbox 815 556 936 586; x_wconf 74' lang='lat' dir='ltr'><strong>agerent,</strong></span> <span class='ocrx_word' id='word_1_96' title='bbox 952 559 1052 586; x_wconf 73' lang='lat' dir='ltr'><strong>praece-</strong></span> 
     </span>
    </p>
   </div>
   <div class='ocr_carea' id='block_1_15' title="bbox 265 596 1051 633">
    <p class='ocr_par' dir='ltr' id='par_1_15' title="bbox 265 596 1051 633">
     <span class='ocr_line' id='line_1_15' title="bbox 265 596 1051 633; baseline 0 -8"><span class='ocrx_word' id='word_1_97' title='bbox 265 598 347 633; x_wconf 80' lang='lat' dir='ltr'><strong>pique</strong></span> <span class='ocrx_word' id='word_1_98' title='bbox 364 601 394 624; x_wconf 91' lang='lat' dir='ltr'><strong>ut</strong></span> <span class='ocrx_word' id='word_1_99' title='bbox 407 597 467 632; x_wconf 85' lang='lat' dir='ltr'><strong>ejus</strong></span> <span class='ocrx_word' id='word_1_100' title='bbox 478 596 684 624; x_wconf 78' lang='lat' dir='ltr'><strong>consuetudinis</strong></span> <span class='ocrx_word' id='word_1_101' title='bbox 701 596 782 624; x_wconf 94' lang='lat' dir='ltr'><strong>ﬁnem</strong></span> <span class='ocrx_word' id='word_1_102' title='bbox 808 596 937 625; x_wconf 78' lang='lat' dir='ltr'><strong>facerent.</strong></span> <span class='ocrx_word' id='word_1_103' title='bbox 962 597 1051 625; x_wconf 85' lang='lat' dir='ltr'><strong>Meum</strong></span> 
     </span>
    </p>
   </div>
   <div class='ocr_carea' id='block_1_16' title="bbox 265 642 1052 677">
    <p class='ocr_par' dir='ltr' id='par_1_16' title="bbox 265 642 1052 677">
     <span class='ocr_line' id='line_1_16' title="bbox 265 642 1052 677; baseline 0 -7"><span class='ocrx_word' id='word_1_104' title='bbox 265 644 358 677; x_wconf 78' lang='lat' dir='ltr'><strong>itaque</strong></span> <span class='ocrx_word' id='word_1_105' title='bbox 383 649 486 676; x_wconf 87' lang='lat' dir='ltr'><strong>corpus</strong></span> <span class='ocrx_word' id='word_1_106' title='bbox 505 642 626 673; x_wconf 81' lang='lat' dir='ltr'><strong>bumate,</strong></span> <span class='ocrx_word' id='word_1_107' title='bbox 650 646 777 676; x_wconf 83' lang='lat' dir='ltr'><strong>terraque</strong></span> <span class='ocrx_word' id='word_1_108' title='bbox 792 642 944 677; x_wconf 83' lang='lat' dir='ltr'><strong>contegite:</strong></span> <span class='ocrx_word' id='word_1_109' title='bbox 961 651 1052 670; x_wconf 85' lang='lat' dir='ltr'><strong>meus-</strong></span> 
     </span>
    </p>
   </div>
   <div class='ocr_carea' id='block_1_17' title="bbox 265 687 1051 723">
    <p class='ocr_par' dir='ltr' id='par_1_17' title="bbox 265 687 1051 723">
     <span class='ocr_line' id='line_1_17' title="bbox 265 687 1051 723; baseline 0 -8"><span class='ocrx_word' id='word_1_110' title='bbox 265 696 320 723; x_wconf 89' lang='lat' dir='ltr'><strong>que</strong></span> <span class='ocrx_word' id='word_1_111' title='bbox 334 689 378 715; x_wconf 91' lang='lat' dir='ltr'><strong>hic</strong></span> <span class='ocrx_word' id='word_1_112' title='bbox 393 696 484 715; x_wconf 88' lang='lat' dir='ltr'><strong>sermo</strong></span> <span class='ocrx_word' id='word_1_113' title='bbox 500 687 570 722; x_wconf 91' lang='lat' dir='ltr'><strong>apud</strong></span> <span class='ocrx_word' id='word_1_114' title='bbox 592 695 640 714; x_wconf 84' lang='lat' dir='ltr'><strong>vos</strong></span> <span class='ocrx_word' id='word_1_115' title='bbox 653 688 834 720; x_wconf 85' lang='lat' dir='ltr'><strong>custodiatur,</strong></span> <span class='ocrx_word' id='word_1_116' title='bbox 849 693 878 714; x_wconf 90' lang='lat' dir='ltr'><strong>ut</strong></span> <span class='ocrx_word' id='word_1_117' title='bbox 895 696 986 720; x_wconf 91' lang='lat' dir='ltr'><strong>nemo,</strong></span> <span class='ocrx_word' id='word_1_118' title='bbox 1001 696 1051 715; x_wconf 90' lang='lat' dir='ltr'><strong>vo-</strong></span> 
     </span>
    </p>
   </div>
   <div class='ocr_carea' id='block_1_18' title="bbox 265 732 1051 768">
    <p class='ocr_par' dir='ltr' id='par_1_18' title="bbox 265 732 1051 768">
     <span class='ocr_line' id='line_1_18' title="bbox 265 732 1051 768; baseline 0 -7"><span class='ocrx_word' id='word_1_119' title='bbox 265 735 308 762; x_wconf 89' lang='lat' dir='ltr'><strong>bis</strong></span> <span class='ocrx_word' id='word_1_120' title='bbox 325 734 457 768; x_wconf 75' lang='lat' dir='ltr'><strong>exceptis,</strong></span> <span class='ocrx_word' id='word_1_121' title='bbox 484 733 573 761; x_wconf 84' lang='lat' dir='ltr'><strong>locum</strong></span> <span class='ocrx_word' id='word_1_122' title='bbox 595 733 674 761; x_wconf 81' lang='lat' dir='ltr'><strong>sciat.</strong></span> <span class='ocrx_word' id='word_1_123' title='bbox 691 732 747 768; x_wconf 75' lang='lat' dir='ltr'><strong>Ego</strong></span> <span class='ocrx_word' id='word_1_124' title='bbox 761 733 861 768; x_wconf 86' lang='lat' dir='ltr'><strong>quippe</strong></span> <span class='ocrx_word' id='word_1_125' title='bbox 884 734 910 760; x_wconf 93' lang='lat' dir='ltr'><strong>in</strong></span> <span class='ocrx_word' id='word_1_126' title='bbox 929 742 1051 762; x_wconf 88' lang='lat' dir='ltr'><strong>resurre-</strong></span> 
     </span>
    </p>
   </div>
   <div class='ocr_carea' id='block_1_19' title="bbox 264 779 1052 813">
    <p class='ocr_par' dir='ltr' id='par_1_19' title="bbox 264 779 1052 813">
     <span class='ocr_line' id='line_1_19' title="bbox 264 779 1052 813; baseline 0 -6"><span class='ocrx_word' id='word_1_127' title='bbox 264 780 354 807; x_wconf 84' lang='lat' dir='ltr'><strong>ctione</strong></span> <span class='ocrx_word' id='word_1_128' title='bbox 369 783 538 806; x_wconf 89' lang='lat' dir='ltr'><strong>mortuorum</strong></span> <span class='ocrx_word' id='word_1_129' title='bbox 556 779 744 813; x_wconf 82' lang='lat' dir='ltr'><strong>incorruptum</strong></span> <span class='ocrx_word' id='word_1_130' title='bbox 770 779 857 813; x_wconf 86' lang='lat' dir='ltr'><strong>ipsum</strong></span> <span class='ocrx_word' id='word_1_131' title='bbox 872 787 887 806; x_wconf 92' lang='lat' dir='ltr'><strong>a</strong></span> <span class='ocrx_word' id='word_1_132' title='bbox 912 779 1052 807; x_wconf 90' lang='lat' dir='ltr'><strong>Salvatore</strong></span> 
     </span>
    </p>
   </div>
   <div class='ocr_carea' id='block_1_20' title="bbox 265 813 1087 859">
    <p class='ocr_par' dir='ltr' id='par_1_20' title="bbox 265 813 1087 859">
     <span class='ocr_line' id='line_1_20' title="bbox 265 813 1087 859; baseline 0.001 -8"><span class='ocrx_word' id='word_1_133' title='bbox 265 829 424 859; x_wconf 84' lang='lat' dir='ltr'><strong>recepturus</strong></span> <span class='ocrx_word' id='word_1_134' title='bbox 439 832 510 852; x_wconf 90' lang='lat' dir='ltr'><strong>sum.</strong></span> <span class='ocrx_word' id='word_1_135' title='bbox 533 823 592 851; x_wconf 83' lang='lat' dir='ltr'><strong>Mea</strong></span> <span class='ocrx_word' id='word_1_136' title='bbox 608 824 719 851; x_wconf 84' lang='lat' dir='ltr'><strong>dividite</strong></span> <span class='ocrx_word' id='word_1_137' title='bbox 733 824 906 855; x_wconf 77' lang='lat' dir='ltr'><strong>vestimenta,</strong></span> <span class='ocrx_word' id='word_1_138' title='bbox 929 824 1047 852; x_wconf 83' lang='lat' dir='ltr'><strong>Athana-</strong></span> <span class='ocrx_word' id='word_1_139' title='bbox 1066 813 1087 840; x_wconf 76' lang='grc' dir='ltr'>Β</span> 
     </span>
    </p>
   </div>
   <div class='ocr_carea' id='block_1_21' title="bbox 264 869 1049 905">
    <p class='ocr_par' dir='ltr' id='par_1_21' title="bbox 264 869 1049 905">
     <span class='ocr_line' id='line_1_21' title="bbox 264 869 1049 905; baseline -0.001 -8"><span class='ocrx_word' id='word_1_140' title='bbox 264 870 361 904; x_wconf 86' lang='lat' dir='ltr'><strong>sioque</strong></span> <span class='ocrx_word' id='word_1_141' title='bbox 375 870 504 905; x_wconf 89' lang='lat' dir='ltr'><strong>episcopo</strong></span> <span class='ocrx_word' id='word_1_142' title='bbox 525 869 651 897; x_wconf 85' lang='lat' dir='ltr'><strong>melotem</strong></span> <span class='ocrx_word' id='word_1_143' title='bbox 677 870 739 897; x_wconf 87' lang='lat' dir='ltr'><strong>date</strong></span> <span class='ocrx_word' id='word_1_144' title='bbox 764 877 859 902; x_wconf 87' lang='lat' dir='ltr'><strong>unam,</strong></span> <span class='ocrx_word' id='word_1_145' title='bbox 882 869 1049 905; x_wconf 88' lang='lat' dir='ltr'><strong>palliumque</strong></span> 
     </span>
    </p>
   </div>
   <div class='ocr_carea' id='block_1_22' title="bbox 263 916 1047 952">
    <p class='ocr_par' dir='ltr' id='par_1_22' title="bbox 263 916 1047 952">
     <span class='ocr_line' id='line_1_22' title="bbox 263 916 1047 952; baseline -0.001 -9"><span class='ocrx_word' id='word_1_146' title='bbox 263 924 319 951; x_wconf 93' lang='lat' dir='ltr'><strong>quo</strong></span> <span class='ocrx_word' id='word_1_147' title='bbox 333 916 506 949; x_wconf 88' lang='lat' dir='ltr'><strong>obvolvebar,</strong></span> <span class='ocrx_word' id='word_1_148' title='bbox 523 916 596 952; x_wconf 89' lang='lat' dir='ltr'><strong>quod</strong></span> <span class='ocrx_word' id='word_1_149' title='bbox 605 923 711 943; x_wconf 78' lang='lat' dir='ltr'><strong>novum</strong></span> <span class='ocrx_word' id='word_1_150' title='bbox 727 916 762 943; x_wconf 82' lang='lat' dir='ltr'><strong>ab</strong></span> <span class='ocrx_word' id='word_1_151' title='bbox 778 916 837 951; x_wconf 82' lang='lat' dir='ltr'><strong>ipso</strong></span> <span class='ocrx_word' id='word_1_152' title='bbox 853 924 914 943; x_wconf 83' lang='lat' dir='ltr'><strong>cum</strong></span> <span class='ocrx_word' id='word_1_153' title='bbox 934 924 1047 951; x_wconf 88' lang='lat' dir='ltr'><strong>accepe-</strong></span> 
     </span>
    </p>
   </div>
   <div class='ocr_carea' id='block_1_23' title="bbox 263 961 1046 997">
    <p class='ocr_par' dir='ltr' id='par_1_23' title="bbox 263 961 1046 997">
     <span class='ocr_line' id='line_1_23' title="bbox 263 961 1046 997; baseline 0 -9"><span class='ocrx_word' id='word_1_154' title='bbox 263 962 328 994; x_wconf 86' lang='lat' dir='ltr'><strong>rim,</strong></span> <span class='ocrx_word' id='word_1_155' title='bbox 342 961 395 995; x_wconf 81' lang='lat' dir='ltr'><strong>iam</strong></span> <span class='ocrx_word' id='word_1_156' title='bbox 410 961 538 989; x_wconf 89' lang='lat' dir='ltr'><strong>detritum</strong></span> <span class='ocrx_word' id='word_1_157' title='bbox 562 962 633 997; x_wconf 79' lang='lat' dir='ltr'><strong>apud</strong></span> <span class='ocrx_word' id='word_1_158' title='bbox 654 970 698 989; x_wconf 88' lang='lat' dir='ltr'><strong>me</strong></span> <span class='ocrx_word' id='word_1_159' title='bbox 712 967 753 989; x_wconf 91' lang='lat' dir='ltr'><strong>est</strong></span> <span class='ocrx_word' id='word_1_160' title='bbox 762 971 773 989; x_wconf 52' lang='grc' dir='ltr'>νε</span> <span class='ocrx_word' id='word_1_161' title='bbox 790 963 902 989; x_wconf 72' lang='lat' dir='ltr'><strong>alteram</strong></span> <span class='ocrx_word' id='word_1_162' title='bbox 920 963 1046 990; x_wconf 90' lang='lat' dir='ltr'><strong>melotem</strong></span> 
     </span>
    </p>
   </div>
   <div class='ocr_carea' id='block_1_24' title="bbox 264 1007 1046 1042">
    <p class='ocr_par' dir='ltr' id='par_1_24' title="bbox 264 1007 1046 1042">
     <span class='ocr_line' id='line_1_24' title="bbox 264 1007 1046 1042; baseline 0.003 -8"><span class='ocrx_word' id='word_1_163' title='bbox 264 1007 409 1042; x_wconf 85' lang='lat' dir='ltr'><strong>Serapioni</strong></span> <span class='ocrx_word' id='word_1_164' title='bbox 436 1007 533 1034; x_wconf 86' lang='lat' dir='ltr'><strong>tradite</strong></span> <span class='ocrx_word' id='word_1_165' title='bbox 550 1008 678 1042; x_wconf 87' lang='lat' dir='ltr'><strong>episcopo</strong></span> <span class='ocrx_word' id='word_1_166' title='bbox 694 1017 701 1035; x_wconf 87' lang='lat'>:</span> <span class='ocrx_word' id='word_1_167' title='bbox 720 1015 768 1035; x_wconf 86' lang='lat' dir='ltr'><strong>vos</strong></span> <span class='ocrx_word' id='word_1_168' title='bbox 792 1008 888 1035; x_wconf 82' lang='lat' dir='ltr'><strong>habete</strong></span> <span class='ocrx_word' id='word_1_169' title='bbox 909 1008 1046 1036; x_wconf 87' lang='lat' dir='ltr'><strong>ciliciuum</strong></span> 
     </span>
    </p>
   </div>
   <div class='ocr_carea' id='block_1_25' title="bbox 262 1053 1048 1088">
    <p class='ocr_par' dir='ltr' id='par_1_25' title="bbox 262 1053 1048 1088">
     <span class='ocr_line' id='line_1_25' title="bbox 262 1053 1048 1088; baseline 0 -7"><span class='ocrx_word' id='word_1_170' title='bbox 262 1053 548 1086; x_wconf 75' lang='lat' dir='ltr'><strong>tudumentum.Quod</strong></span> <span class='ocrx_word' id='word_1_171' title='bbox 565 1054 699 1088; x_wconf 85' lang='lat' dir='ltr'><strong>reliquum</strong></span> <span class='ocrx_word' id='word_1_172' title='bbox 713 1059 765 1087; x_wconf 88' lang='lat' dir='ltr'><strong>est,</strong></span> <span class='ocrx_word' id='word_1_173' title='bbox 780 1055 892 1084; x_wconf 84' lang='lat' dir='ltr'><strong>salvete.</strong></span> <span class='ocrx_word' id='word_1_174' title='bbox 909 1055 956 1081; x_wconf 82' lang='lat' dir='ltr'><strong>ﬁlii</strong></span> <span class='ocrx_word' id='word_1_175' title='bbox 970 1065 976 1081; x_wconf 94' lang='lat'><strong>:</strong></span> <span class='ocrx_word' id='word_1_176' title='bbox 991 1055 1048 1081; x_wconf 76' lang='lat' dir='ltr'><strong>An-</strong></span> 
     </span>
    </p>
   </div>
   <div class='ocr_carea' id='block_1_26' title="bbox 263 1100 1047 1135">
    <p class='ocr_par' dir='ltr' id='par_1_26' title="bbox 263 1100 1047 1135">
     <span class='ocr_line' id='line_1_26' title="bbox 263 1100 1047 1135; baseline 0.003 -9"><span class='ocrx_word' id='word_1_177' title='bbox 263 1100 356 1127; x_wconf 78' lang='lat' dir='ltr'><strong>tonius</strong></span> <span class='ocrx_word' id='word_1_178' title='bbox 371 1100 471 1135; x_wconf 90' lang='lat' dir='ltr'><strong>quippe</strong></span> <span class='ocrx_word' id='word_1_179' title='bbox 487 1100 550 1127; x_wconf 90' lang='lat' dir='ltr'><strong>hinc</strong></span> <span class='ocrx_word' id='word_1_180' title='bbox 565 1100 673 1134; x_wconf 72' lang='lat' dir='ltr'><strong>migrat,</strong></span> <span class='ocrx_word' id='word_1_181' title='bbox 688 1108 737 1127; x_wconf 90' lang='lat' dir='ltr'><strong>nec</strong></span> <span class='ocrx_word' id='word_1_182' title='bbox 747 1101 817 1128; x_wconf 88' lang='lat' dir='ltr'><strong>ultra</strong></span> <span class='ocrx_word' id='word_1_183' title='bbox 831 1101 971 1128; x_wconf 80' lang='lat' dir='ltr'><strong>vobiscum</strong></span> <span class='ocrx_word' id='word_1_184' title='bbox 985 1102 1047 1128; x_wconf 89' lang='lat' dir='ltr'><strong>erit.</strong></span> 
     </span>
    </p>
   </div>
   <div class='ocr_carea' id='block_1_27' title="bbox 1105 184 1885 220">
    <p class='ocr_par' dir='ltr' id='par_1_27' title="bbox 1105 184 1885 220">
     <span class='ocr_line' id='line_1_27' title="bbox 1105 184 1885 220; baseline 0.001 -10"><span class='ocrx_word' id='word_1_185' title='bbox 1105 193 1151 220; x_wconf 87' lang='grc' dir='ltr'><strong>χον</strong></span> <span class='ocrx_word' id='word_1_186' title='bbox 1167 184 1257 211; x_wconf 75' lang='grc' dir='ltr'>αὐτῶν</span> <span class='ocrx_word' id='word_1_187' title='bbox 1281 185 1326 211; x_wconf 81' lang='grc' dir='ltr'><strong>καὶ</strong></span> <span class='ocrx_word' id='word_1_188' title='bbox 1353 184 1504 220; x_wconf 78' lang='grc' dir='ltr'>ἑτερόδοξον</span> <span class='ocrx_word' id='word_1_189' title='bbox 1525 184 1641 219; x_wconf 73' lang='grc' dir='ltr'>αἵρεσιν.</span> <span class='ocrx_word' id='word_1_190' title='bbox 1671 184 1840 211; x_wconf 81' lang='grc' dir='ltr'>Σπουδάσατε</span> <span class='ocrx_word' id='word_1_191' title='bbox 1858 185 1885 211; x_wconf 76' lang='grc' dir='ltr'><strong>δὲ</strong></span> 
     </span>
    </p>
   </div>
   <div class='ocr_carea' id='block_1_28' title="bbox 1106 229 1885 265">
    <p class='ocr_par' dir='ltr' id='par_1_28' title="bbox 1106 229 1885 265">
     <span class='ocr_line' id='line_1_28' title="bbox 1106 229 1885 265; baseline 0 -8"><span class='ocrx_word' id='word_1_192' title='bbox 1106 231 1206 265; x_wconf 78' lang='grc' dir='ltr'>μᾶλλον</span> <span class='ocrx_word' id='word_1_193' title='bbox 1223 231 1270 257; x_wconf 79' lang='grc' dir='ltr'>καὶ</span> <span class='ocrx_word' id='word_1_194' title='bbox 1290 230 1368 265; x_wconf 83' lang='grc' dir='ltr'>ὑμεῖς</span> <span class='ocrx_word' id='word_1_195' title='bbox 1382 231 1426 256; x_wconf 75' lang='grc' dir='ltr'><strong>ἀεὶ</strong></span> <span class='ocrx_word' id='word_1_196' title='bbox 1450 230 1596 256; x_wconf 83' lang='grc' dir='ltr'><strong>συνάπτειν</strong></span> <span class='ocrx_word' id='word_1_197' title='bbox 1612 229 1735 262; x_wconf 77' lang='grc' dir='ltr'><strong>ἑαυτοὺς,</strong></span> <span class='ocrx_word' id='word_1_198' title='bbox 1750 238 1885 265; x_wconf 76' lang='grc' dir='ltr'><strong>προηγου-</strong></span> 
     </span>
    </p>
   </div>
   <div class='ocr_carea' id='block_1_29' title="bbox 1106 274 1885 310">
    <p class='ocr_par' dir='ltr' id='par_1_29' title="bbox 1106 274 1885 310">
     <span class='ocr_line' id='line_1_29' title="bbox 1106 274 1885 310; baseline -0.014 -1"><span class='ocrx_word' id='word_1_199' title='bbox 1106 275 1194 310; x_wconf 76' lang='grc' dir='ltr'>μένως</span> <span class='ocrx_word' id='word_1_200' title='bbox 1215 275 1264 310; x_wconf 72' lang='grc' dir='ltr'>μιν</span> <span class='ocrx_word' id='word_1_201' title='bbox 1286 274 1325 310; x_wconf 79' lang='grc' dir='ltr'>τῷ</span> <span class='ocrx_word' id='word_1_202' title='bbox 1341 274 1445 310; x_wconf 80' lang='grc' dir='ltr'>Κυρίῳ,</span> <span class='ocrx_word' id='word_1_203' title='bbox 1462 274 1557 301; x_wconf 73' lang='grc' dir='ltr'>ἔπειτα</span> <span class='ocrx_word' id='word_1_204' title='bbox 1582 274 1611 300; x_wconf 88' lang='grc' dir='ltr'><strong>δὲ</strong></span> <span class='ocrx_word' id='word_1_205' title='bbox 1626 276 1683 306; x_wconf 87' lang='grc' dir='ltr'>τοῖς</span> <span class='ocrx_word' id='word_1_206' title='bbox 1710 275 1814 309; x_wconf 81' lang='grc' dir='ltr'><strong>ἁγίοις·</strong></span> <span class='ocrx_word' id='word_1_207' title='bbox 1844 276 1885 302; x_wconf 80' lang='grc' dir='ltr'><strong>ἵνα</strong></span> 
     </span>
    </p>
   </div>
   <div class='ocr_carea' id='block_1_30' title="bbox 1106 320 1884 356">
    <p class='ocr_par' dir='ltr' id='par_1_30' title="bbox 1106 320 1884 356">
     <span class='ocr_line' id='line_1_30' title="bbox 1106 320 1884 356; baseline 0.001 -9"><span class='ocrx_word' id='word_1_208' title='bbox 1106 320 1173 356; x_wconf 83' lang='grc' dir='ltr'>μετὰ</span> <span class='ocrx_word' id='word_1_209' title='bbox 1188 321 1303 347; x_wconf 84' lang='grc' dir='ltr'>θάνατον</span> <span class='ocrx_word' id='word_1_210' title='bbox 1316 320 1387 355; x_wconf 80' lang='grc' dir='ltr'><strong>ὑμᾶς</strong></span> <span class='ocrx_word' id='word_1_211' title='bbox 1400 320 1440 351; x_wconf 83' lang='grc' dir='ltr'><strong>εις</strong></span> <span class='ocrx_word' id='word_1_212' title='bbox 1453 320 1502 351; x_wconf 86' lang='grc' dir='ltr'><strong>τάς</strong></span> <span class='ocrx_word' id='word_1_213' title='bbox 1515 320 1641 352; x_wconf 73' lang='grc' dir='ltr'><strong>αἰωνίους</strong></span> <span class='ocrx_word' id='word_1_214' title='bbox 1657 321 1772 355; x_wconf 77' lang='grc' dir='ltr'>σκηνὰς,</span> <span class='ocrx_word' id='word_1_215' title='bbox 1788 321 1825 353; x_wconf 81' lang='grc' dir='ltr'><strong>ὡς</strong></span> <span class='ocrx_word' id='word_1_216' title='bbox 1841 322 1884 356; x_wconf 78' lang='grc' dir='ltr'><strong>φί-</strong></span> 
     </span>
    </p>
   </div>
   <div class='ocr_carea' id='block_1_31' title="bbox 1104 365 1886 401">
    <p class='ocr_par' dir='ltr' id='par_1_31' title="bbox 1104 365 1886 401">
     <span class='ocr_line' id='line_1_31' title="bbox 1104 365 1886 401; baseline 0.001 -8"><span class='ocrx_word' id='word_1_217' title='bbox 1104 366 1166 398; x_wconf 87' lang='grc' dir='ltr'>λους</span> <span class='ocrx_word' id='word_1_218' title='bbox 1182 367 1230 393; x_wconf 69' lang='grc' dir='ltr'>καὶ</span> <span class='ocrx_word' id='word_1_219' title='bbox 1244 366 1410 401; x_wconf 75' lang='grc' dir='ltr'><strong>γνωρίμους,</strong></span> <span class='ocrx_word' id='word_1_220' title='bbox 1424 365 1553 398; x_wconf 79' lang='grc' dir='ltr'>δέξωνται</span> <span class='ocrx_word' id='word_1_221' title='bbox 1569 367 1617 393; x_wconf 77' lang='grc' dir='ltr'>καὶ</span> <span class='ocrx_word' id='word_1_222' title='bbox 1631 366 1718 394; x_wconf 78' lang='grc' dir='ltr'>αὐτοί,</span> <span class='ocrx_word' id='word_1_223' title='bbox 1734 367 1826 395; x_wconf 80' lang='grc' dir='ltr'>Ταῦτα</span> <span class='ocrx_word' id='word_1_224' title='bbox 1844 368 1886 394; x_wconf 87' lang='grc' dir='ltr'>λο-</span> 
     </span>
    </p>
   </div>
   <div class='ocr_carea' id='block_1_32' title="bbox 1104 411 1886 450">
    <p class='ocr_par' dir='ltr' id='par_1_32' title="bbox 1104 411 1886 450">
     <span class='ocr_line' id='line_1_32' title="bbox 1104 411 1886 450; baseline 0.004 -12"><span class='ocrx_word' id='word_1_225' title='bbox 1104 412 1223 446; x_wconf 80' lang='grc' dir='ltr'>γίζεσθε,</span> <span class='ocrx_word' id='word_1_226' title='bbox 1238 411 1325 439; x_wconf 89' lang='grc' dir='ltr'>ταῦτα</span> <span class='ocrx_word' id='word_1_227' title='bbox 1348 413 1471 448; x_wconf 82' lang='grc' dir='ltr'><strong>φρονεῖτε</strong></span> <span class='ocrx_word' id='word_1_228' title='bbox 1491 420 1498 427; x_wconf 90' lang='grc'><strong>·</strong></span> <span class='ocrx_word' id='word_1_229' title='bbox 1525 413 1573 439; x_wconf 83' lang='grc' dir='ltr'>καὶ</span> <span class='ocrx_word' id='word_1_230' title='bbox 1598 414 1622 439; x_wconf 83' lang='grc' dir='ltr'><strong>ει</strong></span> <span class='ocrx_word' id='word_1_231' title='bbox 1643 412 1717 448; x_wconf 69' lang='grc' dir='ltr'>μέλει</span> <span class='ocrx_word' id='word_1_232' title='bbox 1736 413 1803 448; x_wconf 78' lang='grc' dir='ltr'><strong>ὑμῖν</strong></span> <span class='ocrx_word' id='word_1_233' title='bbox 1824 415 1886 450; x_wconf 76' lang='grc' dir='ltr'>περὶ</span> 
     </span>
    </p>
   </div>
   <div class='ocr_carea' id='block_1_33' title="bbox 1103 459 1886 495">
    <p class='ocr_par' dir='ltr' id='par_1_33' title="bbox 1103 459 1886 495">
     <span class='ocr_line' id='line_1_33' title="bbox 1103 459 1886 495; baseline 0.001 -10"><span class='ocrx_word' id='word_1_234' title='bbox 1103 459 1181 495; x_wconf 76' lang='grc' dir='ltr'><strong>ἐμοῦ,</strong></span> <span class='ocrx_word' id='word_1_235' title='bbox 1195 459 1243 485; x_wconf 73' lang='grc' dir='ltr'>καὶ</span> <span class='ocrx_word' id='word_1_236' title='bbox 1260 459 1442 494; x_wconf 82' lang='grc' dir='ltr'>μνημονεύετε</span> <span class='ocrx_word' id='word_1_237' title='bbox 1457 459 1495 491; x_wconf 85' lang='grc' dir='ltr'>ὡς</span> <span class='ocrx_word' id='word_1_238' title='bbox 1515 459 1580 495; x_wconf 77' lang='grc' dir='ltr'>περὶ</span> <span class='ocrx_word' id='word_1_239' title='bbox 1600 459 1720 494; x_wconf 76' lang='grc' dir='ltr'>πατρὸς,</span> <span class='ocrx_word' id='word_1_240' title='bbox 1742 459 1779 495; x_wconf 81' lang='grc' dir='ltr'><strong>μὴ</strong></span> <span class='ocrx_word' id='word_1_241' title='bbox 1795 460 1886 495; x_wconf 74' lang='grc' dir='ltr'>ἀφεῖτε</span> 
     </span>
    </p>
   </div>
   <div class='ocr_carea' id='block_1_34' title="bbox 1102 505 1886 541">
    <p class='ocr_par' dir='ltr' id='par_1_34' title="bbox 1102 505 1886 541">
     <span class='ocr_line' id='line_1_34' title="bbox 1102 505 1886 541; baseline 0.001 -9"><span class='ocrx_word' id='word_1_242' title='bbox 1102 514 1178 537; x_wconf 86' lang='grc' dir='ltr'>τινας</span> <span class='ocrx_word' id='word_1_243' title='bbox 1191 505 1222 532; x_wconf 79' lang='grc' dir='ltr'>τὸ</span> <span class='ocrx_word' id='word_1_244' title='bbox 1236 505 1316 540; x_wconf 84' lang='grc' dir='ltr'>σῶμά</span> <span class='ocrx_word' id='word_1_245' title='bbox 1338 513 1389 540; x_wconf 89' lang='grc' dir='ltr'><strong>μου</strong></span> <span class='ocrx_word' id='word_1_246' title='bbox 1405 505 1498 541; x_wconf 77' lang='grc' dir='ltr'>λαϐεῖν</span> <span class='ocrx_word' id='word_1_247' title='bbox 1514 506 1555 537; x_wconf 81' lang='grc' dir='ltr'>εις</span> <span class='ocrx_word' id='word_1_248' title='bbox 1569 505 1717 539; x_wconf 74' lang='grc' dir='ltr'>Αἰγυπτον,</span> <span class='ocrx_word' id='word_1_249' title='bbox 1742 506 1840 540; x_wconf 80' lang='grc' dir='ltr'><strong>μήπως</strong></span> <span class='ocrx_word' id='word_1_250' title='bbox 1856 507 1886 533; x_wconf 83' lang='grc' dir='ltr'>ὲν</span> 
     </span>
    </p>
   </div>
   <div class='ocr_carea' id='block_1_35' title="bbox 1102 550 1886 586">
    <p class='ocr_par' dir='ltr' id='par_1_35' title="bbox 1102 550 1886 586">
     <span class='ocr_line' id='line_1_35' title="bbox 1102 550 1886 586; baseline -0.001 -8"><span class='ocrx_word' id='word_1_251' title='bbox 1102 553 1159 584; x_wconf 85' lang='grc' dir='ltr'>τοῖς</span> <span class='ocrx_word' id='word_1_252' title='bbox 1178 552 1263 583; x_wconf 79' lang='grc' dir='ltr'><strong>οἴκοις</strong></span> <span class='ocrx_word' id='word_1_253' title='bbox 1280 551 1435 578; x_wconf 56' lang='lat' dir='ltr'><strong>amomi</strong></span> <span class='ocrx_word' id='word_1_254' title='bbox 1448 559 1455 566; x_wconf 87' lang='lat'>&#39;</span> <span class='ocrx_word' id='word_1_255' title='bbox 1469 551 1564 578; x_wconf 87' lang='grc' dir='ltr'>τούτου</span> <span class='ocrx_word' id='word_1_256' title='bbox 1585 550 1642 585; x_wconf 81' lang='grc' dir='ltr'>γὰρ</span> <span class='ocrx_word' id='word_1_257' title='bbox 1665 551 1744 586; x_wconf 80' lang='grc' dir='ltr'>χάριν</span> <span class='ocrx_word' id='word_1_258' title='bbox 1765 551 1886 586; x_wconf 72' lang='grc' dir='ltr'>εἰσῆλθον</span> 
     </span>
    </p>
   </div>
   <div class='ocr_carea' id='block_1_36' title="bbox 1103 594 1886 634">
    <p class='ocr_par' dir='ltr' id='par_1_36' title="bbox 1103 594 1886 634">
     <span class='ocr_line' id='line_1_36' title="bbox 1103 594 1886 634; baseline 0 -10"><span class='ocrx_word' id='word_1_259' title='bbox 1103 599 1142 629; x_wconf 77' lang='grc' dir='ltr'>εις</span> <span class='ocrx_word' id='word_1_260' title='bbox 1155 597 1185 624; x_wconf 81' lang='grc' dir='ltr'>τὸ</span> <span class='ocrx_word' id='word_1_261' title='bbox 1200 597 1272 634; x_wconf 72' lang='grc' dir='ltr'>ὅρος,</span> <span class='ocrx_word' id='word_1_262' title='bbox 1292 598 1339 624; x_wconf 80' lang='grc' dir='ltr'>καὶ</span> <span class='ocrx_word' id='word_1_263' title='bbox 1352 595 1433 633; x_wconf 78' lang='grc' dir='ltr'>ἦλθον</span> <span class='ocrx_word' id='word_1_264' title='bbox 1448 594 1508 624; x_wconf 81' lang='grc' dir='ltr'>ὦδε.</span> <span class='ocrx_word' id='word_1_265' title='bbox 1527 597 1625 623; x_wconf 77' lang='grc' dir='ltr'>Οἴδατε</span> <span class='ocrx_word' id='word_1_266' title='bbox 1641 596 1669 623; x_wconf 80' lang='grc' dir='ltr'><strong>δὲ</strong></span> <span class='ocrx_word' id='word_1_267' title='bbox 1694 597 1742 623; x_wconf 78' lang='grc' dir='ltr'>καὶ</span> <span class='ocrx_word' id='word_1_268' title='bbox 1769 597 1827 628; x_wconf 82' lang='grc' dir='ltr'><strong>πῶς</strong></span> <span class='ocrx_word' id='word_1_269' title='bbox 1842 597 1886 624; x_wconf 77' lang='grc' dir='ltr'><strong>ἀεὶ</strong></span> 
     </span>
    </p>
   </div>
   <div class='ocr_carea' id='block_1_37' title="bbox 1102 642 1886 679">
    <p class='ocr_par' dir='ltr' id='par_1_37' title="bbox 1102 642 1886 679">
     <span class='ocr_line' id='line_1_37' title="bbox 1102 642 1886 679; baseline 0 -9"><span class='ocrx_word' id='word_1_270' title='bbox 1102 642 1246 679; x_wconf 80' lang='grc' dir='ltr'>ὲνέτρεπον</span> <span class='ocrx_word' id='word_1_271' title='bbox 1262 644 1325 675; x_wconf 83' lang='grc' dir='ltr'>τοὺς</span> <span class='ocrx_word' id='word_1_272' title='bbox 1346 643 1425 670; x_wconf 88' lang='grc' dir='ltr'>τοῦτο</span> <span class='ocrx_word' id='word_1_273' title='bbox 1445 643 1604 674; x_wconf 80' lang='grc' dir='ltr'><strong>ποιοῦντας,</strong></span> <span class='ocrx_word' id='word_1_274' title='bbox 1631 644 1677 670; x_wconf 75' lang='grc' dir='ltr'>καὶ</span> <span class='ocrx_word' id='word_1_275' title='bbox 1701 643 1886 679; x_wconf 75' lang='grc' dir='ltr'><strong>παρήγγελλον</strong></span> 
     </span>
    </p>
   </div>
   <div class='ocr_carea' id='block_1_38' title="bbox 1102 687 1886 725">
    <p class='ocr_par' dir='ltr' id='par_1_38' title="bbox 1102 687 1886 725">
     <span class='ocr_line' id='line_1_38' title="bbox 1102 687 1886 725; baseline 0.001 -10"><span class='ocrx_word' id='word_1_276' title='bbox 1102 689 1258 716; x_wconf 81' lang='grc' dir='ltr'>παύσασθαι</span> <span class='ocrx_word' id='word_1_277' title='bbox 1281 690 1332 724; x_wconf 86' lang='grc' dir='ltr'><strong>τῆς</strong></span> <span class='ocrx_word' id='word_1_278' title='bbox 1348 689 1475 725; x_wconf 80' lang='grc' dir='ltr'><strong>τοιαύτης</strong></span> <span class='ocrx_word' id='word_1_279' title='bbox 1496 689 1647 724; x_wconf 83' lang='grc' dir='ltr'>συνηθείας.</span> <span class='ocrx_word' id='word_1_280' title='bbox 1668 689 1777 724; x_wconf 77' lang='grc' dir='ltr'>Θάψατε</span> <span class='ocrx_word' id='word_1_281' title='bbox 1792 687 1837 716; x_wconf 87' lang='grc' dir='ltr'>οὖν</span> <span class='ocrx_word' id='word_1_282' title='bbox 1855 690 1886 716; x_wconf 77' lang='grc' dir='ltr'>τὸ</span> 
     </span>
    </p>
   </div>
   <div class='ocr_carea' id='block_1_39' title="bbox 1102 735 1886 772">
    <p class='ocr_par' dir='ltr' id='par_1_39' title="bbox 1102 735 1886 772">
     <span class='ocr_line' id='line_1_39' title="bbox 1102 735 1886 772; baseline 0 -10"><span class='ocrx_word' id='word_1_283' title='bbox 1102 736 1234 771; x_wconf 67' lang='grc' dir='ltr'>ἡμέτερον</span> <span class='ocrx_word' id='word_1_284' title='bbox 1249 737 1338 771; x_wconf 74' lang='grc' dir='ltr'>ὑμεῖς.</span> <span class='ocrx_word' id='word_1_285' title='bbox 1353 737 1400 763; x_wconf 77' lang='grc' dir='ltr'>καὶ</span> <span class='ocrx_word' id='word_1_286' title='bbox 1416 736 1468 762; x_wconf 83' lang='grc' dir='ltr'><strong>ὑπὸ</strong></span> <span class='ocrx_word' id='word_1_287' title='bbox 1479 735 1530 772; x_wconf 88' lang='grc' dir='ltr'>γῆν</span> <span class='ocrx_word' id='word_1_288' title='bbox 1543 735 1665 772; x_wconf 76' lang='grc' dir='ltr'><strong>κρύψατε</strong></span> <span class='ocrx_word' id='word_1_289' title='bbox 1679 743 1685 750; x_wconf 89' lang='grc'>·</span> <span class='ocrx_word' id='word_1_290' title='bbox 1705 736 1752 763; x_wconf 80' lang='grc' dir='ltr'>καὶ</span> <span class='ocrx_word' id='word_1_291' title='bbox 1772 735 1842 762; x_wconf 73' lang='grc' dir='ltr'>ἔστω</span> <span class='ocrx_word' id='word_1_292' title='bbox 1855 736 1886 763; x_wconf 81' lang='grc' dir='ltr'><strong>τὸ</strong></span> 
     </span>
    </p>
   </div>
   <div class='ocr_carea' id='block_1_40' title="bbox 1102 781 1886 818">
    <p class='ocr_par' dir='ltr' id='par_1_40' title="bbox 1102 781 1886 818">
     <span class='ocr_line' id='line_1_40' title="bbox 1102 781 1886 818; baseline -0.003 -8"><span class='ocrx_word' id='word_1_293' title='bbox 1102 783 1166 818; x_wconf 85' lang='grc' dir='ltr'>παρ’</span> <span class='ocrx_word' id='word_1_294' title='bbox 1185 781 1252 818; x_wconf 75' lang='grc' dir='ltr'><strong>ἐμοῦ</strong></span> <span class='ocrx_word' id='word_1_295' title='bbox 1270 782 1344 818; x_wconf 80' lang='grc' dir='ltr'><strong>ῥῆμα</strong></span> <span class='ocrx_word' id='word_1_296' title='bbox 1359 782 1559 817; x_wconf 83' lang='grc' dir='ltr'><strong>φυλαττόμενον</strong></span> <span class='ocrx_word' id='word_1_297' title='bbox 1575 782 1639 818; x_wconf 77' lang='grc' dir='ltr'>παρ’</span> <span class='ocrx_word' id='word_1_298' title='bbox 1653 782 1726 817; x_wconf 83' lang='grc' dir='ltr'>ὑμῖν,</span> <span class='ocrx_word' id='word_1_299' title='bbox 1745 781 1814 808; x_wconf 83' lang='grc' dir='ltr'>ὥστε</span> <span class='ocrx_word' id='word_1_300' title='bbox 1835 790 1886 817; x_wconf 86' lang='grc' dir='ltr'><strong>μη-</strong></span> 
     </span>
    </p>
   </div>
   <div class='ocr_carea' id='block_1_41' title="bbox 1101 827 1885 863">
    <p class='ocr_par' dir='ltr' id='par_1_41' title="bbox 1101 827 1885 863">
     <span class='ocr_line' id='line_1_41' title="bbox 1101 827 1885 863; baseline -0.001 -8"><span class='ocrx_word' id='word_1_301' title='bbox 1101 829 1164 855; x_wconf 81' lang='grc' dir='ltr'>δένα</span> <span class='ocrx_word' id='word_1_302' title='bbox 1171 828 1315 863; x_wconf 80' lang='grc' dir='ltr'>γινώσκειν</span> <span class='ocrx_word' id='word_1_303' title='bbox 1322 828 1367 855; x_wconf 72' lang='grc' dir='ltr'>τὸν</span> <span class='ocrx_word' id='word_1_304' title='bbox 1373 829 1465 859; x_wconf 82' lang='grc' dir='ltr'>τόπον,</span> <span class='ocrx_word' id='word_1_305' title='bbox 1476 828 1546 863; x_wconf 79' lang='grc' dir='ltr'>πλὴν</span> <span class='ocrx_word' id='word_1_306' title='bbox 1553 828 1568 854; x_wconf 80' lang='grc' dir='ltr'><strong>ὖ</strong></span> <span class='ocrx_word' id='word_1_307' title='bbox 1573 827 1630 863; x_wconf 82' lang='grc' dir='ltr'>μῶν</span> <span class='ocrx_word' id='word_1_308' title='bbox 1646 828 1743 863; x_wconf 81' lang='grc' dir='ltr'>μόνων.</span> <span class='ocrx_word' id='word_1_309' title='bbox 1751 827 1823 862; x_wconf 82' lang='grc' dir='ltr'><strong>Ἐγὼ</strong></span> <span class='ocrx_word' id='word_1_310' title='bbox 1832 828 1885 863; x_wconf 84' lang='grc' dir='ltr'><strong>γὰρ</strong></span> 
     </span>
    </p>
   </div>
   <div class='ocr_carea' id='block_1_42' title="bbox 1101 873 1884 910">
    <p class='ocr_par' dir='ltr' id='par_1_42' title="bbox 1101 873 1884 910">
     <span class='ocr_line' id='line_1_42' title="bbox 1101 873 1884 910; baseline -0.003 -9"><span class='ocrx_word' id='word_1_311' title='bbox 1101 875 1130 901; x_wconf 86' lang='grc' dir='ltr'>ὲν</span> <span class='ocrx_word' id='word_1_312' title='bbox 1145 876 1179 910; x_wconf 82' lang='grc' dir='ltr'>τῇ</span> <span class='ocrx_word' id='word_1_313' title='bbox 1194 874 1339 901; x_wconf 83' lang='grc' dir='ltr'><strong>ἀναστάσει</strong></span> <span class='ocrx_word' id='word_1_314' title='bbox 1350 873 1405 900; x_wconf 83' lang='grc' dir='ltr'><strong>τῶν</strong></span> <span class='ocrx_word' id='word_1_315' title='bbox 1425 873 1530 910; x_wconf 86' lang='grc' dir='ltr'>νεκρῶν</span> <span class='ocrx_word' id='word_1_316' title='bbox 1549 873 1723 909; x_wconf 76' lang='grc' dir='ltr'><strong>ἀπολήψομαι</strong></span> <span class='ocrx_word' id='word_1_317' title='bbox 1737 874 1813 908; x_wconf 76' lang='grc' dir='ltr'>παρὰ</span> <span class='ocrx_word' id='word_1_318' title='bbox 1837 873 1884 900; x_wconf 84' lang='grc' dir='ltr'>τοῦ</span> 
     </span>
    </p>
   </div>
   <div class='ocr_carea' id='block_1_43' title="bbox 1101 919 1883 956">
    <p class='ocr_par' dir='ltr' id='par_1_43' title="bbox 1101 919 1883 956">
     <span class='ocr_line' id='line_1_43' title="bbox 1101 919 1883 956; baseline -0.003 -9"><span class='ocrx_word' id='word_1_319' title='bbox 1101 920 1227 956; x_wconf 78' lang='grc' dir='ltr'><strong>Σωτῆρος</strong></span> <span class='ocrx_word' id='word_1_320' title='bbox 1241 920 1377 956; x_wconf 69' lang='grc' dir='ltr'>ἄφθαρτον</span> <span class='ocrx_word' id='word_1_321' title='bbox 1394 919 1468 947; x_wconf 85' lang='grc' dir='ltr'>αὑτό.</span> <span class='ocrx_word' id='word_1_322' title='bbox 1486 919 1592 946; x_wconf 82' lang='grc' dir='ltr'>Διέλετε</span> <span class='ocrx_word' id='word_1_323' title='bbox 1604 919 1632 945; x_wconf 85' lang='grc' dir='ltr'><strong>δέ</strong></span> <span class='ocrx_word' id='word_1_324' title='bbox 1645 927 1695 954; x_wconf 83' lang='grc' dir='ltr'><strong>μου</strong></span> <span class='ocrx_word' id='word_1_325' title='bbox 1715 919 1748 945; x_wconf 84' lang='grc' dir='ltr'>τὰ</span> <span class='ocrx_word' id='word_1_326' title='bbox 1765 919 1883 954; x_wconf 73' lang='grc' dir='ltr'><strong>ἐνδύμα-</strong></span> 
     </span>
    </p>
   </div>
   <div class='ocr_carea' id='block_1_44' title="bbox 1099 965 1884 1001">
    <p class='ocr_par' dir='ltr' id='par_1_44' title="bbox 1099 965 1884 1001">
     <span class='ocr_line' id='line_1_44' title="bbox 1099 965 1884 1001; baseline -0.003 -8"><span class='ocrx_word' id='word_1_327' title='bbox 1099 975 1133 992; x_wconf 77' lang='grc' dir='ltr'><strong>τα</strong></span> <span class='ocrx_word' id='word_1_328' title='bbox 1144 974 1151 981; x_wconf 88' lang='grc'>·</span> <span class='ocrx_word' id='word_1_329' title='bbox 1172 967 1219 993; x_wconf 68' lang='grc' dir='ltr'>καὶ</span> <span class='ocrx_word' id='word_1_330' title='bbox 1238 966 1387 1001; x_wconf 61' lang='grc' dir='ltr'>Ἀθανασίῳ</span> <span class='ocrx_word' id='word_1_331' title='bbox 1404 966 1452 1001; x_wconf 83' lang='grc' dir='ltr'><strong>μὲν</strong></span> <span class='ocrx_word' id='word_1_332' title='bbox 1463 965 1502 1000; x_wconf 85' lang='grc' dir='ltr'><strong>τῷ</strong></span> <span class='ocrx_word' id='word_1_333' title='bbox 1519 965 1658 1000; x_wconf 73' lang='grc' dir='ltr'>ἑπισκὸπῳ</span> <span class='ocrx_word' id='word_1_334' title='bbox 1679 965 1738 992; x_wconf 80' lang='grc' dir='ltr'><strong>δότε</strong></span> <span class='ocrx_word' id='word_1_335' title='bbox 1752 965 1800 1000; x_wconf 83' lang='grc' dir='ltr'>τὴν</span> <span class='ocrx_word' id='word_1_336' title='bbox 1822 965 1884 1000; x_wconf 72' lang='grc' dir='ltr'>μίαν</span> 
     </span>
    </p>
   </div>
   <div class='ocr_carea' id='block_1_45' title="bbox 1102 1010 1883 1047">
    <p class='ocr_par' dir='ltr' id='par_1_45' title="bbox 1102 1010 1883 1047">
     <span class='ocr_line' id='line_1_45' title="bbox 1102 1010 1883 1047; baseline -0.003 -9"><span class='ocrx_word' id='word_1_337' title='bbox 1102 1012 1238 1047; x_wconf 83' lang='grc' dir='ltr'>μηλωτὴν,</span> <span class='ocrx_word' id='word_1_338' title='bbox 1253 1011 1300 1038; x_wconf 80' lang='grc' dir='ltr'>καὶ</span> <span class='ocrx_word' id='word_1_339' title='bbox 1314 1012 1328 1038; x_wconf 82' lang='grc' dir='ltr'>ὅ</span> <span class='ocrx_word' id='word_1_340' title='bbox 1342 1010 1588 1046; x_wconf 82' lang='grc' dir='ltr'>ὑπεστρωννυόμην</span> <span class='ocrx_word' id='word_1_341' title='bbox 1606 1010 1728 1044; x_wconf 69' lang='grc' dir='ltr'>ἱμάτιον,</span> <span class='ocrx_word' id='word_1_342' title='bbox 1752 1010 1818 1045; x_wconf 81' lang='grc' dir='ltr'>ὅπερ</span> <span class='ocrx_word' id='word_1_343' title='bbox 1834 1010 1883 1036; x_wconf 49' lang='grc' dir='ltr'><strong>αὐ-</strong></span> 
     </span>
    </p>
   </div>
   <div class='ocr_carea' id='block_1_46' title="bbox 1100 1055 1883 1093">
    <p class='ocr_par' dir='ltr' id='par_1_46' title="bbox 1100 1055 1883 1093">
     <span class='ocr_line' id='line_1_46' title="bbox 1100 1055 1883 1093; baseline -0.003 -10"><span class='ocrx_word' id='word_1_344' title='bbox 1100 1058 1145 1089; x_wconf 77' lang='grc' dir='ltr'>τὸς</span> <span class='ocrx_word' id='word_1_345' title='bbox 1162 1057 1212 1093; x_wconf 82' lang='grc' dir='ltr'><strong>μέν</strong></span> <span class='ocrx_word' id='word_1_346' title='bbox 1228 1066 1272 1092; x_wconf 93' lang='grc' dir='ltr'>μοι</span> <span class='ocrx_word' id='word_1_347' title='bbox 1286 1057 1377 1084; x_wconf 78' lang='grc' dir='ltr'>καινὸν</span> <span class='ocrx_word' id='word_1_348' title='bbox 1391 1057 1501 1088; x_wconf 80' lang='grc' dir='ltr'><strong>δέδωκε.</strong></span> <span class='ocrx_word' id='word_1_349' title='bbox 1515 1058 1580 1092; x_wconf 82' lang='grc' dir='ltr'>παρ’</span> <span class='ocrx_word' id='word_1_350' title='bbox 1596 1057 1657 1091; x_wconf 74' lang='grc' dir='ltr'>ἐμοὶ</span> <span class='ocrx_word' id='word_1_351' title='bbox 1677 1056 1705 1082; x_wconf 81' lang='grc' dir='ltr'><strong>δὲ</strong></span> <span class='ocrx_word' id='word_1_352' title='bbox 1729 1055 1883 1082; x_wconf 81' lang='grc' dir='ltr'>πεπαλαίω-</span> 
     </span>
    </p>
   </div>
   <div class='ocr_carea' id='block_1_47' title="bbox 1102 1101 1882 1139">
    <p class='ocr_par' dir='ltr' id='par_1_47' title="bbox 1102 1101 1882 1139">
     <span class='ocr_line' id='line_1_47' title="bbox 1102 1101 1882 1139; baseline -0.004 -9"><span class='ocrx_word' id='word_1_353' title='bbox 1102 1111 1164 1130; x_wconf 85' lang='grc' dir='ltr'>ται·</span> <span class='ocrx_word' id='word_1_354' title='bbox 1190 1104 1237 1130; x_wconf 79' lang='grc' dir='ltr'>καὶ</span> <span class='ocrx_word' id='word_1_355' title='bbox 1251 1104 1408 1139; x_wconf 86' lang='grc' dir='ltr'>Σαραπίωνι</span> <span class='ocrx_word' id='word_1_356' title='bbox 1421 1103 1449 1129; x_wconf 83' lang='grc' dir='ltr'><strong>δὲ</strong></span> <span class='ocrx_word' id='word_1_357' title='bbox 1473 1102 1528 1137; x_wconf 78' lang='grc'><strong>(16)</strong></span> <span class='ocrx_word' id='word_1_358' title='bbox 1549 1102 1589 1137; x_wconf 85' lang='grc' dir='ltr'>τῷ</span> <span class='ocrx_word' id='word_1_359' title='bbox 1611 1102 1751 1136; x_wconf 74' lang='grc' dir='ltr'>ὲπισκὸπῳ</span> <span class='ocrx_word' id='word_1_360' title='bbox 1764 1101 1822 1128; x_wconf 81' lang='grc' dir='ltr'>δότε</span> <span class='ocrx_word' id='word_1_361' title='bbox 1835 1102 1882 1134; x_wconf 81' lang='grc' dir='ltr'>τὴν</span> 
     </span>
    </p>
   </div>
   <div class='ocr_carea' id='block_1_48' title="bbox 262 1144 1882 1183">
    <p class='ocr_par' dir='ltr' id='par_1_48' title="bbox 262 1144 1882 1183">
     <span class='ocr_line' id='line_1_48' title="bbox 262 1144 1882 1183; baseline 0.002 -13"><span class='ocrx_word' id='word_1_362' title='bbox 262 1144 360 1179; x_wconf 76' lang='grc' dir='ltr'>ἑτέραν</span> <span class='ocrx_word' id='word_1_363' title='bbox 373 1144 514 1180; x_wconf 84' lang='grc' dir='ltr'><strong>μηλωτήν·</strong></span> <span class='ocrx_word' id='word_1_364' title='bbox 525 1144 573 1170; x_wconf 77' lang='grc' dir='ltr'>καὶ</span> <span class='ocrx_word' id='word_1_365' title='bbox 586 1144 664 1179; x_wconf 83' lang='grc' dir='ltr'>ὑμεῖς</span> <span class='ocrx_word' id='word_1_366' title='bbox 676 1145 751 1180; x_wconf 78' lang='grc' dir='ltr'>ἔχετε</span> <span class='ocrx_word' id='word_1_367' title='bbox 760 1145 791 1171; x_wconf 81' lang='grc' dir='ltr'>τὸ</span> <span class='ocrx_word' id='word_1_368' title='bbox 800 1145 1041 1181; x_wconf 70' lang='grc' dir='ltr'>τρίχινονὲνδυμα.</span> <span class='ocrx_word' id='word_1_369' title='bbox 1062 1147 1118 1173; x_wconf 71' lang='grc' dir='ltr'><strong>Καὶ</strong></span> <span class='ocrx_word' id='word_1_370' title='bbox 1148 1148 1239 1175; x_wconf 75' lang='grc' dir='ltr'>λοιπὸν</span> <span class='ocrx_word' id='word_1_371' title='bbox 1261 1148 1390 1180; x_wconf 80' lang='grc' dir='ltr'><strong>σώζεσθε,</strong></span> <span class='ocrx_word' id='word_1_372' title='bbox 1404 1148 1486 1175; x_wconf 80' lang='grc' dir='ltr'>τέκνα</span> <span class='ocrx_word' id='word_1_373' title='bbox 1495 1155 1503 1163; x_wconf 92' lang='grc'><strong>·</strong></span> <span class='ocrx_word' id='word_1_374' title='bbox 1523 1149 1538 1174; x_wconf 80' lang='grc' dir='ltr'><strong>ὁ</strong></span> <span class='ocrx_word' id='word_1_375' title='bbox 1553 1147 1608 1183; x_wconf 83' lang='grc' dir='ltr'><strong>γὰρ</strong></span> <span class='ocrx_word' id='word_1_376' title='bbox 1630 1146 1770 1178; x_wconf 80' lang='grc' dir='ltr'>Ἀντώνιος</span> <span class='ocrx_word' id='word_1_377' title='bbox 1799 1155 1882 1182; x_wconf 83' lang='grc' dir='ltr'>μετα-</span> 
     </span>
    </p>
   </div>
   <div class='ocr_carea' id='block_1_49' title="bbox 262 1188 782 1224">
    <p class='ocr_par' dir='ltr' id='par_1_49' title="bbox 262 1188 782 1224">
     <span class='ocr_line' id='line_1_49' title="bbox 262 1188 782 1224; baseline 0.004 -9"><span class='ocrx_word' id='word_1_378' title='bbox 262 1189 360 1221; x_wconf 75' lang='grc' dir='ltr'>δαινει,</span> <span class='ocrx_word' id='word_1_379' title='bbox 376 1190 422 1215; x_wconf 60' lang='grc' dir='ltr'><strong>καὶΙ</strong></span> <span class='ocrx_word' id='word_1_380' title='bbox 435 1189 485 1215; x_wconf 88' lang='grc' dir='ltr'><strong>οὐκ</strong></span> <span class='ocrx_word' id='word_1_381' title='bbox 500 1188 539 1215; x_wconf 79' lang='grc' dir='ltr'>ἔτι</span> <span class='ocrx_word' id='word_1_382' title='bbox 553 1188 612 1224; x_wconf 83' lang='grc' dir='ltr'>μεθ’</span> <span class='ocrx_word' id='word_1_383' title='bbox 625 1189 701 1224; x_wconf 85' lang='grc' dir='ltr'>ὑμῶν</span> <span class='ocrx_word' id='word_1_384' title='bbox 714 1191 782 1217; x_wconf 77' lang='grc' dir='ltr'>ἐστι.</span> 
     </span>
    </p>
   </div>
   <div class='ocr_carea' id='block_1_50' title="bbox 297 1234 1045 1270">
    <p class='ocr_par' dir='ltr' id='par_1_50' title="bbox 297 1234 1045 1270">
     <span class='ocr_line' id='line_1_50' title="bbox 297 1234 1045 1270; baseline 0.003 -7"><span class='ocrx_word' id='word_1_385' title='bbox 297 1236 344 1263; x_wconf 77' lang='lat'><strong>92.</strong></span> <span class='ocrx_word' id='word_1_386' title='bbox 360 1234 408 1263; x_wconf 84' lang='lat' dir='ltr'><strong>His</strong></span> <span class='ocrx_word' id='word_1_387' title='bbox 422 1235 466 1263; x_wconf 93' lang='lat' dir='ltr'><strong>ille</strong></span> <span class='ocrx_word' id='word_1_388' title='bbox 480 1235 572 1268; x_wconf 88' lang='lat' dir='ltr'><strong>dictis,</strong></span> <span class='ocrx_word' id='word_1_389' title='bbox 580 1240 727 1270; x_wconf 77' lang='lat' dir='ltr'><strong>postquam</strong></span> <span class='ocrx_word' id='word_1_390' title='bbox 740 1235 829 1270; x_wconf 85' lang='lat' dir='ltr'><strong>ipsum</strong></span> <span class='ocrx_word' id='word_1_391' title='bbox 843 1237 958 1264; x_wconf 84' lang='lat' dir='ltr'><strong>oseulati</strong></span> <span class='ocrx_word' id='word_1_392' title='bbox 971 1241 1045 1269; x_wconf 85' lang='lat' dir='ltr'><strong>sunt,</strong></span> 
     </span>
    </p>
   </div>
   <div class='ocr_carea' id='block_1_51' title="bbox 260 1281 1046 1317">
    <p class='ocr_par' dir='ltr' id='par_1_51' title="bbox 260 1281 1046 1317">
     <span class='ocr_line' id='line_1_51' title="bbox 260 1281 1046 1317; baseline 0.001 -7"><span class='ocrx_word' id='word_1_393' title='bbox 260 1282 359 1310; x_wconf 81' lang='lat' dir='ltr'><strong>erectis</strong></span> <span class='ocrx_word' id='word_1_394' title='bbox 378 1282 502 1316; x_wconf 86' lang='lat' dir='ltr'><strong>pedibus,</strong></span> <span class='ocrx_word' id='word_1_395' title='bbox 522 1289 554 1309; x_wconf 92' lang='lat' dir='ltr'><strong>ac</strong></span> <span class='ocrx_word' id='word_1_396' title='bbox 570 1281 649 1317; x_wconf 83' lang='lat' dir='ltr'><strong>quasi</strong></span> <span class='ocrx_word' id='word_1_397' title='bbox 664 1282 768 1310; x_wconf 86' lang='lat' dir='ltr'><strong>amicos</strong></span> <span class='ocrx_word' id='word_1_398' title='bbox 790 1290 820 1310; x_wconf 87' lang='lat' dir='ltr'><strong>se</strong></span> <span class='ocrx_word' id='word_1_399' title='bbox 833 1284 964 1311; x_wconf 85' lang='lat' dir='ltr'><strong>adeuntes</strong></span> <span class='ocrx_word' id='word_1_400' title='bbox 979 1291 1046 1311; x_wconf 91' lang='lat' dir='ltr'><strong>con-</strong></span> 
     </span>
    </p>
   </div>
   <div class='ocr_carea' id='block_1_52' title="bbox 262 1328 1045 1363">
    <p class='ocr_par' dir='ltr' id='par_1_52' title="bbox 262 1328 1045 1363">
     <span class='ocr_line' id='line_1_52' title="bbox 262 1328 1045 1363; baseline 0 -7"><span class='ocrx_word' id='word_1_401' title='bbox 262 1328 424 1363; x_wconf 87' lang='lat' dir='ltr'><strong>templatus,</strong></span> <span class='ocrx_word' id='word_1_402' title='bbox 442 1335 592 1362; x_wconf 86' lang='lat' dir='ltr'><strong>eorumque</strong></span> <span class='ocrx_word' id='word_1_403' title='bbox 613 1335 697 1355; x_wconf 88' lang='lat' dir='ltr'><strong>causa</strong></span> <span class='ocrx_word' id='word_1_404' title='bbox 721 1330 815 1361; x_wconf 66' lang='lat' dir='ltr'><strong>laetus,</strong></span> <span class='ocrx_word' id='word_1_405' title='bbox 835 1336 898 1356; x_wconf 87' lang='lat' dir='ltr'><strong>nam</strong></span> <span class='ocrx_word' id='word_1_406' title='bbox 917 1329 981 1356; x_wconf 92' lang='lat' dir='ltr'><strong>dum</strong></span> <span class='ocrx_word' id='word_1_407' title='bbox 997 1328 1045 1356; x_wconf 90' lang='lat' dir='ltr'><strong>de-</strong></span> 
     </span>
    </p>
   </div>
   <div class='ocr_carea' id='block_1_53' title="bbox 260 1374 1045 1409">
    <p class='ocr_par' dir='ltr' id='par_1_53' title="bbox 260 1374 1045 1409">
     <span class='ocr_line' id='line_1_53' title="bbox 260 1374 1045 1409; baseline 0.001 -8"><span class='ocrx_word' id='word_1_408' title='bbox 260 1375 399 1402; x_wconf 83' lang='lat' dir='ltr'><strong>cumberet</strong></span> <span class='ocrx_word' id='word_1_409' title='bbox 417 1374 494 1401; x_wconf 88' lang='lat' dir='ltr'><strong>hilari</strong></span> <span class='ocrx_word' id='word_1_410' title='bbox 511 1379 570 1401; x_wconf 86' lang='lat' dir='ltr'><strong>erat</strong></span> <span class='ocrx_word' id='word_1_411' title='bbox 585 1374 672 1406; x_wconf 86' lang='lat' dir='ltr'><strong>vultu,</strong></span> <span class='ocrx_word' id='word_1_412' title='bbox 685 1374 844 1409; x_wconf 77' lang='lat' dir='ltr'><strong>exspiravit,</strong></span> <span class='ocrx_word' id='word_1_413' title='bbox 866 1380 893 1402; x_wconf 91' lang='lat' dir='ltr'><strong>et</strong></span> <span class='ocrx_word' id='word_1_414' title='bbox 905 1376 1045 1409; x_wconf 89' lang='lat' dir='ltr'><strong>appositus</strong></span> 
     </span>
    </p>
   </div>
   <div class='ocr_carea' id='block_1_54' title="bbox 261 1419 1046 1455">
    <p class='ocr_par' dir='ltr' id='par_1_54' title="bbox 261 1419 1046 1455">
     <span class='ocr_line' id='line_1_54' title="bbox 261 1419 1046 1455; baseline -0.001 -7"><span class='ocrx_word' id='word_1_415' title='bbox 261 1424 302 1448; x_wconf 80' lang='lat' dir='ltr'><strong>est</strong></span> <span class='ocrx_word' id='word_1_416' title='bbox 317 1421 349 1447; x_wconf 88' lang='lat' dir='ltr'><strong>ad</strong></span> <span class='ocrx_word' id='word_1_417' title='bbox 373 1426 463 1455; x_wconf 88' lang='lat' dir='ltr'><strong>patres</strong></span> <span class='ocrx_word' id='word_1_418' title='bbox 483 1427 557 1448; x_wconf 89' lang='lat' dir='ltr'><strong>suos.</strong></span> <span class='ocrx_word' id='word_1_419' title='bbox 578 1419 629 1451; x_wconf 91' lang='lat' dir='ltr'><strong>Illi,</strong></span> <span class='ocrx_word' id='word_1_420' title='bbox 657 1420 885 1454; x_wconf 91' lang='lat' dir='ltr'><strong>quemadmodum</strong></span> <span class='ocrx_word' id='word_1_421' title='bbox 904 1420 1046 1447; x_wconf 86' lang='lat' dir='ltr'><strong>mandarat</strong></span> 
     </span>
    </p>
   </div>
   <div class='ocr_carea' id='block_1_55' title="bbox 260 1465 1046 1501">
    <p class='ocr_par' dir='ltr' id='par_1_55' title="bbox 260 1465 1046 1501">
     <span class='ocr_line' id='line_1_55' title="bbox 260 1465 1046 1501; baseline 0 -8"><span class='ocrx_word' id='word_1_422' title='bbox 260 1467 338 1500; x_wconf 82' lang='lat' dir='ltr'><strong>ipsis.</strong></span> <span class='ocrx_word' id='word_1_423' title='bbox 358 1465 467 1493; x_wconf 90' lang='lat' dir='ltr'><strong>condito</strong></span> <span class='ocrx_word' id='word_1_424' title='bbox 481 1471 508 1493; x_wconf 91' lang='lat' dir='ltr'><strong>et</strong></span> <span class='ocrx_word' id='word_1_425' title='bbox 522 1465 644 1493; x_wconf 92' lang='lat' dir='ltr'><strong>involuto</strong></span> <span class='ocrx_word' id='word_1_426' title='bbox 657 1473 782 1501; x_wconf 84' lang='lat' dir='ltr'><strong>corpore,</strong></span> <span class='ocrx_word' id='word_1_427' title='bbox 795 1465 859 1492; x_wconf 92' lang='lat' dir='ltr'><strong>illud</strong></span> <span class='ocrx_word' id='word_1_428' title='bbox 875 1470 944 1493; x_wconf 72' lang='lat' dir='ltr'><strong>terra</strong></span> <span class='ocrx_word' id='word_1_429' title='bbox 953 1471 1046 1493; x_wconf 86' lang='lat' dir='ltr'><strong>conte-</strong></span> 
     </span>
    </p>
   </div>
   <div class='ocr_carea' id='block_1_56' title="bbox 1133 1234 1883 1269">
    <p class='ocr_par' dir='ltr' id='par_1_56' title="bbox 1133 1234 1883 1269">
     <span class='ocr_line' id='line_1_56' title="bbox 1133 1234 1883 1269; baseline 0 -7"><span class='ocrx_word' id='word_1_430' title='bbox 1133 1235 1177 1263; x_wconf 73' lang='lat'><strong>92.</strong></span> <span class='ocrx_word' id='word_1_431' title='bbox 1194 1235 1286 1262; x_wconf 86' lang='grc' dir='ltr'>Ταῦτα</span> <span class='ocrx_word' id='word_1_432' title='bbox 1299 1234 1394 1266; x_wconf 78' lang='grc' dir='ltr'>εἰπὼν,</span> <span class='ocrx_word' id='word_1_433' title='bbox 1421 1235 1469 1261; x_wconf 72' lang='grc' dir='ltr'>καὶ</span> <span class='ocrx_word' id='word_1_434' title='bbox 1491 1234 1693 1269; x_wconf 80' lang='grc' dir='ltr'><strong>ἀσπασαμένων</strong></span> <span class='ocrx_word' id='word_1_435' title='bbox 1704 1234 1815 1261; x_wconf 80' lang='grc' dir='ltr'><strong>ἐκείνων</strong></span> <span class='ocrx_word' id='word_1_436' title='bbox 1834 1235 1883 1262; x_wconf 80' lang='grc' dir='ltr'><strong>αὺ-</strong></span> 
     </span>
    </p>
   </div>
   <div class='ocr_carea' id='block_1_57' title="bbox 1098 1280 1882 1318">
    <p class='ocr_par' dir='ltr' id='par_1_57' title="bbox 1098 1280 1882 1318">
     <span class='ocr_line' id='line_1_57' title="bbox 1098 1280 1882 1318; baseline -0.003 -9"><span class='ocrx_word' id='word_1_437' title='bbox 1098 1284 1152 1314; x_wconf 69' lang='grc' dir='ltr'>τὸν,</span> <span class='ocrx_word' id='word_1_438' title='bbox 1168 1282 1268 1318; x_wconf 75' lang='grc' dir='ltr'>ἐξάρας</span> <span class='ocrx_word' id='word_1_439' title='bbox 1282 1283 1344 1314; x_wconf 81' lang='grc' dir='ltr'>τοὺς</span> <span class='ocrx_word' id='word_1_440' title='bbox 1356 1282 1449 1312; x_wconf 79' lang='grc' dir='ltr'>πόδας,</span> <span class='ocrx_word' id='word_1_441' title='bbox 1465 1281 1512 1307; x_wconf 73' lang='grc' dir='ltr'>καὶ</span> <span class='ocrx_word' id='word_1_442' title='bbox 1524 1280 1618 1314; x_wconf 81' lang='grc' dir='ltr'>ὥσπερ</span> <span class='ocrx_word' id='word_1_443' title='bbox 1631 1280 1723 1314; x_wconf 84' lang='grc' dir='ltr'>φίλους</span> <span class='ocrx_word' id='word_1_444' title='bbox 1736 1281 1806 1315; x_wconf 83' lang='grc' dir='ltr'>ὁρῶν</span> <span class='ocrx_word' id='word_1_445' title='bbox 1820 1282 1882 1312; x_wconf 83' lang='grc' dir='ltr'>τοὺς</span> 
     </span>
    </p>
   </div>
   <div class='ocr_carea' id='block_1_58' title="bbox 1099 1326 1883 1361">
    <p class='ocr_par' dir='ltr' id='par_1_58' title="bbox 1099 1326 1883 1361">
     <span class='ocr_line' id='line_1_58' title="bbox 1099 1326 1883 1361; baseline -0.003 -7"><span class='ocrx_word' id='word_1_446' title='bbox 1099 1328 1225 1359; x_wconf 75' lang='grc' dir='ltr'>ἐλθόντας</span> <span class='ocrx_word' id='word_1_447' title='bbox 1246 1328 1289 1354; x_wconf 76' lang='grc' dir='ltr'><strong>ἐπ’</strong></span> <span class='ocrx_word' id='word_1_448' title='bbox 1305 1327 1396 1355; x_wconf 80' lang='grc' dir='ltr'>αὑτὸν,</span> <span class='ocrx_word' id='word_1_449' title='bbox 1410 1327 1457 1353; x_wconf 77' lang='grc' dir='ltr'>καὶ</span> <span class='ocrx_word' id='word_1_450' title='bbox 1470 1326 1503 1353; x_wconf 81' lang='grc' dir='ltr'><strong>δι’</strong></span> <span class='ocrx_word' id='word_1_451' title='bbox 1520 1326 1618 1357; x_wconf 71' lang='grc' dir='ltr'>αὐτοὺς</span> <span class='ocrx_word' id='word_1_452' title='bbox 1640 1326 1791 1361; x_wconf 78' lang='grc' dir='ltr'>περιχαρὴς</span> <span class='ocrx_word' id='word_1_453' title='bbox 1807 1327 1883 1360; x_wconf 82' lang='grc' dir='ltr'>γενό-</span> 
     </span>
    </p>
   </div>
   <div class='ocr_carea' id='block_1_59' title="bbox 1100 1371 1881 1409">
    <p class='ocr_par' dir='ltr' id='par_1_59' title="bbox 1100 1371 1881 1409">
     <span class='ocr_line' id='line_1_59' title="bbox 1100 1371 1881 1409; baseline -0.003 -10"><span class='ocrx_word' id='word_1_454' title='bbox 1100 1382 1188 1409; x_wconf 71' lang='grc' dir='ltr'>μενος,</span> <span class='ocrx_word' id='word_1_455' title='bbox 1204 1373 1329 1407; x_wconf 77' lang='grc' dir='ltr'>ἐφαίνετο</span> <span class='ocrx_word' id='word_1_456' title='bbox 1339 1372 1393 1408; x_wconf 80' lang='grc' dir='ltr'><strong>γὰρ</strong></span> <span class='ocrx_word' id='word_1_457' title='bbox 1405 1372 1583 1407; x_wconf 78' lang='grc' dir='ltr'><strong>ἀνακείμενος</strong></span> <span class='ocrx_word' id='word_1_458' title='bbox 1592 1371 1675 1407; x_wconf 78' lang='grc' dir='ltr'>ἱλαρῷ</span> <span class='ocrx_word' id='word_1_459' title='bbox 1685 1372 1723 1406; x_wconf 87' lang='grc' dir='ltr'>τῷ</span> <span class='ocrx_word' id='word_1_460' title='bbox 1733 1372 1881 1407; x_wconf 82' lang='grc' dir='ltr'>προσώπῳ,</span> 
     </span>
    </p>
   </div>
   <div class='ocr_carea' id='block_1_60' title="bbox 1097 1417 1882 1454">
    <p class='ocr_par' dir='ltr' id='par_1_60' title="bbox 1097 1417 1882 1454">
     <span class='ocr_line' id='line_1_60' title="bbox 1097 1417 1882 1454; baseline -0.001 -9"><span class='ocrx_word' id='word_1_461' title='bbox 1097 1419 1214 1451; x_wconf 78' lang='grc' dir='ltr'><strong>ἐξέλιπε,</strong></span> <span class='ocrx_word' id='word_1_462' title='bbox 1232 1419 1278 1445; x_wconf 75' lang='grc' dir='ltr'><strong>καὶ</strong></span> <span class='ocrx_word' id='word_1_463' title='bbox 1300 1417 1450 1454; x_wconf 79' lang='grc' dir='ltr'>προσετέθη</span> <span class='ocrx_word' id='word_1_464' title='bbox 1467 1418 1535 1453; x_wconf 75' lang='grc' dir='ltr'>πρὸς</span> <span class='ocrx_word' id='word_1_465' title='bbox 1551 1418 1613 1448; x_wconf 80' lang='grc' dir='ltr'>τοὺς</span> <span class='ocrx_word' id='word_1_466' title='bbox 1636 1418 1765 1453; x_wconf 83' lang='grc' dir='ltr'>πατέρας.</span> <span class='ocrx_word' id='word_1_467' title='bbox 1781 1419 1882 1444; x_wconf 84' lang='grc' dir='ltr'><strong>Κάχεί-</strong></span> 
     </span>
    </p>
   </div>
   <div class='ocr_carea' id='block_1_61' title="bbox 1097 1464 1882 1498">
    <p class='ocr_par' dir='ltr' id='par_1_61' title="bbox 1097 1464 1882 1498">
     <span class='ocr_line' id='line_1_61' title="bbox 1097 1464 1882 1498; baseline -0.001 -7"><span class='ocrx_word' id='word_1_468' title='bbox 1097 1473 1137 1491; x_wconf 93' lang='grc' dir='ltr'><strong>νοι</strong></span> <span class='ocrx_word' id='word_1_469' title='bbox 1153 1465 1254 1496; x_wconf 59' lang='grc' dir='ltr'>λοιπὴν,</span> <span class='ocrx_word' id='word_1_470' title='bbox 1277 1464 1347 1491; x_wconf 79' lang='grc' dir='ltr'>καθὰ</span> <span class='ocrx_word' id='word_1_471' title='bbox 1361 1464 1475 1491; x_wconf 82' lang='grc' dir='ltr'>δέδωκεν</span> <span class='ocrx_word' id='word_1_472' title='bbox 1493 1464 1583 1495; x_wconf 83' lang='grc' dir='ltr'>αὐτοῖς</span> <span class='ocrx_word' id='word_1_473' title='bbox 1600 1464 1726 1496; x_wconf 76' lang='grc' dir='ltr'>ἐντολὰς,</span> <span class='ocrx_word' id='word_1_474' title='bbox 1748 1465 1882 1498; x_wconf 69' lang='grc' dir='ltr'>θάψαντες</span> 
     </span>
    </p>
   </div>
   <div class='ocr_carea' id='block_1_62' title="bbox 261 1503 1047 1546">
    <p class='ocr_par' dir='ltr' id='par_1_62' title="bbox 261 1511 1046 1546">
     <span class='ocr_line' id='line_1_62' title="bbox 261 1511 1046 1546; baseline 0.001 -7"><span class='ocrx_word' id='word_1_475' title='bbox 261 1519 324 1540; x_wconf 70' lang='lat' dir='ltr'><strong>scre</strong></span> <span class='ocrx_word' id='word_1_476' title='bbox 336 1530 343 1544; x_wconf 83' lang='grc'><strong>.</strong></span> <span class='ocrx_word' id='word_1_477' title='bbox 357 1519 491 1546; x_wconf 89' lang='lat' dir='ltr'><strong>nemoque</strong></span> <span class='ocrx_word' id='word_1_478' title='bbox 508 1512 640 1539; x_wconf 72' lang='lat' dir='ltr'><strong>baaenus</strong></span> <span class='ocrx_word' id='word_1_479' title='bbox 653 1512 729 1539; x_wconf 86' lang='lat' dir='ltr'><strong>novit</strong></span> <span class='ocrx_word' id='word_1_480' title='bbox 752 1512 863 1539; x_wconf 90' lang='lat' dir='ltr'><strong>ubinam</strong></span> <span class='ocrx_word' id='word_1_481' title='bbox 880 1511 972 1544; x_wconf 88' lang='lat' dir='ltr'><strong>lateat,</strong></span> <span class='ocrx_word' id='word_1_482' title='bbox 993 1512 1046 1540; x_wconf 87' lang='lat' dir='ltr'><strong>illis</strong></span> 
     </span>
    </p>
   </div>
   <div class='ocr_carea' id='block_1_63' title="bbox 1102 1503 1882 1546">
    <p class='ocr_par' dir='ltr' id='par_1_63' title="bbox 1102 1509 1882 1546">
     <span class='ocr_line' id='line_1_63' title="bbox 1102 1509 1882 1546; baseline 0 -10"><span class='ocrx_word' id='word_1_483' title='bbox 1102 1511 1144 1536; x_wconf 72' lang='grc' dir='ltr'>καὶ</span> <span class='ocrx_word' id='word_1_484' title='bbox 1165 1511 1322 1543; x_wconf 78' lang='grc' dir='ltr'>εἱλίξαντες,</span> <span class='ocrx_word' id='word_1_485' title='bbox 1345 1510 1465 1546; x_wconf 76' lang='grc' dir='ltr'>ἔκρυψαν</span> <span class='ocrx_word' id='word_1_486' title='bbox 1488 1510 1539 1536; x_wconf 78' lang='grc' dir='ltr'><strong>ὑπὸ</strong></span> <span class='ocrx_word' id='word_1_487' title='bbox 1563 1509 1614 1544; x_wconf 78' lang='grc' dir='ltr'><strong>γῆν</strong></span> <span class='ocrx_word' id='word_1_488' title='bbox 1639 1510 1721 1536; x_wconf 77' lang='grc' dir='ltr'>αὑτοῦ</span> <span class='ocrx_word' id='word_1_489' title='bbox 1737 1511 1766 1537; x_wconf 79' lang='grc' dir='ltr'>τὸ</span> <span class='ocrx_word' id='word_1_490' title='bbox 1791 1511 1882 1546; x_wconf 81' lang='grc' dir='ltr'>σῶμα,</span> 
     </span>
    </p>
   </div>
   <div class='ocr_carea' id='block_1_64' title="bbox 259 1557 1045 1592">
    <p class='ocr_par' dir='ltr' id='par_1_64' title="bbox 259 1557 1045 1592">
     <span class='ocr_line' id='line_1_64' title="bbox 259 1557 1045 1592; baseline 0 -7"><span class='ocrx_word' id='word_1_491' title='bbox 259 1558 367 1585; x_wconf 86' lang='lat' dir='ltr'><strong>duobus</strong></span> <span class='ocrx_word' id='word_1_492' title='bbox 381 1557 511 1592; x_wconf 82' lang='lat' dir='ltr'><strong>exceptis.</strong></span> <span class='ocrx_word' id='word_1_493' title='bbox 527 1557 579 1591; x_wconf 85' lang='lat' dir='ltr'><strong>Qui</strong></span> <span class='ocrx_word' id='word_1_494' title='bbox 596 1562 687 1585; x_wconf 87' lang='lat' dir='ltr'><strong>autem</strong></span> <span class='ocrx_word' id='word_1_495' title='bbox 703 1565 830 1592; x_wconf 85' lang='lat' dir='ltr'><strong>accepere</strong></span> <span class='ocrx_word' id='word_1_496' title='bbox 846 1557 916 1584; x_wconf 88' lang='lat' dir='ltr'><strong>beati</strong></span> <span class='ocrx_word' id='word_1_497' title='bbox 936 1558 1045 1585; x_wconf 84' lang='lat' dir='ltr'><strong>Antonii</strong></span> 
     </span>
    </p>
   </div>
   <div class='ocr_carea' id='block_1_65' title="bbox 261 1603 1044 1638">
    <p class='ocr_par' dir='ltr' id='par_1_65' title="bbox 261 1603 1044 1638">
     <span class='ocr_line' id='line_1_65' title="bbox 261 1603 1044 1638; baseline -0.003 -7"><span class='ocrx_word' id='word_1_498' title='bbox 261 1609 405 1638; x_wconf 83' lang='lat' dir='ltr'><strong>utramque</strong></span> <span class='ocrx_word' id='word_1_499' title='bbox 432 1604 569 1636; x_wconf 89' lang='lat' dir='ltr'><strong>melotem,</strong></span> <span class='ocrx_word' id='word_1_500' title='bbox 594 1607 622 1630; x_wconf 91' lang='lat' dir='ltr'><strong>et</strong></span> <span class='ocrx_word' id='word_1_501' title='bbox 644 1603 771 1630; x_wconf 88' lang='lat' dir='ltr'><strong>detritum</strong></span> <span class='ocrx_word' id='word_1_502' title='bbox 796 1603 830 1630; x_wconf 87' lang='lat' dir='ltr'><strong>ab</strong></span> <span class='ocrx_word' id='word_1_503' title='bbox 853 1610 885 1630; x_wconf 91' lang='lat' dir='ltr'><strong>eo</strong></span> <span class='ocrx_word' id='word_1_504' title='bbox 913 1603 1044 1636; x_wconf 88' lang='lat' dir='ltr'><strong>pallium,</strong></span> 
     </span>
    </p>
   </div>
   <div class='ocr_carea' id='block_1_66' title="bbox 257 1649 1045 1687">
    <p class='ocr_par' dir='ltr' id='par_1_66' title="bbox 257 1649 1045 1687">
     <span class='ocr_line' id='line_1_66' title="bbox 257 1649 1045 1687; baseline -0.004 -9"><span class='ocrx_word' id='word_1_505' title='bbox 257 1650 338 1686; x_wconf 78' lang='lat' dir='ltr'><strong>quasi</strong></span> <span class='ocrx_word' id='word_1_506' title='bbox 352 1657 395 1678; x_wconf 87' lang='lat' dir='ltr'><strong>res</strong></span> <span class='ocrx_word' id='word_1_507' title='bbox 411 1650 502 1687; x_wconf 74' lang='lat' dir='ltr'><strong>magni</strong></span> <span class='ocrx_word' id='word_1_508' title='bbox 517 1649 597 1686; x_wconf 87' lang='lat' dir='ltr'><strong>pretii</strong></span> <span class='ocrx_word' id='word_1_509' title='bbox 612 1649 692 1676; x_wconf 85' lang='lat' dir='ltr'><strong>ambo</strong></span> <span class='ocrx_word' id='word_1_510' title='bbox 709 1649 755 1676; x_wconf 86' lang='lat' dir='ltr'><strong>illa</strong></span> <span class='ocrx_word' id='word_1_511' title='bbox 771 1649 943 1680; x_wconf 88' lang='lat' dir='ltr'><strong>custodiunt,</strong></span> <span class='ocrx_word' id='word_1_512' title='bbox 965 1652 1045 1683; x_wconf 88' lang='lat' dir='ltr'><strong>atque</strong></span> 
     </span>
    </p>
   </div>
   <div class='ocr_carea' id='block_1_67' title="bbox 1098 1554 1883 1591">
    <p class='ocr_par' dir='ltr' id='par_1_67' title="bbox 1098 1554 1883 1591">
     <span class='ocr_line' id='line_1_67' title="bbox 1098 1554 1883 1591; baseline 0.001 -9"><span class='ocrx_word' id='word_1_513' title='bbox 1098 1556 1145 1582; x_wconf 80' lang='grc' dir='ltr'>καὶ</span> <span class='ocrx_word' id='word_1_514' title='bbox 1170 1556 1256 1587; x_wconf 77' lang='grc' dir='ltr'><strong>οὐδεὶς</strong></span> <span class='ocrx_word' id='word_1_515' title='bbox 1277 1554 1329 1582; x_wconf 81' lang='grc' dir='ltr'>οἶδε</span> <span class='ocrx_word' id='word_1_516' title='bbox 1346 1557 1430 1588; x_wconf 79' lang='grc' dir='ltr'>τέως,</span> <span class='ocrx_word' id='word_1_517' title='bbox 1447 1556 1497 1582; x_wconf 87' lang='grc' dir='ltr'><strong>ποῦ</strong></span> <span class='ocrx_word' id='word_1_518' title='bbox 1513 1556 1675 1591; x_wconf 80' lang='grc' dir='ltr'>κέκρυπται,</span> <span class='ocrx_word' id='word_1_519' title='bbox 1702 1556 1771 1591; x_wconf 84' lang='grc' dir='ltr'>πλὴν</span> <span class='ocrx_word' id='word_1_520' title='bbox 1795 1557 1883 1591; x_wconf 86' lang='grc' dir='ltr'>μόνων</span> 
     </span>
    </p>
   </div>
   <div class='ocr_carea' id='block_1_68' title="bbox 1097 1600 1881 1632">
    <p class='ocr_par' dir='ltr' id='par_1_68' title="bbox 1097 1600 1881 1632">
     <span class='ocr_line' id='line_1_68' title="bbox 1097 1600 1881 1632; baseline 0.003 -6"><span class='ocrx_word' id='word_1_521' title='bbox 1097 1600 1185 1626; x_wconf 82' lang='grc' dir='ltr'>αὐτῶν</span> <span class='ocrx_word' id='word_1_522' title='bbox 1200 1601 1254 1626; x_wconf 86' lang='grc' dir='ltr'>τῶν</span> <span class='ocrx_word' id='word_1_523' title='bbox 1270 1600 1325 1627; x_wconf 85' lang='grc' dir='ltr'><strong>δὺο.</strong></span> <span class='ocrx_word' id='word_1_524' title='bbox 1352 1601 1406 1627; x_wconf 79' lang='grc' dir='ltr'>Καὶ</span> <span class='ocrx_word' id='word_1_525' title='bbox 1418 1600 1473 1627; x_wconf 87' lang='grc' dir='ltr'>τῶν</span> <span class='ocrx_word' id='word_1_526' title='bbox 1493 1601 1628 1627; x_wconf 81' lang='grc' dir='ltr'>λασόντων</span> <span class='ocrx_word' id='word_1_527' title='bbox 1643 1602 1671 1627; x_wconf 86' lang='grc' dir='ltr'><strong>δὲ</strong></span> <span class='ocrx_word' id='word_1_528' title='bbox 1692 1601 1807 1632; x_wconf 68' lang='grc' dir='ltr'>ἕκαστος</span> <span class='ocrx_word' id='word_1_529' title='bbox 1827 1602 1881 1632; x_wconf 67' lang='grc'><strong>(17)</strong></span> 
     </span>
    </p>
   </div>
   <div class='ocr_carea' id='block_1_69' title="bbox 1097 1646 1882 1683">
    <p class='ocr_par' dir='ltr' id='par_1_69' title="bbox 1097 1646 1882 1683">
     <span class='ocr_line' id='line_1_69' title="bbox 1097 1646 1882 1683; baseline 0.003 -10"><span class='ocrx_word' id='word_1_530' title='bbox 1097 1646 1146 1682; x_wconf 77' lang='grc' dir='ltr'>τὴν</span> <span class='ocrx_word' id='word_1_531' title='bbox 1162 1647 1287 1683; x_wconf 82' lang='grc' dir='ltr'>μηλωτὴν</span> <span class='ocrx_word' id='word_1_532' title='bbox 1296 1646 1342 1674; x_wconf 84' lang='grc' dir='ltr'>τοῦ</span> <span class='ocrx_word' id='word_1_533' title='bbox 1357 1647 1493 1683; x_wconf 80' lang='grc' dir='ltr'>μακαρίου</span> <span class='ocrx_word' id='word_1_534' title='bbox 1511 1647 1664 1680; x_wconf 80' lang='grc' dir='ltr'>Ἀντωνίου,</span> <span class='ocrx_word' id='word_1_535' title='bbox 1678 1647 1725 1674; x_wconf 73' lang='grc' dir='ltr'>καὶ</span> <span class='ocrx_word' id='word_1_536' title='bbox 1736 1648 1766 1674; x_wconf 77' lang='grc' dir='ltr'><strong>τὺ</strong></span> <span class='ocrx_word' id='word_1_537' title='bbox 1775 1657 1882 1683; x_wconf 77' lang='grc' dir='ltr'>τετριμ-</span> 
     </span>
    </p>
   </div>
   <div class='ocr_carea' id='block_1_70' title="bbox 918 1756 1212 1785">
    <p class='ocr_par' dir='ltr' id='par_1_70' title="bbox 918 1756 1212 1785">
     <span class='ocr_line' id='line_1_70' title="bbox 918 1756 1212 1785; baseline 0 -1"><span class='ocrx_word' id='word_1_538' title='bbox 918 1757 1042 1784; x_wconf 77' lang='lat' dir='ltr'><strong>VERSIO</strong></span> <span class='ocrx_word' id='word_1_539' title='bbox 1062 1756 1212 1785; x_wconf 78' lang='lat' dir='ltr'><strong>EVAGRH.</strong></span> 
     </span>
    </p>
   </div>
   <div class='ocr_carea' id='block_1_71' title="bbox 259 1857 1880 1894">
    <p class='ocr_par' dir='ltr' id='par_1_71' title="bbox 259 1857 1880 1894">
     <span class='ocr_line' id='line_1_71' title="bbox 259 1857 1880 1894; baseline -0.001 -9"><span class='ocrx_word' id='word_1_540' title='bbox 259 1859 379 1885; x_wconf 90' lang='lat' dir='ltr'><strong>universi</strong></span> <span class='ocrx_word' id='word_1_541' title='bbox 404 1859 541 1887; x_wconf 60' lang='lat' dir='ltr'><strong>damones</strong></span> <span class='ocrx_word' id='word_1_542' title='bbox 569 1858 747 1894; x_wconf 69' lang='lat' dir='ltr'><strong>fugahuntur.</strong></span> <span class='ocrx_word' id='word_1_543' title='bbox 765 1858 927 1886; x_wconf 84' lang='lat' dir='ltr'><strong>Mementote</strong></span> <span class='ocrx_word' id='word_1_544' title='bbox 941 1859 1023 1885; x_wconf 89' lang='lat' dir='ltr'><strong>etiam</strong></span> <span class='ocrx_word' id='word_1_545' title='bbox 1048 1858 1265 1885; x_wconf 84' lang='lat' dir='ltr'><strong>admouitionnm</strong></span> <span class='ocrx_word' id='word_1_546' title='bbox 1281 1865 1408 1894; x_wconf 87' lang='lat' dir='ltr'><strong>mearum</strong></span> <span class='ocrx_word' id='word_1_547' title='bbox 1429 1861 1455 1884; x_wconf 92' lang='lat' dir='ltr'><strong>et</strong></span> <span class='ocrx_word' id='word_1_548' title='bbox 1480 1857 1590 1894; x_wconf 68' lang='lat' dir='ltr'><strong>incerta!</strong></span> <span class='ocrx_word' id='word_1_549' title='bbox 1615 1857 1781 1894; x_wconf 77' lang='lat' dir='ltr'><strong>conditionis</strong></span> <span class='ocrx_word' id='word_1_550' title='bbox 1797 1858 1880 1884; x_wconf 82' lang='lat' dir='ltr'><strong>vitam</strong></span> 
     </span>
    </p>
   </div>
   <div class='ocr_carea' id='block_1_72' title="bbox 258 1892 1881 1928">
    <p class='ocr_par' dir='ltr' id='par_1_72' title="bbox 258 1892 1881 1928">
     <span class='ocr_line' id='line_1_72' title="bbox 258 1892 1881 1928; baseline 0.001 -9"><span class='ocrx_word' id='word_1_551' title='bbox 258 1894 379 1927; x_wconf 89' lang='lat' dir='ltr'><strong>quotidie</strong></span> <span class='ocrx_word' id='word_1_552' title='bbox 398 1895 543 1928; x_wconf 87' lang='lat' dir='ltr'><strong>ancipitem</strong></span> <span class='ocrx_word' id='word_1_553' title='bbox 560 1892 723 1926; x_wconf 73' lang='lat' dir='ltr'><strong>reti-actate,</strong></span> <span class='ocrx_word' id='word_1_554' title='bbox 747 1898 775 1921; x_wconf 85' lang='lat' dir='ltr'><strong>et</strong></span> <span class='ocrx_word' id='word_1_555' title='bbox 799 1894 909 1920; x_wconf 77' lang='lat' dir='ltr'><strong>cmleste</strong></span> <span class='ocrx_word' id='word_1_556' title='bbox 937 1893 1013 1920; x_wconf 83' lang='lat' dir='ltr'><strong>vobis</strong></span> <span class='ocrx_word' id='word_1_557' title='bbox 1039 1894 1178 1927; x_wconf 67' lang='lat' dir='ltr'><strong>praemium</strong></span> <span class='ocrx_word' id='word_1_558' title='bbox 1198 1894 1257 1920; x_wconf 89' lang='lat' dir='ltr'><strong>sine</strong></span> <span class='ocrx_word' id='word_1_559' title='bbox 1273 1893 1446 1920; x_wconf 85' lang='lat' dir='ltr'><strong>cunctamine</strong></span> <span class='ocrx_word' id='word_1_560' title='bbox 1467 1893 1609 1928; x_wconf 80' lang='lat' dir='ltr'><strong>tribuetur.</strong></span> <span class='ocrx_word' id='word_1_561' title='bbox 1633 1892 1881 1920; x_wconf 83' lang='lat' dir='ltr'><strong>Schismaticnrum</strong></span> 
     </span>
    </p>
   </div>
   <div class='ocr_carea' id='block_1_73' title="bbox 257 1927 1880 1964">
    <p class='ocr_par' dir='ltr' id='par_1_73' title="bbox 257 1927 1880 1964">
     <span class='ocr_line' id='line_1_73' title="bbox 257 1927 1880 1964; baseline 0.001 -10"><span class='ocrx_word' id='word_1_562' title='bbox 257 1937 366 1964; x_wconf 86' lang='lat' dir='ltr'><strong>quoque</strong></span> <span class='ocrx_word' id='word_1_563' title='bbox 383 1934 410 1956; x_wconf 87' lang='lat' dir='ltr'><strong>et</strong></span> <span class='ocrx_word' id='word_1_564' title='bbox 426 1927 613 1956; x_wconf 65' lang='lat' dir='ltr'><strong>haereticorum</strong></span> <span class='ocrx_word' id='word_1_565' title='bbox 629 1936 732 1956; x_wconf 86' lang='lat' dir='ltr'><strong>venena</strong></span> <span class='ocrx_word' id='word_1_566' title='bbox 751 1929 832 1955; x_wconf 84' lang='lat' dir='ltr'><strong>vitate</strong></span> <span class='ocrx_word' id='word_1_567' title='bbox 846 1938 852 1955; x_wconf 92' lang='lat'>:</span> <span class='ocrx_word' id='word_1_568' title='bbox 874 1936 1019 1962; x_wconf 83' lang='lat' dir='ltr'><strong>meumque</strong></span> <span class='ocrx_word' id='word_1_569' title='bbox 1036 1928 1108 1955; x_wconf 85' lang='lat' dir='ltr'><strong>circa</strong></span> <span class='ocrx_word' id='word_1_570' title='bbox 1124 1936 1172 1955; x_wconf 88' lang='lat' dir='ltr'><strong>eos</strong></span> <span class='ocrx_word' id='word_1_571' title='bbox 1189 1929 1287 1964; x_wconf 86' lang='lat' dir='ltr'><strong>odium</strong></span> <span class='ocrx_word' id='word_1_572' title='bbox 1301 1928 1454 1964; x_wconf 80' lang='lat' dir='ltr'><strong>sectamini,</strong></span> <span class='ocrx_word' id='word_1_573' title='bbox 1477 1928 1547 1964; x_wconf 18' lang='lat' dir='ltr'><strong>quia»</strong></span> <span class='ocrx_word' id='word_1_574' title='bbox 1563 1927 1665 1954; x_wconf 87' lang='lat' dir='ltr'><strong>Christi</strong></span> <span class='ocrx_word' id='word_1_575' title='bbox 1681 1932 1745 1954; x_wconf 86' lang='lat' dir='ltr'><strong>sunt</strong></span> <span class='ocrx_word' id='word_1_576' title='bbox 1763 1927 1880 1955; x_wconf 87' lang='lat' dir='ltr'><strong>inimici.</strong></span> 
     </span>
    </p>
   </div>
   <div class='ocr_carea' id='block_1_74' title="bbox 257 1962 1882 1998">
    <p class='ocr_par' dir='ltr' id='par_1_74' title="bbox 257 1962 1882 1998">
     <span class='ocr_line' id='line_1_74' title="bbox 257 1962 1882 1998; baseline -0.001 -8"><span class='ocrx_word' id='word_1_577' title='bbox 257 1962 342 1991; x_wconf 80' lang='lat' dir='ltr'><strong>Scitis</strong></span> <span class='ocrx_word' id='word_1_578' title='bbox 366 1964 428 1998; x_wconf 86' lang='lat' dir='ltr'><strong>ipsi,</strong></span> <span class='ocrx_word' id='word_1_579' title='bbox 450 1965 522 1998; x_wconf 86' lang='lat' dir='ltr'><strong>quod</strong></span> <span class='ocrx_word' id='word_1_580' title='bbox 549 1965 640 1991; x_wconf 88' lang='lat' dir='ltr'><strong>nullus</strong></span> <span class='ocrx_word' id='word_1_581' title='bbox 659 1964 725 1990; x_wconf 88' lang='lat' dir='ltr'><strong>mihi</strong></span> <span class='ocrx_word' id='word_1_582' title='bbox 745 1971 796 1990; x_wconf 85' lang='lat' dir='ltr'><strong>nec</strong></span> <span class='ocrx_word' id='word_1_583' title='bbox 809 1964 937 1996; x_wconf 85' lang='lat' dir='ltr'><strong>paciﬁcus</strong></span> <span class='ocrx_word' id='word_1_584' title='bbox 953 1964 1062 1997; x_wconf 80' lang='lat' dir='ltr'><strong>quidem</strong></span> <span class='ocrx_word' id='word_1_585' title='bbox 1079 1971 1170 1998; x_wconf 80' lang='lat' dir='ltr'><strong>sermo</strong></span> <span class='ocrx_word' id='word_1_586' title='bbox 1184 1971 1245 1990; x_wconf 93' lang='lat' dir='ltr'><strong>cum</strong></span> <span class='ocrx_word' id='word_1_587' title='bbox 1265 1963 1304 1989; x_wconf 88' lang='lat' dir='ltr'><strong>eis</strong></span> <span class='ocrx_word' id='word_1_588' title='bbox 1318 1962 1463 1997; x_wconf 85' lang='lat' dir='ltr'><strong>aliquando</strong></span> <span class='ocrx_word' id='word_1_589' title='bbox 1480 1962 1571 1998; x_wconf 83' lang='lat' dir='ltr'><strong>fuerit,</strong></span> <span class='ocrx_word' id='word_1_590' title='bbox 1586 1968 1695 1998; x_wconf 72' lang='lat' dir='ltr'><strong>propter</strong></span> <span class='ocrx_word' id='word_1_591' title='bbox 1707 1970 1819 1996; x_wconf 81' lang='lat' dir='ltr'><strong>pravam</strong></span> <span class='ocrx_word' id='word_1_592' title='bbox 1834 1971 1882 1989; x_wconf 65' lang='lat' dir='ltr'><strong>eo-</strong></span> 
     </span>
    </p>
   </div>
   <div class='ocr_carea' id='block_1_75' title="bbox 257 1996 1881 2033">
    <p class='ocr_par' dir='ltr' id='par_1_75' title="bbox 257 1996 1881 2033">
     <span class='ocr_line' id='line_1_75' title="bbox 257 1996 1881 2033; baseline -0.001 -8"><span class='ocrx_word' id='word_1_593' title='bbox 257 2007 317 2025; x_wconf 93' lang='lat' dir='ltr'><strong>rum</strong></span> <span class='ocrx_word' id='word_1_594' title='bbox 335 1996 511 2029; x_wconf 77' lang='lat' dir='ltr'><strong>voluntatem,</strong></span> <span class='ocrx_word' id='word_1_595' title='bbox 524 2003 550 2026; x_wconf 85' lang='lat' dir='ltr'><strong>et</strong></span> <span class='ocrx_word' id='word_1_596' title='bbox 566 2000 688 2033; x_wconf 79' lang='lat' dir='ltr'><strong>pertinax</strong></span> <span class='ocrx_word' id='word_1_597' title='bbox 705 2004 800 2026; x_wconf 85' lang='lat' dir='ltr'><strong>contra</strong></span> <span class='ocrx_word' id='word_1_598' title='bbox 817 1996 1081 2026; x_wconf 27' lang='lat' dir='ltr'><strong>Christum’bcllum.</strong></span> <span class='ocrx_word' id='word_1_599' title='bbox 1099 1997 1126 2024; x_wconf 95' lang='lat' dir='ltr'><strong>In</strong></span> <span class='ocrx_word' id='word_1_600' title='bbox 1143 1999 1192 2025; x_wconf 88' lang='lat' dir='ltr'><strong>lioc</strong></span> <span class='ocrx_word' id='word_1_601' title='bbox 1205 2002 1295 2025; x_wconf 82' lang='lat' dir='ltr'><strong>autem</strong></span> <span class='ocrx_word' id='word_1_602' title='bbox 1308 1996 1393 2032; x_wconf 77' lang='lat' dir='ltr'><strong>magis</strong></span> <span class='ocrx_word' id='word_1_603' title='bbox 1409 2002 1496 2024; x_wconf 88' lang='lat' dir='ltr'><strong>estote</strong></span> <span class='ocrx_word' id='word_1_604' title='bbox 1507 1997 1628 2029; x_wconf 81' lang='lat' dir='ltr'><strong>solliciti,</strong></span> <span class='ocrx_word' id='word_1_605' title='bbox 1642 2002 1672 2024; x_wconf 90' lang='lat' dir='ltr'><strong>ut</strong></span> <span class='ocrx_word' id='word_1_606' title='bbox 1682 1996 1791 2024; x_wconf 90' lang='lat' dir='ltr'><strong>Domini</strong></span> <span class='ocrx_word' id='word_1_607' title='bbox 1810 2005 1881 2032; x_wconf 66' lang='lat' dir='ltr'><strong>prae-</strong></span> 
     </span>
    </p>
   </div>
   <div class='ocr_carea' id='block_1_76' title="bbox 257 2032 1882 2068">
    <p class='ocr_par' dir='ltr' id='par_1_76' title="bbox 257 2032 1882 2068">
     <span class='ocr_line' id='line_1_76' title="bbox 257 2032 1882 2068; baseline 0 -9"><span class='ocrx_word' id='word_1_608' title='bbox 257 2039 334 2068; x_wconf 84' lang='lat' dir='ltr'><strong>repta</strong></span> <span class='ocrx_word' id='word_1_609' title='bbox 351 2035 474 2066; x_wconf 81' lang='lat' dir='ltr'><strong>servetis,</strong></span> <span class='ocrx_word' id='word_1_610' title='bbox 491 2040 518 2061; x_wconf 93' lang='lat' dir='ltr'><strong>ut</strong></span> <span class='ocrx_word' id='word_1_611' title='bbox 533 2032 594 2068; x_wconf 78' lang='lat' dir='ltr'><strong>post</strong></span> <span class='ocrx_word' id='word_1_612' title='bbox 604 2039 720 2060; x_wconf 92' lang='lat' dir='ltr'><strong>mortem</strong></span> <span class='ocrx_word' id='word_1_613' title='bbox 734 2039 851 2061; x_wconf 88' lang='lat' dir='ltr'><strong>vestram</strong></span> <span class='ocrx_word' id='word_1_614' title='bbox 865 2033 950 2060; x_wconf 85' lang='lat' dir='ltr'><strong>sancti</strong></span> <span class='ocrx_word' id='word_1_615' title='bbox 963 2034 1074 2067; x_wconf 83' lang='lat' dir='ltr'><strong>quique,</strong></span> <span class='ocrx_word' id='word_1_616' title='bbox 1090 2034 1169 2067; x_wconf 86' lang='lat' dir='ltr'><strong>quasi</strong></span> <span class='ocrx_word' id='word_1_617' title='bbox 1184 2034 1288 2060; x_wconf 75' lang='lat' dir='ltr'><strong>amicos</strong></span> <span class='ocrx_word' id='word_1_618' title='bbox 1303 2038 1329 2059; x_wconf 87' lang='lat' dir='ltr'><strong>et</strong></span> <span class='ocrx_word' id='word_1_619' title='bbox 1344 2037 1432 2065; x_wconf 88' lang='lat' dir='ltr'><strong>notos,</strong></span> <span class='ocrx_word' id='word_1_620' title='bbox 1452 2033 1485 2068; x_wconf 84' lang='lat' dir='ltr'><strong>in</strong></span> <span class='ocrx_word' id='word_1_621' title='bbox 1498 2037 1600 2059; x_wconf 60' lang='lat' dir='ltr'><strong>aiterna</strong></span> <span class='ocrx_word' id='word_1_622' title='bbox 1621 2040 1670 2060; x_wconf 92' lang='lat' dir='ltr'><strong>vos</strong></span> <span class='ocrx_word' id='word_1_623' title='bbox 1693 2032 1827 2067; x_wconf 85' lang='lat' dir='ltr'><strong>recipiant</strong></span> <span class='ocrx_word' id='word_1_624' title='bbox 1841 2037 1882 2059; x_wconf 85' lang='lat' dir='ltr'><strong>ta-</strong></span> 
     </span>
    </p>
   </div>
   <div class='ocr_carea' id='block_1_77' title="bbox 258 2067 1881 2103">
    <p class='ocr_par' dir='ltr' id='par_1_77' title="bbox 258 2067 1881 2103">
     <span class='ocr_line' id='line_1_77' title="bbox 258 2067 1881 2103; baseline 0 -9"><span class='ocrx_word' id='word_1_625' title='bbox 258 2069 412 2095; x_wconf 79' lang='lat' dir='ltr'><strong>bernacula.</strong></span> <span class='ocrx_word' id='word_1_626' title='bbox 432 2068 494 2095; x_wconf 64' lang='lat' dir='ltr'><strong>Haec</strong></span> <span class='ocrx_word' id='word_1_627' title='bbox 506 2067 632 2103; x_wconf 77' lang='lat' dir='ltr'><strong>cogitate,</strong></span> <span class='ocrx_word' id='word_1_628' title='bbox 645 2069 701 2096; x_wconf 68' lang='lat' dir='ltr'><strong>haec</strong></span> <span class='ocrx_word' id='word_1_629' title='bbox 717 2068 813 2102; x_wconf 89' lang='lat' dir='ltr'><strong>sapite,</strong></span> <span class='ocrx_word' id='word_1_630' title='bbox 835 2068 892 2095; x_wconf 73' lang='lat' dir='ltr'><strong>haec</strong></span> <span class='ocrx_word' id='word_1_631' title='bbox 908 2069 1039 2103; x_wconf 66' lang='lat' dir='ltr'><strong>retexite:</strong></span> <span class='ocrx_word' id='word_1_632' title='bbox 1057 2073 1083 2094; x_wconf 91' lang='lat' dir='ltr'><strong>et</strong></span> <span class='ocrx_word' id='word_1_633' title='bbox 1100 2069 1122 2094; x_wconf 90' lang='lat' dir='ltr'><strong>si</strong></span> <span class='ocrx_word' id='word_1_634' title='bbox 1139 2076 1191 2102; x_wconf 82' lang='lat' dir='ltr'><strong>qua</strong></span> <span class='ocrx_word' id='word_1_635' title='bbox 1207 2068 1259 2094; x_wconf 84' lang='lat' dir='ltr'><strong>mei</strong></span> <span class='ocrx_word' id='word_1_636' title='bbox 1278 2068 1355 2103; x_wconf 84' lang='lat' dir='ltr'><strong>vobis</strong></span> <span class='ocrx_word' id='word_1_637' title='bbox 1367 2075 1443 2098; x_wconf 85' lang='lat' dir='ltr'><strong>cura,</strong></span> <span class='ocrx_word' id='word_1_638' title='bbox 1464 2067 1486 2094; x_wconf 90' lang='lat' dir='ltr'><strong>si</strong></span> <span class='ocrx_word' id='word_1_639' title='bbox 1507 2075 1562 2101; x_wconf 89' lang='lat' dir='ltr'><strong>qua</strong></span> <span class='ocrx_word' id='word_1_640' title='bbox 1581 2070 1665 2101; x_wconf 91' lang='lat' dir='ltr'><strong>patris</strong></span> <span class='ocrx_word' id='word_1_641' title='bbox 1678 2068 1812 2094; x_wconf 80' lang='lat' dir='ltr'><strong>memoria</strong></span> <span class='ocrx_word' id='word_1_642' title='bbox 1827 2074 1881 2098; x_wconf 80' lang='lat' dir='ltr'><strong>est,</strong></span> 
     </span>
    </p>
   </div>
   <div class='ocr_carea' id='block_1_78' title="bbox 256 2102 1882 2138">
    <p class='ocr_par' dir='ltr' id='par_1_78' title="bbox 256 2102 1882 2138">
     <span class='ocr_line' id='line_1_78' title="bbox 256 2102 1882 2138; baseline 0 -9"><span class='ocrx_word' id='word_1_643' title='bbox 256 2104 278 2130; x_wconf 83' lang='lat' dir='ltr'><strong>si</strong></span> <span class='ocrx_word' id='word_1_644' title='bbox 294 2105 358 2130; x_wconf 88' lang='lat' dir='ltr'><strong>mihi</strong></span> <span class='ocrx_word' id='word_1_645' title='bbox 371 2104 502 2130; x_wconf 89' lang='lat' dir='ltr'><strong>vicarium</strong></span> <span class='ocrx_word' id='word_1_646' title='bbox 516 2104 679 2138; x_wconf 70' lang='lat' dir='ltr'><strong>repraestatis</strong></span> <span class='ocrx_word' id='word_1_647' title='bbox 694 2104 830 2135; x_wconf 66' lang='lat' dir='ltr'><strong>allectum,</strong></span> <span class='ocrx_word' id='word_1_648' title='bbox 846 2103 936 2130; x_wconf 89' lang='lat' dir='ltr'><strong>nullus</strong></span> <span class='ocrx_word' id='word_1_649' title='bbox 952 2104 984 2130; x_wconf 89' lang='lat' dir='ltr'><strong>ad</strong></span> <span class='ocrx_word' id='word_1_650' title='bbox 996 2102 1143 2138; x_wconf 66' lang='lat' dir='ltr'><strong>[Egypllllll</strong></span> <span class='ocrx_word' id='word_1_651' title='bbox 1159 2111 1232 2130; x_wconf 80' lang='lat' dir='ltr'><strong>meas</strong></span> <span class='ocrx_word' id='word_1_652' title='bbox 1245 2102 1361 2137; x_wconf 81' lang='lat' dir='ltr'><strong>perferat</strong></span> <span class='ocrx_word' id='word_1_653' title='bbox 1375 2103 1515 2137; x_wconf 88' lang='lat' dir='ltr'><strong>reliquias,</strong></span> <span class='ocrx_word' id='word_1_654' title='bbox 1532 2110 1565 2129; x_wconf 91' lang='lat' dir='ltr'><strong>ne</strong></span> <span class='ocrx_word' id='word_1_655' title='bbox 1577 2110 1648 2129; x_wconf 84' lang='lat' dir='ltr'><strong>vano</strong></span> <span class='ocrx_word' id='word_1_656' title='bbox 1658 2111 1758 2136; x_wconf 80' lang='lat' dir='ltr'><strong>corpus</strong></span> <span class='ocrx_word' id='word_1_657' title='bbox 1774 2103 1882 2130; x_wconf 79' lang='lat' dir='ltr'><strong>honore</strong></span> 
     </span>
    </p>
   </div>
   <div class='ocr_carea' id='block_1_79' title="bbox 256 2137 1882 2173">
    <p class='ocr_par' dir='ltr' id='par_1_79' title="bbox 256 2137 1882 2173">
     <span class='ocr_line' id='line_1_79' title="bbox 256 2137 1882 2173; baseline 0 -9"><span class='ocrx_word' id='word_1_658' title='bbox 256 2143 389 2170; x_wconf 85' lang='lat' dir='ltr'><strong>servetur,</strong></span> <span class='ocrx_word' id='word_1_659' title='bbox 405 2146 439 2165; x_wconf 91' lang='lat' dir='ltr'><strong>ne</strong></span> <span class='ocrx_word' id='word_1_660' title='bbox 452 2137 606 2173; x_wconf 78' lang='lat' dir='ltr'><strong>vituperati,</strong></span> <span class='ocrx_word' id='word_1_661' title='bbox 623 2143 651 2165; x_wconf 90' lang='lat' dir='ltr'><strong>ut</strong></span> <span class='ocrx_word' id='word_1_662' title='bbox 669 2139 764 2171; x_wconf 84' lang='lat' dir='ltr'><strong>nostis,</strong></span> <span class='ocrx_word' id='word_1_663' title='bbox 778 2145 793 2164; x_wconf 90' lang='lat' dir='ltr'><strong>a</strong></span> <span class='ocrx_word' id='word_1_664' title='bbox 808 2145 850 2165; x_wconf 88' lang='lat' dir='ltr'><strong>me</strong></span> <span class='ocrx_word' id='word_1_665' title='bbox 865 2138 942 2169; x_wconf 89' lang='lat' dir='ltr'><strong>ritus,</strong></span> <span class='ocrx_word' id='word_1_666' title='bbox 957 2140 1038 2165; x_wconf 85' lang='lat' dir='ltr'><strong>etiam</strong></span> <span class='ocrx_word' id='word_1_667' title='bbox 1060 2139 1188 2173; x_wconf 77' lang='lat' dir='ltr'><strong>circame</strong></span> <span class='ocrx_word' id='word_1_668' title='bbox 1199 2142 1341 2173; x_wconf 84' lang='lat' dir='ltr'><strong>serventur</strong></span> <span class='ocrx_word' id='word_1_669' title='bbox 1357 2138 1489 2172; x_wconf 85' lang='lat' dir='ltr'><strong>obsequia</strong></span> <span class='ocrx_word' id='word_1_670' title='bbox 1507 2147 1513 2163; x_wconf 88' lang='lat'><strong>:</strong></span> <span class='ocrx_word' id='word_1_671' title='bbox 1534 2137 1616 2171; x_wconf 83' lang='lat' dir='ltr'><strong>hujus</strong></span> <span class='ocrx_word' id='word_1_672' title='bbox 1637 2138 1710 2164; x_wconf 87' lang='lat' dir='ltr'><strong>enim</strong></span> <span class='ocrx_word' id='word_1_673' title='bbox 1727 2138 1764 2164; x_wconf 89' lang='lat' dir='ltr'><strong>rei</strong></span> <span class='ocrx_word' id='word_1_674' title='bbox 1791 2139 1882 2172; x_wconf 79' lang='lat' dir='ltr'><strong>gratia</strong></span> 
     </span>
    </p>
   </div>
   <div class='ocr_carea' id='block_1_80' title="bbox 256 2172 1882 2208">
    <p class='ocr_par' dir='ltr' id='par_1_80' title="bbox 256 2172 1882 2208">
     <span class='ocr_line' id='line_1_80' title="bbox 256 2172 1882 2208; baseline 0.001 -9"><span class='ocrx_word' id='word_1_675' title='bbox 256 2174 374 2199; x_wconf 78' lang='lat' dir='ltr'><strong>maxime</strong></span> <span class='ocrx_word' id='word_1_676' title='bbox 388 2173 440 2200; x_wconf 90' lang='lat' dir='ltr'><strong>huc</strong></span> <span class='ocrx_word' id='word_1_677' title='bbox 452 2172 517 2199; x_wconf 86' lang='lat' dir='ltr'><strong>sum</strong></span> <span class='ocrx_word' id='word_1_678' title='bbox 531 2180 682 2208; x_wconf 76' lang='lat' dir='ltr'><strong>regressus.</strong></span> <span class='ocrx_word' id='word_1_679' title='bbox 697 2173 752 2200; x_wconf 85' lang='lat' dir='ltr'><strong>Vos</strong></span> <span class='ocrx_word' id='word_1_680' title='bbox 765 2173 847 2208; x_wconf 74' lang='lat' dir='ltr'><strong>igitur</strong></span> <span class='ocrx_word' id='word_1_681' title='bbox 862 2173 945 2199; x_wconf 89' lang='lat' dir='ltr'><strong>humo</strong></span> <span class='ocrx_word' id='word_1_682' title='bbox 962 2174 1053 2208; x_wconf 82' lang='lat' dir='ltr'><strong>tegitc,</strong></span> <span class='ocrx_word' id='word_1_683' title='bbox 1068 2181 1115 2200; x_wconf 82' lang='lat' dir='ltr'><strong>vos</strong></span> <span class='ocrx_word' id='word_1_684' title='bbox 1137 2172 1225 2200; x_wconf 77' lang='lat' dir='ltr'><strong>Patris</strong></span> <span class='ocrx_word' id='word_1_685' title='bbox 1239 2172 1342 2206; x_wconf 87' lang='lat' dir='ltr'><strong>operite</strong></span> <span class='ocrx_word' id='word_1_686' title='bbox 1355 2173 1559 2206; x_wconf 88' lang='lat' dir='ltr'><strong>corpusculum,</strong></span> <span class='ocrx_word' id='word_1_687' title='bbox 1575 2177 1601 2199; x_wconf 91' lang='lat' dir='ltr'><strong>et</strong></span> <span class='ocrx_word' id='word_1_688' title='bbox 1618 2173 1682 2199; x_wconf 81' lang='lat' dir='ltr'><strong>illud</strong></span> <span class='ocrx_word' id='word_1_689' title='bbox 1706 2181 1816 2208; x_wconf 87' lang='lat' dir='ltr'><strong>quoque</strong></span> <span class='ocrx_word' id='word_1_690' title='bbox 1835 2181 1882 2200; x_wconf 88' lang='lat' dir='ltr'><strong>se-</strong></span> 
     </span>
    </p>
   </div>
   <div class='ocr_carea' id='block_1_81' title="bbox 257 2207 1882 2242">
    <p class='ocr_par' dir='ltr' id='par_1_81' title="bbox 257 2207 1882 2242">
     <span class='ocr_line' id='line_1_81' title="bbox 257 2207 1882 2242; baseline -0.001 -8"><span class='ocrx_word' id='word_1_691' title='bbox 257 2211 299 2234; x_wconf 81' lang='lat' dir='ltr'><strong>nis</strong></span> <span class='ocrx_word' id='word_1_692' title='bbox 310 2208 390 2234; x_wconf 82' lang='lat' dir='ltr'><strong>vestri</strong></span> <span class='ocrx_word' id='word_1_693' title='bbox 407 2209 541 2235; x_wconf 88' lang='lat' dir='ltr'><strong>custodite</strong></span> <span class='ocrx_word' id='word_1_694' title='bbox 557 2208 713 2235; x_wconf 89' lang='lat' dir='ltr'><strong>mandatum</strong></span> <span class='ocrx_word' id='word_1_695' title='bbox 728 2217 734 2235; x_wconf 86' lang='lat'><strong>:</strong></span> <span class='ocrx_word' id='word_1_696' title='bbox 749 2207 785 2235; x_wconf 18' lang='lat' dir='ltr'><strong>uti</strong></span> <span class='ocrx_word' id='word_1_697' title='bbox 795 2215 874 2234; x_wconf 92' lang='lat' dir='ltr'><strong>nemo</strong></span> <span class='ocrx_word' id='word_1_698' title='bbox 895 2207 1126 2242; x_wconf 30' lang='lat' dir='ltr'><strong>praetcr’veslrain</strong></span> <span class='ocrx_word' id='word_1_699' title='bbox 1143 2208 1316 2234; x_wconf 85' lang='lat' dir='ltr'><strong>dilectionem</strong></span> <span class='ocrx_word' id='word_1_700' title='bbox 1335 2207 1423 2235; x_wconf 86' lang='lat' dir='ltr'><strong>locum</strong></span> <span class='ocrx_word' id='word_1_701' title='bbox 1446 2208 1543 2234; x_wconf 88' lang='lat' dir='ltr'><strong>tumuli</strong></span> <span class='ocrx_word' id='word_1_702' title='bbox 1561 2208 1612 2234; x_wconf 88' lang='lat' dir='ltr'><strong>mei</strong></span> <span class='ocrx_word' id='word_1_703' title='bbox 1630 2209 1744 2235; x_wconf 83' lang='lat' dir='ltr'><strong>noverit.</strong></span> <span class='ocrx_word' id='word_1_704' title='bbox 1761 2207 1882 2234; x_wconf 83' lang='lat' dir='ltr'><strong>Conﬁdo</strong></span> 
     </span>
    </p>
   </div>
   <div class='ocr_carea' id='block_1_82' title="bbox 255 2242 1882 2277">
    <p class='ocr_par' dir='ltr' id='par_1_82' title="bbox 255 2242 1882 2277">
     <span class='ocr_line' id='line_1_82' title="bbox 255 2242 1882 2277; baseline -0.001 -7"><span class='ocrx_word' id='word_1_705' title='bbox 255 2243 282 2270; x_wconf 89' lang='lat' dir='ltr'><strong>in</strong></span> <span class='ocrx_word' id='word_1_706' title='bbox 299 2243 424 2276; x_wconf 90' lang='lat' dir='ltr'><strong>Domino,</strong></span> <span class='ocrx_word' id='word_1_707' title='bbox 441 2245 505 2277; x_wconf 92' lang='lat' dir='ltr'><strong>quia</strong></span> <span class='ocrx_word' id='word_1_708' title='bbox 526 2244 681 2270; x_wconf 89' lang='lat' dir='ltr'><strong>necessario</strong></span> <span class='ocrx_word' id='word_1_709' title='bbox 693 2243 901 2270; x_wconf 81' lang='lat' dir='ltr'><strong>resurrectionis</strong></span> <span class='ocrx_word' id='word_1_710' title='bbox 919 2247 1039 2277; x_wconf 83' lang='lat' dir='ltr'><strong>tempore</strong></span> <span class='ocrx_word' id='word_1_711' title='bbox 1063 2243 1115 2269; x_wconf 91' lang='lat' dir='ltr'><strong>hoc</strong></span> <span class='ocrx_word' id='word_1_712' title='bbox 1142 2242 1334 2277; x_wconf 86' lang='lat' dir='ltr'><strong>corpusculum</strong></span> <span class='ocrx_word' id='word_1_713' title='bbox 1357 2248 1478 2276; x_wconf 72' lang='lat' dir='ltr'><strong>resurget</strong></span> <span class='ocrx_word' id='word_1_714' title='bbox 1494 2242 1549 2277; x_wconf 79' lang='lat'><strong>(18)</strong></span> <span class='ocrx_word' id='word_1_715' title='bbox 1570 2243 1768 2276; x_wconf 81' lang='lat' dir='ltr'><strong>incorruptum.</strong></span> <span class='ocrx_word' id='word_1_716' title='bbox 1790 2242 1882 2270; x_wconf 55' lang='lat' dir='ltr'><strong>Vir-sti-</strong></span> 
     </span>
    </p>
   </div>
   <div class='ocr_carea' id='block_1_83' title="bbox 256 2277 1883 2312">
    <p class='ocr_par' dir='ltr' id='par_1_83' title="bbox 256 2277 1883 2312">
     <span class='ocr_line' id='line_1_83' title="bbox 256 2277 1883 2312; baseline 0 -8"><span class='ocrx_word' id='word_1_717' title='bbox 256 2283 410 2304; x_wconf 90' lang='lat' dir='ltr'><strong>meutorum</strong></span> <span class='ocrx_word' id='word_1_718' title='bbox 423 2283 512 2305; x_wconf 84' lang='lat' dir='ltr'><strong>autem</strong></span> <span class='ocrx_word' id='word_1_719' title='bbox 528 2285 650 2304; x_wconf 83' lang='lat' dir='ltr'><strong>meorum</strong></span> <span class='ocrx_word' id='word_1_720' title='bbox 666 2279 702 2305; x_wconf 90' lang='lat' dir='ltr'><strong>sit</strong></span> <span class='ocrx_word' id='word_1_721' title='bbox 715 2278 766 2305; x_wconf 89' lang='lat' dir='ltr'><strong>ista</strong></span> <span class='ocrx_word' id='word_1_722' title='bbox 780 2278 894 2304; x_wconf 88' lang='lat' dir='ltr'><strong>divisio:</strong></span> <span class='ocrx_word' id='word_1_723' title='bbox 912 2278 1036 2304; x_wconf 89' lang='lat' dir='ltr'><strong>melotem</strong></span> <span class='ocrx_word' id='word_1_724' title='bbox 1054 2281 1080 2304; x_wconf 88' lang='lat' dir='ltr'><strong>et</strong></span> <span class='ocrx_word' id='word_1_725' title='bbox 1097 2278 1206 2311; x_wconf 89' lang='lat' dir='ltr'><strong>pallium</strong></span> <span class='ocrx_word' id='word_1_726' title='bbox 1221 2278 1324 2308; x_wconf 81' lang='lat' dir='ltr'><strong>tritum.</strong></span> <span class='ocrx_word' id='word_1_727' title='bbox 1339 2277 1383 2304; x_wconf 90' lang='lat' dir='ltr'><strong>cui</strong></span> <span class='ocrx_word' id='word_1_728' title='bbox 1399 2278 1567 2312; x_wconf 74' lang='lat' dir='ltr'><strong>superjacro,</strong></span> <span class='ocrx_word' id='word_1_729' title='bbox 1584 2277 1733 2304; x_wconf 81' lang='lat' dir='ltr'><strong>Athanasio</strong></span> <span class='ocrx_word' id='word_1_730' title='bbox 1748 2279 1883 2312; x_wconf 78' lang='lat' dir='ltr'><strong>episcopo</strong></span> 
     </span>
    </p>
   </div>
   <div class='ocr_carea' id='block_1_84' title="bbox 253 2312 1883 2347">
    <p class='ocr_par' dir='ltr' id='par_1_84' title="bbox 253 2312 1883 2347">
     <span class='ocr_line' id='line_1_84' title="bbox 253 2312 1883 2347; baseline -0.001 -7"><span class='ocrx_word' id='word_1_731' title='bbox 253 2315 327 2343; x_wconf 83' lang='lat' dir='ltr'><strong>date.</strong></span> <span class='ocrx_word' id='word_1_732' title='bbox 340 2314 411 2347; x_wconf 91' lang='lat' dir='ltr'><strong>quod</strong></span> <span class='ocrx_word' id='word_1_733' title='bbox 429 2313 494 2340; x_wconf 89' lang='lat' dir='ltr'><strong>mihi</strong></span> <span class='ocrx_word' id='word_1_734' title='bbox 511 2320 611 2340; x_wconf 90' lang='lat' dir='ltr'><strong>novum</strong></span> <span class='ocrx_word' id='word_1_735' title='bbox 628 2314 684 2347; x_wconf 88' lang='lat' dir='ltr'><strong>ipse</strong></span> <span class='ocrx_word' id='word_1_736' title='bbox 702 2313 858 2340; x_wconf 88' lang='lat' dir='ltr'><strong>detulerat:</strong></span> <span class='ocrx_word' id='word_1_737' title='bbox 873 2312 1005 2347; x_wconf 89' lang='lat' dir='ltr'><strong>Serapion</strong></span> <span class='ocrx_word' id='word_1_738' title='bbox 1026 2313 1171 2346; x_wconf 84' lang='lat' dir='ltr'><strong>episcopus</strong></span> <span class='ocrx_word' id='word_1_739' title='bbox 1192 2312 1273 2338; x_wconf 82' lang='lat' dir='ltr'><strong>alium</strong></span> <span class='ocrx_word' id='word_1_740' title='bbox 1291 2314 1406 2346; x_wconf 88' lang='lat' dir='ltr'><strong>accipiat</strong></span> <span class='ocrx_word' id='word_1_741' title='bbox 1432 2313 1556 2339; x_wconf 80' lang='lat' dir='ltr'><strong>melotem</strong></span> <span class='ocrx_word' id='word_1_742' title='bbox 1574 2322 1579 2338; x_wconf 93' lang='lat'><strong>:</strong></span> <span class='ocrx_word' id='word_1_743' title='bbox 1597 2320 1646 2339; x_wconf 88' lang='lat' dir='ltr'><strong>vos</strong></span> <span class='ocrx_word' id='word_1_744' title='bbox 1668 2313 1805 2339; x_wconf 89' lang='lat' dir='ltr'><strong>ciliciuum</strong></span> <span class='ocrx_word' id='word_1_745' title='bbox 1831 2313 1883 2339; x_wconf 81' lang='lat' dir='ltr'><strong>lm-</strong></span> 
     </span>
    </p>
   </div>
   <div class='ocr_carea' id='block_1_85' title="bbox 255 2348 1883 2383">
    <p class='ocr_par' dir='ltr' id='par_1_85' title="bbox 255 2348 1883 2383">
     <span class='ocr_line' id='line_1_85' title="bbox 255 2348 1883 2383; baseline 0.001 -9"><span class='ocrx_word' id='word_1_746' title='bbox 255 2349 343 2375; x_wconf 80' lang='lat' dir='ltr'><strong>betote</strong></span> <span class='ocrx_word' id='word_1_747' title='bbox 358 2349 560 2381; x_wconf 84' lang='lat' dir='ltr'><strong>vestimentum,</strong></span> <span class='ocrx_word' id='word_1_748' title='bbox 573 2351 600 2375; x_wconf 89' lang='lat' dir='ltr'><strong>et</strong></span> <span class='ocrx_word' id='word_1_749' title='bbox 612 2349 708 2382; x_wconf 83' lang='lat' dir='ltr'><strong>valete,</strong></span> <span class='ocrx_word' id='word_1_750' title='bbox 724 2348 828 2376; x_wconf 83' lang='lat' dir='ltr'><strong>viscera</strong></span> <span class='ocrx_word' id='word_1_751' title='bbox 844 2355 902 2375; x_wconf 90' lang='lat' dir='ltr'><strong>mea</strong></span> <span class='ocrx_word' id='word_1_752' title='bbox 918 2356 925 2374; x_wconf 89' lang='lat'><strong>:</strong></span> <span class='ocrx_word' id='word_1_753' title='bbox 942 2348 1077 2375; x_wconf 74' lang='lat' dir='ltr'><strong>Antonius</strong></span> <span class='ocrx_word' id='word_1_754' title='bbox 1087 2350 1161 2374; x_wconf 87' lang='lat' dir='ltr'><strong>enim</strong></span> <span class='ocrx_word' id='word_1_755' title='bbox 1177 2348 1288 2383; x_wconf 73' lang='lat' dir='ltr'><strong>migrat,</strong></span> <span class='ocrx_word' id='word_1_756' title='bbox 1307 2352 1334 2375; x_wconf 88' lang='lat' dir='ltr'><strong>et</strong></span> <span class='ocrx_word' id='word_1_757' title='bbox 1354 2350 1411 2382; x_wconf 78' lang='lat' dir='ltr'><strong>jam</strong></span> <span class='ocrx_word' id='word_1_758' title='bbox 1433 2356 1488 2374; x_wconf 89' lang='lat' dir='ltr'><strong>non</strong></span> <span class='ocrx_word' id='word_1_759' title='bbox 1504 2348 1556 2374; x_wconf 83' lang='lat' dir='ltr'><strong>crit</strong></span> <span class='ocrx_word' id='word_1_760' title='bbox 1571 2348 1597 2374; x_wconf 91' lang='lat' dir='ltr'><strong>in</strong></span> <span class='ocrx_word' id='word_1_761' title='bbox 1624 2348 1748 2381; x_wconf 70' lang='lat' dir='ltr'><strong>praesenti</strong></span> <span class='ocrx_word' id='word_1_762' title='bbox 1775 2349 1883 2376; x_wconf 67' lang='lat' dir='ltr'><strong>saeculo</strong></span> 
     </span>
    </p>
   </div>
   <div class='ocr_carea' id='block_1_86' title="bbox 252 2384 403 2410">
    <p class='ocr_par' dir='ltr' id='par_1_86' title="bbox 252 2384 403 2410">
     <span class='ocr_line' id='line_1_86' title="bbox 252 2384 403 2410; baseline 0 -1"><span class='ocrx_word' id='word_1_763' title='bbox 252 2384 403 2410; x_wconf 82' lang='lat' dir='ltr'><strong>vobiscum.</strong></span> 
     </span>
    </p>
   </div>
   <div class='ocr_carea' id='block_1_87' title="bbox 289 2417 1881 2452">
    <p class='ocr_par' dir='ltr' id='par_1_87' title="bbox 289 2417 1881 2452">
     <span class='ocr_line' id='line_1_87' title="bbox 289 2417 1881 2452; baseline -0.001 -7"><span class='ocrx_word' id='word_1_764' title='bbox 289 2417 334 2446; x_wconf 72' lang='lat'><strong>92.</strong></span> <span class='ocrx_word' id='word_1_765' title='bbox 352 2417 439 2444; x_wconf 74' lang='lat' dir='ltr'><strong>Verba</strong></span> <span class='ocrx_word' id='word_1_766' title='bbox 453 2417 570 2451; x_wconf 86' lang='lat' dir='ltr'><strong>ﬁnierat,</strong></span> <span class='ocrx_word' id='word_1_767' title='bbox 584 2422 610 2444; x_wconf 93' lang='lat' dir='ltr'><strong>et</strong></span> <span class='ocrx_word' id='word_1_768' title='bbox 622 2417 808 2446; x_wconf 87' lang='lat' dir='ltr'><strong>osculantibus</strong></span> <span class='ocrx_word' id='word_1_769' title='bbox 827 2425 856 2445; x_wconf 91' lang='lat' dir='ltr'><strong>se</strong></span> <span class='ocrx_word' id='word_1_770' title='bbox 882 2417 1036 2452; x_wconf 85' lang='lat' dir='ltr'><strong>discipulis.</strong></span> <span class='ocrx_word' id='word_1_771' title='bbox 1063 2417 1213 2445; x_wconf 85' lang='lat' dir='ltr'><strong>extendens</strong></span> <span class='ocrx_word' id='word_1_772' title='bbox 1229 2418 1368 2452; x_wconf 84' lang='lat' dir='ltr'><strong>paululum</strong></span> <span class='ocrx_word' id='word_1_773' title='bbox 1398 2417 1491 2452; x_wconf 88' lang='lat' dir='ltr'><strong>pedes,</strong></span> <span class='ocrx_word' id='word_1_774' title='bbox 1511 2422 1626 2444; x_wconf 88' lang='lat' dir='ltr'><strong>mortem</strong></span> <span class='ocrx_word' id='word_1_775' title='bbox 1650 2417 1727 2444; x_wconf 69' lang='lat' dir='ltr'><strong>laetus</strong></span> <span class='ocrx_word' id='word_1_776' title='bbox 1743 2418 1854 2451; x_wconf 70' lang='lat' dir='ltr'><strong>aspexit</strong></span> <span class='ocrx_word' id='word_1_777' title='bbox 1874 2428 1881 2444; x_wconf 89' lang='lat'><strong>:</strong></span> 
     </span>
    </p>
   </div>
   <div class='ocr_carea' id='block_1_88' title="bbox 255 2452 1882 2489">
    <p class='ocr_par' dir='ltr' id='par_1_88' title="bbox 255 2452 1882 2489">
     <span class='ocr_line' id='line_1_88' title="bbox 255 2452 1882 2489; baseline -0.001 -9"><span class='ocrx_word' id='word_1_778' title='bbox 255 2453 290 2480; x_wconf 85' lang='lat' dir='ltr'><strong>ita</strong></span> <span class='ocrx_word' id='word_1_779' title='bbox 312 2457 340 2480; x_wconf 87' lang='lat' dir='ltr'><strong>ut</strong></span> <span class='ocrx_word' id='word_1_780' title='bbox 355 2461 387 2480; x_wconf 81' lang='lat' dir='ltr'><strong>ex</strong></span> <span class='ocrx_word' id='word_1_781' title='bbox 401 2453 536 2480; x_wconf 80' lang='lat' dir='ltr'><strong>hilaritate</strong></span> <span class='ocrx_word' id='word_1_782' title='bbox 551 2453 641 2489; x_wconf 76' lang='lat' dir='ltr'><strong>vultus</strong></span> <span class='ocrx_word' id='word_1_783' title='bbox 651 2453 720 2488; x_wconf 82' lang='lat' dir='ltr'><strong>ejus,</strong></span> <span class='ocrx_word' id='word_1_784' title='bbox 735 2453 893 2489; x_wconf 70' lang='lat' dir='ltr'><strong>angelorum</strong></span> <span class='ocrx_word' id='word_1_785' title='bbox 911 2457 1080 2489; x_wconf 76' lang='lat' dir='ltr'><strong>sanctorum,</strong></span> <span class='ocrx_word' id='word_1_786' title='bbox 1097 2454 1143 2487; x_wconf 90' lang='lat' dir='ltr'><strong>qui</strong></span> <span class='ocrx_word' id='word_1_787' title='bbox 1168 2453 1202 2480; x_wconf 88' lang='lat' dir='ltr'><strong>ad</strong></span> <span class='ocrx_word' id='word_1_788' title='bbox 1227 2452 1412 2486; x_wconf 83' lang='lat' dir='ltr'><strong>perferendam</strong></span> <span class='ocrx_word' id='word_1_789' title='bbox 1424 2487 1428 2489; x_wconf 77' lang='lat'><strong><em>_</em></strong></span> <span class='ocrx_word' id='word_1_790' title='bbox 1440 2453 1558 2489; x_wconf 86' lang='lat' dir='ltr'><strong>animam</strong></span> <span class='ocrx_word' id='word_1_791' title='bbox 1582 2453 1641 2489; x_wconf 81' lang='lat' dir='ltr'><strong>ejus</strong></span> <span class='ocrx_word' id='word_1_792' title='bbox 1657 2453 1857 2489; x_wconf 63' lang='lat' dir='ltr'><strong>ilescciuleraut</strong></span> <span class='ocrx_word' id='word_1_793' title='bbox 1874 2474 1882 2483; x_wconf 85' lang='lat'>.</span> 
     </span>
    </p>
   </div>
   <div class='ocr_carea' id='block_1_89' title="bbox 254 2486 1882 2522">
    <p class='ocr_par' dir='ltr' id='par_1_89' title="bbox 254 2486 1882 2522">
     <span class='ocr_line' id='line_1_89' title="bbox 254 2486 1882 2522; baseline 0.001 -8"><span class='ocrx_word' id='word_1_794' title='bbox 254 2489 397 2522; x_wconf 66' lang='lat' dir='ltr'><strong>prasenlia</strong></span> <span class='ocrx_word' id='word_1_795' title='bbox 417 2495 585 2515; x_wconf 85' lang='lat' dir='ltr'><strong>nosceretur.</strong></span> <span class='ocrx_word' id='word_1_796' title='bbox 603 2487 657 2515; x_wconf 87' lang='lat' dir='ltr'><strong>Hos</strong></span> <span class='ocrx_word' id='word_1_797' title='bbox 667 2486 792 2521; x_wconf 66' lang='lat' dir='ltr'><strong>intuens,</strong></span> <span class='ocrx_word' id='word_1_798' title='bbox 812 2493 942 2522; x_wconf 88' lang='lat' dir='ltr'><strong>tanquam</strong></span> <span class='ocrx_word' id='word_1_799' title='bbox 958 2487 1062 2515; x_wconf 89' lang='lat' dir='ltr'><strong>amicos</strong></span> <span class='ocrx_word' id='word_1_800' title='bbox 1085 2486 1198 2519; x_wconf 79' lang='lat' dir='ltr'><strong>videret,</strong></span> <span class='ocrx_word' id='word_1_801' title='bbox 1220 2489 1338 2515; x_wconf 75' lang='lat' dir='ltr'><strong>animum</strong></span> <span class='ocrx_word' id='word_1_802' title='bbox 1351 2487 1498 2515; x_wconf 83' lang='lat' dir='ltr'><strong>exhalavit.</strong></span> <span class='ocrx_word' id='word_1_803' title='bbox 1514 2491 1542 2514; x_wconf 85' lang='lat' dir='ltr'><strong>et</strong></span> <span class='ocrx_word' id='word_1_804' title='bbox 1559 2488 1666 2514; x_wconf 79' lang='lat' dir='ltr'><strong>additus</strong></span> <span class='ocrx_word' id='word_1_805' title='bbox 1693 2492 1733 2514; x_wconf 84' lang='lat' dir='ltr'><strong>est</strong></span> <span class='ocrx_word' id='word_1_806' title='bbox 1748 2486 1882 2515; x_wconf 86' lang='lat' dir='ltr'><strong>Pati-ibus</strong></span> 
     </span>
    </p>
   </div>
   <div class='ocr_carea' id='block_1_90' title="bbox 249 2522 1882 2558">
    <p class='ocr_par' dir='ltr' id='par_1_90' title="bbox 249 2522 1882 2558">
     <span class='ocr_line' id='line_1_90' title="bbox 249 2522 1882 2558; baseline -0.001 -8"><span class='ocrx_word' id='word_1_807' title='bbox 249 2524 403 2550; x_wconf 78' lang='lat' dir='ltr'><strong>secundum</strong></span> <span class='ocrx_word' id='word_1_808' title='bbox 420 2523 542 2550; x_wconf 86' lang='lat' dir='ltr'><strong>ordinem</strong></span> <span class='ocrx_word' id='word_1_809' title='bbox 556 2523 769 2558; x_wconf 81' lang='lat' dir='ltr'><strong>Scripturarum.</strong></span> <span class='ocrx_word' id='word_1_810' title='bbox 798 2523 980 2550; x_wconf 84' lang='lat' dir='ltr'><strong>Servaverunt</strong></span> <span class='ocrx_word' id='word_1_811' title='bbox 1007 2523 1135 2550; x_wconf 83' lang='lat' dir='ltr'><strong>mandata</strong></span> <span class='ocrx_word' id='word_1_812' title='bbox 1159 2522 1305 2557; x_wconf 87' lang='lat' dir='ltr'><strong>discipuli.</strong></span> <span class='ocrx_word' id='word_1_813' title='bbox 1332 2523 1482 2550; x_wconf 90' lang='lat' dir='ltr'><strong>involutum</strong></span> <span class='ocrx_word' id='word_1_814' title='bbox 1498 2522 1548 2555; x_wconf 90' lang='lat' dir='ltr'><strong>(ut</strong></span> <span class='ocrx_word' id='word_1_815' title='bbox 1571 2524 1754 2558; x_wconf 52' lang='lat' dir='ltr'><strong>pi-gceperat)</strong></span> <span class='ocrx_word' id='word_1_816' title='bbox 1774 2530 1882 2558; x_wconf 75' lang='lat' dir='ltr'><strong>corpus</strong></span> 
     </span>
    </p>
   </div>
   <div class='ocr_carea' id='block_1_91' title="bbox 254 2557 1882 2592">
    <p class='ocr_par' dir='ltr' id='par_1_91' title="bbox 254 2557 1882 2592">
     <span class='ocr_line' id='line_1_91' title="bbox 254 2557 1882 2592; baseline 0.001 -8"><span class='ocrx_word' id='word_1_817' title='bbox 254 2559 338 2585; x_wconf 90' lang='lat' dir='ltr'><strong>humo</strong></span> <span class='ocrx_word' id='word_1_818' title='bbox 350 2559 524 2592; x_wconf 83' lang='lat' dir='ltr'><strong>operientes:</strong></span> <span class='ocrx_word' id='word_1_819' title='bbox 543 2563 570 2585; x_wconf 90' lang='lat' dir='ltr'><strong>et</strong></span> <span class='ocrx_word' id='word_1_820' title='bbox 585 2557 666 2585; x_wconf 83' lang='lat' dir='ltr'><strong>nemo</strong></span> <span class='ocrx_word' id='word_1_821' title='bbox 677 2559 785 2585; x_wconf 88' lang='lat' dir='ltr'><strong>interim</strong></span> <span class='ocrx_word' id='word_1_822' title='bbox 802 2565 888 2592; x_wconf 89' lang='lat' dir='ltr'><strong>usque</strong></span> <span class='ocrx_word' id='word_1_823' title='bbox 902 2558 934 2584; x_wconf 85' lang='lat' dir='ltr'><strong>ad</strong></span> <span class='ocrx_word' id='word_1_824' title='bbox 959 2558 1028 2584; x_wconf 89' lang='lat' dir='ltr'><strong>banc</strong></span> <span class='ocrx_word' id='word_1_825' title='bbox 1050 2558 1131 2590; x_wconf 85' lang='lat' dir='ltr'><strong>diem,</strong></span> <span class='ocrx_word' id='word_1_826' title='bbox 1149 2564 1244 2592; x_wconf 70' lang='lat' dir='ltr'><strong>praeter</strong></span> <span class='ocrx_word' id='word_1_827' title='bbox 1261 2566 1318 2588; x_wconf 82' lang='lat' dir='ltr'><strong>eos,</strong></span> <span class='ocrx_word' id='word_1_828' title='bbox 1335 2558 1380 2584; x_wconf 89' lang='lat' dir='ltr'><strong>ubi</strong></span> <span class='ocrx_word' id='word_1_829' title='bbox 1398 2559 1432 2585; x_wconf 87' lang='lat' dir='ltr'><strong>sit</strong></span> <span class='ocrx_word' id='word_1_830' title='bbox 1446 2557 1585 2584; x_wconf 85' lang='lat' dir='ltr'><strong>conditum</strong></span> <span class='ocrx_word' id='word_1_831' title='bbox 1604 2557 1669 2591; x_wconf 74' lang='lat'><strong>(19,.</strong></span> <span class='ocrx_word' id='word_1_832' title='bbox 1689 2558 1772 2584; x_wconf 84' lang='lat' dir='ltr'><strong>novit.</strong></span> <span class='ocrx_word' id='word_1_833' title='bbox 1791 2557 1882 2592; x_wconf 71' lang='lat' dir='ltr'><strong>Lega-</strong></span> 
     </span>
    </p>
   </div>
   <div class='ocr_carea' id='block_1_92' title="bbox 253 2592 1881 2628">
    <p class='ocr_par' dir='ltr' id='par_1_92' title="bbox 253 2592 1881 2628">
     <span class='ocr_line' id='line_1_92' title="bbox 253 2592 1881 2628; baseline 0 -8"><span class='ocrx_word' id='word_1_834' title='bbox 253 2594 340 2620; x_wconf 88' lang='lat' dir='ltr'><strong>tarius</strong></span> <span class='ocrx_word' id='word_1_835' title='bbox 358 2601 449 2620; x_wconf 84' lang='lat' dir='ltr'><strong>autent</strong></span> <span class='ocrx_word' id='word_1_836' title='bbox 465 2593 576 2620; x_wconf 83' lang='lat' dir='ltr'><strong>Antonii</strong></span> <span class='ocrx_word' id='word_1_837' title='bbox 591 2593 738 2627; x_wconf 86' lang='lat' dir='ltr'><strong>benedicti,</strong></span> <span class='ocrx_word' id='word_1_838' title='bbox 761 2593 809 2628; x_wconf 91' lang='lat' dir='ltr'><strong>qui</strong></span> <span class='ocrx_word' id='word_1_839' title='bbox 831 2593 924 2620; x_wconf 89' lang='lat' dir='ltr'><strong>tritum</strong></span> <span class='ocrx_word' id='word_1_840' title='bbox 937 2593 1050 2627; x_wconf 84' lang='lat' dir='ltr'><strong>pallium</strong></span> <span class='ocrx_word' id='word_1_841' title='bbox 1067 2601 1129 2620; x_wconf 91' lang='lat' dir='ltr'><strong>cum</strong></span> <span class='ocrx_word' id='word_1_842' title='bbox 1152 2594 1250 2620; x_wconf 86' lang='lat' dir='ltr'><strong>melote</strong></span> <span class='ocrx_word' id='word_1_843' title='bbox 1272 2593 1386 2627; x_wconf 91' lang='lat' dir='ltr'><strong>imperio</strong></span> <span class='ocrx_word' id='word_1_844' title='bbox 1407 2593 1466 2627; x_wconf 83' lang='lat' dir='ltr'><strong>cjus</strong></span> <span class='ocrx_word' id='word_1_845' title='bbox 1490 2597 1625 2619; x_wconf 82' lang='lat' dir='ltr'><strong>meruerat</strong></span> <span class='ocrx_word' id='word_1_846' title='bbox 1646 2599 1778 2626; x_wconf 54' lang='lat' dir='ltr'><strong>accpere.</strong></span> <span class='ocrx_word' id='word_1_847' title='bbox 1793 2592 1881 2620; x_wconf 82' lang='lat' dir='ltr'><strong>Anto-</strong></span> 
     </span>
    </p>
   </div>
   <div class='ocr_carea' id='block_1_93' title="bbox 1087 2698 1359 2730">
    <p class='ocr_par' dir='ltr' id='par_1_93' title="bbox 1087 2698 1359 2730">
     <span class='ocr_line' id='line_1_93' title="bbox 1087 2698 1359 2730; baseline 0 -5"><span class='ocrx_word' id='word_1_848' title='bbox 1087 2698 1177 2726; x_wconf 80' lang='grc' dir='ltr'>λαὸὼν</span> <span class='ocrx_word' id='word_1_849' title='bbox 1191 2698 1220 2725; x_wconf 84' lang='grc' dir='ltr'><strong>δὲ</strong></span> <span class='ocrx_word' id='word_1_850' title='bbox 1233 2698 1359 2730; x_wconf 63' lang='grc' dir='ltr'>ἕκαστος.</span> 
     </span>
    </p>
   </div>
   <div class='ocr_carea' id='block_1_94' title="bbox 1124 2733 1632 2769">
    <p class='ocr_par' dir='ltr' id='par_1_94' title="bbox 1124 2733 1632 2769">
     <span class='ocr_line' id='line_1_94' title="bbox 1124 2733 1632 2769; baseline -0.002 -8"><span class='ocrx_word' id='word_1_851' title='bbox 1124 2734 1179 2769; x_wconf 79' lang='grc'><strong>(18)</strong></span> <span class='ocrx_word' id='word_1_852' title='bbox 1195 2733 1296 2761; x_wconf 85' lang='lat' dir='ltr'><strong>Omnes</strong></span> <span class='ocrx_word' id='word_1_853' title='bbox 1313 2733 1501 2768; x_wconf 85' lang='lat' dir='ltr'><strong>manuscripti,</strong></span> <span class='ocrx_word' id='word_1_854' title='bbox 1522 2733 1632 2760; x_wconf 68' lang='lat' dir='ltr'><strong>resiliat.</strong></span> 
     </span>
    </p>
   </div>
   <div class='ocr_carea' id='block_1_95' title="bbox 1124 2769 1654 2805">
    <p class='ocr_par' dir='ltr' id='par_1_95' title="bbox 1124 2769 1654 2805">
     <span class='ocr_line' id='line_1_95' title="bbox 1124 2769 1654 2805; baseline 0 -9"><span class='ocrx_word' id='word_1_855' title='bbox 1124 2769 1179 2805; x_wconf 81' lang='lat' dir='ltr'><strong>(l9)</strong></span> <span class='ocrx_word' id='word_1_856' title='bbox 1195 2769 1372 2803; x_wconf 85' lang='lat' dir='ltr'><strong>Mauuscripti</strong></span> <span class='ocrx_word' id='word_1_857' title='bbox 1386 2769 1507 2804; x_wconf 85' lang='lat' dir='ltr'><strong>quidam,</strong></span> <span class='ocrx_word' id='word_1_858' title='bbox 1523 2769 1654 2796; x_wconf 71' lang='lat' dir='ltr'><strong>cundum.</strong></span> 
     </span>
    </p>
   </div>
   <div class='ocr_carea' id='block_1_96' title="bbox 289 2696 1034 2732">
    <p class='ocr_par' dir='ltr' id='par_1_96' title="bbox 289 2696 1034 2732">
     <span class='ocr_line' id='line_1_96' title="bbox 289 2696 1034 2732; baseline 0.005 -9"><span class='ocrx_word' id='word_1_859' title='bbox 289 2696 345 2731; x_wconf 82' lang='lat' dir='ltr'><strong>(t6)</strong></span> <span class='ocrx_word' id='word_1_860' title='bbox 359 2698 397 2724; x_wconf 81' lang='lat' dir='ltr'><strong>lla</strong></span> <span class='ocrx_word' id='word_1_861' title='bbox 411 2705 477 2724; x_wconf 85' lang='lat' dir='ltr'><strong>mss.</strong></span> <span class='ocrx_word' id='word_1_862' title='bbox 490 2705 559 2732; x_wconf 90' lang='lat' dir='ltr'><strong>pene</strong></span> <span class='ocrx_word' id='word_1_863' title='bbox 569 2705 674 2726; x_wconf 85' lang='lat' dir='ltr'><strong>omnes.</strong></span> <span class='ocrx_word' id='word_1_864' title='bbox 685 2697 718 2725; x_wconf 80' lang='lat' dir='ltr'><strong>‘ln</strong></span> <span class='ocrx_word' id='word_1_865' title='bbox 737 2698 817 2726; x_wconf 86' lang='lat' dir='ltr'><strong>editis</strong></span> <span class='ocrx_word' id='word_1_866' title='bbox 838 2698 868 2725; x_wconf 78' lang='grc' dir='ltr'><strong>δέ</strong></span> <span class='ocrx_word' id='word_1_867' title='bbox 887 2699 972 2727; x_wconf 86' lang='lat' dir='ltr'><strong>deest.</strong></span> <span class='ocrx_word' id='word_1_868' title='bbox 987 2699 1034 2726; x_wconf 84' lang='lat' dir='ltr'><strong>in-</strong></span> 
     </span>
    </p>
   </div>
   <div class='ocr_carea' id='block_1_97' title="bbox 248 2730 824 2769">
    <p class='ocr_par' dir='ltr' id='par_1_97' title="bbox 248 2730 824 2769">
     <span class='ocr_line' id='line_1_97' title="bbox 248 2730 824 2769; baseline 0.003 -10"><span class='ocrx_word' id='word_1_869' title='bbox 248 2730 293 2759; x_wconf 77' lang='lat' dir='ltr'><strong>Ira</strong></span> <span class='ocrx_word' id='word_1_870' title='bbox 305 2732 354 2769; x_wconf 44' lang='grc' dir='ltr'>ιιι,</span> <span class='ocrx_word' id='word_1_871' title='bbox 371 2730 506 2768; x_wconf 73' lang='grc' dir='ltr'>τρὺχινον,</span> <span class='ocrx_word' id='word_1_872' title='bbox 523 2734 568 2760; x_wconf 86' lang='lat' dir='ltr'><strong>alii</strong></span> <span class='ocrx_word' id='word_1_873' title='bbox 586 2733 697 2769; x_wconf 84' lang='grc' dir='ltr'>τρύχιον</span> <span class='ocrx_word' id='word_1_874' title='bbox 715 2733 824 2769; x_wconf 80' lang='lat' dir='ltr'><strong>habent.</strong></span> 
     </span>
    </p>
   </div>
   <div class='ocr_carea' id='block_1_98' title="bbox 289 2767 1032 2803">
    <p class='ocr_par' dir='ltr' id='par_1_98' title="bbox 289 2767 1032 2803">
     <span class='ocr_line' id='line_1_98' title="bbox 289 2767 1032 2803; baseline 0.005 -12"><span class='ocrx_word' id='word_1_875' title='bbox 289 2767 345 2800; x_wconf 75' lang='grc' dir='ltr'><strong>(Π)</strong></span> <span class='ocrx_word' id='word_1_876' title='bbox 365 2768 409 2794; x_wconf 70' lang='grc' dir='ltr'><strong>διε</strong></span> <span class='ocrx_word' id='word_1_877' title='bbox 429 2767 608 2803; x_wconf 80' lang='lat' dir='ltr'><strong>manuscripti</strong></span> <span class='ocrx_word' id='word_1_878' title='bbox 630 2767 735 2796; x_wconf 69' lang='lat' dir='ltr'><strong>Omnes.</strong></span> <span class='ocrx_word' id='word_1_879' title='bbox 759 2768 840 2802; x_wconf 83' lang='lat' dir='ltr'><strong>Editi,</strong></span> <span class='ocrx_word' id='word_1_880' title='bbox 858 2768 903 2796; x_wconf 84' lang='grc' dir='ltr'><strong>δύο</strong></span> <span class='ocrx_word' id='word_1_881' title='bbox 925 2769 1032 2803; x_wconf 78' lang='grc' dir='ltr'>ἱκετῶν,</span> 
     </span>
    </p>
   </div>
  </div>
