1954 3041
180 82 233 112 973

827 86 907 114 VITA
929 87 957 115 S.
979 87 1129 115 ANTONII.

1731 89 1785 117 974

179 137 259 174 μόνον
273 140 338 176 παρ’
355 141 437 168 αὑτοῦ
453 142 568 177 ἱμάτιον,
585 141 622 173 ὤς
648 151 673 168 τι
702 142 771 177 μέγα
797 144 890 178 χρῆμα
905 153 952 178 φυ-

1009 145 1035 172 iu
1049 144 1258 172 illisAntonium
1270 144 1441 180 conspiciunt
1456 154 1461 171 ε
1476 144 1510 172 iis
1522 152 1631 180 quoque
1644 145 1746 179 amicti,
1765 154 1794 173 se

178 184 279 212 λάττει.
294 187 349 213 Καὶ
368 187 422 222 γὰρ
439 188 486 214 καὶ
503 187 608 222 βλέπων
621 187 690 214 αὐτὰ
705 187 773 223 (‘20),
797 188 834 220 ὡς
862 189 961 215 ’Λντώ-

178 230 234 256 νιόν
252 232 309 258 ἐστι
328 232 453 268 θεωρῶν·
471 233 518 260 καὶ
534 233 761 269 περιὸαλλόμενος
776 233 804 260 δὲ
820 234 899 265 αὐτὰ,
923 234 960 266 ὡς

177 275 227 306 τὰς
240 276 379 309 νουθεσίας
394 277 476 304 αὑτοῦ
495 278 636 313 βαστάζων
651 279 709 305 ἐστὶ
725 280 793 314 μετὰ
810 281 905 315 χαρᾶς.

212 321 255 349 95.
278 322 363 349 Τοῦτο
374 325 423 358 τῆς
445 324 474 349 ὲν
492 324 598 358 σώματι
612 324 684 360 ζωῆς
703 325 842 352 Ἀντωνίου
858 325 888 352 τὺ
916 327 960 352 τέ-

177 367 231 400 λος,
249 368 361 404 κάκείνη
377 369 425 404 τῆς
437 370 580 404 ἀσκήσεως
595 371 677 406 ἀρχή.
698 371 753 397 Καὶ
773 372 797 397 εἰ
811 372 857 398 xa‘t
874 372 960 407 μικρὰ

177 413 262 440 ταῦτα
277 413 345 449 πρὸς
359 414 408 450 τὴν
422 415 521 451 ἀρετὴν
534 416 649 448 ἐκείνου,
663 416 720 443 ἀλλ’
735 417 788 443 ἀπὸ
800 417 900 444 τούτων
914 417 958 444 λο-

176 458 284 493 γίζεσθε
309 460 356 486 καὶ
379 460 467 495 ὑμεῖς,
491 462 581 493 ὁποῖος
595 460 628 497 ἧν
643 463 657 488 ὁ
674 462 721 488 τοῦ
735 462 802 489 Θεοῦ
818 462 958 499 ἄνθρωπος

183 504 331 537 1Δντώνιος,
350 507 364 532 ὁ
386 507 418 532 ὲκ
443 506 575 542 νεωτέρου
593 507 672 542 μέχρι
688 508 738 543 τῆς
755 508 886 544 τοσαύτης
898 508 956 544 ἡλι-

175 549 237 582 κίας
252 550 312 586 ῐσην
332 552 453 588 τηρήσας
472 552 521 588 τὴν
543 553 695 588 προθυμίαν
721 554 769 589 τῆς
794 554 936 589 ἀσκήσεως
948 563 955 570 ·

176 596 221 622 καὶ
236 597 306 631 μήτε
320 597 363 624 διὰ
380 598 410 624 τὸ
423 598 510 633 γῆρας
524 598 650 633 ἡττηθεὶς
675 599 831 635 πολυτελείᾳ
845 600 956 636 τροφῆς,

177 641 245 676 μήτε
261 641 294 668 δι’
320 642 428 668 ἀτονίαν
452 642 498 669 τοῦ
518 643 613 670 ἑαυτοῦ
644 643 767 679 σώματος
787 644 903 678 ἀλλάξας
925 645 956 672 τὸ

175 687 267 723 σχῆμα
286 688 330 714 τοῦ
347 688 534 724 ἐνδύματος,ἣ
555 689 700 725 νιψάμενος
717 690 767 717 κᾶν
787 691 851 722 τοὺς
875 691 957 722 πόδας

158 733 268 761 ,ὕδατι-
295 734 339 760 καὶ
359 734 433 769 ὅμως
450 736 478 761 ὲν
495 735 562 761 πᾶσι
585 735 718 771 διέμεινεν
741 736 872 772 ἀὸλαὸής.
901 738 956 764 Καὶ

173 779 226 814 γὰρ
253 780 300 805 καὶ
323 781 386 812 τοὺς
415 781 569 816 ὀφθαλμοὺς
594 783 696 814 ἀσινεῖς
722 782 769 810 καὶ
795 782 956 818 ὁλοκλήρους

1011 190 1121 218 Antonii
1133 190 1233 217 monita
1249 198 1310 218 cum
1324 190 1423 229 gaudio
1437 196 1543 226 gestare
1556 190 1691 218 videmur.

1046 320 1089 348 93.
1117 319 1165 348 Hic
1185 320 1247 347 vitae
1269 320 1380 347 Antonii
1405 320 1432 346 in
1458 327 1570 354 corpore
1594 320 1700 352 exitus,
1726 320 1792 348 illud

1010 375 1135 395 asceseos
1157 367 1231 394 illius
1251 367 1395 394 exordium
1418 366 1478 394 fuit.
1507 367 1569 394 llaec
1589 367 1641 395 etsi
1669 368 1792 395 breviora

1011 413 1076 445 sint,
1090 421 1172 448 quam
1198 413 1270 440 illius
1290 412 1382 440 virtuti
1399 420 1448 447 par
1467 412 1522 446 sit,
1548 412 1596 440 sed
1612 420 1645 439 ex
1660 413 1693 440 iis
1717 414 1792 441 testi-

1010 463 1081 486 mate
1101 459 1254 493 cujusmodi
1280 458 1360 486 fuerit
1375 458 1459 485 homo
1475 457 1521 485 Dei
1536 458 1683 492 Antonius,
1697 460 1742 494 qui
1758 460 1793 487 ab

1008 505 1190 532 adolescentia
1203 504 1237 532 ad
1260 508 1315 531 tam
1332 504 1460 539 grandem
1477 509 1594 538 :etatem,
1614 505 1712 540 atquali
1735 513 1792 534 ser-

1007 552 1070 575 vato
1089 548 1170 583 692
1190 548 1224 574 ad
1243 548 1389 575 asceticam
1403 548 1494 575 studio
1506 567 1514 580 ,
1534 556 1584 576 nec
1609 549 1644 576 ob
1670 556 1792 577 senectu-

1008 598 1062 620 tem
1091 593 1215 620 lautioris
1229 593 1282 620 cibi
1299 594 1434 621 desiderio
1448 594 1546 627 victus,
1558 602 1607 622 nec
1621 595 1656 622 ob
1668 596 1792 630 corporis

1007 639 1192 666 inﬁrmitatem
1222 644 1325 667 mutata
1351 640 1459 667 habitus
1479 639 1586 674 forma,
1612 648 1662 668 nec
1691 642 1791 669 ablutis

1007 691 1076 718 aqua
1093 684 1206 718 pedibus
1221 693 1227 711 :
1250 685 1429 712 nihilominus
1445 686 1556 712 omnino
1569 686 1712 714 incolumis
1727 695 1790 722 per-

1006 728 1124 756 duravit.
1137 729 1237 757 lllmsos
1249 730 1347 765 quippe
1358 731 1453 758 oculos
1464 736 1545 766 atque
1556 731 1675 766 integros
1686 732 1789 764 habuit.

1006 773 1043 800 ita
1055 778 1085 801 ut
1098 777 1171 801 recte
1187 774 1304 802 videret:
1317 775 1492 808 dentiumque
1502 775 1540 802 illi
1554 783 1587 802 ne
1601 783 1671 804 unus
1682 777 1789 811 quidem

172 822 240 860 εἶχε,
256 825 360 860 βλέπων
375 826 464 858 καλῶς
477 833 483 840 ·
501 828 547 854 καὶ
565 827 619 853 τῶν
647 827 759 854 ὀδόντων
775 827 835 854 οὐδὲ
855 825 894 860 εἷς
913 827 952 860 ἑξ-

1006 819 1115 853 excidit,
1136 820 1308 848 solummodo
1321 827 1404 855 prope
1419 820 1541 856 gingivas
1558 821 1645 848 attriti
1661 826 1740 849 erant
1755 823 1790 848 ob

173 871 269 897 ἐπεσεν
283 871 376 898 αὑτοῦ·
395 873 473 908 μόνον
488 873 516 899 δὲ
531 873 583 899 ὑπὸ
592 872 626 899 τὰ
637 871 702 900 οὖλα
713 873 885 909 τετριμμένοι
898 875 956 908 ὲγε-

173 916 306 949 γόνεισαν.
321 917 364 944 διὰ
377 918 426 954 τὴν
444 918 543 954 πολλὴν
557 919 665 954 ἡλικίαν
678 918 725 946 τοῦ
740 919 877 955 γέροντος.
901 920 956 946 Kal.

171 964 226 994 τοίς
241 964 303 990 ποσὶ
318 963 345 990 δὲ
360 964 407 991 καὶ
417 965 477 996 ταῖς
491 965 583 1000 χερσὶν
598 964 676 1000 ὑγιὴς
688 965 816 1000 διέμεινε,
830 966 876 992 καὶ
888 966 955 998 ὅλως

172 1007 280 1035 πάντων
296 1009 350 1036 τῶν
368 1010 477 1045 ποικίλῃ
493 1012 579 1046 τροφῇ
595 1011 642 1037 καὶ
660 1007 782 1047 λουτροῖς
800 1011 846 1038 καὶ
861 1012 955 1046 διαφό-

172 1061 228 1088 ροις
243 1054 373 1090 ἐνδύμασι
395 1057 542 1092 χρωμένων
565 1057 739 1092 φαιδρότερος
762 1057 861 1092 μᾶλλον
875 1057 955 1089 αὐτὸς

170 1099 305 1134 ἐφαίνετο,
321 1102 368 1126 καὶ
385 1101 454 1136 πρὸς
471 1101 546 1137 ἰσχὺν
559 1101 771 1137 προθυμότερος.
783 1102 839 1128 Καὶ
851 1102 881 1128 τὸ
891 1111 955 1129 παν-

169 1143 252 1178 ταχοῦ
267 1144 296 1170 δὲ
315 1144 408 1172 τοῦτον
424 1145 625 1180 διαϐεϐοῆσθαι,
643 1147 689 1174 καὶ
703 1146 890 1182 θαυμάζεσθαι
905 1148 954 1184 μὲν

170 1188 246 1224 παρὰ
272 1189 390 1221 πάντων,
416 1189 555 1216 ποθεῖσθαι
569 1190 596 1216 δὲ
614 1191 660 1217 καὶ
678 1191 753 1227 παρὰ
767 1190 821 1217 τῶν
844 1191 882 1226 μὴ
902 1191 953 1217 ἐω-

171 1234 292 1269 ρακότων
309 1235 400 1267 αὐτὸν,
414 1237 464 1271 τῆς
476 1236 576 1272 ἀρετῆς
591 1237 696 1272 καὶτῆς
711 1236 850 1271 θεοφιλοῦς
871 1237 952 1264 αὑτοῦ

167 1281 257 1317 ψυχῆς
277 1283 335 1309 ἐστι
364 1283 517 1319 γνώρισμα.
535 1284 572 1311 Οὐ
594 1284 649 1319 γὰρ
666 1285 698 1310 ὲκ
719 1285 951 1320 συγγραμμάτων,

167 1327 228 1353 οὐδὲ
239 1328 271 1354 ὲκ
282 1327 332 1362 τῆς
346 1327 443 1360 ἔξωθεν
461 1329 565 1363 σοφίας,
580 1329 641 1355 οὐδὲ
657 1329 701 1356 διὰ
711 1338 771 1356 τινα
786 1329 894 1365 τέχνην.
908 1330 952 1357 διὰ

166 1371 195 1398 δὲ
213 1372 296 1408 μόνην
313 1372 465 1400 θεοσέὁειαν
492 1375 506 1400 ὁ
531 1373 670 1406 Ἀντώνιος
686 1374 849 1410 ἐγνωρίσθη.
867 1375 952 1403 Τοῦτο

167 1418 196 1445 δὲ
219 1419 256 1451 ὡς
268 1420 336 1446 Θεοῦ
351 1419 436 1455 δῶρον
449 1421 498 1447 οὐκ
515 1421 547 1448 ἄν
561 1430 602 1453 τις
615 1421 773 1457 ἀρνήσαιτο.
792 1422 878 1449 Πόθεν
897 1423 952 1459 γὰρ

167 1466 266 1498 εἰςτὰς
280 1466 398 1498 Σπανέας
424 1466 480 1502 (21)
501 1468 548 1493 καὶ
564 1468 603 1499 εἰς
622 1467 671 1498 τὰς
685 1466 808 1499 Γαλλίας,
832 1469 890 1500 πῶς
911 1470 951 1502 εις

165 1511 216 1548 τὴν
235 1512 344 1548 Ῥώμην
360 1513 407 1539 καὶ
426 1512 475 1548 τὴν
494 1513 634 1548 Ἀφρικὴν,
649 1514 677 1539 ὲν
693 1513 750 1549 ὄρει
761 1514 949 1550 κεκρυμμένος

167 1558 214 1585 καὶ
230 1558 382 1594 καθήμενος
396 1559 526 1594 ἠκούσθη,
544 1560 567 1585 εἰ
584 1559 621 1595 μὴ
635 1561 649 1586 ὁ
664 1559 729 1591 Θεὸς
743 1556 787 1594 ἦν,
807 1561 821 1586 ὁ
845 1568 948 1587 παντα-

166 1604 214 1640 χοῦ
226 1605 287 1636 τοὺς
308 1605 403 1631 ἑαυτοῦ
420 1605 559 1641 γνωρίζων
572 1605 741 1641 ἀνθρώπους,
754 1607 768 1633 ὁ
783 1607 830 1633 καὶ
850 1606 948 1632 Ἀντω-

166 1650 214 1686 νίῳ
227 1650 303 1677 τοῦτο
313 1650 383 1678 κατὰ
391 1650 440 1686 τὴν
456 1650 542 1686 ἀρχὴν
554 1651 785 1687 ἐπαγγειλάμενος
796 1661 803 1685 ;
818 1651 878 1679 Κᾶν
892 1651 946 1687 γὰρ

166 1695 242 1722 αὐτοὶ
254 1695 450 1731 κεκρυμμένως
462 1695 612 1732 πράττωσι,
629 1697 679 1723 κᾶν
697 1697 835 1725 λανθάνειν
850 1697 948 1724 ἐθέλω-

167 1747 209 1766 σιν
220 1748 227 1756 ’
242 1739 299 1766 ἀλλ’
312 1741 326 1766 ὁ
339 1739 441 1776 Κύριος
457 1740 554 1772 αὐτοὺς
570 1741 608 1772 ὡς
621 1741 733 1777 λύχνους
753 1742 872 1770 δείκνυσι
897 1744 948 1770 πᾶ-

167 1792 220 1818 σιν,
238 1785 281 1811 ἴνα
298 1785 345 1812 καὶ
364 1785 450 1818 οὕτως
465 1786 490 1812 οἱ
510 1787 652 1819 ἀκούοντες
665 1787 819 1822 γινώσκωσι
835 1790 948 1822 δυνατὰς

166 1827 233 1857 εἶναι
254 1830 302 1862 τὰς
325 1831 434 1863 ἐντολὰς
448 1832 488 1864 εἰς
502 1832 532 1859 τὸ
553 1833 714 1868 κατορθοῦν,
735 1834 781 1861 καὶ
797 1834 877 1870 ζῆλον
895 1836 945 1870 τῆς

165 1875 208 1901 ἀπ’
221 1875 320 1912 ἀρετὴν
333 1876 393 1903 ὀδοῦ
406 1877 573 1912 λαμϐάνωσι.

1007 863 1136 898 grandem
1154 864 1228 892 senis
1242 869 1356 892 aetatem.
1371 864 1488 893 Pedibus
1503 869 1593 893 autem
1607 867 1790 895 manibusnuu

1006 917 1090 936 sanus
1114 910 1226 937 omnino
1253 911 1411 945 permansit,
1437 916 1464 939 ct
1483 919 1549 939 sane
1574 913 1712 944 omnibus,
1743 914 1790 948 qui

1006 955 1090 982 variis
1101 955 1191 987 'cibis,
1209 955 1366 988 lotionibus,
1391 957 1528 992 variisque
1544 958 1666 986 vestibus
1681 964 1791 986 ult-ren—

1005 1005 1060 1033 tur,
1077 1001 1196 1036 vegetior
1219 1002 1375 1036 apparebat,
1400 1006 1482 1037 atque
1504 1003 1617 1030 omnino
1640 1004 1788 1032 robustior.

1005 1046 1083 1080 Quod
1108 1052 1199 1075 autem
1226 1049 1328 1083 ubique
1352 1047 1424 1076 fama
1446 1049 1506 1084 ejus
1519 1054 1663 1085 pervagata
1688 1049 1788 1083 fuerit.

1004 1094 1076 1128 quod
1090 1094 1216 1121 omnibus
1242 1094 1426 1126 admirationi,
1441 1094 1529 1129 iisque
1547 1095 1629 1122 etiam
1647 1095 1694 1130 qui
1717 1103 1789 1123 nun-

1004 1147 1086 1174 quam
1101 1139 1240 1167 hominem
1255 1140 1386 1168 vidissent
1408 1140 1544 1168 desiderio
1560 1140 1661 1168 fuerit:
1680 1141 1707 1168 id
1724 1148 1790 1168 sane

1005 1185 1077 1213 illius
1100 1186 1209 1213 virtutis
1230 1186 1382 1221 animaeque
1405 1187 1458 1214 Deo
1485 1187 1576 1214 chara:
1597 1191 1788 1222 argumentum

1003 1236 1055 1259 est.
1069 1231 1247 1267 Nequaquam
1263 1233 1335 1259 enim
1349 1233 1458 1268 scriptis
1473 1233 1540 1266 suis,
1555 1241 1610 1260 non
1626 1233 1719 1268 gentili
1745 1241 1789 1261 sa-

1003 1278 1115 1312 pientia,
1131 1285 1185 1305 non
1204 1278 1295 1312 aliqua
1310 1281 1379 1311 arte,
1396 1279 1443 1306 sed
1467 1280 1524 1307 sola
1541 1287 1605 1315 erga
1629 1280 1715 1308 Deum
1729 1281 1789 1316 pie-

1003 1326 1057 1349 tate
1074 1322 1188 1349 celebris
1204 1321 1255 1349 fuit
1268 1323 1413 1351 Antonius.
1430 1323 1510 1356 Quod
1530 1332 1596 1352 sane
1611 1325 1713 1352 donum
1727 1333 1789 1353 esse

1004 1370 1050 1397 Dei
1068 1377 1147 1397 nemo
1161 1374 1206 1398 eat
1222 1370 1338 1399 inficias.
1354 1370 1432 1399 Unde
1445 1372 1519 1399 enim
1543 1371 1570 1399 in
1584 1371 1740 1408 Hispanias,
1759 1373 1788 1400 in

1002 1414 1113 1447 Gallias,
1129 1414 1255 1449 Romam,
1269 1416 1296 1443 in
1312 1415 1442 1449 Africam,
1456 1417 1482 1443 in
1499 1422 1591 1444 monte
1617 1417 1726 1445 latentis
1738 1418 1786 1445 de-

1002 1461 1144 1496 gentisque
1168 1461 1219 1488 viri
1235 1460 1306 1488 fama
1331 1461 1419 1489 delata
1445 1461 1537 1493 fuerit,
1555 1462 1607 1490 nisi
1624 1462 1696 1490 Deus
1722 1471 1788 1490 suos

1001 1505 1102 1541 ubique
1117 1510 1251 1533 terrarum
1267 1506 1355 1534 claros
1375 1511 1510 1542 notosque
1527 1507 1661 1541 redderet,
1677 1508 1722 1543 qui
1747 1509 1787 1535 id-

1001 1551 1091 1587 ipsum
1114 1551 1234 1579 Antonio
1259 1552 1310 1580 sub
1338 1552 1446 1579 initium
1475 1552 1615 1587 pollicitus
1641 1554 1706 1580 est?
1730 1553 1786 1581 Etsi

1000 1597 1072 1625 enim
1086 1597 1124 1625 illi
1135 1598 1239 1626 occulte
1253 1598 1364 1633 degunt,
1378 1598 1648 1634 cupiuntquelatere,
1666 1603 1785 1627 attamen

1000 1643 1061 1672 illos
1079 1643 1210 1672 Dominus
1223 1644 1300 1679 quasi
1316 1644 1442 1672 lucernas
1458 1645 1587 1672 omnibus
1600 1645 1710 1672 exhibet
1726 1655 1732 1672 :
1755 1650 1785 1672 ut

998 1690 1040 1718 his
1055 1690 1155 1718 auditis
1172 1691 1217 1718 alii
1230 1696 1396 1727 compertum
1409 1692 1536 1725 habeant,
1552 1691 1674 1720 sufﬁcere
1686 1700 1787 1727 praece-

998 1740 1042 1771 pta
1059 1735 1105 1763 Dei
1119 1737 1152 1764 ad
1168 1745 1211 1764 res
1225 1738 1353 1772 pmclare
1368 1737 1512 1773 gerendas,
1532 1742 1559 1765 et
1573 1738 1663 1766 studio
1678 1738 1711 1765 ad
1723 1738 1781 1773 pie—

1000 1782 1062 1810 tatis
1081 1782 1130 1810 iter
1147 1783 1342 1811 instituendum
1357 1783 1572 1811 inﬂammantur.

200 1919 243 1947 96.
263 1921 353 1948 Ταῦτα
372 1923 460 1949 τοίνυν
481 1924 536 1955 τοῖς
561 1924 611 1959 μὲν
624 1924 712 1956 ἄλλοις
736 1925 860 1960 ἀδελφοῖς
878 1927 945 1954 ἀνά-

1035 1926 1080 1954 94.
1095 1925 1158 1954 Haec
1170 1927 1262 1962 itaque
1272 1925 1333 1953 aliis
1345 1925 1455 1961 legitote
1468 1925 1608 1956 fratribus,
1620 1929 1650 1952 ut
1662 1925 1785 1953 ediscant

165 1975 261 2000 γνωτε,
279 1968 321 1995 ἵνα
339 1969 458 2004 μάθωσιν
473 1970 563 2001 ὁποῖος
584 1971 684 2004 ὀφείλει
705 1972 758 1998 τῶν
783 1973 906 2008 μοναχῶν
933 1974 947 1999 ὁ

1006 1973 1153 2008 :ujusmodi
1176 1973 1272 2000 debeat
1287 1980 1347 2000 esse
1363 1972 1560 2000 monachorum
1585 1972 1639 1998 vita
1666 1979 1697 1999 ac
1720 1979 1784 2006 per-

825 2026 947 2055 VERSIU
966 2026 1131 2055 EVAGRIL

165 2070 240 2110 nium
256 2071 282 2097 in
302 2071 413 2110 Autonii
427 2072 584 2110 muneribus
601 2073 772 2110 amplectitur
786 2085 792 2101 :
810 2078 836 2102 et
852 2078 982 2110 tanquam
1004 2082 1102 2110 magna
1120 2074 1277 2102 haereditate
1297 2074 1410 2104 ditatus.
1426 2074 1548 2100 lactanter
1564 2079 1612 2107 per
1635 2073 1782 2100 vestimen-

165 2105 552 2147 tum_reeordaturimagirtein
574 2105 746 2147 sanctitat_is._
845 2141 850 2147 _
1023 2142 1029 2147 _
1051 2105 1065 2110 ’”
1252 2142 1268 2147 η
1306 2145 1310 2147 _
1395 2141 1401 2147 ,
1438 2141 1444 2147 ,

199 2140 243 2167 95.
258 2139 307 2180 Hie
319 2141 429 2168 Antonii
445 2139 506 2168 vitae
518 2142 651 2180 terminus
668 2143 727 2180 fuit,
742 2143 792 2180 ista
812 2141 1132 2180 principia_meritorumk
1143 2149 1227 2180 τουτο
1252 2141 1456 2180 Περ-κροτοῇοιιὶ,
1470 2146 1498 2168 ut
1516 2142 1639 2176 praedixi,
1655 2149 1782 2169 sermone

164 2176 332 2212 narraverim
343 2195 351 2206 .
371 2180 465 2212 tamen
482 2183 515 2203 ex
531 2177 573 2204 his
590 2178 702 2211 potestis
728 2177 869 2205 advertere
883 2177 1000 2211 qualiter
1016 2177 1099 2204 homo
1116 2177 1163 2204 Dei
1177 2176 1204 2204 Va
1218 2176 1346 2212 'pueritia
1367 2177 1399 2203 ad
1421 2181 1558 2204 senectam
1579 2185 1667 2212 usque
1687 2185 1781 2211 perve-

166 2210 290 2238 nerit:et
306 2211 379 2247 quod
394 2211 468 2238 omni
479 2210 770 2246 semper’dubitatione
790 2210 902 2244 calcata,
926 2219 976 2240 nec
989 2212 1124 2247 languori,
1142 2219 1191 2239 nec
1214 2210 1344 2247 longame
1367 2212 1516 2246 quidquam
1536 2213 1608 2238 artati
1623 2210 1781 2246 aliquando

164 2246 339 2273 concesserit.
353 2245 438 2280 Magis
451 2251 539 2286 autem
554 2247 734 2286 aequalitatem
750 2247 883 2282 propositi
903 2251 1009 2286 tenens.
1035 2245 1085 2275 nec
1099 2245 1289 2286 vestimentum
1307 2245 1612 2286 _muta_v.it,’nec_pedes
1631 2245 1706 2286 lavit,
1730 2254 1781 2274 nec

163 2287 254 2323 escam
266 2284 439 2321 sectatusest
456 2281 606 2309 molliorem
622 2290 628 2308 :
644 2281 786 2323 oculorum
800 2289 910 2316 quoque
926 2283 1026 2322 aciem,
1039 2287 1066 2310 et
1082 2282 1372 2323 numerumndentium,
1389 2281 1450 2323 licet
1461 2282 1600 2323 paululum
1615 2283 1649 2309 ob
1670 2286 1779 2309 aetatem

164 2316 321 2357 viderentur
334 2315 430 2356 attriti,
445 2323 551 2357 necnon
565 2321 596 2357 'et
611 2318 709 2357 pedum
728 2315 877 2348 incessum,
895 2318 978 2344 totius
992 2317 1211 2357 etia_m_corporis
1228 2317 1394 2357 firmitatem,
1418 2315 1568 2357 it'a'contra
1588 2316 1649 2357 jura
1663 2322 1778 2357 'natura:

164 2351 322 2391 meritorum
339 2351 423 2391 gratia
441 2351 595 2391 custodivit,
608 2357 636 2379 ut
651 2353 787 2391 lautorum
801 2360 957 2386 corporum,
973 2360 1033 2386 quas
1042 2352 1147 2391 balneis
1166 2356 1246 2386 atque
1264 2352 1368 2391 deliciis
1383 2351 1704 2391 confoventur,_hilarior
1718 2351 1779 2386 ejus

164 2391 228 2422 caro
240 2385 384 2422 videretur.
398 2384 455 2413 Hoc
469 2387 562 2416 etiam.
581 2387 688 2420 fratres,
712 2387 783 2422 quod
799 2384 857 2422 per‘
869 2395 965 2414 omnes
981 2384 1134 2421 provincias
1156 2384 1232 2414 amor
1259 2386 1319 2421 ejus
1336 2386 1462 2421 famaque
1474 2386 1607 2422 volitavit.
1626 2394 1707 2422 quem
1726 2384 1777 2413 nec

164 2396 228 2412 caro
240 2396 384 2412 \‘luCl‘Clul'.
398 2396 455 2413 "DC
469 2396 562 2416 etlam.
581 2396 688 2420 tratres,
732 2396 783 2415 ιιοα
799 2396 846 2422 per
869 2396 965 2414 omnes
981 2396 1134 2421 provmctas
1156 2396 1232 2414 amor
1259 2396 1319 2421 ejus
1336 2396 1462 2421 tamaque
1474 2396 1607 2415 νοιιιιινιῐ.
1626 2396 1707 2422 quem
1726 2396 1777 2413 nec

164 2420 547 2462 librorumndisseminatorum
561 2422 649 2450 oratio
660 2396 808 2462 luctiienta,
823 2422 1029 2462 necmundanze
1045 2422 1185 2462 sapientia:
1196 2421 1423 2462 “disputatioLnec
1435 2421 1573 2462 nobilitas
1593 2422 1710 2462 sciret-is,
1727 2429 1777 2449 nec

163 2462 247 2491 opum
258 2455 362 2482 infinita
375 2456 511 2491 congestio
525 2458 734 2490 commendavit,
747 2458 790 2485 cui
805 2457 925 2484 omnium
942 2465 989 2484 ore
1007 2461 1048 2484 est
1060 2455 1263 2489 ascribettdurn,
1282 2457 1332 2484 nisi
1350 2456 1471 2487 Christo,
1496 2457 1574 2491 cujus
1597 2455 1649 2483 hoc
1674 2458 1777 2484 donum

163 2490 223 2517 est?
234 2490 285 2524 Qui
301 2491 413 2527 devotos
426 2494 485 2526 ejus
497 2492 604 2519 animos
620 2500 683 2527 erga
695 2501 771 2520 suam
784 2493 932 2527 praevidens
946 2493 1125 2527 majcstatem.
1139 2492 1276 2519 hominem
1292 2492 1344 2518 alio
1357 2499 1424 2526 pene
1434 2492 1498 2519 orbe
1512 2490 1641 2522 celatum,
1661 2496 1688 2519 et
1707 2493 1778 2519 inter

162 2529 252 2567 tantas
264 2526 383 2566 positum
395 2526 690 2567 solitudines-Africa,
709 2526 857 2567 Hispaniae,
868 2527 971 2567 Galliae,
987 2526 1080 2567 Italiae,
1096 2527 1213 2567 Illyrico,
1226 2527 1280 2567 ipsi
1296 2527 1392 2567 etiam,
1405 2534 1466 2567 qua;
1486 2527 1595 2567 urbium
1622 2531 1704 2567 caput
1723 2531 1776 2559 est.

162 2559 307 2596 Romaniut
319 2561 346 2588 in
363 2561 476 2589 evordio
492 2562 664 2596 promiserat,
676 2559 881 2589 demonstravit.
897 2562 1034 2590 Creatoris
1048 2568 1090 2589 est
1106 2559 1157 2589 ista
1172 2559 1333 2596 benignitas,
1347 2562 1394 2595 qui
1415 2559 1532 2589 famulos
1552 2569 1627 2593 suos,
1648 2559 1709 2589 licet
1726 2569 1776 2589 no-

160 2595 258 2628 lentes,
275 2596 420 2623 nobilitare
431 2595 582 2628 consuevit,
597 2602 626 2625 ut
642 2599 728 2625 virtus
744 2597 881 2632 possibilis
906 2605 956 2624 nec
979 2602 1054 2625 extra
1081 2598 1227 2624 humanam
1238 2595 1304 2624 esse
1321 2602 1446 2623 naturam
1469 2601 1626 2624 sanctorum
1643 2597 1777 2626 doceatur

159 2631 303 2674 exemplis,
317 2631 391 2672 et_ad
412 2632 495 2674 beatae
509 2634 569 2674 vita:
583 2631 760 2674 imitationem
779 2640 812 2660 ex
828 2632 917 2674 fructu
933 2633 1169 2674 laborisnoptimtts
1185 2632 1302 2674 quisque
1318 2632 1490 2674 impellimur.
1559 2667 1566 2674 ‘
1578 2668 1594 2674 __
1627 2667 1633 2674 I
1699 2666 1728 2674 Ν
1755 2667 1762 2674 η

196 2666 241 2693 94.
259 2666 337 2694 Hunc
350 2667 442 2702 itaque
457 2667 586 2695 fratribus
600 2668 698 2695 librum
712 2675 875 2703 magnopere
897 2667 985 2702 legere
1009 2666 1175 2703 (ﬂicurate
1191 2666 1201 2694 ἱ
1216 2673 1246 2693 ut
1265 2667 1353 2702 agnita
1368 2666 1439 2694 fideli
1457 2667 1510 2694 vita
1525 2667 1683 2695 sublimium
1697 2666 1780 2695 Chri-

1029 2724 1085 2759 (⁸21)
1098 2723 1272 2752 Colbertinus
1287 2724 1436 2756 secundus,
1451 2724 1598 2756 Ἱσπανίας.

1028 2759 1084 2795 (‘22)
1105 2760 1151 2786 Sic
1165 2766 1230 2786 mss.
1247 2759 1316 2785 Editi
1333 2766 1407 2795 vero,
1425 2759 1563 2795 perlegere.
1580 2759 1651 2788 Infra
1666 2781 1673 2793 ,
1697 2759 1778 2788 Chri-

993 2794 1140 2823 stianorum
1156 2796 1232 2822 deest
1248 2795 1274 2822 in
1288 2794 1381 2822 multis
1395 2794 1598 2830 manuscriptis.

197 2720 258 2759 (ΞΟ)
276 2723 342 2751 Post
368 2723 474 2759 βλέπων
500 2724 637 2759 legebatur
660 2733 701 2756 τις
723 2725 750 2751 ἱη
768 2725 869 2756 editis;
892 2725 940 2752 sed

160 2758 239 2795 deest
253 2758 279 2785 in
290 2758 383 2795 multis
392 2758 595 2795 manuscriptis.
605 2759 706 2795 Regius
717 2761 852 2787 secundus
863 2761 938 2788 solus

160 2793 219 2821 haec
234 2793 260 2819 in
275 2793 372 2829 plurali
387 2793 625 2829 βλέποντεςαὺτά,
645 2793 672 2822 ἐι
689 2800 785 2823 caetera
801 2795 936 2823 similiter.
