1954 3041
191 83 243 111 975

473 83 501 110 S.
520 81 705 110 ATHANASII
724 82 798 110 OPP.
819 82 910 110 PARS
927 81 947 109 Ι.
967 96 1002 102 -
1022 80 1207 109 HISTORICA
1228 81 1272 108 ET
1291 80 1503 109 DOGMATICA.

1748 81 1802 108 976

189 132 302 170 stﬂsum
316 141 435 169 habeam.
446 141 588 168 Dominum
611 146 638 169 et
662 140 830 168 Salvatorem
847 145 969 167 nostrum

1023 138 1079 173 βίος
1099 136 1179 171 εἶναι,
1197 140 1244 166 καὶ
1264 138 1421 170 πεισθῶσιν,
1439 139 1480 165 δτι
1492 140 1506 165 ό
1523 138 1623 174 Κύριος
1643 138 1689 164 καὶ
1709 138 1805 175 Σωτὴρ

190 187 284 216 Iesum
307 187 456 219 Christum,
482 195 529 215 eos
552 187 599 223 qui
622 187 672 214 sibi
689 187 803 222 gloriam
829 185 972 214 tribuerint

191 232 278 268 gloria
295 232 457 260 donaturum
471 240 478 258 :
492 239 593 267 eosque
609 231 654 266 qui
672 230 707 259 ad
724 232 804 258 linem
818 237 905 265 usque
919 229 971 264 ipsi

191 278 323 310 serviunt,
341 285 396 304 non
410 277 497 304 solum
515 277 541 304 in
565 284 677 312 regnum
694 275 825 303 cmlorum
843 275 973 302 deductu-

192 331 265 355 rum,
277 322 324 350 sed
344 323 387 350 hic
399 330 507 358 quoque
521 322 627 349 tametsi
643 322 754 354 lateant,
779 326 972 355 secessumque

191 372 346 404 properent,
372 369 471 401 claros,
496 368 680 403 celebresque,
700 375 762 395 cum
787 366 895 394 virtutis
910 372 973 400 pro-

190 415 265 450 priae,
282 420 338 442 tum
354 415 448 442 aliena:
466 414 590 441 utilitatis
607 414 693 449 gratia
707 412 875 441 eliecturum.
894 411 972 445 Quod

189 461 213 488 si
227 469 261 488 ex
277 468 327 488 usu
343 461 368 487 id
384 468 445 487 esse
462 460 557 495 possit,
583 460 649 494 ipsis
665 459 782 486 ethnicis
797 459 905 494 legitote
919 467 925 485 :
943 462 973 484 ut

189 507 242 534 hoc
251 507 345 535 saltem
358 507 438 534 modo
452 511 566 534 noscant
581 505 725 533 Dominum
738 510 861 533 nostrum
879 504 972 532 Jesum

188 553 338 585 Christum,
353 560 407 580 non
434 553 515 579 modo
532 552 615 579 Deum
643 552 745 587 Deique
768 551 866 579 Filium
890 559 971 585 esse;

188 599 244 626 imo
261 598 432 626 Christianos
449 598 496 633 qui
512 598 601 633 ipsum
613 598 716 630 colunt,
733 597 830 632 pieque
846 597 873 624 in
895 598 972 625 illum

188 643 311 677 credunt,
341 644 489 676 daemones,
503 651 573 679 quos
593 643 679 671 Graeci
701 648 797 677 putant
811 651 873 671 esse
895 643 971 676 deos,

189 698 243 717 non
271 695 375 718 tantum
401 690 467 718 deos
482 697 536 718 non
551 698 613 717 esse
638 697 805 725 coarguere,
822 689 868 717 sed
890 690 972 717 etiam

189 736 294 764 calcare
305 741 386 771 atque
398 736 506 771 pellere,
515 736 592 771 quasi
606 736 764 770 deceptores
778 736 973 771 hominumque

187 787 371 817 corruptores,
397 783 425 809 in
451 781 561 809 Christo
583 781 647 809 Jesu
672 781 787 809 Domino
809 786 912 814 nostro,
927 781 971 808 cui

188 819 273 864 gloria
290 828 316 855 in
328 828 426 856 saecula
442 828 614 855 saeculorum.
629 828 725 854 Amen.

1022 184 1100 220 ἡμῶν
1119 184 1222 219 Ἰησοῦς
1237 184 1352 219 Χριστὸς
1370 185 1432 216 τοὺς
1448 184 1606 216 δοξάζοντας
1633 184 1712 211 αὑτὸν
1730 184 1807 217 δοξά-

1022 228 1074 261 ζει,
1086 229 1133 256 καὶ
1146 229 1208 261 τοὺς
1217 229 1389 261 δουλεύοντας
1405 229 1479 264 αὐτῷ
1496 229 1575 265 μέχρι
1597 229 1689 261 τέλους
1703 230 1733 256 οὺ
1757 230 1807 265 μό-

1021 283 1066 302 νον
1080 276 1121 306 είς
1134 275 1184 311 τὴν
1198 275 1337 310 βασιλείαν
1359 275 1420 310 ἄγει
1443 275 1497 302 τῶν
1518 274 1639 311 οὐρανῶν
1651 295 1658 307 ,
1674 275 1743 302 ἀλλὰ
1758 277 1807 303 καὶ

1022 321 1137 349 ἐνταῦθα
1151 321 1362 356 κρυπτομένους,
1377 322 1423 348 καὶ
1434 321 1630 354 σπουδάζοντας
1643 321 1805 358 ἀναχωρεῖν,

1023 367 1154 403 φανεροὺς
1170 367 1215 394 καὶ
1231 367 1388 403 διαϐοήτους
1414 367 1457 395 διά
1473 376 1502 394 τε
1525 368 1574 403 τὴν
1595 367 1694 404 ἀρετὴν
1717 368 1806 394 αὐτῶν

1023 413 1069 440 καὶ
1083 413 1132 448 τὴν
1151 413 1206 440 τῶν
1224 412 1310 440 ἄλλων
1335 412 1468 447 ὠφέλειαν
1493 412 1630 448 πανταχοῦ
1647 414 1729 440 ποιεῖ,
1745 412 1807 440 Ἐὰν

1022 459 1051 486 δὲ
1066 459 1145 494 χρεία
1166 459 1276 494 γένηται
1289 479 1297 491 ,
1321 459 1369 486 καὶ
1383 460 1438 490 τοῖς
1457 459 1573 490 ἑθνικοῖς
1587 459 1742 494 ἀνάγνωτε·
1762 460 1808 486 ἵνα

1023 504 1074 532 κᾶν
1095 505 1181 538 οὓτως
1208 506 1366 540 ὲπιγνῶσιν,
1386 506 1426 532 ὅτι
1450 506 1465 532 ὸ
1489 505 1590 542 Κύριος
1605 505 1683 541 ἡμῶν
1703 505 1808 541 Ἰησοῦς

1022 551 1138 586 Χριστὸς
1153 552 1183 578 οὐ
1200 552 1279 586 μόνον
1294 552 1353 578 ἐστὶ
1367 551 1433 583 Θεδς
1450 552 1497 578 καὶ
1509 551 1556 578 τοῦ
1570 551 1637 578 Θεοῦ
1651 551 1714 583 Υίός
1723 559 1731 567 ·
1748 551 1807 579 ἀλλ’

1022 598 1063 624 ὅτι
1077 598 1123 624 καὶ
1135 598 1160 624 οί
1175 598 1262 633 τούτῳ
1274 597 1393 633 γνησίως
1408 597 1594 629 λατρεύοντες,
1610 597 1657 624 καὶ
1670 597 1808 624 πιστεύον-

1022 652 1068 676 τες
1085 645 1124 676 εἱς
1140 644 1221 671 αὐτὸν
1241 644 1370 676 εὐσεϐῶς,
1392 644 1455 676 τοὺς
1472 643 1612 679 δαίμονας,
1628 643 1675 675 οὒς
1689 643 1764 670 αὐτοὶ
1781 643 1808 670 οι

1023 690 1153 726 Ἕλληνες
1166 691 1320 727 νομίζουσιν
1335 688 1403 717 εἶναι
1423 690 1512 723 θεοὺς,
1523 690 1633 722 τούτους
1645 692 1669 717 oi
1680 691 1809 726 Χριστια-

1022 738 1063 764 νοὶ
1079 737 1243 773 ἐλέγχουσιν,
1269 737 1300 763 οὑ
1327 737 1406 773 μόνον
1429 737 1466 772 μὴ
1484 734 1553 763 εἶναι
1574 736 1661 768 θεοὺς,
1678 736 1744 764 ἀλλὰ
1759 737 1808 763 καὶ

1023 783 1138 810 πατοῦσι
1151 782 1197 810 καὶ
1211 782 1363 813 διώκουσιν,
1378 780 1416 813 ὼς
1430 781 1547 813 πλάνους
1560 782 1607 809 καὶ
1621 782 1739 817 φθορέας
1752 781 1807 808 τῶν

988 815 1009 844 Β
1028 828 1179 865 ἀνθρώπων
1201 828 1395 863 τυγχάνοντας,
1412 827 1441 853 ἐν
1455 827 1566 863 Χριστῷ
1590 815 1680 864 Ἰησοῦ.
1695 827 1733 863 τῷ
1748 828 1806 855 Κυ-

188 875 239 910 ρίῳ
251 874 340 910 ἡμῶν.
355 870 377 908 ᾧ
393 875 411 909 ἡ
425 874 488 906 δόξα
509 873 548 905 εἰς
566 874 630 905 τοὺς
653 873 753 905 αίῶνας
769 874 822 901 τῶν
847 873 961 901 αἰώνων.
986 875 1082 910 Ἀμήν.

853 974 981 1003 VERSIU
999 974 1150 1003 EVAGRll.

187 1053 338 1090 stianorum
352 1053 599 1090 etmonachorum,
615 1055 713 1087 sciant,
725 1053 797 1086 quod
807 1052 942 1090 Salvator
957 1057 1051 1090 noster
1073 1051 1154 1090 Iesus
1166 1052 1293 1090 Christus
1305 1053 1488 1090 gloriﬁcantes
1504 1062 1534 1082 se
1547 1054 1693 1090 gloriﬁcat,
1705 1059 1732 1083 et
1744 1063 1800 1083 ser-

187 1088 323 1125 }‘ientibus
338 1088 458 1125 sibimet.
474 1097 528 1116 non
544 1093 650 1125 tantum
667 1097 748 1124 regna
763 1088 967 1125 ctelorum,’sed
979 1089 1068 1125 _etiam
1084 1088 1128 1125 hic
1149 1089 1182 1125 in,
1203 1089 1281 1125 ipsis
1293 1089 1426 1116 montium
1444 1088 1560 1118 secretis
1573 1091 1657 1118 latere
1673 1092 1807 1125 cupienti-

186 1123 239 1151 bus
252 1143 259 1155 ,
282 1123 365 1161 fama;
379 1124 473 1161 tribuit
487 1124 653 1151 nobilitatem
669 1134 686 1161 :7
698 1122 801 1161 scilicet
817 1127 848 1161 ut
867 1128 894 1150 et
908 1124 960 1158 ipsi
970 1122 1104 1161 fruantur
1121 1123 1201 1150 laude
1216 1124 1387 1161 meritorum,
1400 1129 1426 1152 et
1439 1126 1530 1152 caeteri
1541 1133 1636 1161 eorum
1652 1122 1805 1161 provocen—

182 1163 232 1194 ζω-
247 1159 387 1194 exemplis.
403 1158 431 1186 Si
445 1164 535 1186 autem
554 1160 738 1187 necessarium
752 1158 847 1194 luerit,
862 1163 889 1186 et
904 1159 1029 1194 gentibus
1046 1158 1136 1192 legite,
1150 1163 1181 1185 ut
1195 1159 1235 1186 vel
1248 1159 1289 1186 sic
1303 1164 1453 1194 agnoscant
1474 1161 1538 1194 quia
1562 1158 1693 1189 Domitius
1712 1166 1806 1188 noster

186 1192 403 1222 Jews-.Christus
426 1202 480 1221 non
493 1195 581 1222 solum
596 1199 638 1222 est
654 1194 734 1226 Deus,
749 1193 796 1221 Dei
816 1192 915 1225 Filius,
929 1194 976 1221 sed
999 1193 1083 1220 etiam
1097 1194 1147 1229 his
1167 1194 1214 1228 qui
1227 1201 1289 1221 eum
1302 1192 1417 1222 sollicite
1433 1192 1536 1229 colunt,
1555 1200 1583 1224 et
1595 1197 1621 1223 in
1638 1204 1701 1223 eum
1716 1196 1805 1223 ﬁdeli—

183 1229 370 1266 ter_credunt,
390 1230 461 1256 hanc
477 1230 754 1266 deditrpotestatem,
770 1234 801 1256 ut
818 1229 975 1266 dtemones,
999 1235 1069 1266 quos
1096 1228 1135 1266 illi
1157 1229 1223 1266 deos
1241 1237 1306 1266 esse
1313 1230 1507 1266 _arbitrantur,
1535 1231 1700 1259 conculcent
1725 1236 1807 1266 atque

187 1264 325 1299 dejiciant,
342 1265 501 1300 deceptores
517 1265 620 1293 scilicet
635 1265 786 1297 hominum,
799 1269 826 1292 et
844 1264 927 1292 totius
947 1263 1136 1298 corruptionis
1147 1264 1266 1293 artiﬁces
1282 1264 1352 1300 (‘25).

625 1421 829 1454 ΕΜιοοω
852 1421 1033 1453 ΕγΑθιυΙ
1052 1420 1357 1453 INTERPRETIS.

219 1508 300 1545 693
315 1507 407 1543 Itaque
417 1506 578 1543 prudentes.
592 1506 641 1541 qui
665 1505 754 1541 legere
768 1504 904 1532 voluerint
925 1505 997 1532 hanc
1018 1504 1193 1539 scripturam,
1208 1503 1394 1537 obsecramus,
1416 1508 1446 1532 ut
1464 1503 1528 1532 dent
1549 1505 1667 1540 veniam,
1680 1506 1703 1534 si
1719 1505 1805 1534 (ιι-εςί

185 1556 320 1583 sermonis
344 1556 398 1582 vim
421 1555 575 1590 exprimere
598 1561 653 1581 non
677 1553 827 1588 potuimus,
850 1551 1047 1580 transferentes
1066 1559 1130 1579 eum
1150 1552 1178 1579 in
1198 1550 1323 1579 Latinam
1345 1552 1476 1587 linguam,
1494 1552 1557 1580 licet
1571 1557 1667 1582 contra
1683 1560 1805 1582 nostrum

185 1604 353 1639 propositum
370 1603 427 1630 haec
439 1601 593 1629 fecerimus.
609 1600 662 1629 Sed
675 1608 730 1628 non
748 1600 825 1636 quasi
843 1600 995 1627 invidentes
1009 1599 1169 1627 nolebamus
1189 1598 1289 1633 facere,
1309 1599 1356 1626 sed
1371 1598 1533 1627 sullic‘ienter
1546 1600 1662 1628 scientes
1679 1606 1806 1636 quantam

186 1650 370 1677 inﬁrmitatem
390 1649 507 1677 sustinet
521 1647 632 1675 Graecus
646 1655 736 1676 sermo
755 1647 903 1674 translatus
918 1647 947 1673 in
960 1645 1143 1678 Latinitatetn,
1165 1650 1256 1673 tamen
1273 1645 1420 1674 maluimus
1436 1645 1559 1674 Graecum
1581 1655 1734 1675 sermonem
1755 1648 1807 1675 hoc

185 1697 330 1727 sustinere,
349 1702 430 1730 quam
455 1693 576 1721 fraudem
601 1694 655 1728 pati
678 1701 725 1721 eos
743 1693 812 1720 lucri
833 1692 934 1724 deilici,
951 1692 998 1727 qui
1015 1692 1262 1727 quomodocunque
1282 1692 1488 1727 interpretatum
1511 1692 1635 1720 Graecum
1653 1701 1806 1722 sermonem

185 1743 273 1778 legere
286 1742 402 1777 possint.
421 1741 492 1768 Deus
508 1746 598 1768 autem
613 1741 792 1775 omnipotens,
806 1739 854 1776 qui
869 1743 945 1767 tanto
961 1739 1019 1766 viro
1041 1743 1202 1774 cooperatus
1220 1744 1261 1766 est
1277 1739 1310 1766 ad
1330 1738 1454 1766 facienda
1476 1739 1549 1772 talia,
1566 1744 1593 1767 et
1613 1740 1691 1768 nobis
1710 1747 1808 1775 coope-

184 1795 259 1818 retur
273 1790 306 1817 ad
324 1789 483 1817 imitandum
499 1790 588 1824 ipsum
603 1789 645 1816 vel
662 1796 693 1815 ex
712 1793 797 1823 parte,
816 1793 846 1815 ut
863 1787 891 1814 in
909 1787 1038 1814 omnibus
1055 1786 1219 1814 clariﬁcetur
1232 1794 1329 1814 nomen
1341 1786 1401 1821 ejus
1417 1794 1464 1821 per
1479 1787 1648 1821 magistrum,
1668 1792 1695 1815 et
1712 1789 1806 1815 horta-

185 1842 282 1870 torezn,
295 1840 321 1864 et
338 1836 555 1871 Redemptorcm,
569 1840 596 1863 et
614 1834 781 1862 Salvatorem
795 1837 920 1861 nostrum
940 1832 1034 1860 Jesum
1051 1831 1197 1859 Dominum
1212 1839 1274 1859 cum
1295 1831 1399 1867 Spiritu
1413 1838 1518 1865 sancto,
1534 1833 1579 1860 cui
1596 1837 1638 1860 est
1654 1833 1763 1862 claritas
1780 1839 1807 1862 et

184 1890 313 1921 perpetua
330 1889 448 1919 potestas
461 1886 489 1911 in
507 1884 605 1912 saecula
620 1884 791 1911 saeculorum.

224 1989 345 2022 Placuit
364 1989 561 2029 subjungere
576 1988 642 2020 duo
660 1988 798 2020 Socratis
814 1987 883 2020 loca
904 1989 1002 2060 (ἐιῗι.
1063 1999 1107 2027 tv,
1130 1999 1158 2022 c.
1175 1990 1215 2021 23
1230 1993 1262 2021 et
1276 1989 1340 2029 25),
1356 1999 1429 2030 qua;
1444 1991 1478 2022 in
1497 1991 1648 2022 omnibus
1669 1991 1767 2022 editis

936 2038 952 2060 ο
977 2037 1016 2059 en
1035 2038 1083 2060 ur.

936 2037 1083 2060 ἃΒΘΠῐῑΙΓ.

219 2093 258 2120 Ad
271 2093 374 2128 justum
391 2091 539 2119 Antonium
556 2091 666 2126 quidam
681 2091 741 2126 ejus
760 2073 890 2126 temporis
906 2087 983 2128 phi-‘

1053 2092 1098 2128 Τῷ
1110 2092 1206 2128 δικαίῳ
1221 2093 1353 2128 ’Δντωνίῳ
1368 2091 1503 2128 προσῆλθε
1514 2100 1556 2124 τις
1569 2093 1623 2120 τῶν
1637 2093 1735 2127 σοφῶν,
1748 2095 1806 2126 καὶ,

182 2140 312 2175 losophus
327 2138 458 2166 accedens
471 2145 479 2165 :
494 2137 646 2171 Quomodo,
662 2137 761 2172 inquit,
780 2138 869 2171 Pater,
885 2139 968 2166 vitam

183 2193 263 2221 agere
283 2185 370 2220 potes,
388 2184 520 2211 librorum
544 2183 640 2211 solatio
657 2184 823 2212 destitutus?
845 2183 931 2218 Meus,
951 2192 968 2212 ο

183 2229 353 2264 philosophe,
373 2228 452 2261 liber,
477 2228 566 2263 inquit
578 2228 732 2261 Antonius,
753 2233 795 2256 est
812 2234 909 2256 natura
924 2237 968 2257 re-

181 2283 243 2302 rum
261 2283 268 2302 :
285 2275 406 2310 mihique
422 2275 485 2302 licet
501 2274 608 2309 quoties
622 2274 744 2307 voluero,
766 2282 905 2303 sermones
919 2275 967 2303 Dei

183 2321 282 2355 legere.

217 2365 296 2394 Hunc
317 2365 460 2401 Didymum
483 2365 582 2393 dicitur
597 2365 732 2393 Antonius
752 2366 808 2401 jam
830 2366 895 2393 olim
909 2365 964 2394 Va-

181 2413 261 2440 lentis
278 2416 398 2446 tempore
414 2411 558 2444 allocutus,
575 2419 638 2438 cum
653 2411 816 2438 Arianorum
830 2419 913 2440 causa
930 2420 964 2439 ex

180 2466 273 2486 eremo
286 2458 475 2485 Alexandriam
488 2457 627 2485 descendit
639 2465 646 2483 :
659 2462 739 2492 atque
752 2457 803 2484 viri
818 2451 970 2492 prudentia;

181 2510 282 2537 gnarus
301 2502 403 2530 dixisse
418 2502 456 2529 illi
471 2512 477 2529 :
493 2501 576 2534 Nihil,
592 2509 609 2530 ο
630 2501 752 2537 Didyme,
764 2503 908 2530 conturbet
919 2503 965 2538 ja-o

180 2553 256 2575 ctura
280 2548 462 2583 corporalium
480 2548 621 2575 oculorum
642 2557 648 2575 :
665 2547 799 2582 ejusmodi
821 2549 893 2575 enim
918 2548 965 2575 de-

180 2594 293 2622 stitutus
316 2601 346 2622 es
363 2594 460 2622 oculis.
476 2594 576 2629 quibus
591 2601 693 2621 musca:
714 2598 741 2621 et
754 2593 857 2621 culices
874 2594 965 2622 videre

1019 2137 1081 2169 Πῶς
1094 2137 1281 2174 διακαρτερεῖς
1291 2158 1298 2170 ,
1315 2136 1406 2171 εἶπεν,
1419 2135 1441 2164 ὦ
1456 2138 1560 2173 πάτερ,
1577 2139 1626 2173 τῆς
1647 2139 1679 2165 ὲκ
1694 2138 1747 2164 τῶν
1765 2139 1805 2174 βι-

1019 2183 1100 2210 ϐλίων
1124 2182 1298 2218 παραμυθίας
1323 2183 1521 2218 ὲστερημένος;
1547 2178 1671 2218 Τὸὲμὺν
1694 2183 1806 2218 βιὸλίον,

1018 2229 1070 2264 ἔφη
1086 2230 1100 2255 ό
1116 2228 1266 2266 Ἀντώνιος,
1277 2225 1299 2255 ὦ
1313 2228 1478 2264 φιλόσοφε,ή
1496 2228 1574 2263 φύσις
1590 2228 1644 2255 τῶν
1658 2229 1807 2263 γεγονότων

1017 2275 1086 2302 ἐστί·
1106 2275 1152 2302 καὶ
1168 2275 1308 2310 πάρεστιν,
1324 2275 1368 2301 ὅτε
1378 2274 1516 2310 βούλομαι,
1526 2275 1589 2306 τοὺς
1599 2274 1693 2309 λόγους
1710 2275 1806 2308 ἀναγιυ

1019 2321 1134 2348 νὼσκειν
1148 2321 1211 2352 τοὺς
1223 2320 1270 2347 τοῦ
1287 2320 1364 2347 Θεοῦ.

1053 2366 1108 2402 (24)
1128 2365 1221 2401 Τούτῳ
1242 2365 1350 2400 λέγεται
1370 2366 1417 2392 καὶ⁸
1443 2365 1583 2392 ’Λντώνιον
1604 2365 1652 2401 ἤδη
1676 2366 1807 2402 πρότερον

1016 2412 1088 2440 κατὰ
1101 2412 1147 2439 τὸν
1161 2412 1309 2443 Οὐάλεντος
1323 2411 1418 2448 χρόνον
1427 2431 1435 2444 ,
1449 2411 1493 2437 ὅτε
1509 2411 1554 2438 διὰ
1568 2411 1632 2443 τοὺς
1651 2412 1806 2446 ’Δρειανοὺς

1016 2459 1045 2486 ἐν
1054 2459 1087 2493 τῇ
1105 2457 1289 2493 Ἀλεξανδρείᾳ
1304 2459 1336 2484 ὲκ
1349 2459 1399 2493 τῆς
1411 2458 1514 2493 ἐρήμου
1527 2458 1670 2492 κατῆλθεν,
1686 2459 1806 2495 ἐντυχεῖν

1015 2505 1054 2540 τῷ
1066 2504 1183 2540 Διδύμῳ,
1197 2505 1244 2530 καὶ
1259 2503 1376 2539 μαθόντα
1391 2504 1439 2539 τὴν
1454 2505 1501 2530 τοῦ
1522 2504 1618 2538 ἀνδρὸς
1633 2505 1748 2536 σύνεσιν,
1768 2505 1806 2530 εἰ-

1017 2551 1077 2577 πεῖν
1096 2550 1164 2585 πρὸς
1179 2550 1259 2577 αὐτόν
1269 2559 1276 2565 ·
1291 2550 1397 2584 Μηδὲν,
1411 2547 1434 2577 ὧ
1449 2550 1556 2585 Δίδυμε,
1571 2550 1726 2586 ταραττέτω
1741 2559 1771 2577 σε
1787 2552 1805 2586 ή

1017 2595 1071 2621 τῶν
1095 2595 1231 2631 αἰσθητῶν
1252 2595 1398 2631 ὀφθαλμῶν
1419 2595 1553 2631 ἀποϐολή·
1573 2597 1687 2622 τοιοῦτοι
1701 2595 1755 2632 γάρ
1775 2604 1803 2621 σε

217 2687 274 2721 (25)
290 2689 410 2716 Desmar.
430 2688 525 2719 codex,
547 2687 597 2713 700
617 2687 725 2714 circiter
741 2694 886 2722 nunerum,
902 2685 959 2722 haec
1012 2687 1120 2722 Evagrii
1135 2690 1248 2717 habetur
1261 2690 1286 2716 in
1303 2690 1362 2716 solo
1376 2689 1467 2716 Germ.
1480 2688 1507 2716 2.

181 2719 278 2758 habet:
295 2722 382 2758 Igitur
405 2726 495 2750 beatus
514 2723 643 2749 Antonius
659 2727 732 2749 sexta
745 2722 843 2748 decimo
859 2719 959 2747 Kalen-

1048 2724 1104 2758 (24)
1123 2724 1185 2752 [hec
1206 2725 1289 2752 refert
1305 2724 1484 2759 Hieronymus
1508 2723 1540 2750 ad
1568 2723 1746 2759 Casu-utinm.
1767 2738 1797 2755 «‘—

179 2759 228 2783 dua
247 2756 385 2784 Febritarii
398 2759 502 2785 recessit
518 2766 533 2784 a
551 2757 658 2788 saeculo,
671 2762 695 2783 et
708 2757 771 2783 vivet
789 2764 888 2818 εεηὲτει·
898 2764 958 2782 cum

179 2792 235 2818 Duo
249 2799 370 2818 recitante
382 2794 408 2818 in
424 2793 522 2818 meum
538 2792 706 2818 stt-culorum.
727 2793 819 2818 Amen.
857 2791 962 2818 pilosus

1022 2759 1073 2787 dox
1089 2756 1146 2795 lege
1162 2761 1202 2792 εἰς
1217 2761 1265 2795 τὴν
1284 2756 1495 2795 Ἀλεξάνδρειαν.
1509 2759 1588 2788 Εοιτ.
1604 2758 1722 2787 ΡΑτιοι..

179 2792 235 2819 Περ
249 2799 370 2828 regnante
382 2794 408 2820 in
424 2793 522 2820 :a‘culu
538 2792 706 2821 εατιιίυηιηι.
727 2793 819 2819 Amen.
834 2791 962 2826 Epilogus
